3896 6250
506 297 615 353 759

1628 300 1684 357 s.
1726 297 2039 355 MAXIMUS
2075 271 2542 356 muniamus.

3684 284 3787 336 πρ

502 408 647 475 justa
671 407 938 461 sententia
964 405 1261 472 colligatus,
1284 406 1339 460 in
1368 405 1637 460 interitum
1662 406 1850 461 mortis
1876 405 2083 461 demer-
2113 412 2153 465 ,ι
2185 408 2347 462 mersi
2378 415 2526 473 sunt,
2546 405 2599 461 id
2622 414 2706 461 est
2735 408 2785 460 in
2813 408 3295 474 congregationem
3336 400 3585 469 gentium
3611 398 3785 477 diver-

508 496 671 563 gitur.
702 492 871 560 Quam
918 494 1240 547 sententiam
1276 494 1431 549 molae
1459 494 1706 547 asinariae
1751 484 1985 549 maxime
2025 494 2080 549 in

508 587 709 657 populo
735 584 1035 641 Judacnrum
1090 584 1361 655 impletam
1406 584 1781 653 agnoscimus:
1825 584 1919 654 qui
1959 599 2079 640 cum

507 692 652 747 sepe
679 676 986 732 scandalum
1012 674 1268 729 adversus
1303 674 1589 729 Dominum
1609 682 1665 729 et
1686 674 1942 730 adversus
1966 674 2082 742 ejus

508 764 783 835 apostolos
811 764 1108 818 excitarent
1124 805 1139 827 ,
1169 763 1481 817 eorumdem
1507 762 1736 817 duorum
1763 761 2082 817 Testamen-

511 864 685 908 torum
704 852 907 925 auditu,
930 851 1075 907 velut
1099 850 1166 905 ad
1184 851 1347 924 692
1373 849 1643 920 quoddam
1670 850 1968 905 remedium
1993 864 2083 905 sa-

509 942 654 1008 lutis,
679 943 877 998 amisso
898 956 1064 1011 regno
1084 942 1328 1011 proprio,
1351 941 1403 995 in
1434 940 1753 1011 profundum
1781 941 1947 997 maris
1981 940 2079 995 dc-

2187 510 2368 551 sarum
2414 496 2674 566 dispersi;
2704 496 2871 564 quiin
2899 510 3087 551 errore
3114 492 3311 549 mundi
3334 490 3499 546 istius
3533 499 3783 558 tanquam

2189 586 2243 641 in
2263 585 2530 657 profundo
2549 586 2714 641 maris
2754 586 3085 651 inhabitant,
3112 586 3445 639 Creatorem
3473 578 3601 634 acii
3637 578 3787 643 igno-

2188 676 2357 732 rando
2384 677 2669 732 Dominum
2698 691 2763 732 ac
2780 675 3112 731 Salvatorem
3137 681 3394 729 nostrum
3421 668 3616 724 Jesum
3642 666 3787 721 Chrio

2186 774 2349 830 stum,
2370 767 2457 821 cui
2484 774 2566 822 est
2601 767 2747 821 salus
2781 773 2839 821 et
2864 765 3035 835 gloria
3082 764 3137 818 in
3180 762 3390 819 amcitia
3436 759 3779 816 sambucam-

2192 854 2385 911 Amen.

1921 1030 2187 1093 SEBMO
2228 1033 2417 1094 CXV.

1880 1124 1949 1182 In
1984 1129 2202 1186 adventu
2221 1130 2444 1187 divitum.

579 1219 807 1276 Vincere
831 1219 1126 1286 diabolum,
1152 1220 1269 1290 ipso
1289 1216 1615 1289 suffragante
1642 1218 1889 1285 Domino,
1913 1219 2089 1289 potuit

509 1310 812 1379 quicunque
839 1309 1091 1365 salutaria
1122 1308 1216 1362 Dei
1245 1317 1512 1378 pra-cepta
1532 1310 1804 1379 suspirans
1823 1307 2089 1364 studuerit

510 1413 730 1454 exosam
756 1398 962 1454 cunctis
991 1397 1206 1452 tumida:
1246 1399 1443 1453 mentis
1469 1414 1581 1452 sua:
1608 1397 1867 1453 inclinare
1894 1412 2083 1467 super-

511 1489 672 1553 bium,
697 1487 937 1543 radicem
952 1487 1215 1542 malorum
1234 1487 1493 1552 omnium,
1510 1488 1789 1542 avaritiam
1811 1501 2083 1551 coercere;

512 1578 782 1634 inimicam
800 1577 1063 1632 bonarum
1097 1578 1351 1632 virtutum
1378 1575 1653 1632 refrenare
1673 1576 1954 1641 luxuriam,
1985 1575 2086 1629 ho-

510 1682 646 1724 stem
674 1677 871 1723 sancte
897 1668 1157 1722 castitatis
1205 1668 1457 1722 invidiam
1506 1668 1773 1736 mitigare,
1799 1681 2083 1722 usurarum

509 1759 671 1814 etiam
698 1757 1002 1829 perniciosa
1042 1773 1151 1811 non
1187 1772 1370 1811 amare
1413 1757 1761 1827 compendia,
1809 1756 2087 1812 custodem

510 1848 657 1918 pacis
677 1847 938 1916 justitiam
957 1847 1269 1902 muneribus
1291 1861 1398 1901 non
1433 1861 1678 1915 gravare,
1708 1848 1867 1901 noxia
1896 1846 2087 1901 factio-

510 1955 637 1995 num
684 1939 907 1993 horrere
934 1945 1237 1993 commenta
1256 1978 1270 2001 ,
1295 1936 1580 2005 inglorium
1609 1946 1665 1992 et
1710 1952 2088 2004 nonnunquam
2120 1924 2165 1983 Β

2194 1230 2474 1276 cruentum
2503 1219 2721 1275 indebiti
2743 1219 2964 1276 honoris
2984 1217 3241 1272 ambitum
3261 1213 3566 1277 declinare,
3592 1212 3781 1266 incess-

2193 1309 2300 1365 tiva
2318 1306 2595 1365 discordia:
2612 1352 2629 1377 ,
2657 1311 3059 1366 contumeliosa:
3083 1309 3278 1375 lingua
3302 1306 3608 1361 maledicta
3631 1304 3781 1358 cohi-

2190 1403 2342 1469 bere,
2392 1401 2668 1456 mendacia
2696 1400 3067 1463 nihilominus,
3108 1413 3229 1467 qua
3254 1398 3421 1451 vitam
3470 1395 3781 1471 maculant,

2190 1492 2423 1547 animam
2470 1492 2774 1556 vulnerant,
2818 1489 3079 1544 amicitias
3123 1487 3417 1557 dissipant,
3458 1483 3781 1539 Christiano

2191 1582 2258 1637 ab
2278 1597 2372 1637 ore
2398 1582 2679 1651 repellere,
2706 1589 2866 1648 atque
2890 1579 2960 1632 ab
2997 1578 3245 1632 omnibus
3286 1572 3779 1645 superstitionibus

2189 1673 2485 1727 dmmonum
2536 1671 2904 1740 idolorumque
2965 1668 3293 1736 sacrilegiis,
3356 1680 3457 1735 per
3503 1678 3640 1733 quae
3700 1662 3779 1714 vel

2190 1766 2421 1820 maxime
2459 1763 2760 1832 benignitas
2795 1759 3180 1831 omnipotentis
3197 1757 3493 1813 oll’enditur
3519 1755 3647 1810 veri
3682 1754 3777 1806 Dei

2190 1870 2372 1911 amore
2393 1853 2666 1924 dill'ugere.

1901 2027 2169 2087 SERMO
2211 2027 2427 2090 CXVI.

1869 2122 1930 2175 In
1971 2126 2183 2176 adventu
2219 2124 2448 2178 divitum.

580 2215 681 2282 Qui
709 2215 853 2271 enim
876 2215 1107 2286 propriis
1135 2214 1377 2270 abundat
1398 2213 1574 2277 bonis,
1596 2212 1777 2268 'saaculi
1805 2212 2084 2267 thesauros

513 2322 620 2361 non
648 2304 889 2375 requirit.
908 2302 1057 2359 Bona
1085 2303 1226 2358 enim
1246 2301 1483 2373 propria,
1505 2302 1779 2366 honestas,
1799 2300 2082 2363 sobrietas,

511 2394 901 2460 misericordia,
951 2393 1188 2458 castitas,
1229 2407 1348 2460 qua:
1376 2393 1515 2446 bona
1553 2390 1699 2444 omni
1740 2405 1871 2443 auro
1916 2388 2085 2455 magis

509 2493 633 2542 sunt
660 2484 917 2555 pretiosa,
955 2490 1016 2537 ut
1058 2482 1263 2546 sciatis,
1304 2481 1429 2548 quia
1459 2479 1542 2533 his
1589 2478 1701 2547 ipsa
1730 2478 1917 2532 viliora
1958 2485 2084 2532 sunt

511 2574 748 2629 metalla.
775 2572 906 2627 Auri
935 2573 1135 2627 talenta
1163 2571 1277 2625 erui
1300 2578 1541 2639 possunt,
1564 2569 1769 2636 argenti
1796 2582 1919 2621 vasa
1944 2582 2087 2622 com-

510 2662 690 2735 parari
711 2670 953 2732 possunt,
984 2661 1238 2715 honestas
1264 2660 1376 2714 sola
1402 2674 1508 2713 non
1537 2666 1712 2727 potest
1740 2658 1885 2721 erui;
1919 2658 2086 2710 hone-

511 2761 625 2808 stas
652 2751 794 2806 enim
819 2765 929 2805 non
957 2749 1185 2812 eruitur,
1216 2746 1313 2803 sed
1334 2749 1644 2817 acquiritur,
1676 2746 1801 2816 quia
1831 2761 1935 2799 non
1958 2760 2087 2800 con-

513 2848 623 2896 stat
647 2840 841 2910 pretio,
869 2838 967 2895 sed
988 2839 1203 2896 virtute.
1228 2836 1308 2892 Tu
1335 2837 1495 2905 igitur
1514 2838 1603 2906 qui
1618 2852 1803 2890 aurum
1826 2834 2082 2905 possides,

513 2929 559 2986 si
580 2928 777 2998 placet,
808 2928 953 2983 bona
979 2928 1207 2982 invicem
1237 2925 1590 2980 conferamus.
1608 2925 1686 2978 Tu
1713 2940 1835 2980 cum
1864 2938 2087 2994 peregre

514 3016 891 3089 proﬁcisceris,
909 3016 1144 3070 thesauri
1165 3016 1241 3069 tui
1260 3014 1708 3078 domiremanent,
1724 3015 1911 3082 quibus
1930 3013 2086 3080 longe

516 3123 548 3160 a
579 3115 632 3161 te
658 3106 846 3176 positis
873 3120 1086 3173 semper
1111 3104 1396 3174 trepidare,
1424 3113 1479 3159 et
1505 3120 1716 3174 semper
1740 3104 1971 3158 incertus
2003 3117 2083 3168 es,

521 3212 609 3258 uc,
627 3210 751 3252 cum
768 3194 986 3249 domum
1004 3194 1246 3256 redieris,
1266 3209 1372 3248 non
1392 3193 1589 3248 habeas
1599 3209 1715 3262 qua:
1739 3193 1991 3247 habebas.
2007 3191 2084 3245 lta
2112 3186 2157 3246 C

2185 2213 2308 2268 dum
2320 2226 2530 2281 semper
2542 2211 2881 2265 amissionem
2894 2222 3079 2263 eorum
3095 2205 3309 2270 metuis,
3325 2204 3473 2274 apud
3484 2205 3778 2259 eousciem

2186 2306 2315 2360 tiam
2336 2311 2481 2357 tuam
2509 2300 2679 2355 nudus
2704 2307 2759 2354 et
2777 2314 2979 2369 pauper
2998 2312 3078 2351 es.
3096 2294 3207 2365 Ego
3228 2304 3411 2350 autem
3438 2309 3777 2363 quocunque

2187 2396 2321 2461 iero,
2345 2404 2477 2448 mea:
2488 2390 2683 2446 divitiae
2698 2405 2781 2444 me
2794 2395 3103 2457 sequuntur,
3122 2400 3222 2441 nec
3234 2384 3478 2454 separari
3494 2400 3523 2437 a
3536 2398 3632 2437 me
3645 2399 3775 2453 pos-

2186 2495 2308 2543 sunt
2328 2486 2491 2553 bona,
2519 2483 2770 2555 quoniam
2797 2499 2906 2537 non
2932 2490 3145 2536 terreno
3170 2494 3361 2549 specu,
3382 2477 3480 2532 sed
3510 2478 3777 2531 thesauro

2187 2575 2419 2645 pectoris
2446 2575 2760 2629 retinentur.
2782 2570 2864 2625 Tu
2888 2585 3010 2625 cum
3034 2568 3240 2625 recedis
3276 2583 3306 2621 a
3353 2566 3573 2629 saeculo,
3610 2564 3777 2618 relin-

2191 2664 2401 2735 quendo
2423 2672 2541 2719 tuas
2559 2662 2788 2729 divitias,
2816 2657 3108 2730 perdidisti;
3130 2672 3231 2726 ego
3258 2666 3471 2720 autem,
3494 2672 3621 2711 cum
3641 2654 3777 2708 mihi

2188 2755 2255 2809 de
2280 2755 2384 2809 hoc
2408 2753 2607 2807 mundo
2635 2754 2864 2821 migrare
2879 2750 3161 2819 contingit,
3183 2748 3396 2804 divitias
3414 2762 3564 2802 meas
3587 2747 3661 2800 ad
3680 2760 3775 2814 pa-

2188 2843 2422 2899 radisum
2441 2843 2611 2906 veho;
2634 2849 2756 2896 tuas
2779 2840 2990 2897 divitias
3008 2847 3131 2909 post
3148 2846 3405 2902 mortem,
3421 2835 3682 2905 exemplo
3712 2835 3774 2889 il«

2190 2935 2289 2989 lius
2316 2933 2590 3003 purpurati
2616 2932 2811 2999 divitis,
2833 2931 2968 3000 ignis
2987 2938 3043 2985 et
3068 2929 3304 2985 tenebrze
3328 2929 3771 2997 subsequuntur;

2190 3038 2335 3078 meas
2359 3021 2588 3086 divitias,
2619 3020 2863 3090 exemplo
2889 3018 3097 3083 Lazari,
3127 3018 3275 3072 sinus
3303 3015 3537 3070 Abrahm
3557 3023 3616 3069 et
3644 3015 3773 3069 bea-

2187 3111 2356 3166 titudo
2381 3111 2649 3176 suscipiet.

1851 3388 2478 3493 ADDENDA.

2006 3549 2326 3561 *-

595 3690 715 3744 iam
742 3688 885 3757 quod
922 3689 977 3743 in
1002 3686 1214 3757 schedis
1240 3688 1421 3742 omissi
1444 3696 1623 3757 essent
1659 3701 1933 3740 sermones
1970 3598 2556 3757 ἒυῗΜίξῗὶΕιξζξοοειθ,
2586 3693 2640 3757 ct
2682 3698 2802 3754 pag.
2830 3684 2922 3739 521
2949 3686 3187 3752 indicati,
3229 3695 3505 3757 postremo
3544 3690 3772 3757 reperti,

522 3754 963 3825 addendifforent
991 3756 1098 3825 (a),
1129 3757 1349 3823 contigit
1377 3762 1434 3810 ut
1461 3757 1513 3809 in
1543 3755 1729 3825 limine
1749 3756 2084 3825 absolvenda:
2122 3755 2370 3809 editionis
2405 3769 2469 3809 ea
2516 3756 2726 3809 tandem

522 3835 709 3896 cerpta
754 3824 960 3946 iamdiu
1001 3822 1078 3878 ex
1117 3822 1485 3893 manuscriptis
1523 3825 1677 3880 codd.
1722 3824 1969 3879 biblioth.
2010 3822 2295 3879 Galliarum
2343 3825 2482 3890 regis
2530 3822 2992 3893 exspectabantur,
3037 3824 3273 3879 advener

524 3904 705 3946 autem
776 3901 985 3946 ectores
1032 3890 1309 3946 volumus.
1354 3894 1497 3946 quod
1546 3902 1750 3946 suectat
1790 3895 2017 3946 primum
2055 3893 2123 3946 ad
2160 3893 2295 3946 duos
2338 3908 2611 3946 sermones
2656 3893 2923 3946 addendos
2966 3894 3092 3946 (aui
3138 3895 3273 3946 senti

776 3901 985 3948 ectores
1024 3890 1272 3964 volumus
1295 3933 1309 3957 ,
1354 3890 1497 3960 quod
1546 3902 1750 3963 spectat
1790 3895 2017 3962 primum
2055 3893 2123 3964 ad
2160 3893 2295 3964 duos
2338 3890 2923 3948 sermones—addendos
2966 3894 3092 3964 (qui
3138 3895 3399 3964 septimus
3448 3905 3506 3964 et
3546 3906 3776 3948 octavus

524 3904 705 3951 autem

2802 3771 2881 3810 ua:
2926 3771 3149 3824 Operam
3194 3757 3364 3810 sancti
3421 3755 3645 3824 Maximi
3676 3772 3773 3811 cx-

2816 3823 2992 3887 antur,
3037 3824 3369 3879 advenerim.
3414 3823 3775 3880 Prmmonitos

525 3967 620 4043 de
648 3962 967 4043 Pentecoste
1016 3959 1305 4043 fuissent),
1338 3959 1622 4042 utrumque
1662 3959 1807 4043 nunc
1850 3964 2077 4043 primum
2105 3963 2159 4016 in
2190 3962 2361 4043 lucem
2409 3978 2507 4043 llos
2548 3964 2846 4043 producere
2874 3979 2941 4043 ex_
2970 3959 3333 4043 vetustissimo
3597 3965 3774 4043 sancti

526 4031 795 4111 Dalmatii,
848 4044 1087 4111 persaepe
1134 4028 1377 4111 laudato,
1415 4032 1500 4111 cui
1536 4028 1748 4111 accedit
1769 4028 2144 4111 testiinonium
2180 4028 2775 4111 codicis‘laurinensis,
2802 4034 2942 4111 apud
2987 4047 3146 4103 quem
3188 4041 3319 4111 sunt
3354 4031 3596 4111 humilia:
3626 4031 3699 4084 16
3726 4043 3774 4087 et

528 4104 597 4156 l7
624 4116 747 4156 cum
777 4098 1065 4169 epigraphe
1098 4116 1110 4149 :
1146 4098 1277 4151 Item
1310 4100 1373 4153 de
1417 4099 1733 4180 Pentecoste.
1766 4101 1841 4155 De
1888 4100 2159 4156 codicibus
2197 4116 2323 4180 vero
2360 4098 2575 4180 Gallicis
2620 4102 2675 4155 in
2695 4098 3054 4222 lpraefatione,
3098 4114 3219 4223 pag).
3257 4099 3352 4165 24,
3386 4101 3625 4155 diximus
3677 4116 3775 4154 nos

528 4172 677 4225 nlura
705 4169 875 4224 exhis
902 4182 1137 4225 sucrare.
1167 4169 1259 4221 sed
1305 4184 1544 4225 auanms
1572 4170 2005 4225 diligentissimus
2046 4177 2100 4223 et
2135 4169 2523 4224 eruditissmus
2578 4170 2636 4223 P.
2738 4179 2888 4225 etrus
2933 4168 3128 4225 Paulus
3222 4185 3358 4223 ruon
3409 4168 3774 4225 Benedictina:

526 4172 677 4241 plura
705 4184 772 4224 ex
792 4169 875 4241 his
902 4169 1259 4241 spc_rare,_se_d
1305 4170 1544 4241 quamvis
1572 4170 2005 4241 diligentissimus
2046 4169 2523 4241 et‘eruditissimus
2555 4170 2636 4241 _P.

2774 4179 2888 4226 trus
2933 4168 3128 4225 Paulus
3174 4168 3358 4223 Druon
3409 4168 3774 4225 Benedictina:

526 4233 1163 4321 congregationisnsancti
1194 4233 1359 4291 Mauri
1376 4320 1379 4321 ν
1394 4254 1423 4290 a
1462 4233 1905 4321 pnestantissimo‘
1932 4237 2165 4321 przcsule
2193 4236 2426 4321 Josepho
2446 4233 2512 4293 ab
2537 4239 2699 4321 Aeria
2719 4240 3122 4321 archiepiscopo
3141 4239 3472 4319 Seleuciensi
3495 4238 3777 4321 pontiﬁcio

530 4305 709 4375 legato
739 4305 905 4376 apud
959 4305 1475 4378 Galliarumregem
1514 4308 1580 4361 ad
1619 4309 1722 4361 hoc
1777 4305 1978 4361 electus
2030 4305 2709 4378 plurimumitemporisret
2740 4305 2937 4378 laboris
2971 4305 3346 4378 ininnumeris
3376 4305 3518 4378 pene
3540 4309 3775 4361 volumi-

528 4379 684 4432 nibus
727 4375 1473 4445 manuscriptis_evolvendis
1514 4378 1871 4443 insumpserit,
1930 4377 2090 4431 tantis
2128 4376 2268 4430 curis
2305 4376 2420 4445 ejus
2461 4375 2518 4431 et
2544 4377 2987 4442 sollicitudinibus
3028 4376 3230 4432 fructus
3253 4375 3619 4432 nou'omnino
3655 4391 3775 4430 res-

529 4446 737 4515 pondit.
787 4442 863 4497 Ex
893 4442 1240 4515 sermonibus
1277 4458 1403 4512 ergo
1432 4444 1498 4499 ab
1539 4460 1604 4502 eo
1633 4442 1809 4515 missis
1838 4446 2017 4515 aliqui
2068 4446 2121 4499 in
2169 4442 2349 4515 nostra
2400 4445 2501 4499 hac
2526 4446 2841 4501 collectione
2861 4448 3102 4515 impressi
3122 4446 3237 4515 jam
3261 4455 3417 4515 sunt;
3447 4446 3773 4515 nonnulliin

532 4512 778 4581 corpore,
833 4519 887 4581 et
935 4513 985 4563 in
1017 4512 1308 4580 appendiee
1353 4527 1570 4581 operum
1612 4514 1781 4569 sancti
1819 4512 2128 4581 Augustini;
2168 4514 2257 4566 alii
2286 4514 2340 4566 in
2378 4516 2623 4569 omnibus
2664 4517 2832 4570 sancti
2880 4512 3072 4569 Leonis

529 4593 743 4651 gunlur.

3173 4514 3297 4594 agni
3335 4514 3666 4594 editionibus
3701 4514 3773 4594 le-

773 4578 925 4652 Ωιιρᾲ
954 4578 1195 4652 remanet
1217 4596 1252 4652 a
1274 4578 1519 4652 praesulis
1539 4578 1942 4652 Taurinensium
1965 4578 2175 4636 Maximi
2202 4583 2504 4637 elocutione
2532 4584 2740 4652 penitus
2761 4584 2941 4645 distat,
2972 4592 3030 4638 ut
3056 4584 3122 4637 ex
3152 4578 3473 4651 quibusdam
3501 4584 3773 4652 exact-ptis

530 4649 812 4707 constabit.
844 4649 1183 4716 Singulorum
1211 4650 1359 4705 initia
1383 4658 1438 4704 et
1464 4650 1623 4705 linem
1651 4651 1912 4719 dabimus,
1934 4658 2094 4720 prout
2129 4658 2359 4715 exstant,
2381 4649 2594 4707 servato
2620 4653 2806 4707 ordine
2834 4652 3147 4708 Parisiensis
3170 4649 3553 4722 manuscripti.

857 4763 1087 4820 SERMO
1122 4764 1145 4819 Ι
1180 4765 1243 4819 de
1270 4766 1498 4819 Adventu
1531 4748 1759 4821 Domini.

602 4856 701 4932 llic
744 4852 1091 4932 depromptus
1117 4856 1391 4932 _asseritur
1442 4871 1507 4911 ex
1550 4858 1821 4932 codicibus
1863 4856 1999 4912 5786
2043 4868 2098 4912 et

533 4926 715 5005 3802,.
742 4924 1071 5005 et'iucipit;
1106 4924 1279 5005 Movet
1324 4926 1547 5005 fortasse
1574 4938 1680 5005 vos,
1710 4930 1930 4997 fratres,
1968 4935 2097 4991 etc.,

533 4996 803 5062 praemissa
852 4995 1207 5064 praefatione:
1251 4993 1421 5064 Igitur
1463 4993 1831 5064 quoniam'pro
1878 5007 2100 5064 tempore

535 5062 884 5131 spiritualibus
938 5064 1101 5133 epulis
1157 5062 1363 5133 reficere
1404 5062 1495 5117 nos
1530 5062 1790 5133 debemus,
1827 5074 1932 5119 etc.
1963 5062 2100 5119 Nihil

536 5133 688 5188 nobis
714 5147 783 5188 ex
812 5134 896 5187 his
922 5131 1090 5196 deest,
1115 5140 1171 5186 ut
1194 5131 1373 5186 videre
1401 5142 1481 5186 est
1504 5147 1622 5201 pag.
1656 5131 1706 5186 5.

893 5223 1123 5279 SERMO
1158 5222 1202 5277 ll
1239 5224 1301 5276 dc
1332 5222 1510 5277 Natali
1530 5223 1758 5278 Domini.

606 5315 853 5377 Audistis,
877 5318 1061 5385 fratres
1078 5313 1359 5385 carissimi,
1384 5314 1807 5385 quemadmodum
1821 5313 1965 5385 nobis
1995 5312 2115 5366 beam

535 5396 614 5437 tus
643 5383 955 5455 evangelia“
983 5384 1135 5439 hodie
1160 5384 1504 5454 generationis
1536 5383 1725 5438 Christi
1753 5384 1979 5437 retulerit
2019 5400 2103 5436 sa-

2130 4755 2179 4813 ι)
2204 4775 2540 4850 crumentum,
2569 4778 2671 4823 etc.
2703 4768 2904 4850 Desinit
2927 4768 3137 4850 :__Igitur
3164 4769 3513 4850 diem-festum
3530 4768 3769 4850 faetore-

2202 4853 2314 4915 ntus
2362 4854 2462 4915 non
2509 4839 2745 4891 humana:
2797 4838 3111 4907 devotionis,
3139 4838 3231 4891 sed
3273 4838 3463 4892 divina
3505 4840 3770 4908 dignatio-

2202 4914 2300 4963 ms.
2332 4914 2435 4959 etc.

2274 4973 2569 5043 Adnotatur
2589 4974 2657 5028 ab
2698 4974 3220 5043 excerptoreerutus
3246 4992 3315 5030 ex
3341 4974 3465 5030 cod.
3496 4974 3637 5029 3785
3667 4990 3769 5029 sa:-

2203 5042 2395 5113 Cllllxl,
2413 5051 2466 5096 et
2487 5044 2670 5113 inaliis
2682 5042 2921 5113 pluribus
2935 5044 3307 5113 manuscriptis
3327 5053 3515 5099 sancto
3536 5043 3769 5098 Maximo

2205 5112 2510 5182 attributus.
2541 5112 2735 5166 Verum
2785 5112 3068 5182 rhapsodia
3088 5112 3266 5181 potius
3310 5113 3539 5170 dicenda
3581 5128 3646 5167 ex
3692 5114 3770 5166 di-

2206 5182 2373 5251 versis
2402 5180 2533 5235 locis
2562 5191 2834 5251 congesta,
2863 5180 3013 5251 cuius
3058 5180 3164 5251 non
3192 5183 3382 5251 exigua
3429 5197 3555 5251 pars
3580 5183 3770 5249 legitur

2208 5248 2259 5301 in
2283 5264 2530 5304 sermone
2554 5249 2598 5320 _l_
2617 5248 2683 5303 de
2707 5248 2888 5320 Natali
2917 5248 3145 5320 Domini,
3175 5248 3335 5320 quem
3364 5248 3503 5305 inter
3527 5248 3768 5320 supposi-

2208 5326 2292 5371 tos
2334 5325 2522 5388 sancto
2549 5318 2781 5374 Maximo
2827 5318 3138 5374 Taurineusi
3179 5318 3641 5383 collocavimusiu
3678 5334 3768 5388 apo

2208 5387 2430 5455 pendice
2455 5402 2575 5458 pag.
2599 5388 2686 5442 26.

610 5519 690 5594 (η)
729 5518 837 5573 llos
862 5535 1137 5577 sermones
1166 5536 1264 5578 nos
1292 5536 1389 5577 suo
1420 5520 1561 5587 loco,
1597 5526 1653 5576 ut
1697 5519 1921 5577 decebat
1942 5562 1955 5587 ,
1987 5520 2330 5578 restituimus.
2370 5523 2499 5579 Vide
2538 5524 2692 5594 hujus
2732 5524 2858 5580 tomi
2886 5522 2989 5580 col.
3038 5522 3279 5582 609-642
3303 5524 3402 5580 sub
3432 5538 3579 5579 num.
3607 5539 3693 5580 ur
3719 5536 3772 5579 et

537 5604 625 5647 υ.
655 5604 804 5645 ινιτ.
