3896 6250
155 332 250 388 761

499 433 727 492 SERMO
765 434 828 487 [ll
849 438 902 488 in
925 425 1116 487 Natale
1139 433 1367 488 Domini.

228 529 437 582 Natalis
459 525 703 580 dominici
727 525 834 576 dies
847 523 940 575 hac
965 523 1026 576 de
1049 538 1206 574 causa
1241 537 1272 572 α
1295 519 1538 572 Patribus
1555 518 1731 571 votiva

155 597 468 654 solemnitati
496 596 757 647 institutus
783 601 881 658 est,
919 601 1022 645 etc.
1055 590 1258 644 Desinit
1290 607 1302 639 :
1337 587 1595 658 Quemque
1615 586 1732 658 ideo

153 666 424 719 obseruare
445 680 537 732 per
556 662 833 732 revolutum
853 659 1098 713 circulum
1117 659 1240 711 anni
1264 659 1394 732 festa
1413 657 1734 732 solemniiate

153 734 415 795 debemus,
437 721 492 783 ist
511 733 565 783 in
585 731 880 782 memoriam
896 737 1152 780 revocetur
1174 721 1306 794 quod
1328 732 1478 795 iratus
1498 733 1573 776 est
1595 721 1739 775 Chri-

153 813 288 856 stus.
331 793 600 870 Iudicatur
635 797 753 870 cod.
787 795 946 870 5786,
979 808 1158 870 ιιηίῐιιο
1190 793 1528 870 exscriptus,-
1545 799 1616 870 et.
1640 806 1735 843 sex

156 871 391 924 aliorum
413 866 566 921 codd.
589 865 893 919 testimonio
917 859 1261 921 conﬁrmatur
1275 859 1460 915 saneto
1480 859 1732 912 Maximo.

153 939 271 992 Nisi
297 936 484 991 iisdem
513 935 780 1002 laboraret
801 932 1032 1002 ineptiis,
1061 933 1200 1002 inter
1220 931 1410 1002 dubios
1435 928 1624 981 saltem
1648 927 1731 1002 [ο-

153 1021 283 1064 cum
309 1005 564 1065 haberet;
595 1001 690 1055 sed
721 995 1064 1069 neque'illam
1094 1001 1147 1052 in
1187 999 1414 1069 classem
1453 1003 1536 1050 est
1554 995 1737 1048 tradu-

151 1075 378 1128 cendus.
412 1070 672 1125 Praeterea
722 1067 1074 1138 fragmentum
1126 1067 1305 1138 potius
1353 1080 1512 1134 quam
1559 1078 1734 1118 sermo

152 1142 396 1196 videtur.

494 1225 723 1281 SERMO
761 1227 827 1280 IV
863 1228 918 1279 in
948 1223 1141 1278 Natale
1169 1223 1402 1278 Domini.

231 1318 590 1372 Castissimum
617 1315 674 1368 Η
678 1316 804 1368 aria
834 1314 1058 1382 Virginis
1084 1322 1302 1377 uterum,
1325 1324 1526 1382 sponsa
1560 1307 1736 1378 Virgi-

153 1391 246 1442 ssis
274 1388 503 1440 clausum
526 1380 1036 1455 veratriscnbiculum,
1066 1384 1324 1455 signatum
1344 1380 1552 1455 pudorjs
1576 1393 1738 1455 cana-

152 1457 335 1509 culum
381 1456 559 1506 merito
598 1452 887 1509 plenissime
933 1446 1301 1509 collaudurem,
1344 1446 1453 1502 etc.
1490 1446 1733 1498 Desinit:

155 1472 335 1509 cntum
381 1472 559 1506 merito
630 1472 887 1505 Lenissima
933 1472 1301 1509 cattuuaurem,
1351 1472 1453 1502 etc.
1491 1472 1691 1498 ucauus
1722 1485 1733 1495 .

155 1523 346 1595 Gaude
367 1525 552 1595 itaque,
573 1472 785 1595 jbseph,
807 1517 1302 1595 nimiumquegaude
1323 1515 1604 1595 uirginitati
1628 1512 1740 1595 a-

153 1594 261 1646 ria:
289 1594 342 1645 in
365 1581 626 1643 natiuitate
650 1581 1002 1654 Redemptoris
1034 1581 1082 1639 et
1113 1581 1166 1639 in
1191 1581 1516 1654 apparitione
1546 1581 1738 1654 Salva-

155 1663 294 1714 toris
318 1677 336 1723 ;
365 1668 412 1712 et
457 1660 530 1710 ita
575 1657 763 1725 Ioseph
792 1649 1057 1725 separatus
1078 1649 1514 1725 estha'concubitu
1540 1651 1736 1725 uxoris,

158 1739 219 1781 ut
252 1719 398 1794 pater
435 1727 637 1779 dicatur
679 1719 987 1794 Saluatoris,
1018 1732 1124 1778 etc.
1153 1722 1435 1794 Bcdditum
1482 1719 1738 1794 habemus

158 1775 234 1852 2;
253 1775 384 1850 231i:
557 1775 1007 1857 bibliotbihdﬁlti,
1031 1775 1506 1862 conﬁrmantibus,
1547 1796 1603 1862 ut
1629 1786 1736 1862 fer-
1769 1775 1815 1834 Β

160 1877 280 1928 tur,
303 1855 542 1935 pluribus
571 1864 688 1916 aliis
714 1855 1086 1935 manuscriptis
1111 1856 1657 1935 c‘odicibusxhlaurini
1688 1855 1738 1907 in

158 1925 464 2000 app‘ebdice
508 1932 882 2000 sermasancti
931 1925 1214 2000 Augustini
1250 1928 1377 1981 edit.
1411 1925 1584 2000 Paris,
1617 1937 1737 1992 pag.

159 1950 191 1987 a
237 1949 464 2000 penance
508 1949 672 1985 serm.
712 1949 882 1985 sancu
931 1949 1207 1995 augusum
1250 1949 1377 1981 cun.
1412 1949 1581 1978 ruris.
1618 1949 1737 1992 pag.

159 1949 273 2056 335
295 2001 651 2075 collocarunt.
685 1999 793 2075 Nos
830 2000 1042 2075 penitus
1071 1998 1435 2075 rejicim-us,.et
1464 1993 1740 2075 nobiscum

161 2072 369 2124 sentiet
396 2070 618 2137 quilibet
645 2069 727 2122 vel
757 2061 945 2122 leviter
971 2061 1210 2121 sanctum
1239 2065 1525 2118 Maximum
1549 2061 1741 2116 Tauri-

162 2154 386 2193 nensem
416 2138 726 2205 gustaverit.

540 2226 770 2280 SERMO
805 2226 849 2280 V
878 2228 931 2280 in
955 2224 1149 2278 Natale
1177 2224 1407 2278 Domini.

242 2319 387 2387 Rogo
411 2334 519 2387 eos,
551 2320 737 2386 fratres
755 2316 1043 2387 carissimi,
1063 2323 1117 2366 ut
1145 2313 1331 2387 libenti
1351 2314 1743 2387 animosermo-

156 2404 256 2442 stes
286 2383 411 2456 quos
432 2383 700 2456 _Dominus
715 2385 872 2456 _dabit
902 2387 1192 2456 suscipiatis
1219 2385 1290 2456 ίηΔ
1314 2383 1408 2456 hac
1447 2383 1744 2456 dulcissima

162 2457 268 2518 die,
299 2451 404 2509 etc.
432 2453 634 2506 Desinit
661 2471 673 2504 :
706 2453 774 2505 Et
799 2470 884 2506 vos
913 2451 1088 2506 omnes
1117 2454 1170 2504 in
1200 2451 1484 2504 caelestibus
1523 2451 1739 2509 horreis.

163 2524 252 2575 ubi
301 2525 555 2593 frumenta
599 2523 954 2593 congreganda
1001 2522 1464 2593 sunt,_mise_ricors
1495 2519 1744 2593 Dominus

164 2589 480 2644 intromittat
497 2609 515 2656 ;
539 2590 620 2642 cui
648 2589 722 2643 est
750 2589 935 2652 honor,
961 2598 1065 2644 etc.
1100 2591 1179 2642 Ab
1216 2589 1406 2642 eodem
1435 2589 1622 2641 codice
1649 2603 1743 2640 su-

165 2677 264 2730 pra
289 2661 499 2727 signato
528 2674 704 2730 sermo
731 2660 1194 2730 hic_depromptu_s
1223 2666 1333 2720 est;
1369 2658 1670 2730 pariterque
1693 2656 1744 2730 in

165 2725 359 2782 eadem
407 2728 576 2781 sancti
623 2725 1241 2794 Augustini’appe’ndice
1291 2728 1576 2794 reperitur,
1610 2734 1664 2777 ct
1694 2725 1745 2776 in

165 2743 359 2782 eadem
407 2743 576 2781 sancti
623 2743 900 2794 augusum
951 2743 1241 2846 apgenuice
1291 2743 1576 2794 reperitur,
1610 2743 1664 2777 et
1694 2743 1745 2776 ιιι

165 2798 301 2850 edit.
331 2798 598 2871 _A_n_tue_rp_.
631 2804 807 2848 exstat
852 2795 955 2848 col.
988 2796 1012 2846 1
1059 2796 1112 2848 9.
1143 2795 1398 2871 Maurini,
1429 2795 1518 2861 qui
1547 2794 1748 2871 optime

166 2866 346 2920 sancti
381 2865 594 2917 Maximi
624 2879 786 2932 Opera
812 2873 1100 2927 noverunt,
1125 2879 1192 2918 ne
1213 2865 1605 2917 subodorarunt
1627 2865 1746 2931 qui-

166 2934 294 2988 dem
317 2935 383 2988 ad
413 2949 533 2988 eum
561 2935 849 3000 pertinere.

518 3021 747 3077 SERMO
786 3022 851 3076 Vl
879 3025 934 3077 in
963 3021 1158 3077 Natale
1186 3023 1416 3079 Domini.

245 3113 418 3168 Hodie
446 3115 635 3167 veritas
684 3114 745 3167 de
775 3123 910 3167 terra
951 3122 1065 3168 orta
1105 3124 1198 3179 est,
1229 3113 1460 3167 Christus
1489 3113 1552 3165 de
1591 3127 1748 3165 carne

170 3193 329 3236 natus
373 3193 467 3235 est.
499 3182 738 3252 Gaudete
773 3184 1083 3246 solemniter,
1131 3194 1179 3234 et
1217 3189 1580 3252 sempiternum
1616 3183 1750 3234 diem

174 3252 428 3304 hodierno
457 3268 649 3320 quoque
674 3251 924 3305 admoniti
962 3253 1213 3321 cogitate,
1263 3251 1457 3321 aterna
1490 3251 1626 3303 dona
1664 3267 1754 3318 spe

173 3319 478 3388 ﬁrmissima
506 3319 862 3389 concupiscite,
895 3329 998 3374 etc.
1026 3319 1234 3389 Desinit
1265 3338 1277 3371 :
1314 3319 1411 3382 Qui
1440 3329 1645 3388 propter
1665 3335 1753 3371 vos

175 3392 402 3458 formam
431 3391 560 3441 servi
599 3388 822 3456 accepit,
853 3391 909 3441 in
946 3391 1034 3442 illo
1087 3388 1369 3443 libertatem
1421 3390 1750 3455 accipiamus,

173 3460 268 3527 qui
291 3466 498 3525 propter
527 3474 618 3527 nos
634 3459 714 3527 _de
741 3467 880 3527 terra
906 3467 1046 3510 ortus
1074 3467 1171 3523 est,
1202 3460 1255 3511 in
1277 3458 1366 3510 illo
1386 3458 1564 3510 calum
1586 3459 1749 3525 possi-

176 3525 416 3586 deamus,
449 3536 554 3579 etc.
591 3525 688 3578 PP.
739 3525 964 3578 Maurini
1004 3528 1260 3591 genuinos
1304 3529 1442 3578 inter
1478 3539 1755 3579 sermones

177 3596 354 3649 sancti
387 3595 662 3661 Augustini
692 3595 867 3648 locum
889 3595 1164 3657 dederunt,
1191 3603 1250 3647 ut
1292 3603 1501 3648 constat
1528 3609 1592 3646 ex
1623 3595 1750 3646 eJit.

182 3666 446 3732 Autuerp.
470 3663 572 3717 col.
605 3663 726 3729 625,
759 3673 944 3731 estQue
975 3676 1148 3718 sermo
1173 3663 1204 3716 9
1231 3664 1293 3716 de
1315 3662 1498 3716 Natali
1523 3662 1751 3716 Domini.

509 3769 737 3825 SERMO
773 3771 793 3823 Ι
830 3773 884 3824 in
911 3769 1205 3842 Epiphania
1225 3771 1456 3825 Domini.

254 3860 458 3915 Iustum
477 3869 525 3912 et
547 3860 868 3930 rationabile,
901 3861 1235 3930 dilectissimi,
1268 3877 1398 3914 vera
1426 3861 1633 3930 pietatis
1662 3863 1755 3915 ob-

176 3933 410 4000 sequium
432 3938 505 3982 est
527 3930 579 3981 in
601 3929 774 4000 diebus
805 3929 980 4000 quibus
1003 3929 1188 3986 divina
1216 3929 1586 4000 misericm'dia
1603 3946 1758 3999 Opera

177 3998 494 4069 prastantur
514 4008 615 4052 toto
639 3999 792 4069 corde
815 3998 1055 4069 gaudere,
1086 4007 1189 4052 etc.
1223 3999 1425 4052 Desinit
1450 4019 1462 4050 ς
1494 3998 1587 4051 Vel
1614 3998 1755 4052 exci-

178 4067 486 4134 piendorum
513 4068 763 4135 supplicia
793 4067 1089 4135 passionum
1130 4077 1507 4120 sacramentum
1533 4069 1654 4135 ﬁdei
1694 4085 1758 4122 ex

177 4152 352 4189 rerum
375 4135 664 4189 diversitate
693 4136 972 4206 turbarent,
998 4152 1112 4206 cum
1124 4137 1406 4206 justiﬁcari
1428 4137 1632 4189 omnino
1655 4153 1754 4188 non

179 4212 413 4274 possent,
445 4206 546 4257 nisi
575 4207 658 4274 qui
676 4203 966 4274 Dominum
992 4203 1168 4260 Jesum
1209 4203 1484 4267 Christum,
1516 4215 1562 4257 et
1585 4222 1757 4274 verum

179 4268 369 4336 Deum,
393 4281 442 4324 et
469 4268 636 4325 verum
661 4273 958 4337 Dominum,
989 4283 1036 4327 et
1058 4291 1229 4327 verum
1246 4275 1499 4328 hominem
1525 4268 1754 4327 credide-

179 4349 464 4412 runttctc.
491 4341 624 4396 Huic
653 4343 885 4412 sermoni
915 4343 981 4396 ab
1022 4343 1128 4397 alio
1175 4343 1358 4412 codice
1401 4359 1591 4412 nempe
1622 4341 1758 4412 [646

180 4410 364 4464 smculi
391 4425 443 4462 xl
470 4419 709 4474 exarato,
730 4419 789 4464 ut
843 4411 1026 4475 fertur,
1061 4412 1189 4465 nulli
1218 4411 1306 4464 alii
1335 4409 1547 4466 codices
1567 4409 1756 4464 satira-

182 4459 1545 4547 armti-363%amca;amisisti.“ng
1562 4459 1760 4533 arma.
1787 4459 1832 4520 D

183 4561 283 4602 nes
318 4549 488 4618 sancti
526 4546 718 4618 Leonis
744 4547 919 4618 Magni
951 4565 1106 4618 fnum.
1149 4549 1216 4602 3'5
1243 4548 1322 4602 De
1350 4548 1642 4618 Epiphania
1673 4547 1754 4601 IV

186 4631 333 4671 anno
358 4614 513 4683 1755,
545 4631 664 4685 pag.
695 4615 762 4669 84
784 4619 910 4671 edit.
942 4617 1213 4671 Romana.

493 4701 718 4756 SERMO
755 4703 796 4757 ll
824 4707 877 4757 in
910 4704 1208 4774 Epiphania
1238 4703 1464 4756 Domini.

262 4793 583 4864 Hodiernum
613 4797 953 4861 festivitatem,
998 4795 1337 4857 dilectissimi,
1371 4795 1625 4864 apparitio
1658 4795 1758 4849 Do-

186 4864 315 4935 mini
336 4863 618 4935 Saluatoris
642 4865 821 4929 nostri,
843 4865 970 4916 sicut
993 4865 1179 4935 nostris
1197 4865 1286 4935 [F.
1307 4863 1490 4935 nostis]
1513 4865 1754 4935 illustrat,

186 4944 235 5002 et
257 4933 339 4984 hic
359 4932 444 4983 ille
465 4941 538 4984 est
567 4932 674 4984 dies
695 4948 790 5002 quo
818 4932 1638 5002 agnoscendumadorandumque
1664 4933 1756 4988 Dei

193 5001 385 5055 Fitium
408 5010 506 5053 tres
528 5001 912 5070 magos’pravia
941 5002 1087 5054 stella
1106 5003 1360 5068 perduxit,
1387 5010 1488 5055 etc.
1524 5001 1720 5055 Desinit
1743 5023 1754 5055 :

192 5070 388 5123 Dilatio
432 5071 568 5121 enim
614 5070 852 5123 vindicta
909 5071 999 5122 dat
1049 5071 1212 5123 locum
1261 5073 1601 5137 panitentia,
1654 5082 1748 5125 etc.

191 5138 380 5208 Editus
429 5139 632 5208 pariter
671 5147 735 5208 nt
782 5140 1027 5206 superior
1064 5145 1182 5208 pag.
1233 5137 1332 5203 88,
1367 5146 1511 5192 num.
1568 5139 1636 5206 5,
1684 5141 1756 5194 De

190 5205 859 5276 Epiptmntarggmiqtuf
1064 5205 1079 5208 ⁷
1140 5205 1154 5208 ⁷
1201 5265 1205 5270 .

487 5274 713 5329 SERMO
749 5274 812 5328 ῙῙΙ
836 5277 890 5329 in
920 5275 1216 5344 Epiphania
1249 5276 1471 5330 Dontini.

268 5364 549 5421 Hodierna
565 5366 664 5419 diei
685 5383 774 5434 per
793 5368 1082 5419 universum
1108 5367 1350 5420 mundum
1373 5374 1494 5419 nota
1523 5367 1764 5419 solemni-

195 5444 272 5488 tas
444 5436 589 5488 nobis
638 5435 825 5503 afferat
854 5436 1164 5514 festivitatis,
1197 5436 1375 5514 quidpe
1412 5438 1765 5514 anniuersario

197 5502 487 5570 repetitione
505 5512 884 5565 commemoret,
909 5512 1010 5556 etc.
1044 5502 1244 5558 Desinit
1269 5522 1279 5554 :
1304 5503 1480 5556 Iesum
1510 5502 1765 5557 Christum

197 5583 544 5644 agnoscentes,
572 5583 722 5642 atque
743 5571 1009 5624 laudantes
1033 5574 1350 5644 tanquam_in
1372 5584 1580 5644 (ιρι-ποθι
1601 5574 1761 5644 thure,

196 5639 249 5694 εἰ
271 5641 474 5712 myrrha
496 5639 824 5704 honorantes,
857 5650 1101 5711 superest.
1127 5639 1228 5694 etc.
1267 5640 1364 5693 PP.
1400 5639 1620 5695 Haut-ini
1658 5659 1761 5695 non

1621 315 1956 373 ADDENDA.

1760 435 1809 490 Α
1836 429 1992 484 veriti
2021 438 2143 483 sunt
2163 430 2304 484 hanc
2325 415 2639 485 concionem
2678 431 2744 484 ab
2773 431 2960 486 eodem
2989 431 3109 485 cod.
3139 430 3274 483 1616
3312 445 3410 486 ex-

3302 320 3420 378 76'2"

1834 499 2085 567 scriptam
2109 498 2248 552 inter
2275 499 2550 566 Augustini
2587 501 2849 567 genuinos
2877 499 3016 554 fetus
3053 499 3213 554 edere
3237 500 3288 554 in
3313 501 3406 556 cit.

1833 568 2035 622 volum.
2066 580 2188 637 pag.
2222 567 2342 620 9H.

2208 655 2436 711 SERMO
2472 655 2575 711 lin
2611 656 3035 728 Quadragesima.

1909 744 2040 815 Ante
2075 744 2165 798 hos
2212 744 2321 798 dies
2355 745 2697 815 devotionem
2738 754 2934 799 sancta
2990 743 3415 815 Quadragesimat

1837 813 2194 883 pradicantcs.
2222 821 2326 867 etc.
2354 813 2558 869 Desinit
2583 831 2595 867 :
2630 814 2728 867 Ille
2750 815 2887 875 enim
2915 831 3098 883 corpus
3120 815 3188 867 ad
3208 813 3412 883 tempus

1837 881 2014 946 nutrit,
2041 881 2326 951 hic_autem
2346 884 2572 936 animam
2596 885 2761 951 reﬁcit
2788 885 2840 935 in
2865 881 3130 946 aternum,
3161 891 3268 937 etc.
3288 881 3412 935 Plu-

1837 951 1987 1003 rimis
2019 949 2317 1004 coniirmati
2363 951 2606 1005 codicum
2646 949 2966 1005 testimoniis
2995 951 3142 1006 inter
3163 951 3409 1006 homilias

1837 1019 2008 1086 sancti
2050 1017 2262 1086 Maximi
2312 1035 2458 1072 num.
2496 1019 2565 1072 58
2593 1020 2766 1074 locum
2795 1020 3055 1084 dedimus,
3094 1027 3256 1074 etest
3283 1033 3404 1086 pag.

1839 1085 1962 1141 109.
1978 1086 2034 1139 ln
2051 1085 2168 1140 cod.
2191 1085 2360 1140 Paris.
2378 1096 2686 1144 recensetur
2708 1104 2851 1142 num.
2868 1088 3010 1142 5785
3022 1096 3235 1144 etnum.
3249 1085 3414 1144 3777.

2204 1175 2433 1229 SERMO
2468 1175 2490 1229 Ι
2516 1179 2569 1230 in
2591 1185 2768 1231 octaua
2788 1176 3026 1232 Pascha.

1913 1266 2182 1331 Latemur,
2211 1269 2397 1337 fratres
2427 1269 2701 1333 carissimi,
2723 1268 2778 1320 in
2807 1266 2998 1322 Christi
3025 1269 3416 1321 resurrectionis

1839 1337 1961 1399 die;
1994 1339 2271 1388 communis
2316 1337 2452 1388 enim
2492 1339 2739 1398 omnium,
2789 1338 3069 1390 communis
3115 1346 3189 1390 est
3235 1345 3414 1389 nostra

1839 1405 2040 1464 latitia,
2066 1405 2344 1457 communis
2361 1405 2540 1474 plene,
2570 1407 2691 1474 quia
2709 1421 2881 1458 omnes
2909 1405 3000 1458 illo
3023 1414 3314 1474 resurgente
3335 1421 3414 1457 re-

1839 1474 2177 1542 surrcxjmus,
2208 1481 2313 1526 etc.
2358 1472 2605 1542 Desinit:
2639 1472 2764 1527 Non
2791 1474 2949 1542 igitur
2993 1472 3288 1526 mirandum
3313 1482 3410 1530 est,

1840 1542 1885 1612 si
1911 1543 1963 1594 in
1996 1540 2264 1594 Saluatore
2295 1550 2398 1594 tam
2438 1541 2666 1612 crudeles
2708 1540 2932 1612 fuerunt,
2981 1544 3064 1611 qui
3113 1542 3417 1595 exstiterunt

1840 1611 1895 1662 in
1924 1625 2042 1663 suos
2072 1620 2301 1676 posteros
2326 1621 2429 1662 tam
2457 1610 2716 1663 crudeles.
2736 1610 2832 1663 Hic
2860 1618 2916 1664 et
2942 1610 3172 1677 sequens
3210 1623 3414 1671 sermo,

1841 1693 1977 1744 quos
1999 1679 2292 1731 monachus
2311 1678 2685 1746 Bwedictinus
2713 1679 2894 1746 Gallus
2921 1679 3102 1733 retulit
3124 1678 3418 1746 exscriptos

1843 1761 1907 1799 ex
1938 1747 2120 1800 codice
2167 1745 2504 1800 bibliothecm
2531 1748 2689 1814 regite
2719 1744 2877 1811 5814,
2909 1748 3172 1815 integrum
3210 1744 3418 1801 sermo-

1845 1830 1964 1867 nem
1997 1816 2286 1870 coniiciunt
2329 1830 2487 1882 quem
2535 1830 2601 1868 ex
2644 1815 2954 1880 Muratorio,
2987 1815 3248 1870 Anecdot.
3282 1823 3416 1868 tom.

1841 1882 1931 1952 lV,
1961 1884 2063 1938 hac
2095 1884 2147 1936 in
2198 1884 2516 1938 collectione
2556 1884 2967 1952 recudimustct
3013 1891 3094 1938 est
3131 1884 3335 1952 primus
3363 1882 3416 1952 in

1844 1951 2120 2006 Paschalis
2160 1953 2500 2006 solemnitate
2551 1953 2656 2006 col.
2712 1951 2832 2005 7H.
2880 1950 3143 2007 Omissum
3191 1959 3274 2005 est
3313 1951 3418 2004 ini-

1846 2021 1976 2073 tium
2009 2039 2020 2073 :
2054 2020 2436 2073 Exsultandum
2466 2020 2610 2074 nobis
2636 2029 2730 2084 est,
2761 2036 2928 2087 usque
2958 2021 3024 2074 ad
3054 2021 3215 2073 verba
3249 2038 3261 2072 :
3293 2029 3419 2072 tem-

1843 2092 1986 2158 poris
2021 2089 2240 2144 absumit
2278 2099 2518 2142 vetustas.
2551 2089 2757 2144 Catera
2797 2089 3032 2158 perfecte
3061 2087 3413 2164 concordant.

2196 2200 2428 2257 SERMO
2466 2201 2508 2254 ll
2537 2203 2592 2255 in
2622 2211 2802 2256 octava
2840 2201 3077 2255 Pascha.

1915 2291 2037 2347 Non
2060 2293 2314 2346 immerito
2337 2294 2389 2344 in
2419 2293 2514 2344 hac
2545 2292 2626 2344 die
2651 2299 2857 2345 sanctus
2888 2291 3055 2343 David
3097 2293 3208 2343 sine
3232 2300 3417 2354 excepo

1845 2364 1981 2415 tione
2001 2362 2358 2414 exsultantium
2383 2363 2642 2429 pracepit,
2665 2370 2713 2412 et
2741 2361 3118 2429 latandum,iin
3146 2376 3248 2429 qua
3271 2359 3424 2429 totius

1846 2431 2025 2484 mundi
2048 2431 2236 2498 gaudia
2266 2425 2604 2498 celebrantur,
2629 2425 2736 2484 etc.
2773 2431 2970 2482 Desinit
2995 2447 3007 2480 :
3034 2425 3178 2482 Sicut
3199 2428 3273 2478 ait
3303 2425 3424 2478 bea-

1846 2510 1925 2552 tus
1971 2497 2302 2569 evangelista,
2346 2497 2476 2551 Erat
2519 2498 2607 2569 lux
2640 2516 2755 2550 vera
2789 2515 2899 2569 qua
2935 2498 3194 2551 illuminat
3219 2510 3423 2551 omnem

1847 2567 2404 2622 hominem'venientem
2427 2569 2482 2619 in
2507 2567 2638 2619 hunc
2667 2568 2931 2628 mundum,
2962 2577 3064 2620 etc.

2151 2655 2420 2709 SERMOI
2449 2657 2501 2708 in
2523 2655 2832 2709 Ascensione
2861 2654 3086 2709 Domini.

1920 2748 2109 2800 Omnia
2137 2764 2249 2818 qua
2278 2746 2530 2818 Dominus
2561 2754 2733 2818 noster
2752 2745 2902 2818 Jesus
2942 2745 3193 2807 Christus,
3234 2745 3425 2818 fratres

1848 2818 2123 2876 carissimi,
2149 2813 2202 2869 in
2225 2817 2318 2869 hoc
2342 2817 2530 2869 mundo
2552 2815 2641 2869 sub
2663 2816 3146 2885 fragilitateAnostra
3174 2813 3428 2885 miracula

1847 2886 2005 2938 edidit
2027 2885 2170 2938 nobis
2202 2885 2507 2953 proﬁciunt;
2523 2895 2627 2938 etc.
2663 2881 2864 2937 Desinit
2897 2901 2909 2935 :
2936 2881 3043 2937 Sed
3062 2898 3230 2936 secum
3256 2883 3426 2953 potius

1851 2955 1975 3008 calo
2004 2951 2386 3022 sanctiﬁcatum
2428 2969 2610 3021 corpus
2639 2953 2892 3019 acquirat,
2923 2960 3053 3015 etc.,
3081 2959 3268 3004 natura
3309 2951 3428 3022 Δείιο⁴

1850 3026 2037 3093 riosior
2066 3039 2083 3075 :
2111 3023 2221 3093 ipso
2262 3022 2556 3093 adjuvante,
2585 3022 2684 3093 qui
2712 3022 2831 3075 vivit
2872 3030 2922 3074 et
2949 3027 3144 3090 regnat,
3180 3027 3284 3074 etc.
3309 3022 3425 3093 Non

1777 3109 1822 3172 ρ
1854 3092 2020 3172 refert
2063 3087 2403 3172 unguii-ibus.
2423 3090 2526 3144 hoc
2569 3087 2635 3144 de
2668 3104 2926 3172 sermone
2967 3087 3215 3172 eruto_ex'
3242 3087 3427 3172 codice

1856 3155 2298 3214 Parisiensi378|
2352 3158 2630 3226 disseram.
2668 3155 2737 3210 Ut
2773 3158 2973 3210 habeas
3016 3157 3148 3226 quid
3186 3157 3424 3211 sentiem-

1853 3230 1980 3283 dum
2009 3229 2098 3292 sit,
2128 3229 2244 3281 vide
2267 3228 2521 3295 judicium
2545 3225 2647 3279 PP.
2678 3225 3112 3280 Maurinorunrin
3135 3226 3427 3295 appendice

1848 3313 2014 3352 serm.
2047 3297 2102 3351 S.
2136 3293 2352 3364 August.
2389 3311 2532 3350 num.
2568 3295 2668 3348 176
2698 3295 2826 3349 edit.
2869 3295 3125 3364 Antuerp.
3158 3293 3262 3349 cel.
3297 3293 3422 3348 215.

1980 3385 2208 3440 SERMO
2238 3387 2257 3439 ι
2286 3388 2337 3439 in
2365 3386 2540 3440 natale
2576 3386 2739 3439 sancti
2775 3383 2996 3438 Joannis
3028 3385 3288 3454 Baptista.

1929 3475 2055 3530 Post
2075 3477 2239 3529 illum.
2261 3484 2642 3528 sacrosanctum
2684 3473 2890 3526 Domini
2915 3472 3124 3526 Natalis
3149 3474 3281 3524 diem
3307 3469 3426 3524 nul-

1856 3547 1954 3598 lius
1981 3546 2201 3598 hominis
2242 3546 2556 3596 nativitatem
2595 3543 2808 3612 legimus
2855 3543 3095 3612 celebrari
3126 3543 3225 3594 nisi
3267 3541 3428 3596 solius

1859 3614 1988 3666 beati
2009 3614 2229 3668 Joannis
2278 3612 2546 3679 Baptista,
2576 3609 2681 3666 etc.
2731 3612 2969 3664 Desinit:
3004 3609 3157 3673 Quis,
3198 3612 3428 3679 inquam,

1857 3685 1956 3735 nisi
1980 3683 2260 3736 obediendo
2282 3681 2588 3745 doctoribus,
2621 3691 2667 3734 et
2690 3681 2820 3733 vitiis
2841 3690 2889 3750 et
2913 3681 3178 3750 injustitiis
3200 3695 3263 3732 ex
3283 3680 3429 3748 cupi-

1858 3753 2018 3804 ditate
2066 3751 2389 3804 nascentibus
2435 3750 2736 3814 resistendo,
2769 3749 3079 3816 deﬂectendo
3110 3759 3336 3817 peccata,
3381 3754 3430 3799 et

1857 3839 1917 3874 ea
1939 3821 2152 3890 jejuniis
2176 3830 2326 3888 atque
2354 3821 2684 3890 eleemosynis
2706 3815 3018 3890 redimendo,
3047 3815 3149 3872 etc.
3186 3815 3253 3890 Ut
3279 3829 3432 3885 supe-

1857 3886 1968 3944 rior
1990 3886 2190 3955 pariter
2216 3886 2282 3942 ab
2329 3889 2513 3942 iisdem
2543 3886 2834 3942 editoribus
2861 3889 3105 3956 vulgatus
3132 3896 3215 3940 est
3240 3886 3429 3956 inap-

1897 3953 2082 4012 endice
2111 3975 2273 4014 serm.
2325 3959 2494 4012 sancti
2537 3958 2814 4024 Augustini
2858 3953 3003 4010 num.
3039 3955 3126 4018 63,
3150 3969 3268 4024 pag.
3301 3953 3426 4024 δῷ.

1888 4028 1998 4081 ἰὶΙιὶι
2028 4043 2155 4095 ergo
2179 4044 2276 4081 nos
2301 4033 2480 4081 movet
2503 4022 2793 4080 auctoritas
2820 4025 2943 4081 cod.
2977 4022 3234 4078 Parisien.
3268 4022 3429 4089 5785,

1858 4099 1949 4164 qui
1979 4099 2145 4151 sancti
2176 4097 2388 4150 Maximi
2418 4111 2614 4150 nomen
2634 4095 2805 4150 defert
2826 4095 3156 4164 inscriptum.

1948 4185 2177 4240 SERMO
2205 4185 2223 4238 l
2253 4187 2306 4238 in
2328 4185 2500 4256 vigilia
2545 4186 2892 4255 apostolorum
2919 4183 3064 4236 Petri
3087 4192 3135 4237 et
3164 4181 3319 4235 Pauli

1932 4276 2177 4328 Natalem
2201 4277 2349 4328 hodie
2379 4277 2654 4344 adjuvante
2679 4275 2902 4329 Domino
2929 4275 3277 4342 apostolorum
3300 4272 3436 4344 cete--

1861 4344 2084 4407 bramus,
2118 4362 2339 4416 quorum
2358 4341 2656 4416 memoriam
2684 4347 2947 4416 universus
2964 4341 3196 4416 mundus
3223 4341 3436 4410 amplec-

1859 4418 2001 4473 titur.
2034 4423 2137 4467 etc.
2167 4414 2401 4466 Desinit:
2433 4413 2619 4482 Magus
2644 4415 2793 4477 volat,
2820 4414 2906 4466 ille
2933 4417 3039 4466 alta
3061 4413 3206 4482 petit,
3235 4421 3290 4463 ut
3313 4426 3437 4479 pro-

1861 4484 2068 4553 fundius
2098 4484 2363 4545 cadat;-tu
2387 4481 2540 4536 terra
2567 4492 2717 4551 caput
2746 4483 2997 4553 applicas,
3030 4491 3085 4553 ut
3116 4481 3294 4534 calum
3321 4497 3439 4553 pos-

1861 4548 2030 4605 sideas
2067 4553 2419 4618 interemptus,
2445 4548 2722 4617 prastante
2747 4548 2872 4614 Deo,
2905 4560 3009 4605 etc.
3043 4549 3169 4605 Post
3209 4558 3290 4603 tot
3321 4548 3440 4602 exi-

1863 4622 1997 4673 mias
2025 4622 2196 4673 sancti
2216 4619 2448 4674 Maximi
2491 4622 2658 4676 nostri
2688 4621 2958 4673 orationes
2987 4620 3053 4673 de
3082 4620 3283 4672 sanctis
3311 4634 3442 4686 apo-

1865 4691 2014 4743 stolis
2044 4687 2202 4743 Petro
2233 4698 2286 4742 et
2314 4687 2500 4750 Paulo,
2534 4705 2665 4757 quas
2712 4704 2869 4757 supra
2902 4687 3172 4756 dedimus,
3221 4687 3440 4741 rationis

1864 4774 2077 4811 sensum
2107 4759 2348 4812 amisisse
2377 4759 2702 4824 videremur,
2725 4759 2768 4811 si
2801 4757 3063 4814 infelicem
3094 4759 3232 4810 hanc
3259 4757 3442 4809 verbo-

1863 4843 1980 4880 rum
2011 4827 2313 4893 congeriem
2345 4827 2392 4880 ci
2422 4827 2923 4892 adiudicaverimus.
2970 4826 3113 4879 Bene
3155 4826 3444 4879 adnotatur

1865 4911 2043 4949 sermo
2092 4897 2391 4962 exscriptus
2446 4911 2513 4948 ex
2563 4895 2749 4949 codice
2793 4895 2934 4948 5817
2969 4896 3150 4949 szeculi
3180 4911 3287 4957 xlv,
3320 4908 3444 4947 nam

1864 4965 1961 5017 aevi
1989 4965 2129 5016 illius
2157 4963 2456 5017 infelicitati
2483 4965 2789 5032 respondet.

1990 5071 2258 5126 SERMOI
2287 5070 2340 5124 in
2367 5069 2532 5126 natali
2569 5077 2736 5127 sancti
2761 5067 3027 5128 Laurentii
3055 5075 3318 5145 martyris.

1939 5162 2084 5234 Beati
2110 5155 2413 5234 [furentia
2424 5163 2613 5234 fratres
2637 5164 2910 5229 carissimi,
2929 5182 3056 5230 naria
3083 5165 3330 5234 festivitas
3352 5162 3447 5216 Ec-

1869 5231 2076 5303 clesiam
2107 5231 2206 5303 Dei
2237 5231 2430 5303 jugiter
2444 5232 2505 5303 in
2531 5234 2722 5302 gaudia
2761 5234 2954 5286 latitia
2982 5231 3230 5303 spiritalis
3260 5249 3444 5286 accen-

1869 5301 1964 5361 dit,
1998 5307 2122 5382 .etc.
2160 5299 2400 5382 Desinit:
2435 5299 2547 5379 Pro
2579 5303 2820 5382 flamma,
2852 5299 3026 5382 quam;
3056 5299 3266 5382 prendit
3310 5303 3447 5382 apud

1868 5368 2567 5441 omnipotentem_Dominum
2585 5368 2901 5441 incorrupta:
2927 5368 3448 5441 lucis'illuminatione

1870 5437 2242 5514 gaudere,_etc.
2276 5435 2421 5491 Inter
2453 5435 3048 5514 homiliasdeﬁanctis
3079 5443 3182 5514 col.
3215 5438 3308 5514 541
3335 5439 3447 5514 jam

1870 5505 2273 5575 publicavimus,
2307 5523 2407 5560 nec
2457 5505 2598 5562 aliud
2629 5509 2927 5563 addendum
2977 5511 3230 5575 occurrit,
3261 5505 3451 5575 nisiut

1869 5571 1897 5624 a
1929 5574 2113 5651 codice
2146 5571 2434 5630 Parisi'ensi
2466 5575 2601 5630 3809
2624 5579 2941 5634 sententiam
2987 5571 3227 5634 no:tram
3249 5573 3439 5633 conﬁr‘

1872 5658 2004 5695 ﬂlal'l
2039 5657 2369 5698 moneamus.
