3896 6250
421 380 515 436 ’ΠΙ
1632 378 1687 431 S.
1727 377 1970 432 MAXIM!
2009 378 2027 431 'l

2128 377 2456 433 lRlNENSlS

421 502 480 548 et
501 491 798 560 proximum
826 502 1162 560 summopere
1191 487 1862 560 commendet,umidaque
1891 488 2003 555 ejus
2035 487 2463 560 mandata_hu_nc_
2481 487 2545 537 ad
2570 486 2732 560 linem
2763 486 3095 560 dirigantur?
3131 487 3338 544 inda-is
3377 499 3562 541 autem
3595 505 3693 560 sn-

461 555 589 612 erbe
622 557 945 626 jactantibus
971 570 1027 608 se
1075 565 1277 623 patrem
1307 555 1800 626 habere/thraham
1823 567 1992 626 atque
2031 558 2238 623 signum
2270 555 2516 626 _fa:.leris_
2533 555 2648 626 ejus
2675 569 2770 608 sua
2811 556 3066 626 in_car_ne
3112 568 3349 624 gestare,
3384 559 3696 626 respondet

461 577 589 612 erue
622 577 945 626 laetantibus
971 577 1027 608 St’.
1075 577 1277 623 μειινθιη
1310 577 1507 608 ιιῖιυρῐυ
1537 577 1800 608 ΛυΓιΙΙΙέΙΙΙΙ
1831 577 1992 623 atque
2031 577 2238 623 Slb’lllllll
2281 577 2495 607 ιωιητηδ
2533 577 2648 620 ⁸31115
2675 577 2770 608 sua
2811 577 2861 607 Ill
2903 577 3066 609 carne
3112 577 3349 624 gcsuwe,
3384 577 3696 624 Γεδροαικι

423 577 706 689 ﬂeximus,
739 626 1001 678 Abraham
1033 640 1138 676 non
1169 640 1236 676 ex
1281 624 1683 692 circumcisione
1704 624 2052 691 justilieatum
2080 639 2218 684 esse,
2252 623 2462 676 dicente
2487 623 2760 692 Scriptura
2783 624 2944 678 verbo
2985 624 3079 678 Dei
3104 626 3422 691 credidisse,
3453 625 3698 692 ejusque

427 695 852 749 benedictionem
875 702 1220 746 consecutum
1273 691 1328 743 Si
1359 705 1488 758 ergo
1515 692 1625 760 ipsi,
1643 691 1733 745 ﬁlii
1761 692 1990 746 Abraba:
2015 701 2352 759 reputantur,
2380 707 2503 744 cum
2533 692 2583 744 in
2610 691 3020 760 Redemptorem
3050 694 3335 747 credentes
3372 691 3694 746 imitentur.

429 762 642 816 Frustra
672 762 811 813 enim
841 775 906 814 ex
937 761 1361 822 circumcisione,
1414 761 1583 826 inquit
1607 759 2225 829 S.hdoctor,ipr:emium
2253 761 2440 829 salutis
2470 759 2826 829 exspectant;’
2855 776 2977 814 cum
3025 763 3137 829 ipsa
3169 763 3219 814 in
3250 763 3463 828 signum
3493 761 3698 812 datum

429 830 580 882 fuerit
613 830 840 896 generis,
866 838 920 882 et
939 837 1071 898 ante
1091 828 1259 896 ipsum
1292 828 1445 891 Abel,
1478 829 1637 891 Enos,
1664 827 1873 892 Enoch,
1899 827 2011 882 Noe
2039 837 2096 898 et
2120 828 2504 898 Melchisedech
2526 827 2779 882 sacerdos
2796 827 3103 898 summiDei
3121 831 3248 898 justi
3273 827 3538 897 appellati
3561 839 3699 882 sum

429 914 496 951 ex
528 895 647 957 ﬁde,
680 905 859 950 etnon
881 895 1170 950 secundum
1195 911 1410 950 carnem
1435 898 1734 950 circumcisi
1761 899 1991 966 fuerunt.
2023 897 2157 950 Cum
2186 904 2362 966 autem
2390 895 2508 949 ﬁnis
2539 898 2669 966 legis
2697 899 2852 966 705
2881 898 2948 966 sit
2978 895 3236 961 Christus,
3260 895 3418 949 vet—us
3447 899 3546 966 illa
3578 899 3698 950 cir-

430 967 684 1019 cumcisio
713 967 949 1018 habenda
977 974 1056 1018 est
1087 975 1336 1033 tanquam
1365 966 1662 1033 symbolum
1689 981 1796 1033 quo
1821 965 2002 1018 ﬁdeles
2032 966 2098 1018 ab
2121 965 2384 1018 illecebris
2405 965 2578 1018 carnis
2599 964 2842 1025 caveant,
2869 964 3128 1018 idolorum
3160 966 3425 1033 vanitates
3445 965 3696 1031 fugiant,

431 1043 485 1087 et
535 1035 910 1103 cupiditatibus
953 1034 1132 1086 seculi
1168 1032 1720 1100 modumimponant.
1757 1033 1820 1086 In
1869 1033 1992 1087 Iesu
2023 1034 2248 1098 Christo,
2277 1034 2540 1103 scribebat
2582 1035 2868 1100 Apostolus
2894 1033 3113 1103 Calatis,
3144 1032 3321 1103 Neque
3347 1035 3700 1087 circumcisio

434 1103 627 1170 aliquid
656 1102 803 1173 valet,
830 1100 986 1172 ueilne
1013 1103 1336 1173 praeputium,
1366 1103 1456 1173 sed
1475 1103 1622 1171 ﬁdes,
1648 1119 1762 1173 qum
1788 1118 1878 1170 per
1906 1104 2173 1173 caritatem
2199 1112 2437 1173 operatur
2458 1101 2656 1173 (Ga‘lqt.
2685 1106 2754 1167 v).
2786 1103 2863 1154 Ad
2893 1102 3126 1155 cmlestia
3150 1100 3309 1165 enim,
3335 1118 3444 1154 non
3461 1103 3547 1173 ad
3575 1111 3700 1173 ter:

433 1169 561 1224 retia
591 1185 708 1225 cum
739 1169 979 1223 Christus
1016 1169 1188 1223 homo
1235 1169 1488 1233 cmlestis,
1518 1178 1576 1223 ut
1604 1169 1724 1224 eum
1767 1169 2002 1238 appellat
2031 1171 2336 1238 Apostolus,
2385 1186 2510 1222 suos
2546 1169 2775 1224 advocet
2815 1180 3123 1230 sectatores,
3157 1185 3261 1222 non
3290 1170 3702 1238 carnaliatsied

433 1239 728 1306 spiritualia
755 1254 917 1306 opera
955 1239 1032 1291 eis
1061 1239 1317 1306 pnccipit,
1349 1240 1539 1306 quibus
1564 1239 1728 1302 Deum
1759 1237 1868 1306 prae
1906 1237 2316 1305 oculis’semper
2347 1239 2621 1297 habentes,
2665 1239 2840 1291 omnia
2875 1239 2926 1290 in
2957 1239 3071 1304 ejus
3098 1238 3536 1306 gloriamiagant.
3574 1237 3705 1292 Hoc

433 1304 692 1374 viviﬁcatil
711 1304 920 1374 spiritu,
941 1304 1123 1374 jugmn
1147 1304 1277 1376 legis
1298 1304 1413 1374 ejus
1441 1322 1622 1370 suave,
1655 1316 1709 1359 et
1735 1304 1871 1376 uinus
1901 1304 2270 1359 mandatorum
2303 1307 2417 1359 leve
2445 1309 2822 1376 experiuntur;
2846 1310 2986 1376 quod
3020 1307 3130 1373 ipse
3157 1320 3277 1376 eum
3305 1305 3700 1376 diligentibus,

433 1390 532 1428 suo
559 1373 827 1442 nunquam
857 1373 1254 1439 deest’auxilio,
1289 1386 1345 1428 ut
1371 1383 1628 1428 :cternatn
1657 1376 1754 1428 sibi
1784 1375 2463 1442 salutem-promereantnr.
2495 1375 2704 1427 Jmlzcos
2733 1391 2859 1428 vero
2879 1373 3141 1442 jactantes
3166 1373 3409 1426 Hessiam
3439 1373 3704 1427 futurum

435 1456 638 1508 regem,
667 1441 826 1509 atque
855 1459 973 1496 cum
1004 1445 1172 1509 gloria
1199 1452 1253 1495 et
1276 1444 1552 1510 majestate
1581 1452 1884 1508 venturum,
1915 1441 2096 1495 multis
2116 1441 2357 1496 cenfutat
2384 1443 2514 1495 Novi
2544 1443 2868 1496 Testamcnti
2886 1441 3146 1504 oraculis,
3167 1455 3392 1510 quorum
3417 1443 3617 1510 aliqua
3646 1445 3704 1495 in

437 1511 608 1580 primo
649 1510 844 1564 Chriin
871 1511 1100 1563 adventu
1150 1513 1382 1579 perfecte
1419 1511 1708 1579 adimpleta
1753 1511 2120 1574 demonstrat;
2153 1512 2355 1579 reliqua
2387 1513 2437 1564 in
2468 1511 2700 1564 secundo
2746 1511 3076 1580 adimplenda
3107 1518 3433 1580 supersunt,
3459 1512 3705 1577 quando

424 1578 662 1658 .Scilicet,
693 1580 850 1658 utait
878 1578 1204 1658 Augustinus
1236 1581 1309 1658 (rt)
1338 1596 1459 1658 cum
1489 1578 1732 1658 claritate
1759 1580 2256 1658 potentizn‘vencrit.
2275 1578 2425 1658 Quot
2451 1589 2753 1658 quantaque
2779 1578 2846 1630 ab
2873 1578 2939 1658 eo
2966 1579 3192 1658 cmlestis
3212 1578 3486 1645 sapientiae
3518 1579 3708 1658 ἀραι-

436 1656 616 1699 ntenta
642 1646 961 1700 audierunt?
987 1647 1206 1711 Quoties
1244 1645 1451 1702 divinas
1479 1649 1594 1714 ejus
1632 1645 1875 1701 admirati
1905 1653 2030 1699 sunt
2055 1648 2320 1700 virtutes?
2347 1647 2514 1711 Quam
2544 1645 2682 1714 saepe
2713 1648 2986 1712 languidos
3009 1647 3072 1699 ad
3104 1647 3259 1711 vires,
3290 1660 3463 1711 trgi-os
3493 1645 3577 1698 ad
3612 1664 3708 1699 sas

436 1716 681 1784 nitatem,
714 1725 957 1784 mortuos
997 1716 1158 1768 etiam
1205 1717 1269 1767 ad
1297 1717 1460 1769 vitam
1491 1717 1557 1769 ab
1597 1717 1712 1784 ipso
1741 1716 2017 1768 restitutos
2046 1716 2426 1784 inspexerunt?
2459 1717 2522 1766 At
2552 1724 2669 1782 post
2701 1716 2811 1768 lure
2852 1716 3048 1779 omnia,
3074 1715 3218 1782 impii
3246 1715 3706 1782 blasphemantes

437 1782 641 1852 Jesum,
671 1798 794 1852 eum
823 1783 1145 1852 dzcmonium
1174 1785 1370 1838 habere
1399 1782 1667 1844 dixerunt,
1698 1785 2032 1852 arreptisque
2062 1782 2585 1852 lapidibusfurentes
2627 1784 2676 1834 in
2709 1784 2852 1835 illum
2881 1785 3163 1835 irrucrunt.
3200 1784 3274 1834 l'lo
3303 1799 3472 1852 usque
3495 1786 3622 1850 egit
3652 1786 3707 1836 in

440 1852 572 1918 ipsis
599 1851 808 1903 invidus
837 1851 994 1916 livor,
1024 1860 1078 1904 et
1106 1867 1244 1905 caeca
1277 1852 1515 1918 perﬁdia,
1547 1861 1603 1904 ut
1627 1850 1834 1919 justum
1853 1860 1908 1905 et
1938 1850 2294 1913 innocentem,
2327 1850 2616 1905 beneﬁcum
2644 1860 2698 1903 et
2725 1854 3041 1903 salvatorem
3070 1852 3243 1903 crucis
3271 1866 3333 1902 su
3373 1851 3542 1919 plicio
3573 1855 3705 1903 afli-

439 1927 624 1988 cerent
669 1927 829 1985 atque
858 1934 888 1972 e
928 1920 1059 1988 vivis
1105 1921 1542 1974 exterminarent.
1583 1918 1675 1974 llis
1706 1936 1810 1974 non
1856 1928 1966 1972 tam
2017 1920 2190 1974 verbis
2227 1934 2384 1986 quam
2415 1918 2808 1988 Scripturarutn
2856 1919 3168 1988 testimoniis
3206 1918 3530 1988 persolutis,
3579 1937 3709 1973 om-

442 1986 532 2041 nia
579 1987 847 2052 inuitum
897 2003 928 2040 a
976 1987 1206 2056 Maximo
1247 1998 1607 2056 congeruntur
1651 1997 1980 2056 argumenta,
2008 1988 2226 2056 quibus
2268 1998 2453 2041 contra
2490 1986 2699 2042 Jud:eos
2741 1987 2922 2040 Jesum
2964 1986 3228 2056 Christum
3275 2002 3463 2056 verum
3495 1987 3704 2050 Deum,

442 2069 735 2123 verumque
760 2055 1055 2120 hominem,
1090 2053 1498 2122 Redemptorem
1529 2053 1768 2109 nostrum
1794 2053 2114 2109 audiendum
2143 2063 2198 2109 et
2231 2056 2556 2108 adorandum
2580 2056 2980 2109 demonstravit.
3012 2053 3081 2107 Ut
3109 2056 3324 2123 tandem
3355 2055 3425 2108 ab
3453 2057 3708 2110 olnlura-

443 2123 590 2176 tione
614 2122 954 2191 resipiscam,
985 2133 1145 2190 atque
1175 2124 1227 2176 in
1260 2123 1474 2177 Christo
1506 2127 1681 2178 lumen
1714 2126 1954 2179 veritatis
1978 2127 2256 2193 aspiciant,
2287 2125 2407 2177 vita:
2439 2133 2649 2176 interna:
2679 2123 3028 2192 promissione
3055 2122 3392 2177 adhortatur.

513 2243 590 2311 (α)
620 2241 697 2296 De
715 2239 872 2294 Civil.
905 2241 998 2294 Dei
1041 2241 1133 2293 lib.
1161 2257 1305 2302 xvtu,
1339 2256 1456 2309 cap.
1493 2240 1576 2292 45.

1361 2471 2028 2584 SANCTI
2097 2472 2794 2582 MAXIM!

886 2673 3231 2908 TBACTATUS.

1441 3085 2131 3170 TRACTATUS
2208 3023 2720 3196 PRIMUS.

1804 3217 1888 3270 DE
1923 3215 2257 3270 BAPTISMO
2284 3224 2329 3270 ⁸.
2595 3228 2600 3232 ‘

519 3341 681 3412 709
707 3337 893 3394 Omnis
918 3337 1134 3406 quidem
1181 3334 1276 3389 Dei
1317 3346 1525 3394 sermo,
1575 3330 1603 3368 δ
1655 3329 1861 3390 fratres,
1893 3343 2016 3382 cum
2045 3333 2092 3390 Α
2120 3333 2240 3381 acto
2277 3329 2386 3394 1am
2423 3327 2796 3397 mysteriorum
2839 3329 3058 3397 ordine,
3084 3331 3408 3400 exponimus
3447 3335 3608 3390 vobis
3638 3353 3709 3393 ea

449 3431 599 3486 ornni
629 3429 925 3483 intentione
944 3435 999 3482 et
1018 3425 1290 3493 diligentia
1312 3423 1503 3477 mentis
1526 3421 1684 3475 debet
1705 3419 1894 3484 audiri,
1923 3418 2017 3472 sed
2118 3429 2235 3484 qua:
2263 3423 2384 3471 ante
2413 3416 2749 3480 tradidimus,
2776 3433 2842 3472 ne
2863 3418 2986 3472 dum
3008 3420 3182 3474 minus
3202 3422 3500 3490 intelligitis
3525 3425 3710 3480 divini

453 3517 543 3572 hic
581 3517 814 3570 maxime
851 3529 1014 3582 quem
1043 3513 1200 3566 hodie
1239 3511 1306 3563 ad
1347 3510 1621 3563 caritatem
1651 3516 1878 3560 vestram
1919 3505 2016 3558 ha-

2128 3505 2354 3574 rnysterii
2382 3506 2712 3573 dignitatem,
2751 3507 2926 3562 minus
2973 3508 3101 3562 illud
3128 3509 3424 3577 pretiosum
3471 3515 3708 3581 putetis.

453 3608 618 3662 hituri
647 3619 852 3659 sumus.
882 3603 1007 3657 Ideo
1034 3601 1197 3666 enim,
1218 3599 1447 3652 dimissis
1469 3596 1580 3664 jam
1605 3595 2016 3658 catechumenis,
2120 3595 2272 3660 Quod
2299 3597 2344 3649 si
2375 3597 2772 3662 intellexeritis,
2815 3598 3059 3656 videbitis
3105 3601 3284 3653 omnia
3324 3616 3448 3669 quae
3493 3603 3543 3655 in
3592 3603 3715 3660 hoc

453 3711 554 3750 vos
583 3703 788 3748 tantum
815 3691 882 3744 ad
911 3688 1231 3744 audiendum
1272 3685 1613 3750 retinuimus;
1662 3684 1785 3753 quia
1830 3691 2022 3752 prmter
2120 3688 2318 3742 mundo
2357 3689 2585 3756 pretiosa
2614 3689 2920 3756 creduntur,
2951 3691 3083 3743 tanti
3111 3695 3428 3746 sacramenti
3473 3710 3714 3765 compa.

454 3785 544 3841 illa
590 3797 710 3850 quze
755 3794 942 3834 omnes
982 3777 1314 3832 Christianos
1359 3773 1608 3829 convenit
1648 3773 1700 3826 in
1737 3786 2021 3828 commune
2121 3776 2329 3830 ratione
2354 3786 2376 3812 ⁸
2399 3791 2515 3830 esse
2536 3777 3160 3834 vilissima.Recordetur
3178 3795 3304 3849 ergo
3324 3784 3715 3854 unusquisque

454 3857 679 3927 servare.
723 3868 1026 3936 specialiter
1069 3865 1137 3918 de
1163 3863 1464 3920 cmlestibus
1503 3862 1768 3932 mysteriis
1795 3861 2021 3916 locuturi
2124 3871 2357 3917 vcstrum
2411 3865 2643 3932 singulas
2695 3867 3067 3937 mysteriorum
3118 3871 3357 3939 species,
3405 3890 3543 3942 quas
3601 3891 3716 3946 per

456 3975 665 4024 sumus,
693 3971 812 4026 qua:
839 3955 1020 4009 audire
1048 3969 1153 4007 non
1180 3960 1419 4022 possunt,
1444 3951 1542 4005 nisi
1569 3951 1658 4019 qui
1686 3965 1768 4016 ea,
1791 3950 2023 4003 donante
2122 3962 2382 4022 nostrum,
2410 3956 2641 4010 donante
2670 3957 2912 4024 Domino,
2943 3959 3074 4012 estis
3113 3960 3467 4016 ministerium
3496 3979 3676 4021 eonse

455 4052 565 4120 jam
592 4047 841 4107 Domino,
874 4050 1246 4113 perceperunt.
1288 4040 1460 4094 Tanto
1488 4054 1615 4107 ergo
1644 4040 1844 4108 majore
1871 4054 2023 4093 reve-
2121 4044 2260 4108 cuti,
2292 4053 2345 4098 et
2373 4060 2435 4098 ea
2472 4059 2589 4113 qua:
2621 4057 2745 4100 tunc
2786 4047 3096 4116 simpliciter
3137 4057 3194 4103 et
3238 4048 3466 4106 ﬁdeliter
3510 4066 3715 4110 susce-

456 4137 628 4194 rentia
657 4135 862 4188 debetis
900 4132 1086 4186 audire
1129 4145 1247 4199 qua:
1292 4129 1531 4194 dicimus,
1579 4137 1778 4197 quanto
1818 4128 2022 4196 majora
2120 4134 2302 4202 pistis,
2334 4137 2492 4206 710
2521 4151 2660 4190 nunc
2703 4137 2979 4205 intclligite
3021 4138 3336 4207 prudenter,
3391 4149 3448 4194 ut
3497 4144 3706 4199 melius

460 4227 560 4280 ista
589 4232 713 4278 sunt
741 4236 860 4291 qua:
886 4221 1014 4275 solis
1041 4219 1323 4289 baptizatis
1345 4227 1399 4272 et
1427 4216 1665 4270 ﬁdelibus
1694 4213 2023 4270 auditoribtis
2123 4224 2337 4292 possitis
2393 4225 2666 4279 inteneaa
2719 4240 2954 4281 servare.
3019 4227 3282 4298 [Inprimis
3333 4240 3485 4285 cene
3536 4248 3714 4288 am

461 4316 890 4377 committuntur,
936 4325 1094 4381 quam
1141 4311 1230 4364 illa
1274 4325 1392 4379 qua:
1446 4310 1606 4364 etiam
1657 4308 2023 4363 catechutneni
2124 4321 2328 4366 vestras
2356 4313 2477 4366 oleo
2503 4312 2891 4370 benedictionis
2916 4315 3282 4381 oblinivimus;
3312 4319 3409 4372 sed
3438 4320 3509 4374 ob
3532 4337 3707 4390 quam

460 4406 646 4460 audire
669 4408 1078 4458 consueverunt.
1105 4399 1218 4454 Non
1245 4408 1421 4452 autem
1459 4398 1638 4451 mirari
1666 4397 1890 4462 debetis,
1921 4396 2024 4450 fra—
2123 4416 2355 4466 causam,
2405 4403 2693 4457 secundum
2743 4404 3082 4460 traditionem
3126 4407 3578 4477 ecclesiasticam,
3633 4401 3718 4465 ab

461 4503 570 4548 tres
598 4491 880 4553 carissimi,
904 4488 1046 4556 quod
1071 4488 1223 4541 vobis
1252 4488 1389 4541 inter
1410 4488 1522 4555 ipsa
1549 4486 1798 4557 mysteria
1820 4486 1886 4539 de
1910 4501 2025 4554 my-
2125 4491 2370 4544 omnibus
2389 4491 2657 4545 catholicis
2670 4491 2864 4547 Christi
2887 4494 3251 4550 sacerdotibus
3266 4497 3379 4561 ﬁat,
3394 4500 3705 4565 agnoscite.

459 4585 638 4640 steriis
663 4581 796 4635 nihil
822 4579 1068 4642 diximus,
1111 4577 1253 4646 quod
1283 4591 1389 4631 non
1416 4577 1596 4630 statim
1623 4592 1685 4630 ea
1712 4590 1830 4647 qum
1859 4575 2024 4629 tradi-

2128 4580 2377 4635 lntroitus
2398 4582 2517 4635 ﬁdei
2549 4592 2602 4635 et
2630 4584 2794 4637 totius
2817 4593 3013 4640 sanctae
3037 4585 3294 4640 doctrina:
3320 4590 3334 4624 ί
3363 4589 3432 4641 ad
3463 4589 3707 4644 animam

457 4676 633 4730 limus
679 4668 1008 4739 interpretati
1035 4682 1235 4722 sumus.
1284 4675 1307 4704 ο
1354 4665 1700 4720 Adhibuimus
1744 4665 1885 4718 enim
1915 4672 2023 4716 tam
2053 4678 2099 4738 Β
2125 4685 2220 4739 per
2238 4685 2394 4725 aures
2408 4670 2723 4739 admittitur,
2746 4681 2801 4728 et
2818 4673 2885 4728 de
2904 4675 3085 4729 auditu
3106 4676 3413 4732 intellectus
3431 4681 3702 4736 exoritur.

459 4763 658 4820 sanctis
685 4761 844 4814 rebus
871 4767 1031 4826 atque
1059 4755 1252 4809 divinis
1272 4754 1531 4810 honorem
1559 4753 1778 4821 silentii,
1806 4761 1864 4806 et
1888 4752 2028 4805 inter
2127 4758 2308 4827 Neque
2335 4761 2474 4814 enim
2502 4769 2681 4830 potest
2727 4763 2917 4831 aliquis
2955 4763 3080 4818 ﬁdei
3107 4777 3447 4822 sacramenta
3488 4783 3703 4836 cogno-

462 4853 582 4908 illos
609 4863 794 4904 sacros
820 4845 1202 4918 mysteriorum
1225 4853 1512 4914 apparatus
1538 4859 1569 4897 a
1598 4842 1822 4898 docendi
1847 4857 2026 4897 cessa-
2124 4861 2294 4913 scere,
2350 4850 2454 4904 nisi
2503 4849 2684 4904 audiat
2731 4853 3126 4920 prtedieantem,
3176 4854 3484 4911 afﬁrmante
3535 4857 3704 4913 beato

3579 380 3695 434 77?.

457 2343 3660 2378 Μ

1361 2974 2769 3010 ρ*-

461 4958 579 4997 mus
606 4941 806 5004 ofﬁcio,
856 4945 915 4991 ut
957 4944 1156 4990 tantam
1202 4934 1393 4989 divina:
1443 4936 1626 5002 gratiae
1670 4935 2028 5002 majestatent,

459 5048 579 5103 qua:
606 5032 763 5098 digne
791 5027 950 5081 nullis
976 5026 1249 5079 hominum
1297 5024 1515 5078 vocibus
1553 5024 1804 5093 explicari
1830 5032 2028 5091 potest,

461 5123 688 5191 amplius
718 5115 944 5172 tacendo
973 5128 1309 5168 veneremur.
1340 5113 1445 5167 Sed
1472 5114 1594 5180 quia
1624 5113 1812 5166 instrui
1837 5113 1888 5165 in
1915 5127 2031 5165 om-

461 5213 616 5266 nibus
630 5217 683 5263 et
693 5206 873 5262 doceri
887 5211 1116 5259 vestram
1132 5201 1472 5256 dilectionem
1483 5216 1700 5256 necesse
1710 5209 1791 5255 est
1805 5200 1850 5265 τί,
1868 5209 2030 5255 trans-

530 5361 558 5388 ι
580 5349 786 5404 Titulus
805 5345 944 5416 apud
965 5343 1302 5399 Sirmundum
1324 5351 1436 5398 est:
1461 5342 1641 5416 Sermo
1663 5341 2027 5416 deneophytis.

462 5419 546 5473 Ea:
564 5400 872 5474 o—le'osuuctc
888 5431 1037 5468 aures
1060 5423 1110 5467 et
1131 5430 1282 5465 nares
1303 5429 1334 5464 a
1354 5400 1698 5464 sacerdotibus
1718 5400 2024 5464 illinimi'tur.

459 5490 543 5544 Ab
571 5504 640 5543 eo
665 5493 793 5541 sunt
820 5484 1089 5538 variantes
1115 5481 1388 5535 addendac.

532 5559 558 5596 ι)
587 5555 801 5610 Fratres
829 5553 1103 5606 carissimi.

534 5638 558 5668 ο
589 5625 716 5681 Post
744 5625 858 5679 hmc
887 5623 1050 5676 editio
1076 5620 1238 5676 habet
1264 5637 1277 5673 :
1309 5620 1444 5690 quod
1471 5628 1605 5676 certe
1633 5635 1732 5672 non
1764 5616 2024 5687 negligen-

2127 4936 2418 5005 Apostolo,
2468 4939 2560 5005 qui
2604 4938 2775 4993 dicit:
2809 4936 3072 5003 Quomodo
3111 4951 3278 4996 autem
3325 4946 3541 4999 audient
3583 4949 3702 5002 sine

2127 5027 2475 5096 medicante?
2502 5035 2556 5080 et
2583 5043 2766 5083 rursus
2790 5046 2803 5080 :
2832 5026 2974 5098 Ergo
2999 5031 3128 5097 ﬁdes
3165 5048 3231 5085 ea:
3256 5034 3459 5099 auditu,
3490 5037 3702 5091 auditu

2127 5127 2299 5170 autem
2324 5134 2413 5187 per
2439 5117 2641 5171 verbum
2669 5116 2768 5170 Dei
2798 5117 2972 5185 (Rom.
2997 5119 3074 5188 x).
3106 5119 3272 5175 Recte
3300 5136 3432 5190 ergo
3457 5124 3548 5178 illo
3575 5126 3702 5180 oleo

2130 5205 2248 5274 ejus
2275 5222 2459 5261 sensus
2486 5220 2684 5274 organa
2712 5206 3132 5278 sanctiﬁcantur,
3173 5210 3290 5264 sine
3334 5227 3443 5281 quo
3475 5213 3602 5269 ﬁdes
3628 5216 3700 5270 ad

2133 5341 2228 5417 tia,
2255 5341 2441 5417 inuia-in
2481 5341 2640 5417 sacris
2680 5340 2826 5417 rebus
2849 5350 3005 5417 utque
3031 5343 3217 5395 divinis
3244 5349 3570 5417 sacrilegium
3599 5363 3694 5414 est,

2128 5412 2221 5480 sed
2247 5410 2492 5480 religione
2520 5409 2750 5480 terimus.
2782 5409 3133 5476 Adltibuimtts,
3163 5420 3268 5466 etc.

2199 5477 2225 5513 ἀ
2259 5477 2540 5546 Transacto
2565 5477 2765 5545 quidem
2783 5480 2914 5546 jam.

2199 5557 2222 5584 ε
2254 5544 2524 5597 Otnittilur
2551 5544 2676 5597 esse.

2207 5614 2224 5651 ί
2258 5614 2338 5665 Ad
2368 5617 2620 5676 animum,
2648 5614 2717 5666 ita
2750 5611 2902 5668 infra.
