3896 6250
125 403 215 440 HO

1249 370 1652 429 TRACTATUS
1687 368 1727 424 l.
1769 369 1857 426 DE
1894 365 2247 424 BAPTISMO.

3242 362 3347 416 77b

111 499 342 553 animam
388 509 501 550 non
545 499 722 564 potest
747 488 1043 560 pervenire.
1085 483 1362 548 Simulque
1387 478 1594 532 venturi
1622 476 1689 530 ad
1715 485 1768 546 Α
1791 489 2059 544 nunquam
2087 474 2265 528 audita
2298 474 2311 522 l
2350 471 2662 530 contemnit.
2696 471 2772 525 llli
2801 469 2893 540 qui
2921 469 3102 525 obedit
3127 477 3183 524 et
3205 468 3350 536 facit,

113 587 468 656 baptismum,
501 589 561 635 ut
598 594 756 634 aures
804 591 930 631 suas
957 575 1024 628 ab
1068 571 1212 627 omni
1256 567 1399 622 malo
1444 575 1501 623 et
1546 565 1688 634 turpi

113 654 280 731 verba
331 673 642 744 impollutas
687 669 756 723 ad
802 667 962 721 linem
1009 677 1176 731 usque
1225 658 1560 722 custodiant,
1607 654 1692 709 vel

114 764 489 819 detrahentem
515 759 760 830 proximo
780 769 900 820 suo,
925 763 951 790 ι
980 752 1060 806 vel
1089 750 1320 805 obscena
1348 753 1404 800 et
1431 743 1694 814 impudica

118 855 433 920 loquentem
461 849 614 919 quasi
629 845 788 901 surdi
813 859 922 899 non
969 840 1206 900 audiant,
1237 836 1520 909 implentes
1548 834 1694 887 illam

119 939 319 997 divina:
342 937 632 1007 Scriptum
658 931 980 989 sententiam
1002 944 1107 997 qua
1127 927 1321 982 dicitur
1349 942 1362 976 :
1389 922 1511 994 Sepi
1539 936 1692 974 aures

121 1041 237 1083 tuas
283 1029 471 1099 spinis,
515 1035 564 1080 et
610 1025 715 1078 noli
756 1022 938 1075 audire
973 1020 1201 1089 linguam
1246 1029 1463 1084 nequam
1511 1009 1696 1081 (Eccli.

123 1135 308 1183 xxvm,
327 1116 436 1186 9.8).
455 1115 523 1169 Et
542 1113 697 1168 alibi:
716 1111 801 1166 Ne
819 1110 998 1164 credas
1019 1106 1217 1160 auditai
1237 1119 1386 1158 vano.
1405 1100 1468 1154 Et
1488 1113 1696 1186 rursus:

124 1206 213 1259 Da
242 1207 295 1258 in
325 1184 598 1276 disciplina
627 1217 716 1254 cor
751 1208 908 1261 tuum,
940 1205 989 1249 et
1015 1209 1147 1265 para
1175 1206 1350 1246 aurem
1380 1197 1517 1241 tuam
1540 1184 1701 1240 verbis

123 1293 416 1364 prudentia
441 1271 623 1359 (Prov.
650 1302 805 1351 xxm;
836 1284 999 1337 Eccli.
1022 1281 1103 1351 ιι).
1131 1279 1272 1347 Ergo
1301 1275 1537 1364 adhibita

124 1360 228 1436 bus
251 1380 433 1434 unctio
461 1385 643 1434 sancta
671 1372 956 1442 signiﬁcat,
991 1379 1049 1425 ut
1073 1382 1262 1424 omnes
1289 1373 1441 1420 extra
1466 1360 1704 1430 discipli-

128 1486 256 1524 nam
284 1481 580 1530 sermones,
619 1463 772 1532 quasi
799 1449 1056 1516 doctrina:
1083 1455 1282 1511 Christi
1309 1452 1338 1492 ι’
1368 1448 1708 1519 obloquentis

129 1565 446 1614 aversentur
473 1570 536 1609 ac
562 1553 783 1621 fugiant,
814 1563 978 1618 seque
1017 1547 1086 1601 ad
1129 1545 1244 1601 sola
1285 1542 1382 1597 Dei
1424 1539 1586 1595 verba
1614 1552 1710 1590 au-

129 1639 329 1702 dienda
370 1650 716 1707 convertant,
747 1640 872 1708 quia
905 1651 927 1676 ο
975 1637 1107 1690 illita
1135 1633 1258 1689 oleo
1286 1630 1524 1685 auditum
1553 1641 1709 1681 suum

132 1735 335 1790 Christi
358 1731 585 1800 eloquiis
610 1728 633 1766 ά
655 1731 1124 1784 conservaverunt.
1156 1723 1275 1792 Ipse
1296 1721 1436 1776 enim
1465 1715 1712 1772 Salvator

1788 565 2079 632 sapientia;
2109 564 2233 618 huic
2277 563 2366 630 qui
2413 563 2754 630 contempsit,
2794 560 3019 616 stultitia
3047 560 3350 630 deputatur.

1789 653 1883 708 Ille
1910 669 2071 722 super
2100 652 2325 708 solidum
2345 650 2569 705 :edillcat
2596 650 3012 718 fundamentum,
3041 650 3198 719 hujus
3216 665 3354 706 vana

1791 741 2092 806 aedificatio,
2116 747 2170 796 et
2191 741 2390 809 absque
2415 740 2758 796 fundamento
2778 737 2932 794 facile
2949 755 3137 795 casura
3158 740 3358 798 descri-

1792 833 1958 888 bitur.
1985 832 2065 887 lbi
2091 831 2373 898 stabilitas,
2419 830 2508 886 hic
2551 831 2706 886 ruina
2752 838 2852 896 est,
2883 839 2937 886 et
2963 831 3115 885 ruina
3142 845 3356 900 magna.

1795 922 1963 977 Nemo
2004 921 2149 975 enim
2183 922 2396 987 gravius
2421 919 2622 974 corruit
2647 934 2804 990 quam
2843 921 2952 988 qui,
2985 921 3166 976 audito
3191 921 3360 978 verba

1798 1010 1916 1077 Dei,
1964 1009 2029 1062 ad
2072 1006 2294 1078 peccata
2338 1009 2684 1072 convertitur,
2735 1017 2954 1078 propter
2997 1023 3116 1078 qua:
3160 1019 3361 1066 mterua
3425 1043 3427 1048 ε

1799 1097 2057 1167 supplicia
2108 1104 2403 1166 praeparata
2451 1104 2594 1151 sunt.
2648 1097 2760 1152 Vos
2812 1105 3025 1163 autem,
3083 1109 3362 1169 postquam

1800 1195 1992 1241 vestra:
2013 1200 2170 1240 aures
2188 1186 2308 1240 oleo
2326 1185 2610 1240 benedicta
2629 1193 2751 1239 sunt
2771 1185 2934 1248 illiue.
2957 1187 3214 1256 designati
3233 1191 3364 1246 estis

1803 1279 1856 1332 in
1885 1291 2108 1333 numero
2136 1276 2434 1331 auditorum
2456 1276 2786 1346 sapientum;
2819 1286 2877 1332 ut
2901 1288 3046 1333 recte
3073 1281 3366 1339 retinentes

1806 1365 1901 1419 Dei
1925 1364 2116 1428 verba,
2149 1365 2198 1418 id
2248 1372 2328 1418 est
2367 1379 2486 1434 quae
2533 1365 2752 1443 audistis
2798 1367 3097 1436 lmplentes,
3128 1372 3284 1443 712
3312 1375 3366 1428 in

1806 1452 1893 1506 die
1932 1451 2118 1521 judicii
2188 1452 2444 1506 audiatis
2479 1453 2629 1507 vobis
2695 1454 2965 1509 Christum
3035 1457 3302 1514 dicentem
3350 1480 3365 1515 :

1815 1540 2023 1604 Venite,
2056 1539 2319 1594 benedicti
2336 1539 2516 1594 Patris
2544 1543 2673 1609 mei,
2703 1545 2944 1616 suscipite
2972 1558 3209 1616 paratum
3229 1552 3370 1606 vobis
3405 1589 3408 1592 .

1807 1645 2020 1699 regnum
2067 1645 2100 1681 a
2146 1629 2507 1682 constitutione
2552 1630 2730 1683 mundi
2759 1630 2983 1701 (Matth.
3033 1635 3191 1705 xxv).
3241 1636 3371 1694 Illud

1812 1726 1989 1771 autem
2037 1733 2144 1771 non
2174 1719 2366 1778 otiose.
2415 1733 2588 1786 neque
2615 1720 2813 1787 absque
2850 1730 2994 1776 certa
3024 1725 3231 1780 ratione
3259 1728 3372 1798 my;

133 1823 374 1891 loquitur
402 1820 478 1874 adi
493 1819 728 1884 Patrem,
758 1824 812 1871 et
844 1813 914 1869 de
943 1811 1248 1868 obedientia
1277 1807 1540 1863 credentis
1571 1806 1623 1859 in
1652 1819 1712 1857 se
1745 1829 1788 1888 Β
1813 1804 1961 1858 sterii
1987 1802 2182 1859 factum
2209 1805 2427 1874 putetis,
2457 1807 2600 1874 quod
2629 1823 2784 1862 nares
2801 1823 3014 1879 quoque
3033 1821 3235 1868 vestras
3254 1815 3376 1870 oleo

139 1912 325 1982 populi
354 1911 631 1980 gloriatur,
672 1908 854 1962 dicens
888 1923 902 1958 :
951 1903 1278 1973 Sacriﬁcium
1315 1908 1364 1953 et
1407 1897 1713 1952 oblationem

136 2002 371 2066 noluisti,
416 2015 568 2052 aures
614 2005 783 2051 autem
830 1993 1087 2064 perfecisti
1134 1990 1259 2044 mihi
1299 1987 1469 2060 (Psal.
1507 1983 1712 2053 una).

137 2089 290 2143 Tunc
319 2088 461 2142 enim
501 2101 656 2140 aures
683 2099 812 2140 vere
851 2083 1082 2136 tidelium
1124 2078 1320 2135 Christi
1347 2075 1715 2148 perﬁciuntur,

137 2178 355 2249 quando
375 2178 502 2231 nihil
526 2184 720 2245 prater
740 2165 1030 2238 Christum,
1052 2179 1107 2226 et
1130 2186 1193 2225 ea
1211 2184 1330 2239 qua:
1350 2167 1549 2224 Christi
1573 2173 1717 2229 sunt,

140 2266 329 2322 audire
347 2265 650 2320 desiderant
675 2273 720 2316 ο.
745 2261 898 2316 Unde
920 2261 973 2314 in
993 2258 1283 2327 Evangelia
1303 2257 1444 2311 idem
1465 2253 1720 2310 Dominus

141 2356 210 2410 de
235 2354 468 2409 celestis
494 2351 645 2420 regni
669 2349 923 2420 mysterio
952 2363 1075 2402 cum
1103 2347 1434 2416 loqueretur,
1464 2341 1675 2397 dicebat
1703 2358 1715 2393 :

144 2441 245 2507 Qui
265 2445 316 2514 7
329 2447 368 2512 ι
381 2447 424 2512 ι
447 2440 599 2494 habet
618 2455 765 2492 aures
783 2436 1049 2503 audiendi,
1069 2434 1248 2490 audiat
1271 2431 1483 2505 (Matth.
1506 2446 1580 2495 ιι,
1604 2444 1718 2494 xm;

143 2531 319 2586 Marc.
352 2547 425 2596 IV,
455 2541 506 2584 et
528 2528 706 2598 alibi).
750 2527 884 2580 Nam
911 2540 1032 2580 cum
1068 2523 1306 2584 omnium
1345 2533 1628 2576 commune
1656 2517 1724 2572 sit

145 2621 349 2676 habere
377 2633 553 2683 aures,
599 2626 779 2671 tamen
825 2613 1072 2668 audiendi
1119 2627 1278 2666 aures
1306 2624 1589 2666 commune
1615 2623 1724 2662 non

145 2715 252 2763 est.
282 2705 596 2774 Quicunque
623 2705 765 2760 enim
783 2700 880 2755 Dei
898 2700 1059 2756 verba
1085 2705 1453 2763 contemnunt,
1485 2696 1728 2765 quamvis

146 2814 259 2853 non
302 2797 509 2866 possint
551 2803 916 2860 contemnere,
946 2791 1048 2846 nisi
1091 2791 1239 2860 prius
1265 2788 1514 2850 audiant,
1547 2795 1728 2840 tamen

147 2887 275 2955 quia
295 2892 645 2939 contemnunt
669 2881 810 2950 quod
838 2881 1079 2947 audiunt,
1103 2894 1202 2934 nec
1221 2876 1436 2933 audisse
1456 2876 1724 2942 dicuntur,

148 2976 273 3045 quia
302 2990 421 3044 qua:
453 2974 736 3028 audierunt
769 2980 1022 3039 tanquam
1063 2985 1172 3024 non
1199 2968 1378 3022 audita
1407 2966 1724 3035 despiciunt.

151 3066 222 3119 Et
250 3065 370 3119 ideo
398 3065 596 3119 habent
640 3064 729 3117 isti
776 3076 954 3128 aures,
986 3075 1094 3115 non
1135 3075 1254 3128 qum
1281 3073 1437 3112 aures
1480 3057 1727 3112 audiendi

152 3171 274 3210 esse
306 3153 326 3193 τ
353 3155 620 3216 dicuntur,
663 3152 756 3207 sed
795 3166 948 3206 aures
974 3165 1092 3220 quas
1124 3149 1341 3208 audiunt
1374 3163 1448 3202 ne
1482 3148 1726 3211 audiant,
1759 3180 1804 3242 C

153 3246 208 3300 id
231 3252 335 3306 est,
363 3252 423 3298 ut
448 3259 512 3298 ea
539 3258 656 3312 qua:
694 3240 959 3295 audierint
997 3238 1151 3307 quasi
1179 3251 1468 3306 nunquam,
1498 3242 1556 3289 ut
1593 3235 1732 3290 dixi-

157 3353 303 3404 mus,
333 3335 515 3390 audita
545 3340 909 3389 contemnant.
957 3329 1071 3384 Soli
1100 3335 1275 3382 autem
1309 3327 1392 3387 illi
1436 3340 1590 3380 aures
1635 3339 1732 3378 au-

153 3424 342 3479 diendi
370 3423 567 3477 habere
612 3421 862 3476 dicuntur
888 3433 919 3472 a
946 3415 1179 3480 Christo,
1223 3416 1311 3484 qui
1357 3429 1479 3469 cum
1520 3414 1736 3469 auribus

155 3513 399 3576 audiunt,
424 3511 651 3564 Atirmitcr
675 3509 854 3562 animo
881 3504 1282 3572 commendant,
1312 3513 1365 3558 et
1391 3503 1531 3573 quod
1559 3504 1736 3557 animo

158 3609 186 3646 ε
219 3597 558 3667 tradiderint,
589 3596 841 3666 operibus
883 3601 1266 3662 exsequuntur.
1313 3592 1388 3646 De
1433 3591 1737 3660 hujusmodi

156 3677 503 3743 auditoribus
533 3686 789 3741 Dominus
829 3685 880 3738 in
923 3683 1213 3751 Evangelia
1259 3681 1530 3750 loquitur:
1571 3680 1739 3732 Vestri

159 3786 336 3831 autem
376 3775 509 3829 beati
547 3776 712 3840 oculi,
755 3775 842 3845 qui
891 3773 1095 3838 uident;
1125 3781 1175 3826 et
1200 3788 1351 3824 aures
1391 3781 1595 3832 vestrae,
1625 3785 1739 3840 qua:

159 3870 380 3923 audiunt
413 3867 631 3938 (Matth.
659 3867 802 3936 xm).
849 3864 914 3918 Et
941 3880 1125 3920 rursus
1168 3882 1188 3928 :_
1225 3860 1404 3917 Omnis
1446 3869 1614 3915 autem
1655 3861 1740 3930 qui

162 3959 314 4013 audit
343 3957 493 4011 verba
541 3975 655 4011 mea
701 3957 808 4012 lucc
853 3963 901 4010 et
949 3957 1072 4026 facit
1108 3970 1191 4016 ea,
1222 3951 1590 4006 assimilabitur
1635 3953 1740 4004 viro

165 4048 391 4117 sapienti
438 4048 523 4115 qui
573 4045 849 4115 wdiﬁcarit
894 4044 1098 4097 domum
1131 4058 1277 4095 suam
1313 4057 1469 4110 supra
1505 4049 1739 4107 petram:

163 4145 216 4188 et
237 4134 500 4188 descendit
526 4134 728 4203 pluvia,
775 4142 824 4184 et
851 4140 1095 4185 venerunt
1119 4132 1359 4200 ﬂumina,
1416 4136 1464 4181 et
1492 4129 1743 4196 ﬂaverant

167 4226 307 4279 renti
328 4233 376 4277 et
402 4232 645 4276 uenerunt
668 4224 721 4275 in
742 4222 950 4275 domum
969 4221 1143 4285 illam,
1188 4227 1235 4272 et
1264 4235 1368 4273 non
1390 4218 1600 4281 cecidit,
1631 4218 1745 4287 {un-

165 4317 296 4368 data
307 4315 444 4367 enim
457 4322 735 4381 eratsupra
750 4313 956 4381 firmam
971 4321 1170 4377 petram
1183 4307 1394 4379 (Matth.
1411 4323 1480 4361 vn
1495 4314 1542 4359 et
1557 4305 1741 4375 seqq.).

173 4403 378 4458 Rursus
391 4401 459 4455 de
474 4401 614 4454 male
635 4399 994 4464 audientibus,
1011 4398 1101 4466 qui
1119 4397 1314 4450 habent
1334 4394 1546 4462 quidem
1569 4407 1745 4457 aures,

169 4491 271 4546 sed
317 4505 425 4544 non
471 4489 524 4542 in
567 4487 886 4552 obediendo,
936 4487 1012 4540 ita
1056 4484 1400 4556 pronuntiat:
1435 4479 1615 4534 Omnis
1660 4482 1746 4550 qui

173 4579 324 4633 audit
353 4578 501 4648 verba
534 4593 646 4630 mea
668 4576 776 4630 Ittec
800 4583 849 4629 et
877 4592 981 4631 non
1015 4575 1141 4645 facit
1171 4589 1274 4640 ea,»
1303 4571 1488 4626 similis
1521 4572 1617 4622 erit
1636 4570 1744 4622 viro

173 4670 339 4724 stulto
366 4670 450 4737 qui
471 4667 747 4736 adificauit
771 4664 980 4719 domum
1007 4679 1150 4716 suam
1179 4677 1336 4730 supra
1356 4675 1567 4713 arenam
1591 4674 1609 4712 :
1641 4654 1669 4694 ιι
1695 4666 1744 4710 et

176 4743 445 4814 descendit
472 4757 660 4827 pluria,
692 4764 740 4808 et
765 4757 803 4824 ﬂ
838 4761 1016 4807 verunt
1041 4753 1172 4805 venti
1206 4759 1255 4806 et
1282 4754 1539 4805 irruerunt
1576 4750 1630 4802 in
1656 4748 1741 4800 da-

178 4863 323 4902 mum
348 4845 519 4920 illam,
538 4853 586 4898 et
613 4845 809 4907 cecidit,
825 4849 874 4895 et
896 4841 992 4911 fuit
1019 4841 1172 4893 ruina
1195 4840 1308 4909 ejus
1326 4854 1516 4908 magna
1536 4835 1745 4906 (Ibid.).

181 4933 392 4991 Videtis
418 4947 546 5001 ergo
575 4939 834 5000 quantum
871 4929 1083 4984 intersit
1121 4928 1261 4980 inter
1285 4929 1421 4981 bene
1447 4925 1748 4979 audientem

179 5031 241 5076 et
266 5021 409 5075 male
435 5019 778 5074 audientem:
807 5017 862 5072 id
888 5024 1002 5082 est,
1049 5017 1189 5069 inter
1215 5030 1336 5068 eum
1381 5013 1474 5081 qui
1517 5010 1752 5067 custodit

181 5111 352 5166 verba
399 5108 514 5175 Dei,
550 5106 565 5145 ί
595 5115 652 5161 et
693 5107 833 5160 inter
859 5120 982 5160 eum
1009 5105 1099 5173 qui
1128 5116 1191 5158 ea
1220 5102 1473 5166 audierit,
1517 5108 1573 5155 et
1599 5099 1747 5167 quasi

261 5229 286 5254 ἰ
326 5217 421 5272 γει
447 5217 686 5279 obscene,
708 5214 785 5267 vel
810 5211 1081 5282 impudice.

258 5285 286 5325 ιι
318 5285 676 5356 Obloquentes.

262 5366 284 5394 ε
317 5354 471 5408 Illita
487 5355 576 5407 illo
604 5355 733 5407 oleo.

261 5423 287 5460 ιι
319 5423 716 5477 Consecrarunt.

266 5501 289 5529 ο
325 5491 473 5545 Unde
499 5501 547 5544 et
573 5493 628 5544 in
657 5485 956 5556 Evangelia.

269 5559 287 5598 ί
318 5559 592 5613 Dicuntur.

266 5638 289 5676 τ
322 5627 685 5681 Tradiderunt.

265 5698 291 5736 "
318 5697 386 5754 Et
407 5698 666 5751 descendit
694 5697 892 5765 pluria,
912 5703 958 5748 et
988 5698 1229 5747 venerunt
1265 5689 1502 5752 flumina,
1535 5695 1580 5739 et
1599 5687 1756 5752 [lare-

1815 1895 2201 1964 benedictionis
2230 1897 2574 1962 adunximus;
2603 1899 2746 1966 quod
2773 1900 2969 1956 idcirco
2991 1899 3105 1956 ﬁeri
3125 1903 3374 1974 intelligi--

1818 1992 1926 2052 tur,
1955 1991 2013 2037 ut
2047 1984 2107 2038 hi
2134 1984 2225 2051 qui
2247 1984 2322 2038 .ad
2349 1985 2685 2054 baptismum-
2707 1988 2948 2056 veniunt,
2992 1989 3381 2048 admoneamur

1819 2073 1952 2126 tanti
1979 2073 2218 2142 mysterii
2255 2081 2642 2127 sacramentum
2670 2089 2837 2143 usque
2863 2078 2928 2132 ad
2956 2087 3183 2134 mortem
3207 2082 3381 2137 invio-

1819 2161 1986 2215 latum
2012 2169 2174 2230 atque
2195 2162 2459 2230 integrum
2487 2163 2772 2229 custodire,
2803 2173 2860 2218 ut
2879 2168 3112 2234 quandiu
3139 2170 3383 2239 spiritum

1820 2256 1943 2306 vita;
1969 2252 2123 2320 hujus
2152 2253 2366 2307 naribus
2403 2253 2514 2308 suis
2540 2256 2840 2321 attrahunt,
2884 2271 2915 2310 a
2943 2260 3136 2314 Christi
3175 2261 3386 2321 Domini

1822 2343 1990 2396 nostri
2014 2337 2222 2397 cultura
2251 2351 2306 2396 et
2332 2344 2550 2398 servitio
2579 2359 2683 2398 non
2712 2347 2983 2400 recedant.
3017 2346 3172 2404 Unde
3199 2350 3256 2405 et
3281 2351 3387 2407 Job

1822 2433 1906 2486 vir
1932 2440 2146 2486 sanctus
2165 2432 2401 2500 loquitur
2427 2451 2439 2485 :
2473 2433 2605 2487 Vivit
2625 2433 2891 2500 Daminus,
2916 2440 2999 2506 qui
3023 2438 3231 2494 abstulit
3243 2443 3388 2512 fudi.

1825 2525 1958 2576 cium
1987 2538 2172 2588 meum,
2203 2531 2252 2575 et
2283 2523 2637 2594 Omnipotens,
2664 2528 2748 2597 qui
2775 2528 2842 2580 ad
2869 2532 3262 2587 amaritudinem
3289 2535 3389 2588 ad-

1827 2611 1975 2665 duxit
1997 2614 2231 2665 animum
2270 2629 2467 2678 meam,
2510 2616 2628 2684 quia
2667 2615 2824 2668 donec
2858 2629 3084 2686 superest
3123 2622 3310 2677 halitus
3336 2627 3390 2680 in

1827 2702 1910 2754 me
1935 2711 1984 2754 et
2010 2702 2221 2772 spiritus
2242 2699 2340 2754 Dei
2349 2703 2413 2756 in
2434 2703 2646 2757 naribus
2663 2693 2807 2770 meis,
2839 2722 2940 2760 non
2961 2698 3229 2778 loquentur
3254 2713 3392 2768 labia

1828 2804 1941 2841 mea
1970 2789 2303 2859 iniquitatem,
2328 2805 2419 2842 nec
2441 2789 2617 2860 lingua
2645 2809 2757 2845 mea
2783 2793 3012 2864 loquetur
3049 2799 3391 2858 mendacium.

1829 2880 1975 2933 Absit
1998 2882 2033 2951 ᾳ
2057 2896 2136 2933 me
2160 2889 2214 2932 ut
2233 2882 2404 2950 justas
2431 2897 2516 2934 vos
2537 2882 2791 2951 judicem;
2821 2885 2979 2939 donec
3008 2887 3266 2957 deﬁciant,
3288 2907 3394 2946 non

1831 2967 2065 3020 recedam
2126 2967 2190 3020 ab
2233 2969 2526 3021 innocentia
2578 2986 2712 3023 mea.
2759 2971 3186 3042 Justiﬁcationem
3241 2996 3394 3048 quam

1832 3056 1987 3110 semel
2018 3067 2187 3110 tenere
2211 3060 2339 3127 ccepi
2367 3075 2469 3111 non
2498 3057 2725 3113 deseram
2749 3061 3042 3133 (Job-xm).
3086 3065 3191 3121 Sed
3221 3068 3396 3125 adhuc

1835 3147 2077 3202 subtilior
2104 3147 2404 3202 intellectus
2427 3148 2478 3202 in
2499 3149 2602 3204 hac
2628 3150 2830 3203 narium
2859 3153 3110 3208 unctione
3133 3155 3393 3224 signatur;

1833 3235 1978 3293 Illius
2005 3238 2148 3293 enim
2176 3239 2280 3300 olei
2308 3238 2460 3302 odor,
2487 3239 2629 3308 quod
2657 3241 2712 3294 in
2739 3240 2935 3295 Christi
2959 3245 3175 3300 nomine
3208 3256 3263 3301 et
3288 3235 3399 3307 vir-

1835 3334 1950 3381 tute
1977 3328 2311 3385 benedictum
2341 3335 2440 3394 est,
2473 3329 2541 3382 ad
2570 3329 2849 3385 odoratum
2873 3347 2975 3386 vos
3003 3343 3257 3403 provocat
3283 3340 3397 3408 spi-

1833 3418 2067 3485 ritalem,
2096 3425 2157 3471 ut
2183 3432 2288 3472 non
2318 3419 2580 3489 corporis,
2621 3421 2714 3474 sed
2744 3423 2937 3476 mentis
2974 3424 3217 3479 sensibus
3243 3423 3401 3481 Chri-

1835 3515 1973 3563 stum
2021 3506 2370 3562 inaestimabili
2401 3508 2660 3562 suavitate
2700 3510 2896 3564 sentire
2934 3512 3174 3580 possitis;
3224 3514 3399 3570 etde-

1836 3597 2014 3651 lcctati
2032 3596 2053 3633 ¹ε
2080 3596 2265 3651 notitia
2286 3597 2395 3650 oris
2414 3595 2549 3664 ejus,
2568 3598 2735 3666 ipsius
2754 3599 2972 3666 vestigia
2993 3600 3399 3671 subsequentes,

1837 3686 2017 3742 dicere
2036 3689 2254 3742 valeatis
2273 3687 2561 3756 illudquod
2582 3687 2648 3742 ad
2673 3687 2836 3742 Deum
2857 3691 3182 3745 credentium
3204 3694 3402 3750 chorus

1838 3777 2072 3844 loquitur
2095 3793 2107 3828 :
2139 3775 2263 3830 Post
2291 3786 2337 3829 te
2355 3776 2410 3829 in
2432 3767 2639 3830 odorem
2668 3770 3037 3847 unguentorum
3065 3789 3266 3834 tuorum
3286 3799 3403 3836 cur-

1839 3867 1996 3918 rimus
2027 3863 2197 3934 (Cant.
2230 3866 2298 3934 l).
2329 3865 2481 3919 Hunc
2509 3866 2727 3920 odorem
2755 3868 3091 3922 commendat
3117 3869 3404 3939 Apostolus

1840 3953 2156 4008 Christianis
2185 3969 2304 4007 cum
2331 3953 2456 4010 dicit
2481 3973 2493 4006 :
2520 3955 2629 4009 Deo
2655 3966 2822 4009 autem
2847 3960 3076 4028 gratias,
3108 3961 3196 4027 qui
3220 3962 3402 4016 tristiu-

1839 4044 1964 4113 phat
2007 4058 2101 4096 nos
2127 4044 2179 4095 in
2213 4042 2414 4097 Christo
2438 4043 2590 4108 Iesu,
2621 4052 2669 4097 et
2696 4045 2902 4099 odorem
2929 4048 3126 4101 notitia:
3149 4063 3258 4102 sua
3291 4067 3405 4104 ma-

1841 4133 2052 4202 nifestat
2077 4148 2167 4200 per
2186 4148 2276 4185 nos
2298 4133 2350 4184 in
2387 4134 2527 4186 omni
2550 4133 2678 4198 loco,
2720 4135 2840 4203 quia
2867 4133 3056 4188 Christi
3085 4135 3249 4190 bonus
3277 4139 3407 4193 odor

1843 4237 2015 4274 sumus
2036 4219 2144 4274 Deo
2168 4219 2256 4291 (II
2275 4220 2392 4274 Cor.
2410 4220 2497 4290 ιι).
2522 4220 2866 4276 Considerate
2884 4231 3139 4290 quantum
3176 4230 3407 4296 apostoli

1843 4307 2166 4380 profecerint
2185 4309 2461 4363 sentiendo
2480 4309 2700 4364 odorem
2723 4311 2937 4378 Christi,
2963 4310 2980 4350 ι
3005 4321 3060 4368 et
3078 4329 3197 4368 cum
3217 4320 3410 4386 praedi-

1845 4398 2068 4453 cationis
2097 4398 2398 4452 innocentia
2427 4407 2482 4452 et
2508 4399 2788 4453 sanctitate
2832 4401 2954 4454 vitae
2998 4403 3159 4458 etiam
3201 4410 3412 4464 cmteris

1773 4514 1822 4572 υ
1846 4486 2248 4556 praeferendum,
2297 4485 2414 4554 qui,
2457 4486 2585 4544 dum
2627 4488 2849 4542 odorem
2902 4488 3068 4545 suavi
3107 4494 3412 4562 fragrantia:

1849 4575 2041 4630 Christi
2071 4584 2108 4610 ω
2138 4575 2369 4643 undique
2395 4573 2708 4640 diffundunt,
2738 4575 2836 4644 ipsi
2861 4592 3075 4647 quoque
3103 4579 3275 4636 bonus
3301 4584 3415 4640 Deo

1852 4665 1986 4718 odor
2004 4658 2175 4718 etl‘ecti
2202 4671 2345 4717 sunt.
2362 4661 2511 4728 Quod
2531 4664 2693 4718 etiam
2713 4664 2768 4717 in
2790 4665 2958 4732 vobis,
2974 4666 3164 4726 fratres
3183 4671 3416 4728 dilectis-

1853 4754 1992 4819 simi,
2022 4751 2262 4822 cuplmus
2305 4752 2540 4821 impleri;
2572 4759 2630 4807 ut
2657 4767 2786 4808 cum
2823 4755 2923 4823 ipsi
2951 4756 3150 4812 bonum
3193 4761 3418 4817 odorem

1854 4844 2050 4901 Christi
2087 4843 2287 4898 notitiae
2314 4843 2582 4912 ceperitis,
2620 4844 2966 4899 suavissimus
2994 4847 3109 4902 Deo
3132 4850 3267 4907 odor
3294 4861 3319 4888 ιι
3349 4869 3417 4907 ει

1853 4936 1977 4988 vitae
2003 4934 2164 4988 etiam
2190 4933 2689 4988 vestrae'sanctitate
2730 4934 3069 4990 conscendat.
3110 4937 3212 4993 Per
3240 4933 3419 4999 Darni-

1857 5038 1982 5078 num
1995 5063 2010 5089 ,
2041 5032 2146 5078 etc.

1858 5212 1975 5257 runt
2005 5205 2156 5255 venti.

1937 5272 1953 5310 ἱ
1988 5270 2056 5344 ξε
2083 5272 2216 5323 inter
2234 5284 2356 5344 eum
2375 5269 2460 5338 qui
2487 5284 2603 5322 eum
2630 5267 2848 5329 audierit
2876 5273 3022 5340 quasi
3044 5289 3321 5344 nunquam.

1929 5344 1942 5391 i
1981 5339 2285 5394 Contemnit.

1929 5409 1955 5448 ιι
1986 5408 2186 5463 Notitia
2214 5406 2386 5460 odoris
2413 5406 2542 5474 ejus.

1933 5478 1950 5517 1
1985 5477 2054 5529 Et
2078 5491 2191 5529 cum
2217 5474 2596 5543 prredicatianis
2635 5476 2906 5542 instantia,
2942 5487 2988 5530 et
3015 5481 3286 5532 sanctitate
3310 5480 3424 5536 vita

1866 5550 2012 5602 etiam
2041 5547 2239 5598 cazteris
2267 5543 2606 5610 prtcferendo.

1933 5627 1969 5653 ιη
2004 5615 2194 5683 Ubique
2221 5626 2317 5681 pro
2339 5612 2582 5683 undique.

1933 5696 1956 5722 η
1986 5682 2156 5738 Etiam
2178 5699 2240 5736 ex
2262 5689 2438 5735 vestrm
2462 5682 2574 5735 rita:
2593 5683 2867 5736 sanctitate
2892 5685 3159 5742 ascendat.
