  <div class='ocr_page' id='page_1' title='image "/cluster/home/n/w/nwhite01/storage/ocr_20150623/57/uva.x000827099/391.png"; bbox 0 0 3896 6250; ppageno 0'>
   <div class='ocr_carea' id='block_1_1' title="bbox 1717 327 3768 436">
    <p class='ocr_par' dir='ltr' id='par_1_1' title="bbox 1717 327 3768 436">
     <span class='ocr_line' id='line_1_1' title="bbox 1717 327 3768 436; baseline -0.003 -3"><span class='ocrx_word' id='word_1_1' title='bbox 1717 379 1774 433; x_wconf 89' lang='lat' dir='ltr'><strong>S.</strong></span> <span class='ocrx_word' id='word_1_2' title='bbox 1818 378 2057 433; x_wconf 75' lang='lat' dir='ltr'><strong>MAXIM!</strong></span> <span class='ocrx_word' id='word_1_3' title='bbox 2095 375 2545 436; x_wconf 76' lang='lat' dir='ltr'><strong>TAURINENSIS</strong></span> <span class='ocrx_word' id='word_1_4' title='bbox 2614 327 2617 329; x_wconf 23' lang='lat'><em>-</em></span> <span class='ocrx_word' id='word_1_5' title='bbox 3688 375 3768 426; x_wconf 74' lang='lat'><strong>770</strong></span> 
     </span>
    </p>
   </div>
   <div class='ocr_carea' id='block_1_2' title="bbox 1724 501 2581 584">
    <p class='ocr_par' dir='ltr' id='par_1_2' title="bbox 1724 501 2581 584">
     <span class='ocr_line' id='line_1_2' title="bbox 1724 501 2581 584; baseline -0.001 -3"><span class='ocrx_word' id='word_1_6' title='bbox 1724 501 2416 584; x_wconf 80' lang='lat' dir='ltr'><strong>TRACTATUS</strong></span> <span class='ocrx_word' id='word_1_7' title='bbox 2472 504 2581 581; x_wconf 85' lang='lat' dir='ltr'><strong>ll.</strong></span> 
     </span>
    </p>
   </div>
   <div class='ocr_carea' id='block_1_3' title="bbox 1930 633 2415 686">
    <p class='ocr_par' dir='ltr' id='par_1_3' title="bbox 1930 633 2415 686">
     <span class='ocr_line' id='line_1_3' title="bbox 1930 633 2415 686; baseline 0.004 -2"><span class='ocrx_word' id='word_1_8' title='bbox 1930 633 2013 685; x_wconf 83' lang='lat' dir='ltr'><strong>DE</strong></span> <span class='ocrx_word' id='word_1_9' title='bbox 2037 635 2350 686; x_wconf 73' lang='lat' dir='ltr'><strong>BAPTISIIO</strong></span> <span class='ocrx_word' id='word_1_10' title='bbox 2377 641 2415 686; x_wconf 81' lang='lat'><strong>&#39;.</strong></span> 
     </span>
    </p>
   </div>
   <div class='ocr_carea' id='block_1_4' title="bbox 603 736 3761 809">
    <p class='ocr_par' dir='ltr' id='par_1_4' title="bbox 603 736 3761 809">
     <span class='ocr_line' id='line_1_4' title="bbox 603 736 3761 809; baseline 0.002 -20"><span class='ocrx_word' id='word_1_11' title='bbox 603 738 761 808; x_wconf 78' lang='lat'><strong>713</strong></span> <span class='ocrx_word' id='word_1_12' title='bbox 789 736 1130 791; x_wconf 89' lang='lat' dir='ltr'><strong>Promisimus</strong></span> <span class='ocrx_word' id='word_1_13' title='bbox 1163 745 1187 773; x_wconf 75' lang='grc' dir='ltr'><strong>ι</strong></span> <span class='ocrx_word' id='word_1_14' title='bbox 1216 737 1388 806; x_wconf 90' lang='lat' dir='ltr'><strong>primo</strong></span> <span class='ocrx_word' id='word_1_15' title='bbox 1427 745 1660 792; x_wconf 84' lang='lat' dir='ltr'><strong>tractatu</strong></span> <span class='ocrx_word' id='word_1_16' title='bbox 1695 754 1798 794; x_wconf 90' lang='lat' dir='ltr'><strong>nos</strong></span> <span class='ocrx_word' id='word_1_17' title='bbox 1824 738 1892 794; x_wconf 87' lang='lat' dir='ltr'><strong>de</strong></span> <span class='ocrx_word' id='word_1_18' title='bbox 1919 738 2095 792; x_wconf 85' lang='lat' dir='ltr'><strong>omui-</strong></span> <span class='ocrx_word' id='word_1_19' title='bbox 2125 744 2168 798; x_wconf 80' lang='grc' dir='ltr'><strong>Α</strong></span> <span class='ocrx_word' id='word_1_20' title='bbox 2200 738 2331 792; x_wconf 90' lang='lat' dir='ltr'><strong>toris</strong></span> <span class='ocrx_word' id='word_1_21' title='bbox 2353 739 2654 808; x_wconf 87' lang='lat' dir='ltr'><strong>imperium,</strong></span> <span class='ocrx_word' id='word_1_22' title='bbox 2673 739 2900 809; x_wconf 90' lang='lat' dir='ltr'><strong>quicum</strong></span> <span class='ocrx_word' id='word_1_23' title='bbox 2923 738 2988 792; x_wconf 87' lang='lat' dir='ltr'><strong>ad</strong></span> <span class='ocrx_word' id='word_1_24' title='bbox 3011 737 3226 794; x_wconf 86' lang='lat' dir='ltr'><strong>Patrem</strong></span> <span class='ocrx_word' id='word_1_25' title='bbox 3252 739 3309 793; x_wconf 91' lang='lat' dir='ltr'><strong>in</strong></span> <span class='ocrx_word' id='word_1_26' title='bbox 3335 738 3510 794; x_wconf 70' lang='lat' dir='ltr'><strong>cmlos</strong></span> <span class='ocrx_word' id='word_1_27' title='bbox 3531 738 3761 794; x_wconf 82' lang='lat' dir='ltr'><strong>ascende-</strong></span> 
     </span>
    </p>
   </div>
   <div class='ocr_carea' id='block_1_5' title="bbox 534 825 2100 895">
    <p class='ocr_par' dir='ltr' id='par_1_5' title="bbox 534 825 2100 895">
     <span class='ocr_line' id='line_1_5' title="bbox 534 825 2100 895; baseline 0 -14"><span class='ocrx_word' id='word_1_28' title='bbox 534 827 635 881; x_wconf 86' lang='lat' dir='ltr'><strong>bus</strong></span> <span class='ocrx_word' id='word_1_29' title='bbox 661 841 780 895; x_wconf 73' lang='lat' dir='ltr'><strong>qua:</strong></span> <span class='ocrx_word' id='word_1_30' title='bbox 802 841 898 894; x_wconf 90' lang='lat' dir='ltr'><strong>per</strong></span> <span class='ocrx_word' id='word_1_31' title='bbox 923 827 1273 881; x_wconf 69' lang='lat' dir='ltr'><strong>ministerium</strong></span> <span class='ocrx_word' id='word_1_32' title='bbox 1302 833 1540 880; x_wconf 89' lang='lat' dir='ltr'><strong>nostrum</strong></span> <span class='ocrx_word' id='word_1_33' title='bbox 1568 835 1624 880; x_wconf 88' lang='lat' dir='ltr'><strong>et</strong></span> <span class='ocrx_word' id='word_1_34' title='bbox 1649 825 1845 880; x_wconf 86' lang='lat' dir='ltr'><strong>Christi</strong></span> <span class='ocrx_word' id='word_1_35' title='bbox 1876 827 2100 894; x_wconf 89' lang='lat' dir='ltr'><strong>gratiam</strong></span> 
     </span>
    </p>
   </div>
   <div class='ocr_carea' id='block_1_6' title="bbox 534 915 2103 986">
    <p class='ocr_par' dir='ltr' id='par_1_6' title="bbox 534 915 2103 986">
     <span class='ocr_line' id='line_1_6' title="bbox 534 915 2103 986; baseline 0.001 -15"><span class='ocrx_word' id='word_1_36' title='bbox 534 917 808 971; x_wconf 76' lang='lat' dir='ltr'><strong>consecuti</strong></span> <span class='ocrx_word' id='word_1_37' title='bbox 834 917 982 983; x_wconf 80' lang='lat' dir='ltr'><strong>estis,</strong></span> <span class='ocrx_word' id='word_1_38' title='bbox 1012 916 1278 986; x_wconf 84' lang='lat' dir='ltr'><strong>mysteriis</strong></span> <span class='ocrx_word' id='word_1_39' title='bbox 1306 915 1596 981; x_wconf 87' lang='lat' dir='ltr'><strong>locuturos,</strong></span> <span class='ocrx_word' id='word_1_40' title='bbox 1626 932 1694 972; x_wconf 91' lang='lat' dir='ltr'><strong>ne</strong></span> <span class='ocrx_word' id='word_1_41' title='bbox 1722 932 1827 985; x_wconf 90' lang='lat' dir='ltr'><strong>qua</strong></span> <span class='ocrx_word' id='word_1_42' title='bbox 1856 918 2008 972; x_wconf 91' lang='lat' dir='ltr'><strong>nobis</strong></span> <span class='ocrx_word' id='word_1_43' title='bbox 2036 918 2103 973; x_wconf 92' lang='lat' dir='ltr'><strong>de</strong></span> 
     </span>
    </p>
   </div>
   <div class='ocr_carea' id='block_1_7' title="bbox 535 1005 2105 1074">
    <p class='ocr_par' dir='ltr' id='par_1_7' title="bbox 535 1005 2105 1074">
     <span class='ocr_line' id='line_1_7' title="bbox 535 1005 2105 1074; baseline -0.001 -13"><span class='ocrx_word' id='word_1_44' title='bbox 535 1006 832 1074; x_wconf 77' lang='lat' dir='ltr'><strong>ignorantia</strong></span> <span class='ocrx_word' id='word_1_45' title='bbox 861 1005 1178 1073; x_wconf 70' lang='lat' dir='ltr'><strong>negligentia</strong></span> <span class='ocrx_word' id='word_1_46' title='bbox 1225 1013 1548 1060; x_wconf 85' lang='lat' dir='ltr'><strong>nasceretur.</strong></span> <span class='ocrx_word' id='word_1_47' title='bbox 1594 1005 1700 1060; x_wconf 85' lang='lat' dir='ltr'><strong>Sed</strong></span> <span class='ocrx_word' id='word_1_48' title='bbox 1743 1005 2105 1060; x_wconf 88' lang='lat' dir='ltr'><strong>consuluimus</strong></span> 
     </span>
    </p>
   </div>
   <div class='ocr_carea' id='block_1_8' title="bbox 537 1093 2104 1166">
    <p class='ocr_par' dir='ltr' id='par_1_8' title="bbox 537 1093 2104 1166">
     <span class='ocr_line' id='line_1_8' title="bbox 537 1093 2104 1166; baseline -0.001 -17"><span class='ocrx_word' id='word_1_49' title='bbox 537 1094 706 1150; x_wconf 84' lang='lat' dir='ltr'><strong>labori</strong></span> <span class='ocrx_word' id='word_1_50' title='bbox 725 1101 905 1148; x_wconf 90' lang='lat' dir='ltr'><strong>vestro</strong></span> <span class='ocrx_word' id='word_1_51' title='bbox 923 1102 979 1148; x_wconf 86' lang='lat' dir='ltr'><strong>et</strong></span> <span class='ocrx_word' id='word_1_52' title='bbox 998 1093 1290 1159; x_wconf 67' lang='lat' dir='ltr'><strong>memoriae,</strong></span> <span class='ocrx_word' id='word_1_53' title='bbox 1311 1094 1657 1166; x_wconf 82' lang='lat' dir='ltr'><strong>providentes</strong></span> <span class='ocrx_word' id='word_1_54' title='bbox 1681 1109 1748 1149; x_wconf 90' lang='lat' dir='ltr'><strong>ne</strong></span> <span class='ocrx_word' id='word_1_55' title='bbox 1768 1104 1860 1148; x_wconf 87' lang='lat' dir='ltr'><strong>aut</strong></span> <span class='ocrx_word' id='word_1_56' title='bbox 1878 1095 2104 1149; x_wconf 87' lang='lat' dir='ltr'><strong>lassatus</strong></span> 
     </span>
    </p>
   </div>
   <div class='ocr_carea' id='block_1_9' title="bbox 537 1183 2104 1253">
    <p class='ocr_par' dir='ltr' id='par_1_9' title="bbox 537 1183 2104 1253">
     <span class='ocr_line' id='line_1_9' title="bbox 537 1183 2104 1253; baseline -0.001 -15"><span class='ocrx_word' id='word_1_57' title='bbox 537 1183 802 1240; x_wconf 81' lang='lat' dir='ltr'><strong>audiendo</strong></span> <span class='ocrx_word' id='word_1_58' title='bbox 829 1183 1038 1237; x_wconf 88' lang='lat' dir='ltr'><strong>animus</strong></span> <span class='ocrx_word' id='word_1_59' title='bbox 1078 1184 1256 1241; x_wconf 80' lang='lat' dir='ltr'><strong>omnia</strong></span> <span class='ocrx_word' id='word_1_60' title='bbox 1302 1185 1597 1252; x_wconf 75' lang='lat' dir='ltr'><strong>intelligere</strong></span> <span class='ocrx_word' id='word_1_61' title='bbox 1626 1200 1731 1241; x_wconf 90' lang='lat' dir='ltr'><strong>non</strong></span> <span class='ocrx_word' id='word_1_62' title='bbox 1779 1192 1980 1253; x_wconf 86' lang='lat' dir='ltr'><strong>posset,</strong></span> <span class='ocrx_word' id='word_1_63' title='bbox 2014 1192 2104 1237; x_wconf 89' lang='lat' dir='ltr'><strong>aut</strong></span> 
     </span>
    </p>
   </div>
   <div class='ocr_carea' id='block_1_10' title="bbox 538 1272 2099 1341">
    <p class='ocr_par' dir='ltr' id='par_1_10' title="bbox 538 1272 2099 1341">
     <span class='ocr_line' id='line_1_10' title="bbox 538 1272 2099 1341; baseline -0.001 -14"><span class='ocrx_word' id='word_1_64' title='bbox 538 1273 824 1328; x_wconf 86' lang='lat' dir='ltr'><strong>multorum</strong></span> <span class='ocrx_word' id='word_1_65' title='bbox 877 1272 1032 1326; x_wconf 85' lang='lat' dir='ltr'><strong>simul</strong></span> <span class='ocrx_word' id='word_1_66' title='bbox 1081 1273 1388 1339; x_wconf 75' lang='lat' dir='ltr'><strong>cognitione</strong></span> <span class='ocrx_word' id='word_1_67' title='bbox 1439 1274 1696 1326; x_wconf 83' lang='lat' dir='ltr'><strong>memoria</strong></span> <span class='ocrx_word' id='word_1_68' title='bbox 1750 1281 2099 1341; x_wconf 74' lang='lat' dir='ltr'><strong>prmgravata,</strong></span> 
     </span>
    </p>
   </div>
   <div class='ocr_carea' id='block_1_11' title="bbox 537 1360 2104 1431">
    <p class='ocr_par' dir='ltr' id='par_1_11' title="bbox 537 1360 2104 1431">
     <span class='ocr_line' id='line_1_11' title="bbox 537 1360 2104 1431; baseline -0.001 -16"><span class='ocrx_word' id='word_1_69' title='bbox 537 1363 699 1416; x_wconf 87' lang='lat' dir='ltr'><strong>etiam</strong></span> <span class='ocrx_word' id='word_1_70' title='bbox 719 1375 836 1431; x_wconf 63' lang='lat' dir='ltr'><strong>qua</strong></span> <span class='ocrx_word' id='word_1_71' title='bbox 857 1361 1226 1426; x_wconf 80' lang='lat' dir='ltr'><strong>intellexisset,</strong></span> <span class='ocrx_word' id='word_1_72' title='bbox 1251 1362 1359 1415; x_wconf 88' lang='lat' dir='ltr'><strong>cito</strong></span> <span class='ocrx_word' id='word_1_73' title='bbox 1379 1362 1541 1416; x_wconf 88' lang='lat' dir='ltr'><strong>oblita</strong></span> <span class='ocrx_word' id='word_1_74' title='bbox 1561 1361 1896 1431; x_wconf 90' lang='lat' dir='ltr'><strong>deperderet.</strong></span> <span class='ocrx_word' id='word_1_75' title='bbox 1929 1360 2104 1415; x_wconf 91' lang='lat' dir='ltr'><strong>Prima</strong></span> 
     </span>
    </p>
   </div>
   <div class='ocr_carea' id='block_1_12' title="bbox 541 1448 2106 1519">
    <p class='ocr_par' dir='ltr' id='par_1_12' title="bbox 541 1448 2106 1519">
     <span class='ocr_line' id='line_1_12' title="bbox 541 1448 2106 1519; baseline 0.001 -16"><span class='ocrx_word' id='word_1_76' title='bbox 541 1464 668 1517; x_wconf 91' lang='lat' dir='ltr'><strong>ergo</strong></span> <span class='ocrx_word' id='word_1_77' title='bbox 696 1449 1072 1518; x_wconf 68' lang='lat' dir='ltr'><strong>praedicatione</strong></span> <span class='ocrx_word' id='word_1_78' title='bbox 1113 1448 1182 1502; x_wconf 94' lang='lat' dir='ltr'><strong>de</strong></span> <span class='ocrx_word' id='word_1_79' title='bbox 1219 1449 1302 1502; x_wconf 87' lang='lat' dir='ltr'><strong>bis</strong></span> <span class='ocrx_word' id='word_1_80' title='bbox 1345 1457 1548 1502; x_wconf 88' lang='lat' dir='ltr'><strong>tantum</strong></span> <span class='ocrx_word' id='word_1_81' title='bbox 1591 1450 1754 1504; x_wconf 88' lang='lat' dir='ltr'><strong>locuti</strong></span> <span class='ocrx_word' id='word_1_82' title='bbox 1783 1465 1964 1505; x_wconf 88' lang='lat' dir='ltr'><strong>sumus</strong></span> <span class='ocrx_word' id='word_1_83' title='bbox 1989 1465 2106 1519; x_wconf 70' lang='lat' dir='ltr'><strong>qua:</strong></span> 
     </span>
    </p>
   </div>
   <div class='ocr_carea' id='block_1_13' title="bbox 543 1536 2104 1608">
    <p class='ocr_par' dir='ltr' id='par_1_13' title="bbox 543 1536 2104 1608">
     <span class='ocr_line' id='line_1_13' title="bbox 543 1536 2104 1608; baseline 0 -16"><span class='ocrx_word' id='word_1_84' title='bbox 543 1540 714 1605; x_wconf 83' lang='lat' dir='ltr'><strong>vobis,</strong></span> <span class='ocrx_word' id='word_1_85' title='bbox 745 1539 1050 1608; x_wconf 87' lang='lat' dir='ltr'><strong>priusquam</strong></span> <span class='ocrx_word' id='word_1_86' title='bbox 1071 1537 1136 1591; x_wconf 89' lang='lat' dir='ltr'><strong>ad</strong></span> <span class='ocrx_word' id='word_1_87' title='bbox 1159 1536 1360 1592; x_wconf 79' lang='lat' dir='ltr'><strong>fontem</strong></span> <span class='ocrx_word' id='word_1_88' title='bbox 1387 1546 1626 1592; x_wconf 87' lang='lat' dir='ltr'><strong>sanctum</strong></span> <span class='ocrx_word' id='word_1_89' title='bbox 1660 1539 1927 1603; x_wconf 78' lang='lat' dir='ltr'><strong>veniretis,</strong></span> <span class='ocrx_word' id='word_1_90' title='bbox 1952 1539 2104 1606; x_wconf 80' lang='lat' dir='ltr'><strong>juxta</strong></span> 
     </span>
    </p>
   </div>
   <div class='ocr_carea' id='block_1_14' title="bbox 541 1627 2106 1696">
    <p class='ocr_par' dir='ltr' id='par_1_14' title="bbox 541 1627 2106 1696">
     <span class='ocr_line' id='line_1_14' title="bbox 541 1627 2106 1696; baseline -0.001 -15"><span class='ocrx_word' id='word_1_91' title='bbox 541 1628 819 1681; x_wconf 69' lang='lat' dir='ltr'><strong>catholicae</strong></span> <span class='ocrx_word' id='word_1_92' title='bbox 847 1627 1042 1694; x_wconf 79' lang='lat' dir='ltr'><strong>regula:</strong></span> <span class='ocrx_word' id='word_1_93' title='bbox 1069 1627 1307 1679; x_wconf 91' lang='lat' dir='ltr'><strong>instituta</strong></span> <span class='ocrx_word' id='word_1_94' title='bbox 1339 1627 1679 1691; x_wconf 86' lang='lat' dir='ltr'><strong>tradidimus;</strong></span> <span class='ocrx_word' id='word_1_95' title='bbox 1710 1635 1764 1680; x_wconf 90' lang='lat' dir='ltr'><strong>et</strong></span> <span class='ocrx_word' id='word_1_96' title='bbox 1791 1627 1918 1696; x_wconf 89' lang='lat' dir='ltr'><strong>quid</strong></span> <span class='ocrx_word' id='word_1_97' title='bbox 1945 1627 2106 1694; x_wconf 86' lang='lat' dir='ltr'><strong>signi-</strong></span> 
     </span>
    </p>
   </div>
   <div class='ocr_carea' id='block_1_15' title="bbox 544 1714 2103 1784">
    <p class='ocr_par' dir='ltr' id='par_1_15' title="bbox 544 1714 2103 1784">
     <span class='ocr_line' id='line_1_15' title="bbox 544 1714 2103 1784; baseline 0 -16"><span class='ocrx_word' id='word_1_98' title='bbox 544 1715 728 1770; x_wconf 87' lang='lat' dir='ltr'><strong>ﬁcaret</strong></span> <span class='ocrx_word' id='word_1_99' title='bbox 755 1717 934 1770; x_wconf 87' lang='lat' dir='ltr'><strong>unctio</strong></span> <span class='ocrx_word' id='word_1_100' title='bbox 978 1730 1114 1784; x_wconf 62' lang='lat' dir='ltr'><strong>quae,</strong></span> <span class='ocrx_word' id='word_1_101' title='bbox 1165 1714 1386 1776; x_wconf 81' lang='lat' dir='ltr'><strong>diversis</strong></span> <span class='ocrx_word' id='word_1_102' title='bbox 1414 1716 1654 1784; x_wconf 91' lang='lat' dir='ltr'><strong>corporis</strong></span> <span class='ocrx_word' id='word_1_103' title='bbox 1682 1717 1845 1769; x_wconf 89' lang='lat' dir='ltr'><strong>vestri</strong></span> <span class='ocrx_word' id='word_1_104' title='bbox 1872 1715 2103 1769; x_wconf 86' lang='lat' dir='ltr'><strong>adhibita</strong></span> 
     </span>
    </p>
   </div>
   <div class='ocr_carea' id='block_1_16' title="bbox 541 1803 2108 1873">
    <p class='ocr_par' dir='ltr' id='par_1_16' title="bbox 541 1803 2108 1873">
     <span class='ocr_line' id='line_1_16' title="bbox 541 1803 2108 1873; baseline 0.002 -18"><span class='ocrx_word' id='word_1_105' title='bbox 541 1805 798 1873; x_wconf 85' lang='lat' dir='ltr'><strong>partibus,</strong></span> <span class='ocrx_word' id='word_1_106' title='bbox 821 1804 1087 1858; x_wconf 89' lang='lat' dir='ltr'><strong>diversum</strong></span> <span class='ocrx_word' id='word_1_107' title='bbox 1109 1803 1433 1857; x_wconf 91' lang='lat' dir='ltr'><strong>intellectum</strong></span> <span class='ocrx_word' id='word_1_108' title='bbox 1457 1803 1715 1871; x_wconf 83' lang='lat' dir='ltr'><strong>designat,</strong></span> <span class='ocrx_word' id='word_1_109' title='bbox 1743 1812 1903 1873; x_wconf 89' lang='lat' dir='ltr'><strong>prout</strong></span> <span class='ocrx_word' id='word_1_110' title='bbox 1929 1805 2108 1858; x_wconf 91' lang='lat' dir='ltr'><strong>Domi-</strong></span> 
     </span>
    </p>
   </div>
   <div class='ocr_carea' id='block_1_17' title="bbox 544 1891 2105 1959">
    <p class='ocr_par' dir='ltr' id='par_1_17' title="bbox 544 1891 2105 1959">
     <span class='ocr_line' id='line_1_17' title="bbox 544 1891 2105 1959; baseline -0.001 -14"><span class='ocrx_word' id='word_1_111' title='bbox 544 1908 643 1946; x_wconf 88' lang='lat' dir='ltr'><strong>nus</strong></span> <span class='ocrx_word' id='word_1_112' title='bbox 686 1892 888 1945; x_wconf 90' lang='lat' dir='ltr'><strong>donare</strong></span> <span class='ocrx_word' id='word_1_113' title='bbox 931 1891 1179 1958; x_wconf 85' lang='lat' dir='ltr'><strong>dignatus</strong></span> <span class='ocrx_word' id='word_1_114' title='bbox 1226 1899 1309 1944; x_wconf 90' lang='lat' dir='ltr'><strong>est</strong></span> <span class='ocrx_word' id='word_1_115' title='bbox 1355 1892 1684 1959; x_wconf 85' lang='lat' dir='ltr'><strong>interpretati</strong></span> <span class='ocrx_word' id='word_1_116' title='bbox 1732 1907 1937 1956; x_wconf 90' lang='lat' dir='ltr'><strong>sumus,</strong></span> <span class='ocrx_word' id='word_1_117' title='bbox 1987 1908 2105 1945; x_wconf 87' lang='lat' dir='ltr'><strong>cum</strong></span> 
     </span>
    </p>
   </div>
   <div class='ocr_carea' id='block_1_18' title="bbox 541 1980 2108 2050">
    <p class='ocr_par' dir='ltr' id='par_1_18' title="bbox 541 1980 2108 2050">
     <span class='ocr_line' id='line_1_18' title="bbox 541 1980 2108 2050; baseline -0.001 -14"><span class='ocrx_word' id='word_1_118' title='bbox 541 1982 931 2036; x_wconf 85' lang='lat' dir='ltr'><strong>ostenderimus</strong></span> <span class='ocrx_word' id='word_1_119' title='bbox 961 1997 1053 2035; x_wconf 90' lang='lat' dir='ltr'><strong>vos</strong></span> <span class='ocrx_word' id='word_1_120' title='bbox 1076 1997 1169 2050; x_wconf 91' lang='lat' dir='ltr'><strong>per</strong></span> <span class='ocrx_word' id='word_1_121' title='bbox 1195 1982 1371 2035; x_wconf 89' lang='lat' dir='ltr'><strong>oleum</strong></span> <span class='ocrx_word' id='word_1_122' title='bbox 1397 1980 1830 2036; x_wconf 90' lang='lat' dir='ltr'><strong>sanctiﬁcationis</strong></span> <span class='ocrx_word' id='word_1_123' title='bbox 1857 1981 1922 2036; x_wconf 89' lang='lat' dir='ltr'><strong>ad</strong></span> <span class='ocrx_word' id='word_1_124' title='bbox 1957 1981 2108 2035; x_wconf 80' lang='lat' dir='ltr'><strong>audi-</strong></span> 
     </span>
    </p>
   </div>
   <div class='ocr_carea' id='block_1_19' title="bbox 2201 827 3763 897">
    <p class='ocr_par' dir='ltr' id='par_1_19' title="bbox 2201 827 3763 897">
     <span class='ocr_line' id='line_1_19' title="bbox 2201 827 3763 897; baseline -0.001 -16"><span class='ocrx_word' id='word_1_125' title='bbox 2201 837 2302 892; x_wconf 85' lang='lat' dir='ltr'><strong>ret,</strong></span> <span class='ocrx_word' id='word_1_126' title='bbox 2340 827 2350 862; x_wconf 83' lang='grc' dir='ltr'><strong>ί</strong></span> <span class='ocrx_word' id='word_1_127' title='bbox 2387 827 2679 896; x_wconf 81' lang='lat' dir='ltr'><strong>discipulis,</strong></span> <span class='ocrx_word' id='word_1_128' title='bbox 2709 828 2762 882; x_wconf 92' lang='lat' dir='ltr'><strong>id</strong></span> <span class='ocrx_word' id='word_1_129' title='bbox 2789 837 2869 882; x_wconf 88' lang='lat' dir='ltr'><strong>est</strong></span> <span class='ocrx_word' id='word_1_130' title='bbox 2895 828 3152 897; x_wconf 86' lang='lat' dir='ltr'><strong>apostolis</strong></span> <span class='ocrx_word' id='word_1_131' title='bbox 3184 827 3539 887; x_wconf 73' lang='lat' dir='ltr'><strong>demandavi:</strong></span> <span class='ocrx_word' id='word_1_132' title='bbox 3565 827 3763 880; x_wconf 79' lang='lat' dir='ltr'><strong>dicens:</strong></span> 
     </span>
    </p>
   </div>
   <div class='ocr_carea' id='block_1_20' title="bbox 2200 913 3768 986">
    <p class='ocr_par' dir='ltr' id='par_1_20' title="bbox 2200 913 3768 986">
     <span class='ocr_line' id='line_1_20' title="bbox 2200 913 3768 986; baseline -0.003 -18"><span class='ocrx_word' id='word_1_133' title='bbox 2200 915 2394 969; x_wconf 78' lang='lat' dir='ltr'><strong>Euntes</strong></span> <span class='ocrx_word' id='word_1_134' title='bbox 2421 917 2674 986; x_wconf 74' lang='lat' dir='ltr'><strong>baptisate</strong></span> <span class='ocrx_word' id='word_1_135' title='bbox 2717 932 2888 970; x_wconf 87' lang='lat' dir='ltr'><strong>omnes</strong></span> <span class='ocrx_word' id='word_1_136' title='bbox 2918 926 3090 985; x_wconf 76' lang='lat' dir='ltr'><strong>gentes</strong></span> <span class='ocrx_word' id='word_1_137' title='bbox 3130 917 3186 968; x_wconf 87' lang='lat' dir='ltr'><strong>in</strong></span> <span class='ocrx_word' id='word_1_138' title='bbox 3231 917 3448 969; x_wconf 78' lang='lat' dir='ltr'><strong>nomine</strong></span> <span class='ocrx_word' id='word_1_139' title='bbox 3496 913 3698 978; x_wconf 75' lang='lat' dir='ltr'><strong>Patris,</strong></span> <span class='ocrx_word' id='word_1_140' title='bbox 3726 926 3768 965; x_wconf 90' lang='lat' dir='ltr'><strong>et</strong></span> 
     </span>
    </p>
   </div>
   <div class='ocr_carea' id='block_1_21' title="bbox 2202 1003 3766 1074">
    <p class='ocr_par' dir='ltr' id='par_1_21' title="bbox 2202 1003 3766 1074">
     <span class='ocr_line' id='line_1_21' title="bbox 2202 1003 3766 1074; baseline -0.003 -17"><span class='ocrx_word' id='word_1_141' title='bbox 2202 1004 2361 1072; x_wconf 84' lang='lat' dir='ltr'><strong>Filii,</strong></span> <span class='ocrx_word' id='word_1_142' title='bbox 2390 1015 2437 1058; x_wconf 86' lang='lat' dir='ltr'><strong>et</strong></span> <span class='ocrx_word' id='word_1_143' title='bbox 2465 1006 2691 1074; x_wconf 81' lang='lat' dir='ltr'><strong>Spiritus</strong></span> <span class='ocrx_word' id='word_1_144' title='bbox 2735 1005 2930 1068; x_wconf 89' lang='lat' dir='ltr'><strong>sancti,</strong></span> <span class='ocrx_word' id='word_1_145' title='bbox 2973 1004 3209 1057; x_wconf 86' lang='lat' dir='ltr'><strong>docentes</strong></span> <span class='ocrx_word' id='word_1_146' title='bbox 3235 1019 3324 1056; x_wconf 83' lang='lat' dir='ltr'><strong>eos</strong></span> <span class='ocrx_word' id='word_1_147' title='bbox 3353 1017 3568 1056; x_wconf 74' lang='lat' dir='ltr'><strong>seruere</strong></span> <span class='ocrx_word' id='word_1_148' title='bbox 3610 1003 3766 1053; x_wconf 70' lang='lat' dir='ltr'><strong>omnis</strong></span> 
     </span>
    </p>
   </div>
   <div class='ocr_carea' id='block_1_22' title="bbox 2199 1092 3764 1166">
    <p class='ocr_par' dir='ltr' id='par_1_22' title="bbox 2199 1092 3764 1166">
     <span class='ocr_line' id='line_1_22' title="bbox 2199 1092 3764 1166; baseline -0.004 -17"><span class='ocrx_word' id='word_1_149' title='bbox 2199 1112 2505 1166; x_wconf 69' lang='lat' dir='ltr'><strong>quwcunque</strong></span> <span class='ocrx_word' id='word_1_150' title='bbox 2526 1095 2762 1148; x_wconf 76' lang='lat' dir='ltr'><strong>mandavi</strong></span> <span class='ocrx_word' id='word_1_151' title='bbox 2784 1095 2918 1149; x_wconf 81' lang='lat' dir='ltr'><strong>vobis</strong></span> <span class='ocrx_word' id='word_1_152' title='bbox 2939 1093 3149 1165; x_wconf 78' lang='lat' dir='ltr'><strong>(Matth.</strong></span> <span class='ocrx_word' id='word_1_153' title='bbox 3172 1097 3377 1162; x_wconf 75' lang='lat' dir='ltr'><strong>xxvm).</strong></span> <span class='ocrx_word' id='word_1_154' title='bbox 3408 1092 3580 1146; x_wconf 85' lang='lat' dir='ltr'><strong>Nemo</strong></span> <span class='ocrx_word' id='word_1_155' title='bbox 3601 1099 3764 1143; x_wconf 81' lang='lat' dir='ltr'><strong>autem</strong></span> 
     </span>
    </p>
   </div>
   <div class='ocr_carea' id='block_1_23' title="bbox 2200 1182 3765 1259">
    <p class='ocr_par' dir='ltr' id='par_1_23' title="bbox 2200 1182 3765 1259">
     <span class='ocr_line' id='line_1_23' title="bbox 2200 1182 3765 1259; baseline -0.003 -21"><span class='ocrx_word' id='word_1_156' title='bbox 2200 1201 2321 1238; x_wconf 90' lang='lat' dir='ltr'><strong>cum</strong></span> <span class='ocrx_word' id='word_1_157' title='bbox 2350 1185 2496 1239; x_wconf 89' lang='lat' dir='ltr'><strong>audit</strong></span> <span class='ocrx_word' id='word_1_158' title='bbox 2523 1183 2756 1248; x_wconf 88' lang='lat' dir='ltr'><strong>Patrem,</strong></span> <span class='ocrx_word' id='word_1_159' title='bbox 2786 1192 2843 1238; x_wconf 89' lang='lat' dir='ltr'><strong>et</strong></span> <span class='ocrx_word' id='word_1_160' title='bbox 2869 1182 3057 1236; x_wconf 83' lang='lat' dir='ltr'><strong>Filium</strong></span> <span class='ocrx_word' id='word_1_161' title='bbox 3078 1225 3092 1248; x_wconf 94' lang='lat'><strong>,</strong></span> <span class='ocrx_word' id='word_1_162' title='bbox 3121 1191 3176 1259; x_wconf 87' lang='lat' dir='ltr'><strong>et</strong></span> <span class='ocrx_word' id='word_1_163' title='bbox 3203 1182 3466 1258; x_wconf 85' lang='lat' dir='ltr'><strong>Spiritum</strong></span> <span class='ocrx_word' id='word_1_164' title='bbox 3513 1189 3765 1246; x_wconf 81' lang='lat' dir='ltr'><strong>sanctum,</strong></span> 
     </span>
    </p>
   </div>
   <div class='ocr_carea' id='block_1_24' title="bbox 2203 1271 3765 1338">
    <p class='ocr_par' dir='ltr' id='par_1_24' title="bbox 2203 1271 3765 1338">
     <span class='ocr_line' id='line_1_24' title="bbox 2203 1271 3765 1338; baseline -0.003 -11"><span class='ocrx_word' id='word_1_165' title='bbox 2203 1283 2310 1328; x_wconf 90' lang='lat' dir='ltr'><strong>tres</strong></span> <span class='ocrx_word' id='word_1_166' title='bbox 2336 1273 2475 1328; x_wconf 86' lang='lat' dir='ltr'><strong>Deos</strong></span> <span class='ocrx_word' id='word_1_167' title='bbox 2515 1289 2614 1328; x_wconf 91' lang='lat' dir='ltr'><strong>nos</strong></span> <span class='ocrx_word' id='word_1_168' title='bbox 2647 1273 2874 1326; x_wconf 67' lang='lat' dir='ltr'><strong>aestimet</strong></span> <span class='ocrx_word' id='word_1_169' title='bbox 2916 1271 3176 1330; x_wconf 84' lang='lat' dir='ltr'><strong>conﬁteri.</strong></span> <span class='ocrx_word' id='word_1_170' title='bbox 3228 1271 3385 1337; x_wconf 87' lang='lat' dir='ltr'><strong>Quod</strong></span> <span class='ocrx_word' id='word_1_171' title='bbox 3435 1273 3765 1338; x_wconf 81' lang='lat' dir='ltr'><strong>sacrilegium</strong></span> 
     </span>
    </p>
   </div>
   <div class='ocr_carea' id='block_1_25' title="bbox 2201 1360 3765 1429">
    <p class='ocr_par' dir='ltr' id='par_1_25' title="bbox 2201 1360 3765 1429">
     <span class='ocr_line' id='line_1_25' title="bbox 2201 1360 3765 1429; baseline -0.003 -13"><span class='ocrx_word' id='word_1_172' title='bbox 2201 1363 2340 1417; x_wconf 85' lang='lat' dir='ltr'><strong>absit</strong></span> <span class='ocrx_word' id='word_1_173' title='bbox 2365 1362 2522 1429; x_wconf 88' lang='lat' dir='ltr'><strong>longe</strong></span> <span class='ocrx_word' id='word_1_174' title='bbox 2551 1378 2581 1414; x_wconf 90' lang='lat' dir='ltr'><strong>a</strong></span> <span class='ocrx_word' id='word_1_175' title='bbox 2603 1361 2702 1415; x_wconf 89' lang='lat' dir='ltr'><strong>lide</strong></span> <span class='ocrx_word' id='word_1_176' title='bbox 2729 1368 2910 1414; x_wconf 90' lang='lat' dir='ltr'><strong>nostra</strong></span> <span class='ocrx_word' id='word_1_177' title='bbox 2934 1360 2947 1412; x_wconf 88' lang='lat'><strong>!</strong></span> <span class='ocrx_word' id='word_1_178' title='bbox 2983 1362 2997 1409; x_wconf 78' lang='lat' dir='ltr'><strong>l</strong></span> <span class='ocrx_word' id='word_1_179' title='bbox 3030 1361 3154 1429; x_wconf 89' lang='lat' dir='ltr'><strong>quia</strong></span> <span class='ocrx_word' id='word_1_180' title='bbox 3183 1377 3344 1413; x_wconf 91' lang='lat' dir='ltr'><strong>unum</strong></span> <span class='ocrx_word' id='word_1_181' title='bbox 3369 1361 3544 1414; x_wconf 90' lang='lat' dir='ltr'><strong>Deum</strong></span> <span class='ocrx_word' id='word_1_182' title='bbox 3575 1368 3765 1412; x_wconf 80' lang='lat' dir='ltr'><strong>tantm</strong></span> 
     </span>
    </p>
   </div>
   <div class='ocr_carea' id='block_1_26' title="bbox 2201 1447 3763 1518">
    <p class='ocr_par' dir='ltr' id='par_1_26' title="bbox 2201 1447 3763 1518">
     <span class='ocr_line' id='line_1_26' title="bbox 2201 1447 3763 1518; baseline -0.004 -13"><span class='ocrx_word' id='word_1_183' title='bbox 2201 1465 2337 1511; x_wconf 85' lang='lat' dir='ltr'><strong>esse,</strong></span> <span class='ocrx_word' id='word_1_184' title='bbox 2361 1451 2475 1518; x_wconf 90' lang='lat' dir='ltr'><strong>ipso</strong></span> <span class='ocrx_word' id='word_1_185' title='bbox 2504 1457 2806 1512; x_wconf 87' lang='lat' dir='ltr'><strong>attestante,</strong></span> <span class='ocrx_word' id='word_1_186' title='bbox 2838 1450 3202 1516; x_wconf 87' lang='lat' dir='ltr'><strong>cognovimus.</strong></span> <span class='ocrx_word' id='word_1_187' title='bbox 3227 1447 3358 1518; x_wconf 81' lang='lat' dir='ltr'><strong>Ego,</strong></span> <span class='ocrx_word' id='word_1_188' title='bbox 3385 1449 3584 1517; x_wconf 86' lang='lat' dir='ltr'><strong>inquit,</strong></span> <span class='ocrx_word' id='word_1_189' title='bbox 3615 1447 3763 1508; x_wconf 74' lang='lat' dir='ltr'><strong>Deus,</strong></span> 
     </span>
    </p>
   </div>
   <div class='ocr_carea' id='block_1_27' title="bbox 2203 1537 3766 1608">
    <p class='ocr_par' dir='ltr' id='par_1_27' title="bbox 2203 1537 3766 1608">
     <span class='ocr_line' id='line_1_27' title="bbox 2203 1537 3766 1608; baseline -0.002 -16"><span class='ocrx_word' id='word_1_190' title='bbox 2203 1549 2252 1592; x_wconf 89' lang='lat' dir='ltr'><strong>et</strong></span> <span class='ocrx_word' id='word_1_191' title='bbox 2276 1555 2376 1592; x_wconf 87' lang='lat' dir='ltr'><strong>non</strong></span> <span class='ocrx_word' id='word_1_192' title='bbox 2407 1549 2483 1592; x_wconf 88' lang='lat' dir='ltr'><strong>est</strong></span> <span class='ocrx_word' id='word_1_193' title='bbox 2509 1539 2641 1592; x_wconf 90' lang='lat' dir='ltr'><strong>alius</strong></span> <span class='ocrx_word' id='word_1_194' title='bbox 2667 1548 2852 1607; x_wconf 68' lang='lat' dir='ltr'><strong>prater</strong></span> <span class='ocrx_word' id='word_1_195' title='bbox 2889 1555 2994 1603; x_wconf 85' lang='lat' dir='ltr'><strong>me;</strong></span> <span class='ocrx_word' id='word_1_196' title='bbox 3016 1538 3187 1608; x_wconf 78' lang='lat' dir='ltr'><strong>justus</strong></span> <span class='ocrx_word' id='word_1_197' title='bbox 3213 1547 3261 1590; x_wconf 89' lang='lat' dir='ltr'><strong>et</strong></span> <span class='ocrx_word' id='word_1_198' title='bbox 3291 1537 3540 1592; x_wconf 73' lang='lat' dir='ltr'><strong>Saluator</strong></span> <span class='ocrx_word' id='word_1_199' title='bbox 3569 1553 3672 1590; x_wconf 77' lang='lat' dir='ltr'><strong>non</strong></span> <span class='ocrx_word' id='word_1_200' title='bbox 3699 1547 3766 1590; x_wconf 80' lang='lat' dir='ltr'><strong>est</strong></span> 
     </span>
    </p>
   </div>
   <div class='ocr_carea' id='block_1_28' title="bbox 2202 1628 3764 1699">
    <p class='ocr_par' dir='ltr' id='par_1_28' title="bbox 2202 1628 3764 1699">
     <span class='ocr_line' id='line_1_28' title="bbox 2202 1628 3764 1699; baseline -0.003 -17"><span class='ocrx_word' id='word_1_201' title='bbox 2202 1639 2390 1699; x_wconf 75' lang='lat' dir='ltr'><strong>prteter</strong></span> <span class='ocrx_word' id='word_1_202' title='bbox 2416 1646 2511 1682; x_wconf 85' lang='lat' dir='ltr'><strong>me.</strong></span> <span class='ocrx_word' id='word_1_203' title='bbox 2555 1628 2918 1682; x_wconf 82' lang='lat' dir='ltr'><strong>Convertimini</strong></span> <span class='ocrx_word' id='word_1_204' title='bbox 2945 1629 3013 1681; x_wconf 85' lang='lat' dir='ltr'><strong>ad</strong></span> <span class='ocrx_word' id='word_1_205' title='bbox 3039 1645 3150 1693; x_wconf 83' lang='lat' dir='ltr'><strong>me,</strong></span> <span class='ocrx_word' id='word_1_206' title='bbox 3193 1638 3241 1681; x_wconf 90' lang='lat' dir='ltr'><strong>et</strong></span> <span class='ocrx_word' id='word_1_207' title='bbox 3267 1629 3393 1681; x_wconf 70' lang='lat' dir='ltr'><strong>salvi</strong></span> <span class='ocrx_word' id='word_1_208' title='bbox 3431 1629 3610 1690; x_wconf 84' lang='lat' dir='ltr'><strong>eritis,</strong></span> <span class='ocrx_word' id='word_1_209' title='bbox 3657 1631 3764 1696; x_wconf 68' lang='lat' dir='ltr'><strong>quia</strong></span> 
     </span>
    </p>
   </div>
   <div class='ocr_carea' id='block_1_29' title="bbox 2204 1716 3761 1786">
    <p class='ocr_par' dir='ltr' id='par_1_29' title="bbox 2204 1716 3761 1786">
     <span class='ocr_line' id='line_1_29' title="bbox 2204 1716 3761 1786; baseline -0.001 -16"><span class='ocrx_word' id='word_1_210' title='bbox 2204 1719 2266 1770; x_wconf 92' lang='lat' dir='ltr'><strong>ab</strong></span> <span class='ocrx_word' id='word_1_211' title='bbox 2295 1727 2520 1770; x_wconf 74' lang='lat' dir='ltr'><strong>extremo</strong></span> <span class='ocrx_word' id='word_1_212' title='bbox 2546 1728 2694 1771; x_wconf 77' lang='lat' dir='ltr'><strong>terra:</strong></span> <span class='ocrx_word' id='word_1_213' title='bbox 2720 1733 2813 1786; x_wconf 90' lang='lat' dir='ltr'><strong>ego</strong></span> <span class='ocrx_word' id='word_1_214' title='bbox 2845 1733 2957 1770; x_wconf 79' lang='lat' dir='ltr'><strong>sum</strong></span> <span class='ocrx_word' id='word_1_215' title='bbox 2985 1716 3116 1769; x_wconf 84' lang='lat' dir='ltr'><strong>Deus</strong></span> <span class='ocrx_word' id='word_1_216' title='bbox 3137 1758 3152 1782; x_wconf 92' lang='lat'><strong>,</strong></span> <span class='ocrx_word' id='word_1_217' title='bbox 3180 1725 3228 1768; x_wconf 90' lang='lat' dir='ltr'><strong>et</strong></span> <span class='ocrx_word' id='word_1_218' title='bbox 3255 1732 3355 1770; x_wconf 89' lang='lat' dir='ltr'><strong>non</strong></span> <span class='ocrx_word' id='word_1_219' title='bbox 3375 1725 3454 1768; x_wconf 90' lang='lat' dir='ltr'><strong>est</strong></span> <span class='ocrx_word' id='word_1_220' title='bbox 3478 1717 3616 1768; x_wconf 74' lang='lat' dir='ltr'><strong>alius</strong></span> <span class='ocrx_word' id='word_1_221' title='bbox 3635 1732 3761 1783; x_wconf 76' lang='lat' dir='ltr'><strong>prte-</strong></span> 
     </span>
    </p>
   </div>
   <div class='ocr_carea' id='block_1_30' title="bbox 2205 1801 3764 1873">
    <p class='ocr_par' dir='ltr' id='par_1_30' title="bbox 2205 1801 3764 1873">
     <span class='ocr_line' id='line_1_30' title="bbox 2205 1801 3764 1873; baseline 0.001 -19"><span class='ocrx_word' id='word_1_222' title='bbox 2205 1813 2281 1855; x_wconf 88' lang='lat' dir='ltr'><strong>ter</strong></span> <span class='ocrx_word' id='word_1_223' title='bbox 2303 1821 2381 1856; x_wconf 87' lang='lat' dir='ltr'><strong>me</strong></span> <span class='ocrx_word' id='word_1_224' title='bbox 2404 1803 2555 1873; x_wconf 84' lang='lat' dir='ltr'><strong>(lsai.</strong></span> <span class='ocrx_word' id='word_1_225' title='bbox 2587 1819 2707 1868; x_wconf 68' lang='lat' dir='ltr'><strong>xcv,</strong></span> <span class='ocrx_word' id='word_1_226' title='bbox 2738 1813 2786 1856; x_wconf 87' lang='lat' dir='ltr'><strong>et</strong></span> <span class='ocrx_word' id='word_1_227' title='bbox 2808 1802 2928 1856; x_wconf 88' lang='lat' dir='ltr'><strong>Ose.</strong></span> <span class='ocrx_word' id='word_1_228' title='bbox 2961 1802 3096 1869; x_wconf 81' lang='lat' dir='ltr'><strong>xm.)</strong></span> <span class='ocrx_word' id='word_1_229' title='bbox 3128 1801 3188 1855; x_wconf 86' lang='lat' dir='ltr'><strong>Et</strong></span> <span class='ocrx_word' id='word_1_230' title='bbox 3223 1803 3276 1856; x_wconf 92' lang='lat' dir='ltr'><strong>in</strong></span> <span class='ocrx_word' id='word_1_231' title='bbox 3300 1803 3406 1856; x_wconf 90' lang='lat' dir='ltr'><strong>alio</strong></span> <span class='ocrx_word' id='word_1_232' title='bbox 3429 1802 3591 1856; x_wconf 86' lang='lat' dir='ltr'><strong>libro.</strong></span> <span class='ocrx_word' id='word_1_233' title='bbox 3618 1804 3764 1868; x_wconf 69' lang='lat' dir='ltr'><strong>Audi,</strong></span> 
     </span>
    </p>
   </div>
   <div class='ocr_carea' id='block_1_31' title="bbox 2206 1890 3762 1960">
    <p class='ocr_par' dir='ltr' id='par_1_31' title="bbox 2206 1890 3762 1960">
     <span class='ocr_line' id='line_1_31' title="bbox 2206 1890 3762 1960; baseline 0.001 -15"><span class='ocrx_word' id='word_1_234' title='bbox 2206 1891 2372 1945; x_wconf 84' lang='lat' dir='ltr'><strong>Israel</strong></span> <span class='ocrx_word' id='word_1_235' title='bbox 2411 1909 2426 1944; x_wconf 92' lang='lat'><em>:</em></span> <span class='ocrx_word' id='word_1_236' title='bbox 2470 1893 2716 1945; x_wconf 80' lang='lat' dir='ltr'><strong>Dominus</strong></span> <span class='ocrx_word' id='word_1_237' title='bbox 2758 1891 2896 1944; x_wconf 88' lang='lat' dir='ltr'><strong>Deus</strong></span> <span class='ocrx_word' id='word_1_238' title='bbox 2921 1901 3034 1944; x_wconf 87' lang='lat' dir='ltr'><strong>tuus</strong></span> <span class='ocrx_word' id='word_1_239' title='bbox 3056 1932 3070 1957; x_wconf 92' lang='lat'><strong>,</strong></span> <span class='ocrx_word' id='word_1_240' title='bbox 3105 1890 3240 1944; x_wconf 82' lang='lat' dir='ltr'><strong>Deus</strong></span> <span class='ocrx_word' id='word_1_241' title='bbox 3264 1907 3394 1944; x_wconf 73' lang='lat' dir='ltr'><strong>unus</strong></span> <span class='ocrx_word' id='word_1_242' title='bbox 3424 1901 3503 1944; x_wconf 86' lang='lat' dir='ltr'><strong>est</strong></span> <span class='ocrx_word' id='word_1_243' title='bbox 3526 1891 3762 1960; x_wconf 70' lang='lat' dir='ltr'><strong>(Denter.</strong></span> 
     </span>
    </p>
   </div>
   <div class='ocr_carea' id='block_1_32' title="bbox 2209 1978 3764 2046">
    <p class='ocr_par' dir='ltr' id='par_1_32' title="bbox 2209 1978 3764 2046">
     <span class='ocr_line' id='line_1_32' title="bbox 2209 1978 3764 2046; baseline -0.001 -14"><span class='ocrx_word' id='word_1_244' title='bbox 2209 1979 2302 2046; x_wconf 86' lang='lat' dir='ltr'><strong>vt).</strong></span> <span class='ocrx_word' id='word_1_245' title='bbox 2333 1979 2400 2033; x_wconf 85' lang='lat' dir='ltr'><strong>Et</strong></span> <span class='ocrx_word' id='word_1_246' title='bbox 2425 1997 2606 2034; x_wconf 86' lang='lat' dir='ltr'><strong>rursus</strong></span> <span class='ocrx_word' id='word_1_247' title='bbox 2632 1999 2643 2032; x_wconf 90' lang='lat'>:</span> <span class='ocrx_word' id='word_1_248' title='bbox 2677 1979 2923 2032; x_wconf 85' lang='lat' dir='ltr'><strong>Dominus</strong></span> <span class='ocrx_word' id='word_1_249' title='bbox 2945 1978 3080 2032; x_wconf 91' lang='lat' dir='ltr'><strong>Deus</strong></span> <span class='ocrx_word' id='word_1_250' title='bbox 3103 1988 3216 2032; x_wconf 87' lang='lat' dir='ltr'><strong>tuus</strong></span> <span class='ocrx_word' id='word_1_251' title='bbox 3237 1979 3316 2032; x_wconf 77' lang='lat' dir='ltr'><strong>hic</strong></span> <span class='ocrx_word' id='word_1_252' title='bbox 3335 1988 3412 2033; x_wconf 88' lang='lat' dir='ltr'><strong>est</strong></span> <span class='ocrx_word' id='word_1_253' title='bbox 3434 1981 3487 2032; x_wconf 91' lang='lat' dir='ltr'><strong>in</strong></span> <span class='ocrx_word' id='word_1_254' title='bbox 3516 1980 3642 2034; x_wconf 64' lang='lat' dir='ltr'><strong>caelo</strong></span> <span class='ocrx_word' id='word_1_255' title='bbox 3661 1996 3764 2032; x_wconf 74' lang='lat' dir='ltr'><strong>ssr-</strong></span> 
     </span>
    </p>
   </div>
   <div class='ocr_carea' id='block_1_33' title="bbox 544 2069 3762 2140">
    <p class='ocr_par' dir='ltr' id='par_1_33' title="bbox 544 2069 3762 2140">
     <span class='ocr_line' id='line_1_33' title="bbox 544 2069 3762 2140; baseline -0.001 -16"><span class='ocrx_word' id='word_1_256' title='bbox 544 2081 656 2126; x_wconf 90' lang='lat' dir='ltr'><strong>tum</strong></span> <span class='ocrx_word' id='word_1_257' title='bbox 698 2070 725 2110; x_wconf 68' lang='grc' dir='ltr'>δ</span> <span class='ocrx_word' id='word_1_258' title='bbox 769 2071 890 2125; x_wconf 89' lang='lat' dir='ltr'><strong>lidei</strong></span> <span class='ocrx_word' id='word_1_259' title='bbox 933 2080 1258 2140; x_wconf 64' lang='lat' dir='ltr'><strong>praeparatos</strong></span> <span class='ocrx_word' id='word_1_260' title='bbox 1303 2080 1356 2125; x_wconf 91' lang='lat' dir='ltr'><strong>ct</strong></span> <span class='ocrx_word' id='word_1_261' title='bbox 1401 2072 1597 2125; x_wconf 86' lang='lat' dir='ltr'><strong>bonum</strong></span> <span class='ocrx_word' id='word_1_262' title='bbox 1643 2069 1838 2125; x_wconf 81' lang='lat' dir='ltr'><strong>Christi</strong></span> <span class='ocrx_word' id='word_1_263' title='bbox 1889 2071 2108 2126; x_wconf 87' lang='lat' dir='ltr'><strong>odorem</strong></span> <span class='ocrx_word' id='word_1_264' title='bbox 2141 2078 2184 2136; x_wconf 76' lang='grc' dir='ltr'><strong>Β</strong></span> <span class='ocrx_word' id='word_1_265' title='bbox 2209 2084 2322 2121; x_wconf 78' lang='lat' dir='ltr'><strong>sum</strong></span> <span class='ocrx_word' id='word_1_266' title='bbox 2358 2078 2406 2121; x_wconf 90' lang='lat' dir='ltr'><strong>et</strong></span> <span class='ocrx_word' id='word_1_267' title='bbox 2434 2071 2486 2121; x_wconf 91' lang='lat' dir='ltr'><strong>in</strong></span> <span class='ocrx_word' id='word_1_268' title='bbox 2513 2077 2651 2120; x_wconf 87' lang='lat' dir='ltr'><strong>terra</strong></span> <span class='ocrx_word' id='word_1_269' title='bbox 2671 2069 2928 2131; x_wconf 84' lang='lat' dir='ltr'><strong>deorsum,</strong></span> <span class='ocrx_word' id='word_1_270' title='bbox 2954 2077 3122 2122; x_wconf 86' lang='lat' dir='ltr'><strong>etnon</strong></span> <span class='ocrx_word' id='word_1_271' title='bbox 3147 2077 3221 2121; x_wconf 81' lang='lat' dir='ltr'><strong>est</strong></span> <span class='ocrx_word' id='word_1_272' title='bbox 3241 2069 3375 2121; x_wconf 77' lang='lat' dir='ltr'><strong>alius</strong></span> <span class='ocrx_word' id='word_1_273' title='bbox 3397 2070 3762 2138; x_wconf 71' lang='lat' dir='ltr'><strong>preteripssrn</strong></span> 
     </span>
    </p>
   </div>
   <div class='ocr_carea' id='block_1_34' title="bbox 547 2161 2106 2227">
    <p class='ocr_par' dir='ltr' id='par_1_34' title="bbox 547 2161 2106 2227">
     <span class='ocr_line' id='line_1_34' title="bbox 547 2161 2106 2227; baseline 0.001 -12"><span class='ocrx_word' id='word_1_274' title='bbox 547 2169 766 2215; x_wconf 88' lang='lat' dir='ltr'><strong>vocatos</strong></span> <span class='ocrx_word' id='word_1_275' title='bbox 784 2203 799 2227; x_wconf 98' lang='lat'><strong>,</strong></span> <span class='ocrx_word' id='word_1_276' title='bbox 829 2176 895 2214; x_wconf 88' lang='lat' dir='ltr'><strong>ex</strong></span> <span class='ocrx_word' id='word_1_277' title='bbox 928 2170 1040 2215; x_wconf 92' lang='lat' dir='ltr'><strong>toto</strong></span> <span class='ocrx_word' id='word_1_278' title='bbox 1069 2161 1229 2215; x_wconf 86' lang='lat' dir='ltr'><strong>corde</strong></span> <span class='ocrx_word' id='word_1_279' title='bbox 1255 2163 1730 2217; x_wconf 85' lang='lat' dir='ltr'><strong>abrenuntiandum</strong></span> <span class='ocrx_word' id='word_1_280' title='bbox 1758 2173 1779 2200; x_wconf 74' lang='grc' dir='ltr'><strong>ο</strong></span> <span class='ocrx_word' id='word_1_281' title='bbox 1811 2177 1930 2217; x_wconf 89' lang='lat' dir='ltr'><strong>esse</strong></span> <span class='ocrx_word' id='word_1_282' title='bbox 1957 2178 2106 2217; x_wconf 89' lang='lat' dir='ltr'><strong>com-</strong></span> 
     </span>
    </p>
   </div>
   <div class='ocr_carea' id='block_1_35' title="bbox 543 2251 2109 2322">
    <p class='ocr_par' dir='ltr' id='par_1_35' title="bbox 543 2251 2109 2322">
     <span class='ocr_line' id='line_1_35' title="bbox 543 2251 2109 2322; baseline 0.001 -18"><span class='ocrx_word' id='word_1_283' title='bbox 543 2252 798 2306; x_wconf 87' lang='lat' dir='ltr'><strong>monitos.</strong></span> <span class='ocrx_word' id='word_1_284' title='bbox 823 2251 973 2305; x_wconf 80' lang='lat' dir='ltr'><strong>Nunc</strong></span> <span class='ocrx_word' id='word_1_285' title='bbox 993 2267 1123 2306; x_wconf 90' lang='lat' dir='ltr'><strong>vero</strong></span> <span class='ocrx_word' id='word_1_286' title='bbox 1146 2251 1211 2306; x_wconf 93' lang='lat' dir='ltr'><strong>de</strong></span> <span class='ocrx_word' id='word_1_287' title='bbox 1235 2253 1571 2306; x_wconf 88' lang='lat' dir='ltr'><strong>interioribus</strong></span> <span class='ocrx_word' id='word_1_288' title='bbox 1593 2252 1858 2322; x_wconf 81' lang='lat' dir='ltr'><strong>mysteriis</strong></span> <span class='ocrx_word' id='word_1_289' title='bbox 1881 2252 2109 2305; x_wconf 84' lang='lat' dir='ltr'><strong>locuturi</strong></span> 
     </span>
    </p>
   </div>
   <div class='ocr_carea' id='block_1_36' title="bbox 542 2337 2109 2406">
    <p class='ocr_par' dir='ltr' id='par_1_36' title="bbox 542 2337 2109 2406">
     <span class='ocr_line' id='line_1_36' title="bbox 542 2337 2109 2406; baseline 0.001 -13"><span class='ocrx_word' id='word_1_290' title='bbox 542 2354 728 2393; x_wconf 87' lang='lat' dir='ltr'><strong>sumus</strong></span> <span class='ocrx_word' id='word_1_291' title='bbox 745 2353 863 2406; x_wconf 74' lang='lat' dir='ltr'><strong>qua:</strong></span> <span class='ocrx_word' id='word_1_292' title='bbox 885 2339 934 2391; x_wconf 92' lang='lat' dir='ltr'><strong>in</strong></span> <span class='ocrx_word' id='word_1_293' title='bbox 957 2338 1073 2406; x_wconf 89' lang='lat' dir='ltr'><strong>ipso</strong></span> <span class='ocrx_word' id='word_1_294' title='bbox 1093 2347 1278 2393; x_wconf 90' lang='lat' dir='ltr'><strong>sancto</strong></span> <span class='ocrx_word' id='word_1_295' title='bbox 1294 2339 1436 2394; x_wconf 79' lang='lat' dir='ltr'><strong>fonte</strong></span> <span class='ocrx_word' id='word_1_296' title='bbox 1458 2340 1725 2394; x_wconf 85' lang='lat' dir='ltr'><strong>celebrata</strong></span> <span class='ocrx_word' id='word_1_297' title='bbox 1746 2348 1889 2394; x_wconf 91' lang='lat' dir='ltr'><strong>sunt.</strong></span> <span class='ocrx_word' id='word_1_298' title='bbox 1907 2337 2109 2394; x_wconf 87' lang='lat' dir='ltr'><strong>Emissa</strong></span> 
     </span>
    </p>
   </div>
   <div class='ocr_carea' id='block_1_37' title="bbox 542 2427 2107 2496">
    <p class='ocr_par' dir='ltr' id='par_1_37' title="bbox 542 2427 2107 2496">
     <span class='ocr_line' id='line_1_37' title="bbox 542 2427 2107 2496; baseline 0 -14"><span class='ocrx_word' id='word_1_299' title='bbox 542 2430 685 2482; x_wconf 91' lang='lat' dir='ltr'><strong>enim</strong></span> <span class='ocrx_word' id='word_1_300' title='bbox 711 2427 1005 2482; x_wconf 87' lang='lat' dir='ltr'><strong>certissima</strong></span> <span class='ocrx_word' id='word_1_301' title='bbox 1034 2428 1299 2492; x_wconf 90' lang='lat' dir='ltr'><strong>cautione,</strong></span> <span class='ocrx_word' id='word_1_302' title='bbox 1331 2444 1435 2496; x_wconf 88' lang='lat' dir='ltr'><strong>qua</strong></span> <span class='ocrx_word' id='word_1_303' title='bbox 1463 2444 1558 2482; x_wconf 87' lang='lat' dir='ltr'><strong>vos</strong></span> <span class='ocrx_word' id='word_1_304' title='bbox 1585 2429 1963 2484; x_wconf 76' lang='lat' dir='ltr'><strong>abrenuntiare</strong></span> <span class='ocrx_word' id='word_1_305' title='bbox 1990 2445 2107 2484; x_wconf 85' lang='lat' dir='ltr'><strong>om-</strong></span> 
     </span>
    </p>
   </div>
   <div class='ocr_carea' id='block_1_38' title="bbox 544 2514 2109 2586">
    <p class='ocr_par' dir='ltr' id='par_1_38' title="bbox 544 2514 2109 2586">
     <span class='ocr_line' id='line_1_38' title="bbox 544 2514 2109 2586; baseline -0.001 -16"><span class='ocrx_word' id='word_1_306' title='bbox 544 2518 700 2570; x_wconf 89' lang='lat' dir='ltr'><strong>nibus</strong></span> <span class='ocrx_word' id='word_1_307' title='bbox 727 2516 938 2586; x_wconf 86' lang='lat' dir='ltr'><strong>pompis</strong></span> <span class='ocrx_word' id='word_1_308' title='bbox 981 2524 1037 2568; x_wconf 93' lang='lat' dir='ltr'><strong>et</strong></span> <span class='ocrx_word' id='word_1_309' title='bbox 1065 2517 1312 2584; x_wconf 85' lang='lat' dir='ltr'><strong>operibus</strong></span> <span class='ocrx_word' id='word_1_310' title='bbox 1339 2516 1480 2583; x_wconf 83' lang='lat' dir='ltr'><strong>ejus,</strong></span> <span class='ocrx_word' id='word_1_311' title='bbox 1511 2524 1566 2570; x_wconf 91' lang='lat' dir='ltr'><strong>et</strong></span> <span class='ocrx_word' id='word_1_312' title='bbox 1601 2517 1748 2570; x_wconf 91' lang='lat' dir='ltr'><strong>omni</strong></span> <span class='ocrx_word' id='word_1_313' title='bbox 1775 2514 2109 2570; x_wconf 79' lang='lat' dir='ltr'><strong>fornicationi</strong></span> 
     </span>
    </p>
   </div>
   <div class='ocr_carea' id='block_1_39' title="bbox 543 2601 2108 2672">
    <p class='ocr_par' dir='ltr' id='par_1_39' title="bbox 543 2601 2108 2672">
     <span class='ocr_line' id='line_1_39' title="bbox 543 2601 2108 2672; baseline -0.001 -14"><span class='ocrx_word' id='word_1_314' title='bbox 543 2604 816 2658; x_wconf 71' lang='lat' dir='ltr'><strong>diaboliae</strong></span> <span class='ocrx_word' id='word_1_315' title='bbox 869 2603 1265 2672; x_wconf 89' lang='lat' dir='ltr'><strong>spopondistis,</strong></span> <span class='ocrx_word' id='word_1_316' title='bbox 1321 2601 1348 2640; x_wconf 69' lang='grc' dir='ltr'><strong><em>ἀ</em></strong></span> <span class='ocrx_word' id='word_1_317' title='bbox 1407 2604 1752 2661; x_wconf 85' lang='lat' dir='ltr'><strong>descendistis</strong></span> <span class='ocrx_word' id='word_1_318' title='bbox 1807 2605 1858 2658; x_wconf 90' lang='lat' dir='ltr'><strong>in</strong></span> <span class='ocrx_word' id='word_1_319' title='bbox 1911 2605 2108 2658; x_wconf 82' lang='lat' dir='ltr'><strong>fontem</strong></span> 
     </span>
    </p>
   </div>
   <div class='ocr_carea' id='block_1_40' title="bbox 543 2691 2109 2763">
    <p class='ocr_par' dir='ltr' id='par_1_40' title="bbox 543 2691 2109 2763">
     <span class='ocr_line' id='line_1_40' title="bbox 543 2691 2109 2763; baseline -0.001 -14"><span class='ocrx_word' id='word_1_320' title='bbox 543 2710 782 2757; x_wconf 85' lang='lat' dir='ltr'><strong>sacrum,</strong></span> <span class='ocrx_word' id='word_1_321' title='bbox 817 2691 1016 2746; x_wconf 73' lang='grc' dir='ltr'>ῐυιιιειιι</span> <span class='ocrx_word' id='word_1_322' title='bbox 1045 2694 1193 2754; x_wconf 66' lang='lat' dir='ltr'><strong>vitae,</strong></span> <span class='ocrx_word' id='word_1_323' title='bbox 1224 2693 1426 2748; x_wconf 81' lang='lat' dir='ltr'><strong>fontem</strong></span> <span class='ocrx_word' id='word_1_324' title='bbox 1469 2694 1876 2763; x_wconf 87' lang='lat' dir='ltr'><strong>redemptionis,</strong></span> <span class='ocrx_word' id='word_1_325' title='bbox 1908 2694 2109 2749; x_wconf 78' lang='lat' dir='ltr'><strong>fontem</strong></span> 
     </span>
    </p>
   </div>
   <div class='ocr_carea' id='block_1_41' title="bbox 545 2780 2111 2846">
    <p class='ocr_par' dir='ltr' id='par_1_41' title="bbox 545 2780 2111 2846">
     <span class='ocr_line' id='line_1_41' title="bbox 545 2780 2111 2846; baseline 0 -10"><span class='ocrx_word' id='word_1_326' title='bbox 545 2780 936 2836; x_wconf 86' lang='lat' dir='ltr'><strong>sanctiﬁcatum</strong></span> <span class='ocrx_word' id='word_1_327' title='bbox 965 2782 1160 2835; x_wconf 86' lang='lat' dir='ltr'><strong>virtute</strong></span> <span class='ocrx_word' id='word_1_328' title='bbox 1190 2782 1411 2844; x_wconf 66' lang='lat' dir='ltr'><strong>caelesti,</strong></span> <span class='ocrx_word' id='word_1_329' title='bbox 1443 2791 1498 2835; x_wconf 92' lang='lat' dir='ltr'><strong>et</strong></span> <span class='ocrx_word' id='word_1_330' title='bbox 1527 2783 1597 2835; x_wconf 90' lang='lat' dir='ltr'><strong>ita</strong></span> <span class='ocrx_word' id='word_1_331' title='bbox 1622 2783 2023 2846; x_wconf 88' lang='lat' dir='ltr'><strong>sanctiﬁcatum,</strong></span> <span class='ocrx_word' id='word_1_332' title='bbox 2052 2791 2111 2836; x_wconf 92' lang='lat' dir='ltr'><strong>ut</strong></span> 
     </span>
    </p>
   </div>
   <div class='ocr_carea' id='block_1_42' title="bbox 546 2871 2109 2940">
    <p class='ocr_par' dir='ltr' id='par_1_42' title="bbox 546 2871 2109 2940">
     <span class='ocr_line' id='line_1_42' title="bbox 546 2871 2109 2940; baseline 0.001 -16"><span class='ocrx_word' id='word_1_333' title='bbox 546 2871 792 2924; x_wconf 86' lang='lat' dir='ltr'><strong>homines</strong></span> <span class='ocrx_word' id='word_1_334' title='bbox 817 2886 914 2939; x_wconf 89' lang='lat' dir='ltr'><strong>per</strong></span> <span class='ocrx_word' id='word_1_335' title='bbox 939 2871 1102 2924; x_wconf 89' lang='lat' dir='ltr'><strong>multa</strong></span> <span class='ocrx_word' id='word_1_336' title='bbox 1135 2880 1354 2940; x_wconf 86' lang='lat' dir='ltr'><strong>peccata</strong></span> <span class='ocrx_word' id='word_1_337' title='bbox 1376 2872 1624 2926; x_wconf 89' lang='lat' dir='ltr'><strong>diluendo</strong></span> <span class='ocrx_word' id='word_1_338' title='bbox 1646 2871 1961 2928; x_wconf 88' lang='lat' dir='ltr'><strong>sanctiﬁcet.</strong></span> <span class='ocrx_word' id='word_1_339' title='bbox 1993 2871 2109 2926; x_wconf 87' lang='lat' dir='ltr'><strong>Non</strong></span> 
     </span>
    </p>
   </div>
   <div class='ocr_carea' id='block_1_43' title="bbox 541 2959 2108 3028">
    <p class='ocr_par' dir='ltr' id='par_1_43' title="bbox 541 2959 2108 3028">
     <span class='ocr_line' id='line_1_43' title="bbox 541 2959 2108 3028; baseline 0.001 -15"><span class='ocrx_word' id='word_1_340' title='bbox 541 2960 685 3013; x_wconf 91' lang='lat' dir='ltr'><strong>enim</strong></span> <span class='ocrx_word' id='word_1_341' title='bbox 714 2959 919 3013; x_wconf 87' lang='lat' dir='ltr'><strong>debetis</strong></span> <span class='ocrx_word' id='word_1_342' title='bbox 947 2960 1062 3012; x_wconf 81' lang='lat' dir='ltr'><strong>illas</strong></span> <span class='ocrx_word' id='word_1_343' title='bbox 1087 2975 1252 3028; x_wconf 85' lang='lat' dir='ltr'><strong>aquas</strong></span> <span class='ocrx_word' id='word_1_344' title='bbox 1280 2960 1447 3013; x_wconf 90' lang='lat' dir='ltr'><strong>oculis</strong></span> <span class='ocrx_word' id='word_1_345' title='bbox 1471 2962 1753 3025; x_wconf 69' lang='lat' dir='ltr'><strong>mstimare,</strong></span> <span class='ocrx_word' id='word_1_346' title='bbox 1786 2961 1879 3016; x_wconf 89' lang='lat' dir='ltr'><strong>sed</strong></span> <span class='ocrx_word' id='word_1_347' title='bbox 1909 2969 2108 3015; x_wconf 83' lang='lat' dir='ltr'><strong>mente.</strong></span> 
     </span>
    </p>
   </div>
   <div class='ocr_carea' id='block_1_44' title="bbox 545 3048 2109 3118">
    <p class='ocr_par' dir='ltr' id='par_1_44' title="bbox 545 3048 2109 3118">
     <span class='ocr_line' id='line_1_44' title="bbox 545 3048 2109 3118; baseline 0.001 -16"><span class='ocrx_word' id='word_1_348' title='bbox 545 3048 679 3102; x_wconf 83' lang='lat' dir='ltr'><strong>Nam</strong></span> <span class='ocrx_word' id='word_1_349' title='bbox 709 3050 809 3102; x_wconf 91' lang='lat' dir='ltr'><strong>etsi</strong></span> <span class='ocrx_word' id='word_1_350' title='bbox 837 3049 1130 3102; x_wconf 88' lang='lat' dir='ltr'><strong>substantia</strong></span> <span class='ocrx_word' id='word_1_351' title='bbox 1153 3049 1290 3101; x_wconf 91' lang='lat' dir='ltr'><strong>illius</strong></span> <span class='ocrx_word' id='word_1_352' title='bbox 1310 3063 1460 3116; x_wconf 76' lang='lat' dir='ltr'><strong>aqua:</strong></span> <span class='ocrx_word' id='word_1_353' title='bbox 1481 3048 1546 3102; x_wconf 93' lang='lat' dir='ltr'><strong>de</strong></span> <span class='ocrx_word' id='word_1_354' title='bbox 1566 3049 1833 3102; x_wconf 89' lang='lat' dir='ltr'><strong>communi</strong></span> <span class='ocrx_word' id='word_1_355' title='bbox 1853 3064 2109 3118; x_wconf 89' lang='lat' dir='ltr'><strong>aquarum</strong></span> 
     </span>
    </p>
   </div>
   <div class='ocr_carea' id='block_1_45' title="bbox 545 3138 2110 3207">
    <p class='ocr_par' dir='ltr' id='par_1_45' title="bbox 545 3138 2110 3207">
     <span class='ocr_line' id='line_1_45' title="bbox 545 3138 2110 3207; baseline -0.001 -14"><span class='ocrx_word' id='word_1_356' title='bbox 545 3146 733 3193; x_wconf 90' lang='lat' dir='ltr'><strong>natura</strong></span> <span class='ocrx_word' id='word_1_357' title='bbox 755 3138 844 3205; x_wconf 90' lang='lat' dir='ltr'><strong>sit,</strong></span> <span class='ocrx_word' id='word_1_358' title='bbox 869 3148 892 3174; x_wconf 75' lang='grc' dir='ltr'><strong>ε</strong></span> <span class='ocrx_word' id='word_1_359' title='bbox 916 3139 1134 3193; x_wconf 84' lang='lat' dir='ltr'><strong>eﬁ‘ectus</strong></span> <span class='ocrx_word' id='word_1_360' title='bbox 1163 3147 1337 3192; x_wconf 86' lang='lat' dir='ltr'><strong>tamen</strong></span> <span class='ocrx_word' id='word_1_361' title='bbox 1356 3139 1518 3207; x_wconf 89' lang='lat' dir='ltr'><strong>ipsius</strong></span> <span class='ocrx_word' id='word_1_362' title='bbox 1542 3155 1607 3194; x_wconf 90' lang='lat' dir='ltr'><strong>cx</strong></span> <span class='ocrx_word' id='word_1_363' title='bbox 1622 3139 1715 3194; x_wconf 89' lang='lat' dir='ltr'><strong>Dei</strong></span> <span class='ocrx_word' id='word_1_364' title='bbox 1738 3141 1904 3207; x_wconf 84' lang='lat' dir='ltr'><strong>gratia</strong></span> <span class='ocrx_word' id='word_1_365' title='bbox 1925 3149 1982 3194; x_wconf 90' lang='lat' dir='ltr'><strong>et</strong></span> <span class='ocrx_word' id='word_1_366' title='bbox 2005 3141 2110 3192; x_wconf 91' lang='lat' dir='ltr'><strong>vir-</strong></span> 
     </span>
    </p>
   </div>
   <div class='ocr_carea' id='block_1_46' title="bbox 543 3227 2112 3297">
    <p class='ocr_par' dir='ltr' id='par_1_46' title="bbox 543 3227 2112 3297">
     <span class='ocr_line' id='line_1_46' title="bbox 543 3227 2112 3297; baseline -0.001 -15"><span class='ocrx_word' id='word_1_367' title='bbox 543 3235 658 3282; x_wconf 90' lang='lat' dir='ltr'><strong>tute</strong></span> <span class='ocrx_word' id='word_1_368' title='bbox 697 3227 966 3295; x_wconf 82' lang='lat' dir='ltr'><strong>procedit,</strong></span> <span class='ocrx_word' id='word_1_369' title='bbox 996 3228 1084 3296; x_wconf 87' lang='lat' dir='ltr'><strong>qui</strong></span> <span class='ocrx_word' id='word_1_370' title='bbox 1113 3229 1314 3281; x_wconf 83' lang='lat' dir='ltr'><strong>creavit</strong></span> <span class='ocrx_word' id='word_1_371' title='bbox 1341 3242 1504 3296; x_wconf 88' lang='lat' dir='ltr'><strong>aquas</strong></span> <span class='ocrx_word' id='word_1_372' title='bbox 1533 3237 1588 3281; x_wconf 94' lang='lat' dir='ltr'><strong>ut</strong></span> <span class='ocrx_word' id='word_1_373' title='bbox 1629 3238 1834 3283; x_wconf 87' lang='lat' dir='ltr'><strong>secreta</strong></span> <span class='ocrx_word' id='word_1_374' title='bbox 1863 3230 2112 3297; x_wconf 72' lang='lat' dir='ltr'><strong>potentia:</strong></span> 
     </span>
    </p>
   </div>
   <div class='ocr_carea' id='block_1_47' title="bbox 541 3317 2110 3388">
    <p class='ocr_par' dir='ltr' id='par_1_47' title="bbox 541 3317 2110 3388">
     <span class='ocr_line' id='line_1_47' title="bbox 541 3317 2110 3388; baseline 0.001 -17"><span class='ocrx_word' id='word_1_375' title='bbox 541 3331 653 3371; x_wconf 73' lang='lat' dir='ltr'><strong>sua:</strong></span> <span class='ocrx_word' id='word_1_376' title='bbox 681 3317 874 3369; x_wconf 90' lang='lat' dir='ltr'><strong>virtute</strong></span> <span class='ocrx_word' id='word_1_377' title='bbox 901 3327 1118 3384; x_wconf 88' lang='lat' dir='ltr'><strong>peccata</strong></span> <span class='ocrx_word' id='word_1_378' title='bbox 1141 3332 1260 3385; x_wconf 80' lang='lat' dir='ltr'><strong>qua:</strong></span> <span class='ocrx_word' id='word_1_379' title='bbox 1287 3332 1393 3370; x_wconf 93' lang='lat' dir='ltr'><strong>non</strong></span> <span class='ocrx_word' id='word_1_380' title='bbox 1422 3317 1668 3372; x_wconf 86' lang='lat' dir='ltr'><strong>videntur</strong></span> <span class='ocrx_word' id='word_1_381' title='bbox 1693 3320 1951 3374; x_wconf 88' lang='lat' dir='ltr'><strong>ablueret.</strong></span> <span class='ocrx_word' id='word_1_382' title='bbox 1991 3319 2110 3388; x_wconf 89' lang='lat' dir='ltr'><strong>Spi-</strong></span> 
     </span>
    </p>
   </div>
   <div class='ocr_carea' id='block_1_48' title="bbox 2210 2155 3759 2225">
    <p class='ocr_par' dir='ltr' id='par_1_48' title="bbox 2210 2155 3759 2225">
     <span class='ocr_line' id='line_1_48' title="bbox 2210 2155 3759 2225; baseline 0.001 -19"><span class='ocrx_word' id='word_1_383' title='bbox 2210 2155 2444 2225; x_wconf 90' lang='lat' dir='ltr'><strong>(Deuter.</strong></span> <span class='ocrx_word' id='word_1_384' title='bbox 2466 2156 2560 2221; x_wconf 82' lang='lat' dir='ltr'><strong>iv).</strong></span> <span class='ocrx_word' id='word_1_385' title='bbox 2585 2155 2714 2209; x_wconf 85' lang='lat' dir='ltr'><strong>Tres</strong></span> <span class='ocrx_word' id='word_1_386' title='bbox 2729 2170 2856 2223; x_wconf 89' lang='lat' dir='ltr'><strong>ergo</strong></span> <span class='ocrx_word' id='word_1_387' title='bbox 2877 2171 3131 2224; x_wconf 86' lang='lat' dir='ltr'><strong>personas</strong></span> <span class='ocrx_word' id='word_1_388' title='bbox 3152 2164 3393 2209; x_wconf 87' lang='lat' dir='ltr'><strong>tenemus</strong></span> <span class='ocrx_word' id='word_1_389' title='bbox 3407 2163 3464 2210; x_wconf 91' lang='lat' dir='ltr'><strong>et</strong></span> <span class='ocrx_word' id='word_1_390' title='bbox 3481 2155 3759 2218; x_wconf 80' lang='lat' dir='ltr'><strong>credimus,</strong></span> 
     </span>
    </p>
   </div>
   <div class='ocr_carea' id='block_1_49' title="bbox 2211 2243 3761 2314">
    <p class='ocr_par' dir='ltr' id='par_1_49' title="bbox 2211 2243 3761 2314">
     <span class='ocr_line' id='line_1_49' title="bbox 2211 2243 3761 2314; baseline 0 -16"><span class='ocrx_word' id='word_1_391' title='bbox 2211 2243 2264 2298; x_wconf 92' lang='lat' dir='ltr'><strong>id</strong></span> <span class='ocrx_word' id='word_1_392' title='bbox 2282 2253 2372 2298; x_wconf 84' lang='lat' dir='ltr'><strong>est</strong></span> <span class='ocrx_word' id='word_1_393' title='bbox 2400 2244 2630 2306; x_wconf 87' lang='lat' dir='ltr'><strong>Patrem,</strong></span> <span class='ocrx_word' id='word_1_394' title='bbox 2658 2253 2711 2298; x_wconf 94' lang='lat' dir='ltr'><strong>et</strong></span> <span class='ocrx_word' id='word_1_395' title='bbox 2737 2243 2946 2310; x_wconf 84' lang='lat' dir='ltr'><strong>Filium,</strong></span> <span class='ocrx_word' id='word_1_396' title='bbox 2971 2253 3025 2298; x_wconf 90' lang='lat' dir='ltr'><strong>et</strong></span> <span class='ocrx_word' id='word_1_397' title='bbox 3043 2243 3299 2314; x_wconf 86' lang='lat' dir='ltr'><strong>Spiritum</strong></span> <span class='ocrx_word' id='word_1_398' title='bbox 3320 2253 3592 2311; x_wconf 86' lang='lat' dir='ltr'><strong>sanctum,</strong></span> <span class='ocrx_word' id='word_1_399' title='bbox 3620 2246 3761 2298; x_wconf 77' lang='lat' dir='ltr'><strong>anim</strong></span> 
     </span>
    </p>
   </div>
   <div class='ocr_carea' id='block_1_50' title="bbox 2210 2333 3762 2402">
    <p class='ocr_par' dir='ltr' id='par_1_50' title="bbox 2210 2333 3762 2402">
     <span class='ocr_line' id='line_1_50' title="bbox 2210 2333 3762 2402; baseline -0.001 -16"><span class='ocrx_word' id='word_1_400' title='bbox 2210 2334 2491 2402; x_wconf 64' lang='lat' dir='ltr'><strong>potentia),</strong></span> <span class='ocrx_word' id='word_1_401' title='bbox 2521 2333 2675 2386; x_wconf 88' lang='lat' dir='ltr'><strong>unius</strong></span> <span class='ocrx_word' id='word_1_402' title='bbox 2701 2333 3034 2397; x_wconf 75' lang='lat' dir='ltr'><strong>substantitc,</strong></span> <span class='ocrx_word' id='word_1_403' title='bbox 3063 2333 3218 2386; x_wconf 84' lang='lat' dir='ltr'><strong>unius</strong></span> <span class='ocrx_word' id='word_1_404' title='bbox 3243 2333 3590 2398; x_wconf 66' lang='lat' dir='ltr'><strong>aeternitatis,</strong></span> <span class='ocrx_word' id='word_1_405' title='bbox 3619 2334 3762 2386; x_wconf 82' lang='lat' dir='ltr'><strong>unius</strong></span> 
     </span>
    </p>
   </div>
   <div class='ocr_carea' id='block_1_51' title="bbox 2212 2421 3760 2487">
    <p class='ocr_par' dir='ltr' id='par_1_51' title="bbox 2212 2421 3760 2487">
     <span class='ocr_line' id='line_1_51' title="bbox 2212 2421 3760 2487; baseline 0 -12"><span class='ocrx_word' id='word_1_406' title='bbox 2212 2423 2518 2487; x_wconf 78' lang='lat' dir='ltr'><strong>voluntatis,</strong></span> <span class='ocrx_word' id='word_1_407' title='bbox 2551 2423 2706 2477; x_wconf 86' lang='lat' dir='ltr'><strong>unius</strong></span> <span class='ocrx_word' id='word_1_408' title='bbox 2735 2424 2894 2478; x_wconf 88' lang='lat' dir='ltr'><strong>etiam</strong></span> <span class='ocrx_word' id='word_1_409' title='bbox 2921 2422 3152 2487; x_wconf 89' lang='lat' dir='ltr'><strong>deitatis,</strong></span> <span class='ocrx_word' id='word_1_410' title='bbox 3176 2431 3230 2477; x_wconf 93' lang='lat' dir='ltr'><strong>et</strong></span> <span class='ocrx_word' id='word_1_411' title='bbox 3261 2432 3430 2477; x_wconf 90' lang='lat' dir='ltr'><strong>totam</strong></span> <span class='ocrx_word' id='word_1_412' title='bbox 3459 2421 3760 2476; x_wconf 86' lang='lat' dir='ltr'><strong>Trinitatem</strong></span> 
     </span>
    </p>
   </div>
   <div class='ocr_carea' id='block_1_52' title="bbox 2211 2511 3760 2581">
    <p class='ocr_par' dir='ltr' id='par_1_52' title="bbox 2211 2511 3760 2581">
     <span class='ocr_line' id='line_1_52' title="bbox 2211 2511 3760 2581; baseline 0 -18"><span class='ocrx_word' id='word_1_413' title='bbox 2211 2513 2364 2566; x_wconf 89' lang='lat' dir='ltr'><strong>unius</strong></span> <span class='ocrx_word' id='word_1_414' title='bbox 2410 2511 2503 2565; x_wconf 90' lang='lat' dir='ltr'><strong>Dei</strong></span> <span class='ocrx_word' id='word_1_415' title='bbox 2548 2512 2904 2581; x_wconf 89' lang='lat' dir='ltr'><strong>appellatione</strong></span> <span class='ocrx_word' id='word_1_416' title='bbox 2948 2528 3280 2566; x_wconf 84' lang='lat' dir='ltr'><strong>veneramur.</strong></span> <span class='ocrx_word' id='word_1_417' title='bbox 3331 2512 3568 2566; x_wconf 89' lang='lat' dir='ltr'><strong>Credere</strong></span> <span class='ocrx_word' id='word_1_418' title='bbox 3599 2520 3760 2566; x_wconf 86' lang='lat' dir='ltr'><strong>autem</strong></span> 
     </span>
    </p>
   </div>
   <div class='ocr_carea' id='block_1_53' title="bbox 2209 2598 3761 2670">
    <p class='ocr_par' dir='ltr' id='par_1_53' title="bbox 2209 2598 3761 2670">
     <span class='ocr_line' id='line_1_53' title="bbox 2209 2598 3761 2670; baseline -0.001 -18"><span class='ocrx_word' id='word_1_419' title='bbox 2209 2600 2388 2670; x_wconf 91' lang='lat' dir='ltr'><strong>plures</strong></span> <span class='ocrx_word' id='word_1_420' title='bbox 2433 2601 2568 2653; x_wconf 88' lang='lat' dir='ltr'><strong>Deos</strong></span> <span class='ocrx_word' id='word_1_421' title='bbox 2613 2601 2822 2668; x_wconf 90' lang='lat' dir='ltr'><strong>gentilis</strong></span> <span class='ocrx_word' id='word_1_422' title='bbox 2871 2601 3112 2669; x_wconf 76' lang='lat' dir='ltr'><strong>impietas</strong></span> <span class='ocrx_word' id='word_1_423' title='bbox 3157 2608 3257 2654; x_wconf 88' lang='lat' dir='ltr'><strong>est.</strong></span> <span class='ocrx_word' id='word_1_424' title='bbox 3308 2598 3374 2652; x_wconf 83' lang='lat' dir='ltr'><strong>Et</strong></span> <span class='ocrx_word' id='word_1_425' title='bbox 3402 2600 3618 2653; x_wconf 89' lang='lat' dir='ltr'><strong>iterum.</strong></span> <span class='ocrx_word' id='word_1_426' title='bbox 3661 2598 3761 2652; x_wconf 77' lang='lat' dir='ltr'><strong>Non</strong></span> 
     </span>
    </p>
   </div>
   <div class='ocr_carea' id='block_1_54' title="bbox 2210 2687 3758 2758">
    <p class='ocr_par' dir='ltr' id='par_1_54' title="bbox 2210 2687 3758 2758">
     <span class='ocr_line' id='line_1_54' title="bbox 2210 2687 3758 2758; baseline 0 -16"><span class='ocrx_word' id='word_1_427' title='bbox 2210 2689 2426 2743; x_wconf 84' lang='lat' dir='ltr'><strong>credere</strong></span> <span class='ocrx_word' id='word_1_428' title='bbox 2452 2699 2558 2742; x_wconf 89' lang='lat' dir='ltr'><strong>tres</strong></span> <span class='ocrx_word' id='word_1_429' title='bbox 2582 2705 2838 2758; x_wconf 88' lang='lat' dir='ltr'><strong>personas</strong></span> <span class='ocrx_word' id='word_1_430' title='bbox 2860 2691 3013 2742; x_wconf 90' lang='lat' dir='ltr'><strong>unius</strong></span> <span class='ocrx_word' id='word_1_431' title='bbox 3033 2690 3340 2743; x_wconf 75' lang='lat' dir='ltr'><strong>substantia:</strong></span> <span class='ocrx_word' id='word_1_432' title='bbox 3362 2689 3415 2742; x_wconf 90' lang='lat' dir='ltr'><strong>in</strong></span> <span class='ocrx_word' id='word_1_433' title='bbox 3444 2703 3549 2742; x_wconf 87' lang='lat' dir='ltr'><strong>una</strong></span> <span class='ocrx_word' id='word_1_434' title='bbox 3572 2687 3758 2742; x_wconf 84' lang='lat' dir='ltr'><strong>deitale</strong></span> 
     </span>
    </p>
   </div>
   <div class='ocr_carea' id='block_1_55' title="bbox 2210 2779 3760 2848">
    <p class='ocr_par' dir='ltr' id='par_1_55' title="bbox 2210 2779 3760 2848">
     <span class='ocr_line' id='line_1_55' title="bbox 2210 2779 3760 2848; baseline -0.001 -17"><span class='ocrx_word' id='word_1_435' title='bbox 2210 2789 2368 2848; x_wconf 86' lang='lat' dir='ltr'><strong>atque</strong></span> <span class='ocrx_word' id='word_1_436' title='bbox 2392 2780 2713 2847; x_wconf 76' lang='lat' dir='ltr'><strong>aequalitate,</strong></span> <span class='ocrx_word' id='word_1_437' title='bbox 2731 2781 2814 2833; x_wconf 89' lang='lat' dir='ltr'><strong>vel</strong></span> <span class='ocrx_word' id='word_1_438' title='bbox 2835 2780 3218 2842; x_wconf 57' lang='lat' dir='ltr'><strong>coaeternitate,</strong></span> <span class='ocrx_word' id='word_1_439' title='bbox 3243 2779 3492 2834; x_wconf 63' lang='lat' dir='ltr'><strong>haeretica</strong></span> <span class='ocrx_word' id='word_1_440' title='bbox 3511 2779 3760 2833; x_wconf 87' lang='lat' dir='ltr'><strong>dementia</strong></span> 
     </span>
    </p>
   </div>
   <div class='ocr_carea' id='block_1_56' title="bbox 2211 2866 3762 2935">
    <p class='ocr_par' dir='ltr' id='par_1_56' title="bbox 2211 2866 3762 2935">
     <span class='ocr_line' id='line_1_56' title="bbox 2211 2866 3762 2935; baseline 0 -15"><span class='ocrx_word' id='word_1_441' title='bbox 2211 2875 2318 2930; x_wconf 91' lang='lat' dir='ltr'><strong>cst;</strong></span> <span class='ocrx_word' id='word_1_442' title='bbox 2341 2881 2460 2920; x_wconf 91' lang='lat' dir='ltr'><strong>cum</strong></span> <span class='ocrx_word' id='word_1_443' title='bbox 2483 2866 2758 2921; x_wconf 78' lang='lat' dir='ltr'><strong>manifesta</strong></span> <span class='ocrx_word' id='word_1_444' title='bbox 2788 2867 2900 2921; x_wconf 67' lang='lat' dir='ltr'><strong>haec</strong></span> <span class='ocrx_word' id='word_1_445' title='bbox 2920 2868 3006 2930; x_wconf 91' lang='lat' dir='ltr'><strong>sit,</strong></span> <span class='ocrx_word' id='word_1_446' title='bbox 3031 2882 3186 2935; x_wconf 88' lang='lat' dir='ltr'><strong>quam</strong></span> <span class='ocrx_word' id='word_1_447' title='bbox 3213 2867 3462 2931; x_wconf 79' lang='lat' dir='ltr'><strong>diximus,</strong></span> <span class='ocrx_word' id='word_1_448' title='bbox 3486 2871 3762 2922; x_wconf 73' lang='lat' dir='ltr'><strong>auctoritas</strong></span> 
     </span>
    </p>
   </div>
   <div class='ocr_carea' id='block_1_57' title="bbox 2210 2955 3762 3026">
    <p class='ocr_par' dir='ltr' id='par_1_57' title="bbox 2210 2955 3762 3026">
     <span class='ocr_line' id='line_1_57' title="bbox 2210 2955 3762 3026; baseline 0.001 -18"><span class='ocrx_word' id='word_1_449' title='bbox 2210 2955 2402 3010; x_wconf 88' lang='lat' dir='ltr'><strong>Christi</strong></span> <span class='ocrx_word' id='word_1_450' title='bbox 2429 2974 2440 3008; x_wconf 92' lang='lat'>:</span> <span class='ocrx_word' id='word_1_451' title='bbox 2486 2957 2752 3024; x_wconf 76' lang='lat' dir='ltr'><strong>Baptizate</strong></span> <span class='ocrx_word' id='word_1_452' title='bbox 2779 2974 2948 3011; x_wconf 84' lang='lat' dir='ltr'><strong>omnes</strong></span> <span class='ocrx_word' id='word_1_453' title='bbox 2975 2967 3145 3026; x_wconf 87' lang='lat' dir='ltr'><strong>gentes</strong></span> <span class='ocrx_word' id='word_1_454' title='bbox 3179 2958 3233 3010; x_wconf 92' lang='lat' dir='ltr'><strong>in</strong></span> <span class='ocrx_word' id='word_1_455' title='bbox 3263 2959 3468 3012; x_wconf 83' lang='lat' dir='ltr'><strong>nomine</strong></span> <span class='ocrx_word' id='word_1_456' title='bbox 3492 2957 3696 3020; x_wconf 87' lang='lat' dir='ltr'><strong>Patris.</strong></span> <span class='ocrx_word' id='word_1_457' title='bbox 3722 2969 3762 3011; x_wconf 87' lang='lat' dir='ltr'><strong>et</strong></span> 
     </span>
    </p>
   </div>
   <div class='ocr_carea' id='block_1_58' title="bbox 2213 3045 3761 3115">
    <p class='ocr_par' dir='ltr' id='par_1_58' title="bbox 2213 3045 3761 3115">
     <span class='ocr_line' id='line_1_58' title="bbox 2213 3045 3761 3115; baseline 0.001 -17"><span class='ocrx_word' id='word_1_458' title='bbox 2213 3045 2426 3113; x_wconf 59' lang='lat' dir='ltr'><strong>I&quot;ilii,et</strong></span> <span class='ocrx_word' id='word_1_459' title='bbox 2462 3047 2687 3115; x_wconf 82' lang='lat' dir='ltr'><strong>Spiritus</strong></span> <span class='ocrx_word' id='word_1_460' title='bbox 2723 3049 2885 3100; x_wconf 86' lang='lat' dir='ltr'><strong>sancti</strong></span> <span class='ocrx_word' id='word_1_461' title='bbox 2923 3047 3133 3115; x_wconf 76' lang='lat' dir='ltr'><strong>(Matth.</strong></span> <span class='ocrx_word' id='word_1_462' title='bbox 3161 3050 3366 3106; x_wconf 79' lang='lat' dir='ltr'><strong>xxviii).</strong></span> <span class='ocrx_word' id='word_1_463' title='bbox 3409 3049 3564 3115; x_wconf 87' lang='lat' dir='ltr'><strong>Quod</strong></span> <span class='ocrx_word' id='word_1_464' title='bbox 3601 3060 3761 3102; x_wconf 84' lang='lat' dir='ltr'><strong>autem</strong></span> 
     </span>
    </p>
   </div>
   <div class='ocr_carea' id='block_1_59' title="bbox 2213 3137 3759 3204">
    <p class='ocr_par' dir='ltr' id='par_1_59' title="bbox 2213 3137 3759 3204">
     <span class='ocr_line' id='line_1_59' title="bbox 2213 3137 3759 3204; baseline 0.001 -15"><span class='ocrx_word' id='word_1_465' title='bbox 2213 3137 2678 3204; x_wconf 83' lang='lat' dir='ltr'><strong>intcrrogavinius:</strong></span> <span class='ocrx_word' id='word_1_466' title='bbox 2702 3137 2723 3174; x_wconf 69' lang='grc' dir='ltr'><strong>ι</strong></span> <span class='ocrx_word' id='word_1_467' title='bbox 2751 3137 2934 3191; x_wconf 89' lang='lat' dir='ltr'><strong>Credis</strong></span> <span class='ocrx_word' id='word_1_468' title='bbox 2960 3139 3010 3190; x_wconf 89' lang='lat' dir='ltr'><strong>in</strong></span> <span class='ocrx_word' id='word_1_469' title='bbox 3032 3148 3269 3192; x_wconf 79' lang='lat' dir='ltr'><strong>sanctam</strong></span> <span class='ocrx_word' id='word_1_470' title='bbox 3294 3138 3612 3204; x_wconf 79' lang='lat' dir='ltr'><strong>Ecclesiam,</strong></span> <span class='ocrx_word' id='word_1_471' title='bbox 3629 3148 3678 3192; x_wconf 92' lang='lat' dir='ltr'><strong>et</strong></span> <span class='ocrx_word' id='word_1_472' title='bbox 3699 3153 3759 3190; x_wconf 79' lang='lat' dir='ltr'><strong>re-</strong></span> 
     </span>
    </p>
   </div>
   <div class='ocr_carea' id='block_1_60' title="bbox 2211 3225 3758 3299">
    <p class='ocr_par' dir='ltr' id='par_1_60' title="bbox 2211 3225 3758 3299">
     <span class='ocr_line' id='line_1_60' title="bbox 2211 3225 3758 3299; baseline 0.001 -23"><span class='ocrx_word' id='word_1_473' title='bbox 2211 3225 2513 3278; x_wconf 88' lang='lat' dir='ltr'><strong>missionem</strong></span> <span class='ocrx_word' id='word_1_474' title='bbox 2536 3228 2906 3294; x_wconf 89' lang='lat' dir='ltr'><strong>peccatorum?</strong></span> <span class='ocrx_word' id='word_1_475' title='bbox 2928 3229 3082 3297; x_wconf 86' lang='lat'><strong>715</strong></span> <span class='ocrx_word' id='word_1_476' title='bbox 3101 3243 3206 3280; x_wconf 92' lang='lat' dir='ltr'><strong>non</strong></span> <span class='ocrx_word' id='word_1_477' title='bbox 3223 3242 3287 3281; x_wconf 88' lang='lat' dir='ltr'><strong>eo</strong></span> <span class='ocrx_word' id='word_1_478' title='bbox 3303 3227 3464 3281; x_wconf 91' lang='lat' dir='ltr'><strong>modo</strong></span> <span class='ocrx_word' id='word_1_479' title='bbox 3481 3229 3758 3299; x_wconf 78' lang='lat' dir='ltr'><strong>interroga-</strong></span> 
     </span>
    </p>
   </div>
   <div class='ocr_carea' id='block_1_61' title="bbox 2210 3315 3761 3384">
    <p class='ocr_par' dir='ltr' id='par_1_61' title="bbox 2210 3315 3761 3384">
     <span class='ocr_line' id='line_1_61' title="bbox 2210 3315 3761 3384; baseline 0.001 -16"><span class='ocrx_word' id='word_1_480' title='bbox 2210 3316 2400 3378; x_wconf 79' lang='lat' dir='ltr'><strong>vimns,</strong></span> <span class='ocrx_word' id='word_1_481' title='bbox 2419 3323 2474 3368; x_wconf 91' lang='lat' dir='ltr'><strong>ut</strong></span> <span class='ocrx_word' id='word_1_482' title='bbox 2495 3331 2599 3384; x_wconf 91' lang='lat' dir='ltr'><strong>quo</strong></span> <span class='ocrx_word' id='word_1_483' title='bbox 2616 3316 2772 3369; x_wconf 90' lang='lat' dir='ltr'><strong>modo</strong></span> <span class='ocrx_word' id='word_1_484' title='bbox 2803 3318 2850 3369; x_wconf 92' lang='lat' dir='ltr'><strong>in</strong></span> <span class='ocrx_word' id='word_1_485' title='bbox 2876 3315 3040 3369; x_wconf 85' lang='lat' dir='ltr'><strong>Deum</strong></span> <span class='ocrx_word' id='word_1_486' title='bbox 3069 3318 3318 3380; x_wconf 90' lang='lat' dir='ltr'><strong>creditur,</strong></span> <span class='ocrx_word' id='word_1_487' title='bbox 3352 3316 3369 3354; x_wconf 79' lang='grc' dir='ltr'><strong>ι</strong></span> <span class='ocrx_word' id='word_1_488' title='bbox 3398 3318 3476 3371; x_wconf 90' lang='lat' dir='ltr'><strong>sic</strong></span> <span class='ocrx_word' id='word_1_489' title='bbox 3506 3317 3557 3370; x_wconf 89' lang='lat' dir='ltr'><strong>in</strong></span> <span class='ocrx_word' id='word_1_490' title='bbox 3590 3316 3761 3370; x_wconf 76' lang='lat' dir='ltr'><strong>Eccle-</strong></span> 
     </span>
    </p>
   </div>
   <div class='ocr_carea' id='block_1_62' title="bbox 539 3397 3760 3476">
    <p class='ocr_par' dir='ltr' id='par_1_62' title="bbox 539 3397 3760 3476">
     <span class='ocr_line' id='line_1_62' title="bbox 539 3397 3760 3476; baseline 0 -18"><span class='ocrx_word' id='word_1_491' title='bbox 539 3406 673 3459; x_wconf 89' lang='lat' dir='ltr'><strong>ritus</strong></span> <span class='ocrx_word' id='word_1_492' title='bbox 699 3404 843 3458; x_wconf 90' lang='lat' dir='ltr'><strong>enim</strong></span> <span class='ocrx_word' id='word_1_493' title='bbox 870 3414 1084 3459; x_wconf 86' lang='lat' dir='ltr'><strong>sanctus</strong></span> <span class='ocrx_word' id='word_1_494' title='bbox 1112 3407 1164 3459; x_wconf 92' lang='lat' dir='ltr'><strong>in</strong></span> <span class='ocrx_word' id='word_1_495' title='bbox 1196 3405 1283 3459; x_wconf 91' lang='lat' dir='ltr'><strong>illa</strong></span> <span class='ocrx_word' id='word_1_496' title='bbox 1313 3421 1446 3475; x_wconf 90' lang='lat' dir='ltr'><strong>aqua</strong></span> <span class='ocrx_word' id='word_1_497' title='bbox 1474 3415 1748 3475; x_wconf 90' lang='lat' dir='ltr'><strong>operatur,</strong></span> <span class='ocrx_word' id='word_1_498' title='bbox 1779 3415 1836 3461; x_wconf 91' lang='lat' dir='ltr'><strong>ut</strong></span> <span class='ocrx_word' id='word_1_499' title='bbox 1870 3409 1958 3476; x_wconf 91' lang='lat' dir='ltr'><strong>qui</strong></span> <span class='ocrx_word' id='word_1_500' title='bbox 1986 3418 2111 3462; x_wconf 91' lang='lat' dir='ltr'><strong>ante</strong></span> <span class='ocrx_word' id='word_1_501' title='bbox 2137 3397 2180 3456; x_wconf 92' lang='lat' dir='ltr'><strong>C</strong></span> <span class='ocrx_word' id='word_1_502' title='bbox 2213 3404 2603 3460; x_wconf 54' lang='lat' dir='ltr'><strong>siam‘sanctam</strong></span> <span class='ocrx_word' id='word_1_503' title='bbox 2626 3407 2961 3460; x_wconf 82' lang='lat' dir='ltr'><strong>catholicam.</strong></span> <span class='ocrx_word' id='word_1_504' title='bbox 2986 3405 3272 3475; x_wconf 82' lang='lat' dir='ltr'><strong>Propterea</strong></span> <span class='ocrx_word' id='word_1_505' title='bbox 3293 3415 3480 3460; x_wconf 85' lang='lat' dir='ltr'><strong>sancta</strong></span> <span class='ocrx_word' id='word_1_506' title='bbox 3508 3415 3563 3460; x_wconf 91' lang='lat' dir='ltr'><strong>et</strong></span> <span class='ocrx_word' id='word_1_507' title='bbox 3589 3407 3760 3460; x_wconf 85' lang='lat' dir='ltr'><strong>catho—</strong></span> 
     </span>
    </p>
   </div>
   <div class='ocr_carea' id='block_1_63' title="bbox 540 3491 2113 3561">
    <p class='ocr_par' dir='ltr' id='par_1_63' title="bbox 540 3491 2113 3561">
     <span class='ocr_line' id='line_1_63' title="bbox 540 3491 2113 3561; baseline 0.003 -15"><span class='ocrx_word' id='word_1_508' title='bbox 540 3493 861 3561; x_wconf 89' lang='lat' dir='ltr'><strong>baptismum</strong></span> <span class='ocrx_word' id='word_1_509' title='bbox 906 3491 1236 3548; x_wconf 86' lang='lat' dir='ltr'><strong>diversorum</strong></span> <span class='ocrx_word' id='word_1_510' title='bbox 1264 3493 1545 3548; x_wconf 90' lang='lat' dir='ltr'><strong>criminum</strong></span> <span class='ocrx_word' id='word_1_511' title='bbox 1588 3495 1664 3548; x_wconf 90' lang='lat' dir='ltr'><strong>rei</strong></span> <span class='ocrx_word' id='word_1_512' title='bbox 1695 3495 2030 3560; x_wconf 85' lang='lat' dir='ltr'><strong>tenebantur,</strong></span> <span class='ocrx_word' id='word_1_513' title='bbox 2057 3505 2113 3550; x_wconf 93' lang='lat' dir='ltr'><strong>et</strong></span> 
     </span>
    </p>
   </div>
   <div class='ocr_carea' id='block_1_64' title="bbox 541 3579 2108 3649">
    <p class='ocr_par' dir='ltr' id='par_1_64' title="bbox 541 3579 2108 3649">
     <span class='ocr_line' id='line_1_64' title="bbox 541 3579 2108 3649; baseline 0.001 -15"><span class='ocrx_word' id='word_1_514' title='bbox 541 3595 662 3634; x_wconf 90' lang='lat' dir='ltr'><strong>cum</strong></span> <span class='ocrx_word' id='word_1_515' title='bbox 691 3579 903 3634; x_wconf 85' lang='lat' dir='ltr'><strong>diabolo</strong></span> <span class='ocrx_word' id='word_1_516' title='bbox 933 3581 986 3633; x_wconf 90' lang='lat' dir='ltr'><strong>in</strong></span> <span class='ocrx_word' id='word_1_517' title='bbox 1029 3581 1271 3649; x_wconf 87' lang='lat' dir='ltr'><strong>gehenna</strong></span> <span class='ocrx_word' id='word_1_518' title='bbox 1311 3582 1496 3634; x_wconf 72' lang='lat' dir='ltr'><strong>mterni</strong></span> <span class='ocrx_word' id='word_1_519' title='bbox 1545 3582 1678 3649; x_wconf 82' lang='lat' dir='ltr'><strong>ignis</strong></span> <span class='ocrx_word' id='word_1_520' title='bbox 1725 3582 1894 3638; x_wconf 86' lang='lat' dir='ltr'><strong>arsuri</strong></span> <span class='ocrx_word' id='word_1_521' title='bbox 1936 3592 2108 3647; x_wconf 90' lang='lat' dir='ltr'><strong>erant,</strong></span> 
     </span>
    </p>
   </div>
   <div class='ocr_carea' id='block_1_65' title="bbox 542 3667 2112 3738">
    <p class='ocr_par' dir='ltr' id='par_1_65' title="bbox 542 3667 2112 3738">
     <span class='ocr_line' id='line_1_65' title="bbox 542 3667 2112 3738; baseline 0.003 -17"><span class='ocrx_word' id='word_1_522' title='bbox 542 3676 666 3737; x_wconf 89' lang='lat' dir='ltr'><strong>post</strong></span> <span class='ocrx_word' id='word_1_523' title='bbox 691 3667 1012 3736; x_wconf 88' lang='lat' dir='ltr'><strong>baptismum</strong></span> <span class='ocrx_word' id='word_1_524' title='bbox 1045 3670 1096 3722; x_wconf 92' lang='lat' dir='ltr'><strong>in</strong></span> <span class='ocrx_word' id='word_1_525' title='bbox 1126 3670 1382 3725; x_wconf 65' lang='lat' dir='ltr'><strong>caelorum</strong></span> <span class='ocrx_word' id='word_1_526' title='bbox 1414 3685 1632 3738; x_wconf 79' lang='lat' dir='ltr'><strong>regnum</strong></span> <span class='ocrx_word' id='word_1_527' title='bbox 1659 3671 1856 3724; x_wconf 89' lang='lat' dir='ltr'><strong>intrare</strong></span> <span class='ocrx_word' id='word_1_528' title='bbox 1892 3670 1909 3708; x_wconf 75' lang='grc' dir='ltr'><strong>ί</strong></span> <span class='ocrx_word' id='word_1_529' title='bbox 1939 3687 2112 3726; x_wconf 86' lang='lat' dir='ltr'><strong>mere-</strong></span> 
     </span>
    </p>
   </div>
   <div class='ocr_carea' id='block_1_66' title="bbox 540 3755 2110 3828">
    <p class='ocr_par' dir='ltr' id='par_1_66' title="bbox 540 3755 2110 3828">
     <span class='ocr_line' id='line_1_66' title="bbox 540 3755 2110 3828; baseline 0.003 -19"><span class='ocrx_word' id='word_1_530' title='bbox 540 3766 742 3811; x_wconf 73' lang='lat' dir='ltr'><strong>rentur.</strong></span> <span class='ocrx_word' id='word_1_531' title='bbox 777 3755 924 3811; x_wconf 89' lang='lat' dir='ltr'><strong>Unde</strong></span> <span class='ocrx_word' id='word_1_532' title='bbox 953 3757 1207 3812; x_wconf 91' lang='lat' dir='ltr'><strong>Dominus</strong></span> <span class='ocrx_word' id='word_1_533' title='bbox 1252 3757 1304 3811; x_wconf 90' lang='lat' dir='ltr'><strong>in</strong></span> <span class='ocrx_word' id='word_1_534' title='bbox 1335 3757 1625 3825; x_wconf 84' lang='lat' dir='ltr'><strong>Evangelio</strong></span> <span class='ocrx_word' id='word_1_535' title='bbox 1654 3760 1946 3828; x_wconf 90' lang='lat' dir='ltr'><strong>potentiam</strong></span> <span class='ocrx_word' id='word_1_536' title='bbox 1977 3761 2110 3814; x_wconf 91' lang='lat' dir='ltr'><strong>tanti</strong></span> 
     </span>
    </p>
   </div>
   <div class='ocr_carea' id='block_1_67' title="bbox 539 3844 2110 3916">
    <p class='ocr_par' dir='ltr' id='par_1_67' title="bbox 539 3844 2110 3916">
     <span class='ocr_line' id='line_1_67' title="bbox 539 3844 2110 3916; baseline 0.001 -17"><span class='ocrx_word' id='word_1_537' title='bbox 539 3846 842 3914; x_wconf 79' lang='lat' dir='ltr'><strong>exprimens</strong></span> <span class='ocrx_word' id='word_1_538' title='bbox 869 3847 1185 3899; x_wconf 83' lang='lat' dir='ltr'><strong>sacramenti</strong></span> <span class='ocrx_word' id='word_1_539' title='bbox 1209 3848 1319 3899; x_wconf 91' lang='lat' dir='ltr'><strong>ait:</strong></span> <span class='ocrx_word' id='word_1_540' title='bbox 1350 3844 1469 3898; x_wconf 87' lang='lat' dir='ltr'><strong>Nisi</strong></span> <span class='ocrx_word' id='word_1_541' title='bbox 1497 3847 1606 3916; x_wconf 85' lang='lat' dir='ltr'><strong>quis</strong></span> <span class='ocrx_word' id='word_1_542' title='bbox 1636 3856 1841 3900; x_wconf 88' lang='lat' dir='ltr'><strong>renatus</strong></span> <span class='ocrx_word' id='word_1_543' title='bbox 1865 3850 2015 3916; x_wconf 77' lang='lat' dir='ltr'><strong>fuerit</strong></span> <span class='ocrx_word' id='word_1_544' title='bbox 2047 3865 2110 3901; x_wconf 75' lang='lat' dir='ltr'><strong>ex</strong></span> 
     </span>
    </p>
   </div>
   <div class='ocr_carea' id='block_1_68' title="bbox 539 3934 2109 4006">
    <p class='ocr_par' dir='ltr' id='par_1_68' title="bbox 539 3934 2109 4006">
     <span class='ocr_line' id='line_1_68' title="bbox 539 3934 2109 4006; baseline 0.003 -20"><span class='ocrx_word' id='word_1_545' title='bbox 539 3951 673 4005; x_wconf 86' lang='lat' dir='ltr'><strong>aqua</strong></span> <span class='ocrx_word' id='word_1_546' title='bbox 707 3934 867 4004; x_wconf 62' lang='grc'><strong>714</strong></span> <span class='ocrx_word' id='word_1_547' title='bbox 910 3943 957 3988; x_wconf 88' lang='lat' dir='ltr'><strong>et</strong></span> <span class='ocrx_word' id='word_1_548' title='bbox 1003 3934 1200 4003; x_wconf 81' lang='lat' dir='ltr'><strong>Spiritu</strong></span> <span class='ocrx_word' id='word_1_549' title='bbox 1246 3945 1458 4000; x_wconf 72' lang='lat' dir='ltr'><strong>sancto,</strong></span> <span class='ocrx_word' id='word_1_550' title='bbox 1490 3953 1592 3989; x_wconf 90' lang='lat' dir='ltr'><strong>non</strong></span> <span class='ocrx_word' id='word_1_551' title='bbox 1638 3946 1802 4006; x_wconf 88' lang='lat' dir='ltr'><strong>potest</strong></span> <span class='ocrx_word' id='word_1_552' title='bbox 1829 3939 2023 3990; x_wconf 86' lang='lat' dir='ltr'><strong>intrare</strong></span> <span class='ocrx_word' id='word_1_553' title='bbox 2055 3939 2109 3991; x_wconf 87' lang='lat' dir='ltr'><strong>in</strong></span> 
     </span>
    </p>
   </div>
   <div class='ocr_carea' id='block_1_69' title="bbox 541 4022 2110 4094">
    <p class='ocr_par' dir='ltr' id='par_1_69' title="bbox 541 4022 2110 4094">
     <span class='ocr_line' id='line_1_69' title="bbox 541 4022 2110 4094; baseline 0.004 -20"><span class='ocrx_word' id='word_1_554' title='bbox 541 4040 748 4091; x_wconf 78' lang='lat' dir='ltr'><strong>regnum</strong></span> <span class='ocrx_word' id='word_1_555' title='bbox 787 4023 884 4076; x_wconf 85' lang='lat' dir='ltr'><strong>Dei</strong></span> <span class='ocrx_word' id='word_1_556' title='bbox 916 4022 1094 4091; x_wconf 84' lang='lat' dir='ltr'><strong>(Joan.</strong></span> <span class='ocrx_word' id='word_1_557' title='bbox 1135 4025 1233 4092; x_wconf 89' lang='grc' dir='ltr'>ιιι).</span> <span class='ocrx_word' id='word_1_558' title='bbox 1276 4025 1334 4078; x_wconf 80' lang='grc' dir='ltr'><strong>ιιι</strong></span> <span class='ocrx_word' id='word_1_559' title='bbox 1365 4026 1468 4079; x_wconf 92' lang='lat' dir='ltr'><strong>hoc</strong></span> <span class='ocrx_word' id='word_1_560' title='bbox 1497 4040 1624 4094; x_wconf 92' lang='lat' dir='ltr'><strong>ergo</strong></span> <span class='ocrx_word' id='word_1_561' title='bbox 1652 4025 1798 4081; x_wconf 77' lang='lat' dir='ltr'><strong>fonte</strong></span> <span class='ocrx_word' id='word_1_562' title='bbox 1826 4034 2110 4094; x_wconf 86' lang='lat' dir='ltr'><strong>antequam</strong></span> 
     </span>
    </p>
   </div>
   <div class='ocr_carea' id='block_1_70' title="bbox 542 4114 2111 4182">
    <p class='ocr_par' dir='ltr' id='par_1_70' title="bbox 542 4114 2111 4182">
     <span class='ocr_line' id='line_1_70' title="bbox 542 4114 2111 4182; baseline 0.004 -19"><span class='ocrx_word' id='word_1_563' title='bbox 542 4127 636 4164; x_wconf 76' lang='lat' dir='ltr'><strong>vos</strong></span> <span class='ocrx_word' id='word_1_564' title='bbox 665 4119 777 4164; x_wconf 89' lang='lat' dir='ltr'><strong>toto</strong></span> <span class='ocrx_word' id='word_1_565' title='bbox 802 4128 1026 4180; x_wconf 90' lang='lat' dir='ltr'><strong>corpore</strong></span> <span class='ocrx_word' id='word_1_566' title='bbox 1055 4114 1398 4180; x_wconf 85' lang='lat' dir='ltr'><strong>tingeremns,</strong></span> <span class='ocrx_word' id='word_1_567' title='bbox 1425 4115 1864 4182; x_wconf 81' lang='lat' dir='ltr'><strong>interrogavimus</strong></span> <span class='ocrx_word' id='word_1_568' title='bbox 1888 4133 1900 4166; x_wconf 87' lang='lat'><strong>:</strong></span> <span class='ocrx_word' id='word_1_569' title='bbox 1925 4114 2111 4170; x_wconf 89' lang='lat' dir='ltr'><strong>Credis</strong></span> 
     </span>
    </p>
   </div>
   <div class='ocr_carea' id='block_1_71' title="bbox 542 4197 2106 4269">
    <p class='ocr_par' dir='ltr' id='par_1_71' title="bbox 542 4197 2106 4269">
     <span class='ocr_line' id='line_1_71' title="bbox 542 4197 2106 4269; baseline 0.003 -18"><span class='ocrx_word' id='word_1_570' title='bbox 542 4199 595 4251; x_wconf 91' lang='lat' dir='ltr'><strong>in</strong></span> <span class='ocrx_word' id='word_1_571' title='bbox 615 4199 779 4251; x_wconf 89' lang='lat' dir='ltr'><strong>Deum</strong></span> <span class='ocrx_word' id='word_1_572' title='bbox 800 4197 1007 4252; x_wconf 86' lang='lat' dir='ltr'><strong>Patrem</strong></span> <span class='ocrx_word' id='word_1_573' title='bbox 1025 4201 1480 4268; x_wconf 88' lang='lat' dir='ltr'><strong>omnipotentem?</strong></span> <span class='ocrx_word' id='word_1_574' title='bbox 1501 4200 1866 4269; x_wconf 82' lang='lat' dir='ltr'><strong>Respondistis</strong></span> <span class='ocrx_word' id='word_1_575' title='bbox 1884 4220 1895 4252; x_wconf 87' lang='lat'>:</span> <span class='ocrx_word' id='word_1_576' title='bbox 1913 4201 2106 4256; x_wconf 81' lang='lat' dir='ltr'><strong>Credo.</strong></span> 
     </span>
    </p>
   </div>
   <div class='ocr_carea' id='block_1_72' title="bbox 546 4287 2107 4355">
    <p class='ocr_par' dir='ltr' id='par_1_72' title="bbox 546 4287 2107 4355">
     <span class='ocr_line' id='line_1_72' title="bbox 546 4287 2107 4355; baseline 0.004 -16"><span class='ocrx_word' id='word_1_577' title='bbox 546 4287 748 4340; x_wconf 81' lang='lat' dir='ltr'><strong>Rursus</strong></span> <span class='ocrx_word' id='word_1_578' title='bbox 777 4289 1212 4355; x_wconf 86' lang='lat' dir='ltr'><strong>interrogavimus</strong></span> <span class='ocrx_word' id='word_1_579' title='bbox 1237 4309 1248 4342; x_wconf 91' lang='lat'><strong>:</strong></span> <span class='ocrx_word' id='word_1_580' title='bbox 1273 4289 1457 4344; x_wconf 89' lang='lat' dir='ltr'><strong>Credis</strong></span> <span class='ocrx_word' id='word_1_581' title='bbox 1485 4299 1539 4344; x_wconf 92' lang='lat' dir='ltr'><strong>et</strong></span> <span class='ocrx_word' id='word_1_582' title='bbox 1567 4291 1615 4343; x_wconf 92' lang='lat' dir='ltr'><strong>in</strong></span> <span class='ocrx_word' id='word_1_583' title='bbox 1638 4290 1818 4344; x_wconf 84' lang='lat' dir='ltr'><strong>Jesum</strong></span> <span class='ocrx_word' id='word_1_584' title='bbox 1841 4292 2107 4345; x_wconf 89' lang='lat' dir='ltr'><strong>Christum</strong></span> 
     </span>
    </p>
   </div>
   <div class='ocr_carea' id='block_1_73' title="bbox 541 4375 2106 4450">
    <p class='ocr_par' dir='ltr' id='par_1_73' title="bbox 541 4375 2106 4450">
     <span class='ocr_line' id='line_1_73' title="bbox 541 4375 2106 4450; baseline 0.004 -21"><span class='ocrx_word' id='word_1_585' title='bbox 541 4375 731 4430; x_wconf 85' lang='lat' dir='ltr'><strong>Filium</strong></span> <span class='ocrx_word' id='word_1_586' title='bbox 771 4377 906 4446; x_wconf 90' lang='lat' dir='ltr'><strong>ejus,</strong></span> <span class='ocrx_word' id='word_1_587' title='bbox 940 4387 964 4423; x_wconf 71' lang='grc' dir='ltr'><strong><em>κ</em></strong></span> <span class='ocrx_word' id='word_1_588' title='bbox 995 4379 1083 4444; x_wconf 91' lang='lat' dir='ltr'><strong>qui</strong></span> <span class='ocrx_word' id='word_1_589' title='bbox 1114 4387 1400 4447; x_wconf 88' lang='lat' dir='ltr'><strong>conceptus</strong></span> <span class='ocrx_word' id='word_1_590' title='bbox 1443 4380 1616 4435; x_wconf 87' lang='lat' dir='ltr'><strong>estde</strong></span> <span class='ocrx_word' id='word_1_591' title='bbox 1659 4380 1861 4450; x_wconf 90' lang='lat' dir='ltr'><strong>Spiritu</strong></span> <span class='ocrx_word' id='word_1_592' title='bbox 1900 4391 2106 4447; x_wconf 88' lang='lat' dir='ltr'><strong>sancto,</strong></span> 
     </span>
    </p>
   </div>
   <div class='ocr_carea' id='block_1_74' title="bbox 543 4466 2101 4538">
    <p class='ocr_par' dir='ltr' id='par_1_74' title="bbox 543 4466 2101 4538">
     <span class='ocr_line' id='line_1_74' title="bbox 543 4466 2101 4538; baseline 0.003 -18"><span class='ocrx_word' id='word_1_593' title='bbox 543 4475 598 4520; x_wconf 86' lang='lat' dir='ltr'><strong>et</strong></span> <span class='ocrx_word' id='word_1_594' title='bbox 624 4475 777 4520; x_wconf 88' lang='lat' dir='ltr'><strong>natus</strong></span> <span class='ocrx_word' id='word_1_595' title='bbox 801 4474 883 4520; x_wconf 91' lang='lat' dir='ltr'><strong>est</strong></span> <span class='ocrx_word' id='word_1_596' title='bbox 912 4482 975 4519; x_wconf 84' lang='lat' dir='ltr'><strong>ex</strong></span> <span class='ocrx_word' id='word_1_597' title='bbox 1006 4466 1167 4520; x_wconf 80' lang='lat' dir='ltr'><strong>Maria</strong></span> <span class='ocrx_word' id='word_1_598' title='bbox 1197 4468 1447 4535; x_wconf 82' lang='lat' dir='ltr'><strong>Virgine?</strong></span> <span class='ocrx_word' id='word_1_599' title='bbox 1477 4469 1844 4538; x_wconf 81' lang='lat' dir='ltr'><strong>Respondistis</strong></span> <span class='ocrx_word' id='word_1_600' title='bbox 1871 4472 2062 4538; x_wconf 89' lang='lat' dir='ltr'><strong>singuli</strong></span> <span class='ocrx_word' id='word_1_601' title='bbox 2089 4489 2101 4524; x_wconf 76' lang='grc' dir='ltr'>ε</span> 
     </span>
    </p>
   </div>
   <div class='ocr_carea' id='block_1_75' title="bbox 543 4555 2107 4630">
    <p class='ocr_par' dir='ltr' id='par_1_75' title="bbox 543 4555 2107 4630">
     <span class='ocr_line' id='line_1_75' title="bbox 543 4555 2107 4630; baseline 0.005 -23"><span class='ocrx_word' id='word_1_602' title='bbox 543 4555 736 4608; x_wconf 90' lang='lat' dir='ltr'><strong>Credo.</strong></span> <span class='ocrx_word' id='word_1_603' title='bbox 767 4557 790 4590; x_wconf 70' lang='grc' dir='ltr'>δ</span> <span class='ocrx_word' id='word_1_604' title='bbox 816 4555 1011 4608; x_wconf 90' lang='lat' dir='ltr'><strong>lterum</strong></span> <span class='ocrx_word' id='word_1_605' title='bbox 1036 4557 1508 4623; x_wconf 87' lang='lat' dir='ltr'><strong>interrogavimus:</strong></span> <span class='ocrx_word' id='word_1_606' title='bbox 1541 4560 1726 4614; x_wconf 89' lang='lat' dir='ltr'><strong>Credis</strong></span> <span class='ocrx_word' id='word_1_607' title='bbox 1754 4570 1808 4614; x_wconf 90' lang='lat' dir='ltr'><strong>et</strong></span> <span class='ocrx_word' id='word_1_608' title='bbox 1849 4562 1900 4614; x_wconf 89' lang='lat' dir='ltr'><strong>in</strong></span> <span class='ocrx_word' id='word_1_609' title='bbox 1936 4561 2107 4630; x_wconf 90' lang='lat' dir='ltr'><strong>Spiri-</strong></span> 
     </span>
    </p>
   </div>
   <div class='ocr_carea' id='block_1_76' title="bbox 545 4646 2106 4713">
    <p class='ocr_par' dir='ltr' id='par_1_76' title="bbox 545 4646 2106 4713">
     <span class='ocr_line' id='line_1_76' title="bbox 545 4646 2106 4713; baseline 0.005 -17"><span class='ocrx_word' id='word_1_610' title='bbox 545 4652 661 4696; x_wconf 90' lang='lat' dir='ltr'><strong>tum</strong></span> <span class='ocrx_word' id='word_1_611' title='bbox 704 4646 982 4698; x_wconf 83' lang='lat' dir='ltr'><strong>sanctum?</strong></span> <span class='ocrx_word' id='word_1_612' title='bbox 1028 4646 1374 4713; x_wconf 89' lang='lat' dir='ltr'><strong>respondistis</strong></span> <span class='ocrx_word' id='word_1_613' title='bbox 1421 4647 1705 4700; x_wconf 89' lang='lat' dir='ltr'><strong>similiter:</strong></span> <span class='ocrx_word' id='word_1_614' title='bbox 1738 4649 1929 4704; x_wconf 88' lang='lat' dir='ltr'><strong>Credo.</strong></span> <span class='ocrx_word' id='word_1_615' title='bbox 1985 4648 2106 4704; x_wconf 66' lang='lat' dir='ltr'><strong>Haec</strong></span> 
     </span>
    </p>
   </div>
   <div class='ocr_carea' id='block_1_77' title="bbox 2211 3494 3759 3564">
    <p class='ocr_par' dir='ltr' id='par_1_77' title="bbox 2211 3494 3759 3564">
     <span class='ocr_line' id='line_1_77' title="bbox 2211 3494 3759 3564; baseline -0.001 -15"><span class='ocrx_word' id='word_1_616' title='bbox 2211 3494 2310 3549; x_wconf 91' lang='lat' dir='ltr'><strong>lica</strong></span> <span class='ocrx_word' id='word_1_617' title='bbox 2332 3503 2433 3564; x_wconf 88' lang='lat' dir='ltr'><strong>est,</strong></span> <span class='ocrx_word' id='word_1_618' title='bbox 2453 3497 2573 3564; x_wconf 87' lang='lat' dir='ltr'><strong>quia</strong></span> <span class='ocrx_word' id='word_1_619' title='bbox 2598 3504 2740 3550; x_wconf 85' lang='lat' dir='ltr'><strong>recte</strong></span> <span class='ocrx_word' id='word_1_620' title='bbox 2761 3495 2929 3550; x_wconf 85' lang='lat' dir='ltr'><strong>credit</strong></span> <span class='ocrx_word' id='word_1_621' title='bbox 2951 3497 3002 3549; x_wconf 91' lang='lat' dir='ltr'><strong>in</strong></span> <span class='ocrx_word' id='word_1_622' title='bbox 3022 3496 3205 3550; x_wconf 88' lang='lat' dir='ltr'><strong>Deum.</strong></span> <span class='ocrx_word' id='word_1_623' title='bbox 3229 3495 3345 3550; x_wconf 86' lang='lat' dir='ltr'><strong>Non</strong></span> <span class='ocrx_word' id='word_1_624' title='bbox 3369 3509 3502 3564; x_wconf 87' lang='lat' dir='ltr'><strong>ergo</strong></span> <span class='ocrx_word' id='word_1_625' title='bbox 3524 3496 3759 3556; x_wconf 86' lang='lat' dir='ltr'><strong>diximus,</strong></span> 
     </span>
    </p>
   </div>
   <div class='ocr_carea' id='block_1_78' title="bbox 2212 3569 3761 3651">
    <p class='ocr_par' dir='ltr' id='par_1_78' title="bbox 2212 3569 3761 3651">
     <span class='ocr_line' id='line_1_78' title="bbox 2212 3569 3761 3651; baseline -0.001 -15"><span class='ocrx_word' id='word_1_626' title='bbox 2212 3593 2269 3636; x_wconf 93' lang='lat' dir='ltr'><strong>ut</strong></span> <span class='ocrx_word' id='word_1_627' title='bbox 2285 3584 2334 3636; x_wconf 91' lang='lat' dir='ltr'><strong>in</strong></span> <span class='ocrx_word' id='word_1_628' title='bbox 2353 3582 2638 3637; x_wconf 74' lang='lat' dir='ltr'><strong>Ecclesium</strong></span> <span class='ocrx_word' id='word_1_629' title='bbox 2654 3584 2803 3651; x_wconf 84' lang='lat' dir='ltr'><strong>quasi</strong></span> <span class='ocrx_word' id='word_1_630' title='bbox 2821 3584 2871 3636; x_wconf 93' lang='lat' dir='ltr'><strong>in</strong></span> <span class='ocrx_word' id='word_1_631' title='bbox 2889 3583 3051 3637; x_wconf 89' lang='lat' dir='ltr'><strong>Deum</strong></span> <span class='ocrx_word' id='word_1_632' title='bbox 3067 3583 3373 3648; x_wconf 89' lang='lat' dir='ltr'><strong>crederetis,</strong></span> <span class='ocrx_word' id='word_1_633' title='bbox 3390 3583 3486 3638; x_wconf 89' lang='lat' dir='ltr'><strong>sed</strong></span> <span class='ocrx_word' id='word_1_634' title='bbox 3503 3569 3761 3650; x_wconf 79' lang='lat' dir='ltr'><strong>intelligitc</strong></span> 
     </span>
    </p>
   </div>
   <div class='ocr_carea' id='block_1_79' title="bbox 2213 3671 3759 3737">
    <p class='ocr_par' dir='ltr' id='par_1_79' title="bbox 2213 3671 3759 3737">
     <span class='ocr_line' id='line_1_79' title="bbox 2213 3671 3759 3737; baseline -0.001 -12"><span class='ocrx_word' id='word_1_635' title='bbox 2213 3687 2310 3725; x_wconf 88' lang='lat' dir='ltr'><strong>nos</strong></span> <span class='ocrx_word' id='word_1_636' title='bbox 2337 3672 2511 3725; x_wconf 88' lang='lat' dir='ltr'><strong>dicere</strong></span> <span class='ocrx_word' id='word_1_637' title='bbox 2539 3680 2588 3724; x_wconf 88' lang='lat' dir='ltr'><strong>et</strong></span> <span class='ocrx_word' id='word_1_638' title='bbox 2624 3671 2833 3737; x_wconf 84' lang='lat' dir='ltr'><strong>dixisse,</strong></span> <span class='ocrx_word' id='word_1_639' title='bbox 2869 3679 2922 3724; x_wconf 90' lang='lat' dir='ltr'><strong>nt</strong></span> <span class='ocrx_word' id='word_1_640' title='bbox 2950 3672 3002 3725; x_wconf 92' lang='lat' dir='ltr'><strong>in</strong></span> <span class='ocrx_word' id='word_1_641' title='bbox 3035 3671 3266 3726; x_wconf 79' lang='lat' dir='ltr'><strong>Ecclesia</strong></span> <span class='ocrx_word' id='word_1_642' title='bbox 3295 3679 3478 3726; x_wconf 84' lang='lat' dir='ltr'><strong>sancta</strong></span> <span class='ocrx_word' id='word_1_643' title='bbox 3508 3679 3563 3724; x_wconf 89' lang='lat' dir='ltr'><strong>et</strong></span> <span class='ocrx_word' id='word_1_644' title='bbox 3590 3674 3759 3725; x_wconf 83' lang='lat' dir='ltr'><strong>catho-</strong></span> 
     </span>
    </p>
   </div>
   <div class='ocr_carea' id='block_1_80' title="bbox 2213 3759 3759 3813">
    <p class='ocr_par' dir='ltr' id='par_1_80' title="bbox 2213 3759 3759 3813">
     <span class='ocr_line' id='line_1_80' title="bbox 2213 3759 3759 3813; baseline 0 -1"><span class='ocrx_word' id='word_1_645' title='bbox 2213 3759 2314 3812; x_wconf 88' lang='lat' dir='ltr'><strong>lica</strong></span> <span class='ocrx_word' id='word_1_646' title='bbox 2369 3768 2746 3813; x_wconf 80' lang='lat' dir='ltr'><strong>conversantes</strong></span> <span class='ocrx_word' id='word_1_647' title='bbox 2791 3760 2843 3811; x_wconf 90' lang='lat' dir='ltr'><strong>in</strong></span> <span class='ocrx_word' id='word_1_648' title='bbox 2893 3759 3059 3812; x_wconf 85' lang='lat' dir='ltr'><strong>Deum</strong></span> <span class='ocrx_word' id='word_1_649' title='bbox 3113 3759 3419 3812; x_wconf 88' lang='lat' dir='ltr'><strong>crederetis.</strong></span> <span class='ocrx_word' id='word_1_650' title='bbox 3478 3759 3759 3813; x_wconf 82' lang='lat' dir='ltr'><strong>Crederetis</strong></span> 
     </span>
    </p>
   </div>
   <div class='ocr_carea' id='block_1_81' title="bbox 2210 3847 3759 3915">
    <p class='ocr_par' dir='ltr' id='par_1_81' title="bbox 2210 3847 3759 3915">
     <span class='ocr_line' id='line_1_81' title="bbox 2210 3847 3759 3915; baseline -0.003 -12"><span class='ocrx_word' id='word_1_651' title='bbox 2210 3851 2372 3904; x_wconf 89' lang='lat' dir='ltr'><strong>etiam</strong></span> <span class='ocrx_word' id='word_1_652' title='bbox 2407 3850 2848 3903; x_wconf 89' lang='lat' dir='ltr'><strong>resurrectionem</strong></span> <span class='ocrx_word' id='word_1_653' title='bbox 2886 3849 3086 3914; x_wconf 83' lang='lat' dir='ltr'><strong>carnis,</strong></span> <span class='ocrx_word' id='word_1_654' title='bbox 3131 3863 3250 3915; x_wconf 71' lang='lat' dir='ltr'><strong>qua:</strong></span> <span class='ocrx_word' id='word_1_655' title='bbox 3294 3847 3472 3903; x_wconf 79' lang='lat' dir='ltr'><strong>futura</strong></span> <span class='ocrx_word' id='word_1_656' title='bbox 3500 3858 3603 3902; x_wconf 83' lang='lat' dir='ltr'><strong>est.</strong></span> <span class='ocrx_word' id='word_1_657' title='bbox 3631 3847 3759 3902; x_wconf 86' lang='lat' dir='ltr'><strong>Sicut</strong></span> 
     </span>
    </p>
   </div>
   <div class='ocr_carea' id='block_1_82' title="bbox 2211 3936 3754 4005">
    <p class='ocr_par' dir='ltr' id='par_1_82' title="bbox 2211 3936 3754 4005">
     <span class='ocr_line' id='line_1_82' title="bbox 2211 3936 3754 4005; baseline -0.003 -13"><span class='ocrx_word' id='word_1_658' title='bbox 2211 3951 2339 4004; x_wconf 84' lang='lat' dir='ltr'><strong>ergo</strong></span> <span class='ocrx_word' id='word_1_659' title='bbox 2385 3939 2436 3990; x_wconf 92' lang='lat' dir='ltr'><strong>in</strong></span> <span class='ocrx_word' id='word_1_660' title='bbox 2478 3936 2750 3990; x_wconf 86' lang='lat' dir='ltr'><strong>Trinitatis</strong></span> <span class='ocrx_word' id='word_1_661' title='bbox 2792 3937 3102 4005; x_wconf 82' lang='lat' dir='ltr'><strong>mysterium</strong></span> <span class='ocrx_word' id='word_1_662' title='bbox 3149 3936 3466 3998; x_wconf 87' lang='lat' dir='ltr'><strong>credidistis,</strong></span> <span class='ocrx_word' id='word_1_663' title='bbox 3518 3946 3573 3990; x_wconf 88' lang='lat' dir='ltr'><strong>et</strong></span> <span class='ocrx_word' id='word_1_664' title='bbox 3617 3953 3754 3989; x_wconf 86' lang='lat' dir='ltr'><strong>unum</strong></span> 
     </span>
    </p>
   </div>
   <div class='ocr_carea' id='block_1_83' title="bbox 2212 4025 3755 4094">
    <p class='ocr_par' dir='ltr' id='par_1_83' title="bbox 2212 4025 3755 4094">
     <span class='ocr_line' id='line_1_83' title="bbox 2212 4025 3755 4094; baseline -0.003 -14"><span class='ocrx_word' id='word_1_665' title='bbox 2212 4027 2374 4082; x_wconf 90' lang='lat' dir='ltr'><strong>Deum</strong></span> <span class='ocrx_word' id='word_1_666' title='bbox 2406 4027 2456 4080; x_wconf 91' lang='lat' dir='ltr'><strong>in</strong></span> <span class='ocrx_word' id='word_1_667' title='bbox 2487 4026 2676 4090; x_wconf 90' lang='lat' dir='ltr'><strong>Patris,</strong></span> <span class='ocrx_word' id='word_1_668' title='bbox 2709 4035 2763 4080; x_wconf 93' lang='lat' dir='ltr'><strong>et</strong></span> <span class='ocrx_word' id='word_1_669' title='bbox 2791 4025 2927 4088; x_wconf 82' lang='lat' dir='ltr'><strong>Filii,</strong></span> <span class='ocrx_word' id='word_1_670' title='bbox 2977 4040 3038 4079; x_wconf 92' lang='lat' dir='ltr'><strong>ac</strong></span> <span class='ocrx_word' id='word_1_671' title='bbox 3083 4026 3313 4094; x_wconf 88' lang='lat' dir='ltr'><strong>Spiritus</strong></span> <span class='ocrx_word' id='word_1_672' title='bbox 3342 4027 3514 4079; x_wconf 87' lang='lat' dir='ltr'><strong>sancti</strong></span> <span class='ocrx_word' id='word_1_673' title='bbox 3563 4025 3755 4079; x_wconf 82' lang='lat' dir='ltr'><strong>nomine</strong></span> 
     </span>
    </p>
   </div>
   <div class='ocr_carea' id='block_1_84' title="bbox 2211 4115 3755 4185">
    <p class='ocr_par' dir='ltr' id='par_1_84' title="bbox 2211 4115 3755 4185">
     <span class='ocr_line' id='line_1_84' title="bbox 2211 4115 3755 4185; baseline -0.002 -14"><span class='ocrx_word' id='word_1_674' title='bbox 2211 4117 2533 4185; x_wconf 84' lang='lat' dir='ltr'><strong>suscepistis,</strong></span> <span class='ocrx_word' id='word_1_675' title='bbox 2576 4117 2715 4170; x_wconf 89' lang='lat' dir='ltr'><strong>sicut</strong></span> <span class='ocrx_word' id='word_1_676' title='bbox 2761 4116 2914 4170; x_wconf 83' lang='lat' dir='ltr'><strong>vobis</strong></span> <span class='ocrx_word' id='word_1_677' title='bbox 2959 4115 3256 4170; x_wconf 82' lang='lat' dir='ltr'><strong>credidistis</strong></span> <span class='ocrx_word' id='word_1_678' title='bbox 3299 4115 3614 4169; x_wconf 85' lang='lat' dir='ltr'><strong>dimittenda</strong></span> <span class='ocrx_word' id='word_1_679' title='bbox 3655 4128 3755 4168; x_wconf 87' lang='lat' dir='ltr'><strong>esse</strong></span> 
     </span>
    </p>
   </div>
   <div class='ocr_carea' id='block_1_85' title="bbox 2210 4203 3754 4275">
    <p class='ocr_par' dir='ltr' id='par_1_85' title="bbox 2210 4203 3754 4275">
     <span class='ocr_line' id='line_1_85' title="bbox 2210 4203 3754 4275; baseline -0.004 -15"><span class='ocrx_word' id='word_1_680' title='bbox 2210 4215 2459 4275; x_wconf 82' lang='lat' dir='ltr'><strong>peccata,</strong></span> <span class='ocrx_word' id='word_1_681' title='bbox 2491 4215 2545 4259; x_wconf 91' lang='lat' dir='ltr'><strong>et</strong></span> <span class='ocrx_word' id='word_1_682' title='bbox 2589 4221 2727 4258; x_wconf 91' lang='lat' dir='ltr'><strong>nunc</strong></span> <span class='ocrx_word' id='word_1_683' title='bbox 2752 4204 2859 4271; x_wconf 86' lang='lat' dir='ltr'><strong>jam</strong></span> <span class='ocrx_word' id='word_1_684' title='bbox 2910 4219 3007 4273; x_wconf 92' lang='lat' dir='ltr'><strong>pcr</strong></span> <span class='ocrx_word' id='word_1_685' title='bbox 3052 4204 3370 4271; x_wconf 85' lang='lat' dir='ltr'><strong>baptismum</strong></span> <span class='ocrx_word' id='word_1_686' title='bbox 3399 4203 3619 4256; x_wconf 88' lang='lat' dir='ltr'><strong>creditis</strong></span> <span class='ocrx_word' id='word_1_687' title='bbox 3657 4214 3754 4254; x_wconf 84' lang='lat' dir='ltr'><strong>esse</strong></span> 
     </span>
    </p>
   </div>
   <div class='ocr_carea' id='block_1_86' title="bbox 2209 4289 3750 4358">
    <p class='ocr_par' dir='ltr' id='par_1_86' title="bbox 2209 4289 3750 4358">
     <span class='ocr_line' id='line_1_86' title="bbox 2209 4289 3750 4358; baseline -0.005 -10"><span class='ocrx_word' id='word_1_688' title='bbox 2209 4297 2449 4358; x_wconf 89' lang='lat' dir='ltr'><strong>dimissa;</strong></span> <span class='ocrx_word' id='word_1_689' title='bbox 2501 4295 2572 4347; x_wconf 90' lang='lat' dir='ltr'><strong>ita</strong></span> <span class='ocrx_word' id='word_1_690' title='bbox 2620 4295 2780 4347; x_wconf 85' lang='lat' dir='ltr'><strong>etiam</strong></span> <span class='ocrx_word' id='word_1_691' title='bbox 2828 4292 3270 4346; x_wconf 88' lang='lat' dir='ltr'><strong>resurrectionem</strong></span> <span class='ocrx_word' id='word_1_692' title='bbox 3315 4290 3494 4343; x_wconf 86' lang='lat' dir='ltr'><strong>carnis</strong></span> <span class='ocrx_word' id='word_1_693' title='bbox 3541 4289 3750 4342; x_wconf 81' lang='lat' dir='ltr'><strong>futuram</strong></span> 
     </span>
    </p>
   </div>
   <div class='ocr_carea' id='block_1_87' title="bbox 2209 4378 3746 4450">
    <p class='ocr_par' dir='ltr' id='par_1_87' title="bbox 2209 4378 3746 4450">
     <span class='ocr_line' id='line_1_87' title="bbox 2209 4378 3746 4450; baseline -0.008 -11"><span class='ocrx_word' id='word_1_694' title='bbox 2209 4393 2247 4420; x_wconf 71' lang='grc' dir='ltr'><strong><em>ω</em></strong></span> <span class='ocrx_word' id='word_1_695' title='bbox 2277 4399 2396 4438; x_wconf 87' lang='lat' dir='ltr'><strong>esse</strong></span> <span class='ocrx_word' id='word_1_696' title='bbox 2423 4383 2642 4445; x_wconf 88' lang='lat' dir='ltr'><strong>credite,</strong></span> <span class='ocrx_word' id='word_1_697' title='bbox 2675 4382 2815 4450; x_wconf 87' lang='lat' dir='ltr'><strong>quod</strong></span> <span class='ocrx_word' id='word_1_698' title='bbox 2846 4387 2992 4434; x_wconf 86' lang='lat' dir='ltr'><strong>certe</strong></span> <span class='ocrx_word' id='word_1_699' title='bbox 3019 4395 3114 4433; x_wconf 82' lang='lat' dir='ltr'><strong>vos</strong></span> <span class='ocrx_word' id='word_1_700' title='bbox 3147 4379 3365 4434; x_wconf 86' lang='lat' dir='ltr'><strong>credere</strong></span> <span class='ocrx_word' id='word_1_701' title='bbox 3394 4378 3746 4448; x_wconf 81' lang='lat' dir='ltr'><strong>spepondistis.</strong></span> 
     </span>
    </p>
   </div>
   <div class='ocr_carea' id='block_1_88' title="bbox 2209 4468 3748 4538">
    <p class='ocr_par' dir='ltr' id='par_1_88' title="bbox 2209 4468 3748 4538">
     <span class='ocr_line' id='line_1_88' title="bbox 2209 4468 3748 4538; baseline -0.006 -12"><span class='ocrx_word' id='word_1_702' title='bbox 2209 4473 2266 4526; x_wconf 89' lang='lat' dir='ltr'><strong>ln</strong></span> <span class='ocrx_word' id='word_1_703' title='bbox 2296 4473 2398 4526; x_wconf 93' lang='lat' dir='ltr'><strong>hoc</strong></span> <span class='ocrx_word' id='word_1_704' title='bbox 2426 4471 2569 4525; x_wconf 90' lang='lat' dir='ltr'><strong>enim</strong></span> <span class='ocrx_word' id='word_1_705' title='bbox 2613 4470 3031 4524; x_wconf 81' lang='lat' dir='ltr'><strong>Christianorum</strong></span> <span class='ocrx_word' id='word_1_706' title='bbox 3076 4484 3200 4538; x_wconf 87' lang='lat' dir='ltr'><strong>spes</strong></span> <span class='ocrx_word' id='word_1_707' title='bbox 3247 4477 3358 4521; x_wconf 86' lang='lat' dir='ltr'><strong>tota</strong></span> <span class='ocrx_word' id='word_1_708' title='bbox 3410 4468 3664 4527; x_wconf 89' lang='lat' dir='ltr'><strong>consistit,</strong></span> <span class='ocrx_word' id='word_1_709' title='bbox 3703 4474 3748 4516; x_wconf 88' lang='lat' dir='ltr'><strong>ut</strong></span> 
     </span>
    </p>
   </div>
   <div class='ocr_carea' id='block_1_89' title="bbox 2209 4555 3748 4628">
    <p class='ocr_par' dir='ltr' id='par_1_89' title="bbox 2209 4555 3748 4628">
     <span class='ocr_line' id='line_1_89' title="bbox 2209 4555 3748 4628; baseline -0.008 -14"><span class='ocrx_word' id='word_1_710' title='bbox 2209 4559 2364 4628; x_wconf 90' lang='lat' dir='ltr'><strong>hujus</strong></span> <span class='ocrx_word' id='word_1_711' title='bbox 2385 4575 2489 4614; x_wconf 90' lang='lat' dir='ltr'><strong>non</strong></span> <span class='ocrx_word' id='word_1_712' title='bbox 2511 4559 2727 4611; x_wconf 83' lang='lat' dir='ltr'><strong>alterius</strong></span> <span class='ocrx_word' id='word_1_713' title='bbox 2749 4557 2988 4626; x_wconf 91' lang='lat' dir='ltr'><strong>corporis</strong></span> <span class='ocrx_word' id='word_1_714' title='bbox 3007 4557 3451 4609; x_wconf 86' lang='lat' dir='ltr'><strong>resurrectionem</strong></span> <span class='ocrx_word' id='word_1_715' title='bbox 3481 4557 3533 4608; x_wconf 90' lang='lat' dir='ltr'><strong>in</strong></span> <span class='ocrx_word' id='word_1_716' title='bbox 3553 4555 3748 4608; x_wconf 84' lang='lat' dir='ltr'><strong>veritate</strong></span> 
     </span>
    </p>
   </div>
   <div class='ocr_carea' id='block_1_90' title="bbox 2207 4646 3744 4717">
    <p class='ocr_par' dir='ltr' id='par_1_90' title="bbox 2207 4646 3744 4717">
     <span class='ocr_line' id='line_1_90' title="bbox 2207 4646 3744 4717; baseline -0.007 -10"><span class='ocrx_word' id='word_1_717' title='bbox 2207 4655 2434 4707; x_wconf 81' lang='lat' dir='ltr'><strong>futuram</strong></span> <span class='ocrx_word' id='word_1_718' title='bbox 2464 4668 2580 4706; x_wconf 88' lang='lat' dir='ltr'><strong>esse</strong></span> <span class='ocrx_word' id='word_1_719' title='bbox 2607 4650 2904 4704; x_wconf 83' lang='lat' dir='ltr'><strong>credamus.</strong></span> <span class='ocrx_word' id='word_1_720' title='bbox 2931 4647 2996 4701; x_wconf 83' lang='lat' dir='ltr'><strong>Et</strong></span> <span class='ocrx_word' id='word_1_721' title='bbox 3020 4646 3465 4717; x_wconf 88' lang='lat' dir='ltr'><strong>quemadmodum</strong></span> <span class='ocrx_word' id='word_1_722' title='bbox 3495 4661 3630 4699; x_wconf 87' lang='lat' dir='ltr'><strong>nunc</strong></span> <span class='ocrx_word' id='word_1_723' title='bbox 3654 4653 3744 4697; x_wconf 80' lang='lat' dir='ltr'><strong>sta-</strong></span> 
     </span>
    </p>
   </div>
   <div class='ocr_carea' id='block_1_91' title="bbox 544 4732 3742 4803">
    <p class='ocr_par' dir='ltr' id='par_1_91' title="bbox 544 4732 3742 4803">
     <span class='ocr_line' id='line_1_91' title="bbox 544 4732 3742 4803; baseline -0.001 -19"><span class='ocrx_word' id='word_1_724' title='bbox 544 4740 724 4786; x_wconf 89' lang='lat' dir='ltr'><strong>autem</strong></span> <span class='ocrx_word' id='word_1_725' title='bbox 743 4732 964 4788; x_wconf 74' lang='lat' dir='ltr'><strong>iecimus</strong></span> <span class='ocrx_word' id='word_1_726' title='bbox 979 4733 1129 4801; x_wconf 85' lang='lat' dir='ltr'><strong>juxta</strong></span> <span class='ocrx_word' id='word_1_727' title='bbox 1151 4734 1355 4790; x_wconf 89' lang='lat' dir='ltr'><strong>Domini</strong></span> <span class='ocrx_word' id='word_1_728' title='bbox 1375 4737 1541 4790; x_wconf 89' lang='lat' dir='ltr'><strong>nostri</strong></span> <span class='ocrx_word' id='word_1_729' title='bbox 1561 4737 1688 4792; x_wconf 81' lang='lat' dir='ltr'><strong>Jesu</strong></span> <span class='ocrx_word' id='word_1_730' title='bbox 1708 4737 1902 4794; x_wconf 89' lang='lat' dir='ltr'><strong>Christi</strong></span> <span class='ocrx_word' id='word_1_731' title='bbox 1922 4740 2106 4795; x_wconf 84' lang='lat' dir='ltr'><strong>Salva-</strong></span> <span class='ocrx_word' id='word_1_732' title='bbox 2135 4732 2186 4791; x_wconf 86' lang='grc' dir='ltr'>ι)</span> <span class='ocrx_word' id='word_1_733' title='bbox 2207 4761 2326 4799; x_wconf 91' lang='lat' dir='ltr'><strong>mus</strong></span> <span class='ocrx_word' id='word_1_734' title='bbox 2353 4746 2407 4799; x_wconf 94' lang='lat' dir='ltr'><strong>in</strong></span> <span class='ocrx_word' id='word_1_735' title='bbox 2436 4743 2671 4798; x_wconf 84' lang='lat' dir='ltr'><strong>Ecclesia</strong></span> <span class='ocrx_word' id='word_1_736' title='bbox 2699 4750 2822 4796; x_wconf 86' lang='lat' dir='ltr'><strong>ante</strong></span> <span class='ocrx_word' id='word_1_737' title='bbox 2851 4740 3018 4794; x_wconf 87' lang='lat' dir='ltr'><strong>altare</strong></span> <span class='ocrx_word' id='word_1_738' title='bbox 3044 4738 3162 4802; x_wconf 89' lang='lat' dir='ltr'><strong>Dei,</strong></span> <span class='ocrx_word' id='word_1_739' title='bbox 3185 4737 3257 4790; x_wconf 89' lang='lat' dir='ltr'><strong>ita</strong></span> <span class='ocrx_word' id='word_1_740' title='bbox 3287 4751 3384 4790; x_wconf 91' lang='lat' dir='ltr'><strong>nos</strong></span> <span class='ocrx_word' id='word_1_741' title='bbox 3412 4736 3465 4789; x_wconf 89' lang='lat' dir='ltr'><strong>in</strong></span> <span class='ocrx_word' id='word_1_742' title='bbox 3487 4735 3572 4790; x_wconf 89' lang='lat' dir='ltr'><strong>die</strong></span> <span class='ocrx_word' id='word_1_743' title='bbox 3589 4732 3742 4803; x_wconf 82' lang='lat' dir='ltr'><strong>judicii</strong></span> 
     </span>
    </p>
   </div>
   <div class='ocr_carea' id='block_1_92' title="bbox 616 4861 2104 4937">
    <p class='ocr_par' dir='ltr' id='par_1_92' title="bbox 616 4861 2104 4937">
     <span class='ocr_line' id='line_1_92' title="bbox 616 4861 2104 4937; baseline 0.006 -23"><span class='ocrx_word' id='word_1_744' title='bbox 616 4872 642 4898; x_wconf 76' lang='grc' dir='ltr'><strong>ι</strong></span> <span class='ocrx_word' id='word_1_745' title='bbox 670 4861 801 4916; x_wconf 91' lang='lat' dir='ltr'><strong>Cod.</strong></span> <span class='ocrx_word' id='word_1_746' title='bbox 830 4869 1056 4937; x_wconf 82' lang='lat' dir='ltr'><strong>monast.</strong></span> <span class='ocrx_word' id='word_1_747' title='bbox 1082 4863 1149 4937; x_wconf 83' lang='lat' dir='ltr'><strong>de</strong></span> <span class='ocrx_word' id='word_1_748' title='bbox 1178 4863 1446 4932; x_wconf 80' lang='lat' dir='ltr'><strong>Appannis</strong></span> <span class='ocrx_word' id='word_1_749' title='bbox 1472 4867 1544 4920; x_wconf 89' lang='lat' dir='ltr'><strong>ita</strong></span> <span class='ocrx_word' id='word_1_750' title='bbox 1576 4867 1759 4934; x_wconf 83' lang='lat' dir='ltr'><strong>incipit</strong></span> <span class='ocrx_word' id='word_1_751' title='bbox 1783 4885 1794 4918; x_wconf 92' lang='lat'><strong>:</strong></span> <span class='ocrx_word' id='word_1_752' title='bbox 1827 4868 2104 4937; x_wconf 73' lang='lat' dir='ltr'><strong>Superiore</strong></span> 
     </span>
    </p>
   </div>
   <div class='ocr_carea' id='block_1_93' title="bbox 543 4931 2101 5006">
    <p class='ocr_par' dir='ltr' id='par_1_93' title="bbox 543 4931 2101 5006">
     <span class='ocr_line' id='line_1_93' title="bbox 543 4931 2101 5006; baseline 0.004 -20"><span class='ocrx_word' id='word_1_753' title='bbox 543 4940 783 5006; x_wconf 77' lang='lat' dir='ltr'><strong>tractatu,</strong></span> <span class='ocrx_word' id='word_1_754' title='bbox 813 4933 858 4984; x_wconf 90' lang='lat' dir='ltr'><strong>si</strong></span> <span class='ocrx_word' id='word_1_755' title='bbox 881 4931 1012 5006; x_wconf 73' lang='lat' dir='ltr'><strong>bene</strong></span> <span class='ocrx_word' id='word_1_756' title='bbox 1051 4931 1236 4986; x_wconf 77' lang='lat' dir='ltr'><strong>retinet</strong></span> <span class='ocrx_word' id='word_1_757' title='bbox 1262 4931 1511 4988; x_wconf 82' lang='lat' dir='ltr'><strong>sanctitas</strong></span> <span class='ocrx_word' id='word_1_758' title='bbox 1548 4931 1734 5000; x_wconf 75' lang='lat' dir='ltr'><strong>vestra,</strong></span> <span class='ocrx_word' id='word_1_759' title='bbox 1776 4931 2101 5006; x_wconf 76' lang='lat' dir='ltr'><strong>promisimus</strong></span> 
     </span>
    </p>
   </div>
   <div class='ocr_carea' id='block_1_94' title="bbox 544 5001 1133 5067">
    <p class='ocr_par' dir='ltr' id='par_1_94' title="bbox 544 5001 1133 5067">
     <span class='ocr_line' id='line_1_94' title="bbox 544 5001 1133 5067; baseline -0.002 -13"><span class='ocrx_word' id='word_1_760' title='bbox 544 5019 637 5055; x_wconf 87' lang='lat' dir='ltr'><strong>nos</strong></span> <span class='ocrx_word' id='word_1_761' title='bbox 664 5001 725 5052; x_wconf 89' lang='lat' dir='ltr'><strong>de</strong></span> <span class='ocrx_word' id='word_1_762' title='bbox 755 5001 1008 5067; x_wconf 90' lang='lat' dir='ltr'><strong>omnibus,</strong></span> <span class='ocrx_word' id='word_1_763' title='bbox 1029 5007 1133 5055; x_wconf 85' lang='lat' dir='ltr'><strong>etc.</strong></span> 
     </span>
    </p>
   </div>
   <div class='ocr_carea' id='block_1_95' title="bbox 619 5068 996 5137">
    <p class='ocr_par' dir='ltr' id='par_1_95' title="bbox 619 5068 996 5137">
     <span class='ocr_line' id='line_1_95' title="bbox 619 5068 996 5137; baseline 0.005 -17"><span class='ocrx_word' id='word_1_764' title='bbox 619 5085 642 5106; x_wconf 65' lang='grc' dir='ltr'><em>δ</em></span> <span class='ocrx_word' id='word_1_765' title='bbox 667 5068 830 5121; x_wconf 81' lang='lat' dir='ltr'><strong>Plane</strong></span> <span class='ocrx_word' id='word_1_766' title='bbox 857 5070 996 5137; x_wconf 81' lang='lat' dir='ltr'><strong>ﬁdei.</strong></span> 
     </span>
    </p>
   </div>
   <div class='ocr_carea' id='block_1_96' title="bbox 615 5137 1396 5190">
    <p class='ocr_par' dir='ltr' id='par_1_96' title="bbox 615 5137 1396 5190">
     <span class='ocr_line' id='line_1_96' title="bbox 615 5137 1396 5190; baseline 0.004 -3"><span class='ocrx_word' id='word_1_767' title='bbox 615 5148 637 5176; x_wconf 76' lang='grc' dir='ltr'><strong>ι</strong></span> <span class='ocrx_word' id='word_1_768' title='bbox 669 5137 886 5189; x_wconf 87' lang='lat' dir='ltr'><strong>Diabolo</strong></span> <span class='ocrx_word' id='word_1_769' title='bbox 913 5152 1021 5190; x_wconf 90' lang='lat' dir='ltr'><strong>esse</strong></span> <span class='ocrx_word' id='word_1_770' title='bbox 1047 5140 1396 5190; x_wconf 86' lang='lat' dir='ltr'><strong>commonitos.</strong></span> 
     </span>
    </p>
   </div>
   <div class='ocr_carea' id='block_1_97' title="bbox 611 5205 1826 5285">
    <p class='ocr_par' dir='ltr' id='par_1_97' title="bbox 611 5205 1826 5285">
     <span class='ocr_line' id='line_1_97' title="bbox 611 5205 1826 5285; baseline 0.005 -30"><span class='ocrx_word' id='word_1_771' title='bbox 611 5205 636 5240; x_wconf 74' lang='grc' dir='ltr'>ά</span> <span class='ocrx_word' id='word_1_772' title='bbox 670 5205 1038 5285; x_wconf 54' lang='grc' dir='ltr'><strong>ρεκεηάεηιεε</strong></span> <span class='ocrx_word' id='word_1_773' title='bbox 1067 5207 1120 5257; x_wconf 87' lang='lat' dir='ltr'><strong>iu</strong></span> <span class='ocrx_word' id='word_1_774' title='bbox 1151 5207 1577 5285; x_wconf 70' lang='lat' dir='ltr'><strong>fontem,_{ontem</strong></span> <span class='ocrx_word' id='word_1_775' title='bbox 1605 5222 1826 5285; x_wconf 46' lang='lat' dir='ltr'><strong>sperum.</strong></span> 
     </span>
    </p>
   </div>
   <div class='ocr_carea' id='block_1_98' title="bbox 614 5273 2098 5344">
    <p class='ocr_par' dir='ltr' id='par_1_98' title="bbox 614 5273 2098 5344">
     <span class='ocr_line' id='line_1_98' title="bbox 614 5273 2098 5344; baseline 0.004 -20"><span class='ocrx_word' id='word_1_776' title='bbox 614 5283 637 5309; x_wconf 78' lang='grc'><strong><em>⁸</em></strong></span> <span class='ocrx_word' id='word_1_777' title='bbox 664 5273 890 5340; x_wconf 72' lang='lat' dir='ltr'><strong>Eﬁ&#39;cclus</strong></span> <span class='ocrx_word' id='word_1_778' title='bbox 911 5283 1081 5326; x_wconf 86' lang='lat' dir='ltr'><strong>tamen</strong></span> <span class='ocrx_word' id='word_1_779' title='bbox 1110 5273 1221 5342; x_wconf 83' lang='lat' dir='ltr'><strong>ejus</strong></span> <span class='ocrx_word' id='word_1_780' title='bbox 1249 5273 1479 5341; x_wconf 79' lang='lat' dir='ltr'><strong>specialis</strong></span> <span class='ocrx_word' id='word_1_781' title='bbox 1517 5291 1589 5344; x_wconf 57' lang='lat' dir='ltr'><strong>ea;</strong></span> <span class='ocrx_word' id='word_1_782' title='bbox 1611 5275 1705 5328; x_wconf 90' lang='lat' dir='ltr'><strong>Dei</strong></span> <span class='ocrx_word' id='word_1_783' title='bbox 1731 5278 1894 5344; x_wconf 86' lang='lat' dir='ltr'><strong>gratia</strong></span> <span class='ocrx_word' id='word_1_784' title='bbox 1922 5288 1970 5329; x_wconf 91' lang='lat' dir='ltr'><strong>et</strong></span> <span class='ocrx_word' id='word_1_785' title='bbox 1998 5280 2098 5330; x_wconf 85' lang='lat' dir='ltr'><strong>rir-</strong></span> 
     </span>
    </p>
   </div>
   <div class='ocr_carea' id='block_1_99' title="bbox 541 5342 2097 5413">
    <p class='ocr_par' dir='ltr' id='par_1_99' title="bbox 541 5342 2097 5413">
     <span class='ocr_line' id='line_1_99' title="bbox 541 5342 2097 5413; baseline 0.001 -18"><span class='ocrx_word' id='word_1_786' title='bbox 541 5353 646 5395; x_wconf 82' lang='lat' dir='ltr'><strong>tute</strong></span> <span class='ocrx_word' id='word_1_787' title='bbox 664 5344 908 5413; x_wconf 79' lang='lat' dir='ltr'><strong>procedit,</strong></span> <span class='ocrx_word' id='word_1_788' title='bbox 932 5344 1017 5410; x_wconf 88' lang='lat' dir='ltr'><strong>qui</strong></span> <span class='ocrx_word' id='word_1_789' title='bbox 1033 5411 1039 5413; x_wconf 89' lang='lat'>_</span> <span class='ocrx_word' id='word_1_790' title='bbox 1056 5344 1240 5394; x_wconf 80' lang='lat' dir='ltr'><strong>creat-it</strong></span> <span class='ocrx_word' id='word_1_791' title='bbox 1269 5359 1445 5413; x_wconf 70' lang='lat' dir='ltr'><strong>aquas,</strong></span> <span class='ocrx_word' id='word_1_792' title='bbox 1485 5342 1660 5412; x_wconf 85' lang='lat' dir='ltr'><strong>quibus</strong></span> <span class='ocrx_word' id='word_1_793' title='bbox 1681 5342 1968 5413; x_wconf 74' lang='lat' dir='ltr'><strong>corporales</strong></span> <span class='ocrx_word' id='word_1_794' title='bbox 1987 5364 2097 5399; x_wconf 89' lang='lat' dir='ltr'><strong>sor-</strong></span> 
     </span>
    </p>
   </div>
   <div class='ocr_carea' id='block_1_100' title="bbox 540 5410 2093 5484">
    <p class='ocr_par' dir='ltr' id='par_1_100' title="bbox 540 5410 2093 5484">
     <span class='ocr_line' id='line_1_100' title="bbox 540 5410 2093 5484; baseline 0.001 -20"><span class='ocrx_word' id='word_1_795' title='bbox 540 5415 628 5464; x_wconf 84' lang='lat' dir='ltr'><strong>des</strong></span> <span class='ocrx_word' id='word_1_796' title='bbox 662 5428 722 5461; x_wconf 89' lang='lat' dir='ltr'><strong>ac</strong></span> <span class='ocrx_word' id='word_1_797' title='bbox 755 5410 969 5462; x_wconf 81' lang='lat' dir='ltr'><strong>visibiles</strong></span> <span class='ocrx_word' id='word_1_798' title='bbox 990 5411 1267 5484; x_wconf 81' lang='lat' dir='ltr'><strong>diluuntur.</strong></span> <span class='ocrx_word' id='word_1_799' title='bbox 1287 5410 1405 5480; x_wconf 73' lang='lat' dir='ltr'><strong>Ipse</strong></span> <span class='ocrx_word' id='word_1_800' title='bbox 1423 5410 1540 5484; x_wconf 71' lang='lat' dir='ltr'><strong>ergo</strong></span> <span class='ocrx_word' id='word_1_801' title='bbox 1555 5410 1896 5480; x_wconf 69' lang='lat' dir='ltr'><strong>sancti/ienuit</strong></span> <span class='ocrx_word' id='word_1_802' title='bbox 1915 5432 2093 5484; x_wconf 82' lang='lat' dir='ltr'><strong>aquas,</strong></span> 
     </span>
    </p>
   </div>
   <div class='ocr_carea' id='block_1_101' title="bbox 539 5481 2096 5552">
    <p class='ocr_par' dir='ltr' id='par_1_101' title="bbox 539 5481 2096 5552">
     <span class='ocr_line' id='line_1_101' title="bbox 539 5481 2096 5552; baseline 0.003 -22"><span class='ocrx_word' id='word_1_803' title='bbox 539 5496 629 5552; x_wconf 75' lang='lat' dir='ltr'><strong>per</strong></span> <span class='ocrx_word' id='word_1_804' title='bbox 655 5493 778 5547; x_wconf 79' lang='lat' dir='ltr'><strong>quas</strong></span> <span class='ocrx_word' id='word_1_805' title='bbox 808 5490 997 5552; x_wconf 79' lang='lat' dir='ltr'><strong>secreta</strong></span> <span class='ocrx_word' id='word_1_806' title='bbox 1025 5481 1263 5549; x_wconf 78' lang='lat' dir='ltr'><strong>potentia:</strong></span> <span class='ocrx_word' id='word_1_807' title='bbox 1289 5496 1396 5536; x_wconf 69' lang='lat' dir='ltr'><strong>sua</strong></span> <span class='ocrx_word' id='word_1_808' title='bbox 1415 5481 1592 5533; x_wconf 83' lang='lat' dir='ltr'><strong>virtute</strong></span> <span class='ocrx_word' id='word_1_809' title='bbox 1615 5491 1840 5548; x_wconf 83' lang='lat' dir='ltr'><strong>peccata,</strong></span> <span class='ocrx_word' id='word_1_810' title='bbox 1865 5481 1976 5552; x_wconf 59' lang='lat' dir='ltr'><strong>quin</strong></span> <span class='ocrx_word' id='word_1_811' title='bbox 1996 5500 2096 5535; x_wconf 87' lang='lat' dir='ltr'><strong>non</strong></span> 
     </span>
    </p>
   </div>
   <div class='ocr_carea' id='block_1_102' title="bbox 541 5547 1040 5600">
    <p class='ocr_par' dir='ltr' id='par_1_102' title="bbox 541 5547 1040 5600">
     <span class='ocr_line' id='line_1_102' title="bbox 541 5547 1040 5600; baseline -0.002 0"><span class='ocrx_word' id='word_1_812' title='bbox 541 5547 770 5600; x_wconf 81' lang='lat' dir='ltr'><strong>videntur</strong></span> <span class='ocrx_word' id='word_1_813' title='bbox 799 5547 1040 5600; x_wconf 80' lang='lat' dir='ltr'><strong>ablueret.</strong></span> 
     </span>
    </p>
   </div>
   <div class='ocr_carea' id='block_1_103' title="bbox 615 5652 1881 5726">
    <p class='ocr_par' dir='ltr' id='par_1_103' title="bbox 615 5652 1881 5726">
     <span class='ocr_line' id='line_1_103' title="bbox 615 5652 1881 5726; baseline 0.006 -20"><span class='ocrx_word' id='word_1_814' title='bbox 615 5657 629 5684; x_wconf 84' lang='grc'>¹</span> <span class='ocrx_word' id='word_1_815' title='bbox 663 5653 866 5706; x_wconf 81' lang='lat' dir='ltr'><strong>Titulus</strong></span> <span class='ocrx_word' id='word_1_816' title='bbox 894 5655 944 5706; x_wconf 92' lang='lat' dir='ltr'><strong>in</strong></span> <span class='ocrx_word' id='word_1_817' title='bbox 974 5652 1099 5707; x_wconf 87' lang='lat' dir='ltr'><strong>edit.</strong></span> <span class='ocrx_word' id='word_1_818' title='bbox 1125 5672 1136 5706; x_wconf 90' lang='lat'>:</span> <span class='ocrx_word' id='word_1_819' title='bbox 1173 5655 1246 5708; x_wconf 84' lang='lat' dir='ltr'><strong>De</strong></span> <span class='ocrx_word' id='word_1_820' title='bbox 1270 5658 1509 5721; x_wconf 78' lang='lat' dir='ltr'><strong>mysterio</strong></span> <span class='ocrx_word' id='word_1_821' title='bbox 1537 5656 1881 5726; x_wconf 81' lang='lat' dir='ltr'><strong>baptismatis.</strong></span> 
     </span>
    </p>
   </div>
   <div class='ocr_carea' id='block_1_104' title="bbox 2279 4873 2646 4927">
    <p class='ocr_par' dir='ltr' id='par_1_104' title="bbox 2279 4873 2646 4927">
     <span class='ocr_line' id='line_1_104' title="bbox 2279 4873 2646 4927; baseline -0.003 -1"><span class='ocrx_word' id='word_1_822' title='bbox 2279 4873 2297 4912; x_wconf 71' lang='grc' dir='ltr'><em>τ</em></span> <span class='ocrx_word' id='word_1_823' title='bbox 2332 4874 2646 4927; x_wconf 62' lang='lat' dir='ltr'><strong>&quot;creantur.</strong></span> 
     </span>
    </p>
   </div>
   <div class='ocr_carea' id='block_1_105' title="bbox 2274 4934 3707 5008">
    <p class='ocr_par' dir='ltr' id='par_1_105' title="bbox 2274 4934 3707 5008">
     <span class='ocr_line' id='line_1_105' title="bbox 2274 4934 3707 5008; baseline -0.009 -12"><span class='ocrx_word' id='word_1_824' title='bbox 2274 4954 2297 4988; x_wconf 72' lang='grc' dir='ltr'>ει</span> <span class='ocrx_word' id='word_1_825' title='bbox 2333 4943 2430 5005; x_wconf 83' lang='lat' dir='ltr'><strong>Qui</strong></span> <span class='ocrx_word' id='word_1_826' title='bbox 2455 4954 2604 4996; x_wconf 84' lang='lat' dir='ltr'><strong>natus</strong></span> <span class='ocrx_word' id='word_1_827' title='bbox 2630 4953 2705 4996; x_wconf 88' lang='lat' dir='ltr'><strong>est</strong></span> <span class='ocrx_word' id='word_1_828' title='bbox 2727 4941 2790 4994; x_wconf 82' lang='lat' dir='ltr'><strong>de</strong></span> <span class='ocrx_word' id='word_1_829' title='bbox 2819 4939 3016 5008; x_wconf 84' lang='lat' dir='ltr'><strong>Spiritu</strong></span> <span class='ocrx_word' id='word_1_830' title='bbox 3041 4947 3231 5008; x_wconf 60' lang='lat' dir='ltr'><strong>sancta</strong></span> <span class='ocrx_word' id='word_1_831' title='bbox 3243 4946 3292 5008; x_wconf 81' lang='lat' dir='ltr'><strong>et</strong></span> <span class='ocrx_word' id='word_1_832' title='bbox 3321 4934 3496 5008; x_wconf 61' lang='lat' dir='ltr'><strong>Maria</strong></span> <span class='ocrx_word' id='word_1_833' title='bbox 3523 4934 3707 5004; x_wconf 78' lang='lat' dir='ltr'><strong>rirgiue.</strong></span> 
     </span>
    </p>
   </div>
   <div class='ocr_carea' id='block_1_106' title="bbox 2277 5005 3708 5081">
    <p class='ocr_par' dir='ltr' id='par_1_106' title="bbox 2277 5005 3708 5081">
     <span class='ocr_line' id='line_1_106' title="bbox 2277 5005 3708 5081; baseline -0.009 -17"><span class='ocrx_word' id='word_1_834' title='bbox 2277 5010 2298 5046; x_wconf 72' lang='grc' dir='ltr'><strong>ιι</strong></span> <span class='ocrx_word' id='word_1_835' title='bbox 2335 5013 2524 5064; x_wconf 84' lang='lat' dir='ltr'><strong>lterum</strong></span> <span class='ocrx_word' id='word_1_836' title='bbox 2553 5005 2975 5081; x_wconf 80' lang='lat' dir='ltr'><strong>interrogaoimus</strong></span> <span class='ocrx_word' id='word_1_837' title='bbox 2998 5025 3015 5060; x_wconf 89' lang='lat'><strong><em>:</em></strong></span> <span class='ocrx_word' id='word_1_838' title='bbox 3043 5015 3092 5060; x_wconf 89' lang='lat' dir='ltr'><strong>et</strong></span> <span class='ocrx_word' id='word_1_839' title='bbox 3119 5009 3173 5060; x_wconf 87' lang='lat' dir='ltr'><strong>in</strong></span> <span class='ocrx_word' id='word_1_840' title='bbox 3194 5005 3450 5075; x_wconf 78' lang='lat' dir='ltr'><strong>Spiritum</strong></span> <span class='ocrx_word' id='word_1_841' title='bbox 3479 5015 3708 5058; x_wconf 71' lang='lat' dir='ltr'><strong>sanctum.</strong></span> 
     </span>
    </p>
   </div>
   <div class='ocr_carea' id='block_1_107' title="bbox 2278 5081 3263 5149">
    <p class='ocr_par' dir='ltr' id='par_1_107' title="bbox 2278 5081 3263 5149">
     <span class='ocr_line' id='line_1_107' title="bbox 2278 5081 3263 5149; baseline 0 -17"><span class='ocrx_word' id='word_1_842' title='bbox 2278 5083 2289 5116; x_wconf 79' lang='grc'><strong>¹</strong></span> <span class='ocrx_word' id='word_1_843' title='bbox 2329 5081 2606 5149; x_wconf 82' lang='lat' dir='ltr'><strong>Discipulis</strong></span> <span class='ocrx_word' id='word_1_844' title='bbox 2627 5081 2752 5134; x_wconf 87' lang='lat' dir='ltr'><strong>suis.</strong></span> <span class='ocrx_word' id='word_1_845' title='bbox 3257 5090 3263 5095; x_wconf 87' lang='lat'><strong><em>&#39;</em></strong></span> 
     </span>
    </p>
   </div>
   <div class='ocr_carea' id='block_1_108' title="bbox 2275 5148 3642 5218">
    <p class='ocr_par' dir='ltr' id='par_1_108' title="bbox 2275 5148 3642 5218">
     <span class='ocr_line' id='line_1_108' title="bbox 2275 5148 3642 5218; baseline 0.014 -20"><span class='ocrx_word' id='word_1_846' title='bbox 2275 5148 2545 5218; x_wconf 74' lang='lat' dir='ltr'><strong>lQuipro</strong></span> <span class='ocrx_word' id='word_1_847' title='bbox 2572 5151 2710 5218; x_wconf 83' lang='lat' dir='ltr'><strong>quia.</strong></span> <span class='ocrx_word' id='word_1_848' title='bbox 2834 5213 2870 5218; x_wconf 46' lang='grc' dir='ltr'>η</span> <span class='ocrx_word' id='word_1_849' title='bbox 2939 5214 2948 5218; x_wconf 89' lang='lat'>_</span> <span class='ocrx_word' id='word_1_850' title='bbox 3009 5215 3019 5218; x_wconf 90' lang='lat'>_</span> <span class='ocrx_word' id='word_1_851' title='bbox 3184 5212 3197 5218; x_wconf 84' lang='lat'><strong><em>_</em></strong></span> 
     </span>
    </p>
   </div>
   <div class='ocr_carea' id='block_1_109' title="bbox 2275 5212 3735 5279">
    <p class='ocr_par' dir='ltr' id='par_1_109' title="bbox 2275 5212 3735 5279">
     <span class='ocr_line' id='line_1_109' title="bbox 2275 5212 3735 5279; baseline -0.002 -11"><span class='ocrx_word' id='word_1_852' title='bbox 2275 5216 2296 5253; x_wconf 81' lang='grc' dir='ltr'>¹ι</span> <span class='ocrx_word' id='word_1_853' title='bbox 2329 5212 2504 5270; x_wconf 83' lang='lat' dir='ltr'><strong>Credis</strong></span> <span class='ocrx_word' id='word_1_854' title='bbox 2545 5212 2778 5270; x_wconf 75' lang='lat' dir='ltr'><strong>sanctam</strong></span> <span class='ocrx_word' id='word_1_855' title='bbox 2824 5213 3109 5268; x_wconf 78' lang='lat' dir='ltr'><strong>Ecclesium</strong></span> <span class='ocrx_word' id='word_1_856' title='bbox 3149 5212 3350 5279; x_wconf 88' lang='lat' dir='ltr'><strong>absque</strong></span> <span class='ocrx_word' id='word_1_857' title='bbox 3392 5212 3735 5279; x_wconf 52' lang='lat' dir='ltr'><strong>prmposilionﬁ</strong></span> 
     </span>
    </p>
   </div>
   <div class='ocr_carea' id='block_1_110' title="bbox 2202 5285 3734 5351">
    <p class='ocr_par' dir='ltr' id='par_1_110' title="bbox 2202 5285 3734 5351">
     <span class='ocr_line' id='line_1_110' title="bbox 2202 5285 3734 5351; baseline -0.008 -15"><span class='ocrx_word' id='word_1_858' title='bbox 2202 5287 2284 5347; x_wconf 85' lang='lat' dir='ltr'><strong>in,</strong></span> <span class='ocrx_word' id='word_1_859' title='bbox 2325 5285 2519 5339; x_wconf 83' lang='lat' dir='ltr'><strong>deinde</strong></span> <span class='ocrx_word' id='word_1_860' title='bbox 2565 5286 2711 5339; x_wconf 85' lang='lat' dir='ltr'><strong>addit</strong></span> <span class='ocrx_word' id='word_1_861' title='bbox 2739 5285 3088 5349; x_wconf 72' lang='lat' dir='ltr'><strong>remissionem</strong></span> <span class='ocrx_word' id='word_1_862' title='bbox 3135 5288 3456 5351; x_wconf 77' lang='lat' dir='ltr'><strong>peccatorum</strong></span> <span class='ocrx_word' id='word_1_863' title='bbox 3502 5285 3553 5331; x_wconf 84' lang='lat' dir='ltr'><strong>et</strong></span> <span class='ocrx_word' id='word_1_864' title='bbox 3585 5288 3734 5327; x_wconf 66' lang='lat' dir='ltr'><strong>carm</strong></span> 
     </span>
    </p>
   </div>
   <div class='ocr_carea' id='block_1_111' title="bbox 2203 5366 2635 5406">
    <p class='ocr_par' dir='ltr' id='par_1_111' title="bbox 2203 5366 2635 5406">
     <span class='ocr_line' id='line_1_111' title="bbox 2203 5366 2635 5406; baseline 0 0"><span class='ocrx_word' id='word_1_865' title='bbox 2203 5370 2310 5406; x_wconf 84' lang='lat' dir='ltr'><strong>resu</strong></span> <span class='ocrx_word' id='word_1_866' title='bbox 2318 5366 2635 5406; x_wconf 80' lang='lat' dir='ltr'><strong>rrecttonem.</strong></span> 
     </span>
    </p>
   </div>
   <div class='ocr_carea' id='block_1_112' title="bbox 2279 5419 2903 5477">
    <p class='ocr_par' dir='ltr' id='par_1_112' title="bbox 2279 5419 2903 5477">
     <span class='ocr_line' id='line_1_112' title="bbox 2279 5419 2903 5477; baseline 0.003 -4"><span class='ocrx_word' id='word_1_867' title='bbox 2279 5419 2294 5458; x_wconf 83' lang='grc' dir='ltr'><strong>ι</strong></span> <span class='ocrx_word' id='word_1_868' title='bbox 2329 5421 2416 5474; x_wconf 90' lang='lat' dir='ltr'><strong>Sic</strong></span> <span class='ocrx_word' id='word_1_869' title='bbox 2443 5433 2492 5474; x_wconf 87' lang='lat' dir='ltr'><strong>et</strong></span> <span class='ocrx_word' id='word_1_870' title='bbox 2519 5424 2572 5474; x_wconf 82' lang='lat' dir='ltr'><strong>in</strong></span> <span class='ocrx_word' id='word_1_871' title='bbox 2600 5421 2903 5477; x_wconf 77' lang='lat' dir='ltr'><strong>Ecclesium.</strong></span> 
     </span>
    </p>
   </div>
   <div class='ocr_carea' id='block_1_113' title="bbox 2272 5490 2650 5544">
    <p class='ocr_par' dir='ltr' id='par_1_113' title="bbox 2272 5490 2650 5544">
     <span class='ocr_line' id='line_1_113' title="bbox 2272 5490 2650 5544; baseline 0.013 -4"><span class='ocrx_word' id='word_1_872' title='bbox 2272 5499 2308 5524; x_wconf 74' lang='grc' dir='ltr'>ιη</span> <span class='ocrx_word' id='word_1_873' title='bbox 2342 5490 2497 5544; x_wconf 87' lang='lat' dir='ltr'><strong>Deest</strong></span> <span class='ocrx_word' id='word_1_874' title='bbox 2523 5506 2650 5544; x_wconf 76' lang='lat' dir='ltr'><strong>esse.</strong></span> 
     </span>
    </p>
   </div>
  </div>
