3896 6250
73 358 186 417 777

1175 353 1578 412 TRACTATUS
1614 354 1698 408 ΙΙΙ.
1742 353 1828 407 DE
1867 355 2216 412 BAPTISMO.

3235 346 3346 411 778

81 481 107 507 ·
141 475 388 525 staturos
416 469 701 524 credamus
728 474 853 530 ante
885 464 1110 519 tribunal
1142 463 1254 527 Dei,
1281 465 1490 517 dicente
1520 461 1677 518 beato
1704 468 1750 523 A
1781 479 1993 533 semper
2020 466 2230 528 ardeat,
2280 473 2333 518 et
2380 477 2646 531 nunquam
2692 461 2928 517 ardendo
2955 459 3183 516 deﬁciat.
3230 461 3349 518 Hoc

81 558 343 628 apostolo
371 556 579 610 Paulo:
613 557 799 608 Omnes
834 570 928 607 nos
964 553 1285 620 manifestari
1327 560 1522 620 Oportet
1560 559 1681 603 ante

83 645 324 698 tribunal
344 642 556 705 Christi,
581 651 634 694 ut
654 644 845 713 referat
864 641 1201 708 unusquisque
1221 639 1430 707 propria
1451 639 1680 706 corporis

84 737 194 798 sui,
226 741 382 802 prout
419 734 596 802 gessit,
634 731 737 783 sive
763 729 948 782 bonum
977 729 1080 780 sive
1106 727 1299 780 malum
1335 725 1423 792 (ΙΙ
1449 725 1567 778 Cor.
1601 726 1677 792 v).

86 823 158 876 Et
192 823 249 876 id
278 820 526 888 estquod
557 820 794 873 inﬁdeles
823 819 1011 872 anima:
1031 832 1137 871 non
1167 816 1394 870 credunt
1423 817 1678 869 futurum.

88 910 162 964 Et
182 918 317 964 sunt
339 909 502 977 aliqui
523 910 615 976 qui
636 908 787 962 labiis
807 907 1028 962 credere
1047 906 1386 976 promittunt,
1409 904 1501 958 sed
1522 903 1685 958 corde

88 1002 429 1071 desperant;
459 1000 550 1067 qui
589 998 845 1067 grandem
885 995 1237 1065 omnipotenti
1284 994 1395 1048 Deo
1438 992 1685 1061 iniuriam

92 1092 333 1154 faciunt,
365 1104 396 1143 a
424 1103 530 1157 quo
558 1088 804 1141 homines
830 1094 954 1156 post
983 1094 1212 1140 mortem
1253 1083 1497 1139 suscitari
1526 1091 1581 1137 et
1607 1084 1687 1136 vi-

93 1180 315 1235 viﬁcari
345 1193 504 1248 posse
534 1192 641 1230 non
682 1176 924 1231 credunt.
955 1174 1064 1229 Nos
1110 1183 1310 1237 autem,
1359 1173 1451 1243 qui
1494 1171 1688 1227 divinis

96 1270 336 1323 vocibus
380 1267 687 1321 adhibemus
731 1265 907 1326 ﬁdem,
960 1264 1027 1318 de
1069 1262 1459 1318 resurrectione
1502 1269 1688 1337 nostra

96 1360 360 1414 dubitare
388 1373 495 1412 non
522 1371 822 1430 possumps.
854 1355 1131 1409 Credimus
1177 1355 1318 1408 enim
1348 1351 1489 1422 quod
1525 1352 1685 1415 Deus,

99 1447 200 1515 qui
234 1444 652 1509 fecithomincs,
685 1459 805 1497 cum
830 1451 953 1497 ante
982 1459 1089 1497 non
1118 1442 1359 1507 fuissent,
1392 1441 1545 1495 facile
1567 1456 1690 1510 pos—

99 1542 177 1594 sit
206 1537 438 1592 reﬁcere
465 1538 555 1605 qui
585 1537 817 1590 fuerunt.
867 1535 967 1600 Qui
1015 1535 1225 1599 ccelum,
1277 1542 1331 1587 et
1373 1539 1590 1596 terram,
1635 1540 1691 1586 et

100 1629 323 1692 maria,
371 1635 426 1680 et
452 1641 567 1694 quae
598 1626 649 1679 in
680 1625 757 1680 eis
805 1632 947 1689 sunt,
992 1633 1152 1693 atque
1199 1624 1378 1677 omnia
1427 1623 1690 1677 elementa

100 1720 241 1774 fecit
270 1734 337 1772 ex
369 1717 554 1778 nihilo,
589 1715 857 1784 quomodo
888 1731 991 1770 non
1021 1722 1200 1783 potest
1228 1726 1476 1782 reparare
1513 1712 1689 1767 homi-

1784 556 1925 609 enim
1956 565 2009 608 et
2041 555 2246 608 Domini
2288 555 2452 608 nostri
2493 553 2617 606 Jcsu
2643 537 2843 608 Christi.
2886 565 3058 605 sermo
3101 558 3346 617 testatur,

1782 644 1874 711 qui
1903 644 1955 696 in
1985 641 2270 709 Evangelio
2293 642 2359 696 de
2387 642 2751 710 peccatoribus
2780 639 3140 708 pronuntiavit
3167 657 3177 688 :
3208 638 3349 691 Tunc

1781 732 1926 785 ibunt
1946 733 2088 801 impii
2107 733 2158 784 in
2181 731 2483 800 supplicium
2506 740 2768 793 azternum,
2781 729 2910 798 justi
2933 738 3100 782 autem
3122 730 3173 780 in
3195 731 3351 782 vitam

1785 829 2030 876 aeternam
2052 819 2274 892 (Matth.
2301 821 2459 888 xxv).
2510 818 2526 857 τ
2579 819 2702 873 Haec
2729 825 2903 872 autem
2932 832 3049 886 quae
3078 818 3352 885 hucusque

1785 911 2032 975 diximus,
2066 919 2347 980 postquam
2391 926 2483 965 vos
2511 910 2729 966 credere
2759 910 3107 979 promisistis,
3139 919 3164 956 κ
3193 910 3352 963 tertio

1787 1016 2013 1070 corpora
2041 1009 2220 1055 vestra
2249 1002 2301 1054 in
2331 1016 2483 1056 sacro
2512 1001 2659 1055 fonte
2693 999 3059 1054 demersimus.
3093 999 3193 1065 Qui
3221 999 3353 1054 ordo

1787 1092 2120 1161 baptismatis
2139 1090 2337 1161 duplici
2357 1091 2594 1161 mysterii
2622 1087 3006 1159 signiﬁcatione
3033 1090 3352 1144 celebratur.

1790 1180 1956 1235 Recte
1983 1180 2124 1234 enim
2153 1180 2310 1234 tertio
2339 1180 2499 1234 mersi
2531 1179 2676 1243 estis,
2725 1179 2817 1248 qui
2844 1179 3124 1247 accepistis
3152 1179 3353 1247 baptis-

1789 1283 1935 1323 mum
1965 1265 1992 1304 ιι
2023 1268 2076 1322 in
2103 1268 2320 1324 nomine
2345 1267 2473 1322 Jesu
2500 1267 2714 1333 Christi,
2744 1267 2835 1335 qui
2861 1267 3016 1320 tertia
3045 1267 3132 1321 die
3171 1283 3354 1322 resur-

1765 1355 1931 1409 rexit
1972 1370 2004 1408 a
2046 1355 2289 1410 mortuis.
2330 1355 2424 1408 Illa
2455 1355 2595 1408 enim
2640 1356 2798 1410 tertio
2837 1356 3063 1425 repetita
3091 1355 3354 1410 demersio

1789 1451 1975 1514 typum
1998 1444 2280 1500 dominicae
2308 1444 2556 1513 exprimit
2581 1443 2880 1512 sepulturae,
2904 1458 2999 1513 per
3020 1458 3177 1512 quam
3206 1443 3358 1499 Chri«

1791 1540 1875 1588 sto
1896 1534 2196 1603 consepulti
2217 1534 2342 1588 estis
2364 1533 2417 1588 iu
2439 1533 2724 1603 baptismo,
2743 1541 2936 1588 etcum
2957 1533 3168 1588 Christo
3189 1549 3361 1589 resur-

1791 1622 2004 1678 rexistis
2035 1623 2088 1676 in
2115 1621 2238 1686 ﬁde,
2264 1630 2322 1675 ut
2344 1623 2578 1691 peccatis
2606 1622 2773 1677 abluti
2802 1622 2855 1676 in
2883 1623 3167 1678 sanctitate
3192 1625 3362 1678 virtu-

1792 1719 1907 1764 tum
1922 1709 2189 1765 Christum
2206 1711 2395 1765 vivatis
2409 1710 2686 1765 imitando.
2707 1710 2858 1764 Unde
2879 1712 3066 1765 beatus
3081 1711 3365 1780 Apostolus

103 1821 241 1869 nes,
275 1821 412 1874 quos
441 1805 559 1858 ideo
589 1804 716 1858 fecit
758 1812 815 1856 ut
841 1804 892 1856 in
923 1803 1023 1856 hac
1062 1803 1168 1855 vita
1210 1811 1427 1868 agerent
1466 1801 1606 1854 unde
1636 1801 1687 1854 in
1721 1805 1766 1864 B
1793 1801 1904 1853 ait:
1939 1800 2018 1852 An
2052 1800 2301 1870 ignoratis
2339 1801 2578 1869 quoniam
2607 1799 2887 1870 quicunque
2922 1799 3165 1868 baptizati
3194 1818 3365 1855 sumus

101 1896 217 1948 alia
243 1893 631 1962 judicarentur,
668 1901 721 1946 et
749 1892 832 1946 vel
863 1907 957 1961 pro
987 1893 1128 1946 bona
1157 1892 1428 1946 voluntate
1452 1890 1688 1959 praemia,

103 1985 196 2038 vel
238 1999 341 2053 pro
378 1984 515 2037 mala
561 1983 818 2052 supplicia
864 1982 1234 2035 mererentur?
1263 1979 1389 2033 Hmc
1424 1986 1507 2032 est
1551 1979 1689 2031 enim

102 2074 539 2131 Christianorum
568 2072 950 2127 catholicorum
999 2071 1148 2134 ﬁdes,
1183 2079 1241 2124 ut
1284 2069 1563 2125 credamus
1594 2084 1691 2122 nos

104 2179 238 2219 cum
269 2163 373 2216 hac
400 2163 451 2216 in
475 2177 579 2230 qua
603 2176 742 2215 nunc
770 2172 950 2214 sumus
969 2160 1143 2214 anima
1170 2171 1464 2225 resurgere,
1490 2157 1690 2209 haben-

105 2263 196 2307 tes
219 2252 249 2291 δ
268 2252 519 2306 idoneum
541 2251 729 2304 futura:
750 2256 944 2304 nostra:
965 2247 1370 2308 resurrectionis
1390 2244 1691 2312 exemplum

106 2344 402 2398 Dominum
430 2351 694 2407 nostrum,
718 2340 952 2394 Verbum
982 2339 1175 2402 Patris,
1198 2337 1430 2405 quicum
1454 2336 1524 2388 sit
1551 2334 1693 2389 Deus

106 2441 165 2489 ct
196 2433 295 2486 Dei
317 2431 498 2495 Filius,
528 2441 550 2468 ο
574 2446 670 2486 seu
688 2430 942 2495 Verbum,
967 2436 1021 2482 et
1040 2429 1329 2482 secundum
1349 2423 1695 2480 substantiam

107 2520 416 2576 divinitatis
443 2519 588 2572 Patri
630 2526 929 2574 coaeternus
958 2526 1013 2571 et
1041 2515 1508 2573 consubstantialis
1528 2554 1543 2581 ,
1574 2513 1694 2568 ideo

108 2621 325 2667 natum
371 2619 568 2665 nostra:
609 2609 843 2678 suscepit
888 2609 1198 2674 hominem;
1227 2606 1377 2674 juxta
1425 2620 1582 2673 quem
1631 2603 1698 2659 de

109 2701 328 2769 virgine
357 2699 520 2762 nasci,
554 2706 608 2752 et
635 2707 822 2767 postea
861 2697 999 2765 pati,
1032 2707 1085 2749 et
1125 2696 1261 2749 mori
1306 2694 1495 2758 voluit,
1529 2702 1584 2748 et
1611 2692 1698 2747 die

111 2791 280 2845 tertia
303 2789 466 2859 716
488 2787 803 2853 resurrexit,
823 2785 850 2823 τι
874 2795 926 2840 et
946 2785 1184 2840 ascendit
1204 2786 1256 2839 in
1283 2785 1495 2851 cmlum,
1523 2793 1580 2839 ut
1599 2800 1697 2840 nos

110 2878 181 2933 ad
205 2893 361 2948 spem
391 2876 796 2931 resurrectionis
825 2875 1160 2940 accenderet,
1191 2882 1249 2928 ut
1277 2874 1354 2929 sic
1382 2889 1479 2929 nos
1507 2875 1696 2929 creda-

112 2983 240 3022 mus
260 2982 330 3022 ex
350 2967 574 3020 mortuis
594 2965 947 3029 suscitandos,
963 2963 1412 3033 quemadmodum
1429 2963 1696 3016 Christum

113 3067 140 3094 ο
172 3072 242 3111 ex
281 3055 505 3110 mortuis
533 3054 888 3109 resurrexisse
935 3051 1270 3108 conﬁtemur.
1317 3051 1466 3106 Unde
1511 3053 1700 3107 beatus

1793 1890 1848 1942 in
1875 1888 2077 1944 Christo
2106 1890 2255 1952 Jesu,
2285 1892 2339 1942 in
2365 1900 2525 1943 morte
2548 1892 2706 1958 ipsius
2736 1893 2981 1960 baptizati
3013 1910 3205 1947 sumus.
3233 1894 3366 1948 Con-

1795 1979 1976 2046 sepulti
2005 1978 2139 2030 enim
2159 1995 2331 2031 sumus
2364 1995 2477 2030 cum
2503 1979 2593 2032 illo
2621 1996 2710 2046 per
2731 1979 3037 2048 baptismum
3059 1982 3111 2033 in
3132 1991 3364 2046 mortem,

1794 2076 1850 2119 ut
1874 2069 2125 2136 quomodo
2165 2070 2384 2121 surrexit
2413 2068 2645 2122 Christus
2680 2086 2744 2122 ea:
2779 2072 2994 2124 mortuis
3034 2089 3124 2141 per
3152 2075 3370 2142 gloriam

1796 2155 1991 2220 Patris,
2017 2157 2093 2208 ita
2129 2165 2178 2208 et
2198 2172 2289 2209 nos
2309 2157 2363 2208 in
2392 2157 2614 2210 novitate
2642 2159 2757 2210 vitae
2781 2157 3116 2212 ambulemus.
3148 2161 3208 2213 Si
3234 2163 3368 2222 enim

1798 2245 2133 2315 complantati
2163 2248 2288 2316 facti
2310 2261 2480 2298 sumus
2510 2247 2834 2301 similitudini
2867 2251 3019 2302 morti
3047 2251 3154 2319 ejus
3173 2292 3185 2316 ,
3218 2252 3369 2304 simul

1797 2341 1844 2386 et
1881 2334 2267 2388 resurrectionis
2293 2336 2501 2400 erimus,
2530 2335 2624 2388 hoc
2648 2338 2861 2390 scientes
2882 2338 3015 2406 quod
3044 2349 3179 2392 uetus
3219 2341 3370 2393 homo

1798 2430 1973 2476 noster
1992 2422 2146 2476 simul
2165 2423 2439 2493 cruciﬁxus
2460 2432 2552 2490 est,
2572 2433 2626 2477 ut
2646 2424 2938 2480 destruatur
2952 2443 3134 2496 corpus
3154 2432 3367 2498 peccati,

1725 2575 1729 2578 _
1796 2523 1852 2565 ut
1872 2512 2008 2566 ultra
2029 2530 2132 2568 non
2153 2515 2428 2568 serviamus
2449 2525 2656 2584 peccato
2681 2516 2854 2587 (Rom.
2878 2516 2972 2587 v1).
2997 2516 3365 2584 Considerate,

1806 2601 1823 2641 ί
1859 2602 2053 2658 fratres
2072 2643 2086 2668 ,
2117 2619 2219 2671 qua
2249 2604 2555 2658 conditione
2595 2605 2882 2674 Apostolus
2911 2621 3011 2660 nos
3036 2621 3152 2662 esse
3179 2609 3371 2665 dixerit

1799 2693 2116 2762 baptizatos,
2147 2701 2201 2745 ut
2228 2693 2393 2758 ultra,
2443 2693 2642 2761 inquit,
2693 2710 2796 2748 non
2840 2696 3117 2749 serviamus
3144 2707 3369 2765 peccato.

1800 2783 1927 2850 Qum
1955 2781 2098 2838 enim
2122 2792 2269 2837 tanta
2291 2791 2390 2849 est,
2415 2799 2519 2838 non
2551 2785 2689 2851 dico,
2713 2786 3052 2854 negligentia,
3077 2787 3170 2841 sed
3192 2803 3373 2842 amen-

1801 2876 1894 2940 tia,
1925 2891 2044 2930 cum
2069 2891 2163 2945 per
2190 2875 2510 2942 baptismum
2553 2875 2822 2944 acceperis
2848 2877 3217 2932 remissionem
3243 2893 3371 2946 pec-

1801 2974 2065 3029 catorum,
2094 2964 2316 3031 obligari
2343 2965 2476 3017 velle
2503 2965 2735 3033 peccatis
2764 2981 2776 3016 :
2810 2966 2966 3036 717
3000 2973 3058 3020 ut
3079 2967 3170 3034 qui
3199 2965 3371 3022 factus

1803 3053 1981 3109 fueras
2011 3069 2077 3108 ex
2106 3059 2391 3122 peccatore
2434 3060 2669 3117 sanctus,
2696 3068 2882 3108 rursus
2921 3069 2988 3108 ex
3034 3063 3218 3109 sancto
3243 3056 3374 3112 velis

115 3146 412 3216 Apostolus
435 3144 722 3199 inﬁdelium
737 3144 941 3197 animos
958 3142 1396 3212 increpatdicens
1418 3160 1430 3193 :
1450 3141 1691 3195 Siautem
1724 3145 1769 3208 C
1803 3158 1919 3198 esse
1940 3150 2210 3210 peccator,
2236 3151 2290 3194 et
2311 3148 2432 3210 post
2451 3156 2662 3195 sacrum
2692 3141 2839 3195 illum
2863 3141 3085 3208 fontem,
3109 3158 3216 3211 quo
3237 3161 3373 3199 non-

115 3237 357 3288 Christus
394 3234 702 3303 prazdiCutur
742 3234 875 3303 quod
913 3232 1189 3285 resurrexit
1223 3247 1254 3283 α
1291 3231 1534 3293 mortuis,
1571 3246 1697 3300 quo-

115 3326 273 3380 modo
295 3325 502 3394 quidam
531 3323 706 3375 dicunt
731 3323 784 3374 in
807 3321 942 3375 vobis
963 3322 1202 3390 quoniam
1229 3321 1530 3373 resurrectio
1562 3335 1701 3373 mor-

116 3422 328 3467 tuorum
347 3424 449 3465 non
473 3419 546 3464 est
575 3409 632 3478 (Ῑ
651 3409 768 3464 Cor.
796 3409 920 3478 xv)?
943 3408 1058 3463 Hoc
1085 3421 1213 3474 ergo
1237 3416 1418 3462 tenete
1445 3415 1699 3462 constan-

116 3510 204 3555 ter
231 3508 288 3555 et
312 3499 512 3555 credite
529 3540 545 3566 ,
573 3498 717 3568 quod
757 3498 948 3552 divinis
973 3497 1193 3552 vocibus
1221 3496 1547 3573 ailirmatur,
1576 3496 1699 3564 quia

115 3589 446 3645 resurrectio
473 3589 544 3642 sit
579 3587 791 3656 futura,
840 3589 894 3642 in
923 3602 1028 3657 qua
1077 3586 1273 3642 sanctis
1319 3585 1564 3640 omnibus
1610 3586 1701 3654 qui

115 3678 394 3734 Christum
440 3677 666 3746 diligunt
715 3685 772 3733 et
816 3677 932 3745 ejus
976 3675 1178 3730 faciunt
1226 3675 1552 3730 voluntatem
1595 3674 1698 3728 im-

118 3769 429 3824 mortalitas
453 3769 687 3837 gloriosa
717 3767 965 3823 donanda
988 3774 1090 3832 est,
1123 3775 1182 3821 ut
1208 3767 1261 3820 in
1283 3773 1572 3835 conspectu
1604 3767 1703 3822 Dei

119 3873 246 3916 cum
293 3858 496 3926 angelis
523 3865 578 3912 et
606 3858 912 3913 cmlestibus
958 3857 1242 3912 virtutibus
1288 3856 1342 3910 in
1390 3865 1705 3925 perpetuum

120 3948 444 4018 glorientur.
475 3946 720 4003 [nﬁdeles
760 3961 891 4001 vero
934 3955 991 4001 et
1037 3953 1367 4016 peccatores,
1414 3953 1470 4001 et
1494 3947 1586 4014 qui
1609 3945 1706 4001 Dei

122 4044 396 4106 praecepta
418 4051 524 4092 non
548 4036 766 4102 faciunt,
790 4035 856 4090 ad
880 4023 983 4091 hoc
1002 4049 1281 4104 resurgere
1307 4043 1366 4090 ut
1393 4035 1707 4092 immortalis
1747 4075 1754 4078 -

121 4143 317 4185 eorum
361 4126 503 4186 facta
547 4143 676 4186 caro
713 4129 930 4184 aeternis
956 4115 1239 4186 incendiis
1276 4127 1594 4197 deputetur;
1647 4136 1708 4183 ut

1799 3233 1900 3286 nisi
1947 3232 2110 3286 semel
2157 3231 2300 3285 ablui
2347 3232 2488 3295 licet,
2539 3232 2734 3285 iterum
2780 3230 2848 3284 ad
2891 3232 3144 3285 vitiorum
3188 3235 3374 3292 sordes

1799 3322 2017 3378 reverti.
2049 3320 2324 3376 Attendite
2367 3335 2528 3389 ergo,
2573 3320 2934 3386 dilectissimi,
2963 3329 3022 3376 ut
3048 3321 3376 3390 quod.acce-

1801 3412 1972 3482 pistis,
1996 3410 2248 3480 quodque
2264 3409 2375 3478 jam
2396 3409 2619 3464 ulterius
2641 3423 2672 3462 a
2687 3409 2841 3465 vobis
2861 3411 3027 3480 accipi
3047 3425 3154 3465 non
3177 3420 3372 3481 potest,

1802 3516 1971 3570 usque
1993 3501 2058 3555 ad
2081 3499 2239 3554 ﬁnem
2262 3500 2524 3567 integrum
2550 3499 3061 3570 immaculatumque
3081 3503 3240 3572 718
3261 3517 3378 3556 ser-

1803 3592 1966 3657 vetis;
1998 3597 2052 3646 et
2079 3589 2244 3644 semel
2273 3588 2449 3647 eﬁecti
2474 3589 2675 3657 absque
2703 3596 2945 3658 peccato,
2978 3590 3031 3643 in
3057 3601 3317 3660 perpetuo
3341 3607 3374 3644 ιι

1805 3681 2041 3752 peccatis
2078 3679 2324 3734 omnibus
2365 3677 2650 3734 recedatis.
2690 3676 2931 3734 Christus
2955 3680 3119 3748 enim,
3163 3681 3253 3750 qui
3281 3697 3374 3736 vos

1807 3775 2041 3845 pollutos
2067 3787 2131 3826 ac
2155 3770 2417 3826 diabolica
2439 3769 2689 3825 suasione
2708 3770 3010 3826 sordidatos
3031 3786 3128 3827 sua
3151 3772 3376 3826 misera-

1809 3866 1955 3920 tione
1980 3862 2273 3927 mundavit,
2300 3876 2410 3916 non
2431 3860 2544 3915 vult
2562 3860 2848 3916 mundatos
2871 3861 3066 3917 iterum
3094 3861 3375 3918 sordidari.

1809 3953 1945 4010 Huic
1967 3953 2136 4021 gloria
2164 3959 2218 4005 et
2244 3951 2420 4005 honor
2446 3963 2568 4004 cum
2598 3948 2782 4016 Patre,
2799 3955 2856 4006 et
2881 3944 3085 4021 Spiritu
3110 3959 3296 4008 sancto
3323 3951 3377 4006 in

1808 4042 1999 4099 saecula
2020 4039 2354 4097 seculorum.
2389 4037 2579 4092 Amen.

1266 4265 1957 4352 TRACTATUS
2031 4267 2189 4349 III.

1503 4416 1588 4469 DE
1619 4419 1935 4471 BAPTISHO
1963 4423 2008 4469 ⁸.

192 4517 484 4588 ﬂuensque
508 4519 575 4574 de
603 4518 869 4588 mysteriis
904 4518 1071 4574 locuti
1099 4531 1281 4574 sumus
1311 4532 1429 4588 qua:
1455 4521 1542 4575 vel
1575 4530 1699 4578 ante
1726 4528 1778 4589 ι)
1802 4523 1944 4578 ditur
1979 4520 2261 4590 haptizatis
2286 4520 2520 4589 regalem
2563 4525 2618 4572 et
2655 4517 3044 4574 sacerdotalem
3071 4519 3300 4576 conlurri
3342 4536 3373 4577 ε

123 4609 467 4681 baptismatis
491 4615 906 4672 sacramentum,
934 4607 1020 4661 vel
1047 4608 1102 4661 in
1130 4607 1249 4677 ipso
1273 4607 1595 4678 baptismate
1615 4625 1704 4667 ce-

125 4701 427 4756 lebrantur.
473 4700 623 4754 Nunc
659 4712 794 4753 vero
814 4698 882 4752 de
907 4697 990 4754 his
1018 4697 1187 4752 acturi
1227 4710 1411 4754 sumus
1448 4713 1566 4768 quae
1598 4700 1612 4750 i
1651 4701 1706 4755 in

121 4790 236 4860 jam
263 4788 547 4858 baptizatis
592 4797 777 4842 sancta
814 4786 1148 4841 institutione
1194 4788 1548 4856 complentur.
1596 4789 1705 4844 lm-

125 4879 278 4950 pleto
307 4879 449 4933 enim
479 4877 820 4946 baptismate,
868 4884 1029 4946 caput
1056 4885 1292 4932 vestrum)
1318 4878 1622 4948 chrismate,
1652 4881 1704 4935 id

127 4975 213 5023 est
233 4967 358 5023 oleo
384 4964 822 5023 sanctiﬁcationis
846 4962 1193 5032 infundimus,
1227 4966 1324 5034 per
1349 4965 1491 5036 quod
1519 4974 1703 5022 osten-

203 5129 234 5159 ⁸
264 5121 503 5175 Staturos
531 5135 641 5174 esse
663 5119 950 5172 credamus.

202 5187 234 5228 δ
263 5188 517 5242 Idoneum
543 5189 929 5256 resurrectionis
951 5187 1234 5256 exemplum
1257 5184 1513 5242 Christum
1541 5190 1704 5256 ipsum

131 5255 415 5315 Dominum
441 5265 674 5312 nostrum
708 5255 931 5311 Verbum
950 5254 1145 5311 Patris.
1562 5254 1593 5297 ’-

211 5337 236 5366 ε
265 5324 404 5380 Deus
435 5325 677 5380 Verbum.

207 5393 236 5432 ά
265 5393 336 5448 Et
360 5395 589 5449 ascendit
616 5395 671 5447 in
692 5393 862 5448 celos.

210 5475 236 5504 ο
272 5462 626 5519 Resurrexisse
645 5480 677 5516 a
696 5464 930 5516 mortuis.

210 5531 233 5573 ί
261 5531 391 5589 Hm
416 5541 534 5588 sunt
561 5539 732 5585 autem
755 5547 885 5600 qua.

1809 4610 2036 4667 Domino
2078 4610 2410 4676 dignitatem.
2461 4606 2595 4662 Nam
2638 4607 2692 4661 iu
2721 4606 2901 4663 Veteri
2940 4607 3284 4667 Testamento
3325 4614 3380 4668 hi

1806 4703 1898 4774 qui
1925 4701 2240 4768 legebantur
2263 4699 2316 4754 iu
2342 4697 2645 4753 sacerdotio
2667 4697 2753 4752 vel
2784 4698 2837 4752 in
2865 4713 3052 4766 regno,
3075 4709 3265 4756 sancto
3292 4719 3379 4757 un-

1807 4791 2069 4860 gebantur
2090 4788 2212 4842 oleo
2232 4795 2288 4842 et
2306 4789 2561 4841 unctione
2582 4785 2803 4856 capitis;
2833 4786 2923 4840 alii
2945 4785 2969 4822 ¹ι
2990 4789 3265 4854 regnandi,
3290 4791 3379 4845 alii

1806 4878 2065 4936 sacriﬁcia
2089 4877 2345 4934 efferendi
2369 4877 2706 4944 accipiebant
2731 4891 2763 4930 a
2783 4876 3011 4931 Domino
3035 4886 3373 4947 potestatem.

1810 4971 1960 5026 Sicut
1988 4977 2232 5026 sanctum
2276 4967 2444 5023 David
2479 4974 2536 5022 et
2561 4973 2790 5023 caeteros
2829 4980 2986 5038 roges
3029 4977 3222 5026 unctos
3250 4971 3378 5038 ἰθεῖα

1885 5129 1910 5169 8
1942 5115 2119 5176 Tertio
2132 5119 2305 5188 capita
2321 5127 2505 5188 uestra.

1883 5190 1912 5228 ιι
1941 5189 2006 5270 In
2035 5183 2241 5270 nomine
2265 5187 2547 5267 Trinitatis.
2580 5183 2738 5265 Recte
2753 5185 3097 5270 .tertipumersi
3122 5193 3242 5246 estis
3261 5233 3276 5260 ,
3297 5196 3386 5262 qui

1885 5403 1900 5447 t
1938 5365 2154 5449 ὸέίῖιῖῖ
2170 5365 2461 5448 εἷ’
2495 5365 2685 5378 “”’““
2712 5365 2752 5404 ”έ

1884 5465 1909 5502 ιι
1937 5464 2207 5536 Regnandi
2235 5463 2289 5517 in
2317 5461 2504 5533 populo
2529 5458 2646 5514 Dei.

205 5639 228 5674 ⁸
249 5637 308 5696 In
327 5639 560 5696 editione
589 5638 776 5692 titulus
802 5643 884 5691 est
908 5633 926 5690 τ’
946 5637 1128 5694 Sermo
1152 5638 1216 5692 de
1243 5639 1480 5694 unctione
1508 5639 1690 5704 capitis
1727 5646 1776 5692 et
1795 5636 2005 5707 pedibus
2029 5634 2280 5693 lavandis.

367 5736 644 5796 Perses.
690 5731 880 5792 LVII.
