3896 6250
525 363 633 424 779

1722 361 1777 415 8.
1818 359 2059 415 MAXIM!
2099 358 2550 418 TAURINENSiS

3685 368 3773 425 730

526 495 647 534 mus
675 495 704 532 a
736 479 1030 549 pr0phetis,
1063 479 1207 535 ctde
1235 478 1453 549 privatis
1497 478 1548 532 in
1577 490 1729 546 reges
1753 485 1778 514 ⁸
1810 477 1932 532 oleo
1978 491 2104 531 san-
2135 476 2184 536 Α
2213 483 2410 547 tergere
2440 479 2597 532 linteo
2625 494 2723 549 quo
2752 489 2862 532 erat
2889 483 3200 550 pra’cinclus
3232 480 3418 551 (Joan.
3453 482 3573 551 xu).
3600 481 3663 535 Et
3685 499 3769 537 rur-

528 569 867 626 ctiﬁcationis
889 578 1144 624 mutatos.
1165 569 1314 625 Sicut
1337 577 1392 624 et
1407 577 1653 624 sanctum
1668 568 1845 622 Aaron
1870 582 1900 620 a
1923 566 2105 636 Moyse

527 666 748 713 unctum
798 658 1060 725 legimus,
1109 674 1176 714 ex
1224 659 1363 713 laico
1410 659 1464 711 in
1515 655 1848 711 sacerdotem
1891 654 2105 708 Domini

527 758 716 805 sancto
759 751 883 806 oleo
912 759 1304 806 consecratum.
1338 748 1493 804 Unde
1525 756 1580 803 et
1620 750 1674 802 in
1715 748 1921 818 psalmo
1950 747 2104 801 cani-

528 847 614 892 tur
643 857 656 891 :
689 839 836 894 Sicut
856 849 1166 909 unguentum
1195 843 1250 893 in
1278 840 1446 909 capite
1475 839 1609 909 quod
1635 838 1898 891 descendit
1917 838 1971 891 in
1993 837 2108 889 bar-

529 927 667 993 bam,
700 927 912 982 barbam
940 929 1116 982 Aaron
1147 928 1316 1000 (Psal.
1363 932 1577 996 cxxxn).
1610 927 1716 982 Sed
1759 927 1886 980 illud
1916 927 1970 980 in
1997 926 2105 980 Ve-

532 1019 631 1073 teri
680 1019 1024 1074 Testamento
1069 1020 1246 1074 oleum
1292 1021 1591 1089 temporale
1620 1033 1862 1087 regnum,
1905 1026 2107 1088 tempo-

529 1111 643 1165 rale
671 1111 1029 1166 sacerdotium
1049 1111 1357 1168 conferebat
1380 1113 1406 1151 δ
1439 1131 1454 1166 :
1481 1114 1536 1166 iu
1562 1113 1669 1167 hoc
1689 1112 1832 1166 enim
1857 1111 1966 1165 vita
1989 1117 2105 1164 erat

531 1198 601 1253 ad
630 1200 1036 1256 ministrandum
1066 1218 1358 1273 paucorum
1396 1217 1660 1256 annorum
1689 1201 1958 1256 curriculo
1990 1209 2102 1254 ter-

531 1291 763 1356 minata;
794 1293 897 1346 hoc
925 1301 1104 1346 autem
1133 1293 1382 1358 chrisma,
1423 1293 1478 1346 id
1516 1299 1597 1347 est
1624 1292 1742 1346 lucc
1764 1291 1943 1366 unctio
1984 1303 2102 1358 qua:

531 1379 682 1433 Vobis
710 1380 956 1448 imposita
985 1389 1086 1445 est,
1134 1394 1153 1420 ε
1182 1382 1322 1437 illius
1361 1382 1644 1436 sacerdotii
1674 1381 1901 1436 contulit
1928 1379 2105 1447 digni-

532 1476 696 1522 tatem
719 1509 734 1534 ,
786 1472 927 1539 quod
957 1487 1077 1526 cum
1107 1471 1276 1525 semel
1319 1472 1570 1526 collatum
1597 1469 1790 1536 fuerit,
1830 1483 2103 1536 nunquam

533 1568 615 1614 est
643 1560 930 1614 finiendum
962 1559 1009 1613 ά.
1045 1561 1233 1614 Mirum
1262 1569 1409 1616 certe
1437 1561 1581 1630 quod
1604 1561 1853 1628 diximus,
1883 1577 1983 1615 vos
2011 1560 2104 1615 illo

533 1650 822 1704 chrismate
866 1663 1088 1717 regnum
1131 1649 1322 1704 futurae
1366 1651 1591 1717 gloriae,
1639 1659 1694 1705 et
1743 1649 2102 1705 sacerdotium

531 1755 649 1802 esse
675 1749 994 1794 consecutos
1026 1750 1069 1790 ο.
1103 1739 1300 1792 Verum
1340 1756 1447 1792 non
1477 1754 1577 1807 ego
1605 1739 1792 1803 vobis,
1833 1739 1928 1793 sed
1972 1753 2104 1808 apo-

2207 586 2323 624 sum
2360 589 2372 622 :
2403 569 2687 641 Postquam
2715 581 2885 625 autem
2914 573 3038 625 lavit
3065 572 3218 641 pedes
3247 589 3454 638 eorum,
3484 574 3682 641 accepit
3706 591 3773 626 re-

2206 661 2445 714 stimenta
2475 677 2604 725 sua;
2634 672 2683 713 et
2725 677 2839 714 cum
2883 661 3198 715 recubuisset
3224 703 3239 728 ,
3287 663 3478 715 iterum
3513 663 3644 713 dixit
3673 663 3775 714 eis:

2207 748 2366 804 Scitis
2393 750 2518 820 quid
2547 753 2709 821 719
2743 753 2969 822 fecerim.
3008 751 3111 805 Vos
3140 754 3338 806 vocatis
3364 769 3448 805 me
3477 754 3717 821 magister
3740 764 3779 805 et

2204 836 2478 903 Dominus,
2501 848 2550 892 et
2573 841 2698 893 bene
2719 841 2908 893 dicitis.
2937 839 3064 894 Sum
3092 843 3303 894 etenim.
3328 841 3390 895 Si
3422 857 3549 912 ergo
3581 858 3671 910 ego
3693 842 3779 892 lati

2206 930 2359 1000 pedes
2395 940 2589 985 vestros
2631 930 2886 985 Dominus
2925 940 2976 984 et
3002 933 3266 1002 magister,
3310 942 3510 999 quanto
3555 934 3712 1001 nugis
3740 941 3779 983 et

2204 1037 2293 1075 vos
2321 1019 2517 1074 debetis
2554 1023 2858 1075 alterutrum
2883 1023 3058 1076 lavare
3084 1021 3286 1090 pedes!
3311 1021 3624 1091 Exeruplum
3660 1025 3775 1074 enim

2209 1113 2330 1166 dedi
2357 1113 2517 1179 vobis,
2541 1123 2596 1165 ut
2616 1113 3044 1184 quemadmodum
3071 1130 3163 1184 ego
3192 1115 3327 1184 facio
3348 1111 3512 1177 nobis,
3548 1114 3621 1164 ita
3641 1124 3688 1164 et
3707 1128 3776 1163 tot

2207 1202 2433 1272 faciatis.
2466 1201 2626 1254 Amen
2667 1218 2813 1254 amen
2842 1201 2956 1255 dico
3003 1200 3140 1254 vobis
3163 1243 3176 1266 ,
3221 1201 3342 1271 quia
3373 1217 3480 1254 non
3518 1210 3598 1252 est
3623 1216 3776 1251 serra:

2206 1290 2376 1359 major
2414 1291 2622 1344 domino
2661 1307 2774 1354 suo,
2817 1306 2909 1343 nec
2936 1289 3197 1359 apostolus
3230 1289 3403 1358 major
3431 1306 3493 1342 eo
3535 1291 3622 1359 qui
3657 1288 3776 1339 misit

2205 1396 2339 1433 eum.
2371 1379 2434 1433 Si
2463 1381 2571 1434 [nec
2595 1381 2761 1445 scitis,
2802 1379 2934 1434 beati
2962 1381 3109 1447 estis,
3152 1382 3196 1433 si
3237 1380 3463 1450 feceritis
3486 1395 3551 1432 ea
3584 1377 3774 1446 (Ibid).

2203 1468 2554 1524 Considerate
2582 1483 2731 1537 ergo,
2765 1468 2957 1524 fratres
2985 1468 3335 1532 dilectissimi,
3366 1467 3524 1535 cujus
3557 1465 3769 1520 infelici-

2207 1562 2364 1624 tatis,
2405 1554 2556 1628 cujus
2605 1560 2824 1614 insaniae
2853 1561 2958 1625 sit,
3011 1568 3068 1613 ut
3096 1560 3415 1626 dedignetur
3453 1573 3643 1612 servus
3671 1574 3775 1612 con-

2206 1667 2385 1716 servo,
2431 1651 2720 1721 discipulus
2749 1648 3116 1720 candiscipulo
3145 1651 3325 1703 lavare
3353 1649 3545 1718 pedes,
3576 1648 3774 1716 quando

2207 1744 2445 1797 omnium
2475 1743 2724 1797 dominus
2749 1748 2805 1797 et
2843 1742 3100 1809 magister
3141 1755 3423 1795 servorum
3467 1747 3524 1794 et
3553 1739 3773 1806 discipu-

527 1826 970 1891 stolus.Petrus,
1017 1828 1126 1881 imo
1156 1843 1252 1897 per
1295 1826 1516 1882 Petrum
1557 1827 1801 1883 Christus
1845 1828 2095 1883 collatam
2131 1829 2176 1892 Β
2201 1832 2376 1887 lorum
2414 1847 2634 1886 suorum
2680 1831 2844 1900 pedes
2891 1831 3071 1885 lavare
3105 1830 3352 1897 dignatus
3399 1836 3485 1882 est
3543 1830 3586 1880 ι,
3639 1826 3774 1893 Quod

527 1919 668 1971 hanc
712 1917 1019 1985 pronuntiat
1067 1916 1398 1985 dignitatem.
1444 1917 1534 1972 Sic
1578 1918 1720 1972 enim
1765 1918 2001 1986 loquitur
2032 1915 2100 1970 ad

530 2005 729 2067 ﬁdeles,
763 2005 814 2057 id
843 2011 924 2058 est
950 2004 1016 2057 ad
1045 2019 1140 2059 eos
1178 2006 1268 2073 qui
1297 2006 1616 2074 baptismate
1644 2007 1810 2059 abluti
1850 2013 1905 2060 et
1931 2007 2102 2061 chris-

526 2105 670 2150 mate
699 2098 996 2152 consecrati
1018 2106 1144 2152 sunt
1176 2117 1188 2152 :
1235 2099 1335 2151 Vos
1361 2108 1532 2152 autem
1557 2116 1714 2170 genus
1743 2099 1915 2169 regale
1934 2108 1983 2152 et
2009 2113 2101 2153 sae

526 2187 799 2252 cerdotale,
832 2205 955 2258 gens
982 2173 1195 2255 sancta,
1237 2189 1454 2258 populus
1492 2190 1875 2260 acquisitionis,
1918 2198 1974 2241 ut
2000 2189 2104 2242 vir-

527 2286 654 2331 tutes
685 2279 1000 2330 annuntietis
1039 2279 1150 2348 ejus
1198 2280 1283 2350 qui
1321 2279 1383 2332 de
1426 2278 1642 2333 tenebris
1681 2296 1769 2333 vos
1808 2281 2003 2334 vocavit
2043 2280 2100 2332 in

527 2365 831 2420 admirabile
860 2368 1027 2421 lumen
1067 2384 1214 2421 suum
1247 2367 1302 2439 (Ι
1328 2367 1466 2422 Petr.
1491 2368 1570 2438 ιι).
1598 2368 1945 2423 Considerate
1972 2376 2100 2437 ergo

527 2455 787 2508 honorem
818 2470 977 2523 quem
1023 2457 1076 2510 in
1115 2457 1207 2511 illo
1235 2457 1365 2511 estis
1404 2459 1660 2528 mysterio
1689 2457 1962 2512 consecuti
1986 2497 2000 2523 ,
2046 2458 2101 2511 et

525 2554 712 2600 cavete
740 2560 808 2599 ne
839 2545 975 2602 forte
1004 2548 1094 2616 qui
1126 2555 1248 2616 post
1273 2555 1492 2616 peccata
1531 2563 1628 2616 per
1654 2547 1978 2616 baptismum
2005 2546 2099 2601 lilii

524 2639 675 2706 regni
711 2638 834 2692 facti
865 2639 1018 2706 estis,
1041 2654 1253 2693 rursum
1280 2637 1572 2707 peccando,
1604 2637 1749 2706 quod
1777 2639 1934 2703 absit,
1966 2639 2099 2692 veli-

526 2730 594 2783 tis
621 2729 759 2805 ellici
791 2729 882 2783 filii
907 2730 1164 2798 gehennae
1197 2728 1235 2783 τ.
1270 2729 1505 2798 impletis
1532 2743 1710 2783 autem
1737 2730 1986 2785 omnibus
2013 2744 2102 2783 sa-

524 2819 834 2885 cramentis,
858 2819 1018 2872 etiam
1047 2828 1070 2864 δ
1099 2816 1410 2871 mandatum
1438 2817 1637 2870 Christi
1665 2817 1818 2873 vobis
1841 2826 1897 2871 et
1916 2833 2098 2872 exem-

523 2908 614 2978 plo
635 2916 690 2961 et
708 2919 959 2962 sermone
980 2906 1312 2962 tradidimus.
1329 2906 1581 2961 Lavimus
1602 2907 1746 2960 enim
1768 2907 2097 2975 singulorum

522 2996 726 3065 pedes,
775 2996 843 3049 ad
909 2996 1263 3050 imitationem
1307 3010 1402 3049 vos
1447 3003 1715 3059 nostram,
1770 2995 1877 3049 imo
1934 2995 2098 3063 ipsius

521 3083 732 3141 Domini
753 3095 807 3141 et
822 3087 1112 3141 Salvatoris
1135 3087 1302 3141 nostri
1315 3102 1411 3140 vos
1432 3094 1816 3152 provocantes;
1841 3094 1899 3139 ut
1919 3101 2099 3154 quem-

2206 1937 2316 1977 non
2338 1920 2552 1975 aliunde
2570 1935 2731 1989 quam
2753 1920 2820 1974 de
2847 1919 3223 1974 incredulitate
3252 1919 3435 1971 evenit
3463 1917 3776 1970 futurorum.

2206 2012 2264 2065 Si
2291 2012 2435 2065 enim
2462 2024 2590 2065 vere
2635 2017 2690 2064 et
2739 2016 2855 2064 toto
2882 2009 3062 2062 animo
3107 2008 3448 2062 crederemus
3475 2048 3492 2073 ,
3542 2021 3644 2074 per
3679 2006 3777 2058 haec

2205 2101 2416 2156 Domini
2442 2104 2708 2169 prmeepta
2727 2139 2740 2164 ,
2774 2113 2893 2167 quae
2939 2098 3089 2152 brevi
3131 2104 3247 2150 toto
3271 2097 3398 2148 vita:
3429 2104 3628 2149 nostrae
3659 2102 3776 2147 tem~

2202 2205 2334 2260 pore
2361 2189 2714 2253 custodimus,
2754 2188 2820 2242 ad
2860 2195 3060 2242 :eterna
3091 2194 3144 2239 et
3171 2185 3413 2240 cmlestia
3441 2200 3544 2238 nos
3574 2186 3774 2253 prmmia

2201 2280 2518 2350 pervenire;
2569 2287 2676 2334 n‘on
2718 2277 2891 2332 solum
2959 2291 3066 2330 non
3112 2275 3558 2329 erubesceremus
3613 2273 3773 2326 oiunia

2204 2387 2367 2440 opera
2395 2371 2713 2426 humilitatis
2757 2368 3059 2438 implendo,
3103 2381 3286 2421 verum
3318 2365 3484 2419 etiam
3531 2363 3772 2430 gloriare-

2203 2474 2344 2513 mur.
2400 2442 2791 2513 C'ommehdafe
2832 2469 2961 2524 ergo
3008 2453 3234 2508 ﬁrmiter
3268 2452 3553 2507 memor-im
3601 2457 3776 2505 vestr:

2203 2547 2348 2616 quod
2392 2546 2616 2600 audistis
2658 2560 2688 2598 a
2715 2544 2895 2616 nobis,
2929 2551 2983 2597 et
3011 2542 3154 2612 quod
3195 2542 3382 2604 nobis,
3417 2540 3529 2594 imo
3560 2539 3777 2594 Domino

2202 2636 2544 2706 promisistis.
2595 2634 2708 2689 Nec
2755 2633 2865 2688 ulla
2893 2648 3130 2701 unquam
3181 2630 3458 2684 tribulatio
3507 2629 3772 2698 prmsentis

2201 2729 2326 2782 vitm
2371 2726 2803 2781 recordationem
2851 2723 3000 2777 vobis
3047 2730 3238 2776 vestrm
3283 2718 3493 2774 auferat
3540 2719 3772 2787 sponsio-

2200 2818 2307 2872 nis.
2339 2815 2362 2854 ’ί
2395 2815 2617 2886 lmplete
2657 2814 2836 2869 omnia
2865 2827 2983 2881 qum
3021 2811 3243 2864 audistis
3289 2809 3573 2879 imperari.
3615 2808 3774 2862 Nolite

2201 2906 2404 2962 similes
2451 2904 2592 2959 efﬁci
2621 2903 2822 2972 populo
2849 2900 3173 2965 Iudaeorum,
3206 2899 3296 2966 qui
3341 2914 3465 2953 cum
3507 2898 3770 2952 audissent

2201 3005 2472 3068 precepts
2504 2995 2635 3060 Dei,
2684 3001 2833 3047 recte
2861 2992 3078 3061 quidem
3105 2992 3359 3046 dixerunt
3391 3006 3405 3041 :
3450 2987 3645 3041 Omnia
3676 3003 3772 3058 qua

2204 3087 2468 3141 mandavit
2507 3084 2653 3137 nobis
2699 3082 2950 3136 Dominus
2988 3081 3253 3134 audiemus
3277 3120 3294 3145 ,
3334 3086 3384 3132 et
3415 3079 3666 3148 faciemus
3716 3093 3771 3129 ea

514 3175 808 3231 admodum
856 3193 955 3231 nos
999 3186 1210 3232 vestros
1267 3177 1432 3246 pedes
1479 3177 1735 3241 lavimus,
1765 3200 1772 3206 -
1802 3177 1876 3230 ita
1931 3178 2094 3231 etiam
2122 3159 2169 3222 ε
2201 3176 2398 3248 (Exod.
2445 3175 2594 3245 nx);
2636 3173 2730 3229 sed
2782 3172 2927 3248 quod
2971 3173 3112 3227 bene
3142 3171 3502 3240 promiserant
3531 3169 3771 3236 neglexe-

520 3275 620 3320 vos
647 3265 812 3334 pedes
841 3266 1064 3319 fratrum
1094 3274 1149 3320 et
1169 3264 1437 3335 hospitum
1477 3265 1659 3320 lavare
1687 3265 1947 3320 debeatis.
1977 3265 2093 3320 Non

521 3358 696 3413 solum
720 3373 814 3412 vos
837 3357 1129 3427 hospitales
1159 3371 1277 3412 esse
1303 3357 1576 3422 docemus,
1603 3357 1698 3412 sed
1726 3357 1886 3412 etiam
1913 3358 2092 3412 humi-

522 3445 622 3515 les,
648 3447 721 3500 ita
745 3447 1073 3501 honorantes
1094 3461 1229 3515 quos
1252 3446 1304 3500 in
1327 3453 1502 3501 vestra
1518 3446 1826 3515 suscepistis
1838 3446 2088 3516 hospitia,

521 3546 581 3591 ut
606 3550 730 3604 erga
759 3552 852 3591 eos
878 3551 1154 3592 servorum
1183 3534 1211 3572 ιι
1241 3551 1498 3591 exercere
1522 3552 1627 3592 non
1659 3538 1992 3592 erubescatis
2020 3537 2094 3593 of-

521 3626 719 3681 ﬁcium.
751 3624 904 3691 Quod
935 3641 1001 3680 ne
1028 3626 1128 3680 sibi
1174 3625 1490 3694 iniuriosum
1520 3629 1639 3696 quis
1665 3635 1855 3696 putet,
1900 3636 1955 3682 et
1980 3629 2094 3683 dia-

519 3715 699 3771 bolico
727 3715 940 3769 inllatus
966 3727 1202 3780 tumore,
1247 3717 1557 3771 mandatum
1587 3718 1796 3773 Domini
1824 3719 2000 3775 facere
2024 3735 2098 3776 ne

520 3804 869 3871 dedignatur;
913 3803 923 3840 ί
958 3811 1013 3858 et
1050 3806 1299 3872 quamvis
1338 3806 1428 3860 ille
1457 3807 1509 3859 in
1537 3807 1735 3861 saaculo
1766 3807 1960 3863 nobilis
2000 3809 2090 3878 sit,

517 3894 768 3965 pauperis
804 3902 858 3947 et
896 3893 948 3946 in
975 3894 1078 3948 hoc
1118 3895 1313 3948 saeculo
1358 3896 1776 3964 contemptibilis
1805 3894 2094 3952 Christiani

520 3984 700 4036 lavare
729 3982 891 4052 pedes
915 3998 1022 4037 non
1068 3985 1372 4039 erubescat.
1404 3985 1503 4049 Qui
1533 3994 1587 4039 et
1628 3987 1731 4042 hoc
1758 3989 2012 4058 praecepit
2035 3996 2090 4044 et

521 4071 665 4138 fecit,
700 4074 806 4126 imo
827 4081 1112 4142 antequam
1142 4075 1475 4142 praeciperet,
1507 4075 1681 4131 facere
1710 4077 1956 4145 dignatus
1987 4085 2086 4132 est.

520 4162 793 4231 Siquidem
821 4163 1078 4232 prmmisit
1105 4165 1407 4233 exemplum
1433 4205 1447 4230 ,
1497 4174 1555 4220 ut
1582 4166 1788 4222 facilius
1818 4183 2090 4223 commen-

521 4255 673 4307 daret
701 4255 1000 4322 imperium.
1049 4253 1140 4308 Sic
1169 4255 1310 4308 enim
1357 4256 1410 4308 in
1438 4254 1730 4324 Evangelio
1771 4259 1995 4327 legimus
2024 4261 2092 4315 de

523 4342 748 4396 Domino
777 4340 898 4396 Jesu
945 4361 958 4394 :
998 4342 1214 4409 Sciens,
1263 4345 1452 4411 inquit,
1494 4347 1628 4414 quod
1667 4349 1841 4400 omnia
1879 4349 2017 4403 dedit
2044 4352 2090 4404 ei

522 4429 682 4484 Pater
710 4433 762 4482 in
792 4447 992 4495 manus,
1020 4441 1068 4483 et
1095 4434 1213 4501 quia
1238 4449 1268 4484 a
1297 4432 1407 4485 Deo
1439 4436 1616 4497 exivit,
1645 4445 1694 4487 et
1723 4438 1791 4488 ad
1814 4437 1979 4492 Deum
2003 4457 2092 4493 va-

2197 3275 2345 3323 runt.
2392 3266 2719 3321 Placuerunt
2746 3266 2889 3319 enim
2933 3265 3046 3319 Deo
3081 3264 3098 3301 ὶ
3147 3264 3402 3331 quoniam
3440 3278 3499 3317 se
3530 3261 3772 3315 mandata

2197 3361 2314 3429 ejus
2358 3366 2668 3413 servaturos
2714 3357 3096 3426 promiserunt.
3144 3353 3237 3408 Sic
3281 3353 3498 3421 quidem
3556 3353 3770 3419 legimus

2196 3451 2394 3505 dixisse
2434 3447 2503 3502 ad
2548 3446 2769 3517 Moysen
2798 3445 3056 3514 populum
3100 3442 3302 3497 Israel:
3349 3441 3572 3503 Accede,
3608 3447 3686 3503 tu,
3728 3444 3771 3490 et

2196 3541 2320 3594 audi
2346 3541 2520 3595 omnia
2541 3544 2579 3574 ω
2600 3546 2791 3610 quanta
2821 3537 3043 3604 loquitur
3069 3533 3321 3588 Dominus
3351 3532 3491 3586 Deus
3513 3543 3687 3585 noster
3708 3531 3770 3581 ad

2198 3639 2275 3696 te;
2319 3639 2369 3684 et
2396 3638 2448 3682 tu
2495 3629 2717 3698 loqueris
2745 3626 2814 3679 ad
2861 3642 2956 3680 nos
2985 3625 3159 3678 omnia
3204 3631 3398 3694 quanta
3444 3621 3670 3691 loquitur
3705 3619 3764 3671 ad

2195 3722 2357 3794 720
2384 3734 2479 3774 nos
2508 3717 2761 3772 Dominus
2783 3715 2922 3770 Deus
2945 3724 3152 3779 noster;
3175 3723 3224 3768 et
3244 3713 3529 3775 audienti“,
3547 3721 3596 3764 et
3623 3710 3767 3780 facie-

2194 3829 2328 3867 mus.
2363 3809 2432 3864 Et
2451 3810 2586 3863 dixit
2605 3807 2675 3859 ad
2705 3805 2922 3876 Moysen
2949 3803 3204 3858 Dominus
3226 3819 3244 3856 :
3269 3801 3454 3854 Audiri
3474 3816 3645 3854 secem
3670 3815 3766 3852 ser-

2194 3916 2403 3955 manum
2434 3897 2609 3968 pepuli
2640 3895 2790 3964 hujus
2815 3933 2830 3959 ,
2872 3901 3066 3963 quanta
3107 3892 3264 3945 locuti
3302 3898 3441 3944 sunt.
3473 3888 3602 3952 Quis
3637 3889 3767 3940 dabit

2195 4007 2284 4045 cor
2311 4003 2484 4044 eorum
2514 3989 2588 4041 sic
2615 4002 2726 4039 esse
2752 3987 2806 4039 in
2838 3987 2930 4048 eis,
2961 3992 3016 4036 ut
3042 3991 3270 4036 metuant
3305 3999 3404 4044 me,
3437 3992 3487 4034 et
3514 3981 3767 4035 observent

2194 4090 2454 4152 prmcepta
2482 4095 2594 4132 mea
2623 4075 2857 4132 omnibus
2900 4075 3117 4130 diebus?
3165 4073 3498 4128 Placuerunt
3539 4087 3686 4140 ergo,
3715 4080 3764 4124 nt

2194 4173 2451 4238 diximus,
2499 4171 2630 4234 Deo,
2667 4177 2693 4205 ιι
2722 4167 2978 4238 quoniam
3016 4166 3242 4235 polliciti
3271 4171 3396 4218 sunt
3437 4179 3496 4218 se
3523 4163 3761 4218 mandata

2195 4260 2312 4329 ejus
2358 4274 2478 4315 esse
2506 4260 2743 4312 facturos
2769 4297 2784 4322 ,
2833 4255 2928 4309 sed
2956 4254 3363 4322 displicuerunt,
3395 4253 3648 4320 quoniam
3675 4266 3762 4320 po-

2195 4353 2295 4408 sita
2315 4350 2417 4405 sibi
2441 4347 2713 4411 mandata,
2741 4353 2798 4398 et
2817 4359 2935 4413 quae
2961 4344 3323 4413 promiserunt
3344 4357 3581 4405 servare,
3603 4349 3761 4394 trans-

2196 4441 2365 4510 gressi
2388 4445 2528 4492 sunt.
2561 4437 2639 4490 De
2668 4434 2796 4504 ipsis
2822 4433 2964 4488 enim
2995 4433 3255 4501 propheta
3277 4432 3518 4501 loquitur
3547 4432 3717 4486 dicens
3744 4447 3758 4480 :

520 4522 625 4586 dit,
653 4523 817 4591 surgit
855 4539 886 4574 a
915 4539 1080 4585 cmua,
1110 4533 1157 4575 et
1186 4526 1355 4594 posuit
1393 4526 1690 4579 vestimenta
1717 4545 1850 4593 sua;
1890 4540 1939 4582 et
1973 4548 2086 4586 cum
2119 4509 2168 4570 D
2193 4509 2493 4587 Dilexerunt
2523 4543 2638 4580 eum
2665 4527 2718 4578 in
2744 4540 2832 4578 ore
2861 4539 2974 4586 suo,
3007 4530 3057 4576 et
3095 4522 3276 4592 lingua
3305 4538 3400 4574 sua
3429 4524 3630 4574 mentiti
3654 4531 3764 4575 sunt

521 4613 796 4681 accepisset
824 4612 1084 4670 lienteum.
1113 4615 1384 4681 precinxit
1412 4631 1484 4667 se.
1511 4615 1710 4669 Deinde
1737 4620 1876 4672 misit
1903 4639 2088 4692 aquam

2191 4626 2239 4678 ei
2281 4621 2452 4692 (Psal.
2496 4617 2716 4686 Lxxvn).
2761 4614 2875 4670 Hoc
2904 4621 2988 4668 est
3019 4612 3161 4667 enim
3201 4621 3227 4647 °
3271 4627 3368 4666 ore
3396 4627 3554 4677 eum,
3584 4623 3636 4668 et
3662 4627 3757 4666 non

522 4704 578 4756 in
605 4701 807 4771 pelvim,
846 4710 895 4754 et
933 4703 1080 4771 coepit
1109 4702 1279 4756 lavare
1318 4703 1470 4772 pedes
1499 4704 1885 4773 discipulorum.
1921 4721 1971 4764 et
1997 4729 2091 4767 ea:—
2185 4712 2350 4769 eorde
2377 4709 2599 4776 diligere
2631 4723 2644 4758 ε
2674 4704 2820 4773 quod
2863 4703 3189 4773 Ρτοῐηίιιυηι
3215 4716 3278 4756 50
3306 4701 3404 4756 υεί
3445 4703 3758 4758 minume!“

594 4843 619 4870 ⁸
653 4831 766 4902 Olei
795 4834 958 4887 sancti
962 4833 1221 4902 ﬁcatione.

593 4902 620 4940 δ
651 4901 716 4956 1η
745 4901 969 4956 hac”...
993 4905 1313 4956 terminatur.

595 4983 618 5046 ξ
831 4971 968 5046 vobis
993 4974 1155 5041 regni,
1187 4973 1327 5025 illius
1347 4974 1622 5028 sacerdotii
1649 4980 1882 5046 contulit,
1915 4985 2019 5040 etc.

590 5039 618 5077 ιι
650 5039 916 5109 Miramini
939 5039 1088 5109 forte.

596 5120 618 5145 ε
653 5108 704 5191 1f
704 5126 800 5191 pn.
812 5126 907 5191 ego
936 5108 1099 5176 vobis,
1131 5108 1283 5163 deest
1310 5127 1500 5178 verum,
1540 5114 1734 5172 deinde
1763 5136 1854 5184 per
1881 5131 2092 5191 aposto-

522 5180 626 5232 lum
654 5177 905 5230 Christus.

599 5247 617 5324 ξ
653 5244 915 5324 Quomodo
944 5250 1079 5324 enim
1102 5249 1264 5324 irasci
1291 5253 1480 5317 putatis
1508 5250 1694 5319 Deum,
1725 5256 1769 5309 si
1797 5265 1912 5324 post
1941 5259 2091 5313 bene-‘-

521 5317 655 5396 ﬁcia‘
672 5317 802 5383 ejus,
834 5326 948 5396 post
966 5317 1868 5396 indulgentiampeccatorum‘peli'tis
1891 5328 1958 5378 ad
1981 5345 2096 5396 pec-

523 5384 741 5437 candum
770 5389 968 5462 reverti,
985 5395 1048 5462 _et
1072 5384 1158 5456 qui
1198 5384 1431 5453 adoptati
1455 5392 1574 5462 es_tis
1601 5393 1655 5443 in
1682 5391 1777 5446 Dei
1801 5395 1960 5462 filios,
1982 5384 2090 5448 'ite-

523 5470 636 5507 rum
677 5456 824 5524 (μιαεὶ
869 5459 1016 5519 servi,
1049 5465 1426 5510 contemnentes
1479 5458 1644 5512 Deum
1669 5456 1843 5515 uelitis
1900 5464 2094 5519 diaboli

523 5525 699 5594 facere
713 5524 823 5576 colu
829 5540 860 5576 ιι
866 5533 1040 5578 tatem.

592 5601 618 5663 ε
650 5592 955 5663 Mandatum
983 5594 1136 5659 vobis,
1163 5600 1518 5663 etiexemplum
1547 5599 1872 5653 tradidimus.

592 5660 1167 5736 l1_._Se‘rtu)_rumimplere.
1197 5662 1344 5725 Quod
1371 5660 1414 5717 si
1438 5667 1758 5736 injuriosum‘
1778 5670 1888 5736 quis
1918 5678 2086 5736 putat,

530 5738 576 5780 ct
610 5731 853 5785 diabolici
879 5731 1091 5800 inﬂatus
1121 5745 1315 5787 tumore
1343 5731 1644 5788 mandatum
1682 5731 1890 5790 Datnini
1911 5731 2091 5798 facere

2195 4845 2652 4986 i‘i‘ii‘f‘i‘iém
2680 4907 3086 4986 διιεένεβιεςιερ
3105 4903 3314 4986 milia
3347 4920 3616 4986 ραυνενςιι
3642 4912 3690 4955 ει
3711 4903 3756 4952 θ’

2199 4984 2293 5036 hoc
2325 4973 2511 5034 alecula
2534 4976 2940 5046 contemptibiles
2965 4973 3249 5046 Christiani
3271 4975 3447 5026 lauare
3465 4973 3621 5041 pedes
3645 4987 3756 5024 eru-

2197 5051 2372 5118 bescit,
2401 5049 2486 5118 qui
2512 5055 2560 5118 et
2583 5047 2677 5118 hoc
2700 5044 2940 5118 praecepit
2959 5052 3008 5118 et
3037 5044 3176 5111 fecit,
3199 5049 3308 5118 etc.

2271 5117 2293 5168 ι
2338 5107 2471 5172 Cod.
2511 5116 2576 5169 de
2615 5107 2890 5183 Appannis
2916 5107 3077 5166 habet
3117 5111 3420 5183 :_dignatu_s
3450 5117 3550 5183 est.
3581 5107 3674 5162 Ille
3707 5122 3756 5158 se

2197 5187 2482 5240 humiliavit
2503 5178 2855 5254 inferioribus,
2884 5198 2977 5254 nos
3002 5195 3125 5254 vero
3144 5178 3409 5254 humiliari
3429 5178 3754 5254 dedignamur

2194 5247 2713 5380 ﬁquatlibusi‘tl'zepe
2739 5249 3051 5374 mgéingus.
3085 5247 3236 5311 Quod
3265 5264 3374 5302 non
3400 5247 3626 5311 aliunde,
3653 5254 3750 5299 etc.

2241 5341 2272 5378 a
2300 5340 2331 5378 e
2357 5339 2460 5377 tam
2605 5336 2664 5374 us
2691 5337 2762 5374 tm
2851 5336 2864 5372 ι
2950 5358 2963 5370 .

2691 5337 2762 5372 Im
2782 5336 2963 5372 θαιιιο.

2219 5335 2272 5378 ta
2300 5333 2460 5378 etiam
2485 5333 2762 5388 Augustini
2782 5333 2963 5374 editio.

2239 5393 2295 5469 _"
2322 5391 2539 5458 lmplete
2567 5391 2740 5443 omnia
2769 5403 2882 5469 qua:
2903 5386 3119 5469 audistis
3148 5385 3406 5457 imperia;
3437 5384 3748 5450 unpleasa-

2197 5463 2285 5537 nia
2311 5469 2479 5537 vestra
2503 5475 2630 5537 .qua:
2654 5463 2980 5537 promisistis.

2273 5527 2290 5566 ι
2325 5527 2543 5591 Quando
2566 5543 2670 5648 (pro
2698 5527 2960 5597 quoniam.

2269 5608 2305 5634 ω
2332 5597 2538 5675 Quanta
2586 5598 2787 5675 aquitur
2813 5595 2879 5646 ad
2900 5610 2988 5647 vos
3009 5591 3280 5675 Dominus,
3304 5599 3412 5646 etc.

2269 5675 2294 5772 ἒ
2328 5658 2754 5789 guargloquidem
2791 5678 2890 5734 pro
2918 5664 3197 5734 quoniam;
3225 5661 3301 5716 ita
3327 5658 3494 5732 paulo
3518 5664 3656 5730 post.

2377 5753 2430 5789 re
2510 5752 2642 5788 cum.

2271 5743 2294 5772 °
2328 5743 2430 5789 Ure
2459 5743 2642 5788 Deum.
