3896 6250
99 398 185 453 781
1106 388 1515 446 TRACTATUS
1553 388 1642 443 iV.
1683 384 1956 443 CONTRA
2008 386 2342 442 PAGANOS.
3256 387 3366 442 782

95 526 208 567 esse
234 509 516 576 facturos,
568 509 902 565 mentiuntur
929 507 1124 575 lingua,
1170 515 1225 560 et
1272 506 1340 559 ad
1367 503 1668 559 faciendam
1701 507 1745 564 Α
1775 501 1874 556 dor
1916 501 2155 555 dentium
2187 498 2400 568 (Matth.
2450 499 2595 569 vni);
2640 501 2730 554 ubi
2771 500 2907 554 sicut
2947 501 3064 569 ipse
3106 499 3362 556 Dominus

95 600 290 654 diaboli
335 598 617 667 refugiunt
645 597 1006 663 voluntatem;
1057 596 1482 664 omnipotentem
1509 593 1678 648 Deum
1774 591 1850 645 ait
1889 608 1902 642 :
1944 589 2143 643 Vermis
2163 605 2338 642 eorum
2377 605 2480 642 non
2510 591 2775 654 morietur,
2805 601 2855 643 et
2891 591 3028 661 ignis
3056 606 3233 643 eorum
3258 608 3362 645 non

96 688 160 743 ad
187 687 526 743 iracundiam
556 686 915 757 provocantes
936 725 971 750 ,_
994 685 1085 754 qui
1126 699 1185 738 se
1212 683 1422 738 irrideri
1450 691 1556 737 non
1584 697 1682 752 pa—
1774 684 2137 752 exstinguetur
2162 680 2354 752 (Marc.
2387 681 2483 752 nr).
2519 691 2544 719 ι
2575 681 2682 736 Nos
2710 690 2889 735 autem
2914 724 2928 748 ,
2971 681 3163 736 fratres
3191 682 3363 738 dilec-

97 778 238 831 titur.
281 775 388 842 Qui
416 790 546 830 cum
587 784 645 830 et
672 790 838 845 opera
878 775 1153 828 hominum
1181 774 1477 842 quamlibet
1505 774 1557 827 in
1588 787 1680 827 oc—
1777 772 1988 837 tissimi,
2017 771 2287 826 credimus
2316 771 2371 824 in
2396 771 2613 825 nomine
2633 769 2868 838 Domini,
2899 768 3046 840 quod
3071 789 3179 827 non
3211 783 3361 827 tran-

95 866 236 923 culto
265 866 412 920 iacta
440 864 771 934 conspiciat;
817 865 908 932 qui
932 879 1054 918 cum
1079 863 1240 917 verba
1283 863 1462 918 omnia
1492 877 1683 931 quam-
1776 863 1964 920 sitorie
1996 863 2227 918 audiatis
2253 864 2416 918 verba
2440 872 2642 930 nostra,
2675 865 2784 919 imo
2812 865 3010 930 divina,
3042 867 3186 934 quia,
3220 868 3362 935 quod

95 956 219 1011 libet
263 964 486 1010 secreto
531 953 918 1009 insusurrantis
955 953 1167 1017 audiat;
1215 953 1308 1020 qui
1337 965 1460 1006 cum
1506 950 1683 1005 omnis
1774 953 1929 1009 vobis
1960 953 2218 1020 dicimus,
2252 969 2318 1008 ex
2348 955 2548 1010 sanctis
2587 962 2643 1008 et
2671 955 2865 1009 divinis
2894 955 3124 1023 eloquiis
3151 965 3357 1012 mutua-

93 1045 330 1101 omninm
380 1044 746 1113 cogitationes
772 1043 1033 1111 intelligat
1077 1050 1133 1097 ει
1159 1049 1484 1110 cognoscat.
1524 1055 1678 1094 seve-
1777 1061 1914 1099 mur.
1945 1045 2235 1114 Speramus
2275 1046 2330 1099 in
2370 1046 2598 1100 Domino
2636 1045 2780 1114 quod
2804 1046 3012 1103 facietis
3040 1048 3218 1102 omnia
3243 1064 3362 1116 quzu

93 1135 300 1189 rissime
328 1133 623 1202 iudicabit.
649 1133 750 1200 Qui
778 1134 866 1188 hic
892 1133 1014 1189 ideo
1051 1141 1161 1188 non
1188 1147 1404 1202 semper
1431 1139 1674 1187 contem-
1782 1133 2123 1202 promisistis,
2157 1133 2182 1171 δ
2205 1132 2494 1202 adjuvaute
2519 1149 2616 1188 vos
2646 1135 2700 1188 in
2735 1134 2864 1203 ipsis
2884 1136 3083 1190 sanctis
3113 1137 3366 1205 operibus

95 1233 275 1295 ptores
303 1237 438 1279 suos
468 1223 642 1294 punit,
672 1224 798 1292 quia
828 1224 883 1277 in
919 1224 1097 1278 futuro
1125 1223 1360 1277 decrevit
1388 1236 1507 1276 esse
1529 1217 1676 1289 judio
1779 1221 1993 1276 Domini
2029 1222 2206 1276 nostri
2232 1220 2361 1276 Jesu
2391 1222 2589 1278 Christi
2630 1223 2801 1292 gratia
2829 1241 2842 1276 :
2875 1223 2961 1278 cui
3003 1231 3087 1278 est
3112 1225 3282 1292 gloria
3312 1235 3366 1278 et

97 1316 254 1379 cium,
287 1315 382 1369 ubi
411 1321 621 1368 eterna
660 1312 1038 1368 condemnatio
1066 1320 1122 1368 et
1148 1320 1407 1383 perpetua
1434 1318 1680 1366 servatur
1780 1313 1956 1366 honor
1984 1328 2108 1367 cum
2147 1311 2308 1366 Patre
2336 1323 2390 1367 et
2416 1311 2620 1383 Spiritu
2661 1318 2849 1370 sancto
2879 1315 2933 1368 in
2963 1315 3158 1369 saecula
3197 1331 3366 1370 saecu-

94 1405 472 1474 peccatoribus
497 1418 658 1476 pmna
687 1420 702 1457 :
732 1403 806 1460 ibi
830 1401 943 1458 erit
957 1401 1113 1460 ﬂetus
1139 1403 1439 1467 oculorum,
1471 1409 1528 1456 et
1554 1401 1678 1456 stri-
1780 1401 1972 1457 lorum.
2003 1403 2194 1458 Amen.
2225 1402 2476 1473 Explicit.

1229 1555 1929 1644 TRACTATUS
2003 1563 2159 1646 IV-

1395 1693 1650 1746 CONTRA
1681 1694 1994 1748 PAGANOS.

164 1805 323 1874 721
352 1798 453 1857 Est
480 1795 810 1856 consuetudo
830 1797 998 1854 servis
1022 1797 1119 1852 Dei
1144 1810 1303 1852 omne
1322 1811 1458 1865 opus
1479 1796 1681 1850 bonum
1710 1799 1759 1858 B
1785 1797 1920 1850 riam
1945 1793 2113 1860 dedit,
2139 1805 2196 1851 et
2222 1794 2389 1851 Goliae
2409 1798 2696 1867 superbam
2726 1799 2956 1856 frontem
2983 1803 3121 1859 fastu
3149 1806 3374 1862 temeri-

94 1895 146 1948 in
173 1894 319 1949 dicto
343 1892 434 1947 vel
461 1892 515 1946 in
546 1890 709 1955 facto,
745 1889 802 1944 in
847 1887 1065 1944 nomine
1109 1886 1306 1942 Christi
1357 1899 1635 1940 assumere
1659 1925 1675 1952 ,

94 1985 234 2056 quod
259 1981 655 2057 perliciendum
681 1981 751 2036 sit
779 1981 844 2035 ad
873 1979 1100 2048 gloriam
1126 1977 1258 2044 Dei,
1309 1983 1565 2032 monente
1605 1975 1680 2029 ita

94 2075 353 2146 Apostolo
397 2080 458 2129 et
503 2071 717 2127 dicente
764 2089 777 2124 :
824 2067 1016 2125 Omnia
1053 2082 1368 2142 quacunque
1414 2068 1586 2139 facitis
1624 2067 1680 2119 in

95 2165 226 2218 dicto
251 2163 332 2217 vel
359 2165 526 2234 facta;
557 2161 732 2215 omnia
758 2162 812 2214 in
842 2160 1047 2214 nomine
1073 2155 1442 2227 Christijacite
1472 2155 1524 2226 (Ι
1555 2153 1676 2209 Cor.

96 2255 170 2323 ι).
202 2253 380 2309 Hodie
405 2253 628 2322 iuvante
665 2251 894 2307 Domino
939 2251 993 2304 in
1042 2249 1208 2320 ipsius
1235 2249 1456 2304 nomine
1482 2245 1682 2302 Christi

95 2345 396 2399 Salvatoris
425 2344 597 2398 nostri
624 2348 810 2398 contra
835 2339 1080 2409 Paganos
1107 2339 1277 2394 aciem
1300 2336 1612 2392 instruimus
1627 2343 1683 2391 et

97 2433 337 2488 cmicstia
368 2433 478 2486 tela
506 2438 802 2500 portamus,
828 2429 1074 2484 inimicos
1113 2427 1314 2482 Christi
1337 2427 1576 2482 veritatis
1599 2426 1684 2495 ja-

98 2523 230 2578 culis
250 2522 484 2586 ferituri,
513 2527 568 2573 et
597 2518 894 2575 contrarios
920 2519 1122 2582 hostes,
1145 2524 1202 2572 et
1227 2515 1463 2586 perfidia:
1484 2524 1680 2582 castra,

99 2620 153 2668 et
178 2615 545 2682 supervacuas
569 2617 745 2664 turres
772 2608 964 2680 crebro
992 2607 1159 2662 ariete
1187 2606 1313 2662 fidei
1339 2606 1680 2677 prostraturi,

99 2710 391 2770 sequentes
417 2698 689 2754 Christum
728 2697 942 2761 ducem,
974 2695 1258 2751 Dominum
1295 2696 1505 2755 scilicet
1531 2693 1685 2749 Chri-

96 2799 263 2857 stum,
307 2790 403 2858 qui
449 2797 506 2844 et
539 2800 638 2858 per
663 2785 844 2842 .lesum
893 2784 1060 2839 ﬁlium
1103 2783 1270 2851 Nave,
1315 2798 1683 2840 successorem

103 2876 292 2950 Moysi,
317 2878 536 2934 Iericho
559 2875 806 2946 superbae
840 2875 1071 2930 civitatis
1109 2888 1294 2929 muros
1321 2874 1603 2940 destruxit,
1630 2882 1685 2928 et

103 2984 199 3040 per
217 2969 499 3041 apostolos
525 2981 654 3023 suos
676 2965 836 3035 hujus
869 2964 1054 3018 mundi
1093 2964 1383 3018 elationem
1428 2963 1689 3018 extollen-

105 3069 211 3117 tem
257 3077 320 3117 se
368 3061 654 3115 adversum
693 3056 974 3112 scientiam
1012 3054 1130 3121 Dei,
1164 3069 1334 3125 usque
1379 3054 1449 3109 ad
1495 3053 1704 3108 funda-4

1788 1883 1913 1937 tatis
1939 1892 2194 1950 erectam,
2224 1887 2432 1954 potenti
2459 1887 2656 1941 virtute
2693 1889 2908 1957 dejecit.
2959 1891 3057 1946 Hic
3087 1893 3229 1948 Deus
3267 1911 3362 1949 no-

1779 1980 1908 2037 ster,
1941 1973 2028 2028 hic
2055 1973 2299 2029 Christus
2329 1985 2429 2038 est,
2457 1975 2709 2030 Dominus
2751 1988 3021 2033 conterens
3053 1981 3204 2048 bella,
3252 1982 3361 2038 θος

1779 2064 1952 2117 minus
1981 2081 2168 2118 nomen
2213 2075 2288 2118 ext
2326 2066 2404 2119 illi
2445 2065 2665 2135 (Iudith.
2696 2069 2832 2138 xvr),
2878 2071 2968 2139 qui
2999 2088 3097 2140 pro
3127 2090 3223 2128 suo
3266 2091 3360 2129 no-

1781 2154 1925 2208 mine
1950 2154 2309 2222 pugnantibus
2336 2156 2498 2225 722
2526 2158 2695 2211 servis
2736 2159 2866 2224 suis,
2899 2167 2954 2214 et
3000 2159 3240 2231 praelium
3270 2181 3365 2234 pro

1786 2245 2017 2298 veritate
2041 2246 2374 2300 sumentibus
2401 2261 2614 2315 semper
2643 2248 2859 2318 adiutor
2900 2266 3020 2306 esse
3067 2257 3366 2310 consuevit.

1783 2334 1946 2388 Aiunt
1967 2349 2095 2404 ergo
2124 2336 2316 2404 pagani
2362 2335 2471 2390 fato
2501 2338 2680 2392 omnia
2731 2338 2867 2407 ﬁeri,
2915 2350 2971 2395 et
3015 2343 3158 2398 circa
3201 2345 3370 2412 genus

1783 2425 2076 2478 humanum
2108 2432 2278 2478 totum
2313 2433 2434 2479 eSse
2481 2426 2644 2480 ﬁxum
2693 2435 2748 2481 et
2789 2429 3064 2484 immobile
3111 2433 3368 2501 quidquid

1784 2514 1950 2567 fatum
1998 2514 2246 2568 habuerit
2270 2515 2350 2568 vel
2398 2515 2694 2581 decretum,
2727 2524 2781 2571 et
2821 2519 2954 2572 nihil
2994 2518 3202 2589 pre'ces,
3237 2523 3370 2576 nihil

1785 2604 2058 2658 orationes
2087 2604 2283 2659 valere.
2317 2603 2519 2670 Quibus
2547 2607 2719 2673 primo
2747 2608 2985 2662 breviter
3013 2604 3370 2676 dieimus',ve-

1785 2697 1863 2751 lut
1889 2713 1996 2752 uno
2019 2696 2368 2764 aratro.iidei,
2401 2708 2455 2752 et
2482 2711 2686 2754 securae
2713 2702 2952 2756 veritatis
2975 2711 3142 2757 totam
3170 2707 3371 2760 erroris

1786 2801 1972 2843 eorum
1993 2801 2194 2843 circum
2224 2789 2582 2845 abscindimus
2611 2800 2666 2845 et
2693 2792 3052 2849 subvertimus
3079 2796 3285 2849 silvam.
3312 2797 3368 2851 Si

1787 2878 1917 2931 nihil
1947 2890 2076 2946 ergo
2095 2893 2286 2947 preces
2310 2879 2396 2933 vel
2440 2882 2715 2936 orationes
2743 2882 2941 2945 valent,
2991 2900 3023 2938 ο
3067 2887 3279 2954 pagani,
3313 2898 3370 2942 et

1785 2973 1961 3020 totum
1995 2965 2159 3019 ﬁxum
2200 2973 2301 3032 est,
2335 2974 2393 3020 ut
2421 2967 2598 3022 dicitis
2622 3008 2636 3036 ,
2665 2969 2808 3037 quod
2836 2970 3004 3024 fatum
3048 2972 3254 3028 dederit
3282 2977 3369 3029 vel

1786 3055 2085 3121 decretum,
2110 3071 2208 3109 cur
2233 3071 2331 3110 vos
2374 3055 2506 3112 deos
2554 3066 2607 3111 et
2654 3058 2782 3113 deas
2821 3056 3032 3115 colitis?
3075 3062 3184 3117 Cur
3212 3064 3370 3120 idolis

107 3159 284 3208 menta
314 3146 531 3220 dejecit.
573 3147 686 3217 Age
714 3160 857 3201 nunc
883 3144 1316 3213 contemplemur
1347 3144 1480 3198 istos
1524 3157 1696 3212 paga-
1717 3144 1762 3208 C
1793 3144 2119 3198 immolatis?
2141 3143 2251 3198 Cur
2288 3159 2502 3213 preces,
2534 3155 2588 3200 et
2615 3147 2768 3201 thura
2800 3192 2815 3215 ,
2865 3158 2921 3203 et
2965 3151 3227 3217 victimas,
3271 3171 3369 3209 cur

107 3258 222 3306 nos,
255 3251 313 3297 et
359 3254 550 3296 eorum
593 3236 918 3294 assertiones
965 3233 1019 3288 in
1053 3233 1288 3287 medium
1329 3231 1686 3302 proferamus.

108 3335 269 3388 Aiunt
307 3331 503 3404 pagani
522 3330 631 3384 fato
653 3328 830 3383 omnia
862 3325 998 3391 ﬁeri,
1029 3327 1046 3357 ¹
1077 3333 1132 3379 et
1160 3325 1291 3378 nihil
1319 3339 1522 3394 preces,
1555 3325 1690 3378 nihil

109 3409 616 3486 orationesvalere;
666 3428 720 3473 et
767 3417 908 3472 idola
956 3416 1024 3471 ad
1052 3415 1276 3470 deorum
1321 3417 1586 3473 honorem
1634 3424 1690 3471 et

107 3515 515 3571 similitudinem
562 3510 706 3574 coli,
758 3509 844 3563 vel
899 3507 1148 3563 universa
1193 3506 1459 3586 elementa
1504 3507 1691 3562 dicunt

106 3605 268 3660 etiam
300 3604 434 3657 deos
479 3608 534 3656 et
572 3599 699 3655 deas
727 3612 864 3663 esse,
893 3604 947 3650 et
985 3594 1228 3649 habitare
1267 3595 1320 3649 in
1349 3593 1519 3663 caelis,
1549 3604 1604 3651 et
1634 3597 1687 3651 in

108 3694 293 3761 signis,
344 3699 399 3746 et
438 3691 496 3744 in
541 3687 732 3744 stellis.
764 3684 1022 3740 Videmus
1067 3684 1250 3754 igitur,
1281 3685 1472 3739 fratres
1497 3725 1510 3749 ,
1555 3686 1689 3741 istos

107 3789 349 3851 paganos
374 3788 431 3835 et
459 3778 757 3844 astrologos
781 3788 905 3830 vere
941 3772 1134 3837 fatuos,
1177 3781 1232 3827 et
1259 3782 1402 3828 astra
1427 3774 1542 3829 haec
1567 3775 1687 3829 ina-

110 3873 262 3927 nibus
288 3871 409 3926 telis
436 3875 661 3932 armata,
691 3872 747 3921 et
776 3865 828 3919 in
859 3865 962 3918 isto
991 3863 1176 3932 przelio
1202 3863 1319 3917 sine
1347 3879 1499 3918 mora
1530 3879 1689 3920 casu-

111 3973 218 4014 ros.
273 3958 477 4012 Putant
515 3956 659 4011 enim
698 3969 757 4009 se
800 3951 1044 4021 superbis
1085 3960 1139 4004 et
1185 3952 1339 4006 elatis
1370 3955 1690 4020 arrogantia

111 4065 218 4103 sua:
240 4049 411 4102 armis
435 4045 666 4110 indutos,
699 4045 720 4075 ’
750 4039 1142 4111 aIIOphyiorum
1164 4041 1342 4097 socios
1370 4043 1542 4098 aciem
1571 4045 1687 4110 Dei,

113 4145 165 4190 et
193 4137 548 4192 lsraeliticam
576 4134 829 4188 virtutem
859 4135 1023 4200 posse
1044 4129 1279 4196 turbare,
1299 4141 1354 4186 et
1379 4148 1485 4187 non
1506 4143 1696 4203 putant

115 4225 370 4280 Davidico
400 4224 577 4294 lapide
597 4237 658 4278 se
686 4221 840 4276 facile
861 4233 1020 4290 posse
1039 4229 1400 4287 prosternere.
1428 4223 1589 4293 Lapis
1608 4225 1698 4279 hic

114 4316 362 4371 Christus
379 4321 468 4370 est
492 4314 750 4368 Dominus
774 4317 978 4374 noster,
1007 4311 1101 4381 qui
1127 4320 1182 4366 et
1210 4311 1308 4382 ipsi
1336 4313 1501 4366 David
1525 4315 1695 4369 victo-

181 4461 208 4488 ⁸
239 4449 350 4504 Va‘s
369 4457 562 4518 autem,-
575 4448 763 4518 [ταίην
784 4446 1122 4513 dilectissimi,
1141 4448 1393 4500 credimus
1414 4448 1466 4500 in
1491 4449 1695 4501 nomine

116 4519 349 4582 Domini,
534 4517 638 4573 non
668 4517 984 4588 transitorie,
1018 4525 1125 4570 etc.

182 4591 210 4630 δ
243 4589 359 4642 Deo
387 4584 665 4655 adiuuante
691 4599 779 4638 vos
805 4586 862 4638 in
883 4588 1077 4639 sanctis
1105 4585 1362 4655 operibus,
1388 4587 1552 4652 ipsius
1582 4584 1694 4639 Do-

1791 3238 2039 3291 universa
2076 3236 2217 3290 dona
2249 3237 2302 3290 in
2351 3239 2563 3306 templis
2609 3237 2857 3305 inferitis,
2893 3243 2937 3295 si
2988 3244 3159 3297 totum
3205 3245 3368 3299 fixum

1791 3333 1872 3381 est
1920 3334 1974 3380 et
2011 3325 2305 3390 decretum,
2331 3333 2387 3380 et
2416 3327 2547 3380 nihil
2572 3329 2843 3398 precibus,
2885 3332 3016 3385 nihil
3046 3334 3368 3401 postulatio~

1792 3417 1948 3472 nibus
1989 3416 2294 3484 indulgetur
2312 3416 2398 3471 vel
2445 3417 2796 3486 impetratur?
2843 3419 2952 3473 Cur
2992 3429 3119 3490 ergo
3163 3423 3373 3493 suppli-

1792 3508 1957 3562 catis?

1866 3595 1971 3652 Sed
1997 3597 2181 3652 dieunt
2214 3616 2224 3649 :
2251 3595 2496 3651 Facimus
2527 3598 2645 3661 ista,
2673 3612 2740 3652 ne
2767 3607 3021 3654 noceant.
3057 3599 3261 3665 Quibus
3288 3602 3371 3656 di-

1794 3687 1964 3742 cimus
1994 3705 2006 3740 :
2035 3687 2318 3752 Quomodo
2340 3693 2566 3755 posSunt
2607 3702 2824 3754 nocere,
2873 3689 2965 3756 qui
2997 3705 3104 3743 non
3145 3702 3373 3760 possunt

1793 3777 2082 3846 praestare?
2114 3777 2133 3806 ³
2157 3774 2221 3828 Et
2250 3776 2373 3843 quia
2401 3790 2529 3829 vere
2573 3775 2704 3828 nihil
2733 3788 2834 3830 nec
2882 3793 3078 3832 nocere
3107 3795 3205 3832 nec
3232 3795 3373 3848 pne-

1793 3874 1940 3920 stare
1968 3872 2230 3934 possunt,
2261 3879 2454 3919 canum
2498 3864 2739 3918 custodia
2769 3864 2912 3919 circa
2943 3881 3038 3920 eos
3065 3866 3196 3921 deos
3240 3859 3376 3936 quos

1795 3957 1974 4012 dicitis
2013 3963 2222 4016 vestros
2244 3997 2259 4022 ,
2294 3962 2358 4008 et
2387 3953 2670 4008 custodum
2703 3954 2976 4020 vigilantia
3018 3965 3372 4011 contestatur.

1796 4047 2020 4114 Quando
2050 4047 2190 4099 enim
2229 4060 2323 4099 eos
2366 4044 2644 4097 inveniunt
2676 4042 2838 4107 fures,
2898 4045 3168 4114 abripiunt
3215 4055 3378 4114 atque

1797 4135 2102 4192 confractos
2136 4134 2459 4188 distrahunt.
2489 4129 2566 4184 Tu
2595 4131 2730 4186 dicis
2761 4131 2868 4185 fato
2897 4133 3077 4186 omnia
3111 4133 3255 4198 ﬁeri;
3284 4136 3379 4189 sed

1798 4241 1916 4294 quae
1945 4233 2004 4278 tu
2030 4224 2162 4278 dicis
2190 4225 2299 4276 fato
2330 4222 2470 4284 ﬁeri,
2507 4223 2690 4275 nescio
2717 4237 2822 4290 qua
2851 4223 3104 4291 opinione
3134 4226 3338 4279 incerta
3364 4245 3379 4288 ;

1800 4324 1900 4382 ego
1927 4313 2047 4368 dico
2073 4313 2346 4367 voluntate
2377 4310 2461 4363 vel
2491 4310 2755 4379 permissu
2781 4310 2876 4365 Dei
2923 4311 3066 4376 ﬁeri;
3095 4314 3220 4380 quia
3241 4313 3382 4369 Deus

1804 4449 1932 4501 mini
1972 4447 2134 4499 nostri
2173 4443 2297 4498 Jesu
2324 4442 2514 4496 Christi
2554 4446 2744 4512 gratia,
2781 4446 2873 4498 cui
2900 4452 2946 4497 et
2973 4447 3160 4515 gloria,
3205 4461 3253 4503 et
3287 4450 3381 4504 hos

1802 4534 1919 4578 nar,
1963 4524 2068 4570 ctc.‘

187 4708 202 4736 ι
255 4699 506 4766 Quatuor
532 4694 796 4766 _fe‘run_tu_r
865 4694 1205 4766 ethnicorum
1251 4695 1700 4764 philosophorum
1730 4699 1781 4758 1)
1805 4707 1925 4766 gem
1946 4693 2074 4747 Saul
2102 4692 2299 4766 bellam
2323 4701 2622 4766 gesserunt.-
2667 4689 2863 4766 lterum
2912 4693 3052 4747 idem
3083 4693 3223 4766 llas.
3255 4699 3387 4753 allo.

114 4763 402 4827 sententia:
427 4767 495 4820 de
523 4764 652 4819 fato.
686 4763 864 4817 Prima
909 4765 963 4834 in
1009 4775 1218 4830 natura,
1255 4763 1369 4834 qua
1407 4763 1585 4818 omnia
1616 4767 1698 4833 gi-

115 4846 375 4910 gnuntur,
409 4835 574 4888 fatum
599 4833 865 4915 agnoscit.
901 4832 1188 4912 Secunda,
1213 4832 1312 4903 pro
1342 4834 1452 4886 fato
1481 4832 1698 4902 perma-

124 4917 344 4965 nentem
375 4918 655 4959 causarum
696 4917 890 4957 εει-19η]
926 4917 1229 4957 necessario
1261 4918 1518 4956 nexarum
1548 4920 1703 4959 “SUP-

124 4987 237 5048 pat.
258 4971 482 5048 inertia,
509 4972 687 5048 sidera
729 4970 836 5048 fata
858 4978 1037 5048 Vocat.
1065 4972 1298 5048 Quarta,
1333 4973 1506 5048 ipsam
1534 4973 1700 5048 divini

118 5041 335 5103 consilii
363 5041 767 5097 exsecutionem
797 5041 966 5109 fatum
997 5041 1178 5109 habet.-
1228 5041 1344 5095 Div.
1376 5043 1602 5109 August.
1631 5042 1700 5095 de

117 5119 235 5172 Civ.
268 5113 368 5167 Dei
415 5111 506 5166 lib.
537 5127 592 5170 v,
620 5124 745 5178 cap.
785 5110 857 5171 8,
906 5108 975 5179 de
1015 5108 1123 5164 fato
1168 5110 1349 5165 Stoica
1381 5108 1697 5179 opinionum

121 5191 376 5255 portenta
415 5175 724 5255 describens
769 5175 1171 5255 agit_._ld”ante
1214 5175 1699 5255 pnestiterantCi—

119 5245 275 5320 itero,
305 5251 512 5306 Seneca
542 5249 739 5320 aliique
773 5245 948 5303 multi;
993 5245 1337 5320 Unaqua-lque
1372 5253 1524 5318 juxta
1579 5249 1700 5304 illos

121 5314 479 5396 philosophos
508 5314 883 5396 necessitatem
912 5314 1199 5396 quamdam
1232 5314 1283 5374 in
1315 5314 1702 5396 ev'en_t_ibu_s,et

122 5387 552 5461 operationibus,
584 5387 698 5461 sive
723 5387 972 5461 humanis
992 5389 1199 5444 actibus
1223 5388 1541 5461 ponit._Vid._
1550 5388 1704 5461 inter

129 5457 340 5516 recent.
365 5457 640 5512 Moniliam
665 5457 716 5508 in
747 5457 948 5510 eximio
975 5473 1139 5525 opere
1171 5465 1358 5511 contra
1393 5457 1696 5511 Fatalistas.

192 5532 214 5562 ²
268 5528 376 5582 Pro
404 5526 747 5594 designandis
778 5526 1007 5582 inimicis
1029 5526 1142 5581 Dei.
1177 5541 1417 5594 paganos
1440 5535 1599 5580 vocat
1625 5526 1702 5578 al-

126 5593 881 5669 lophylos,_quenladmodum
911 5595 1082 5669 dehis
1100 5593 1429 5669 mentionem
1458 5596 1620 5669 habet
1649 5594 1703 5648 in

124 5662 277 5723 hom:
305 5667 374 5721 de
401 5662 824 5731 Quadragesima
861 5680 984 5732 qua:
1009 5664 1195 5731 incipit
1222 5681 1248 5732 εγ
1266 5662 1593 5716 Intellexisse
1617 5681 1702 5717 ros

123 5737 294 5793 credo.
342 5734 535 5790 Ponuli
561 5732 654 5786 isti
686 5734 738 5787 in
764 5731 1004 5789 exercitu
1032 5734 1174 5802 regis
1218 5731 1358 5785 Geth
1400 5741 1587 5787 contra
1627 5746 1707 5787 re-'

1805 4761 1996 4834 phylos
2024 4771 2182 4834 vocat
2213 4762 2458 4834 inimicas
2478 4768 2723 4834 catervas
2748 4761 3102 4834 barbarorum
3125 4833 3130 4834 ί
3150 4765 3388 4821 Taurino

1803 4829 2188 4892 minitantium,
2219 4831 2271 4899 in
2301 4830 2445 4883 hom.
2481 4831 2548 4882 de
2579 4829 2752 4899 Nativ.
2782 4830 3019 4899 Domini,
3049 4833 3203 4898 cujus
3220 4839 3385 4892 verba

1804 4903 2025 4956 initialia
2057 4907 2178 4953 sunt
2209 4917 2221 4950 :
2248 4898 2456 4951 Domini
2479 4897 2785 4957 nomiJesu
2811 4897 3022 4966 Christi,
3039 4904 3258 5020 [mtrem
3289 4923 3388 4958 na-

1807 4972 2052 5020 tiritatem
2069 4969 2499 5020 solemnissimam
2523 4968 2716 5020 honore
2737 4968 2903 5019 debito
2932 4973 3035 5020 cete
3074 4982 3385 5020 ranteseto-

1807 4972 2052 5026 tiritatem
2069 4969 2499 5022 solemnissimam
2523 4968 2716 5020 honore
2737 4968 2903 5019 debito
2932 4968 3264 5036 celebrantes,
3281 4985 3385 5028 etc.

1805 5042 1937 5094 item
1960 5041 2013 5093 in
2044 5040 2188 5112 hom.
2215 5037 2408 5112 Epiph.
2436 5052 2562 5112 qua}
2591 5037 2775 5112 incipit
2805 5038 2930 5112 :_Ad
2950 5042 3265 5112 ueneranda,
3287 5046 3390 5112 fra-

1808 5121 1932 5174 tres,
1961 5112 2091 5179 {esta
2132 5107 2588 5179 dominicanParia
2615 5105 2790 5179 habet“
2817 5105 3014 5179 Euseb.-
3047 5105 3389 5166 Caesariensis

1806 5181 1858 5234 in
1882 5175 2016 5247 psal.
2033 5192 2247 5247 Lxx_xv1,
2272 5175 2485 5247 pa_g_._84
2497 5178 2543 5247 l_,_
2561 5183 2691 5228 tom.
2712 5175 2728 5247 l
2753 5175 3071 5231 Collection.
3092 5187 3265 5232 veter.
3291 5180 3391 5232 Pa-

1807 5244 1950 5321 trum
1967 5247 2094 5301 edit.
2123 5245 2291 5299 Paris.
2313 5244 2346 5321 Δ1
2360 5244 2477 5321 7Qf_i.
2502 5244 2632 5321 Nam
2655 5246 2957 5321 ἀλλοξύλους
2984 5248 3200 5321 eosdem
3224 5258 3388 5321 atque

1805 5317 2051 5387 ethnicos
2079 5330 2196 5387 esse
2240 5314 2636 5387 animadvertit.
2677 5312 2904 5387 Eodem
2944 5317 3219 5387 pertinent
3267 5312 3387 5387 quae

1805 5386 1990 5441 scribit
2012 5385 2068 5438 S.
2094 5384 2326 5454 Hilarius
2368 5382 2718 5454 Pictaviensis
2751 5383 2818 5454 d_e
2839 5382 3124 5454 allophylis
3154 5389 3206 5440 in
3240 5382 3385 5442 PSal.

1806 5472 1913 5518 ιιι,
1947 5470 2094 5507 num.
2126 5453 2210 5515 12,
2256 5467 2377 5521 pag.
2422 5451 2546 5517 1°23,
2590 5459 2723 5522 tom.
2766 5452 2786 5504 l
2825 5451 2962 5522 opp.’
2996 5451 3129 5510 edit.
3167 5457 3384 5512 Veneta:

1808 5524 1970 5578 1⁸749.Δ
2001 5523 2268 5576 Praetereo
2296 5531 2542 5583 cccteros,
2567 5536 2634 5573 ne
2663 5521 2998 5588 longus’s'im.

1879 5595 1898 5624 ³
1939 5592 2206 5646 Sanctitas
2236 5601 2408 5643 autem
2437 5600 2513 5643 est
2540 5591 2759 5642 scientia
2785 5592 3118 5647 colendorum
3151 5596 3384 5657 deorum,

1805 5680 1903 5732 quo
1935 5662 2262 5732 quamobrem
2293 5660 2491 5712 colendi
2527 5669 2644 5732 sunt
2685 5662 3092 5732 nontintelligo,
3124 5667 3266 5717 nullo
3297 5676 3388 5718 nec

1807 5727 2015 5794 accepto
2038 5733 2099 5782 ab
2130 5730 2212 5793 iis,
2242 5746 2334 5782 nec
2353 5739 2558 5796 sperato
2589 5727 2744 5781 bono;
2772 5727 2888 5785 Cic.-
2919 5732 2985 5786 de
3002 5727 3187 5788 'Divin.
3223 5735 3313 5788 lib.
3346 5746 3382 5788 t.
