3896 6250
539 342 643 400 785

1758 342 1814 397 S.
1853 340 2093 396 ΜΑΧΙΜΙ

2208 342 2340 398 LURI
2348 342 2575 399 NENSIS
3684 338 3769 396 γει

540 454 702 509 Pater
720 455 892 510 omnia
915 454 1082 524 posuit
1121 453 1176 507 in
1210 470 1305 509 sua
1333 452 1750 525 potestale(Act.
1783 452 1859 521 ι),
1889 458 1945 505 et
1973 450 2101 505 nihil
2132 456 2181 514 Λ
2206 454 2503 523 speciosior
2530 463 2641 521 est;
2674 455 2870 525 speciei
2916 456 3056 510 enim
3097 454 3328 511 Creator
3374 455 3559 509 omnia
3596 447 3773 509 consti—

540 544 599 599 fit
619 547 762 614 quod
802 546 1058 600 Dominus
1087 546 1200 615 ipse
1225 545 1473 610 voluerit,
1501 543 1584 598 vel
1632 542 1745 595 fieri
1783 557 1941 611 posse
1984 556 2109 610 per-

538 636 759 689 miserit.
785 633 878 689 Vis
900 633 1081 689 videre
1119 634 1411 703 prophetas
1455 641 1511 686 et
1550 629 1830 699 apostolos
1870 637 2104 692 nostros,

537 732 739 793 quanta
766 724 1051 789 faciebant,
1092 738 1199 780 non
1244 723 1338 777 fati
1366 724 1582 789 virtute,
1613 721 1708 775 sed
1733 720 1856 774 fidei
1884 727 1941 774 et
1966 719 2114 788 adju-

540 815 681 868 torio
708 814 899 869 summi
930 813 1044 879 Dei,
1075 820 1130 868 et
1155 812 1335 867 divina
1363 811 1605 881 potentia
1632 808 1849 865 Christi.
1890 809 2029 863 Ecce
2054 816 2112 863 et

538 900 843 956 confractus
867 902 1239 968 restituebant,
1268 915 1405 969 quos
1432 900 1607 955 dicitis
1633 898 1743 952 fato
1770 896 1985 961 vexari;
2016 909 2112 965 pa-

537 992 671 1045 riter
696 998 752 1045 et
770 989 1008 1045 inﬁmos
1034 990 1314 1054 curabant,
1345 998 1587 1044 mortuos
1629 986 1977 1049 suscitahant,
2008 998 2113 1039 ca:-

538 1095 635 1135 cos
680 1079 1054 1133 illuminabant
1105 1087 1161 1134 et
1187 1079 1406 1134 claudos
1451 1076 1757 1147 erigebant;
1799 1084 1855 1129 et
1900 1073 2033 1128 nihil
2078 1087 2112 1128 a

538 1170 649 1226 fato
673 1172 947 1241 petebant,
978 1171 1072 1225 sed
1104 1176 1295 1236 totum,
1324 1177 1384 1223 ut
1423 1168 1554 1233 dixi,
1598 1167 1909 1223 sinceritate
1946 1163 2111 1234 723

538 1260 658 1314 ﬁdei
680 1269 736 1314 et
761 1259 953 1313 divinis
976 1260 1186 1328 opibus,
1205 1269 1258 1312 et
1278 1257 1708 1313 miserationibus
1727 1254 2109 1323 adimplebant.

538 1350 671 1404 Fato
698 1349 838 1404 dicis
862 1350 1040 1402 omnia
1087 1349 1237 1403 ﬁeri?
1274 1347 1382 1402 Sed
1427 1348 1621 1402 stultus
1652 1346 1812 1400 stulta
1855 1343 2107 1410 loquitur,

535 1450 591 1497 et
615 1457 711 1497 cor
729 1441 845 1509 ejus
868 1455 1006 1496 vana
1036 1440 1304 1508 intelligit,
1336 1448 1413 1506 et,
1435 1440 1574 1493 sicut
1594 1438 1681 1491 ille
1703 1436 1882 1490 aiebat
1909 1433 2113 1488 Tullius

535 1532 590 1585 in
620 1530 906 1585 Hortensio
930 1531 1114 1584 dicens
1137 1546 1149 1581 :
1173 1530 1301 1582 Aria
1323 1544 1436 1581 mea
1464 1526 1663 1579 dicebat
1692 1526 1789 1579 hoc
1805 1523 1940 1593 quod
1960 1522 2109 1585 dicis,

535 1622 647 1690 fato
675 1621 849 1672 omnia
876 1618 1021 1688 ﬁeri;
1051 1624 1218 1670 mater
1245 1625 1416 1669 autem
1435 1616 1619 1668 mulier
1640 1615 1845 1683 sapiens
1873 1628 1977 1665 non
1999 1612 2114 1665 exi-

533 1709 777 1762 stimavit.
821 1706 889 1759 Et
934 1720 1034 1760 nos
1060 1719 1344 1775 possumus
1391 1704 1571 1758 dicere
1618 1706 1669 1756 in
1697 1702 1943 1767 veritate,
1984 1701 2109 1769 quia

2208 546 2343 608 tuit,
2361 545 2523 615 724
2573 554 2666 599 aut
2704 547 2749 600 si
2778 547 2832 600 in
2858 547 3055 600 virtute
3083 555 3137 599 et
3166 546 3428 614 operibus
3474 559 3659 597 eorum
3686 543 3769 595 mi-

2207 642 2412 696 rantur,
2444 634 2741 702 intelligant
2762 636 2829 689 ab
2854 636 2991 705 ipsis
3034 636 3292 703 quoniam
3322 635 3417 703 qui
3446 634 3562 687 haec
3591 634 3772 686 consti-

2208 722 2310 775 tuit
2338 720 2514 787 fortia,
2539 721 2727 777 fortior
2746 732 2827 777 est
2853 724 2974 778 illis.
2998 722 3065 775 Et
3094 722 3293 777 Paulus
3312 722 3595 792 apostolus
3615 720 3733 775 dicit
3758 738 3768 770 :

2212 809 2499 865 Invisibilia
2548 814 2685 865 enim
2726 811 2823 866 Dei
2861 829 2893 865 α
2939 822 3175 866 creatura
3218 814 3435 878 mundi,
3465 828 3560 881 per
3583 828 3642 863 ea
3678 825 3777 878 qua

2211 903 2351 972 facta
2372 911 2510 968 sunt,
2539 903 2797 955 intellecta
2825 903 3226 972 conspiciuntur,
3257 902 3575 971 sentpiterna
3601 915 3777 969 quoan

2210 989 2325 1060 ejus
2351 990 2512 1043 virtus
2532 999 2682 1060 atque
2701 990 2975 1054 divinitas,
3006 999 3064 1042 ut
3100 990 3203 1042 sint
3231 989 3645 1051 inexcusabiles;
3673 990 3777 1056 quis

2210 1097 2327 1134 cum
2355 1082 2711 1151 cognovissent
2740 1079 2923 1146 Deum,
2948 1097 3053 1133 non
3078 1088 3135 1131 ut
3164 1079 3329 1132 Deum
3358 1080 3596 1131 venerati
3632 1090 3744 1130 sunt
3763 1116 3776 1135 ,

2210 1179 2301 1224 aut
2340 1173 2537 1242 gratias
2565 1180 2813 1241 egerunt,
2849 1172 2940 1224 sed
2968 1180 3281 1224 evanuerunt
3307 1173 3363 1224 in
3392 1171 3777 1240 cogitationibus

2210 1261 2335 1325 suis,
2357 1269 2405 1314 et
2432 1260 2759 1315 obscuratum
2785 1270 2861 1315 est
2894 1262 3145 1330 insipiens
3174 1276 3262 1313 cor
3286 1261 3496 1313 illorum
3521 1276 3541 1312 :
3567 1260 3776 1311 dicentes

2208 1351 2344 1403 enim
2373 1366 2426 1403 se
2452 1366 2563 1403 esse
2581 1352 2855 1419 sapientes,
2878 1349 3022 1403 stulti
3048 1350 3174 1418 facti
3199 1358 3337 1401 sunt.
3364 1347 3434 1399 Et
3459 1356 3776 1400 mutarenmt

2209 1440 2428 1509 gloriam
2453 1438 2857 1508 incorruptibilis
2894 1436 2993 1489 Dei
3022 1438 3076 1489 in
3121 1436 3401 1505 imaginem
3441 1436 3776 1503 corruptibilis

2209 1529 2430 1583 hominis
2455 1537 2503 1581 et
2544 1527 2821 1593 volucrum,
2857 1534 2905 1580 et
2934 1525 3352 1597 quadrupedum,
3386 1532 3437 1577 et
3475 1526 3775 1592 serpentium

2213 1620 2388 1689 (Rom.
2411 1622 2474 1689 ι),
2504 1626 2610 1673 etc.
2640 1617 2783 1685 Ergo
2808 1624 2900 1670 aut
2928 1616 3125 1684 ignem,
3155 1617 3252 1681 ait,
3282 1623 3376 1669 aut
3403 1616 3678 1683 spiritum,
3697 1625 3776 1668 aut

2210 1709 2430 1762 citatum
2470 1721 2670 1771 aerem,
2712 1713 2805 1759 aut
2853 1719 3041 1775 gyrum
3086 1705 3392 1770 stellarum,
3432 1713 3530 1758 aut
3572 1706 3776 1757 nimiam

532 1799 652 1854 avia
703 1805 906 1859 nostra,
939 1796 990 1849 id
1024 1803 1107 1851 est
1149 1810 1303 1849 error
1338 1794 1589 1862 antiquus
1628 1799 1683 1847 et
1728 1791 1941 1859 gentilis
1968 1791 2104 1845 stul-
2134 1788 2180 1850 Β
2206 1813 2420 1868 aquam,
2440 1805 2531 1851 aut
2557 1797 2850 1863 solem,aut
2879 1796 3219 1875 lunam,deos
3246 1795 3775 1863 putaverunt.lgnem

532 1890 648 1944 titia
677 1888 783 1944 hoc
810 1887 1043 1942 dicebat.
1066 1886 1199 1940 Nam
1225 1893 1401 1940 mater
1444 1885 1636 1939 mulier
1673 1884 1909 1952 sapiens,
1940 1891 2113 1937 mater

531 1982 733 2037 scilicet
759 1978 1021 2044 Ecclesia,
1052 1992 1171 2047 qua:
1200 1992 1298 2031 nos
1318 1976 1544 2044 spiritali
1572 1975 1757 2042 genuit
1782 1981 2115 2042 partu,nun-

531 2085 694 2139 quam
718 2070 822 2123 hoc
851 2069 1108 2122 arbitrata
1135 2074 1236 2132 est,
1268 2081 1388 2134 qua:
1414 2066 1516 2119 scit
1541 2064 1735 2118 Filium
1774 2063 2050 2131 accepisse
2082 2074 2112 2112 a

532 2157 692 2212 Patre
730 2172 947 2211 omnem
993 2163 1317 2225 potestatem
1356 2154 1410 2207 in
1440 2151 1578 2207 cmlo
1603 2160 1659 2206 et
1704 2152 1757 2205 in
1788 2157 1949 2204 terra.
1984 2148 2110 2202 Ideo

531 2251 587 2303 in
632 2250 849 2303 nomine
911 2246 1027 2314 ejus
1076 2254 1251 2298 tantas
1291 2244 1517 2297 virtutes
1562 2242 1804 2297 fecerunt
1866 2236 2110 2306 discipuli

534 2340 719 2408 ipsius,
746 2337 839 2405 qui
868 2344 923 2389 et
943 2336 1154 2389 dicebat
1187 2352 1199 2387 :
1235 2332 1423 2397 Petita,
1468 2340 1518 2384 et
1545 2331 1837 2399 accipietis;
1860 2328 2070 2399 quwrite
2090 2365 2106 2392 ,

532 2438 583 2483 et
608 2428 901 2490 invenietis;
932 2426 1164 2494 pulsate,
1196 2432 1246 2476 et
1273 2421 1534 2492 aperietur
1560 2419 1700 2473 vobis
1726 2421 1743 2488 (
1765 2418 1927 2471 Joan.
1958 2432 2043 2469 xv:
2066 2416 2107 2481 ).

534 2517 731 2587 Utique
760 2515 971 2585 quando
1000 2514 1105 2569 hoc
1131 2513 1345 2567 dicebat
1381 2511 1655 2566 erroribus
1678 2516 1735 2563 et
1772 2507 2110 2563 daemonibus

532 2607 859 2676 opponebat,
889 2603 982 2672 qui
1013 2602 1121 2656 fata
1168 2602 1407 2668 lingunt,
1438 2608 1494 2655 et
1543 2599 1673 2653 nihil
1718 2612 1907 2667 preces
1930 2597 2112 2651 valere

533 2695 882 2760 contendunt,
913 2708 981 2747 ne
1010 2691 1152 2746 Deus
1180 2700 1419 2760 rogetur,
1453 2698 1507 2744 et
1528 2704 1715 2743 eorum
1736 2702 1899 2757 opera
1923 2686 2112 2743 dissol-

2210 1889 2395 1943 colunt
2422 1889 2703 1958 pagani,ct
2722 1888 2881 1941 deum
2910 1886 3217 1953 dicunt,qui
3245 1900 3384 1953 aqua
3412 1886 3773 1952 restinguitur.

2210 1987 2303 2033 aut
2330 1987 2485 2034 terra:
2515 1979 2664 2048 jactu
2690 1977 3076 2047 comprimitur.
3106 1977 3287 2045 Ignem
3334 1977 3522 2031 colunt
3552 1990 3737 2045 pagani
3761 2016 3775 2041 ,

2206 2070 2298 2139 qui
2337 2071 2463 2138 ligni
2502 2070 2736 2125 fomento
2786 2071 3035 2124 nutritur.
3079 2069 3261 2136 Ignem
3309 2069 3499 2122 colunt
3542 2068 3770 2137 pagani,

2206 2167 2409 2215 aeterno
2440 2161 2561 2227 igne
2586 2159 2780 2213 arsuri.
2804 2159 2911 2213 Sed
2934 2158 3071 2213 forte
3099 2158 3305 2226 fulgura
3336 2158 3556 2212 colunt:
3581 2165 3640 2209 ut
3662 2156 3776 2224 quid

2208 2249 2309 2303 ista
2355 2249 2572 2303 colunt?
2621 2262 2726 2302 non
2775 2249 2917 2301 enim
2963 2248 3230 2309 motibus,
3274 2246 3370 2300 sed
3416 2246 3646 2315 imperio
3691 2245 3774 2297 1)ιεί

2209 2346 2455 2405 aguntur,
2484 2338 2621 2392 sicut
2648 2337 2731 2391 sol
2757 2343 2813 2390 et
2836 2336 2985 2402 luna,
3017 2336 3206 2405 pluvia:
3239 2350 3393 2402 teque
3421 2343 3478 2388 et
3505 2334 3772 2388 stellarum

2210 2442 2413 2491 cursus,
2438 2435 2720 2481 ventorum
2748 2435 2923 2480 motus
2952 2434 3007 2480 et
3052 2426 3273 2480 nubium
3304 2424 3582 2479 transitus.
3612 2424 3772 2493 Spiri-

2209 2524 2323 2571 tum
2345 2530 2473 2583 ergo
2501 2517 2641 2570 aeris
2661 2524 2716 2570 et
2739 2524 3022 2570 ventorum
3052 2522 3395 2568 venerantur.
3426 2514 3533 2568 Sed
3571 2514 3668 2567 ista
3693 2526 3773 2565 rc-

2208 2623 2329 2661 rum
2368 2608 2593 2662 Domino
2637 2606 2979 2672 famulantur,
3012 2607 3148 2660 sicut
3188 2608 3448 2675 scriptum
3498 2615 3601 2671 est,
3642 2606 3775 2673 ﬂabit

2210 2696 2421 2767 spiritus
2452 2696 2583 2765 ejus,
2616 2704 2664 2748 et
2698 2697 2861 2764 ﬂuent
2889 2710 3037 2765 aqua:
3066 2693 3235 2765 (Psal.
3280 2695 3501 2761 cum).
3582 2734 3598 2747 .
3674 2734 3689 2746 .
3757 2732 3771 2746 .

534 2792 746 2840 vantur.
776 2782 901 2837 Ideo
947 2780 1176 2852 populos
1226 2779 1486 2834 Dominus
1522 2778 1591 2831 ad
1637 2792 1696 2832 se
1739 2777 2005 2839 trahebat,
2054 2782 2106 2828 ut

535 2874 667 2929 fides
693 2873 749 2927 in
776 2872 948 2927 Deum
993 2869 1283 2941 plurimum
1329 2878 1535 2937 posset,
1564 2875 1620 2921 et
1664 2881 1773 2920 non
1818 2864 2109 2919 diﬂidentia

536 2961 869 3032 praevaleret.
901 2958 1034 3013 Fato
1055 2956 1210 3021 dicis,
1240 2955 1541 3025 impudens,
1568 2953 1747 3008 omnia
1777 2952 1928 3006 fieri?
1950 2952 2113 3005 Addis

2210 2876 2363 2947 ignis,
2393 2874 2610 2945 grando,
2642 2874 2752 2939 nix,
2781 2876 2988 2946 glacies,
3029 2876 3240 2944 spiritus
3279 2875 3644 2944 procellarum,
3669 2891 3773 2945 qua

2215 2969 2415 3038 faciunt
2438 2967 2639 3020 verbum
2664 2968 2775 3036 ejus
2824 2965 3010 3037 (Ibid).
3052 2964 3252 3036 Cyrum
3294 2966 3571 3020 stellarum
3600 2966 3772 3019 colunt

534 3061 592 3109 οι
641 3053 770 3107 nihil
815 3065 1040 3121 Preces:
1080 3047 1216 3103 ηίιιίι
1267 3047 1539 3102 orationes
1580 3045 1797 3099 valere?
1843 3043 2110 3108 Omnium
2213 3057 2406 3125 pagani
2426 3056 2493 3111 ab
2514 3057 2717 3111 artifice
2746 3056 2856 3110 Deo
2885 3056 3198 3124 perfectum,
3225 3055 3291 3109 ad
3320 3056 3503 3109 mundi
3533 3066 3771 3110 ornatum

535 3156 666 3198 vero
713 3154 903 3210 preces
943 3139 1031 3193 νει
1070 3137 1345 3192 orationes
1391 3132 1624 3189 ﬁdelium
1672 3133 1917 3197 valeant,
1958 3146 2110 3186 sacra
2136 3125 2182 3186 (Ξ
2214 3145 2581 3199 discrimina“)
2627 3144 2823 3199 decore
2870 3145 3252 3213 compositum.
3302 3145 3510 3213 Aquam
3557 3146 3771 3210 colunt.

536 3231 777 3287 omnium
816 3229 1120 3283 divinorum
1140 3226 1473 3280 voluminum
1500 3230 1845 3277 monumenta
1876 3221 2109 3290 loquun-

536 3329 646 3387 tur,
675 3327 730 3374 et
757 3317 1063 3373 volentibus
1108 3330 1334 3371 noscere
1380 3313 1549 3367 facilis
1599 3313 1773 3367 aditus
1801 3311 2112 3367 conceditur

534 3408 605 3463 ad
642 3407 891 3463 salutem.
934 3405 1076 3474 Ergo
1111 3420 1220 3459 non
1258 3404 1369 3458 lato
1414 3402 1702 3471 quidquam
1749 3403 1966 3471 geritur,
2015 3401 2111 3456 sed

518 3498 718 3555 ‘omnia
752 3496 972 3551 factoris
1000 3495 1183 3549 mundi
1214 3493 1553 3563 providentia
1582 3493 1964 3559 gubernantur.

604 3590 738 3644 Nam
767 3588 834 3643 de
864 3587 1043 3652 idolis,
1072 3584 1159 3640 vel
1187 3585 1255 3639 de
1281 3583 1580 3648 elementis,
1606 3597 1725 3652 qua}
1750 3582 1940 3651 pagani
1967 3581 2109 3636 testi-

534 3686 686 3735 mant
710 3678 860 3743 deos,
893 3677 1073 3731 audite
1098 3676 1357 3742 breviter,
1388 3673 1578 3729 fratres
1596 3712 1612 3739 ,
1639 3675 1853 3727 beatum
1878 3675 2110 3743 prophe-

534 3780 646 3826 tam
673 3777 912 3825 nostrum
943 3781 1180 3837 paganos
1208 3765 1339 3819 istos
1384 3764 1712 3817 deridentem
1746 3763 1814 3817 dc
1855 3777 2108 3832 superva-

530 3861 651 3915 cuis
679 3873 886 3931 eorum,
918 3865 973 3910 et
1001 3856 1269 3909 dicentem
1300 3871 1313 3906 :
1342 3853 1493 3908 Idola
1515 3855 1738 3923 gentium
1766 3863 2030 3922 argentum
2058 3862 2106 3906 et

534 3965 715 4002 aurum
742 3988 757 4013 ,
800 3962 928 4016 opus
968 3960 1213 3997 manuum
1254 3943 1515 3996 hominum
1540 3958 1557 3993 :
1587 3958 1645 3995 os
1670 3941 1874 4004 habent,
1923 3952 1973 3993 et
2004 3958 2107 3995 non

532 4039 838 4109 loquuntur;
884 4034 1056 4089 oculos
1109 4032 1329 4099 habent,
1359 4042 1408 4085 et
1438 4048 1540 4084 non
1587 4032 1789 4094 vident;
1819 4047 1966 4083 aures
2015 4032 2108 4083 ha-

531 4126 668 4193 bent,
699 4133 747 4178 et
776 4140 879 4178 non
903 4122 1119 4175 audiunt
1139 4120 1312 4190 (Psal.
1335 4120 1572 4189 ωηεν),
1595 4127 1651 4173 et
1675 4128 1868 4174 caetera
1894 4134 2013 4188 quae
2033 4120 2105 4174 ibi

529 4222 847 4285 sequuntur.
888 4214 1164 4279 interrogo
1212 4220 1287 4278 te,
1336 4225 1560 4279 pagane,
1586 4211 1631 4264 si
1661 4211 1793 4265 velis
1820 4212 1943 4265 talis
1986 4225 2106 4265 esse

530 4306 718 4376 quales
756 4305 831 4359 illi
859 4319 995 4373 quos
1040 4303 1193 4368 colis,
1233 4302 1350 4355 sine
1387 4302 1583 4366 anima,
1610 4302 1726 4356 sine
1770 4316 1946 4367 sensu,
1989 4302 2105 4356 sine

531 4405 704 4463 motu,
736 4397 853 4453 sine
893 4396 1073 4464 aliquo
1100 4394 1249 4447 vitali
1279 4392 1573 4446 intellectu.
1622 4391 1736 4447 Hoc
1763 4406 1891 4459 ergo
1936 4393 2102 4445 malc-

2212 3246 2330 3300 qua:
2355 3232 2421 3285 ad
2450 3247 2602 3286 usum
2632 3248 2739 3285 non
2758 3232 2929 3286 solum
2958 3233 3253 3297 hominum,
3285 3233 3381 3287 sed
3409 3241 3465 3286 et
3504 3249 3771 3301 pecorum,

2212 3327 2268 3374 et
2294 3328 2607 3374 cazterarum
2651 3336 2832 3375 rerum
2879 3321 3124 3388 largitate
3165 3320 3438 3375 Creatoris
3471 3322 3769 3376 effunditur.

2213 3409 2393 3464 Solem
2422 3420 2477 3464 et
2503 3411 2681 3463 lunam
2725 3412 2939 3475 colunt,
2973 3425 3092 3464 cum
3125 3411 3401 3464 videamus
3432 3422 3487 3465 et
3521 3414 3771 3467 orientem

2210 3505 2265 3552 et
2291 3498 2622 3553 occidentem
2670 3500 2835 3553 solem
2882 3499 2961 3554 sic
3006 3514 3225 3553 currere
3255 3508 3313 3553 ut
3351 3501 3401 3553 ei
3432 3503 3766 3556 constitutum

2212 3595 2313 3642 est.
2356 3587 2507 3642 Unde
2552 3589 2864 3655 intelligitur
2910 3588 3379 3658 neminem-posse
3425 3590 3769 3645 indesinenter

2210 3690 2446 3742 currere,
2473 3686 2529 3731 et
2558 3678 2776 3731 servitio
2798 3692 2895 3731 suo
2918 3677 3181 3739 insistere,
3196 3677 3297 3731 nisi
3322 3679 3414 3746 qui
3439 3680 3536 3732 sub
3557 3678 3769 3732 Domino

2208 3768 2295 3831 sit,
2328 3776 2382 3821 et
2407 3768 2497 3837 qui
2528 3768 2718 3822 haheat
2746 3768 3117 3837 imperantem.
3141 3766 3271 3821 Nam
3314 3784 3491 3838 neque
3518 3770 3636 3822 luna
3657 3784 3765 3823 cre-
3840 3790 3841 3795 π

2209 3864 2445 3911 mentum
2488 3857 2570 3911 vel
2609 3857 2989 3911 detrimentum
3027 3864 3328 3927 pateretur,
3375 3859 3477 3913 nisi
3507 3859 3767 3912 voluntate

2209 3954 2263 3999 et
2290 3945 2513 3999 arbitrio
2540 3944 2878 4009 Conditoris;
2910 3954 2965 3999 et
2992 3946 3073 4000 sol
3098 3947 3142 4001 si
3186 3945 3241 4000 in
3269 3961 3367 4000 sua
3390 3954 3653 4016 potestate
3695 3961 3766 3998 es-

2212 4040 2332 4100 set,
2364 4030 2623 4105 perpetua
2658 4035 2775 4090 luce
2805 4033 3032 4105 fulgeret
3105 4074 3121 4089 .
3197 4074 3213 4089 .
3292 4076 3308 4089 .
3388 4075 3404 4089 .
3484 4078 3500 4091 .
3575 4076 3588 4089 .
3660 4074 3675 4089 .
3746 4074 3760 4088 .

2206 4302 2469 4367 famulari,
2495 4310 2550 4357 et
2575 4303 2755 4358 stellas
2783 4319 2937 4358 suum
2967 4304 3210 4359 ordinem
3235 4306 3420 4375 sequi;
3449 4320 3592 4359 mare
3611 4306 3760 4359 etiam

2206 4393 2314 4446 suis
2344 4392 2535 4455 ﬁnibus
2563 4394 2845 4448 contineri.
2878 4393 2945 4448 Et
2973 4394 3092 4449 ideo
3132 4396 3332 4449 clamat
3370 4395 3623 4463 propheta
3650 4408 3761 4446 san-

529 4486 729 4541 dictum
757 4492 944 4554 putas;
970 4484 1157 4537 desine
1204 4482 1363 4550 igitur
1389 4482 1524 4537 tales
1564 4482 1741 4536 colere
1794 4496 2019 4550 quorum
2049 4490 2102 4537 te
2130 4473 2181 4532 D
2204 4483 2489 4547 ctissimus,
2508 4484 2689 4538 dicens
2715 4486 2781 4538 ad
2803 4484 3085 4540 Dominum
3108 4487 3273 4539 Deum
3300 4496 3541 4541 nostrum
3567 4504 3579 4537 :
3604 4484 3759 4547 Ωκαω

529 4576 825 4633 similitudo
846 4574 1116 4638 sollicitat,
1146 4581 1202 4627 et
1238 4587 1465 4640 quorum
1513 4572 1687 4626 cultus
1734 4580 1786 4625 te
1832 4573 2099 4627 honestat.

528 4667 637 4724 Sed
657 4666 839 4722 dicunt
857 4666 1045 4737 pagani
1072 4683 1085 4718 :
1109 4663 1217 4718 Nos
1238 4663 1407 4717 solem
1429 4670 1483 4716 et
1503 4662 1803 4728 lunam,vel
1824 4662 2024 4725 stellas,
2048 4671 2105 4716 et

528 4758 779 4814 universa
826 4755 1091 4811 elementa
1131 4753 1359 4809 colimus
1406 4760 1461 4806 et
1505 4765 1856 4815 veneramur;
1908 4752 2102 4819 quibus

526 4848 722 4901 iterum
763 4844 955 4899 dicitur
1004 4858 1021 4896 :
1081 4842 1216 4895 Vani
1262 4849 1432 4894 autem
1478 4849 1598 4893 sunt
1652 4855 1828 4893 omnes
1875 4840 2102 4893 homines

525 4936 707 5009 quibus
736 4950 839 4988 non
868 4934 1036 4987 subest
1064 4932 1279 4985 scientia
1307 4930 1429 4997 Dei,
1466 4940 1513 4983 et
1543 4930 1605 4983 de
1635 4931 1714 4983 his
1738 4946 1850 4999 qua:
1872 4929 2102 4985 videntur

526 5029 682 5090 bona,
703 5043 806 5081 non
847 5030 1117 5095 potuerunt
1159 5022 1444 5090 intelligere
1472 5037 1585 5073 eum
1612 5021 1696 5090 qui
1723 5029 1832 5084 est;
1862 5036 1953 5072 nec
1980 5036 2101 5089 ope-

524 5116 666 5171 ribus
711 5112 1047 5173 attendentes,
1091 5116 1401 5180 agnoverunt
1428 5109 1540 5178 quis
1585 5117 1717 5162 esset
1744 5110 1969 5178 artifex;
2011 5108 2101 5161 sed

527 5214 615 5259 aut
640 5205 825 5274 ignem,
852 5210 941 5254 aut
966 5201 1221 5270 spiritum,
1247 5205 1335 5251 aut
1360 5199 1571 5250 citatum
1590 5214 1780 5264 aerem,
1802 5207 1891 5249 aut
1916 5214 2097 5268 gyrum

527 5294 809 5355 stellarum,
834 5300 923 5345 aut
951 5292 1163 5343 nimiam
1198 5305 1405 5355 aquam,
1437 5298 1525 5341 aut
1564 5288 1743 5355 solem,
1774 5297 1862 5340 aut
1894 5290 2091 5355 lunam,

530 5387 545 5416 ¹
576 5393 697 5437 deos
719 5389 1020 5453 putaverunt
1045 5379 1197 5449 (Sap.
1229 5377 1375 5444 xui);
1401 5392 1627 5445 quorum
1655 5378 1699 5430 si
1726 5386 1948 5447 propter
1973 5394 2095 5448 spe-

525 5475 662 5531 ciem
692 5476 795 5528 hoc
819 5472 1214 5526 mstimaverunt
1234 5509 1249 5535 ,
1274 5469 1445 5523 sciant
1480 5476 1681 5536 quanto
1712 5467 1797 5522 his
1839 5467 2096 5525 Dominus

598 5648 613 5679 ³
656 5647 878 5705 Vulgata
908 5642 1069 5701 addit.
1103 5654 1320 5697 rectores
1352 5642 1489 5696 orbis
1518 5650 1769 5695 terrarum
1801 5642 1945 5707 deos,
1970 5653 2073 5703 etc.

2202 4572 2535 4642 magniﬁcam
2576 4582 2697 4625 sunt
2719 4590 2875 4644 opera
2917 4582 3038 4643 tua,
3088 4574 3343 4629 Domine!
3386 4578 3560 4629 omnia
3586 4577 3635 4627 in
3673 4590 3756 4626 sa—

2201 4663 2397 4731 pientia
2436 4664 2634 4733 fecisti;
2673 4666 2868 4734 repleta
2901 4674 2979 4719 est
3036 4674 3174 4719 terra
3218 4675 3459 4719 creatura
3496 4677 3599 4719 tua.
3647 4664 3755 4717 Hoc

2203 4768 2346 4805 mare
2389 4768 2632 4824 magnum
2675 4762 2725 4807 et
2767 4757 3051 4822 spatiosum
3075 4798 3090 4822 ,
3120 4756 3223 4808 illic
3252 4756 3481 4824 repentia
3503 4795 3517 4821 ,
3557 4769 3755 4823 quorum

2204 4858 2307 4895 non
2334 4852 2410 4895 est
2437 4860 2706 4911 numerus,
2729 4847 2978 4899 animalia
2999 4845 3187 4916 pusilla
3208 4855 3256 4899 et
3277 4859 3469 4916 magna
3492 4845 3649 4916 (Psal.
3678 4845 3751 4911 ι).

2204 4932 2363 5002 725
2385 4931 2481 4987 Hic
2508 4940 2591 4987 est
2614 4932 2873 4989 Dominus
2901 4935 3043 4990 Deus
3070 4943 3276 4999 noster,
3318 4937 3384 4989 de
3409 4952 3515 5004 quo
3551 4933 3753 5003 quidam

2201 5029 2506 5076 sanctorum
2536 5014 2751 5078 dicebat
2782 5042 2794 5076 :
2824 5024 2922 5091 Qui
2948 5025 3140 5081 caelum
3171 5026 3280 5079 alta
3309 5027 3617 5081 sublimitate
3640 5040 3751 5079 sus-

2212 5110 2416 5178 pendit,
2446 5120 2658 5165 terrena
2678 5111 2903 5181 deiecta
2930 5114 3075 5168 mole
3102 5114 3370 5179 solidavit,
3401 5116 3561 5169 maria
3586 5112 3752 5166 soluto

2202 5202 2408 5269 liquore
2431 5196 2640 5255 diffudit
2659 5242 2673 5267 ,
2705 5209 2760 5255 et
2790 5202 2903 5256 haec
2931 5203 3110 5257 omnia
3156 5204 3391 5272 prepriis
3418 5212 3471 5257 et
3491 5201 3751 5266 condignis

2201 5291 2569 5346 instrumentis
2596 5290 2754 5361 plena
2781 5298 2837 5346 et
2876 5300 3067 5346 ornata
3090 5292 3332 5359 digessit.
3362 5290 3497 5345 Cum
3536 5303 3649 5357 ergo
3674 5288 3749 5340 vi.

2201 5382 2346 5438 deris

2420 5423 2433 5436 ι
2512 5420 2528 5436 ο
2607 5423 2621 5437 ο
2700 5423 2715 5438 ο
2793 5423 2808 5438 ο
2882 5423 2899 5439 ο
2976 5422 2993 5436 ο
3069 5422 3086 5438 ο
3164 5422 3180 5438 ο
3259 5422 3274 5437 ο
3352 5422 3367 5437 ο
3447 5420 3464 5436 ο
3547 5420 3561 5436 ο
3638 5415 3656 5433 ο
3726 5414 3742 5430 ⁸
