3896 6250
90 369 196 429 785

92 665 298 722 Colunt
326 665 517 723 adhuc
562 667 761 737 pagani
790 673 1023 733 montes,
1055 673 1111 720 et
1137 665 1356 719 arbores
1375 705 1390 732 ,
1423 671 1479 718 et
1506 663 1698 728 fontes,

1120 365 1527 424 TRACTATUS
1563 367 1649 422 IV.
1691 366 1964 424 CONTRA
2002 368 2335 426 PAGANOS.

3267 355 3379 421 786

1804 572 1978 627 insula
2030 572 2195 626 habet
2239 572 2565 641 sepulcrum.
2609 611 2623 625 .
2672 611 2686 625 .
2728 572 3015 643 deSpectus
3037 574 3203 643 jacet.
3246 615 3261 633 .
3308 615 3323 630 .
3366 614 3383 631 .

1804 661 1948 716 unde
1990 660 2243 730 Virgilius
2289 661 2422 715 dixit
2450 679 2462 715 :
2490 677 2602 717 cre.
2647 702 2662 716 .
2705 702 2720 716 .
2764 702 2777 716 .
2823 702 2839 716 .
2883 702 2896 716 .
2929 664 3098 717 medio
3118 666 3261 733 jacet
3303 665 3389 718 iu-

1804 752 1940 804 sula.
1983 790 1998 806 .
2038 789 2053 804 .
2097 790 2112 805 .
2156 792 2171 805 .
2214 791 2229 807 .
2273 789 2287 804 .
2332 791 2345 804 .
2392 792 2406 806 .
2451 791 2464 805 .
2510 792 2524 805 .
2569 791 2585 806 .
2629 752 2696 806 de
2725 752 3058 807 criminibus.
3102 794 3117 806 .
3161 794 3175 807 .
3219 793 3233 806 .
3265 754 3391 809 bre-

93 764 149 811 et
184 755 446 825 ﬁumina,
477 756 570 810 ubi
599 764 656 811 et
682 756 867 823 boves,
899 763 953 809 et
973 769 1120 819 oves,
1152 763 1208 809 et
1232 754 1493 807 universa
1520 752 1703 806 bestia:

94 855 425 915 pascuntur,
458 856 517 901 et
545 847 840 911 ambulant,
873 852 1036 914 atque
1063 845 1331 899 labantur.
1362 843 1494 897 Nam
1536 844 1704 897 simu-

97 938 241 991 lacra
269 944 330 990 et
362 936 517 990 idola
565 951 752 989 eorum
782 936 941 1004 digno
971 936 1176 989 honore
1204 935 1271 988 ab
1297 933 1511 987 araneis
1550 931 1705 986 obte—

95 1033 320 1091 guntur,
350 1034 412 1079 et
442 1040 474 1078 a
499 1024 659 1079 tineis
682 1024 763 1078 vel
784 1024 1053 1079 vermibus
1072 1022 1432 1092 perforantur,
1450 1029 1504 1076 et
1531 1037 1560 1074 a
1582 1036 1701 1074 mu-

98 1112 250 1165 ribus
301 1112 653 1177 habitantur,
684 1118 739 1165 et
767 1127 796 1164 a
826 1111 1024 1165 muscis
1071 1112 1485 1176 conculcantur;
1518 1125 1618 1163 nec
1645 1124 1704 1163 se

99 1204 169 1255 ab
216 1204 347 1271 igne
374 1203 473 1257 vel
503 1218 533 1256 a
562 1203 739 1271 pluvia
770 1202 1081 1267 defendunt,
1114 1218 1215 1256 nec
1238 1217 1267 1255 a
1296 1202 1593 1255 latronibus
1620 1201 1706 1254 vel

102 1294 313 1348 furibus
341 1293 645 1347 vindicant.
677 1292 744 1345 Et
766 1293 885 1347 ideo
914 1292 971 1346 S.
998 1293 1297 1363 Cyprianus
1324 1292 1388 1345 ad
1410 1292 1707 1346 Demetria-

104 1400 235 1437 num
259 1400 544 1452 paganum
568 1384 705 1438 bene
726 1383 936 1437 dicebat
959 1400 971 1435 :
999 1382 1202 1436 Pudeat
1225 1391 1272 1435 te
1291 1398 1377 1435 eos
1393 1382 1561 1435 colere
1579 1397 1704 1451 quos

102 1476 214 1535 ipse
244 1476 534 1545 defendis;
564 1476 755 1543 pudeat
784 1484 829 1526 te
854 1474 917 1525 de
944 1462 1016 1525 eis
1047 1473 1299 1526 auxilium
1346 1486 1554 1540 sperare
1581 1486 1707 1540 quos

104 1568 288 1617 tueris.
320 1566 435 1618 Aut
464 1563 590 1631 quid
621 1563 762 1616 enim
785 1571 1039 1631 prmstare
1067 1562 1365 1617 colentibus
1384 1576 1441 1615 se
1461 1567 1705 1629 possent,

106 1655 197 1723 qui
230 1670 293 1708 se
319 1654 395 1708 de
423 1660 530 1707 non
555 1653 853 1707 colentibus
873 1652 1144 1706 vindicare
1171 1666 1277 1705 non
1296 1658 1550 1720 possunt;
1574 1651 1711 1705 sicut

109 1742 261 1796 enim
295 1741 369 1795 ad
396 1756 496 1795 eos
525 1756 630 1794 non
654 1740 887 1809 pertinet
915 1754 1022 1807 quo
1051 1739 1329 1805 coluntur;
1360 1738 1437 1792 sic
1464 1752 1571 1791 non
1594 1752 1711 1791 sen-

1803 841 1943 895 viter
1964 848 2356 895 commemorat
2381 840 2564 896 dicens
2594 860 2605 894 :
2628 842 2647 874 ³
2670 841 2914 912 Iovisque
2933 852 2982 895 et
3002 859 3171 911 soror,
3195 851 3243 896 et
3263 859 3392 899 con-

1796 932 1918 1001 jux,
1948 941 1997 984 et
2022 934 2179 1001 rapti,
2212 933 2402 1001 inquit,
2435 931 2752 1004 Ganymedis
2782 933 3023 987 honores.
3060 933 3195 987 Vide
3226 948 3393 1002 quam

1804 1021 2147 1076 exsecrabilis
2174 1021 2452 1077 habendus
2497 1022 2586 1087 sit,
2620 1023 2730 1077 imo
2752 1023 2932 1091 potius
2960 1038 3121 1090 quam
3151 1021 3393 1080 detesta—

1804 1112 1930 1166 bilis
1969 1112 2070 1165 is‘le
2099 1112 2326 1181 Jupiter,
2356 1113 2446 1180 qui
2476 1127 2720 1166 sororem
2761 1113 2995 1167 voluerit
3022 1113 3223 1167 habere
3250 1129 3392 1168 uxo-

1807 1216 1942 1265 rem,
1988 1207 2047 1256 ut
2075 1201 2141 1257 de
2170 1202 2378 1256 caeteris
2422 1202 2537 1270 ejus
2565 1202 2880 1256 criminibus
2909 1210 3205 1257 taceamus.
3248 1202 3393 1257 Proh

1806 1289 1988 1344 dolor!
2030 1304 2150 1358 qua:
2177 1290 2318 1344 inter
2343 1290 2591 1345 homines
2630 1297 2845 1347 sanctos
2883 1290 3152 1344 habentur
3179 1291 3396 1359 pietatis

1807 1381 2047 1447 nomina,
2072 1380 2217 1435 inter
2240 1379 2371 1434 deos
2390 1394 2728 1448 paganorum
2756 1380 2899 1435 facta
2924 1386 3052 1435 sunt
3073 1378 3216 1435 fmda
3236 1379 3396 1435 sacri-

1807 1471 1968 1540 legia.
1993 1471 2129 1525 Nam
2155 1471 2223 1527 de
2270 1470 2441 1559 Marte
2464 1470 2593 1541 quid
2632 1471 2832 1537 dicam,
2864 1472 2961 1540 qui
2990 1471 3136 1541 apud
3163 1471 3399 1526 Thraces

1807 1571 3392 1617 natus................

2245 1691 2262 1706 0
2338 1689 2356 1706 0
2431 1688 2447 1706 0
2525 1690 2542 1707 0
2620 1690 2635 1707 0
2715 1691 2732 1707 0
2810 1690 2828 1708 0
2902 1689 2921 1707 0
3000 1690 3016 1707 0
3095 1691 3111 1707 0
3190 1691 3206 1707 ο
3286 1690 3302 1705 0
3379 1685 3395 1703 1

110 1832 255 1884 tiunt
282 1844 403 1898 quo
435 1806 716 1883 laeduntur.
746 1827 853 1882 Sed
876 1806 1831 1894 dicuntpagani:Nosdeosco—B.
1924 1867 1940 1881 .
2024 1866 2039 1882 .
2132 1867 2146 1881 .
2240 1868 2255 1883 .
2336 1868 2351 1883 .
2432 1868 2447 1883 .
2526 1869 2542 1884 .
2620 1870 2635 1885 .
2714 1870 2731 1885 .
2810 1870 2825 1884 .
2904 1870 2920 1885 .
3000 1870 3017 1888 .
3096 1870 3111 1885 .
3192 1870 3207 1886 .
3285 1871 3301 1886 .
3383 1870 3399 1885 .

112 1918 299 1986 limus,
333 1921 428 1974 vel
453 1919 582 1974 deas
609 1932 725 1986 quae
768 1917 820 1971 in
864 1917 1001 1971 caelo
1044 1917 1325 1970 habentur.
1357 1914 1559 1980 Quibus
1583 1914 1715 1968 dici-

115 2026 237 2063 mus
266 2028 279 2064 :
311 2009 374 2065 Si
398 2008 533 2064 deos
562 2009 683 2063 illos
709 2007 888 2062 dicitis
913 2006 1001 2060 vel
1029 2006 1207 2059 colitis
1243 2020 1381 2073 quos
1428 2005 1482 2057 in
1527 2005 1716 2057 vestris

116 2099 275 2152 libris
303 2100 560 2154 audimus
581 2098 831 2165 recitare,
856 2097 906 2151 id
927 2106 1012 2151 est
1035 2094 1565 2161 Saturnum,Jovem,
1587 2093 1721 2148 Mer-

116 2188 360 2254 curium,
378 2188 625 2250 Martem,
646 2187 969 2256 Apollinem,
988 2185 1305 2248 Vulcanum,
1343 2184 1717 2253 [Esculapium

120 2287 471 2346 ceterosque
523 2279 867 2344 innumeros;
918 2287 973 2332 et
1023 2278 1152 2332 deas
1206 2278 1386 2332 dicitis
1431 2276 1717 2344 Junonem,

123 2366 455 2434 Minervam,
479 2368 720 2435 Dianam,
746 2369 1021 2440 Cybelem,
1053 2369 1335 2435 Latonam,
1359 2370 1442 2424 vel
1470 2377 1718 2435 caeteras;

123 2472 259 2525 ergo
291 2459 339 2511 si
370 2474 564 2513 omnes
597 2460 717 2513 illos
744 2460 921 2514 dicitis
949 2460 1099 2525 deos,
1132 2476 1227 2515 cur
1248 2460 1454 2528 aliquos
1474 2460 1525 2513 in
1556 2459 1723 2514 stellis

130 2548 363 2613 partitis,
381 2558 435 2602 et
459 2550 666 2617 aliquos
683 2566 789 2604 non
806 2550 1037 2619 ponitis?
1050 2550 1232 2606 Dicitis
1250 2551 1391 2604 enim
1410 2549 1719 2615 Saturnum,

129 2635 348 2703 Jovem,
383 2638 628 2704 Martem,
652 2641 735 2693 vel
760 2641 1081 2695 Mercurium
1106 2642 1157 2694 in
1185 2641 1324 2695 emlo
1350 2655 1487 2705 esse,
1509 2648 1564 2694 et
1584 2640 1725 2709 Nep-

133 2736 353 2794 tunum,
403 2730 725 2798 Apollinem,
756 2731 1073 2795 Vulcanum,
1108 2731 1473 2800 :Esculapium
1524 2739 1579 2785 et
1624 2746 1728 2784 ca:-

136 2823 287 2867 teros
320 2832 429 2869 non
459 2816 653 2869 dicitis.
707 2817 787 2869 An
815 2818 956 2871 forte
982 2819 1069 2871 isti
1117 2819 1315 2888 aliquid
1346 2825 1724 2887 peccaverunt,

138 2913 195 2956 et
226 2906 307 2958 illi
349 2907 479 2960 nihil
510 2916 902 2975 peccaverunt,
937 2909 1165 2977 ideoque
1195 2925 1454 2979 supernas
1480 2911 1730 2977 regiones

140 2995 387 3048 asseritis
416 2996 717 3063 possidere,
752 3013 873 3051 cum
904 3000 1072 3066 magis
1107 3010 1317 3055 constet
1343 3016 1547 3055 omnes.
1593 3040 1607 3054 .
1651 3041 1666 3054 .
1709 3040 1724 3054 .

143 3080 420 3148 homines,
451 3094 522 3139 et.
569 3125 583 3138 .
628 3127 640 3138 .
688 3127 700 3139 .
747 3125 760 3138 .
806 3128 820 3140 .
855 3089 1173 3142 hominibus.
1224 3089 1363 3145 Ecce
1404 3091 1726 3156 Saturnum,

142 3171 226 3222 vel
250 3170 477 3237 Jovem,
511 3174 733 3227 Martem
765 3176 949 3242 etiam,
993 3186 1045 3229 et
1094 3176 1432 3239 Mercurium,
1466 3187 1598 3239 elc.,
1631 3194 1729 3232 nc-
1759 3155 1805 3217 (εἶ

146 3259 305 3313 lauda
358 3260 597 3316 facinora
625 3264 957 3318 commisisse
1005 3266 1221 3320 scimus.
1263 3265 1453 3321 Nonne
1481 3266 1733 3333 Virgilius

152 3350 165 3377 ³
199 3359 385 3404 vester
430 3361 589 3420 poeta
627 3352 713 3405 ille
763 3354 1081 3423 praecipuus.
1112 3356 1264 3423 cujus
1292 3357 1527 3409 carmina
1548 3357 1736 3411 hodie-

146 3453 253 3506 que
281 3443 615 3495 vcneramini
666 3444 745 3496 sic
772 3444 970 3497 clamat
997 3444 1064 3498 de
1092 3444 1323 3499 Saturno
1352 3446 1536 3501 dicens
1562 3464 1574 3498 :

275 3595 423 3640 Arma
449 3594 582 3642 Jovis
605 3594 819 3657 fugiens,
847 3604 899 3646 et
930 3598 1098 3659 regnis
1120 3597 1260 3647 exsul
1284 3599 1549 3661 ademptis;

152 3717 295 3772 unde
324 3727 381 3772 ot
424 3719 632 3773 Latium
673 3722 739 3775 de
782 3722 985 3777 latebra
1031 3723 1145 3792 ejus
1174 3741 1371 3780 nomen
1414 3727 1643 3797 accepit,
1671 3743 1739 3783 eo

150 3808 298 3873 quod
327 3809 571 3863 latuisset
619 3818 762 3865 tutus
803 3813 856 3864 in
904 3812 1034 3878 oris,
1062 3812 1115 3865 id
1157 3822 1237 3867 est
1263 3815 1471 3881 fugiens
1498 3816 1552 3870 in
1577 3816 1739 3871 Italia:

152 3894 350 3954 ﬁnibus
380 3900 652 3971 latuisset;
680 3910 734 3955 et
754 3902 945 3956 iterum
973 3904 1047 3957 ait
1072 3922 1086 3957 :
1128 3906 1289 3975 726

282 4091 330 4121 ζ..
359 4091 370 4101 .
399 4087 453 4121 ζ.
478 4054 642 4103 Fauno
665 4055 813 4121 Picus
835 4065 1000 4117 pater;
1020 4060 1197 4120 hisque
1222 4064 1477 4121 parentem

278 4114 372 4175 'l'e,
397 4114 624 4178 Saturne,
648 4120 818 4178 refert,
838 4114 892 4167 tu
914 4114 1164 4181 sanguinis
1181 4114 1379 4170 ultimus
1402 4128 1568 4172 auctor
1592 4124 1638 4174 ’.

156 4253 253 4313 llic
280 4259 483 4313 litteras
512 4261 849 4330 imprimere,
880 4271 935 4317 et
973 4263 1184 4332 signare
1211 4280 1460 4320 nummos
1501 4266 1553 4320 in
1591 4265 1741 4320 ltalia

157 4347 364 4416 primus
390 4349 649 4413 instituit;
682 4350 806 4404 inde
850 4352 1098 4405 :erarium
1144 4354 1362 4407 Saturni
1404 4363 1657 4419 vocatur;
1688 4364 1744 4409 et

156 4439 479 4492 rusticitatis
517 4439 605 4493 hic
634 4440 809 4494 cultor
837 4441 955 4505 fuit,
989 4441 1112 4497 inde
1140 4442 1329 4511 falcem
1359 4443 1538 4500 ferens
1566 4446 1740 4514 pingi-

1816 1916 2056 1983 infernis,
2106 1918 2220 1974 sed.
2265 1959 2280 1973 .
2326 1958 2339 1974 .
2384 1959 2399 1972 .
2443 1958 2458 1973 .
2503 1959 2519 1973 .
2549 1919 2747 1975 dicitur
2773 1919 3067 1989 possidere.
3120 1919 3260 1993 Ergo
3304 1921 3406 1975 iste

1817 2006 1991 2061 nullas
2018 2008 2266 2076 proprias
2295 2008 2460 2063 habet
2491 2008 2665 2075 sedes,
2690 2009 2784 2065 sed
2807 2017 2882 2062 ut.
2920 2049 2935 2063 .
2971 2050 2984 2062 .
3019 2048 3033 2063 .
3064 2018 3121 2064 et
3141 2010 3303 2063 miser
3325 2009 3407 2063 in-

1818 2096 2003 2163 certis,
2033 2105 2090 2151 et
2118 2096 2297 2153 nullis.
2332 2136 2348 2152 .
2383 2138 2398 2151 .
2434 2138 2449 2151 .
2484 2137 2498 2151 .
2532 2139 2543 2150 .
2579 2098 2795 2153 sedibus
2826 2098 2955 2153 ﬁsus
2980 2113 3193 2170 semper
3222 2114 3311 2152 ex.
3341 2138 3355 2151 .
3389 2138 3403 2154 .

1820 2186 1941 2241 citis
1988 2185 2126 2241 ﬁlios
2156 2195 2212 2242 et
2256 2187 2391 2243 ﬁlias
2418 2189 2694 2255 genuisse,
2728 2188 2873 2256 quod
2902 2204 3011 2253 non
3060 2205 3126 2242 ex
3157 2188 3411 2257 legitimis

1823 2276 2041 2345 nuptiis,
2074 2277 2167 2331 sed
2213 2277 2279 2331 de
2310 2276 2552 2331 nefandis
2597 2279 2815 2333 incestis
2861 2286 2917 2331 et
2945 2276 3239 2344 adulteriis,
3270 2278 3411 2334 sicut

1824 2375 1879 2423 et
1908 2368 2007 2437 ipsi
2037 2368 2145 2421 nati
2166 2376 2324 2434 sunt;
2355 2369 2530 2423 adhuc
2557 2376 2736 2425 autem
2766 2386 2873 2424 non
2898 2371 3215 2425 erubescitis
3242 2380 3299 2427 et
3320 2387 3424 2431 80-.

1826 2456 1931 2510 lem
1976 2456 2157 2511 dicere
2204 2456 2366 2510 ﬁliam
2396 2458 2668 2523 habuisse,
2699 2466 2753 2513 et
2778 2459 2959 2513 lunam
2990 2475 3200 2515 amasse
3229 2459 3412 2532 Endy-

1826 2546 2082 2601 mionem.
2131 2547 2261 2612 Quis
2290 2548 2525 2601 ﬁdelium
2556 2549 2622 2601 ad
2654 2556 2855 2602 tantam
2885 2550 3149 2605 insaniam
3177 2562 3413 2604 vestram

1828 2653 1936 2691 non
1962 2639 2258 2691 irascatur?
2286 2639 2416 2703 Quis
2442 2654 2539 2693 vos
2559 2640 2613 2691 in
2636 2640 2829 2693 talibus
2861 2647 3267 2708 perseverantes
3306 2652 3414 2693 non

1829 2727 1975 2781 omni
1998 2742 2155 2796 poma
2181 2716 2371 2796 dignas
2399 2730 2706 2783 existimet?
2726 2731 2865 2783 sicut
2885 2739 2939 2783 et
2965 2728 3256 2783 Saturnum
3280 2728 3415 2782 dici-

1833 2818 1901 2871 tis
1930 2818 2094 2871 lilium
2124 2820 2267 2882 cmli,
2298 2827 2353 2873 et
2380 2818 2567 2874 Jovem
2597 2821 2712 2889 ejus
2762 2821 2928 2874 ﬁlium
2976 2820 3171 2873 iterum
3216 2820 3415 2887 dicitis,

1834 2908 1918 2962 vel
1946 2910 2124 2976 potius
2152 2911 2449 2963 mentimini
2472 2908 2767 2964 Minervam
2790 2926 2853 2965 ex
2876 2911 3052 2980 capite
3072 2911 3340 2977 genuisse.
3363 2951 3378 2966 .
3397 2950 3415 2967 .

1835 2997 2058 3064 femore,
2089 3008 2143 3054 et
2172 3001 2339 3053 multa
2364 3001 2485 3053 alia.
2526 3041 2539 3053 .
2574 3039 2587 3053 .
2624 3040 2637 3053 .
2674 3042 2687 3055 .
2722 3042 2733 3054 .
2765 3000 2897 3053 Nam
2923 3001 3035 3054 dem
3062 3010 3269 3055 vestrm.
3306 3040 3319 3053 .
3351 3040 3366 3054 .
3397 3039 3416 3056 .

1836 3088 2074 3142 asseritis
2119 3089 2445 3151 veneranda,
2477 3091 2825 3143 obscenitatis
2854 3090 2985 3143 vitio
3036 3091 3417 3158 continentur;

1836 3195 1903 3231 ex
1930 3179 2125 3245 quibus
2152 3194 2312 3232 unam
2342 3179 2509 3233 solam
2540 3180 2805 3232 Venerem
2834 3180 3009 3233 dicitis
3031 3194 3149 3232 esse
3176 3180 3227 3232 in
3257 3180 3418 3247 malo,

1836 3278 1892 3321 et
1926 3268 1979 3320 in
2010 3268 2169 3322 astris
2223 3269 2439 3336 ponitis.
2475 3279 2495 3299 θ
2523 3268 2633 3321 Cur
2662 3284 2769 3322 non
2820 3270 3137 3339 (interrogo)
3169 3279 3223 3323 et
3250 3269 3420 3323 Juno-

1837 3373 1982 3425 nem,
2014 3366 2069 3411 et
2096 3358 2407 3422 Minervam,
2440 3358 2526 3412 vel
2566 3358 2788 3411 Dianam
2808 3399 2822 3424 ,
2850 3359 2936 3414 vel
2979 3361 3240 3413 caeteras?
3260 3361 3420 3430 727

1836 3448 1917 3499 An
1940 3449 2064 3515 quia
2088 3447 2351 3502 Venerem
2375 3448 2550 3502 dicitis
2572 3448 2890 3518 speciosam,
2914 3448 3034 3503 ideo
3058 3464 3177 3502 eam
3208 3448 3259 3502 in
3282 3448 3421 3503 caelo

1838 3538 2082 3592 habitare
2122 3539 2452 3593 memoratis.
2490 3579 2503 3592 .
2536 3579 2550 3592 .
2586 3580 2602 3594 .
2638 3579 2651 3593 .
2684 3579 2697 3592 .
2729 3538 2989 3593 foeditatis
3020 3539 3247 3593 terrenis
3276 3537 3424 3591 sedi-

1839 3626 1939 3680 bus
1963 3626 2265 3695 deputatis?
2295 3627 2429 3691 Quid
2461 3628 2605 3680 illam
2632 3627 3148 3695 impudentissimam
3170 3626 3425 3681 feminam

1839 3717 1980 3771 inter
2000 3726 2079 3772 tot
2102 3718 2246 3781 viros
2266 3718 2437 3773 facitis
2460 3718 2511 3771 in
2534 3719 2691 3781 cmlo,
2720 3717 2846 3783 quid
2867 3717 2967 3770 sibi
2988 3717 3255 3771 vindicat?
3278 3715 3426 3771 Uxor

1840 3814 1923 3862 est
1946 3807 2190 3875 alicujus,
2219 3807 2505 3872 an‘mater,
2530 3822 2597 3860 an
2627 3823 2802 3871 soror,
2828 3821 2895 3859 an
2926 3805 3069 3859 ﬁlia?
3099 3805 3204 3859 Sed
3225 3806 3267 3859 si
3291 3805 3430 3862 nihil

1841 3901 2034 3957 horum
2074 3909 2174 3967 est,
2206 3908 2261 3954 et
2302 3908 2525 3969 propter
2566 3899 3019 3968 pulchritudinem
3068 3905 3273 3951 tantum
3304 3911 3430 3952 eam

1845 3993 2020 4047 dicitis
2048 4007 2164 4046 esse
2186 3993 2239 4045 in
2260 3993 2419 4055 coelo,
2441 4002 2561 4058 qua:
2582 3991 2743 4044 fuerit
2763 3990 3071 4055 fornicaria,
3102 3987 3227 4042 vide
3262 4003 3429 4056 quam

1845 4079 2106 4134 nefarium
2134 4080 2203 4133 sit
2245 4080 2590 4133 criminosam
2621 4077 3072 4146 pulchritudinem
3101 4077 3281 4130 dicere
3309 4090 3430 4131 esse

1843 4168 1897 4221 in
1924 4168 2089 4232 coelo,
2123 4176 2177 4221 ct
2224 4166 2514 4221 Minervam
2561 4182 2669 4219 non
2705 4166 2901 4233 dicitis,
2943 4180 3104 4233 quam
3132 4165 3306 4219 dicitis
3334 4179 3432 4218 ca-

1841 4266 1979 4313 stam
2018 4266 2073 4313 et
2114 4257 2444 4325 sapientem?
2474 4254 2710 4324 Apparet
2742 4270 2837 4309 vos
2858 4255 2983 4322 quia
3011 4253 3255 4308 carnales
3300 4251 3432 4307 estis

1842 4349 2023 4417 potius
2074 4362 2236 4417 quam
2285 4346 2573 4416 spiritales.
2652 4384 2667 4399 .
2747 4382 2761 4397 .
2840 4383 2857 4400 .
2936 4383 2951 4398 .
3031 4381 3046 4397 .
3125 4383 3140 4398 .
3222 4382 3237 4397 .
3314 4381 3331 4397 .
3408 4379 3428 4397 .

158 4537 268 4582 tur.
298 4528 416 4595 llic,
447 4544 567 4582 cum
596 4545 797 4585 vesano
820 4530 1001 4586 furore
1023 4542 1320 4601 raperetur,
1347 4532 1483 4587 filios
1511 4510 1859 4588 devora-D.
1951 4570 1967 4585 .
2054 4570 2069 4584 .
2162 4569 2176 4583 .
2266 4568 2283 4582 .
2372 4566 2386 4581 .
2467 4566 2482 4581 .
2558 4564 2572 4579 .
2653 4564 2668 4579 .
2748 4564 2763 4579 .
2840 4562 2857 4578 .
2936 4562 2953 4579 .
3032 4562 3048 4577 .
3127 4563 3143 4580 .
3220 4561 3236 4577 .
3314 4561 3332 4579 .
3405 4558 3426 4578 .

155 4618 231 4671 vit
260 4633 418 4683 suos;
450 4619 541 4687 qui
582 4626 638 4673 et
667 4628 858 4689 operto
884 4622 1082 4689 capite,
1117 4636 1185 4675 ne
1232 4630 1634 4691 agnosceretur,
1659 4624 1737 4678 ef-

155 4704 292 4774 fugit
338 4714 394 4759 et
421 4705 495 4759 ita
523 4707 578 4760 in
606 4706 840 4761 delubris
867 4709 1059 4763 vestris
1086 4708 1363 4765 formatur.
1417 4710 1603 4766 Jovem
1628 4711 1744 4781 ejus

158 4795 585 4851 ﬁliumamatre
632 4797 983 4852 subtractum.
1064 4838 1079 4852 .
1159 4838 1173 4853 .
1252 4840 1265 4854 .
1345 4838 1361 4853 .
1438 4839 1456 4855 .
1535 4840 1549 4855 .
1629 4840 1644 4855 .
1724 4842 1743 4857 .

163 4922 173 4937 Ι
261 4925 278 4939 ο
366 4925 382 4939 0
478 4926 493 4941 ο
586 4926 603 4941 0
683 4926 699 4941 0
777 4926 793 4941 0
871 4927 886 4941 0
964 4928 980 4941 0
1058 4928 1073 4943 0
1153 4928 1169 4944 0
1248 4927 1263 4942 0
1341 4927 1361 4943 θ
1438 4930 1453 4945 0
1535 4931 1551 4946 0
1630 4933 1649 4948 ο
1723 4932 1740 4946 ο

158 5009 173 5026 ⁸
264 5013 283 5028 ο
373 5013 391 5030 ο
478 5014 493 5029 ο
584 5014 599 5028 ο
679 5013 694 5029 0
772 5014 787 5029 0
866 5015 883 5031 ο
963 5016 978 5029 0
1058 5015 1074 5030 Ι
1156 5015 1172 5033 ⁸
1250 5015 1266 5032 ο
1344 5017 1361 5031 ο
1439 5018 1454 5033 0
1532 5018 1549 5034 0
1624 5019 1641 5034 Ο
1724 5021 1743 5036 ο

250 5168 269 5201 ³
294 5166 483 5233 Primus
504 5168 567 5233 ab
584 5169 806 5233 tethereo
826 5169 959 5219 venit
990 5168 1225 5218 Saturnus
1250 5170 1473 5233 Olympo,

280 5229 427 5293 arma
450 5228 585 5293 Jovis
602 5229 822 5293 fugiens,
847 5238 898 5293 et
929 5234 1098 5291 regnis
1128 5231 1269 5280 exsul
1295 5228 1557 5293 ademptis,

178 5302 203 5321 ι
283 5288 329 5352 [ε
351 5300 510 5348 genus
534 5288 760 5352 indocile,
790 5288 846 5340 ac
867 5288 1141 5352 dispersum
1166 5294 1409 5340 montibus
1433 5288 1543 5341 altis

280 5347 579 5413 pomposuit,
605 5347 849 5413 legesque
868 5347 1021 5409 dedit,
1050 5351 1340 5413 Latiumque
1368 5352 1523 5402 vocari

284 5409 471 5473 Maluit,
490 5410 566 5459 bis
586 5409 812 5473 quoniam
826 5412 1066 5473 latuisset
1087 5418 1217 5460 tutus
1244 5409 1291 5459 in
1316 5416 1430 5463 oris.

654 5470 851 5521 Eneid.
877 5471 959 5521 lib.
985 5486 1085 5529 VIII,
1109 5485 1234 5522 vers.
1257 5474 1365 5523 5l9.

234 5573 255 5605 'i
288 5572 429 5641 Virg.
461 5572 555 5628 lib.
584 5589 695 5640 vni,
726 5588 865 5628 vers.
899 5572 984 5626 47.

286 5683 321 5747 ξ
331 5682 419 5732 Ast
444 5696 559 5743 ego,
584 5684 868 5747 quaidivum
891 5684 1064 5732 incedo
1088 5685 1280 5745 regina,
1306 5684 1538 5747 Jovisquc

283 5742 499 5797 Etsoror
523 5752 576 5795 et
592 5745 793 5807 coniux,
816 5756 910 5793 una
927 5757 1036 5794 cum
1059 5742 1213 5808 genio
1234 5742 1304 5798 tet
1321 5742 1473 5797 annos

1847 4660 1863 4675 ι
1951 4659 1965 4673 ο
2058 4659 2072 4671 ο
2167 4658 2181 4671 0
2273 4657 2286 4671 0
2368 4654 2382 4670 0
2464 4655 2479 4670 0
2559 4654 2575 4669 0
2654 4654 2669 4669 0
2748 4654 2763 4669 ο
2842 4654 2857 4669 0
2935 4650 2952 4667 ο
3031 4652 3045 4667 0
3125 4652 3139 4667 ο
3219 4652 3234 4665 0
3313 4648 3330 4666 0
3408 4649 3428 4667 0

1842 4798 2159 4865 religionem
2184 4813 2276 4861 qu.
2312 4834 2326 4848 .
2360 4835 2373 4849 .
2410 4833 2423 4848 .
2456 4833 2469 4848 .
2508 4835 2521 4848 .
2556 4809 2633 4853 .,a
2663 4793 2817 4848 vobis
2845 4792 3053 4860 antiqui
3080 4791 3173 4845 lib.
3209 4828 3224 4844 .
3260 4828 3275 4844 .
3311 4828 3325 4843 .
3357 4829 3374 4844 .
3410 4830 3427 4847 .

1845 4882 2046 4944 lumina
2092 4903 2213 4943 cum
2256 4887 2348 4941 bu.
2384 4926 2396 4938 .
2434 4927 2447 4940 .
2483 4925 2496 4939 .
2533 4926 2546 4941 .
2579 4924 2593 4937 .
2629 4924 2643 4937 .
2679 4925 2694 4938 .
2730 4924 2743 4937 .
2780 4884 3004 4954 picturis
3059 4889 3116 4936 et
3164 4882 3327 4951 signis
3376 4890 3434 4935 et

1847 4980 1982 5036 insa.
2016 5018 2030 5033 .
2066 5018 2079 5032 .
2116 5016 2129 5031 .
2165 5018 2181 5032 .
2210 4978 2403 5033 vestris
2440 4976 2638 5033 talibus
2684 4972 3048 5031 delectamini.
3082 4973 3103 5003 ⁵
3130 4970 3240 5027 Cur
3267 4970 3431 5026 hodie

1968 5172 2103 5220 Bella
2129 5173 2277 5229 gero!
2302 5170 2362 5219 Et
2384 5171 2638 5231 quisquam
2671 5181 2854 5219 numen
2878 5168 3081 5217 Junonis
3101 5169 3277 5220 adoret

1972 5234 2241 5285 Prwterea.
2268 5241 2352 5281 aut
2373 5230 2579 5293 supplex
2602 5233 2702 5279 aris
2720 5234 2929 5293 imponat
2952 5230 3225 5293 honorem?

2597 5290 2794 5341 Λῖηεὶά.
2821 5290 2905 5341 lib.
2926 5304 2961 5350 ι,
2985 5302 3109 5340 vers.
3137 5290 3217 5341 50.

1918 5394 1940 5425 ⁸
1973 5394 2051 5448 Ex
2099 5410 2206 5464 quo
2248 5394 2756 5466 originem__duca_nt
2785 5394 2900 5447 haec
2945 5392 3172 5448 deorum
3215 5392 3439 5451 nomina

1847 5462 2045 5518 Cicero
2070 5462 2228 5518 tradit
2253 5462 2405 5519 libiu
2428 5466 2495 5517 dc
2524 5463 2645 5516 Nat.
2672 5463 2917 5517 deorum.

1926 5536 1945 5564 ⁵
1976 5532 2054 5585 Ex
2101 5534 2305 5588 Gnecia
2336 5536 2387 5587 in
2417 5533 2618 5586 Italiam
2651 5531 2763 5585 ludi
2811 5531 3011 5585 scenici
3058 5532 3291 5600 primum
3320 5540 3436 5587 tra-

1856 5602 2004 5671 ducti
2032 5611 2175 5656 sunt.
2201 5604 2257 5656 S.
2283 5603 2504 5671 August.
2530 5602 2595 5655 de
2625 5600 2786 5654 Civit.
2816 5602 2911 5655 Dei
2933 5602 3026 5654 lib.
3058 5618 3113 5665 ιι,
3146 5617 3265 5671 cap.
3298 5601 3353 5665 8,
3379 5611 3439 5657 ut

1860 5670 2132 5725 Romanos
2172 5670 2397 5739 gentiles
2434 5672 2501 5725 de
2548 5685 2735 5723 eorum
2783 5671 3024 5725 caecitate
3070 5670 3437 5736 convinceret,

1857 5741 2051 5805 probat
2098 5743 2243 5810 ipsos
2296 5758 2403 5797 non
2431 5753 2707 5797 sacrorum
2748 5741 3055 5810 sanctitate,
3084 5740 3180 5797 sed
3220 5755 3438 5797 suarum
