3896 6250
515 338 614 396 787

1718 331 1774 385 S.
1815 325 2057 384 MAXIM!
2094 326 2543 381 TAURINENSIS
3658 318 3742 379 733

516 467 632 523 quae
656 452 709 505 in
737 449 961 504 theatris
987 446 1053 501 ad
1074 445 1484 501 acclamationes
1513 451 1716 497 vestras
1740 439 2085 509 impurissimi
2114 439 2166 498 Α
2189 437 2317 506 quid
2338 438 2426 491 hic
2457 437 2618 491 fatum
2648 436 2822 490 facere
2860 437 3032 504 potuit
3065 452 3076 486 :
3109 433 3362 502 nunquid
3386 446 3567 487 omnes
3592 433 3640 486 in
3667 433 3746 490 iﬂe

515 541 801 596 histriones
829 537 1134 606 exprimunt
1159 536 1328 604 ipsam
1371 531 1692 602 impudicam
1723 528 1984 583 Venerem
2031 535 2086 582 et

516 629 811 682 adulterum
837 624 1079 688 Martem,
1111 622 1298 677 Jovem
1327 623 1472 675 illum
1499 620 1796 689 principem
1835 618 2086 671 vitiorum

518 720 571 771 in
596 727 837 771 terrenos
859 728 1069 768 amores
1098 728 1219 767 cum
1241 713 1350 766 suis
1371 709 1696 771 fulminibus,
1725 707 1776 761 id
1796 715 1876 761 est
1900 705 2088 774 magiis

519 810 855 861 immutatum
901 805 1204 868 albescere;
1237 817 1380 856 nunc
1425 815 1590 855 aureo
1637 800 1806 854 imbre
1856 796 2090 852 deﬂuere

529 1339 827 1410 Quicunque
853 1340 989 1392 enim
1018 1339 1130 1392 sine
1157 1337 1266 1408 lege
1293 1346 1622 1406 peccaverunt
1641 1376 1654 1399 ,
1686 1338 1795 1392 sine
1821 1338 1930 1405 lege
1957 1339 2095 1405 peri-

528 1431 669 1494 bunt,
701 1437 749 1482 et
771 1429 1050 1498 quicunque
1072 1427 1125 1479 in
1156 1426 1263 1496 lege
1284 1435 1636 1494 peccaverunt,
1660 1442 1750 1493 per
1773 1425 1934 1496 legem
1953 1424 2098 1494 judi-

2186 527 2387 580 diluvio
2418 525 2584 580 fatum
2613 523 2838 590 occidit,
2862 532 2953 577 aut
2981 524 3068 577 isti
3090 524 3182 576 uni
3204 523 3381 576 fatum
3409 523 3571 575 vitam
3594 522 3745 576 dona-

2187 619 2302 672 vit?
2328 621 2342 649 ⁸
2374 618 2430 671 Si
2461 609 2647 671 omnes
2689 615 2851 668 fatum
2873 613 3089 680 occidit,
3134 628 3232 668 cur
3275 627 3388 666 non
3417 621 3473 666 et
3499 613 3682 665 istum?
3710 613 3747 666 si

2189 710 2312 764 huic
2339 709 2506 763 fatum
2549 709 2713 763 vitam
2741 707 2976 771 donavit,
3007 721 3104 759 cur
3129 720 3240 759 non
3269 711 3327 758 et
3351 703 3633 757 omnibus?
3655 701 3748 757 Sed

2190 815 2317 854 vere
2361 801 2532 855 virtus
2577 808 2630 854 et
2659 799 2897 868 potentia
2949 795 3341 865 omnipotentis
3368 792 3467 847 Dei
3496 793 3607 847 hac
3650 793 3751 846 sine

2191 890 2352 944 dubio
2381 889 2530 952 fecit,
2562 889 2654 957 qui
2692 887 3058 957 pervicacibus
3087 894 3143 940 et
3169 884 3640 940 mntemnentibus
3663 882 3751 936 tri-

2191 982 2306 1037 buit
2332 995 2537 1050 pinnas,
2562 987 2617 1038 et
2635 979 2794 1049 justis
2824 986 2878 1032 et
2905 993 3000 1032 sua
3020 984 3287 1047 praecepta
3317 975 3654 1032 servantibus
3677 991 3750 1030 sa-

2194 1073 3749 1126 lutem...............

530 1518 780 1572 cabuntur
819 1516 994 1585 (Rom.
1027 1516 1122 1586 II);
1169 1523 1224 1568 et
1271 1530 1376 1569 non
1406 1515 1726 1568 erubescunt
1777 1515 1967 1582 pagani
2019 1520 2100 1567 ῑοι
2197 1519 2369 1574 dicam
2399 1518 2544 1586 quia
2571 1517 2825 1584 magistro
2847 1514 3030 1585 Moyse
3057 1517 3204 1572 nullo
3230 1517 3445 1572 virtutis
3471 1518 3664 1571 merito
3681 1516 3764 1571 de-

531 1609 662 1661 deos
685 1613 739 1659 et
766 1605 894 1660 deas
923 1605 1121 1668 dicere,
1150 1602 1437 1656 Saturnum
1458 1603 1704 1670 genuisse
1730 1610 1785 1656 et
1810 1601 1996 1655 Jovem
2013 1602 2099 1656 vel
2198 1621 2482 1675 generasse
2511 1606 2871 1673 cognoscitur,
2899 1605 3096 1673 quique
3124 1605 3191 1661 ad
3227 1605 3604 1660 debellandam
3630 1603 3752 1659 leri-

531 1706 773 1752 cacteros.
807 1695 912 1748 Sed
933 1695 975 1747 si
1007 1702 1131 1746 tunc
1159 1695 1267 1744 nati
1296 1697 1417 1746 sunt
1445 1692 1548 1755 dii,
1579 1708 1674 1745 cur
1701 1706 1807 1745 non
1837 1691 2100 1757 hodieque
2200 1701 2301 1754 eho
2342 1699 2609 1753 civitatem
2655 1695 2946 1766 profectus,
2999 1696 3244 1764 precibus
3274 1697 3439 1766 729
3465 1696 3598 1758 suis,
3626 1693 3760 1748 velut

533 1787 855 1840 nascuntur?
886 1784 986 1837 nisi
1033 1783 1191 1847 forte,
1224 1791 1280 1836 ut
1307 1783 1500 1836 iterum
1546 1791 1759 1836 sanctus
1805 1781 2102 1852 Cyprianus
2131 1772 2176 1831 B
2202 1787 2433 1857 quodam
2487 1786 2728 1850 fulmine,
2771 1783 2982 1839 Jericho
3009 1799 3191 1839 muros
3217 1785 3335 1839 sine
3362 1800 3516 1839 mora
3546 1784 3755 1852 dejecit,

532 1879 763 1940 dicebat,
794 1883 886 1930 aut
906 1874 1114 1943 Jupiter
1155 1875 1352 1940 senuit,
1378 1883 1469 1928 aut
1492 1881 1672 1943 partus
1701 1875 1754 1926 in
1776 1872 1984 1927 Junone
2009 1873 2102 1928 de-

532 1971 679 2026 fecit.
719 1970 851 2024 ltem
877 1969 1069 2039 pagani
1097 1970 1305 2023 volatus
1331 1969 1508 2022 avium
1550 1969 1837 2022 observant
1863 1976 1915 2022 et
1944 1983 2102 2024 voces

533 2077 816 2115 corvorum
863 2059 946 2114 vel
985 2059 1395 2121 cornicularum,
1426 2066 1482 2112 et
1509 2058 1561 2111 in
1593 2058 1754 2112 libris.
1793 2099 1804 2111 .
1841 2098 1853 2114 .
1888 2098 1901 2111 .
1938 2098 1953 2112 .
1987 2098 2000 2111 .
2037 2099 2050 2112 .
2082 2098 2098 2114 .

531 2417 2096 2484 tionibusin........quiruntseddin.........

531 2523 653 2564 mus
677 2509 820 2577 quod
850 2522 1029 2562 caver.
1066 2545 1078 2558 .
1113 2546 1126 2559 .
1162 2545 1174 2558 .
1213 2545 1226 2558 .
1261 2546 1274 2558 .
1311 2544 1324 2558 .
1360 2545 1374 2559 .
1409 2545 1422 2559 .
1456 2508 1727 2575 praeterire
1757 2521 1855 2560 nec
1879 2521 1955 2561 es.
1991 2545 2005 2559 .
2038 2545 2050 2558 .
2083 2546 2097 2559 .

530 2612 636 2668 qua
667 2596 945 2650 imminent
971 2597 1039 2649 vi.
1073 2636 1085 2649 .
1123 2634 1136 2646 .
1174 2634 1186 2648 .
1222 2635 1236 2648 .
1273 2634 1285 2648 .
1315 2595 1534 2660 clinare,
1565 2596 1757 2663 quibus
1781 2594 2033 2660 dicimus;
2057 2595 2102 2649 si

531 2699 661 2754 ergo
676 2686 838 2755 728
852 2684 1009 2737 vitari
1031 2686 1254 2752 p'ossunt
1275 2698 1368 2752 per
1384 2684 1774 2737 observantiam
1791 2698 1907 2752 qua:
1927 2683 2103 2738 futura

529 2783 674 2837 sunt,
701 2773 812 2841 jam
841 2788 968 2841 ergo
995 2788 1103 2826 non
1130 2772 1227 2827 sub
1251 2771 1343 2825 fati
1366 2781 1508 2826 sorte
1537 2773 1712 2840 agitur
1736 2774 1895 2826 homo
1921 2781 1975 2827 et
2004 2774 2102 2825 im-

529 2862 743 2918 mobilis
787 2860 1008 2924 decreti,
1039 2861 1130 2929 qui
1159 2860 1378 2914 arbitrio
1404 2875 1502 2914 suo
1552 2869 1608 2913 et
1651 2860 1858 2914 cautela
1906 2861 2103 2930 poterit

530 2952 802 3007 declinare
825 2948 969 3018 quod
1014 2949 1273 3004 imminet.
1322 2948 1428 3002 Sed
1456 2949 1674 3003 dicunt:
1706 2949 1822 3003 Non
1850 2957 2102 3019 poterunt

531 3041 806 3095 declinari.
837 3039 1082 3093 Dicamus
1118 3037 1185 3099 ad
1214 3053 1308 3092 eos
1330 3037 1521 3091 iterum
1548 3056 1560 3090 :
1589 3035 1696 3091 Cur
1723 3052 1849 3106 ergo
1878 3039 2098 3108 inquiri-

2200 1889 2256 1934 et
2283 1893 2450 1946 usque
2479 1877 2544 1932 ad
2591 1877 2934 1930 fundamenta
2959 1875 3277 1944 prostravit;
3309 1875 3402 1944 qui
3438 1876 3606 1930 etiam
3645 1874 3757 1929 soli:

2200 1969 2541 2026 citatissimos
2563 1981 2748 2022 cursus
2775 1980 2934 2034 supra
2962 1962 3182 2019 Gabaon
3209 1965 3416 2020 orando
3457 1965 3634 2019 tenuit
3658 1963 3758 2034 (Jo-

2200 2076 2289 2112 sue
2316 2056 2393 2127 ι),
2425 2065 2479 2110 et
2508 2057 2644 2109 lunae
2685 2055 2798 2109 vias
2844 2069 3002 2124 supra
3047 2054 3357 2123 phalanges,
3403 2069 3502 2111 sua
3552 2051 3756 2108 interdi-

2200 2149 2378 2203 ctione
2398 2145 2728 2214 compressit,
2752 2159 3028 2214 usquequo
3050 2159 3233 2200 omnes
3253 2143 3596 2198 adversarios
3617 2157 3760 2212 supe-

2200 2247 2363 2293 raret.
2387 2235 2523 2302 Quid
2543 2236 2609 2291 de
2624 2234 2737 2288 Elia
2762 2235 3097 2288 sanctissimo
3110 2234 3306 2302 dicam,
3329 2235 3424 2302 qui
3445 2231 3759 2291 meritoﬂdei

2200 2331 2403 2384 clavem
2454 2326 2696 2381 imbrium
2740 2324 2983 2393 gestabat
3010 2324 3062 2377 in
3091 2322 3269 2388 labiis,
3300 2323 3371 2378 de
3397 2338 3504 2393 qua
3533 2323 3758 2377 clausum

2203 2776 2582 2846 naufragorum
2611 2776 2678 2830 ab
2706 2775 2961 2845 opinione
3004 2791 3112 2830 non
3151 2776 3385 2840 destitit;
3432 2787 3488 2830 et
3517 2783 3688 2831 totum
3733 2791 3758 2829 I

2203 2867 2425 2921 Domino
2453 2864 2708 2933 quidquid
2753 2865 3043 2934 postulavit
3085 2867 3308 2935 accepit,
3354 2873 3407 2921 et
3436 2867 3588 2921 velut
3627 2866 3760 2922 navis

2204 2955 2373 3009 ﬁdelis
2403 2956 2491 3009 illa
2520 2955 2665 3010 salva
2707 2953 2823 3018 fuit,
2856 2963 2909 3008 et
2936 2955 3246 3023 perductum
3290 2955 3361 3009 ad
3403 2957 3596 3025 ripam,
3639 2957 3760 3010 sient

2203 3055 2498 3116 acceperat,
2525 3047 2786 3113 integrum
2815 3047 3232 3115 repraesentavit.
3257 3045 3458 3103 Omnes
3477 3048 3636 3102 etiam
3657 3062 3762 3101 san-

531 3131 634 3186 tis?
653 3144 746 3183 cur
765 3129 960 3182 frustra
977 3127 1238 3181 sacriﬁcia
1260 3126 1576 3181 celebratis?
1594 3142 1689 3182 cur
1709 3141 1868 3181 voces
1888 3128 2098 3180 avium?
2125 3113 2168 3176 C
2202 3135 2274 3188 cn
2315 3113 2589 3205 ῥτοριιειω
2627 3135 2818 3188 (nemo
2868 3113 2988 3188 fidei
3016 3149 3144 3200 sum,
3177 3141 3234 3188 υι
3278 3135 3533 3200 diximus,
3583 3135 3762 3190 ωηιω

533 3217 1168 3275 curvolatusattenditis.
1248 3256 1260 3268 .
1344 3257 1356 3269 .
1435 3256 1448 3270 .
1529 3256 1541 3268 .
1621 3256 1632 3267 .
1713 3256 1724 3267 .
1806 3257 1818 3268 .
1901 3258 1910 3268 .
1991 3258 2003 3270 .
2084 3257 2096 3270 .

536 3347 549 3362 ο
640 3347 652 3357 ι
751 3347 762 3357 ο
858 3345 870 3357 ο
966 3345 978 3357 ο
1059 3343 1074 3356 0
1153 3343 1165 3355 ο
1247 3343 1258 3354 ο
1341 3344 1352 3356 ο
1434 3343 1444 3354 α
1527 3344 1537 3354 ι
1622 3342 1634 3354 ο
1715 3343 1727 3354 ι
1808 3342 1820 3354 ο
1901 3343 1912 3354 0
1993 3343 2004 3354 ο
2085 3344 2095 3354 ι

531 3577 871 3645 ingemueris.
908 3615 921 3629 .
957 3615 970 3628 .
1004 3614 1017 3628 .
1053 3614 1068 3628 .
1099 3574 1192 3630 Vis
1228 3575 1366 3629 scire
1385 3583 1641 3642 quantum
1662 3588 1847 3643 preces
1866 3574 2100 3641 valeant,

532 3673 793 3735 quantum
819 3665 1068 3733 placeant
1107 3663 1335 3718 Domino
1365 3662 1477 3716 Deo
1516 3665 1787 3718 orationes
1832 3662 2097 3729 ﬁdelium;

533 3755 743 3824 inquire
772 3755 826 3807 in
853 3753 1004 3810 libris
1028 3753 1246 3818 nostris,
1279 3753 1332 3806 in
1359 3753 1506 3806 libris
1552 3753 1694 3806 clara
1725 3755 1947 3808 veritate
1977 3770 2100 3824 per-

532 3845 761 3915 spicuis;
791 3844 999 3912 inquire
1017 3843 1086 3898 de
1110 3842 1244 3907 Noe,
1273 3843 1478 3910 inquire
1498 3842 1562 3896 de
1577 3841 1776 3912 Moyse,
1810 3843 2014 3912 inquire
2037 3844 2103 3899 de

533 3934 661 3988 Jesu
682 3935 790 3988 ﬁlio
818 3933 986 4000 Nave,
1008 3933 1219 4000 inquire
1247 3932 1313 3986 de
1340 3930 1454 3985 Elia
1485 3933 1568 3991 vel
1596 3931 1790 3996 Eliseo,
1811 3934 2015 4001 inquire
2035 3934 2103 3990 de

534 4024 672 4079 Jona
699 4024 784 4078 vel
811 4023 1016 4077 crcteris
1041 4024 1237 4078 sanctis
1265 4023 1544 4091 prophetis
1573 4031 1626 4076 et
1652 4024 1822 4077 beatis
1851 4027 2104 4093 apostolis

537 4113 735 4170 Christi
758 4109 1052 4180 discipulis,
1083 4111 1275 4180 quibus
1302 4117 1474 4163 totum
1499 4110 1752 4165 Dominus
1781 4111 1924 4165 dedit
1945 4113 2102 4180 quid-

535 4206 663 4278 quid
689 4221 874 4260 eorum
905 4202 1077 4259 ﬁdelis
1106 4204 1279 4258 oratio
1306 4203 1627 4273 postulavit;
1658 4203 1779 4259 inde
1807 4219 1933 4274 ergo
1958 4207 2106 4262 inve—

538 4299 657 4352 nies
701 4303 903 4365 quanta
927 4310 957 4348 a
987 4303 1041 4348 te
1066 4302 1320 4364 poterunt
1365 4294 1657 4364 impetrari.
1692 4333 1705 4346 .
1743 4336 1757 4348 .
1794 4335 1806 4348 .
1841 4334 1853 4347 .
1889 4335 1903 4350 .
1939 4335 1952 4348 .
1989 4335 2002 4349 .
2037 4336 2049 4348 .
2088 4336 2101 4350 .

537 4400 664 4456 que.
701 4423 714 4437 .
753 4424 764 4438 .
800 4422 813 4435 .
850 4423 863 4437 .
899 4422 912 4437 .
945 4422 959 4437 .
994 4422 1006 4434 .
1042 4423 1057 4437 .
1088 4381 1240 4437 iloto.
1273 4421 1288 4436 .
1321 4420 1334 4435 .
1371 4420 1385 4435 .
1419 4421 1433 4434 .
1469 4420 1480 4435 .
1519 4421 1531 4434 .
1565 4382 1837 4450 naufragio
1866 4385 2004 4437 inter
2025 4383 2106 4438 lu-

540 4481 722 4535 rentes
769 4473 940 4528 undas
995 4480 1050 4526 et
1096 4473 1369 4541 strepitus.
1404 4510 1416 4524 .
1453 4509 1465 4524 .
1501 4511 1515 4524 .
1551 4512 1564 4524 .
1593 4471 1889 4527 ludentium
1943 4474 2104 4530 etiam
2135 4462 2180 4521 Ι)

542 4562 781 4630 undique
807 4562 1181 4631 procellarum,
1213 4577 1308 4631 per
1333 4562 1516 4617 maris.
1553 4601 1565 4614 .
1603 4601 1616 4615 .
1649 4562 1950 4617 discrimina
1981 4579 2105 4634 per-

542 4651 925 4706 excellentium
960 4665 1216 4718 aquarum
1245 4650 1526 4703 metuenda
1555 4654 1828 4706 cacumina
1849 4653 2014 4708 fretus
2042 4657 2108 4711 de

545 4739 758 4793 Domini
783 4739 980 4807 pietate
1002 4739 1224 4793 feliciter
1246 4739 1496 4805 evaserit,
1530 4779 1543 4791 .
1580 4780 1593 4793 .
1629 4781 1640 4794 .
1673 4781 1686 4793 .
1713 4741 1908 4811 quique
1933 4746 2106 4813 preci-

545 4830 646 4886 bus
676 4828 805 4883 fusis
832 4829 896 4882 ad
927 4828 1205 4883 Dominum
1231 4830 1485 4882 meruerit
1513 4830 1820 4896 incolumis,
1853 4850 1973 4888 cum
2001 4838 2110 4892 suis

549 4920 795 4976 omnibus
823 4919 1100 4984 reservari,
1133 4927 1191 4973 ut
1218 4919 1501 4972 miraretur
1545 4927 1599 4974 et
1645 4921 1758 4990 ipsa
1799 4931 2104 4994 tempestas,

550 5009 801 5064 omnibus
821 5009 1016 5077 ubique
1044 5009 1409 5078 pereuntibus,
1435 5025 1595 5062 unum
1617 5011 1954 5069 solummodo
1988 5032 2109 5072 cum

547 5098 658 5155 suis
687 5098 1023 5167 superstitem
1052 5100 1301 5155 evasisse.
1333 5098 1523 5156 Dicant
1559 5103 1771 5170 pagani,
1799 5104 1840 5157 si
1867 5117 2108 5174 possunt,

549 5302 937 5374 turpitudinum
992 5299 1224 5356 editione
1267 5300 1658 5374 deosplacare
1707 5301 1958 5374 voluisse.
1993 5304 2108 5360 Hoc

547 5370 684 5438 dico,
709 5373 843 5442 quod
870 5379 1112 5442 negantes
1134 5372 1382 5424 convincit
1407 5370 1639 5431 historia,
1665 5372 1866 5425 eosdem
1892 5373 2010 5426 illos
2032 5375 2109 5426 lu-

549 5447 641 5497 dos
672 5441 728 5494 in
753 5441 1174 5510 quibus'regnant
1201 5442 1442 5510 ﬁgmenta
1471 5450 1751 5509 poetarum,
1777 5458 1877 5494 non
1899 5459 1988 5508 per
2012 5446 2110 5496 im-

548 5517 763 5582 peritum
811 5510 1103 5582 obsequium
1146 5514 1303 5564 sacris
1353 5512 1574 5582 deorum
1611 5527 1818 5564 suorum
1870 5512 2109 5582 intulisse

553 5582 832 5644 Romanos,
856 5579 944 5633 sed
966 5581 1100 5650 ipsos
1128 5582 1264 5646 deos,
1296 5591 1350 5632 ut
1377 5579 1471 5631 sibi
1499 5580 1788 5650 solemniter
1817 5580 2105 5646 ederentur,

547 5662 598 5702 et
651 5651 832 5705 honori
882 5649 990 5704 suo
1021 5660 1432 5704 consecrarentur
1486 5649 1661 5713 acerbe
1702 5650 2028 5718 imperando,
2057 5659 2105 5705 et

2203 3224 2429 3278 virtutes
2456 3232 2512 3278 et
2539 3222 2705 3276 multa
2750 3223 3012 3276 mirabilia
3041 3223 3401 3292 perfecerunt.
3434 3222 3584 3277 Beati
3611 3224 3761 3277 etiam

2204 3315 2430 3383 apostoli
2459 3321 2515 3368 et
2533 3311 2834 3367 confractos
2865 3312 3063 3366 viribus
3091 3313 3466 3377 restituebant,
3509 3321 3565 3366 et
3585 3313 3710 3367 nihil
3733 3327 3760 3365 a

2201 3407 2310 3459 fato
2337 3404 2610 3475 petebant,
2643 3410 2697 3456 et
2725 3400 2964 3456 inﬁrmos
2993 3402 3267 3466 curabant,
3303 3409 3361 3455 et
3399 3409 3637 3455 mortuos
3674 3415 3759 3456 su-

2202 3496 2494 3558 scitabant;
2526 3493 2618 3547 sed
2670 3492 2847 3547 omnia
2891 3491 2982 3544 Dei
3014 3491 3224 3554 virtute,
3258 3498 3312 3544 et
3351 3489 3548 3545 Christi
3577 3490 3758 3544 auxilio

2205 3579 2582 3651 adimplel‘lant.
2661 3620 2673 3633 .
2755 3621 2767 3633 .
2848 3621 2860 3632 .
2939 3578 3048 3633 Diis
3095 3592 3305 3647 pagano
3384 3619 3396 3631 .
3478 3619 3491 3632 .
3571 3619 3586 3632 .
3657 3618 3670 3631 .
3742 3617 3752 3629 .

2203 3671 2835 3728 dilectissimisdicamus.
2917 3712 2928 3723 .
3009 3710 3022 3722 .
3102 3709 3114 3724 .
3194 3711 3206 3723 .
3288 3709 3300 3722 .
3385 3710 3398 3724 .
3479 3712 3492 3724 .
3571 3710 3584 3723 .
3657 3710 3669 3723 .
3742 3709 3752 3720 .

2204 3770 2287 3817 est
2307 3769 2361 3821 et
2390 3761 2510 3815 ﬁdei
2552 3769 2746 3815 nostra:

2204 3856 2749 3924 loquamurunusest
2823 3892 2835 3904 .
2917 3893 2930 3906 .
3010 3893 3024 3906 .
3103 3893 3116 3905 .
3192 3893 3204 3905 .
3287 3892 3300 3904 .
3385 3893 3398 3906 .
3479 3890 3494 3905 .
3570 3891 3582 3904 .
3654 3890 3667 3903 .
3738 3888 3752 3904 .

2206 3945 2458 4000 Dominus
2481 3945 2638 4008 Deus,
2667 3952 2956 4003 etsanctus
3003 3985 3015 3998 .
3095 3985 3107 3997 .
3187 3985 3200 3997 .
3282 3984 3295 3997 .
3378 3986 3392 3999 .
3474 3985 3487 3998 .
3566 3985 3579 3996 .
3654 3981 3667 3996 .
3738 3982 3750 3997 .

2205 4037 3750 4091 estdiceus..............

2205 4126 3750 4194 limitaspotest.............

2206 4231 2290 4272 em
2318 4230 2440 4270 cum
2467 4215 2579 4269 sola
2609 4215 2802 4270 habeat
2837 4224 3182 4284 potestatem,
3212 4218 3356 4275 hunc
3397 4233 3559 4274 unum
3602 4218 3752 4272 Deum

2206 4305 2375 4361 credit
2399 4312 2454 4358 et
2478 4313 2764 4360 veneratur
2785 4305 3042 4364 Ecclesia.
3078 4307 3173 4376 qui
3220 4308 3401 4362 omnia
3444 4321 3753 4377 qucuon

2207 4404 2350 4460 sunt,
2381 4395 2545 4450 verbo
2585 4395 2877 4464 maiestatis
2907 4413 3017 4451 sua:
3060 4405 3116 4452 et
3151 4398 3415 4468 sapientia
3442 4400 3652 4468 format,
3677 4414 3752 4453 ra-

2207 4486 2353 4541 tione
2398 4492 2454 4538 et
2493 4487 2846 4556 omnipotenti
2883 4487 3079 4543 virtute
3122 4499 3493 4557 consummat;
3540 4491 3624 4545 hic
3658 4505 3754 4544 non

2207 4575 2376 4632 videri
2404 4584 2614 4646 potest;
2643 4578 2758 4632 visu
2795 4580 2988 4636 clarior
3016 4587 3115 4646 est,
3145 4595 3247 4635 nec
3288 4581 3571 4647 aestimari;
3611 4595 3754 4635 sensu

2209 4667 2379 4735 major
2407 4674 2514 4731 est;
2558 4674 2612 4722 et
2650 4667 2771 4724 ideo
2797 4669 2874 4725 sic
2917 4684 3038 4724 eum
3066 4669 3224 4737 digne
3267 4672 3609 4739 aestimamus,
3642 4669 3754 4724 dum

2211 4757 2628 4811 inaestimabilem
2678 4758 2918 4814 dicimus.
2951 4758 3050 4814 Hic
3077 4767 3180 4827 est,
3225 4761 3473 4829 inquam,
3523 4759 3756 4815 Dominus

2211 4851 2351 4903 Deus
2373 4857 2575 4915 noster,
2594 4864 2751 4918 quem
2775 4857 2829 4904 et
2848 4851 2948 4920 ipsi
2969 4852 3176 4905 ratione
3196 4853 3433 4921 superati
3455 4864 3755 4921 paganorum

2212 4938 2533 5010 philosophi,
2580 4939 2680 4992 etsi
2726 4954 2832 4994 non
2881 4948 3220 5004 venerantur,
3269 4948 3446 4997 tamen
3489 4944 3757 5010 agnoscunt

2217 5029 2405 5080 Deum.
2429 5025 2553 5079 Ideo
2579 5025 2791 5093 quidem
2819 5042 2929 5081 non
2948 5039 3299 5092 venerantur,
3324 5032 3571 5097 quoniam
3598 5030 3644 5083 in
3680 5027 3755 5080 in—

2210 5116 2405 5184 juriam
2434 5115 2597 5177 ipsius
2624 5113 2894 5171 Creatoris
2919 5117 3113 5178 multos
3137 5129 3385 5174 asserunt
3408 5120 3553 5184 deos,
3595 5125 3644 5172 et
3669 5115 3758 5168 ho-

2219 5310 2591 5383 quoqeinmodo
2606 5311 2962 5383 exter-quentia
2991 5313 3188 5383 fecisse.

2293 5327 2591 5364 oaammoao
2616 5327 2962 5434 θέειον-πιθηαο
2991 5327 3188 5383 ιρι-τελε.

2293 5387 2306 5462 ξ
2339 5379 2436 5462 llic
2474 5379 2739 5462 ﬂeximus
2815 5396 2879 5434 oe
2909 5383 3263 5462 patriarcham
3295 5384 3555 5462 indigitat,
3579 5380 3680 5462 qui,
3705 5386 3753 5431 ut

2215 5449 2443 5521 habetur
2470 5448 2699 5521 Genesis
2723 5464 2841 5517 cap.
2873 5452 3158 5521 vu_,_salvus
3185 5467 3250 5506 ex
3275 5448 3436 5521 aquis
3457 5448 3626 5521 diluvii
3645 5463 3753 5504 eva-

2214 5519 2312 5598 sit;
2345 5518 2558 5571 dicente
2588 5518 2860 5600 Scriptura
2888 5535 2900 5570 :
2935 5518 3201 5577 Romani!
3223 5517 3401 5584 autem
3419 5523 3556 5578 solita
3574 5517 3752 5586 Noe,“

2213 5597 2296 5659 qui
2319 5603 2433 5641 cum
2455 5603 2514 5641 eo
2541 5597 2688 5640 erant
2717 5597 2771 5642 in
2799 5599 2942 5646 arca.
