3896 6250
96 347 193 403 789

106 558 116 582 ¹
146 551 284 620 Ergo
305 564 458 604 nunc
482 549 768 604 Dominum
787 547 955 602 Deum
981 552 1228 600 nostrum
1251 545 1420 598 velint
1446 543 1616 598 nolint
1635 549 1690 596 et

105 640 199 708 ipsi
226 638 547 708 philosophi
573 636 799 691 veritate
832 633 1145 703 compressi,
1175 640 1231 687 et
1259 632 1577 687 invisibilem
1605 646 1691 685 as-

106 735 305 794 serunt,
333 734 391 781 et
419 725 667 780 omnium
705 730 1111 792 prrcpotentem,
1142 723 1196 774 in
1243 736 1351 789 quo
1392 721 1692 789 prmeipuns

106 820 364 870 Sostenes
387 815 623 868 formam
651 811 809 880 hujus
836 811 1018 865 mundi
1046 817 1205 877 negat
1231 809 1472 878 conspici
1511 824 1688 877 posse,

110 917 160 961 et
187 907 411 973 angelos
434 920 599 959 veros
627 903 736 958 sedi
766 901 882 970 ejus
925 902 1055 957 dicit
1081 902 1355 968 assistere,
1401 902 1455 955 in
1485 916 1591 970 quo
1638 909 1694 954 et

113 996 259 1049 Plato
302 997 422 1064 pari
453 996 669 1048 ratione
694 993 988 1060 consentit,
1019 1000 1075 1047 et
1102 1008 1266 1046 unum
1293 992 1460 1046 Deum
1502 989 1694 1060 prmdi-

112 1100 252 1148 cans,
284 1094 518 1140 czeteros
566 1084 782 1151 angelos
829 1083 916 1136 vel
964 1082 1234 1137 dmmones
1263 1082 1414 1144 dicit.
1468 1083 1692 1136 Hermes

113 1191 325 1243 quoque
365 1175 752 1241 Trismegistus
781 1189 940 1226 unum
988 1173 1153 1227 Deum
1199 1173 1413 1240 fatetur,
1465 1186 1695 1239 eumque

115 1266 433 1339 invisibilem
477 1266 640 1335 730
666 1273 827 1332 atque
855 1263 1442 1332 incomprehensibilem
1473 1260 1694 1316 conﬁte-

1118 338 1527 397 TRACTATUS
1561 338 1648 394 ιν.
1690 335 1961 394 CONTRA
2001 337 2332 397 PAGANOS.

105 472 302 525 norem,
354 465 419 513 ut
465 457 728 524 diximus,
778 453 1052 510 Creatoris
1095 451 1344 507 deferunt
1395 458 1673 508 creaturae.
1708 451 1757 510 Α
1787 490 1802 504 .
1881 495 1894 508 .

3250 339 3356 397 τοο

1975 495 1989 510 .
2028 470 2353 522 sermonem,
2385 470 2514 510 vere
2537 457 2802 525 propheta
2825 456 2955 511 velit
2981 457 3243 525 recipere,
3268 465 3359 510 aut

1788 546 1923 599 nolit
1951 546 2113 609 etiam
2155 584 2169 598 .
2251 585 2263 599 .
2343 583 2357 598 .
2438 584 2451 598 .
2491 559 2590 598 nus
2612 544 2754 612 ejus,
2788 545 2837 598 id
2878 551 2963 599 est
2989 544 3265 599 mandata.

1794 673 1808 687 .
1887 675 1902 690 .
1934 636 2096 690 habet
2121 635 2177 688 in
2204 648 2298 689 sua
2326 641 2596 702 potestate
2623 634 2796 698 liberi,
2828 636 2984 705 731
3035 635 3226 703 inquit,
3271 651 3368 690 su-

1790 739 1910 778 mus
1953 724 2191 787 arbitrii;
2222 724 2268 777 si
2304 724 2409 778 hoc
2436 731 2579 778 esset
2624 722 2906 778 audientes
2934 738 3055 778 eum
3098 723 3209 792 jam
3254 739 3363 777 non

1791 814 2050 868 haberent
2078 814 2129 866 in
2159 821 2425 882 potestate
2454 814 2597 867 aliud
2627 814 2801 867 facere
2855 827 3014 881 quam
3044 814 3361 868 audierant.

1792 904 1871 959 vis
1900 910 2017 956 erat
2041 901 2282 970 quaedam
2310 909 2531 968 naturae,
2562 917 2660 969 per
2686 915 2845 971 quam
2893 902 3118 955 liberum
3145 916 3253 955 non
3279 915 3364 954 es-

1792 1002 1876 1048 set
1919 993 1986 1047 ad
2013 993 2170 1045 aliam
2219 992 2451 1058 migrare
2497 993 2844 1055 sententiam;
2889 1000 2983 1045 aut
3015 991 3058 1046 si
3087 1005 3269 1045 rursus
3297 1005 3365 1045 ex

1792 1083 2130 1137 audientibus
2157 1083 2333 1136 nullus
2357 1082 2574 1136 omnino
2603 1081 2883 1150 reciperet,
2922 1089 2977 1135 et
3013 1081 3118 1136 hoc
3160 1089 3365 1134 natura:

1793 1175 1873 1228 vis
1903 1181 2036 1246 erat,
2069 1188 2186 1242 quae
2214 1189 2378 1228 unum
2407 1173 2608 1242 aliquid
2656 1173 2771 1228 fieri
2806 1180 3055 1241 cogeret,
3109 1179 3164 1226 et
3212 1171 3368 1227 alteri

1793 1265 3363 1334 parti...............'.

118 1363 217 1407 tur.
249 1354 406 1407 ilunc
436 1367 570 1421 ergo
600 1369 699 1408 nos
728 1353 782 1406 in
811 1353 1037 1407 veritate
1078 1353 1415 1415 conﬁtemur,
1448 1361 1503 1406 et
1543 1351 1698 1405 novi-
1794 1354 1917 1421 quia
1959 1352 2151 1407 librum
2228 1391 2241 1406 .
2320 1389 2334 1404 .
2414 1392 2429 1406 .
2507 1392 2521 1407 .
2599 1393 2612 1406 .
2694 1393 2706 1406 .
2785 1392 2800 1406 .
2880 1391 2894 1406 .
2973 1390 2991 1406 .
3067 1390 3082 1406 .
3123 1365 3175 1403 ο.
3257 1391 3271 1406 .
3349 1390 3363 1405 .

117 1460 249 1506 mus,
279 1452 335 1496 et
382 1443 638 1498 fatemur.
684 1441 1117 1511 Omnipotentem
1144 1442 1330 1504 Deum,
1360 1441 1512 1510 cujds
1558 1455 1694 1509 opus
1793 1444 1921 1506 velit
1948 1453 2154 1513 partem
2175 1444 2442 1502 declinare
2508 1484 2522 1497 .
2602 1485 2615 1497 .
2695 1483 2707 1496 .
2788 1482 2803 1497 .
2881 1483 2894 1503 .
2975 1481 2992 1497 .
3067 1481 3084 1495 .
3163 1481 3174 1494 .
3255 1479 3267 1491 .
3356 1481 3366 1491 .

115 1544 194 1590 est
220 1535 475 1599 mundus,
522 1534 615 1602 qui
642 1533 834 1588 malum
863 1531 1140 1602 suspendit
1177 1540 1236 1586 ut
1283 1545 1570 1596 cameram,
1603 1530 1694 1598 qui
1795 1551 1969 1598 suum,
2002 1543 2056 1589 et
2082 1549 2241 1603 quam
2316 1576 2331 1592 .
2411 1575 2423 1589 .
2502 1575 2516 1586 .
2598 1574 2611 1587 .
2690 1574 2704 1588 .
2783 1574 2797 1588 .
2875 1572 2889 1586 .
2970 1572 2985 1587 .
3069 1571 3083 1586 .
3164 1571 3180 1586 .
3264 1579 3271 1585 .
3353 1572 3364 1582 .

117 1633 312 1678 terram
359 1623 608 1679 fundavit
649 1638 812 1692 super
838 1638 1051 1691 aquam,
1080 1623 1246 1675 maria
1276 1621 1453 1676 soluto
1484 1621 1694 1688 liquore
1795 1625 1936 1678 viam
1965 1632 2241 1680 constat.
2323 1665 2336 1676 .
2417 1665 2431 1679 .
2509 1663 2522 1676 .
2601 1664 2616 1679 .
2695 1662 2730 1693 ,ἓ
2777 1651 2804 1677 -.
2883 1663 2895 1676 .
2975 1661 2989 1675 .
3069 1661 3082 1674 .
3165 1661 3178 1673 .
3261 1661 3273 1673 .
3350 1657 3362 1669 .

119 1712 974 1778 diﬂ'udit,etmirolibramine_ex
997 1714 1142 1768 omni
1163 1719 1316 1781 parte
1341 1711 1692 1780 compositam
1800 1757 1814 1771 ,
1893 1757 1907 1770 ,
1986 1719 2020 1770 .’
2080 1757 2092 1768 .
2173 1755 2186 1768 .
2267 1755 2281 1768 .
2358 1753 2373 1768 .
2453 1754 2465 1767 .
2546 1753 2560 1768 .
2639 1754 2654 1768 .
2732 1753 2746 1766 .
2825 1754 2839 1766 .
2920 1753 2934 1766 .
3013 1751 3026 1767 .
3123 1751 3139 1766 .

120 1811 285 1858 totam
309 1803 474 1872 hujus
498 1803 683 1856 mundi
713 1802 912 1857 molem
949 1803 1064 1871 ipse
1100 1802 1341 1857 continet
1385 1799 1692 1855 fabricator.
1726 1795 1816 1859 Β.
1895 1845 1910 1860 .
1990 1846 2004 1859 .
2085 1845 2098 1862 .
2178 1845 2191 1860 .
2271 1845 2284 1857 .
2364 1844 2378 1858 .
2457 1844 2471 1857 .
2551 1843 2564 1856 .
2645 1845 2659 1858 .
2739 1844 2752 1856 .
2832 1843 2845 1855 .
2926 1841 2939 1854 .
3018 1841 3033 1856 .
3127 1840 3139 1852 .

122 1892 232 1962 Ipse
259 1892 390 1948 solis
421 1893 755 1963 vaporiferos

125 2198 140 2214 .
216 2199 230 2213 .
324 2198 340 2214 .
440 2201 455 2214 .
548 2200 564 2215 .
639 2161 754 2229 ipse
781 2168 972 2215 cuncta
1005 2158 1256 2213 animalia
1284 2174 1406 2213 cum
1434 2159 1703 2213 universis"

125 2248 310 2302 fetibus
349 2249 464 2302 suis
484 2249 713 2316 benigne
741 2248 1046 2316 utiliterque
1064 2249 1384 2318 prmparavit
1405 2249 1428 2301 ?
1449 2249 1562 2317 ipse
1581 2247 1700 2307 fon-

127 2344 221 2400 tes,
244 2346 297 2389 et
318 2335 539 2390 ﬂumina
560 2351 930 2404 concavosque
949 2338 1251 2392 torrentes?
1271 2338 1384 2407 ipse
1404 2338 1697 2408 spatiosmn

127 2439 283 2478 mare.
365 2466 378 2480 .
462 2465 478 2480 .
560 2466 574 2479 .
615 2441 734 2479 rum
763 2441 972 2495 campos
1001 2441 1138 2482 mar.
1217 2468 1231 2481 .

129 2513 275 2580 longe
301 2513 539 2582 lateque.
617 2555 631 2569 .
712 2555 727 2569 .
806 2555 819 2569 .
895 2523 951 2570 et
1000 2518 1252 2583 visibilia,
1302 2527 1357 2573 et
1411 2520 1697 2574 invisibilia

127 2611 328 2656 cuncta.
406 2644 420 2657 .
503 2645 518 2659 .
592 2605 805 2660 Christo
829 2605 966 2660 Filio
987 2622 1085 2661 suo
1109 2607 1336 2662 Domino
1360 2620 1546 2662 nostro
1575 2625 1698 2678 per-

129 2688 246 2744 fecit
276 2711 286 2744 :
321 2694 461 2748 sicut
485 2696 744 2764 scriptum
771 2705 870 2761 est,
901 2698 1026 2764 quia
1052 2698 1105 2751 in
1133 2696 1348 2754 Christo
1376 2708 1552 2752 creata
1579 2708 1699 2753 sunt

129 2783 312 2846 omnia,
345 2786 916 2854 attestanteapostolo
946 2785 1130 2850 Paulo,
1160 2797 1402 2859 quwsunt
1429 2790 1480 2841 in
1505 2790 1626 2843 caelo
1649 2799 1699 2843 et

131 2887 235 2938 qua:
253 2877 435 2928 suntin
457 2885 594 2929 terra
614 2877 831 2930 visibilia
849 2887 899 2929 et
909 2878 1188 2934 invisibilia
1207 2877 1425 2945 (Coloss.
1441 2880 1536 2949 Iv).
1559 2879 1699 2949 Ergo

133 2977 257 3016 unus
285 2964 446 3037 Deus,
479 2967 691 3034 fratres,
722 2968 1024 3022 adorandus
1063 2976 1143 3022 est
1184 2970 1347 3033 solus,
1383 2971 1520 3024 sicut
1563 2972 1698 3024 scri—

134 3061 273 3119 ptum
300 3064 400 3116 est.
433 3056 711 3111 Dominum
735 3056 913 3124 Deum_
930 3068 1069 3128 tuum
1090 3059 1352 3122 adorabis,
1395 3069 1444 3113 et
1471 3062 1570 3129 ipsi
1599 3060 1696 3112 soli

1311 2467 1326 2482 .
1404 2469 1418 2488 .
1451 2427 1699 2484 ﬂuctibus

1800 1895 1881 1948 Ab
1927 1894 2080 1947 initio
2127 1894 2270 1952 enim
2315 1892 2441 1946 dum
2488 1907 2651 1966 regna
2739 1931 2751 1944 .
2829 1931 2843 1945 .
2924 1929 2937 1942 .
3018 1929 3031 1942 .

1799 1993 1852 2039 et
1880 1992 2198 2053 potestatem
2226 1983 2374 2038 dedit
2447 2024 2460 2037 .
2538 2023 2554 2038 .
2633 2021 2647 2035 .
2727 2022 2740 2035 .
2825 2021 2837 2034 .
2951 1981 3253 2045 hominum;
3312 1989 3374 2032 ut

1800 2075 1940 2128 illius
1984 2073 2135 2147 regni
2183 2073 2277 2143 ﬂat
2322 2073 2521 2143 portio,
2569 2072 2654 2126 cui
2693 2086 2751 2126 se
2780 2071 2846 2125 ad
2877 2070 3227 2125 obediendum
3258 2071 3373 2137 ipse

1798 2165 2084 2233 subjecerit
2117 2181 2130 2217 :
2163 2172 2217 2218 et
2259 2164 2383 2231 quia
2430 2162 2706 2216 definitum
2754 2167 2835 2216 est
2883 2159 3022 2229 apud
3070 2160 3235 2213 Deum
3265 2175 3374 2212 non

1798 2269 1957 2327 posse
1985 2270 2148 2308 unum
2192 2253 2462 2309 hOminem
2493 2253 2768 2320 utriusque
2813 2250 2963 2318 regni
2993 2263 3110 2304 esse
3138 2263 3369 2311 servum,

1799 2347 1945 2402 omni
1973 2347 2150 2401 studio
2178 2343 2300 2400 date
2328 2359 2547 2414 operam
2574 2345 2629 2397 in
2657 2344 2781 2398 boni
2805 2342 2944 2410 regis
2974 2340 3142 2396 fmdus
3173 2355 3234 2393 ac
3251 2334 3371 2408 jura

1799 2450 2138 2493 concurrere.
2194 2434 2422 2503 Propter
2465 2433 2569 2488 hoc
2626 2432 2856 2500 denique
2905 2447 3064 2488 verus
3111 2432 3371 2501 propheta

1799 2543 1919 2582 cum
1949 2533 2094 2580 esset
2136 2538 2369 2594 praesens
2397 2523 2693 2587 nobiscum,
2726 2529 2782 2575 et
2808 2522 3066 2591 quosdam
3096 2537 3163 2576 ex
3191 2521 3372 2598 diviti-

1796 2616 1898 2670 bus
1940 2615 2270 2684 negligentes
2297 2626 2421 2680 erga
2469 2611 2563 2666 Dei
2591 2612 2791 2666 cultum
2837 2612 3029 2666 viderit
3072 2611 3229 2681 hujus
3269 2612 3368 2675 rei,

1801 2707 1870 2758 ita
1901 2704 2110 2773 aperuit

1800 2894 1855 2942 et
1881 2888 2104 2956 reliqua,
2136 2903 2302 2956 usque
2331 2887 2418 2941 hic
2438 2887 2775 2957 prosequitur
2803 2886 2861 2940 S.
2892 2883 3098 2939 Petrus.
3129 2884 3369 2939 Christus

1800 2994 1928 3048 ergo
1973 2979 2224 3032 dicebat:
2261 2976 2386 3032 Ilwc
2434 2988 2508 3031 est
2533 2979 2649 3031 .vita
2690 2986 2912 3040 wterna,
2959 2984 3016 3028 ut
3063 2983 3372 3045 cognoscant

1800 3077 1848 3122 te
1875 3069 2038 3121 solum
2062 3084 2234 3120 verum
2255 3067 2435 3129 Deum,
2466 3076 2512 3120 et
2539 3083 2685 3136 quem
2708 3067 2893 3119 misisti
2912 3064 3087 3118 Iesum
3113 3063 3372 3116 Christum

134 3144 302 3197 “ni”
333 3145 548 3215 (Ματιίιο
579 3147 682 3215 ιν);
717 3149 830 3216 ipse
858 3149 1154 3216 diligendus
1181 3157 1282 3213 es"
1312 3150 1523 3204 dicenle
1551 3150 1696 3204 Scri-
1726 3137 1770 3200 C
1804 3157 1980 3226 (Joan.
2001 3159 2129 3226 xvn)
2148 3174 2161 3221 ;
2183 3158 2236 3210 in
2261 3158 2361 3210 hac
2381 3157 2666 3223 agnitione,
2686 3156 2895 3218 fratres,
2919 3164 3001 3208 est
3022 3154 3128 3207 vita
3149 3161 3368 3206 mterna.

135 3241 313 3298 ptura:
349 3235 547 3307 Diliges
589 3236 876 3305 Dominum!
915 3237 1083 3290 Deum
1130 3247 1268 3291 tuum
1297 3256 1362 3292 ea:
1391 3248 1496 3292 toto
1545 3239 1697 3292 corde

136 3331 234 3390 tuo,
264 3342 325 3377 ετ
355 3337 463 3380 tota
491 3328 666 3380 anima
693 3337 800 3391 tua,
846 3337 896 3380 et
935 3345 998 3382 ex
1027 3331 1168 3382 omni
1209 3340 1376 3381 mente
1407 3339 1512 3393 tua,
1555 3338 1604 3381 et
1633 3347 1697 3384 ea:

135 3414 262 3465 omni
279 3431 424 3468 sensu
444 3426 546 3480 tuo,
565 3424 612 3468 et
633 3418 921 3485 proximum
942 3426 1080 3469 tuum
1100 3419 1230 3469 sicut
1252 3419 1465 3484 teipsum
1483 3417 1693 3487 (Matth.

137 3501 276 3572 nn).
308 3505 436 3567 Quis
458 3506 681 3575 etenim,
694 3519 843 3572 rogo,
865 3506 1141 3574 proximus
1164 3509 1386 3566 noster?
1408 3522 1568 3574 quam
1599 3507 1698 3561 Do-

135 3589 297 3644 minus
336 3603 520 3647 noster
557 3594 711 3649 Jesus
734 3592 1003 3661 Christus,
1029 3595 1121 3662 qui
1161 3610 1282 3648 cum
1324 3596 1378 3649 in
1405 3595 1576 3650 forma
1605 3597 1699 3651 Dei

136 3690 270 3734 esset
295 3686 635 3750 constitutus,
668 3685 893 3741 formam
921 3687 1062 3739 servi
1090 3686 1298 3755 accepit
1324 3688 1347 3739 ?
1373 3685 1443 3742 Et
1483 3686 1700 3741 Verbum

135 3783 247 3824 caro
267 3774 455 3841 factum
479 3783 574 3841 est,
601 3783 650 3828 et
670 3775 918 3828 habitavit
946 3776 999 3828 in
1028 3775 1174 3829 nobis
1199 3776 1378 3847 (Joan.
1406 3779 1466 3846 ι),
1500 3779 1699 3847 quique

138 3857 369 3915 dicebat:
403 3865 533 3918 Ηιεσ
562 3875 638 3918 est
660 3866 764 3920 vita
789 3874 1005 3931 (eterna,
1027 3875 1084 3925 ut
1109 3875 1424 3937 cognoscant
1453 3878 1501 3920 te
1534 3869 1699 3922 solum

138 3960 296 4001 verum
324 3950 512 4016 Deum,
552 3964 600 4006 et
622 3970 768 4025 quem
814 3955 1000 4008 misisti
1029 3954 1211 4009 Iesum.
1233 3954 1490 4010 Christum
1517 3958 1694 4027 (Joan.

139 4037 276 4105 xvn).
304 4039 403 4096 iste
430 4041 584 4096 Jesus
610 4041 854 4098 Christus
884 4083 898 4096 .
977 4083 992 4096 .
1072 4085 1086 4098 .
1165 4085 1180 4100 .
1221 4047 1276 4100 in
1303 4047 1562 4116 principio
1585 4057 1701 4102 erat

141 4122 358 4182 Verbum
387 4131 530 4200 apud
557 4130 744 4186 Deum.
825 4172 841 4187 .
919 4173 931 4186 .
965 4148 995 4187 a
1041 4132 1240 4204 Sibylla
1278 4147 1471 4202 ιΧΘΥΣ,
1513 4135 1698 4191 Graeco

142 4218 359 4287 nomine,
387 4222 534 4288 quod
562 4223 822 4289 significat
843 4224 1023 4292 piscis,
1048 4235 1299 4294 operatus
1322 4235 1423 4294 est,
1448 4242 1513 4282 eo
1556 4229 1698 4296 quod

141 4309 308 4362 mundi
330 4313 416 4366 vel
447 4312 626 4366 saeculi
649 4313 806 4380 hujus
834 4329 982 4369 mare
1010 4316 1341 4382 ingressurus
1371 4325 1531 4371 esset.
1565 4319 1698 4372 Nam

142 4401 189 4450 et
219 4396 509 4455 litterarum
540 4402 772 4469 ipsarum
824 4400 1131 4469 Graecarum
1184 4405 1464 4461 considera
1514 4409 1697 4476 ingens
1784 4422 1789 4428 '

1801 3249 1933 3302 Nam
1962 3248 2085 3301 audi
2115 3245 2440 3316 Scripturam
2466 3253 2767 3300 sanctorum
2800 3243 3205 3311 Evangeliorum
3235 3244 3372 3298 refe-

1800 3348 2005 3392 rentem
2029 3338 2095 3391 de
2122 3352 2331 3391 summo
2352 3337 2460 3390 Deo
2488 3335 2663 3400 Patre,
2689 3345 2742 3390 et
2769 3335 2903 3389 Filio
2932 3336 3046 3403 ejus
3067 3335 3195 3389 Jesu
3221 3335 3372 3388 Chri-

1801 3440 1885 3484 sto
1914 3450 1924 3482 :
1960 3429 2024 3483 In
2055 3429 2323 3500 principio,
2355 3429 2544 3496 inquit,
2588 3437 2697 3480 erat
2735 3427 2972 3494 Verbum,
3002 3427 3052 3481 id
3081 3436 3161 3481 est
3185 3427 3367 3490 Filius,

1799 3530 1854 3574 et~
1886 3521 2107 3574 Verbum
2133 3529 2248 3583 erat
2275 3520 2411 3589 apud
2433 3520 2592 3573 Deum
2618 3518 2796 3588 (Joan.
2828 3518 2890 3588 ι),
2915 3515 3050 3586 apud
3075 3517 3370 3586 genitorem

1800 3628 1952 3666 suum

2402 3918 2414 3930 σ
2495 3917 2510 3932 ο
2587 3917 2601 3929 ο
2697 3917 2708 3931 ο
2791 3917 2804 3930 ο
2885 3916 2899 3932 ο
2979 3916 2994 3930 ο
3074 3919 3084 3929 ι
3167 3916 3179 3928 ο
3261 3917 3274 3929 ο
3357 3917 3368 3927 ο

143 4487 434 4552 mysterium
485 4492 1043 4556 txor2:tiota,hoc
1087 4501 1168 4547 est
1198 4492 1452 4560 Jesus;x
1489 4461 1597 4559 chi:
1645 4461 2151 4580 idDinsequeniia
2228 4551 2240 4564 .
2319 4553 2335 4566 .
2397 4462 2427 4564 O.
2507 4550 2520 4562 .

143 4581 215 4625 est
254 4574 433 4647 Xplos;
463 4591 502 4635 Θ
547 4581 919 4652 theta,_Theu;
952 4591 989 4639 Υ
1024 4583 1164 4648 Yios,
1210 4599 1237 4637 Σ
1285 4587 1451 4653 sigma
1501 4586 1690 4652 Soter;

115 4659 271 4727 ~quod
315 4667 504 4724 Latine
550 4672 866 4740 explanatur
909 4671 1060 4726 Iesus
1105 4672 1336 4728 Christus
1384 4675 1482 4728 Dei
1527 4674 1694 4736 Filius

145 4748 364 4810 Saluator
390 4777 410 4813 :
442 4761 496 4813 in
525 4762 699 4829 capite
725 4761 913 4815 harum
941 4763 1176 4831 quinque
1217 4764 1514 4818 litterarum
1543 4765 1684 4819 ϐιω-

146 4854 307 4898 carum
332 4851 645 4922 mysterium
673 4852 776 4906 hoc
802 4861 903 4918 est,
930 4853 1107 4922 quazri,
1139 4868 1265 4922 ergo
1291 4870 1502 4924 magno.
1583 4897 1598 4912 .
1677 4898 1691 4914 .

150 5371 206 5426 de
228 5375 443 5441 Domino
471 5384 687 5442 Christo
733 5387 848 5457 ipse
890 5389 1078 5442 beatus
1109 5389 1314 5443 Petrus.
1397 5431 1408 5443 .
1583 5433 1595 5446 .

213 5512 225 5540 ¹
253 5513 318 5589 De
344 5521 428 5574 his
450 5520 587 5574 dixit
613 5521 799 5589 Apost.
835 5521 900 5572 ad
930 5520 1084 5574 Rom.
1119 5537 1235 5587 cap.
1269 5522 1288 5573 Ι
1315 5541 1325 5572 ;
1374 5522 1442 5574 Et
1471 5535 1690 5579 mutave-

152 5591 249 5661 ilfﬂf
271 5587 909 5661 gloriamiincorruptibilis
932 5589 1027 5641 Det
1059 5593 1111 5642 iu
1134 5592 1686 5647 simititudinema‘ma-

149 5657 258 5710 (imis
278 5657 620 5726 corruptibilis
645 5657 864 5712 hominis
883 5698 896 5721 ,
938 5670 984 5710 ct
1007 5664 1292 5724 volucrum,
1327 5672 1374 5713 et
1395 5661 1686 5735 quadrupe-

1803 4601 2007 4657 dicens.
2039 4610 2087 4652 et
2124 4599 2344 4657 Verbum
2372 4617 2490 4654 caro
2520 4602 2710 4669 factum
2731 4608 2824 4665 est,
2857 4598 2922 4652 ad
2948 4600 3191 4654 velamen
3265 4642 3276 4655 .
3359 4644 3372 4658 .

2268 4691 2610 4758 interpretem
2640 4705 2744 4743 ser.
2790 4729 2802 4741 .
2884 4730 2898 4742 .
2977 4729 2990 4741 .
3072 4731 3085 4742 .
3165 4732 3179 4745 .
3260 4732 3272 4745 .
3356 4734 3370 4748 .

1802 4779 1986 4833 docuit
2014 4781 2340 4834 voluntatem
2372 4780 2564 4844 Patris,
2599 4782 2876 4849 ipsumque
2915 4797 3178 4836 summum
3207 4783 3377 4840 Deum

1801 4867 2122 4921 credendum
2146 4868 2383 4935 tradidit,
2410 4877 2464 4922 et
2492 4870 2566 4923 sic
2598 4870 2844 4937 passione
2866 4872 3149 4940 completa,
3182 4874 3374 4942 ipsum,

1799 4973 1958 5025 quem
2012 4968 2406 5028 assumpserat,
2465 4961 2735 5014 hominem
2802 4962 3116 5016 sacrificium
3185 4965 3379 5019 obtulit

1802 5045 1974 5111 Patri,
2009 5049 2169 5102 totius
2209 5049 2392 5103 mundi
2439 5049 2638 5104 faciens
2686 5051 3128 5120 redemptionem.
3177 5054 3377 5110 lterum

1801 5135 1856 5190 S.
1892 5136 2034 5190 Petri
2069 5139 2452 5207 interponimus
2483 5142 2870 5208 expositionem
2899 5160 2910 5193 :
2936 5142 3011 5198 Ac
3040 5145 3261 5211 noscite,
3297 5147 3378 5200 ἰησ-

1800 5227 1943 5293 quit,
1977 5229 2283 5294 veritatem,
2322 5236 2375 5282 et
2401 5232 2720 5297 separamini

1801 5317 3370 5386 decipereho..............

1801 5393 3373 5474 scriptionés..............

1792 5535 1935 5610 dum,
1966 5547 2013 5610 et
2042 5548 2352 5610 serpentum.
2382 5537 2602 5608 Propter
2630 5543 2762 5610 quod
2784 5545 2996 5598 tradidit
3020 5549 3134 5599 illos
3161 5546 3299 5600 Deus
3321 5549 3372 5600 iu

1790 5607 2049 5660 desideria
2075 5608 2245 5662 cordis
2277 5626 2452 5663 eorum
2475 5613 2528 5662 in
2552 5607 2966 5677 immunditiam.
2998 5625 3100 5671 etc.
