3896 6250
534 356 632 407 Ἰυι
1739 360 1796 416 S.
1838 361 2080 417 MAXIM]

2220 364 2562 421 llRlNENSlS
3657 364 3750 424 7‘32

537 463 786 518 Deorum.
864 499 880 515 .
957 502 973 520 .
1048 502 1062 516 .
1141 502 1157 517 .
1233 503 1249 517 .
1328 503 1341 518 .
1421 503 1435 518 .
1513 503 1530 519 .
1608 506 1623 520 .
1701 507 1714 520 .
1796 509 1809 522 .
1891 512 1903 523 .
1986 510 1997 523 .
2081 478 2360 538 .Aeam,
2396 483 2450 527 et
2477 474 2544 527 ab
2572 471 2935 543 indignatione
2965 473 3751 544 impiorumrefrenat,acsma

548 589 565 608 .
640 569 659 610 :
737 593 754 611 .
831 590 847 612 .
923 595 938 609 .
1018 593 1031 607 .
1113 593 1129 607 .
1207 592 1222 606 .
1301 594 1316 608 .
1396 595 1411 610 .
1489 595 1504 610 .
1584 595 1599 611 .
1879 599 1895 614 .
1985 600 1999 614 .
2087 600 2100 612 .
2207 563 2637 616 misericordiae.
2717 602 2730 615 .
2808 601 2822 615 .
2903 599 2919 616 .
2995 602 3011 615 .
3090 603 3104 616 .
3182 563 3749 633 obediremagisquam

546 863 560 878 .
641 861 657 876 .
735 862 750 877 .
828 862 844 877 .
920 861 936 875 .
1014 858 1031 876 .
1109 862 1123 877 .
1201 861 1217 878 .
1293 862 1310 878 .
1385 861 1401 878 .
1455 826 2107 902 7325icutenimunus

1479 914 1638 969 habet
1666 915 1765 968 sub
1791 929 1849 968 se
1876 915 2070 969 multos
2087 957 2102 982 ,

542 1012 599 1056 tu
625 1002 756 1057 dicis
783 1002 929 1062 verbi
958 1003 1128 1070 gratia
1156 1001 1454 1071 przefectos,
1479 1005 1742 1068 consules,
1765 1005 2025 1069 tribunos,
2053 1012 2109 1058 et

541 1101 763 1146 caeteras
802 1099 1117 1160 potestates.
1165 1090 1364 1145 Similia
1410 1093 1747 1156 arbitramur,
1789 1091 1947 1146 modo
1987 1107 2108 1147 cum

542 1197 678 1235 unus
705 1183 776 1235 sit
800 1181 972 1249 major
1000 1181 1236 1236 omnium
1265 1181 1424 1246 Deus,
1458 1189 1513 1240 et
1534 1181 1644 1249 jam
1673 1182 1803 1238 istos
1831 1183 1896 1236 ad
1924 1182 2108 1236 simili-

543 1270 782 1323 tudinem
812 1284 997 1323 earum
1026 1285 1158 1338 quas
1202 1270 1432 1323 diximus
1471 1278 1794 1339 potestatum
1837 1270 2109 1324 ordinatos

543 1372 662 1412 esse
683 1359 736 1410 in
759 1358 861 1412 hoc
877 1343 1075 1411 mundo
1096 1357 1223 1411 deos
1241 1375 1254 1421 ;
1279 1357 1352 1410 illi
1380 1357 1592 1426 quidem
1613 1358 1800 1425 majori
1820 1358 2107 1425 subjectos;

543 1460 640 1498 nos
670 1453 865 1510 tamen,
889 1453 943 1497 et
970 1445 1093 1516 quia
1125 1446 1176 1498 in
1202 1445 1304 1499 hoc
1325 1445 1522 1499 mundo
1550 1454 1692 1510 sunt,
1721 1445 2105 1513 dispensantes.

542 1534 734 1587 Audite
780 1550 908 1603 ergo
956 1534 1025 1587 ad
1072 1535 1185 1588 htcc
1232 1550 1345 1601 vos,
1389 1536 1602 1603 pagani,
1650 1534 1918 1604 quomodo
1948 1535 2002 1587 in
2029 1534 2111 1588 his

543 1622 672 1690 ipsis
714 1638 829 1689 qua:
876 1623 942 1676 ad
989 1623 1357 1691 deceptionem
1398 1663 1411 1677 .
1456 1664 1470 1677 .
1514 1665 1527 1676 .
1569 1624 1832 1693 apponitls
1872 1623 2112 1678 veritatis

542 1712 837 1765 rationibus
856 1711 1200 1765 confitemini.
1227 1711 1410 1766 Dicitis
1429 1711 1687 1780 siquidem
1709 1731 1720 1764 :
1740 1712 1871 1766 Cum
1893 1713 2114 1766 Cmsaris

545 1810 724 1855 teneat
754 1801 892 1854 Deus
920 1801 1036 1869 (sic)
1062 1799 1301 1869 judicum
1343 1817 1471 1855 vero
1518 1799 1660 1870 ejus;
1693 1810 1747 1856 et
1783 1810 2107 1871 potestatum
2138 1807 2183 1866 Β
2215 1849 2226 1861 ,

540 1893 778 1961 speciem
807 1901 1023 1946 servent
1052 1893 1087 1945 ii
1123 1892 1214 1960 qui
1239 1893 1485 1946 dicuntur
1510 1893 1609 1957 dii,
1641 1902 1848 1946 servate
1877 1906 2023 1960 ergo,
2054 1901 2112 1947 ut

539 1982 910 2051 proposuistis,
936 1982 1238 2050 exemplum
1259 1979 1515 2047 Caesaris;
1548 1989 1602 2035 et
1621 1982 1811 2036 scitote
1833 1983 1952 2049 quia
1976 1983 2112 2036 sicut

541 2072 674 2125 nulli
702 2087 770 2126 ex
792 2070 1062 2139 judicibus
1086 2070 1170 2123 vel
1199 2069 1744 2136 administratoribus,
1776 2069 1825 2122 id
1855 2079 1936 2123 est
1974 2085 2111 2138 prte-

539 2161 712 2226 fcctis,
744 2162 829 2215 vel
859 2161 1286 2230 proconsulibus,
1335 2161 1422 2214 vel
1467 2160 1704 2224 ducibus,
1755 2161 1839 2213 vel
1890 2161 2113 2215 tribunis

539 2252 620 2303 fas
664 2257 748 2303 est
776 2249 1000 2302 Caesaris
1042 2263 1238 2302 nomen
1267 2247 1500 2314 imponi,
1549 2248 1781 2316 alioquin
1827 2255 1880 2301 et
1911 2248 1996 2301 ille
2024 2248 2115 2315 qui

538 2338 858 2407 susceperit,
888 2345 942 2391 et
971 2336 1046 2390 illi
1075 2336 1164 2405 qui
1205 2336 1520 2400 detulerint,
1550 2338 1750 2405 pariter
1776 2336 2066 2390 interibunt
2097 2354 2110 2390 :

541 2428 614 2482 ita
658 2427 800 2481 etde
828 2427 932 2481 hoc
960 2425 1166 2480 debetis
1195 2424 1491 2479 advertere.
1525 2426 1676 2490 Quod
1719 2427 1762 2479 si
1805 2427 1893 2493 qui
1923 2441 2115 2481 nomen

542 2517 638 2570 Dei
667 2517 850 2582 alicui,
890 2531 1050 2584 quam
1098 2524 1295 2585 przeter
1336 2516 1507 2583 ipsum
1548 2516 1878 2584 imposuerit,
1929 2524 1983 2570 et
2029 2517 2116 2570 ille

542 2606 808 2673 receperit
855 2620 1018 2659 unum
1073 2604 1427 2672 eumdemque
1477 2604 1767 2658 sortientur
1821 2606 2111 2674 interitum,

544 2697 713 2750 multo
742 2696 1063 2750 deteriorem
1093 2694 1232 2749 forte
1281 2710 1437 2764 quam
1483 2694 1710 2748 ministri
1745 2693 1989 2749 Caesaris.
2022 2694 2118 2750 Hic

545 2784 687 2838 enim
741 2786 832 2853 qui
862 2785 1120 2853 delinquit
1151 2785 1202 2837 in
1232 2784 1495 2838 Caesarem
1515 2825 1528 2848 ,
1564 2785 1838 2845 interitum
1866 2786 2118 2854 suscipiet

546 2873 896 2941 temporalem
921 2889 934 2937 ;
965 2872 1056 2940 qui
1105 2887 1233 2926 vero
1263 2873 1316 2925 in
1348 2887 1529 2936 unum,
1562 2873 1653 2940 qui
1683 2874 1827 2928 solus
1855 2882 1935 2928 est
1961 2889 2117 2928 verus

546 2959 704 3027 Deus,
728 2960 1006 3030 delinquit,
1035 2961 1088 3014 in
1115 2961 1368 3017 saeculum

554 3500 657 3555 Alii
686 3499 880 3568 pagani
908 3497 1124 3566 dicunt,
1164 3513 1264 3553 nos
1293 3499 1466 3553 adhuc
1510 3499 1701 3555 melius
1750 3499 1994 3566 facimus,
2027 3500 2118 3569 qui

554 3598 609 3644 et
631 3588 730 3658 ipsi
753 3602 962 3641 summo
992 3586 1123 3651 Deo,
1155 3595 1210 3640 et
1231 3587 1478 3641 omnibus
1500 3603 1620 3641 cum
1650 3588 1765 3657 ipso
1794 3589 1989 3656 gratias
2014 3589 2121 3657 agi-

554 3693 700 3741 mus,
759 3676 951 3743 quibus
979 3673 1261 3727 dicendum
1292 3683 1390 3728 est.
1447 3676 1576 3730 Tale
1604 3685 1687 3729 est
1726 3677 1827 3730 hoc
1864 3677 2020 3745 quale
2072 3677 2117 3730 si

555 3765 675 3832 quis
700 3776 840 3829 aeger
873 3762 942 3815 ad
968 3761 1232 3815 medelam
1270 3763 1351 3816 sui
1393 3771 1447 3817 et
1482 3764 1746 3818 medicum
1787 3774 1842 3818 et
1884 3780 2116 3821 venena-

556 3855 693 3908 rium
727 3860 914 3912 vocet,
946 3866 1066 3905 cum
1096 3851 1172 3904 illi
1200 3851 1411 3919 quidem
1449 3867 1643 3907 nocere
1669 3853 1879 3921 quidem
1917 3855 2121 3922 possint

2206 652 2437 720 peccatis
2456 651 2729 705 hominum
2749 660 2803 706 et
2816 652 3104 707 sceleribus
3125 653 3463 706 inﬂammari.
3489 652 3751 721 Exspectat

2207 742 2347 796 enim
2375 742 2632 810 patientia
2659 741 2784 810 Dei,
2811 744 2935 796 dum
2966 743 3016 795 in
3046 742 3150 796 hoc
3178 758 3409 811 corpore
3434 751 3576 807 sunt,
3602 743 3752 795 hami.

2207 843 2330 881 num
2352 829 2772 894 conversionem,
2802 830 2942 898 quod
2971 831 3014 884 si
3043 844 3213 898 usque
3253 830 3320 883 ad
3345 831 3546 884 exitum
3571 831 3688 882 vita:
3711 831 3754 883 in

2209 916 2480 984 impietate
2509 917 2868 985 perstiterint,
2928 925 3054 971 tunc
3093 918 3204 985 jam
3245 917 3531 972 discedens
3577 919 3753 978 anima.

2207 1015 2325 1074 quat
2345 1005 2658 1058 immortalis
2685 1013 2785 1070 est,
2815 1019 2915 1074 pro
2935 1005 3226 1073 impietatis
3246 1020 3358 1060 sua:
3378 1006 3756 1074 perseverantia

2207 1094 2306 1148 luit
2336 1110 2538 1164 poenas
2559 1095 2904 1150 immortales.
2956 1094 3064 1150 Nos
3105 1110 3262 1162 vero,
3313 1097 3390 1149 ait
3421 1096 3534 1165 ipse
3561 1105 3761 1150 sanctus

2210 1183 2428 1250 Petrus,
2477 1183 2629 1251 cuius
2664 1184 2803 1238 hanc
2840 1185 3221 1253 assumpsimus
3256 1185 3672 1253 disputationem
3705 1184 3763 1238 de

2209 1273 2428 1327 historia
2460 1273 2604 1328 beati
2632 1272 2920 1330 Clementis
2945 1274 3059 1341 ejus
3086 1274 3366 1343 discipuli,
3414 1282 3472 1328 et
3495 1274 3694 1328 nostris
3719 1273 3765 1327 in

2211 1361 2528 1429 adjutorium
2554 1363 2875 1417 sociavimus
2901 1363 3075 1416 dictis.
3115 1362 3222 1418 Nos
3251 1377 3382 1430 ergo
3405 1402 3421 1429 ,
3449 1364 3550 1426 ait,
3580 1365 3649 1416 ad
3675 1363 3768 1416 hoc

2211 1451 2357 1504 missi
2385 1465 2586 1514 sumus,
2609 1459 2667 1503 ut
2689 1450 2976 1517 prodamus
3005 1451 3153 1505 vobis
3182 1451 3415 1505 latebras
3442 1451 3646 1520 antiqui
3675 1465 3770 1504 ser-

2213 1540 2414 1609 pentis,
2445 1547 2499 1595 et
2528 1538 2865 1594 absolventes
2891 1539 3194 1594 inimicitias
3247 1540 3658 1595 reconciliemus
3685 1553 3773 1592 vos

2213 1628 3768 1688 Deo................

2214 1726 2268 1772 et
2287 1718 2494 1786 placeat
2514 1716 2600 1771 isti
2675 1756 2689 1769 .
2769 1757 2783 1770 .
2861 1756 2875 1770 .
2953 1755 2968 1769 .
3045 1755 3060 1770 .
3133 1715 3226 1770 sed
3251 1713 3498 1771 fortasse.
3572 1754 3588 1769 .
3668 1754 3685 1770 .
3757 1725 3773 1771 :

2304 1808 2433 1862 nihil
2461 1821 2669 1870 curare,
2694 1815 2748 1861 et
2773 1806 2902 1861 Deo.
2979 1845 2994 1860 .
3071 1847 3086 1859 .
3163 1846 3178 1859 .
3257 1845 3272 1859 .
3349 1805 3419 1860 ad
3449 1805 3698 1862 notitiam
3753 1845 3767 1862 .

2495 1936 2508 1949 .
2581 1910 2865 1964 possumus
2917 1896 3236 1964 pervenire,
3301 1896 3588 1964 quomodo.
3670 1936 3685 1949 .
3758 1935 3774 1950 .

2307 2021 2321 2035 .
2409 1991 2559 2051 gerat
2617 1982 2965 2035 humanarum
3026 1995 3206 2035 rerum

2545 2109 2559 2122 ο
2638 2109 2653 2124 0
2732 2108 2747 2124 ο
2826 2108 2840 2123 0
2919 2108 2934 2122 0
3013 2110 3026 2123 ι
3107 2109 3122 2123 0
3201 2109 3216 2123 0
3296 2110 3310 2123 0
3389 2110 3403 2122 ο
3481 2110 3496 2124 ο
3573 2109 3587 2124 0
3671 2110 3688 2126 ο
3762 2112 3774 2125 ι

2213 2335 2314 2389 nisi
2341 2334 2481 2388 enim
2511 2339 2773 2402 potestate
2801 2349 2868 2388 ex
2939 2374 2952 2387 .
3029 2375 3041 2386 .
3122 2373 3136 2387 .
3217 2373 3230 2387 .
3312 2373 3325 2386 .
3402 2349 3778 2404 nunquampo-

2215 2425 2348 2478 tiora
2376 2424 2712 2492 inferioribus
2730 2425 3065 2478 ministraren
3084 2464 3109 2488 .,
3140 2433 3194 2478 et
3224 2439 3321 2493 per
3341 2424 3446 2479 hoc
3472 2440 3578 2479 non
3609 2426 3777 2479 solum

2215 2531 2394 2570 curam
2422 2515 2515 2568 Dei
2547 2529 2672 2583 erga
2718 2515 2980 2578 homines,
3012 2515 3106 2569 sed
3135 2523 3187 2569 et
3215 2515 3472 2583 grandem
3501 2517 3778 2585 quemdam

2215 2605 2412 2658 habere
2431 2602 2651 2657 docetur
2671 2600 2936 2665 allectum,
2961 2618 3187 2670 quorum
3210 2604 3506 2659 ministerio
3529 2613 3637 2657 tam
3658 2619 3779 2673 pne

2215 2691 2357 2745 clara
2399 2691 2718 2759 mancipavit
2758 2690 3038 2744 elementa.
3084 2691 3190 2744 Sed
3219 2691 3366 2745 dices
3410 2710 3422 2743 :
3474 2692 3596 2761 quid
3639 2693 3778 2746 enim

2217 2779 2421 2834 laeditur
2447 2779 2604 2843 Deus,
2635 2780 2679 2834 si
2710 2786 2763 2833 et
2793 2780 2892 2832 ista
2917 2779 3162 2833 coluntur
3191 2795 3222 2832 a
3252 2779 3426 2845 nobis,
3459 2781 3504 2834 si
3543 2781 3664 2849 quis
3693 2794 3781 2834 ve-

2215 2878 2382 2926 strum
2403 2871 2662 2925 honorem

2223 3089 2236 3104 0
2312 3088 2327 3103 0
2405 3088 2419 3101 0
2498 3089 2511 3103 Ι
2591 3087 2606 3102 0
2683 3087 2696 3100 ο
2775 3087 2788 3101 I
2868 3085 2882 3100 0
2960 3087 2973 3102 ο
3051 3086 3065 3100 0
3145 3086 3157 3099 I
3240 3087 3254 3099 ο
3336 3085 3350 3099 0

3459 3353 3474 3367 .
3569 3316 3656 3370 vel
3683 3315 3787 3370 alia

2225 3404 3787 3460 ...........I)eusnonsit..

2223 3535 2237 3549 .
2317 3535 2328 3547 .
2408 3534 2422 3548 .
2501 3535 2513 3548 .
2592 3535 2604 3549 .
2684 3534 2698 3547 .
2777 3533 2790 3548 .
2844 3495 2897 3548 in
2927 3493 3009 3548 his
3038 3508 3156 3562 qua:
3196 3493 3352 3548 facile
3387 3493 3792 3564 deprehendere

2219 3585 2464 3652 potuistis
2485 3584 2717 3637 animum
2733 3583 2799 3637 ad
2819 3581 3211 3637 discutiendum
3233 3584 3478 3639 noluistis
3492 3582 3792 3645 intendere,

2220 3674 2378 3743 734
2397 3683 2599 3728 certum
2626 3681 2707 3727 est
2727 3674 2849 3740 quia
2873 3674 2925 3726 in
2952 3673 3219 3740 agnitione
3241 3673 3336 3727 Dei
3374 3673 3612 3741 impediti
3639 3673 3792 3741 estis,

2218 3781 2324 3820 non
2346 3764 2802 3834 impossibilitatis,
2830 3763 2924 3817 sed
2953 3763 3176 3831 iguavim
3194 3764 3343 3817 vitio.
3363 3764 3494 3816 Nam
3518 3764 3564 3818 si
3591 3763 3790 3817 voluis-

2218 3854 2364 3922 setis,
2392 3868 2459 3907 ex
2486 3854 2567 3906 his
2596 3853 2722 3921 ipsis
2746 3852 3018 3905 inutilibus
3046 3851 3344 3905 simulacris
3371 3851 3608 3921 profecto
3637 3866 3795 3906 acce-

555 3941 859 4007 vencnarii,
901 3947 955 3994 et
981 3954 1170 3993 curare
1197 3940 1423 4008 possint.
1477 3940 1646 3994 Verus
1675 3950 1853 3995 autem
1883 3943 2119 3997 medicus
2217 3946 2428 4016 pissetis
2470 3943 2830 4012 intelligentia:
2883 3943 3026 3997 viam
3106 3980 3120 3994 .
3203 3982 3217 3995 .
3297 3981 3313 3996 .
3392 3980 3406 3996 .
3487 3980 3500 3999 .
3581 3981 3596 3994 .
3675 3980 3692 3994 .
3774 3979 3788 3994 .

557 4030 780 4085 venenis
818 4029 1031 4082 illorum
1069 4037 1282 4082 recuset
1322 4042 1418 4082 sua
1459 4029 1845 4085 medicamenta
1871 4032 2117 4099 miscere,
2222 4077 2234 4089 .
2332 4075 2346 4088 .
2447 4074 2458 4086 .
2556 4072 2570 4087 .
2649 4071 2662 4085 .
2739 4071 2754 4085 .
2833 4071 2846 4084 .
2927 4070 2940 4083 .
3019 4069 3032 4083 .
3111 4070 3126 4084 .
3209 4069 3224 4084 .

556 4118 3799 4189 neautperniciesbonoautsan.........................

564 4431 581 4453 ο
656 4427 674 4448 0
751 4428 769 4446 0
844 4429 860 4446 0
939 4429 956 4446 0
1034 4429 1049 4445 0
1128 4429 1143 4447 0
1221 4430 1238 4445 0
1313 4431 1328 4446 ο
1407 4426 1423 4444 0
1500 4430 1516 4445 ο
1594 4428 1610 4446 0
1692 4429 1707 4446 0
1796 4433 1808 4445 ι
1901 4432 1917 4449 ο
2010 4433 2024 4452 ο
2105 4431 2116 4446 ι

564 4476 3798 4542 .................D.....adnocendum.......

568 4566 3896 4636 .................tandum,seducentibus.....monibus,ut'

565 4659 818 4716 mundi.
894 4695 912 4712 .
989 4699 1006 4714 .
1081 4697 1098 4712 .
1175 4697 1190 4712 .
1267 4697 1282 4713 .
1360 4697 1375 4714 .
1454 4699 1468 4713 .
1547 4699 1561 4714 .
1641 4700 1654 4714 .
1733 4701 1746 4714 .
2013 4702 2027 4716 .
2107 4702 2121 4717 .
2228 4658 2513 4734 quasimir
2583 4697 2600 4715 .
2677 4700 2692 4714 .
2771 4706 2785 4715 .
2864 4698 2878 4713 .
2957 4654 3520 4727 .utiliaperﬂcerent
3598 4698 3614 4712 .
3692 4699 3708 4713 .
3783 4695 3797 4712 .

564 4749 909 4816 rilargiatur
989 4786 1005 4802 .
1086 4787 1101 4802 .
1178 4785 1193 4802 .
1272 4787 1286 4800 .
1364 4788 1378 4801 .
1456 4786 1470 4801 .
1549 4788 1565 4804 .
1643 4790 1654 4802 .
1735 4789 1748 4802 .
1829 4792 1841 4804 .
1922 4791 1935 4805 .
2014 4791 2027 4805 .
2109 4791 2122 4806 .
2232 4792 2246 4806 .
2324 4791 2339 4805 .
2417 4790 2431 4804 .
2508 4747 3242 4804 deestambularestatuas
3313 4784 3328 4798 .
3409 4784 3424 4799 .
3693 4784 3794 4800 ..

566 4838 770 4892 doloris
811 4837 892 4891 sui
933 4837 1104 4892 lucem
1180 4876 1196 4890 .
1275 4876 1288 4890 .
1367 4877 1381 4892 .
1458 4877 1470 4890 .
1550 4877 1564 4891 .
1642 4878 1656 4891 .
1735 4879 1747 4890 .
1827 4879 1841 4892 .
1922 4880 1934 4893 .
2014 4881 2027 4894 .
2105 4877 2122 4893 .
2228 4838 2944 4910 canesmreos,etlapides,
3021 4876 3034 4889 .
3113 4876 3127 4889 .
3208 4876 3222 4888 .
3303 4875 3318 4889 .
3401 4876 3417 4890 .
3492 4849 3796 4905 peraerem

569 4936 867 4997 ceteraque
894 4927 1157 4982 elementa
1184 4927 1437 4982 exhibent
1463 4928 1790 4983 servitutem.
1822 4930 2057 4998 Denique
2108 4970 2121 4984 .

852 5059 869 5077 .
944 5026 1129 5075 contra
1151 5019 1442 5074 bonitatem
1463 5019 1763 5074 Conditoris
1783 5015 2000 5088 fatigata
2021 5036 2132 5076 sce-

568 5112 768 5167 leribus
795 5112 1079 5180 impiorum
1109 5113 1392 5165 vincuntur
1418 5111 1574 5180 733
1602 5112 1893 5178 elementa;
1938 5111 2130 5166 exinde

571 5212 680 5269 est,
727 5203 872 5272 quod
899 5211 990 5255 aut
1019 5209 1174 5256 terra:
1204 5201 1405 5256 fructus
1434 5203 1822 5270 corrumpitur,
1872 5210 1962 5254 aut
1990 5202 2128 5255 aeris

570 5293 855 5360 temperies
885 5298 1206 5355 temerator,
1264 5297 1355 5343 aut
1382 5304 1539 5358 supra
1567 5289 1780 5343 modum
1809 5289 1966 5345 ardor
2002 5290 2128 5350 solis

567 5383 896 5449 incenditur,
951 5382 1038 5437 vel
1077 5382 1322 5436 imbrium
1363 5389 1453 5433 aut
1474 5381 1709 5448 rigorum
1749 5382 1827 5435 vis
1873 5383 2131 5438 immensa

571 5473 896 5528 diffunditur.
956 5471 1014 5525 In
1087 5509 1102 5525 .
1179 5509 1192 5522 .
1273 5507 1287 5522 .
1365 5508 1378 5522 .
1456 5507 1469 5520 .
1545 5476 1600 5522 et
1641 5470 1829 5522 mortis
1858 5470 2017 5524 facies
2046 5471 2131 5525 di-

571 5578 725 5621 versa
747 5563 1036 5632 percurrit;
1070 5559 1257 5613 festina
1285 5559 1421 5613 enim
1450 5566 1696 5613 creatura
1722 5559 1775 5611 in
1805 5559 1992 5630 impios
2015 5576 2132 5615 mo-

575 5660 787 5707 veretur
822 5652 888 5706 ad
927 5649 1245 5712 vindictam;
1301 5647 1396 5707 Dei
1433 5657 1611 5712 tamen
1649 5649 1860 5706 bonitas
1896 5652 2134 5718 reprimit

2231 4935 2365 5002 ignis
2391 4931 2547 4996 eflici,
2578 4929 2772 4984 mutari
2799 4943 2896 4998 per
2913 4928 3087 4982 var-ias
3111 4926 3326 4993 ﬁguras,
3359 4935 3415 4980 et
3441 4935 3656 4990 cetera,
3686 4940 3795 4993 qua;

2230 5023 2504 5078 Simonem
2541 5019 2689 5076 illum
2728 5016 2941 5086 Magum
2979 5015 3064 5070 vel
3107 5023 3333 5069 catteros
3371 5014 3560 5069 fecisse
3593 5015 3792 5082 accepi-

2230 5129 2385 5178 mus;
2425 5125 2551 5171 nam
2580 5116 2636 5164 et
2659 5108 2875 5162 .lamnes
2911 5115 2968 5161 et
3009 5104 3276 5160 Mambres
3312 5103 3579 5158 faciebant
3602 5103 3792 5171 magias

2230 5199 2687 5270 contraMoysen
2775 5237 2788 5251 .
2888 5234 2902 5250 .
2981 5235 2996 5250 .
3074 5232 3088 5247 .
3166 5232 3179 5246 .
3257 5199 3431 5246 est.

2230 5292 2443 5348 diabolo
2473 5291 2528 5345 in
2603 5329 2617 5343 .
2695 5328 2708 5342 .
2787 5325 2800 5340 .
2882 5323 2896 5338 .
2973 5293 3184 5353 tempus
3211 5281 3388 5350 aliqua
3414 5280 3589 5335 facere
3617 5279 3682 5333 ad
3711 5291 3789 5333 se-

2230 5381 2530 5438 ducendum
2559 5377 2817 5441 inﬁdeles,
2848 5383 2908 5431 ut
2944 5390 3030 5428 ma
3106 5412 3121 5427 .
3199 5411 3215 5427 .
3290 5411 3306 5428 .
3381 5372 3438 5425 in
3459 5369 3561 5425 fide
3600 5410 3615 5424 .
3690 5411 3704 5424 .
3772 5408 3786 5422 .

2232 5473 2463 5527 ﬁdelium
2515 5486 2666 5525 mens
2689 5510 2705 5534 ,
2752 5478 2809 5522 et
2852 5464 3093 5537 perﬁciat
3125 5465 3178 5518 in
3215 5463 3500 5518 dilectione
3524 5469 3578 5515 et
3614 5461 3788 5515 timore

2231 5564 2346 5625 Dei,
2389 5575 2488 5615 nec
2521 5560 2765 5613 vincatur
2810 5571 2841 5611 a
2877 5555 3020 5610 malo
3094 5593 3107 5606 .
3188 5592 3202 5606 .
3282 5591 3296 5606 .
3375 5591 3390 5606 .
3464 5549 3786 5620 tate.Etpi-

2233 5653 2428 5707 thoncs
2464 5648 2641 5704 futura
2670 5655 2725 5702 et
2753 5645 2962 5703 occulta
3003 5643 3315 5714 loquuntur,
3352 5648 3408 5699 et
3431 5656 3522 5698 no.
3597 5676 3614 5694 .
3688 5675 3704 5693 .
3767 5674 3781 5692 .
