3896 6250
82 372 226 431 793
1162 367 1573 426 TRACTATUS
1634 367 1696 422 ν.
1737 362 2012 421 CONTRA
2048 358 2343 418 JUDEOS.
3284 344 3396 406 790

80 485 366 542 colendo
415 485 701 557 aliquoties
797 522 812 537 .
899 521 915 537 .
995 522 1011 537 .
1090 523 1104 536 .
1142 536 1149 545 ,
1183 521 1195 535 .
1274 521 1291 536 .
1369 522 1384 537 .
1459 482 1637 536 futura
1665 488 1720 535 et
1745 493 1799 553 Α
1820 478 2017 533 Christi
2042 476 2110 535 ad
2137 472 2537 531 similitudinem
2582 470 2699 539 ejus
2724 468 2891 523 multa
2922 476 2978 523 et
3003 466 3205 557 faciunt
3227 472 3282 521 et
3316 463 3396 522 fe;

81 576 346 631 occulta
372 554 579 641 dicunt,
626 573 827 630 faciunt
851 570 1071 643 quidem
1096 571 1229 636 haec,
1274 585 1382 625 non
1410 568 1718 634 Divinitate,
1820 584 1943 624 cere
1971 569 2166 623 virtute
2206 564 2346 620 ﬁdei.
2389 562 2528 631 Ergo
2554 568 2820 615 sectemur
2863 558 3055 613 horum
3092 554 3394 619 caritatem,

80 661 201 719 sed
264 664 607 733 malignitate
652 662 739 718 vel
768 661 1126 726 curiositate;
1174 659 1316 726 ideo,
1346 659 1485 713 sicut
1514 656 1718 713 dictum
1816 671 2106 725 sequamur
2150 655 2339 709 horum
2368 648 2747 714 innocentiam,
2797 654 2857 702 ut
2903 644 3286 713 indulgentiam
3338 648 3395 698 et

81 760 214 819 est,
258 762 326 806 ut
373 754 648 819 seducant,
678 760 741 806 ut
766 750 1073 820 decipiant;
1113 748 1331 817 spiritus
1366 755 1491 802 sunt
1517 748 1633 814 vagi
1664 755 1720 801 et
1816 746 2277 801 mansuetudinem
2322 756 2509 799 eorum
2552 755 2849 807 servemus,
2878 746 2933 793 et
2978 754 3008 792 a
3061 736 3392 807 sempiterno

84 839 413 904 insinceri,
442 841 785 909 pervolantes
810 846 866 894 et
892 845 1305 909 perscrutantes.
1331 834 1465 889 Nam
1485 851 1623 903 vere.
1641 836 1716 890 illi
1815 837 1980 906 adjuti
2016 837 2148 900 Deo,
2178 844 2380 890 aeterno
2400 843 2455 889 et
2481 834 2637 887 beato
2666 830 2805 883 Filio
2826 842 2943 897 ejus
2965 842 3175 895 semper
3211 825 3386 879 hono-

82 936 248 982 sunt
279 930 459 983 sancti
478 928 679 993 famuli,
706 937 762 984 et
787 943 914 983 vere
945 928 1020 982 illi
1041 927 1269 982 ministri
1292 927 1407 991 Dei,
1433 927 1524 994 qui
1560 928 1710 994 signa
1814 943 1931 983 rem
1978 927 2275 982 deferamus
2296 932 2366 978 ,et
2415 922 2599 995 laudes
2649 927 2907 979 aeternas;
2960 916 3135 984 ipsum
3170 912 3387 966 Patrem

82 1016 333 1071 faciunt
352 1018 559 1083 salutis,
583 1026 637 1072 et
650 1018 812 1071 vitam
834 1017 1059 1071 mortuis
1072 1015 1333 1082 tribuunt,
1357 1014 1624 1068 daemones
1639 1014 1715 1068 fu-
1816 1027 1871 1072 et
1898 1018 2088 1072 Filium
2116 1019 2398 1071 adorantes
2424 1022 2480 1068 et
2507 1012 2825 1068 conﬁtentes
2854 1011 2907 1064 in
2947 1008 3150 1078 Spiritu
3177 1013 3384 1070 sancto,

85 1115 253 1173 gant
278 1126 293 1160 :
318 1108 463 1163 unde
485 1115 540 1162 et
565 1122 693 1163 vere
711 1108 780 1162 ad
795 1108 962 1163 Deum
989 1106 1257 1175 pertinere
1283 1112 1594 1170 noscuntur,
1616 1118 1712 1159 cu-
1817 1108 1902 1162 cui
1928 1108 2095 1175 gloria
2123 1116 2176 1162 et
2211 1105 2460 1174 maiestas
2488 1104 2541 1158 in
2568 1100 2779 1157 sazcula.
2814 1099 3001 1152 Amen.
3033 1096 3144 1151 Deo
3164 1092 3383 1165 gratias,
3422 1116 3427 1119 ι

85 1191 196 1259 ius
233 1195 446 1249 lumine
472 1195 771 1248 illuminant
797 1209 987 1260 caecos,
1015 1194 1212 1248 virtute
1231 1200 1423 1248 sanant
1450 1190 1709 1257 inﬁrmos,
1817 1209 2047 1267 semper.

90 1284 500 1340 misericordia
550 1294 794 1341 mortuos
835 1290 1187 1353 resuscitant,
1236 1284 1328 1358 qui
1378 1283 1433 1338 in
1497 1283 1715 1338 nomine

1294 1417 1986 1505 TRACTATUS
2060 1423 2171 1504 ν.

1476 1571 1722 1623 CONTRA
1752 1570 1822 1623 Π]
1833 1574 2029 1625 ΟᾹΞΟΒ.

182 1679 363 1751 735
390 1676 585 1733 Dicunt
610 1671 902 1731 secundum
930 1672 1164 1728 litteram
1190 1669 1359 1728 Judaei
1386 1686 1497 1727 non
1521 1685 1715 1727 secun-
1745 1675 1791 1735 Β
1819 1682 1874 1727 et
1901 1674 2014 1744 ipse
2039 1673 2205 1731 Jacob
2232 1673 2498 1729 benedicit
2530 1671 2667 1729 ﬁlios
2694 1672 2890 1744 Ioseph
2919 1672 3012 1727 ﬁlii
3040 1673 3121 1727 sui
3143 1671 3383 1730 minoris.

93 1765 258 1820 dum
334 1806 350 1822 .
427 1802 443 1817 .
524 1804 541 1821 .
618 1800 635 1817 .
711 1800 727 1818 .
799 1760 1119 1817 adhortatur
1136 1775 1238 1817 nos
1286 1761 1429 1815 ratio
1502 1799 1519 1818 .
1596 1797 1613 1815 .
1690 1800 1706 1817 .
1811 1763 1929 1818 Jam
1952 1764 2218 1832 intelligis,
2249 1772 2306 1820 et
2333 1766 2387 1819 in
2414 1764 2610 1834 Joseph
2649 1765 2808 1834 736
2843 1764 3038 1819 minori
3066 1763 3175 1818 ﬁlio
3203 1778 3380 1832 popu-

220 1899 241 1913 .
316 1858 513 1912 fratres
550 1853 936 1923 aliquantulum
974 1867 1071 1923 pre
1144 1891 1160 1907 .
1239 1892 1254 1907 .
1332 1893 1348 1911 .
1425 1892 1441 1907 .
1518 1892 1533 1906 .
1615 1867 1713 1905 ore
1813 1854 1923 1908 lum
1951 1854 2312 1910 Christianum
2341 1854 2592 1909 ostendit.
2625 1854 2901 1909 Benedicit
2923 1868 3051 1921 ergo
3079 1853 3242 1908 Jacob
3265 1853 3385 1907 illos

95 1953 319 1999 contra
365 1943 597 2009 διιάωοεν
627 1942 715 1997 νει
788 1979 805 1996 ο
881 1979 899 1996 ο
974 1980 991 1995 ο
1069 1980 1085 1995 ο
1162 1979 1177 1995 -
1252 1940 1332 1996 eis
1377 1955 1499 1997 cum
1532 1949 1712 1999 Vestra
1813 1948 1949 2007 duos
1968 1962 2183 2019 pueros,
2205 1955 2261 2005 et
2279 1947 2431 2017 ponit
2457 1961 2670 2001 manum
2702 1946 2910 2009 laevam,
2934 1945 2987 1998 id
3008 1952 3090 1999 est
3117 1944 3384 1999 sinistram

96 2033 412 2087 sanctitate
440 2046 567 2086 con.
644 2068 659 2085 -
737 2067 752 2083 -
832 2067 848 2082 -
943 2068 961 2085 ο
1038 2068 1054 2084 ο
1136 2036 1192 2084 ει
1218 2029 1393 2099 primo
1422 2029 1552 2084 illud
1581 2030 1712 2085 mihi
1811 2052 1973 2107 super
1999 2044 2158 2107 caput
2184 2036 2403 2104 majoris
2441 2043 2602 2102 natu,
2638 2043 2693 2089 et
2716 2035 2993 2089 dexteram
3023 2047 3184 2102 super
3225 2038 3384 2101 caput

102 2121 530 2177 ostendendum
556 2125 657 2186 est,
688 2116 833 2203 quod
859 2117 947 2173 hic
964 2117 1194 2187 populus
1222 2132 1254 2175 a
1281 2118 1467 2173 mundi
1491 2117 1713 2173 exordio

96 2212 308 2265 divina
362 2208 702 2264 Providentia
730 2207 1074 2281 reprobatmj,
1121 2214 1178 2262 et
1230 2222 1459 2277 sequens
1486 2208 1713 2277 populus

1812 2128 2055 2193 minoris,
2088 2134 2148 2180 ut
2175 2125 2483 2181 ostenderet
2510 2124 2769 2178 minorem
2800 2123 3032 2177 futurum
3062 2136 3178 2177 esse
3208 2121 3383 2175 hono-

1814 2218 2120 2271 rabiliorem
2167 2223 2328 2286 atque
2362 2213 2641 2281 majorem.
2686 2212 2895 2283 Moyses
2934 2225 3146 2280 quoque
3193 2210 3383 2277 accipit

99 2300 363 2367 cligitur,
392 2307 553 2367 atque
581 2297 869 2351 assumitur
892 2310 961 2349 ex
988 2295 1255 2362 gentibus,
1287 2296 1339 2349 id
1365 2305 1447 2349 est
1484 2297 1713 2365 populus

100 2388 485 2450 Christianus,
518 2394 656 2439 etut
682 2385 882 2439 certius
910 2384 1238 2452 approbetur
1282 2384 1428 2453 quod
1463 2385 1710 2451 dicimus,

101 2479 185 2531 ab
223 2477 346 2545 ipso
393 2474 569 2545 primo
606 2473 824 2528 homine
868 2472 1042 2526 Adam
1085 2488 1356 2528 sumamus
1413 2474 1709 2528 exordium.

101 2564 300 2617 Adam
323 2563 507 2629 genuit
525 2560 657 2616 Cain
677 2569 732 2615 et
758 2560 909 2615 Abel.
942 2560 1073 2614 Cain
1102 2571 1231 2615 natu
1258 2562 1431 2629 major
1458 2565 1714 2631 populum

103 2652 447 2721 designabat
457 2649 780 2705 Iudaeorum.
805 2650 908 2704 Iste
926 2651 1203 2719 repellitur
1217 2651 1285 2705 ob
1306 2650 1509 2705 facinus
1537 2666 1715 2723 suum,

104 2747 173 2793 et
208 2739 349 2794 Abel
398 2738 575 2793 minor
620 2746 750 2791 natu
797 2738 1104 2805 assumitur,
1142 2738 1233 2805 qui
1280 2739 1534 2808 populum
1560 2739 1716 2793 Chri-

106 2828 366 2880 stianum
396 2825 751 2891 ostendebat;
789 2826 1099 2895 reprobavit
1126 2826 1267 2879 enim
1295 2828 1433 2882 Deus
1456 2828 1716 2883 sacriﬁcia

110 2918 286 2981 Cain,
316 2926 374 2972 et
416 2916 550 2971 Abel
580 2916 899 2972 sacriﬁcium
946 2917 1255 2985 assumpsit.
1288 2915 1558 2972 Occiditur
1603 2920 1716 2988 ipse

1814 2306 2053 2371 tabulas,
2080 2312 2135 2373 et
2160 2310 2378 2373 propter
2406 2302 2617 2371 culpam
2646 2301 2828 2370 p0puli
2866 2298 3089 2369 projecit
3130 2313 3248 2361 eas;
3270 2311 3383 2377 71se-

1815 2393 1987 2448 cundo
2009 2393 2140 2446 alias
2160 2392 2487 2461 conscriptas
2506 2390 2699 2461 accipit
2717 2398 2772 2444 et
2790 2396 3045 2455 reservat,
3072 2390 3089 2420 ¹
3113 2396 3271 2457 atque
3295 2400 3383 2441 sa-

1815 2484 1922 2538 cris
1971 2482 2331 2537 voluminibus

1820 2612 1834 2626 ο
1922 2610 1936 2623 0
2022 2610 2035 2623 0
2116 2608 2132 2634 φ
2211 2609 2224 2623 o
2303 2610 2317 2623 0
2399 2611 2414 2625 ο
2491 2609 2506 2622 ι
2588 2608 2602 2623 0
2681 2610 2695 2623 0
2776 2609 2791 2623 0
2869 2607 2886 2623 0
2968 2608 2981 2623 0
3060 2607 3074 2622 0
3152 2607 3167 2622 0
3260 2607 3275 2621 ι
3360 2604 3379 2623 0

1815 2662 1837 2691 ¹
1850 2660 2161 2730 Prop/telam
2176 2661 2237 2722 de
2248 2669 2394 2730 gente
2414 2664 2521 2723 tua,
2540 2658 2662 2713 etde
2674 2660 2920 2729 fratribus
2937 2659 3136 2721 vestris;
3156 2657 3289 2711 sicut
3305 2673 3385 2711 me

1816 2751 1960 2803 illum
1989 2750 2179 2802 audite.
2204 2749 2497 2802 Eritenim:
2516 2749 2680 2802 omnis
2699 2749 2890 2811 anima,
2908 2763 3020 2817 qua:
3036 2763 3138 2799 non
3167 2744 3385 2797 audierit

1816 2841 2113 2910 prophetam
2141 2840 2573 2905 illum,interierit
2592 2840 2655 2891 de
2684 2838 2868 2908 populo
2884 2836 3182 2906 suo,(Deut.
3214 2832 3386 2902 xvut).

1818 2924 2136 2997 Prophetam
2164 2927 2295 2980 dixit
2322 2926 2609 2991 Christum,
2636 2927 2756 2995 quia
2780 2926 3044 2994 propheta
3067 2932 3152 2978 est
3176 2923 3259 2977 sui
3285 2920 3388 2975 Pa-

111 3008 270 3061 Abel
297 3023 330 3060 a
357 3004 525 3072 Cain;
567 3013 622 3063 et
642 3006 880 3060 nascitur
903 3006 1038 3060 alius
1066 3004 1204 3060 ﬁlius
1227 3006 1354 3059 Adae
1382 3008 1434 3059 in
1463 3008 1580 3062 loco
1602 3007 1716 3076 ejus
1743 3017 1788 3079 (ζ
1822 3019 1914 3069 tris
1939 3024 1995 3071 et
2022 3016 2136 3070 Dei.
2169 3015 2423 3069 Dominus
2451 3024 2629 3069 autem
2664 3021 2718 3068 et
2756 3015 2898 3068 Deus
2922 3021 3002 3068 est
3033 3013 3212 3067 omnis
3237 3025 3391 3067 crea-

114 3095 360 3150 nominc
388 3094 541 3149 Setb.
573 3093 867 3149 Considera
915 3095 1250 3165 mysterium.
1280 3095 1413 3149 Abel
1441 3095 1613 3150 luctus
1641 3098 1722 3151 in-

118 3192 479 3254 terpretatur,
504 3184 633 3239 Seth
651 3185 995 3240 resurrectio.
1018 3184 1159 3255 Ergo
1175 3186 1227 3238 in
1251 3184 1367 3240 istis
1401 3185 1483 3240 his
1512 3186 1721 3242 duobus

122 3276 397 3334 fratribus
423 3275 738 3331 minoribus.

954 3314 971 3332 ο
1047 3314 1062 3329 0
1141 3315 1155 3330 0
1233 3316 1249 3331 0
1328 3317 1343 3331 0
1422 3316 1436 3329 0
1516 3316 1530 3330 0
1609 3313 1626 3330 0
1702 3316 1717 3330 0

257 3492 275 3508 0
358 3493 373 3509 0
467 3493 483 3509 0
579 3491 594 3510 0
672 3492 689 3511 0
766 3492 782 3509 0
861 3492 877 3509 0
954 3493 967 3507 0
1046 3491 1062 3507 ο
1143 3495 1157 3508 ο
1237 3494 1252 3509 0
1326 3494 1339 3509 0
1421 3495 1435 3509 0
1512 3494 1527 3507 ο
1608 3495 1622 3510 0
1704 3495 1717 3509 0

373 3581 389 3597 ο
466 3581 481 3599 0
580 3583 597 3599 0
674 3581 689 3599 0
768 3582 785 3600 ο
862 3582 878 3599 0
956 3581 971 3597 ο
1050 3582 1065 3596 ο
1144 3582 1159 3598 0
1237 3583 1252 3598 0
1331 3583 1347 3599 0
1424 3583 1438 3597 0
1517 3583 1531 3597 α
1612 3585 1627 3601 0
1704 3583 1718 3598 0

368 3671 385 3687 ο
463 3671 478 3685 0
576 3671 591 3686 0
669 3671 686 3687 ο
763 3671 778 3686 0
858 3671 873 3687 0
950 3672 965 3685 Ι
1044 3673 1057 3689 0
1135 3673 1151 3687 Ι
1229 3672 1244 3687 0
1324 3673 1338 3686 Ι
1415 3674 1429 3687 0
1509 3674 1523 3687 0
1602 3674 1617 3689 0
1698 3674 1713 3689 0

131 3724 269 3792 quia
300 3723 599 3789 mandatur,
629 3731 684 3780 et
711 3730 769 3778 ut
797 3724 1061 3794 relinquat
1090 3725 1296 3794 priores
1323 3742 1536 3782 errores
1560 3736 1614 3782 et
1632 3742 1728 3783 ve-

130 3819 289 3865 tusta
316 3812 462 3878 vitia,
487 3819 542 3867 et
561 3806 715 3868 exeat
737 3813 881 3879 inde,
900 3813 1270 3885 elﬁciaturque
1297 3817 1351 3870 in
1373 3825 1586 3884 gentem
1613 3832 1727 3872 ma-

130 3915 324 3968 gnam,
354 3900 407 3955 id
436 3908 519 3955 est
557 3901 613 3955 in
640 3903 840 3973 populo
866 3902 1013 3957 ﬁdeli
1036 3900 1361 3971 Christiano,
1394 3912 1510 3959 toto
1554 3914 1726 3959 terra-

129 4004 265 4044 rum
305 3989 436 4043 orbe
475 3989 698 4057 diﬁ'uso;
742 3992 885 4047 unde
929 3991 1205 4062 Scriptura
1252 3994 1604 4049 annuntiabat
1642 3994 1726 4048 di-’

128 4092 277 4133 cens
308 4094 320 4128 :
349 4076 510 4133 Eritis
561 4087 748 4147 gentes
792 4080 847 4135 in
892 4090 1053 4150 caput
1078 4081 1390 4147 Christiani,
1422 4084 1727 4140 incredulus

132 4174 328 4221 autem
360 4166 588 4236 populus
615 4166 669 4221 in
697 4168 884 4235 cauda,
913 4169 967 4222 id
1003 4177 1086 4223 est
1124 4169 1311 4225 Judaei.
1343 4156 1539 4227 Genuit
1566 4173 1729 4228 Abra-

134 4255 273 4310 ham
302 4254 439 4312 duos
467 4253 624 4323 ﬁlios,
654 4257 847 4315 lsmael
875 4266 931 4313 et
957 4258 1125 4315 Isaac.
1164 4260 1355 4317 lsmael
1388 4262 1561 4331 major
1597 4271 1728 4319 natu

1822 3115 1954 3160 tura:
1986 3124 1998 3158 :
2029 3106 2096 3160 de
2122 3106 2239 3175 ipso
2267 3105 2476 3160 dicebat
2504 3105 2697 3158 iterum
2726 3103 2937 3173 Moyses
2964 3102 3018 3155 in
3047 3102 3183 3156 libro
3212 3099 3391 3155 Gene-

1820 3212 1945 3252 seos
1982 3195 2130 3267 (Cap.
2161 3194 2240 3265 1):
2274 3194 2343 3249 In
2376 3194 2629 3265 principio
2661 3194 2781 3264 fecit
2809 3191 2948 3245 Deus
2988 3192 3167 3244 calum
3205 3200 3253 3243 et
3293 3198 3392 3243 ter-

1820 3303 1977 3352 ram;
2024 3286 2113 3340 hic
2151 3284 2468 3355 principium
2508 3283 2697 3336 Filium
2742 3288 2951 3344 taxans,
3000 3280 3055 3333 in
3098 3294 3206 3347 quo
3255 3278 3394 3333 Deus

1822 3376 1983 3430 Pater
2028 3374 2152 3429 fecit
2178 3373 2371 3429 cmlum
2401 3380 2455 3427 et
2483 3380 2699 3436 terram,
2733 3369 2878 3440 quod
2907 3368 3180 3438 apostolus
3208 3373 3395 3422 noster

1823 3464 2019 3519 Paulus
2045 3462 2215 3533 Moysi
2236 3461 2666 3531 prosecutionem
2694 3465 2972 3522 attestans,
3004 3457 3235 3523 dicebat,
3274 3454 3395 3525 quia

1822 3557 1876 3609 in
1908 3554 2107 3609 Christo
2135 3562 2307 3607 creata
2328 3560 2444 3606 sunt
2471 3551 2645 3604 omnia
2672 3566 2785 3620 qua:
2813 3558 2929 3602 sunt
2949 3548 3003 3601 in
3026 3548 3181 3610 caelis,
3212 3553 3261 3599 et
3282 3560 3395 3615 qua:

1824 3652 1941 3698 sunt
1968 3645 2021 3697 in
2062 3651 2229 3709 terra,
2261 3640 2479 3695 visibilia
2516 3648 2565 3693 et
2594 3638 2869 3693 invisibilia
2888 3678 2903 3705 ,
2943 3638 3046 3690 sive
3071 3634 3216 3688 sedes
3235 3675 3251 3700 ,
3292 3635 3397 3687 sive

1825 3733 2197 3787 dominationes
2227 3730 2442 3801 (Coloss.
2474 3729 2513 3798 ι)
2553 3735 2607 3782 et
2636 3736 2850 3791 caetera,
2900 3740 3018 3793 qua:
3060 3724 3132 3777 ibi
3160 3737 3394 3792 sequun-

1825 3831 1929 3877 tur.
1960 3822 2018 3875 ln
2056 3820 2319 3892 principio
2353 3833 2482 3888 ergo
2529 3818 2651 3873 fecit
2689 3818 2828 3871 Deus
2854 3815 3047 3871 omium
3088 3822 3143 3868 et
3177 3821 3395 3868 terram.

1826 3910 2149 3978 Principium
2169 3907 2412 3963 Christus
2434 3915 2532 3972 est,
2556 3906 2646 3976 qui
2673 3905 2885 3960 dicebat
2900 3918 2996 3973 per
3018 3901 3359 3957 Salomonem
3381 3919 3393 3953 :

1826 3999 1847 4030 ³
1877 3997 2132 4052 Dominus
2175 3998 2364 4051 creavit
2401 4011 2483 4050 me
2528 3994 2838 4065 principium
2874 3993 3069 4046 viarum
3109 4004 3319 4043 suarum
3346 3988 3399 4043 in

1825 4085 2461 4173 operasua(Prov.vm).
2540 4125 2555 4141 .
2632 4123 2646 4137 .
2726 4124 2741 4140 .
2818 4123 2835 4138 .
2913 4122 2929 4137 .
3004 4120 3020 4136 .
3097 4121 3113 4139 .
3193 4120 3207 4134 .
3286 4119 3304 4134 .
3380 4119 3398 4136 .

1829 4217 1845 4237 ο
1928 4216 1944 4233 0
2036 4216 2051 4232 0
2135 4215 2150 4233 Ι
2232 4215 2250 4231 ο
2328 4214 2345 4233 0
2424 4214 2439 4232 0
2519 4213 2536 4231 0
2610 4213 2628 4233 Ι
2706 4211 2721 4228 ο
2798 4211 2816 4230 0
2891 4211 2909 4228 0
2987 4210 3003 4228 0
3080 4210 3095 4226 ο
3174 4210 3190 4227 0
3278 4208 3296 4224 ο
3382 4211 3400 4229 ο

135 4343 247 4397 fuit
275 4358 340 4397 ex
370 4344 561 4398 ancilla
584 4344 745 4414 Agar,
767 4345 915 4403 Isaac
942 4348 1119 4403 minor
1144 4357 1275 4403 natu
1300 4364 1367 4404 ex
1387 4350 1553 4406 libera
1572 4350 1723 4419 Sara,
1752 4362 1804 4424 ι)
1829 4365 1922 4413 aut
1940 4355 2189 4412 ilmdatus
2224 4360 2308 4411 est
2335 4352 2480 4411 orbis
2504 4360 2661 4408 terrae
2734 4389 2751 4405 .
2827 4390 2844 4406 .
2920 4387 2936 4405 .
3012 4387 3028 4404 .
3106 4388 3121 4403 .
3194 4356 3404 4418 pararet

108 4430 295 4514 _quod
321 4433 598 4501 apostolus
624 4443 808 4491 noster
835 4434 1050 4504 Paulus,
1089 4439 1181 4507 qui
1208 4446 1265 4493 et
1300 4440 1417 4509 ipse
1444 4456 1511 4495 ex
1537 4440 1733 4503 Judtcis
1832 4448 2027 4505 coelum
2101 4485 2118 4502 .
2196 4484 2213 4500 .
2290 4484 2308 4502 .
2383 4426 2405 4500 .i
2475 4484 2491 4499 .
2564 4443 2808 4499 Christus
2845 4442 3099 4497 Dominus
3126 4440 3291 4496 Filius
3315 4440 3407 4497 Dei

140 4522 471 4591 crediderat,
512 4525 724 4582 dicebat
769 4545 783 4580 :
826 4527 946 4582 Jam
985 4546 1089 4585 non
1133 4545 1309 4589 sumus
1351 4533 1556 4587 ancillte
1597 4534 1729 4604 ﬁlii,
1830 4539 1946 4607 ipse
1970 4543 2071 4593 est.
2182 4574 2197 4590 .
2309 4574 2325 4589 .
2424 4572 2440 4588 .
2538 4572 2553 4587 .
2633 4572 2648 4588 .
2727 4571 2741 4587 .
2821 4570 2837 4587 .
2915 4570 2931 4586 .
3009 4570 3026 4587 .
3106 4569 3121 4586 .
3199 4570 3215 4586 .
3390 4570 3405 4585 .

144 4612 3409 4689 sedlibertz(Galat.rv).................dicebat.......Fir-

152 4920 172 4936 ο
255 4920 272 4938 0
349 4920 364 4937 0
442 4921 459 4938 0
535 4920 552 4941 ο
629 4921 646 4939 0
723 4922 741 4941 0
819 4924 836 4940 ο

157 5154 307 5213 vides
333 5155 458 5226 quia
494 5156 643 5227 prior
667 5155 984 5227 reprobatur
1000 5193 1017 5222 ,
1047 5160 1104 5213 et
1129 5172 1359 5228 sequens
1404 5159 1723 5229 assumitur;

231 5327 249 5358 ί
271 5325 483 5407 Excidit
509 5339 628 5394 ergo
646 5321 911 5407 Δ(Μξηγεῑθε)
936 5322 1063 5407 duas
1093 5322 1292 5376 tabulas
1320 5324 1571 5394 lapideas,
1595 5343 1729 5407 nqua-

163 5394 234 5449 les
267 5405 423 5447 antea
457 5392 679 5458 fueram,
704 5400 755 5443 et
776 5392 853 5458 de
885 5392 1031 5445 nocte
1066 5392 1380 5458 consurgens
1417 5392 1645 5447 ascendit
1676 5398 1731 5449 in

164 5475 385 5517 montem
412 5462 761 5533 ‘Sinai,_sicut
796 5471 1106 5531 praceperat
1149 5462 1199 5515 ei
1240 5462 1493 5516 Dominus
1519 5473 1733 5533 portans

162 5548 327 5587 secum
351 5530 570 5584 tabulas.
592 5527 762 5583 Exod.
786 5527 966 5582 xxxiv.

231 5604 251 5634 ι
272 5600 591 5667 Prophetam
622 5598 688 5650 de
719 5606 867 5667 gente
890 5607 973 5649 tua
998 5612 1046 5651 et
1075 5615 1137 5651 ae
1165 5599 1410 5665 fratribus
1434 5600 1533 5653 tuis
1572 5603 1735 5655 susci-

164 5669 289 5727 tabit
317 5670 411 5725 tibi
438 5666 693 5725 Dominus
720 5666 860 5724 Deus
889 5676 1023 5736 tuus,
1053 5668 1219 5737 ipsum
1244 5670 1454 5737 audies;
1482 5670 1613 5726 sicut
1639 5689 1732 5741 pe-

1708 4750 1726 4769 .
1828 4724 2154 4779 momentum,
2188 4721 2237 4767 et
2266 4714 2458 4784 factum
2484 4720 2558 4765 est
2582 4712 2992 4781 ﬁrmamentum,
3022 4712 3153 4780 fiant
3191 4710 3410 4763 lumina-

1828 4805 1911 4859 ria
1937 4803 1991 4855 in
2019 4803 2341 4872 ﬁrmamento
2364 4800 2496 4863 caeli,
2519 4801 2598 4856 sic
2622 4808 2678 4852 ut
2707 4800 2909 4853 luceant
2937 4815 3089 4869 super
3127 4808 3338 4867 terram,
3364 4811 3409 4853 et

1830 4893 1948 4966 fecit
1987 4892 2087 4945 duo
2115 4890 2392 4944 luminaria
2428 4888 2599 4957 majus
2626 4897 2673 4941 et
2712 4890 2900 4945 minus.
2933 4887 3212 4941 Luminare
3243 4889 3414 4957 majus

1828 4982 1883 5034 in
1907 4981 2283 5033 inchoationem
2319 4978 2442 5044 diei,
2475 4986 2524 5031 et
2552 4978 2805 5031 luminare
2838 4978 3007 5030 minus
3034 4980 3089 5030 in
3127 4978 3411 5033 inchoatio-

1832 5086 1947 5124 nem
1969 5070 2131 5123 noctis
2162 5066 2369 5137 (Cenes.
2405 5068 2465 5137 ι).
2495 5065 2636 5134 Ergo
2669 5066 2811 5121 Deus
2833 5066 2984 5131 dixit,
3016 5074 3071 5121 et
3097 5066 3238 5121 Deus
3265 5064 3410 5120 fecit.

1833 5160 1974 5216 Audi
2001 5159 2192 5218 adhuc.
2220 5158 2351 5213 dicit
2376 5158 2519 5214 Deus
2549 5176 2563 5211 :
2592 5156 2873 5214 Faciamus
2904 5158 3159 5213 hominem
3190 5157 3259 5211 ad
3282 5158 3413 5211 ima-

1838 5327 1943 5380 tisti
1974 5344 2005 5379 a
2035 5326 2255 5381 Domino
2282 5326 2391 5380 Deo
2428 5336 2511 5380 tuo
2548 5327 2600 5379 in
2617 5325 2813 5381 Horeb.
2846 5326 3066 5392 Quando
3095 5328 3270 5381 concio
3291 5344 3413 5381 con-

1839 5404 2051 5467 gregata
2080 5406 2171 5458 est,
2198 5406 2349 5467 atque
2378 5396 2556 5449 dixisti
2578 5396 2717 5450 ultra
2745 5414 2849 5451 non
2877 5398 3085 5452 audiant
3116 5414 3284 5451 vocem
3310 5396 3412 5453 Do-

1838 5464 1966 5518 mini
1995 5464 2091 5518 Dei
2114 5465 2235 5531 mei,
2264 5464 2370 5519 etc.

1915 5534 1937 5604 ξ
1965 5533 2062 5589 llic
2108 5534 2258 5604 locus
2285 5534 2596 5602 desumptus
2624 5541 2705 5588 est
2742 5549 2808 5589 ex
2846 5550 2964 5604 cap.
2994 5552 3085 5591 vni
3114 5533 3296 5599 Prov.,
3328 5535 3413 5593 ubi

1840 5599 2032 5669 legitur
2062 5620 2073 5654 :
2103 5602 2355 5655 Dominus
2376 5599 2598 5669 possedit
2622 5620 2699 5656 me
2720 5604 2773 5657 in
2796 5599 2943 5659 initio
2966 5607 3163 5659 viarum
3186 5621 3414 5671 suarum,

1842 5682 2113 5742 antequam
2133 5672 2407 5741 quidquam
2433 5673 2625 5740 faceret
2648 5689 2681 5728 a
2704 5675 2981 5743 principio,
3012 5684 3117 5731 etc.
