3896 6250
519 308 621 365 795

1709 305 1762 367 δ.
1801 303 2042 361 MAXlMl
2082 301 2535 360 TAUBINENSIS

3684 299 3792 354 796

515 427 688 500 ginem
722 432 771 478 et
796 423 1182 478 similitudinem
1224 431 1485 487 nostram;
1521 429 1568 475 et
1608 423 1726 492 fecit
1765 421 1901 474 Deus
1927 422 2090 474 homi-
2117 423 2167 480 Α
2194 421 2319 474 tatis
2347 428 2402 475 et
2423 420 2736 488 ignorantia:
2776 420 3024 477 tenebras
3053 436 3163 475 non
3211 419 3560 489 derelinquit.
3593 419 3796 472 Parari

515 534 651 582 nem,
674 514 744 568 ad
769 515 1043 584 imaginem
1073 513 1169 567 Dei
1199 515 1318 584 fecit
1335 514 1478 566 illum
1509 513 1662 583 (Cen.
1693 513 1752 580 ι).
1788 512 1924 566 Dicit
1953 511 2090 565 forte

515 605 766 659 Judmus:
818 603 897 658 Ad
925 603 1144 670 angelos
1184 603 1322 657 Deus
1365 603 1518 657 dixit.
1549 601 1894 656 Convincitur
1932 602 1984 655 in
2023 617 2090 658 eo

515 697 656 766 quod
685 696 878 749 dicitur
905 703 952 750 et
982 694 1120 748 Deus
1150 696 1266 765 fecit
1287 695 1576 758 hominem;
1621 709 1728 748 non
1756 694 1896 747 enim
1926 707 2090 761 ange-

514 787 636 853 geli,
670 788 824 855 737
854 785 1005 849 dixit,
1034 784 1290 848 fecerunt,
1322 784 1415 838 sed
1446 783 1602 844 Deus,
1627 782 1818 850 inquit.
1847 783 1969 852 fecit
1989 781 2087 833 lto-

517 879 722 928 minem.
740 874 878 927 Deus
893 873 1047 939 dixit,
1061 882 1116 926 et
1129 873 1267 929 Deus
1284 873 1432 937 fecit;
1450 872 1500 927 id
1516 881 1598 926 est
1613 870 1773 925 Pater
1789 872 2086 940 imperavit,

517 973 571 1018 et
595 964 756 1018 Filius
781 963 1103 1031 adimplevit.
1137 960 1198 1015 Et
1219 961 1345 1014 illud
1366 961 1644 1015 considera
1665 960 1808 1028 quod
1831 961 2087 1029 scriptum

517 1052 726 1122 (Cenes.
755 1053 901 1121 xvm)
933 1059 1015 1106 est
1038 1051 1104 1105 de
1133 1051 1524 1118 Abraham,qui
1556 1050 1638 1123 [F.
1670 1049 1818 1120 quia]
1842 1051 2091 1120 apparuit

514 1141 590 1194 illi
621 1141 760 1195 Deus
801 1141 864 1194 ad
894 1155 1147 1208 quercum
1178 1140 1445 1204 Mambre;
1473 1147 1526 1192 et
1556 1139 1896 1208 postmodum
1926 1141 2089 1194 habet

513 1233 786 1300 Scriptura
817 1231 1006 1300 (Ibid)
1034 1232 1084 1284 in
1108 1231 1388 1283 exustione
1407 1230 1654 1284 Sodoma:
1680 1239 1733 1282 et
1753 1229 2084 1294 Gomorrhze,

511 1322 654 1392 quod
675 1323 926 1374 Dominus
948 1337 977 1372 a
1002 1320 1225 1373 Domino
1253 1320 1447 1387 pluerit
1475 1319 1648 1386 ignem
1671 1328 1725 1371 et
1752 1319 1972 1387 sulphur
1993 1334 2086 1372 su-

512 1427 609 1483 per
637 1411 852 1465 easdem
876 1410 1138 1464 civitates.
1171 1408 1309 1476 Ergo
1336 1418 1419 1462 est
1450 1407 1608 1462 Pater
1637 1416 1692 1462 et
1712 1409 1894 1471 Filius,
1921 1425 1950 1463 a
1978 1425 2086 1478 quo

513 1504 692 1566 Patre,
728 1502 779 1556 id
809 1510 980 1555 estex
1009 1500 1162 1567 cujus
1187 1500 1426 1567 jussione
1457 1500 1589 1569 pluit
1615 1499 1782 1553 Filius
1827 1501 2004 1567 ignem
2033 1509 2091 1556 et

513 1593 756 1660 sulphur.
789 1591 846 1644 ιιι
876 1591 1012 1643 Filio
1043 1605 1169 1657 ergo
1213 1591 1340 1644 fecit
1368 1589 1507 1643 Deus
1546 1591 1738 1644 malum
1780 1599 1834 1644 et
1865 1599 2086 1657 terram,

511 1683 601 1752 qui
630 1691 746 1735 erat
764 1689 887 1734 ante
907 1682 1100 1735 cmlum
1121 1689 1176 1734 et
1197 1689 1426 1735 terram:
1453 1697 1629 1736 nonne
1653 1692 1780 1738 ante
1807 1682 1930 1738 facti
1960 1693 2086 1740 sunt

2194 511 2456 562 lucernam
2483 508 2688 563 Christo
2725 526 2835 564 meo
2865 527 2882 563 :
2915 512 3111 564 iterum
3152 512 3209 564 in
3238 510 3508 565 Joannem
3537 520 3792 564 sanctum

2195 600 2319 663 dici,
2345 601 2686 669 intelligimus
2715 602 2986 655 lucernam
3017 604 3272 672 populum
3304 603 3702 657 illuminantem
3722 603 3790 658 de

2193 691 2297 744 isto
2327 690 2555 744 Domino
2593 690 2874 746 Salvatore
2921 702 2977 746 et
3003 692 3078 747 de
3098 692 3218 760 ejus
3247 691 3480 746 adventu
3525 693 3582 744 in
3625 706 3786 745 carne

2191 779 2392 836 futuro.
2423 778 2489 833 Et
2515 779 2678 834 Isaias
2707 781 3073 835 sanctissimus
3113 782 3434 850 loquebatur
3461 799 3474 832 :
3508 780 3784 849 Conferte-

2190 868 2336 935 mini,
2367 868 2558 937 inquit,
2584 885 2768 923 manus
2789 871 3027 924 resolutae
3063 881 3111 923 et
3141 887 3310 941 genua
3356 868 3547 922 debilia
3579 876 3639 921 ct
3664 879 3784 937 post

2189 973 2354 1027 pauca
2377 959 2451 1013 ait
2482 977 2494 1012 :
2529 958 2666 1012 Deus
2689 970 2862 1014 noster
2876 961 3130 1031 judicium
3149 960 3427 1023 retribuet;
3461 962 3570 1027 ipse
3591 960 3777 1018 ueniet,

2190 1047 2406 1109 sultvubit
2431 1041 2536 1104 nos
2558 1067 2575 1102 :
2605 1059 2722 1103 tunc
2753 1053 3046 1120 aperientur
3088 1053 3222 1104 oculi
3243 1063 3517 1113 eiecerunt,
3546 1062 3600 1104 et
3631 1065 3780 1101 aures

2189 1142 2457 1194 surdorum
2492 1143 2700 1194 audient
2731 1143 2748 1212 (
2775 1142 2906 1196 Isai.
2938 1143 3160 1211 xxxv),
3211 1151 3267 1195 et
3294 1153 3509 1196 caatera.
3569 1140 3642 1193 Et
3683 1141 3777 1192 Ba-

2188 1231 2318 1284 ruch
2349 1231 2563 1286 dicebat
2589 1232 2666 1289 do
2681 1232 2894 1288 Christo
2921 1252 2933 1286 :
2970 1233 2990 1264 ³
3012 1233 3113 1286 Hic
3141 1233 3278 1286 Deus
3299 1245 3474 1287 noster
3520 1251 3628 1287 non
3667 1234 3776 1286 exi—

2188 1320 2427 1373 stimatur
2439 1321 2570 1373 alter
2593 1323 2661 1373 ad
2684 1323 2921 1377 alterum.
2946 1320 3044 1385 Qui
3059 1325 3248 1375 invenit
3265 1339 3466 1375 omnem
3493 1325 3633 1374 riam
3654 1338 3778 1390 prio

2192 1409 2401 1473 dentice,
2424 1419 2473 1463 et
2492 1411 2631 1464 dedit
2658 1429 2772 1464 eam
2797 1411 2959 1466 Iacob
2997 1429 3156 1482 puero
3172 1429 3281 1474 suo,
3313 1421 3360 1464 et
3388 1411 3560 1464 Israel
3587 1412 3777 1464 dilecto

2189 1501 2320 1566 sibi;
2351 1514 2466 1572 post
2501 1504 2610 1556 lucc
2646 1505 2698 1559 in
2729 1505 2876 1556 terris
2906 1505 3041 1556 visus
3062 1513 3111 1555 et
3137 1505 3259 1556 inter
3296 1504 3529 1556 homines
3556 1519 3776 1555 concer-

2187 1603 2330 1647 satus
2373 1603 2448 1647 est
2480 1595 2712 1665 (Baruch
2740 1597 2829 1665 ιιι)
2855 1614 2868 1648 :
2900 1605 2959 1649 ut
2989 1596 3127 1650 idem
3160 1611 3267 1650 non
3295 1594 3434 1648 Deus
3475 1593 3644 1646 Pater
3696 1594 3776 1646 vi-

2186 1699 2276 1737 sus
2305 1691 2404 1748 est,
2430 1693 2485 1737 et
2511 1693 2859 1738 conversatus
2879 1685 3017 1738 inter
3043 1685 3307 1750 homines,
3337 1683 3428 1736 sed
3461 1682 3636 1735 Filius
3660 1682 3776 1747 Dei,

511 1770 710 1837 angeli,
761 1769 1084 1836 archangeli,
1135 1785 1427 1839 omnesque
1465 1773 1734 1841 spiritales
1767 1774 1990 1828 virtutes
2037 1783 2092 1828 et
2120 1775 2166 1834 Β
2191 1773 2258 1828 de
2297 1774 2447 1841 cujus
2489 1775 2869 1829 incarnationis
2896 1775 3124 1830 adventu
3155 1775 3345 1828 iterum
3372 1773 3536 1826 Isaias
3556 1787 3776 1824 annun-

515 1862 851 1931 potestates‘t
877 1858 1019 1926 Ergo
1057 1859 1200 1927 quod
1247 1860 1340 1925 ait,
1371 1861 1428 1917 ln
1475 1863 1736 1932 principio
1779 1862 1906 1918 fecit
1953 1865 2091 1919 Deus

513 1951 712 2008 omium
757 1959 812 2005 et
859 1959 1076 2015 terram,
1107 1951 1160 2004 in
1189 1949 1402 2006 Christo
1429 1952 1628 2009 dixisse
1655 1952 1980 2020 declaratur,
2024 1970 2092 2009 ex

514 2040 668 2110 cujus
695 2056 925 2110 persona
953 2052 1008 2094 et
1054 2040 1220 2094 David
1247 2041 1456 2095 dicebat
1491 2059 1503 2094 :
1541 2042 1708 2097 Verbo
1748 2043 1958 2098 Domini
1979 2047 2092 2098 caeli

515 2132 710 2204 firmati
737 2139 874 2195 sunt,
919 2139 968 2183 et
1012 2131 1196 2200 spiritu
1226 2132 1329 2184 oris
1357 2132 1466 2203 ejus
1503 2134 1668 2186 ontnis
1712 2135 1872 2188 virtus
1917 2153 2091 2190 eorum

517 2220 690 2293 (Psal.
721 2224 893 2288 xxxu)
914 2235 927 2283 ;
952 2221 1052 2274 iste
1075 2227 1159 2274 est
1201 2219 1366 2275 Filius
1391 2221 1506 2288 Dei,
1532 2222 1599 2276 de
1620 2238 1726 2290 quo
1757 2225 1946 2285 iterum
1978 2227 2091 2295 ipse

512 2309 686 2367 David
711 2310 922 2363 dicebat
950 2309 1002 2362 in
1032 2308 1267 2363 secundo
1296 2311 1502 2377 psalmo
1532 2329 1544 2362 :
1588 2311 1839 2365 Dominus
1863 2315 1997 2367 dixit
2025 2315 2091 2366 ad

516 2417 596 2454 me
627 2417 646 2453 :
674 2399 841 2452 Filius
870 2414 1010 2451 meus
1058 2416 1112 2452 es
1145 2407 1216 2461 tu,
1249 2416 1340 2469 ego
1388 2400 1539 2452 hodie
1566 2403 1715 2470 genui
1745 2411 1808 2456 te.
1842 2401 1973 2456 Vide
1999 2419 2090 2456 se-

517 2489 754 2543 cundum
801 2489 1111 2558 mysterium
1149 2507 1160 2540 :
1217 2489 1267 2542 in
1301 2489 1533 2543 secundo
1579 2489 1780 2558 psalmo
1828 2492 1930 2546 hoc
1956 2493 2090 2546 dici-

517 2586 604 2632 tur
678 2617 692 2632 .
767 2616 784 2630 .
863 2615 878 2630 .
958 2616 971 2630 .
1049 2616 1066 2631 .
1143 2615 1159 2632 .
1237 2615 1252 2630 .
1327 2577 1593 2631 secundus
1636 2578 1798 2633 Filius
1885 2618 1899 2632 .

611 2703 629 2719 .
702 2665 798 2719 sed
856 2665 942 2720 die
1028 2704 1044 2719 .
1124 2705 1138 2718 .
1219 2705 1233 2720 .
1313 2704 1327 2720 .
1406 2703 1420 2717 .
1501 2704 1516 2719 .
1606 2667 1903 2721 certissime
1950 2668 2090 2722 Deus

512 2752 725 2819 Filium,
775 2769 934 2823 quem
977 2755 1179 2822 genuit,
1208 2769 1314 2807 non
1342 2755 1481 2810 sicut
1519 2754 1794 2821 homines,
1827 2757 1919 2810 sed
1951 2759 2088 2813 sicut

513 2842 692 2898 decuit
717 2842 829 2896 Deo
868 2857 1125 2913 generare
1170 2843 1586 2912 impassibiliter,
1619 2843 2091 2914 incorruptibiliter

510 2932 580 2989 tle
627 2947 687 2987 se
752 2934 902 3002 ipso;
934 2949 1070 2986 unus
1109 2948 1272 2986 unum
1319 2933 1522 2999 genuit,
1554 2933 1699 2987 solus
1727 2934 1920 3000 solum,
1951 2935 2089 2990 Deus

509 3021 702 3085 Deum,
755 3037 852 3076 rex
893 3035 1094 3088 regem,
1128 3022 1391 3089 ingenitus
1423 3023 1438 3052 ¹
1471 3022 1778 3090 ingenitum,
1815 3021 1974 3076 Pater
2001 3023 2088 3081 Fi-

2192 1863 2360 1916 tiabat
2397 1862 2579 1917 dicens
2612 1880 2624 1915 :
2659 1863 2919 1921 Revelavit
2958 1862 3096 1916 Deus
3143 1863 3409 1916 brachium
3444 1877 3596 1914 suum
3629 1862 3774 1912 illum

2191 1961 2424 2005 sanctum
2477 1954 2531 2005 in
2571 1963 2841 2022 conspectu
2879 1955 3106 2007 omnium
3145 1953 3392 2022 gentium,
3438 1959 3488 2002 et
3528 1951 3775 2002 ridebunt

2191 2062 2365 2098 omnes
2377 2055 2549 2115 gentes
2571 2048 2739 2114 ipsum
2761 2062 2910 2116 super
2929 2053 3117 2099 terram
3136 2044 3414 2097 salutarem
3435 2059 3466 2092 α
3483 2037 3592 2092 Deo
3620 2041 3672 2106 (1
3681 2041 3774 2090 sai.

2191 2135 2303 2198 ut).
2334 2135 2521 2188 Adhuc
2547 2145 2724 2188 autem
2751 2135 2950 2204 repetlt
2979 2135 3168 2187 iterum
3190 2140 3243 2186 et
3271 2131 3402 2185 dicit
3425 2150 3435 2182 :
3472 2130 3612 2182 Ecce
3635 2133 3776 2198 rirgo

2191 2225 2438 2289 concipiet
2458 2226 2511 2276 in
2538 2231 2702 2291 utero,
2734 2232 2783 2276 et
2806 2223 2974 2291 pariet
3014 2223 3200 2290 ﬁlium,
3243 2231 3288 2273 et
3317 2219 3561 2272 rocabitis
3585 2235 3776 2271 nomen

2189 2313 2299 2381 ejus
2325 2311 2647 2375 Emmanuel,
2672 2311 2806 2381 quod
2824 2320 2899 2364 est
2926 2312 3314 2378 interpretatum
3343 2307 3614 2360 nobiscum
3635 2306 3776 2359 Deus

2193 2401 2345 2467 (Isai.
2379 2405 2494 2466 vn),
2526 2401 2810 2454 Nobiscum
2859 2396 3016 2464 Deus,
3046 2399 3097 2452 id
3144 2407 3227 2452 est
3278 2399 3416 2451 Deus
3447 2398 3502 2449 in
3528 2397 3770 2460 homine,

2190 2489 2423 2544 Verbum
2453 2491 2505 2543 in
2535 2505 2715 2554 carne,
2741 2491 2990 2559 majestas
3019 2490 3071 2543 in
3108 2503 3354 2557 corpore.
3393 2487 3680 2539 Descendit
3706 2488 3770 2537 si-

2193 2591 2274 2632 cut
2314 2581 2486 2645 pluvia
2513 2584 2567 2634 in
2610 2582 2765 2635 vellus
2815 2579 2986 2651 (Psal.
3019 2579 3195 2648 Lxxl);
3249 2595 3356 2632 non
3387 2593 3511 2632 cum
3542 2577 3770 2632 ambitu.

2192 2686 2298 2724 non
2327 2687 2450 2726 cum
2475 2673 2727 2741 strepitu;
2762 2671 2858 2726 sed
2887 2687 2982 2726 rex
3011 2671 3243 2724 cmlestis
3264 2667 3482 2722 humilis
3511 2667 3774 2721 mundum

2192 2761 2459 2828 ingressus
2487 2769 2601 2826 est;
2633 2760 2928 2830 trittmphos
2957 2759 3371 2815 immortalitatis
3397 2767 3452 2814 et
3475 2760 3630 2828 pacis
3659 2773 3776 2811 om-

2192 2852 2346 2905 nibus
2370 2852 2664 2905 donaturus
2683 2866 2876 2920 corpus
2895 2849 3183 2903 humanum
3208 2850 3512 2918 assumpsit,
3534 2856 3597 2902 ut
3615 2863 3778 2902 suum

2190 2937 2449 3006 fulgorem
2490 2941 2702 2994 interim
2732 2954 2828 3008 per
2854 2939 3095 2996 velamen
3122 2939 3362 3007 corporis
3392 2938 3776 3003 obumbraret,

2192 3036 2246 3082 et
2275 3029 2339 3083 ad
2370 3029 2639 3085 hominem
2669 3028 2808 3082 Deus
2837 3043 2934 3097 per
2975 3027 3317 3096 interpretem
3365 3026 3646 3079 hominem
3695 3026 3779 3080 lo-

507 3112 672 3179 lium,
724 3121 912 3168 auctor
948 3112 1202 3177 Verbum,
1255 3121 1467 3167 creator
1512 3122 1825 3177 creatorem,
1854 3122 2087 3180 mternns
2113 3116 2156 3176 C
2189 3127 2458 3186 queretur.
2490 3118 2548 3171 ln
2571 3120 2658 3173 illo
2686 3119 2884 3188 templo
2913 3120 3151 3187 corporis
3181 3118 3318 3171 Dens
3339 3125 3486 3180 erat,
3525 3125 3583 3169 ιιι
3625 3133 3779 3171 mor.

507 3213 790 3270 aeternum,
842 3202 1074 3274 Spiritus
1127 3203 1415 3271 Spiritum,
1465 3203 1555 3257 lux
1603 3204 1804 3269 lucem,
1838 3205 2091 3273 splendor

506 3295 875 3364 splendorem,
925 3295 1042 3364 pius
1087 3295 1255 3363 pium,
1297 3295 1470 3348 bonus
1515 3295 1732 3355 bonum,
1787 3296 2090 3351 misericors

503 3385 926 3452 misericordem,
959 3385 1225 3453 perfectus
1259 3385 1572 3452 perfectum.
1606 3383 1686 3437 Ad
1717 3385 1857 3438 hunc
1897 3385 2085 3440 Filium

503 3476 700 3539 iterum
749 3474 915 3530 David
963 3475 1282 3542 loquebatur
1319 3474 1502 3528 dicens
1545 3490 1557 3525 :
1607 3475 1626 3504 ⁸
1669 3473 1899 3527 Ihronus
1949 3486 2084 3541 tuus,

502 3565 666 3629 Deus,
697 3566 750 3617 in
778 3565 1021 3618 saculum
1049 3564 1258 3627 sazculi;
1289 3565 1432 3633 virga
1463 3565 1738 3633 wquitatis,
1772 3566 1912 3634 virga
1942 3568 2086 3635 regni

503 3659 597 3716 tui.
629 3657 874 3711 Dilexisti
889 3657 1166 3726 justitiam,
1196 3663 1244 3706 et
1265 3654 1416 3707 odisti
1435 3656 1787 3725 iniquitatem;
1816 3667 2084 3725 prapterea

501 3751 652 3803 unxit
679 3759 724 3802 te
752 3748 911 3811 Deus,
945 3744 1083 3800 Deus
1114 3754 1229 3798 tuus
1257 3743 1427 3813 (Psal.
1460 3746 1624 3812 thv).
1651 3744 1839 3798 Videte
1867 3747 1990 3813 quia
2016 3748 2081 3811 ad

502 3840 671 3898 Deum
700 3840 926 3906 loquens
969 3836 1183 3890 dicebat
1225 3836 1273 3889 ei
1306 3853 1318 3886 :
1352 3836 1502 3888 unxit
1530 3845 1576 3887 te
1604 3835 1759 3900 Deus,
1786 3834 1924 3888 Deus
1946 3845 2078 3902 tuus,

502 3929 560 3984 id
588 3937 670 3983 est
698 3936 752 3982 te
780 3928 971 3984 Filium
994 3927 1145 3980 unxit
1173 3924 1335 3979 Pater
1361 3934 1483 3979 tuus
1511 3925 1602 3978 illo
1629 3935 1899 3992 unguento
1927 3935 2081 3980 aeter-

501 4035 585 4074 na:
614 4019 824 4082 laititite,
875 4016 1062 4072 aeterni
1098 4015 1418 4069 sacramenti
1455 4023 1512 4069 et
1560 4016 1790 4069 cmlestis
1816 4018 2078 4085 mysterii,

499 4107 947 4166 autadhuc._.
1213 4141 1228 4157 .
1309 4142 1322 4156 .
1402 4143 1415 4156 .
1495 4143 1510 4155 .
1591 4143 1604 4158 .
1684 4143 1698 4157 .
1779 4144 1791 4156 .
1872 4143 1885 4156 .
1964 4143 1980 4160 .
2058 4146 2074 4160 .

595 4235 614 4250 .
689 4234 710 4253 ,
782 4193 934 4252 Dixit
959 4191 1210 4269 Dominus
1230 4190 1448 4246 Domino
1477 4207 1630 4246 meo:
1661 4191 1798 4246 Sede
1828 4209 1860 4243 a
1880 4194 2077 4248 dextris

498 4288 626 4342 meis
657 4285 970 4355 (Psal.,crx)
1042 4323 1063 4346 ,.
1139 4322 1152 4336 .
1232 4321 1248 4337 .
1326 4323 1340 4336 .
1416 4283 1698 4338 Dominum
1741 4284 1927 4339 habuit
1974 4286 2076 4341 iste

497 4395 614 4442 rex,
648 4378 714 4431 ad
740 4392 900 4445 quem
939 4376 1194 4430 Dominus
1239 4390 1368 4429 suus
1417 4374 1843 4447 Deusdixerat:
1877 4376 2012 4431 Sede
2041 4396 2073 4431 a

2194 3207 2353 3258 talem
2383 3207 2649 3261 hominem
2687 3207 2886 3261 faceret
2926 3207 3299 3260 immortalem.
3332 3205 3437 3259 Sed
3460 3221 3568 3259 non
3593 3207 3777 3260 credit

2189 3296 2420 3363 Judmus,
2451 3297 2543 3351 sed
2573 3312 2671 3352 nec
2689 3312 2940 3367 paganus,
2966 3312 3066 3352 nec
3092 3296 3347 3363 virginem
3374 3297 3624 3362 genuisse
3657 3297 3780 3351 sine

2188 3387 2286 3439 viri
2308 3387 2684 3453 conjunctione
2713 3386 2954 3440 credunt.
2988 3384 3220 3438 Audiant
3239 3393 3294 3438 et
3320 3385 3542 3438 credant
3563 3383 3642 3439 de
3673 3401 3778 3438 na—

2189 3478 2396 3529 tivitate
2420 3477 2709 3532 Salvatoris
2739 3492 2806 3530 ex
2846 3477 3067 3543 virgine,
3092 3485 3332 3530 sanctum
3364 3477 3615 3541 angelum
3653 3478 3779 3530 mis-

2186 3582 2300 3620 sun
2325 3584 2353 3619 a
2375 3567 2486 3620 Deo
2508 3566 2665 3620 Patre
2691 3563 2888 3621 dixisse
2931 3566 2997 3620 ad
3027 3567 3196 3636 ipsam
3225 3566 3621 3620 sanctissimam
3647 3565 3775 3620 Vir-

2186 3658 2360 3723 ginem
2388 3657 2606 3710 Mariam
2636 3675 2648 3708 :
2676 3656 2900 3728 Spiritus
2929 3665 3154 3720 sanctus,
3187 3655 3354 3723 inquit
3379 3697 3394 3722 ,
3445 3658 3778 3723 superueniet

2184 3747 2237 3800 in
2262 3755 2328 3811 te,
2359 3753 2407 3798 et
2447 3747 2607 3798 virtus
2644 3745 2896 3802 Altissimi
2941 3743 3259 3798 obumbrabit
3289 3745 3408 3806 tibi;
3450 3743 3678 3812 ideoque
3725 3755 3775 3797 et

2159 3835 2316 3903 'quod
2346 3842 2582 3887 nascetur
2609 3850 2673 3888 ex
2695 3843 2744 3887 te
2764 3843 2996 3889 sanctum
3016 3837 3275 3899 vocabitur
3290 3832 3459 3886 Filius
3483 3832 3578 3885 Dei
3605 3833 3767 3902 (Luc.

2181 3923 2259 3992 ιι).
2293 3924 2519 3978 Carnem
2542 3923 2828 3978 humanam
2855 3923 2922 3978 de
2936 3931 3130 3977 sancta
3159 3909 3321 3976 Mai-ia
3352 3923 3648 3989 assumpsit
3678 3923 3769 3976 ille

2179 4015 2406 4083 Spiritus
2435 4015 2821 4079 immaculatus,
2852 4014 2906 4069 id
2933 4023 3016 4069 est
3042 4014 3206 4070 Filius
3232 4013 3326 4069 Dei
3356 4015 3608 4078 mundus,
3633 4031 3766 4069 sano

2178 4114 2314 4170 ctus,
2340 4120 2559 4159 securus
2595 4105 2648 4158 in
2673 4119 2731 4159 se
2756 4105 2857 4159 sibi
2889 4119 2983 4158 sua
3028 4105 3265 4174 potentia
3307 4111 3360 4158 et
3399 4105 3766 4173 possibilitate

2179 4209 2394 4248 carnem
2425 4192 2620 4252 eﬂ'ecit.
2646 4194 2702 4249 Si
2728 4195 2870 4248 enim
2900 4195 3003 4256 hoc
3028 4194 3314 4262 aliquantis
3346 4193 3533 4246 avibus
3577 4193 3759 4260 dedit,

2177 4296 2234 4342 ut
2262 4286 2327 4341 de
2348 4294 2508 4341 vento
2537 4294 2632 4340 aut
2657 4286 2725 4341 de
2752 4287 2970 4356 pulvere
2996 4285 3300 4353 cbncipiant
3346 4285 3461 4338 sine
3490 4285 3756 4349 maribus,

2175 4387 2229 4433 et
2251 4385 2549 4442 cernerent,
2579 4385 2780 4445 quanto
2808 4377 2974 4444 magis
3003 4377 3118 4447 ipse
3145 4374 3241 4428 sibi
3263 4415 3276 4437 ,
3322 4382 3381 4427 ut
3403 4373 3608 4427 dictum
3653 4384 3757 4436 est,

498 4470 693 4534 ἀεξιώ
722 4469 867 4524 meis.
899 4466 1028 4529 Quis
1056 4473 1138 4518 est
1168 4465 1266 4518 iste
1297 4465 1552 4518 Dominus
1583 4466 1649 4518 ad
1678 4481 1835 4533 quem
1864 4467 2071 4526 dixerat
2099 4470 2149 4529 D
2176 4469 2332 4540 739
2362 4467 2534 4536 potuit
2577 4482 2772 4535 corpus
2798 4466 3076 4530 fabricare,
3104 4472 3158 4518 et
3185 4465 3230 4518 si
3277 4464 3468 4518 iterum
3515 4477 3649 4516 aves
3691 4463 3759 4517 de

499 4557 642 4610 Deus
665 4554 840 4615 Pater,
868 4556 966 4617 nisi
991 4555 1243 4607 Dominus
1265 4563 1449 4608 noster
1474 4553 1718 4608 Christus
1747 4555 1910 4613 Filius
1930 4558 2070 4626 ejus?

497 4647 630 4700 Nam
651 4654 704 4698 et
727 4647 917 4700 iterum
944 4644 1065 4697 audi
1093 4644 1159 4696 de
1186 4642 1395 4696 Christo
1423 4659 1520 4697 suo
1548 4642 1758 4696 Patrem
1781 4646 2063 4702 dicentem:

496 4737 692 4789 Paravi
739 4737 1000 4788 lucernam
1029 4733 1227 4787 Christo
1277 4751 1416 4798 meo;
1459 4736 1688 4787 inimicos
1718 4738 1827 4805 ejus
1856 4739 2067 4794 induam

495 4826 797 4894 confusione
835 4823 1006 4892 (Psal.
1043 4824 1254 4891 cxxxr).
1298 4822 1487 4877 Paravi
1539 4825 1806 4879 lucernam
1853 4827 2065 4883 Christo

496 4929 638 4976 meo,
669 4914 721 4966 id
751 4921 834 4968 est
861 4911 1149 4968 Ecclesium
1180 4913 1376 4966 lumine
1423 4915 1536 4980 ejus
1562 4915 1945 4982 splendentem,
1977 4928 2060 4971 at-

494 5018 599 5070 que
620 5005 778 5072 738
805 5003 1099 5066 ardentem,
1133 5002 1364 5055 ﬁdelium
1398 5019 1690 5065 numerum,
1724 5006 1834 5071 qui,
1864 5006 2062 5062 lumine

495 5092 736 5146 veritatis
763 5100 817 5147 et
837 5093 1161 5149 credulitatis
1188 5093 1242 5146 in
1271 5093 1435 5147 corde
1463 5103 1713 5164 percepto
1732 5132 1748 5160 ,
1772 5096 2062 5154 increduli-

566 5284 582 5315 ⁸
628 5281 918 5404 Ingenuum
938 5284 1025 5337 hic
1050 5293 1333 5353 usurpatur
1358 5301 1454 5353 pro
1482 5303 1584 5338 non
1580 5287 1817 5407 (factum.

566 5355 586 5384 ⁸
624 5351 703 5405 Vu
728 5360 867 5407 gata.
917 5354 1051 5407 nsal.
1107 5370 1245 5407 xuv.
1305 5355 1430 5407 legit
1463 5373 1473 5406 :
1508 5355 1578 5407 Se
1613 5373 1667 5407 es
1719 5364 1805 5406 tua

565 5355 586 5384 ³
624 5351 867 5434 Vulgata,
900 5354 1051 5434 Ipsa].
1107 5351 1245 5434 xciv,
1289 5351 1430 5434 legit
1463 5373 1473 5406 :
1508 5351 1667 5434 Sedes
1719 5364 1805 5434 tua
1842 5354 1980 5434 Deus
2008 5358 2063 5410 in

493 5423 734 5495 saxulum
757 5423 1114 5495 sarculimirga
1137 5424 1451 5495 directionis,
1484 5426 1626 5493 virga
1656 5427 1796 5495 regni
1827 5427 1917 5489 tui,
1951 5435 2055 5479 etc.

565 5493 585 5522 ⁸
615 5492 834 5558 Vulgata
867 5492 1023 5560 legit:
1055 5492 1162 5545 illic
1207 5504 1281 5546 est
1313 5493 1445 5547 Deus
1484 5492 1680 5555 noster,
1710 5492 1760 5546 et
1800 5513 1901 5549 non
1931 5496 2064 5547 (rsti-

2175 4559 2288 4611 ovis
2311 4557 2718 4611 obumbratione
2739 4555 2942 4612 alarum
2958 4555 3223 4609 animatos
3233 4553 3409 4622 pullos
3425 4553 3754 4621 producunt,

2175 4650 2194 4678 ⁸
2225 4659 2278 4702 et
2301 4657 2440 4700 terra
2466 4649 2581 4702 sine
2610 4648 2755 4700 coitu
2783 4645 3028 4715 producit
3073 4645 3345 4713 aliquanta
3387 4643 3661 4706 animalia,
3698 4651 3756 4696 ut

2175 4751 2380 4790 vermes
2407 4745 2460 4789 et
2479 4746 2690 4797 cmtera,
2715 4744 2915 4803 quanto
2937 4736 3105 4801 magis
3125 4734 3266 4788 Deus
3286 4734 3460 4803 potuit
3487 4733 3584 4786 sibi
3608 4733 3754 4786 inter

2172 4828 2416 4880 homines
2443 4825 2770 4878 mirabilibus
2798 4825 2969 4878 modis
2998 4825 3254 4893 templum
3283 4831 3592 4879 construere
3622 4838 3751 4876 cor-

2169 4919 2315 4987 poris
2344 4919 2421 4969 sui
2456 4934 2468 4968 :
2496 4919 2586 4984 qui
2635 4916 2676 4968 si
2707 4916 3000 4979 voluisset,
3031 4922 3084 4968 et
3111 4930 3176 4967 ex
3207 4912 3400 4981 lapide,
3444 4912 3529 4965 vel
3569 4909 3746 4978 ligno,

2172 5009 2251 5061 vel
2283 5024 2437 5075 aqua,
2462 5007 2546 5059 vel
2571 5015 2730 5060 terra.
2749 5014 2929 5074 posset
2951 5005 3050 5059 sibi
3073 5019 3266 5072 corpus
3288 5001 3518 5064 eﬂicere,
3545 5009 3748 5069 utpote

2169 5099 2259 5168 qui
2288 5108 2342 5152 et
2390 5098 2619 5167 primum
2649 5097 2920 5150 hominem
2949 5094 3117 5148 Adam
3146 5108 3212 5149 eo
3259 5093 3389 5146 limo
3417 5101 3571 5146 teme
3597 5091 3744 5160 plas-

2171 5286 2342 5340 Israel
2370 5287 2555 5339 dilecto
2576 5302 2689 5338 suo.
2718 5285 2844 5339 Post
2865 5286 2970 5337 lure
2994 5284 3046 5338 in
3082 5286 3234 5337 terris
3260 5285 3404 5340 nisus,
3424 5291 3520 5348 est,
3549 5290 3596 5336 et
3625 5299 3745 5342 cum

2165 5357 2450 5409 hominibus
2479 5363 2802 5407 conversatus
2829 5363 2922 5406 est.

2235 5427 2254 5454 ‘
2294 5424 2490 5477 Eadem
2514 5425 2676 5476 habet
2696 5423 2753 5476 S.
2795 5422 3053 5475 Maximus
3097 5421 3164 5474 de
3205 5421 3405 5480 virtute
3432 5421 3741 5488 generativa

2165 5504 2320 5548 terrm
2351 5496 2493 5547 hom.
2527 5493 2592 5546 de
2640 5493 2910 5545 Dominica
2946 5491 2995 5542 in
3047 5489 3228 5545 Ramis
3260 5490 3405 5546 Psal.
3436 5508 3449 5542 :
3483 5489 3742 5552 Quoniam

491 5563 713 5614 mabi‘ur
760 5564 893 5614 alius
933 5559 1183 5616 adversus
1227 5581 1359 5616 eum.
1411 5565 1510 5617 Hic
1564 5567 1819 5617 adinrenit
1862 5582 2060 5617 omnem
2160 5567 2341 5617 vermis
2368 5563 2511 5616 nulla
2531 5563 2843 5614 extrinsecus
2865 5560 3180 5612 admixtione
3209 5559 3363 5615 alieni
3385 5560 3632 5630 corporis,
3652 5559 3745 5612 sed

491 5631 626 5684 vium
655 5631 956 5701 discipline,
986 5643 1036 5686 et
1066 5633 1275 5688 tradidit
1296 5635 1437 5688 illam
1483 5633 1643 5688 Jacob
1683 5651 1842 5703 puero
1871 5652 1979 5698 suo,
2010 5645 2060 5688 et

2163 5636 2225 5689 de
2255 5635 2363 5688 sola
2386 5643 2434 5688 et
2457 5648 2593 5699 pura
2619 5641 2754 5688 terra
2769 5638 3088 5699 procreatur,
3120 5638 3226 5684 etc.
