3896 6250
117 318 219 377 797
1141 309 1549 367 TRACTATUS
1586 307 1652 366 γ.
1693 307 1966 366 CONTRA
2005 306 2306 368 JUDEOS.
3254 306 3357 364 798

119 440 376 497 maverat,
402 445 618 488 carnem
663 422 948 485 humanam
968 440 1253 487 assumere,
1285 433 1343 479 ut
1371 422 1678 479 ostenderet
1705 423 1754 481 A
1779 424 1922 479 culat
1944 425 2191 480 aliorum.
2215 423 2348 479 Nam
2375 422 2602 493 legimus
2675 462 2691 478 .
2769 463 2785 484 .
2865 465 2882 483 .
2961 466 2978 483 .
3054 463 3070 482 .
3148 462 3164 480 .
3240 463 3256 478 .
3340 469 3356 487 .

118 540 176 582 se
198 539 297 593 pro
316 523 626 579 hominibus
652 520 949 574 advenisse.
985 517 1113 570 Nam
1141 524 1197 570 et
1224 515 1367 568 nasci
1397 522 1682 583 propterea
1786 554 1802 570 .
1899 557 1913 572 .
2003 555 2018 569 .
2104 555 2119 570 .
2209 555 2225 572 .
2303 556 2318 572 .
2395 558 2410 574 .
2490 558 2506 574 .
2582 557 2597 572 .
2679 556 2697 574 .
2773 558 2791 577 .
2866 558 2883 574 .
2963 558 2980 574 .
3050 557 3072 598 γ,
3152 553 3166 574 .
3245 558 3259 573 .
3338 548 3355 575 ~.

117 615 182 668 ad
201 612 603 669 similitudinem
632 617 866 664 nostram
896 615 950 661 et
965 607 1101 662 mori
1129 606 1294 661 voluit
1322 613 1483 672 atque
1506 619 1684 660 resur-
1782 607 1924 674 quod
1951 607 2155 662 nullum
2228 646 2244 662 .
2319 646 2336 661 .
2416 645 2432 663 .
2510 648 2526 664 .
2602 648 2619 665 .
2692 610 2800 665 mei
2840 610 3057 669 luminis
3083 612 3358 668 contineat

118 719 259 773 gere,
291 711 352 756 ut
378 711 434 756 et
455 715 553 756 nos
577 708 631 754 et
659 699 791 752 mori
815 705 870 752 et
890 698 1080 752 iterum
1103 708 1379 762 resurgere
1401 696 1455 747 in
1482 699 1682 748 semet.
1781 696 2132 762 intellectum,
2178 712 2280 753 nec
2317 713 2416 768 per
2453 714 2536 769 sp.
2612 739 2627 754 .
2707 739 2724 755 .
2799 740 2815 755 .
2902 741 2918 755 .
2996 740 3010 754 .
3087 701 3355 767 ostendat,

119 795 232 862 ipso
277 797 621 853 monstraret,
653 796 811 856 atque
847 801 996 854 spem
1027 785 1180 840 nobis
1209 785 1397 838 futurae
1440 799 1676 839 resurre-

117 881 305 937 etionis
327 879 678 934 ostenderet.‘
705 875 811 930 Sed
830 876 956 936 dicit
977 874 1221 935 ludens:
1248 873 1386 940 Ergo
1400 889 1467 928 ex
1489 873 1684 927 femina

117 972 298 1025 habuit
328 970 475 1024 nasci
497 969 654 1022 Deus.
677 969 696 998 ⁹
726 966 864 1020 Caro
893 964 1089 1020 Christi
1115 979 1183 1020 ex
1209 963 1406 1018 femina
1433 971 1557 1016 nata
1579 970 1681 1027 est,

116 1077 269 1130 quam
301 1062 442 1115 Deus
469 1059 613 1130 fecit,
646 1073 746 1112 nec
795 1058 961 1127 pollui
990 1063 1169 1126 potest
1212 1055 1465 1122 majestas
1489 1053 1684 1108 Christi

119 1153 170 1205 in
197 1165 389 1212 carne;
415 1149 461 1202 si
501 1147 644 1203 enim
681 1147 762 1202 sol
806 1147 1011 1214 fulgens
1053 1160 1158 1199 non
1189 1144 1492 1213 inquinatur
1538 1150 1684 1196 tactu

118 1239 374 1308 quolibet,
402 1237 576 1292 multo
619 1237 785 1303 magis
831 1234 1087 1289 Dominus
1114 1234 1240 1288 solis
1281 1232 1547 1300 inquinari
1577 1247 1684 1287 non

118 1329 307 1400 potuit,
339 1328 466 1381 licet
495 1325 721 1379 mundus
746 1323 998 1378 mundam
1037 1323 1288 1390 tetigerit.
1321 1321 1474 1375 Hunc
1511 1321 1682 1388 ipsum

119 1419 370 1474 habemus
399 1417 607 1471 itineris
626 1415 832 1480 ducem,
855 1414 979 1482 quia
1007 1415 1092 1467 via
1121 1421 1202 1468 est
1239 1411 1305 1465 ad
1327 1410 1573 1476 Patrem;
1600 1412 1682 1466 lu-

120 1511 192 1566 cis
210 1509 530 1578 principem,
553 1507 677 1574 quia
702 1505 899 1559 veritas
921 1513 1020 1569 est,
1045 1505 1136 1573 qui
1165 1504 1318 1558 nobis
1346 1503 1523 1557 lumen
1555 1504 1687 1558 veri-

121 1599 238 1650 tatis
260 1597 490 1660 infudit;
520 1596 705 1650 salutis
734 1602 1031 1658 auctorem,
1063 1594 1184 1662 quia
1207 1592 1348 1663 quod
1377 1592 1572 1647 factum
1601 1601 1685 1646 est

122 1689 168 1740 in
196 1703 258 1741 eo
282 1687 393 1740 vita
433 1693 538 1752 est,
583 1685 672 1752 qui
701 1699 822 1737 cum
851 1682 1010 1737 Patre
1040 1682 1269 1737 viviﬁcat
1315 1682 1496 1736 omnia
1527 1699 1541 1734 :
1589 1697 1684 1750 per

1783 785 1857 840 ait
1896 785 2154 841 Dominus
2183 786 2252 840 ad
2279 803 2372 842 eos
2396 807 2408 842 :
2451 788 2555 843 Vos
2579 789 2646 843 de
2673 789 2877 845 diabolo
2904 799 3052 861 patre
3073 792 3184 844 nati
3212 792 3357 860 estis,

1781 884 1830 931 et
1859 877 2109 931 desideria
2136 879 2299 948 patris
2317 882 2466 934 vestri
2487 883 2657 951 facere
2676 881 2826 936 uultis
2851 881 3030 953 (Joan.
3060 883 3195 952 vni).
3223 881 3357 940 Nam

1783 973 1838 1048 et
1865 965 2109 1020 diabolus
2148 969 2202 1021 in
2245 977 2493 1038 serpente
2529 979 2767 1026 mutatus
2818 971 3097 1027 fallacibus
3141 972 3356 1040 linguis,

1784 1070 2044 1110 novorum
2092 1058 2365 1113 hominum
2406 1060 2549 1128 piam
2595 1062 2890 1131 rudemque
2919 1063 3278 1117 innocentiam
3302 1064 3357 1124 in

1783 1145 2032 1213 paradiso
2060 1145 2281 1202 factiosa
2319 1149 2650 1216 malignitate
2674 1151 2888 1221 decepit
2919 1170 2933 1205 :
2967 1151 3120 1220 cujus
3173 1161 3229 1207 et
3268 1154 3358 1210 isti

1783 1234 2043 1289 insaniam
2071 1238 2357 1303 subsecuti,
2390 1242 2694 1308 serpentina
2714 1243 3009 1310 generatio,
3027 1257 3169 1297 nunc
3189 1257 3360 1313 ιιειιιιο

1783 1322 2050 1380 Christum
2077 1325 2264 1379 Filium
2291 1328 2386 1381 Dei
2434 1342 2635 1396 negare
2669 1339 2952 1387 conantur.
2984 1330 3185 1385 Contra
3223 1347 3360 1401 quos

1782 1411 2072 1465 auxiliante
2102 1413 2218 1481 ipso
2261 1414 2488 1470 Domino
2535 1415 2752 1473 Christo
2778 1418 2916 1472 hanc
2939 1419 3358 1488 disputationem

1784 1499 2110 1568 suscepimus
2136 1539 2150 1564 ,
2182 1502 2376 1569 quibus
2404 1503 2578 1558 adhuc
2603 1501 2885 1559 dicendurm
2924 1517 3008 1562 est
3043 1525 3058 1562 ε
3089 1505 3232 1575 quod
3259 1520 3360 1560 vo-

1784 1589 1866 1643 bis
1907 1590 2194 1653 assumitis,
2244 1589 2425 1646 dicere
2441 1599 2661 1660 patrem
2700 1600 2937 1647 vestrum
2982 1577 3272 1660 Abraham,
3304 1600 3359 1650 et

1783 1676 1900 1745 ejus
1927 1679 2382 1734 circumcisionem
2408 1697 2504 1735 vos
2532 1682 2770 1736 asseritis
2809 1682 3154 1750 suscepisse?
3182 1681 3354 1736 Abra—

123 1778 284 1844 ipsum
314 1775 426 1829 Deo
458 1773 602 1827 Patri
628 1788 841 1842 semper
865 1772 1063 1840 gratias
1091 1773 1313 1838 agimus,
1347 1771 1554 1826 fratres.
1582 1771 1686 1825 Sed
1719 1763 1769 1822 Β
1789 1770 1913 1822 bam
1943 1770 2044 1824 fide
2061 1770 2379 1837 justiﬁcatus
2398 1780 2497 1834 est,
2529 1789 2639 1826 non
2660 1772 3086 1826 circumcisione.
3111 1771 3188 1825 Ita
3216 1773 3360 1844 enim

122 1867 285 1918 adhuc
305 1863 565 1919 increduli
589 1862 755 1916 Judaei
784 1863 983 1916 audent
1011 1861 1292 1929 aliquoties
1313 1867 1366 1914 et
1390 1858 1511 1914 ﬁdei
1529 1860 1686 1914 Chri-

122 1956 296 2008 sriana:
318 1953 456 2007 velle
477 1952 782 2018 detrahere,
810 1959 864 2006 et
885 1950 1028 2004 ﬁdeli
1049 1951 1142 2003 Dei
1164 1951 1361 2018 populo
1391 1950 1645 2008 insultare
1669 1967 1686 2015 ;

125 2048 252 2100 unde
281 2047 462 2100 denuo
494 2044 820 2102 recensenda
849 2050 973 2097 sunt
995 2042 1147 2096 nobis
1174 2042 1353 2096 divina
1384 2042 1650 2098 volumina
1669 2082 1686 2108 ,

125 2152 233 2203 quae
281 2150 375 2190 eos
423 2143 614 2203 aperta
661 2133 883 2195 veritate
928 2131 1252 2187 confundant
1286 2138 1342 2184 et
1395 2131 1690 2196 intelligant

125 2226 392 2279 manifeste
408 2240 531 2283 sese
551 2225 665 2278 sine
688 2237 784 2291 spe
804 2230 858 2277 et
877 2223 993 2276 sine
1021 2220 1123 2275 fide
1149 2236 1286 2277 esse.
1314 2221 1405 2274 Isti
1442 2230 1566 2276 sunt
1593 2218 1687 2275 Ju-

125 2318 235 2384 daei,
263 2333 396 2385 quos
431 2317 580 2372 clara
631 2329 763 2369 voce
792 2322 1007 2368 sanctus
1045 2313 1349 2382 Stephanus
1378 2313 1689 2380 increpabat

125 2406 296 2460 dicens
327 2423 338 2456 :
369 2404 522 2457 Dura
549 2404 738 2456 ceruice
757 2443 772 2468 ,
794 2412 841 2455 et
863 2402 1229 2455 incircumcisis
1258 2401 1492 2455 cordibus
1518 2410 1566 2453 et
1592 2417 1689 2454 au-

127 2495 276 2562 ribus,
297 2513 383 2550 vos
403 2511 604 2564 semper
634 2494 851 2562 Spiritui
881 2502 1059 2549 sancto
1079 2493 1339 2556 resistitis,
1372 2494 1504 2545 sicut
1527 2502 1577 2544 et
1595 2508 1691 2561 pa-

128 2593 222 2640 tres
241 2586 410 2649 vestri,
434 2586 510 2637 ita
529 2593 578 2637 et
598 2599 703 2636 vos.
731 2581 891 2644 Quem
915 2583 1050 2636 enim
1069 2582 1429 2651 prophetarum
1444 2599 1546 2636 non
1570 2588 1689 2636 sunt

128 2676 365 2743 persecuti
391 2683 568 2743 patres
596 2673 783 2726 vestri?
808 2672 879 2724 Et
897 2671 1191 2724 occiderunt
1229 2688 1312 2724 eos
1343 2673 1426 2741 qui
1457 2689 1689 2740 pronun-

130 2763 314 2815 tiabant
333 2764 394 2814 de
424 2762 644 2815 aduentu
671 2760 808 2814 Justi
835 2761 984 2830 hujus
1001 2800 1017 2827 ,
1040 2768 1089 2814 et
1117 2777 1203 2814 vos
1230 2761 1514 2829 proditores
1542 2771 1590 2814 et
1610 2763 1692 2818 iit-

131 2855 412 2922 terfectores
461 2855 584 2906 estis
633 2853 779 2921 (Act.
810 2851 934 2920 vn).
965 2850 1089 2905 Haec
1137 2859 1351 2905 sanctus
1390 2849 1690 2920 Stephanus

130 2943 216 3007 ait,
239 2943 301 2996 de
328 2944 521 3011 quibus
550 2943 679 2996 dicit
699 2949 754 2995 et
772 2942 960 2994 beatus
981 2942 1255 3010 apostolus
1276 2940 1471 2993 Paulus
1495 2959 1506 2992 :
1542 2940 1690 2994 Sem-

131 3050 213 3100 per
233 3033 506 3096 discentes,
531 3043 578 3086 et
601 3049 856 3102 nunquam
880 3031 947 3083 ad
967 3033 1192 3085 veritatis
1220 3032 1484 3083 scientiam
1512 3047 1689 3099 perve-

132 3125 333 3174 nientes.
367 3121 513 3175 Sicut
561 3123 696 3173 enim
738 3119 947 3172 Jamnes
998 3128 1047 3172 et
1091 3120 1352 3173 Mambres
1399 3121 1692 3172 restiterunt
1719 3104 1763 3166 (ἶ

133 3210 310 3282 Moysi,
336 3217 416 3264 ita
453 3222 501 3264 et
547 3213 585 3263 ii
627 3213 870 3264 resistunt
922 3212 1142 3272 veritati,
1194 3211 1421 3262 homines
1469 3211 1692 3278 corrupti

133 3311 305 3366 mente,
325 3319 474 3355 sensu
507 3301 709 3368 reprobi
740 3299 824 3370 (11
859 3299 988 3352 Tim.
1021 3299 1118 3366 ιιι).
1152 3300 1345 3354 Dicunt
1366 3301 1507 3352 enim
1541 3318 1552 3353 :
1587 3301 1693 3355 Nos

133 3395 583 3454 circumcisionem
613 3393 891 3454 habemus,
915 3400 969 3445 et
991 3388 1084 3444 ﬁlii
1105 3374 1287 3445 sumus
1299 3389 1553 3455 Abrahae;
1576 3391 1693 3459 qui-

133 3482 223 3535 bus
250 3483 437 3536 merito
469 3481 724 3536 Dominus
754 3479 966 3536 dicebat
999 3497 1010 3530 :
1044 3479 1105 3534 Si
1125 3479 1222 3548 ﬁlii
1251 3478 1470 3535 Abrahae
1493 3482 1690 3545 essetis,

132 3588 276 3639 opera
325 3575 497 3643 utique
536 3572 755 3630 Abrahae
783 3571 1036 3641 faceretis.
1068 3569 1568 3634 Circumcisionem,
1613 3572 1695 3624 in-

132 3662 326 3728 quiunt,
352 3664 639 3724 habemus;
666 3661 856 3728 quibus
884 3646 1139 3714 dicimus:
1184 3659 1398 3716 Utinam
1427 3662 1694 3718 haberetis

133 3749 342 3804 odorem
366 3749 490 3804 ﬁdei
521 3751 765 3816 Abrahae,
806 3749 965 3819 740
998 3757 1181 3805 etnon
1214 3750 1445 3817 perﬁdiae
1468 3752 1690 3807 vestrae!

134 3838 233 3896 Vos
249 3838 335 3893 ﬁlii
365 3842 496 3894 estis
524 3840 699 3908 potius
721 3839 1044 3908 viperarum,
1073 3841 1126 3893 in
1152 3841 1300 3894 vobis
1339 3842 1466 3910 ipsis
1490 3857 1695 3898 venena

132 3939 398 3999 portantes
431 3949 442 3983 :
477 3931 570 3997 qui
607 3930 916 3999 parentibus
949 3927 1156 3983 infertis
1179 3945 1385 3993 necem,
1417 3939 1471 3984 et
1499 3947 1567 3986 ex
1594 3933 1696 3987 hoc

132 4021 241 4090 ipso
278 4037 384 4090 quo
412 4022 548 4075 alios
568 4021 830 4085 occiditis,
853 4021 1005 4078 vobis
1031 4022 1158 4090 ipsis
1182 4022 1456 4076 interitum
1498 4039 1698 4092 praepas

132 4112 271 4169 ratis.
302 4111 376 4164 De
396 4113 568 4176 vobis,
593 4126 626 4165 o
653 4110 838 4174 Judaei,
863 4109 990 4165 dicit
1013 4112 1274 4179 propheta
1305 4111 1468 4166 David
1495 4131 1506 4164 :
1539 4113 1698 4169 Επαφ

132 4209 300 4252 verunt
327 4218 357 4252 a
385 4210 578 4265 ventre,
629 4199 783 4253 locuti
811 4206 930 4251 sunt
968 4199 1130 4272 falsa.
1165 4198 1259 4258 Ira
1286 4200 1389 4252 illis
1417 4200 1696 4259 secundum

132 4293 510 4345 similitudinem
539 4292 787 4358 serpentis
820 4290 991 4360 (Psal.
1026 4290 1172 4358 LVII).
1203 4289 1270 4343 Et
1298 4291 1572 4359 apostolus
1598 4307 1696 4344 no-

133 4385 238 4431 ster
263 4378 456 4433 Paulus
478 4379 554 4431 ait
587 4397 599 4430 :
635 4377 861 4441 Quorum
891 4377 1026 4440 Deus
1064 4388 1234 4431 venter
1259 4389 1354 4442 est,
1378 4387 1426 4431 et
1446 4380 1609 4448 gloria
1640 4382 1694 4434 in

1789 1860 1917 1915 dicit
1935 1860 2210 1930 Scriptura
2235 1880 2247 1915 :
2273 1861 2505 1918 Credidit
2524 1863 2784 1916 Abraham
2821 1861 2954 1925 Deo,
2984 1871 3035 1916 et
3064 1863 3361 1933 deputatum

1787 1962 1861 2006 est
1885 1953 1959 2005 illi
1990 1952 2058 2004 ad
2076 1950 2352 2020 justitiam.
2376 1962 2424 2005 et
2443 1954 2636 2006 amicus
2656 1951 2754 2006 Dei
2773 1953 3062 2022 appellatus
3083 1962 3160 2005 est
3181 1951 3358 2022 (Rom.

1786 2043 1882 2112 ιν).
1912 2041 2052 2110 Ergo
2075 2043 2343 2098 Abraham
2369 2058 2476 2097 non
2499 2058 2566 2096 ex
2593 2042 3002 2096 circumcisione
3033 2039 3362 2109 justifieatus

1788 2140 1889 2196 est,
1920 2132 2012 2186 sed
2042 2147 2108 2186 ex
2136 2132 2259 2186 ﬁde.
2289 2131 2528 2186 Credidit
2565 2131 2708 2185 enim
2737 2132 2904 2185 verbo
2934 2131 3061 2194 Dei,
3092 2138 3149 2185 et
3163 2129 3363 2197 justiﬁ-

1789 2230 1938 2278 catus
1957 2230 2058 2286 est,
2093 2229 2147 2276 et
2172 2222 2594 2276 benedictionem
2626 2237 2656 2274 a
2686 2222 2794 2276 Deo
2825 2228 3147 2276 consecutus
3173 2227 3277 2284 est,
3308 2226 3363 2273 et

1788 2314 1920 2383 ipse,
1965 2321 2020 2368 et
2047 2327 2229 2366 semen
2259 2311 2379 2366 ﬁdei
2407 2312 2540 2379 ejus.
2573 2311 2705 2364 Nam
2755 2308 3058 2376 considera,
3101 2325 3168 2363 ne
3196 2317 3356 2378 putes

1788 2402 2246 2458 circumcisionem
2267 2403 2471 2468 signum
2502 2415 2621 2456 esse
2652 2399 2910 2466 fidelium,
2940 2406 3064 2457 ante
3093 2398 3365 2452 Abraham

1790 2509 1979 2548 omnes
2007 2493 2177 2547 sancti
2199 2492 2552 2546 incircumcisi
2579 2490 2816 2553 fuerunt,
2835 2499 2889 2545 et
2915 2491 3148 2559 puritate
3167 2489 3364 2543 mentis

1791 2583 2018 2636 Domino
2058 2581 2394 2650 placuerunt,
2425 2588 2479 2634 et
2508 2581 2761 2648 populum
2803 2579 3164 2633 Christianum
3193 2579 3366 2648 magis

1791 2671 1892 2744 ipsi
1939 2671 1990 2724 in
2017 2685 2076 2725 se
2122 2676 2506 2724 monstrarunt.
2541 2669 2800 2723 Percurre
2826 2669 3066 2723 ordinem
3096 2670 3149 2722 in
3177 2683 3365 2724 sacro-

1790 2762 1988 2816 sanctis
2012 2760 2226 2814 Litteris
2253 2762 2481 2829 positum
2501 2801 2515 2826 ,
2551 2769 2605 2814 et
2646 2761 2884 2814 invenies
2928 2776 3116 2815 omnes
3144 2761 3217 2814 ita
3247 2775 3368 2818 esse

1793 2860 1851 2906 ut
1878 2852 2124 2905 dicimus.
2148 2852 2355 2905 Primus
2375 2853 2490 2919 ipse
2511 2852 2699 2917 Adam,
2722 2854 2814 2919 qui
2841 2853 3088 2906 manibus
3116 2852 3209 2906 Dei
3233 2853 3368 2921 plas-

1793 2948 1969 2994 matus
2021 2948 2121 3004 est,
2178 2939 2334 3011 741
2376 2941 2780 2996 incircumcisus
2808 2941 3131 3010 permansit;
3173 2939 3369 2996 deinde

1792 3032 1924 3086 Abel
1959 3031 2163 3098 justus,
2197 3030 2340 3085 Enos
2394 3039 2448 3085 et
2477 3030 2688 3097 Enoeh,
2726 3032 2838 3086 Noe
2885 3039 2941 3087 et
2980 3031 3368 3086 Melchisedech

1794 3122 2044 3177 sacerdos
2070 3123 2262 3175 summi
2283 3123 2378 3176 Dei
2411 3140 2422 3174 :
2451 3122 2578 3188 justi
2609 3138 2816 3187 omnes,
2846 3139 3020 3192 neque
3045 3123 3366 3188 circumcisi,

1795 3220 1854 3266 ut
1874 3213 2120 3279 dicimus,
2143 3213 2432 3268 secundum
2463 3228 2679 3267 carnem
2710 3212 2948 3278 fuerunt,
2979 3229 3152 3281 neque
3176 3215 3370 3268 discre-

1795 3302 1968 3356 tiones
1996 3317 2238 3357 escarum
2284 3303 2602 3357 habuerunt.
2629 3302 2760 3356 Nam
2807 3302 2874 3356 de
2903 3302 3194 3367 Abraham,
3223 3304 3370 3370 quod

1795 3392 2256 3448 circumcisionem
2308 3392 2507 3447 dicitur
2544 3394 2852 3461 accepisse,
2900 3393 2989 3446 illa
3036 3393 3370 3448 circumcisio

1793 3497 1902 3536 non
1931 3483 2092 3537 habet
2113 3484 2385 3552 praemium
2408 3483 2614 3548 salutis,
2638 3483 2732 3538 sed
2753 3485 2961 3551 signum
2988 3485 3172 3538 datum
3199 3484 3370 3539 fuerat

1795 3585 3368 3638 genens...............

2128 3790 2143 3805 ο
2221 3790 2236 3806 ο
2319 3791 2332 3805 ο
2409 3790 2424 3805 ο
2505 3790 2520 3806 ι
2596 3789 2612 3805 ο
2689 3790 2706 3807 ο
2781 3790 2799 3808 ο
2877 3789 2897 3804 ο
2968 3788 2987 3807 ο
3064 3789 3082 3806 ο
3161 3790 3176 3806 ο
3254 3788 3270 3810 ο
3351 3789 3369 3812 Q

1797 3843 1935 3898 tilios
1976 3843 2156 3908 lsrael,
2204 3842 2441 3898 secundo
2481 3881 2498 3897 .
2570 3882 2587 3898 .
2665 3880 2682 3898 .
2760 3881 2776 3897 .
2855 3880 2872 3895 .
2947 3878 2965 3895 .
3041 3841 3231 3896 habuit
3254 3841 3370 3910 jam

1795 3933 1969 4002 primo
2020 3933 2320 3988 circumcisi
2394 3972 2410 3985 .
2491 3971 2506 3986 .
2583 3970 2601 3987 .
2678 3971 2696 3986 .
2769 3970 2789 3986 .
2865 3931 3016 3996 dere,
3062 3931 3162 3987 sed
3208 3932 3372 4000 spiri-

1798 4022 2013 4078 tualiter
2041 4021 2265 4088 intelligi
2305 4028 2542 4090 oportet,
2585 4021 2709 4089 quia
2737 4034 2832 4088 per
2860 4020 3054 4088 legem,
3086 4021 3138 4075 id
3164 4028 3247 4074 est
3276 4035 3373 4089 per-

1797 4119 2062 4180 praecepta
2087 4111 2218 4179 legis
2240 4111 2546 4166 circumcidi
2575 4113 2641 4165 ab
2671 4110 2934 4165 idolorum
2961 4109 3106 4164 cultu
3134 4117 3371 4180 oportet,

1797 4199 2033 4257 secundo
2062 4215 2158 4269 per
2200 4199 2545 4267 Evangelium
2591 4198 2921 4255 circumcidi.
2956 4197 3150 4254 Dicunt
3196 4197 3372 4252 adhuc

1797 4290 1998 4344 Judaei:
2034 4283 2153 4343 Filii
2193 4304 2372 4344 sumus
2399 4288 2656 4355 Abrahte;
2707 4289 2900 4358 quibus
2950 4287 3217 4342 dicimus:
3251 4285 3372 4342 Filii

1799 4380 2025 4434 Abrahae
2043 4381 2195 4446 estis,
2231 4381 2250 4411 ⁸
2278 4383 2373 4436 sed
2400 4396 2468 4434 ex
2503 4381 2694 4435 ancilla
2724 4379 2791 4433 de
2818 4393 2922 4447 qua
2947 4379 3204 4447 scriptum
3241 4385 3324 4431 est
3355 4393 3370 4432 :

132 4468 474 4535 εθηίυείοηειη
522 4482 697 4524 eorum
736 4467 818 4536 qui
864 4473 1062 4519 terrena
1091 4467 1296 4535 sapiunt
1345 4465 1560 4536 (Philip.
1597 4466 1696 4531 ιιι).
1725 4456 1947 4541 DEjioe
1975 4471 2218 4524 ancillam
2261 4479 2309 4523 et
2346 4471 2512 4540 ﬁlium
2558 4470 2710 4539 ejus;
2741 4485 2843 4523 non
2885 4470 3022 4524 enim
3069 4469 3234 4525 hare:
3275 4468 3374 4520 erit

133 4550 263 4619 Ergo
292 4562 610 4606 erraverunt
631 4568 662 4605 a
688 4562 907 4618 ventre,
939 4554 1101 4608 locuti
1131 4563 1253 4607 sunt
1282 4554 1430 4619 falsa,
1484 4555 1562 4609 ira
1593 4556 1695 4610 illis

133 4643 410 4696 secundum
426 4643 827 4697 similitudinem
857 4644 1121 4711 serpentis
1151 4662 1162 4698 :
1193 4646 1282 4712 qui
1303 4645 1532 4712 vipereis
1559 4661 1696 4698 mor-

132 4733 267 4786 sibus
305 4735 512 4788 viscera
543 4741 823 4801 parentum
868 4735 1285 4804 sanguinemque
1314 4735 1611 4803 fundentes,
1643 4747 1699 4794 et

133 4826 340 4880 sceleris
367 4827 538 4880 vestri
584 4826 790 4880 lubrico
836 4825 1046 4894 dilapsi,
1078 4827 1130 4878 in
1179 4828 1363 4882 alienis
1389 4829 1696 4885 vulneribus

132 4914 478 4969 volvebamini
499 4933 512 4981 ;
537 4915 732 4982 quique
749 4903 878 4981 legis
901 4923 1166 4984 praecepta
1189 4917 1578 4971 contemnendo
1600 4934 1697 4987 per

137 5006 299 5059 varias
322 5007 607 5060 criminum
661 5005 876 5072 culpas,
901 5005 1047 5058 velut
1075 5020 1171 5073 per
1199 5007 1488 5073 praecipitia
1527 5010 1694 5065 multa

135 5092 348 5149 diversis
374 5096 587 5149 casibus
613 5095 909 5150 corruistis.
939 5093 1071 5148 Vide
1106 5094 1235 5162 jam,
1267 5097 1309 5148 si
1340 5104 1510 5164 potes,
1533 5113 1693 5166 quam

137 5180 295 5238 foedus
313 5186 382 5240 sit
408 5199 677 5254 quamque
704 5185 875 5254 turpis
903 5184 995 5253 qui
1023 5198 1081 5237 se
1105 5185 1360 5254 sanguine
1448 5198 1682 5237 comma.

1796 4563 1938 4630 ﬁlius
1961 4562 2164 4617 ancilla:
2191 4578 2304 4614 cum
2331 4563 2442 4630 ﬁlio
2472 4561 2647 4617 liberae
2687 4560 2892 4631 (Cenes.
2925 4575 3035 4624 ut,
3064 4555 3238 4613 Galat.
3261 4558 3370 4628 tv);

1797 4669 1896 4712 nos
1925 4653 1976 4705 in
2025 4652 2192 4718 gloria
2218 4651 2313 4704 Dei
2364 4649 2456 4705 ﬁlii
2502 4651 2680 4706 libera:
2705 4666 2911 4705 sumus.
2950 4649 3142 4704 Vester
3180 4649 3373 4704 lsmael

1797 4751 1951 4813 pater
2004 4749 2104 4804 est,
2136 4740 2278 4794 unde
2323 4755 2492 4809 genus
2529 4741 2723 4796 ducitis
2755 4757 2768 4794 :
2806 4747 2991 4796 noster
3037 4748 3190 4809 pater
3225 4737 3374 4793 Isaac

1797 4839 1898 4896 est,
1922 4830 2062 4884 unde
2081 4831 2322 4884 ducimus
2344 4843 2529 4896 genus.
2555 4829 2576 4860 δ
2603 4828 2660 4887 In
2682 4828 2850 4892 Isaac,
2879 4827 3070 4896 inquit,
3093 4828 3375 4884 vocabitur

1796 4923 1889 4977 tibi
1920 4936 2129 4985 semen;
2162 4921 2250 4974 ille
2277 4921 2646 4975 sanctissimus
2663 4918 2834 4983 Isaac,
2867 4933 3028 4989 quem
3056 4918 3372 4973 desideran-

1795 5009 2323 5081 tibusparentibus.
2399 5048 2418 5062 .
2496 5046 2512 5061 .
2589 5047 2606 5063 .
2687 5048 2703 5064 .
2781 5045 2798 5063 .
2878 5047 2894 5064 .
2975 5045 2988 5061 .
3073 5049 3088 5064 .
3164 5044 3180 5061 .
3257 5046 3275 5062 .
3356 5044 3372 5064 .

1796 5190 1864 5245 de
1891 5205 1997 5260 quo
2027 5189 2221 5243 dicitur
2259 5205 2271 5240 :
2307 5184 2440 5250 Quia
2468 5187 2523 5240 in
2551 5187 2746 5242 semine
2769 5194 2856 5242 tuo
2886 5186 3243 5242 benedicentur
3260 5206 3373 5248 om-

204 5369 221 5406 ι
257 5366 405 5421 lianc
419 5366 662 5439 eamdem
684 5364 1058 5439 veritatem,_et
1072 5363 1224 5429 quasi
1245 5361 1374 5439 ipsis
1383 5362 1567 5439 verbis
1590 5378 1712 5439 pro-
1808 5363 2030 5439 Ιιοεηξιιε2
2056 5362 2226 5439 δραμε
2246 5361 2397 5415 homo
2424 5359 2800 5439 gloriﬁcaretur
2828 5361 2884 5413 in
2902 5358 3092 5439 _Deum.

137 5446 340 5490 secutus
372 5446 453 5489 est
501 5436 556 5489 S.
597 5434 855 5486 Maximus
884 5432 1177 5498 explanatis
1207 5432 1492 5485 articulum
1531 5434 1706 5485 carnis

136 5505 513 5558 resurrectionis
546 5506 598 5555 in
628 5504 772 5555 hom.
807 5502 873 5554 de
909 5500 1216 5569 Traditione
1244 5501 1491 5569 symboli.

205 5575 224 5604 ³
259 5573 410 5626 Hom.
445 5573 469 5624 i
515 5571 585 5625 de
631 5570 750 5624 Nat.
781 5568 993 5621 Domini
1034 5568 1169 5622 dixit
1197 5568 1256 5623 S.
1277 5568 1549 5622 Maximus
1576 5586 1588 5620 :
1620 5569 1706 5623 Ita

151 5636 351 5697 Verbum
381 5658 501 5696 caro
515 5643 713 5704 factum
756 5647 832 5694 est
864 5652 880 5690 :
907 5652 1007 5690 non
1049 5646 1102 5689 ut
1133 5635 1269 5692 Deus
1309 5648 1610 5692 uacuaretur
1653 5641 1707 5693 in

1881 5434 1899 5462 ³
1931 5432 1984 5483 ln
2017 5431 2231 5486 homilia
2282 5446 2399 5498 quae
2425 5427 2626 5498 incipit
2661 5448 2679 5496 ε(
2721 5427 2847 5482 Non
2882 5429 3213 5498 incommode
3257 5439 3378 5486 ante

1809 5501 1936 5566 dies,
1961 5507 2086 5562 etc.,
2123 5502 2196 5551 ait
2223 5499 2280 5553 S.
2305 5497 2470 5564 Μαι,
2497 5497 2637 5564 Agar
2656 5507 2839 5567 typum
2872 5497 3164 5567 Synagogm
3193 5497 3376 5566 fuisse,

1809 5569 2160 5643 eumdemque
2184 5569 2360 5643 locum
2387 5567 2626 5643 Apostoli
2649 5567 2875 5643 idem.“
2920 5633 2932 5643 .
2957 5631 2988 5643 ν

1883 5639 1904 5671 ⁸
1942 5633 2091 5695 Idem
2104 5637 2262 5695 decet
2296 5637 2354 5692 S.
2380 5633 2514 5706 Aug.
2545 5635 2613 5691 de
2641 5633 2799 5692 Civit.
2840 5633 2934 5691 Dei
2956 5633 3049 5694 lib.
3071 5649 3181 5700 XVI,
3211 5651 3242 5689 c
3287 5635 3374 5691 26.
