3896 6250
491 288 595 347 799.

491 414 578 451 nes
604 409 773 469 gentes
801 400 1004 473 (Cenes.
1032 405 1156 473 xx);
1187 420 1295 460 non
1317 404 1450 459 dixit
1472 405 1523 459 in
1548 407 1750 460 semine
1779 414 1889 466 tuo,
1911 400 2053 471 quod
2082 400 2127 459 Α
2162 438 2176 452 .
2256 438 2269 452 .
2348 440 2361 453 .
2442 440 2454 453 .
2534 438 2547 453 .

490 496 572 543 est
598 489 883 547 Christus.‘
912 492 1016 551 Iste
1036 503 1117 549 est
1140 496 1505 550 sanctissimus
1536 496 1702 560 Isaac,
1734 495 1822 561 qui
1848 493 2054 561 patiens

490 579 556 632 ad
577 579 845 635 victimam
866 582 1160 638 ducebatur
1183 586 1581 639 clementissimi
1604 585 1769 653 patris
1789 583 2055 652 pnncipua

491 671 695 738 proles;
726 674 835 740 qui,
868 682 924 727 ut
967 675 1218 741 diximus,
1257 678 1450 730 Christi
1496 677 1781 743 imaginem
1820 682 2054 741 gestans,

491 777 667 830 neque
695 764 949 830 genitoris
998 766 1223 833 imperio
1270 766 1615 829 contradixit,
1658 780 1757 819 nec
1785 766 2061 819 victimam

492 851 762 919 suscipere
790 854 1073 906 recusavit.
1105 853 1246 920 Ergo
1277 855 1374 909 iste
1400 862 1552 921 pater
1575 862 1754 907 noster
1780 854 2057 921 probatur;

491 946 668 989 vestra
690 937 1043 1007 Hierusalem,
1067 951 1280 995 terrena
1307 943 1513 1005 civitas,
1539 951 1709 995 mater
1735 950 1845 1005 est;
1878 950 2061 995 nostra

491 1026 822 1083 Hierusalem
844 1070 859 1094 ,
889 1031 1122 1085 cmlestis
1142 1032 1347 1096 civitas,
1375 1040 1583 1096 mater;
1609 1032 1695 1083 illa
1725 1040 1918 1095 vestra,
1944 1046 2061 1098 qua:

492 1118 677 1185 periit;
705 1118 819 1175 hzec
841 1129 1038 1183 nostra,
1068 1136 1187 1187 qua:
1214 1130 1491 1189 permanet
1519 1137 1756 1189 semper;
1788 1137 1883 1174 vos
1914 1120 2064 1188 prio-

495 1220 600 1266 res,
654 1222 753 1260 nos
805 1218 1125 1274 sequentes;
1156 1209 1279 1276 quia
1327 1220 1383 1262 et
1430 1208 1617 1265 lsmael
1640 1210 1817 1277 prior,
1869 1208 2062 1261 deinde

494 1293 681 1349 Isaac:
731 1296 854 1364 quia
897 1298 987 1365 qui
1026 1298 1181 1365 primi
1210 1300 1499 1363 novissimi,
1550 1309 1605 1354 et
1652 1300 1743 1367 qui
1790 1297 2062 1351 novissimi

492 1382 671 1451 primi.
703 1382 972 1452 Scriptum
1001 1394 1083 1438 est
1114 1404 1125 1438 :
1159 1389 1178 1417 ‘
1210 1385 1371 1441 Erilis
1401 1398 1571 1457 gentes
1614 1390 1667 1439 in
1696 1395 1865 1454 caput,
1899 1388 2064 1439 incre-

493 1471 642 1523 dulus
671 1482 840 1526 autem
866 1476 1083 1544 populus
1110 1478 1164 1528 in
1192 1477 1357 1529 cauda
1407 1478 1582 1545 (Deut.
1618 1478 1821 1543 xxvm).
1850 1476 1979 1529 Nam
2010 1485 2066 1531 et

493 1559 609 1627 ipse
636 1559 780 1614 Isaac
800 1561 936 1616 duos
965 1560 1102 1617 ﬁlios
1132 1565 1317 1631 genuit
1345 1564 1483 1618 Esau
1511 1573 1564 1617 et
1582 1564 1765 1628 Jacob,
1781 1564 1845 1617 de
1873 1563 2064 1631 quibus

493 1650 691 1703 dictum
723 1652 895 1704 fuerat
933 1652 998 1704 ad
1046 1652 1345 1708 Rebeccam
1389 1654 1664 1721 conjugcm
1702 1653 1849 1707 Isaac
1884 1653 2063 1706 divino

1686 293 1742 347 S.
1782 285 2020 345 MAXIM!
2060 284 2507 343 TAUPJNENSIS

3660 280 3762 340 an

2622 394 3760 466 discederet.....popdum

2157 491 3757 547 Christianum...........r.

2158 618 2693 725 ὲεαάεέυυέιὶκιωὲ
2770 620 2794 725 ζ
2870 619 2890 723 ἶ
2964 618 2980 724 ἶ
3058 618 3077 724 ζ
3153 619 3175 724 ξ
3253 618 3273 724 ξ
3352 618 3370 723 ἶ
3453 706 3470 721 .
3551 618 3569 722 ξ
3652 618 3754 721 Ῐ.

2160 847 2367 914 signum
2397 798 2894 916 salutisapud-nos.
2947 798 2986 901 .o
3041 887 3056 902 .
3136 887 3152 902 .
3234 798 3276 901 ..
3333 888 3349 901 .
3434 887 3450 901 .
3525 847 3585 901 in
3609 848 3760 914 signa

2162 939 2370 994 Domini
2392 955 2579 994 omnes
2602 940 2802 1010 pariter
2828 940 3048 995 masculi
3077 939 3405 1008 feminasque
3450 939 3757 1006 signantur,

2162 1031 2314 1097 signo
2343 1029 2552 1083 Domini
2574 1032 2850 1097 Signamur
2894 1031 2949 1084 in
2981 1030 3157 1085 fronte
3202 1044 3369 1099 super
3404 1029 3550 1084 duos
3580 1038 3760 1097 postes

2162 1117 2229 1171 de
2248 1119 2504 1186 sanguine
2524 1120 2657 1187 Agni
2674 1118 2790 1182 Dei,
2809 1119 2898 1188 qui
2914 1119 3051 1175 tollit
3070 1128 3294 1189 peccata
3322 1118 3537 1183 mundi,
3560 1119 3633 1171 de
3652 1133 3757 1185 quo

2156 1205 2268 1272 jam
2300 1214 2425 1261 tunc
2472 1208 2524 1261 iu
2552 1208 2667 1274 lege
2708 1207 2882 1263 fuerat
2918 1209 3206 1276 scriptum;
3246 1209 3399 1276 quod
3454 1210 3508 1262 in
3568 1216 3756 1261 sancto

2161 1295 2451 1363 Evangelio
2496 1297 2821 1366 completum
2849 1313 2967 1353 esse
2993 1298 3350 1365 dignoscitur,
3380 1299 3613 1367 quando
3650 1300 3756 1352 cla-

2162 1384 2388 1438 mabatis
2414 1384 2652 1439 dicentes
2676 1403 2687 1436 :
2716 1384 2944 1456 Sanguis
2968 1386 3127 1456 ’143
3156 1387 3269 1455 ejus
3290 1404 3449 1455 super
3476 1404 3581 1439 nos
3606 1398 3659 1439 et
3687 1403 3761 1437 sa-

2162 1492 2251 1542 per
2274 1474 2411 1543 ﬁlios
2440 1484 2642 1529 nostros
2670 1475 2880 1545 (Matth.
2915 1477 3100 1543 xxvn).
3135 1474 3242 1529 Sed
3266 1478 3426 1530 nobis
3454 1476 3579 1530 inec
3622 1478 3762 1529 salu-

2163 1562 2329 1617 briter
2347 1564 2605 1633 competit
2630 1564 2839 1618 dicere:
2872 1565 3088 1632 sanguis
3114 1564 3229 1632 ejus
3256 1580 3422 1633 super
3451 1581 3560 1619 nos
3592 1575 3653 1618 et
3682 1581 3764 1618 su-

2162 1665 2261 1720 per
2304 1650 2441 1707 ﬁlios
2470 1661 2701 1713 nostros,
2729 1654 2879 1707 vobis
2908 1652 2974 1706 ad
3021 1653 3526 1708 condemnationem
3548 1695 3569 1717 ,
3605 1654 3764 1706 nobis

492 1755 751 1809 responso
776 1759 787 1793 :
820 1741 950 1796 Dua:
971 1755 1142 1813 gentes
1172 1748 1223 1798 in
1249 1755 1392 1798 utero
1420 1756 1502 1797 tuo
1533 1754 1671 1811 sunt,
1700 1754 1747 1798 ct
1769 1745 1868 1798 duo
1890 1744 2064 1812 populi
2094 1738 2139 1799 Β
2168 1756 2295 1795 vero
2322 1740 2392 1794 ad
2438 1742 2695 1807 salutem;
2724 1744 2848 1810 quia
2879 1743 2985 1797 alio
3013 1758 3110 1796 vos
3158 1744 3470 1812 proposito,
3508 1743 3634 1795 alio
3668 1758 3765 1795 nos

492 1832 556 1883 de
580 1840 751 1885 ventre
790 1842 875 1885 tuo
902 1835 1192 1888 dividentur
1208 1854 1226 1899 ;
1252 1847 1301 1889 et
1338 1837 1552 1905 papulas
1579 1838 1820 1905 populant
1848 1852 2063 1903 supera-

492 1920 584 1981 bit,
638 1930 686 1973 et
742 1924 910 1991 major
964 1927 1145 1977 serviet
1188 1925 1407 1987 minori;
1446 1926 1566 1993 quia
1612 1923 1791 1988 Iacob,
1826 1925 2061 1991 inquam,

491 2007 652 2077 742
699 2010 878 2073 dilexi,
932 2010 1072 2064 Esau
1128 2023 1297 2067 autem
1339 2014 1455 2068 odio
1483 2013 1635 2065 habui
1665 2011 1872 2081 (Cenes.
1905 2014 2054 2081 xxv).

491 2097 596 2149 Sed
626 2098 729 2150 hoc
768 2100 877 2165 jam
928 2101 1172 2167 superius
1220 2110 1573 2155 memoratum
1621 2108 1738 2164 est;
1789 2115 1910 2155 nam
1952 2101 2067 2169 ipso

490 2185 653 2237 etiam
673 2183 844 2239 Jacob
875 2186 1008 2240 duas
1032 2188 1352 2243 describitur
1376 2189 1624 2243 habuisse
1646 2204 1841 2244 uxores
1859 2230 1873 2253 ,
1902 2204 2065 2245 unam

493 2274 639 2327 Liam
671 2275 929 2343 majorem
962 2287 1110 2344 natu,
1136 2281 1303 2333 oculis
1328 2282 1623 2345 inlirmam;
1657 2282 1813 2335 aliam
1842 2281 2061 2347 Rachel,

493 2365 778 2431 minorem,
829 2368 1174 2435 speciosam:
1220 2371 1307 2423 illa
1358 2372 1479 2437 Lia,
1523 2370 1741 2438 ﬁguram
1774 2373 2065 2443 Synagoga:

492 2455 760 2521 portabat,
795 2454 1023 2517 inﬁrma,
1057 2466 1112 2509 ut
1140 2458 1339 2511 dictum
1370 2467 1474 2522 est,
1525 2461 1711 2515 oculis.
1764 2460 1939 2526 Quare
1980 2463 2065 2517 in-

495 2544 643 2596 lirma
674 2546 875 2599 oculis?
904 2547 1028 2615 quia
1068 2548 1213 2603 visus
1241 2547 1534 2617 Synagoga:
1577 2551 1880 2617 languebat.
1912 2561 1966 2605 et
2006 2568 2066 2606 se

494 2634 548 2687 in
581 2634 697 2687 ﬁliis
729 2634 1029 2691 inﬁdelibus
1054 2652 1195 2705 saepe
1216 2638 1519 2705 plangebat.
1551 2639 1673 2693 llaec
1697 2655 1821 2694 vero
1845 2639 2065 2708 Rachel,

494 2738 609 2791 qua:
639 2724 857 2791 ﬁguram
886 2726 1135 2794 portabat
1162 2726 1429 2791 Ecclesim,
1459 2728 1525 2781 de
1540 2745 1644 2797 qua
1674 2732 1928 2798 scriptum
1958 2740 2089 2786 est:-

495 2814 514 2845 ³
544 2815 774 2882 Speciosi
796 2817 928 2868 oculi
962 2817 1030 2868 tui
1059 2817 1189 2869 sicut
1210 2818 1455 2870 columba:
1486 2817 1655 2887 (Cant.
1683 2820 1721 2887 ι)
1749 2838 1761 2870 2
1792 2830 1846 2872 et
1874 2821 2067 2877 iterum

497 2912 679 2957 noster
703 2906 973 2972 apostolus
1001 2905 1197 2959 Paulus
1225 2905 1356 2960 dicit
1376 2907 1441 2960 de
1470 2922 1530 2960 ea
1558 2926 1568 2959 :
1596 2926 1697 2962 non
1732 2909 1923 2963 habens
1952 2929 2065 2964 ma-

498 2995 664 3045 culant
694 3002 779 3044 aut
810 3011 989 3062 rugam
1019 2993 1233 3064 (Ep/tes.
1266 2997 1341 3062 v),
1365 3004 1456 3048 aut
1484 2997 1695 3065 aliquod
1726 2999 2062 3067 hnjusmodi;

2163 1831 2388 1886 dicimus
2426 1831 2727 1896 intellectu;
2752 1848 2848 1886 vos
2866 1830 3116 1899 furendo,
3141 1847 3242 1885 nos
3269 1832 3517 1895 orando;
3554 1848 3664 1886 vos
3686 1834 3766 1885 in-

2163 1920 2446 1985 sultando,
2486 1936 2583 1976 nos
2625 1922 2936 1990 suppliciter
2969 1920 3327 1989 postulando;
3364 1936 3464 1974 vos
3501 1937 3578 1974 ex
3612 1921 3766 1983 odio,

2164 2024 2264 2064 nos
2288 2023 2358 2064 ex
2399 2024 2611 2075 amore;
2642 2026 2739 2065 vos
2784 2018 2843 2064 ut
2872 2011 3070 2074 tristes,
3097 2026 3197 2065 nos
3224 2019 3401 2065 autem
3429 2019 3491 2064 ut
3537 2026 3767 2080 semper

2165 2098 2477 2165 gaudentes.
2506 2097 2613 2151 Vos
2633 2098 2897 2152 latronem
2926 2098 3177 2166 eiegisris,
3204 2099 3329 2165 quia
3357 2102 3519 2152 omne
3552 2098 3766 2152 animal

2166 2187 2231 2241 ad
2260 2187 2360 2240 sibi
2383 2186 2553 2241 simile
2574 2188 2939 2253 convertitur;
2967 2203 3066 2243 nos
3092 2188 3323 2243 Domino
3352 2189 3629 2255 elegimus
3650 2205 3769 2244 ser-

2165 2279 2297 2332 vire.
2330 2276 2442 2331 Nos
2463 2295 2605 2348 ergo,
2632 2279 2803 2346 inquit
2830 2279 3143 2349 Apostolus,
3184 2279 3389 2332 Domini
3412 2296 3635 2345 sumtu;
3668 2296 3766 2335 vos

2164 2368 2335 2423 secuti
2368 2366 2511 2423 'estis
2557 2369 2817 2422 latronem
2864 2368 3091 2423 Domino
3120 2369 3609 2437 impr-operantem,
3666 2384 3768 2424 nos

2164 2458 2332 2512 secuti
2362 2473 2543 2513 sumus
2583 2458 2847 2512 latronem
2876 2457 3160 2512 Dominum
3186 2458 3508 2512 adorantem
3539 2468 3606 2512 et
3632 2475 3767 2513 con-

2167 2546 2404 2601 ﬁtentem
2426 2548 2477 2600 in
2501 2561 2658 2601 cruce
2688 2565 2701 2599 :
2734 2546 2972 2609 Domine,
2995 2557 3248 2600 memento
3276 2550 3377 2600 mei
3404 2550 3767 2602 cum'meris

2165 2637 2221 2690 in
2246 2652 2456 2705 regnum
2497 2645 2657 2691 tuum.
2685 2634 2783 2690 Cui
2812 2636 3065 2690 Dominus
3093 2636 3168 2688 ait
3197 2654 3209 2687 :
3242 2636 3424 2701 Amen,
3457 2638 3583 2689 dico
3618 2638 3716 2691 tibi
3746 2651 3768 2690 :

2168 2720 2320 2779 hodie
2355 2742 2549 2778 mecum
2568 2728 2670 2778 eris
2709 2726 2763 2778 in
2792 2725 3036 2793 paradiso
3067 2724 3213 2795 (Luc.
3248 2726 3420 2793 χχιιι).
3454 2723 3500 2777 0
3530 2726 3767 2780 beatum

2167 2816 2340 2885 ipsum
2369 2816 2652 2881 latronem,
2683 2817 2774 2883 qui
2798 2824 2997 2868 tantam
3027 2824 3249 2885 repente
3278 2816 3476 2869 meruit
3498 2818 3771 2870 sanctita-

2169 2914 2298 2973 tem,
2321 2914 2377 2960 et
2403 2906 2500 2959 sub
2530 2907 2641 2975 ipsa
2671 2914 2841 2960 morte
2870 2906 3113 2959 transivit
3152 2904 3219 2958 ad
3260 2905 3455 2959 lucem.
3503 2907 3523 2936 ⁸
3555 2904 3636 2958 Et
3667 2907 3771 2975 ipsi

2169 2996 2276 3050 duo
2306 2996 2557 3058 latrones,
2587 3011 2721 3052 unus
2743 3004 2995 3057 vestram,
3022 2994 3158 3051 alter
3172 3002 3409 3049 nostram
3432 2995 3771 3051 ostendebat

498 3081 653 3149 hujus
694 3084 1004 3151 perspicuus
1046 3094 1101 3137 et
1143 3086 1396 3154 spiritalis
1428 3086 1599 3141 fuerat
1639 3090 1801 3143 visus.
1839 3090 1969 3144 Nam
2015 3100 2070 3145 et
2097 3076 2141 3138 (ἶ
2174 3085 2477 3151 imaginem.
2511 3084 2789 3137 UCCidiSliS
2820 3084 3129 3147 Dominum.
3161 3091 3214 3138 Gl
3241 3084 3592 3151 gratulaniini
3631 3102 3649 3138 ε
3678 3100 3775 3139 OC-

503 3170 631 3225 illud
668 3173 813 3240 quod
848 3175 898 3227 in
949 3176 1203 3245 mysterio
1234 3176 1469 3245 loquitur
1517 3180 1811 3247 apostolus,
1835 3182 2071 3251 iutellige

502 3278 659 3331 quam
689 3265 885 3333 populo
906 3264 1208 3321 Christiano
1237 3269 1521 3322 conveniat
1546 3287 1557 3321 :
1583 3269 1604 3299 ⁸
1626 3268 1854 3336 Primus,
1879 3272 2072 3341 inquit,

503 3353 651 3404 homo
696 3353 758 3405 de
808 3363 944 3405 terra
976 3362 1227 3420 terrenus,
1268 3357 1517 3408 secundus
1545 3374 1659 3410 vero
1685 3358 1833 3411 homo
1854 3359 1918 3411 de
1950 3361 2072 3413 caelo

498 3442 713 3496 cwlestis
745 3441 928 3512 (ICor.
961 3448 1069 3512 xv).
1089 3442 1273 3509 Qualis
1304 3454 1566 3511 terrenus,
1592 3447 1727 3501 tales
1767 3455 1822 3501 et
1852 3449 2070 3514 terreni;

504 3540 555 3587 et
584 3533 753 3600 qualis
778 3534 1027 3599 caelestis,
1052 3535 1185 3589 tales
1206 3543 1261 3588 et
1288 3536 1549 3601 cmlestes,
1574 3538 1726 3591 etlex
1749 3553 1868 3607 quae
1893 3553 2081 3593 secun-

506 3621 629 3675 dum
661 3623 891 3676 litteram
932 3624 1212 3692 accipitur,
1240 3625 1455 3688 occidit,
1483 3628 1690 3695 spiritus
1718 3637 1883 3680 autem
1911 3629 2075 3697 viviﬁ-

507 3722 587 3765 ται
618 3710 704 3783 (II
728 3711 847 3765 Cor.
881 3713 987 3781 nt).
1020 3712 1259 3784 Moyses,
1291 3731 1409 3768 nam
1442 3726 1501 3769 ut
1520 3718 2074 3785 commemoravimus,

508 3802 775 3870 accipiens
803 3802 1011 3871 priores
1032 3803 1240 3857 tabulas
1268 3804 1569 3859 confractas
1595 3807 1821 3875 projecit
1840 3848 1854 3871 ,
1878 3807 2000 3862 ideo
2022 3816 2079 3863 ut

508 3891 815 3945 ostenderet
840 3899 1071 3945 vestrum
1100 3892 1368 3963 lapideum
1409 3909 1504 3948 cor
1528 3894 1878 3964 confractum,
1908 3906 1961 3951 et
1989 3912 2078 3953 re-

507 3982 823 4050 probatum;
849 3980 1273 4038 Christianorum
1302 3999 1430 4039 vero
1448 3985 1639 4039 divinis
1668 3986 1869 4054 legibus
1897 3996 2079 4056 aptum

506 4078 666 4140 atque
688 4072 1023 4126 servandum.
1060 4070 1212 4127 Unde
1233 4073 1364 4128 dicit
1386 4073 1661 4145 Scriptura
1682 4076 1748 4130 de
1777 4076 2081 4133 Christiano

509 4162 704 4230 populo
737 4180 750 4213 :
785 4160 884 4225 Qui
908 4164 1184 4218 ostendunt
1203 4181 1329 4234 opus
1347 4165 1477 4237 legis
1506 4169 1847 4236 conscriptum
1870 4170 1923 4221 in
1969 4185 2083 4222 cor-

507 4252 653 4305 dibus
699 4253 804 4305 suis
827 4252 1017 4322 (Rom.
1049 4253 1107 4323 n)
1142 4271 1154 4304 :
1187 4254 1529 4323 Cognoscens
1557 4257 1735 4311 omnia
1768 4258 1901 4322 haec.
1932 4265 1987 4312 et
2014 4273 2082 4313 ex

507 4340 623 4408 lege
650 4349 703 4395 et
731 4343 1023 4411 prophetis,
1056 4343 1229 4398 adhuc
1274 4344 1478 4413 majora
1499 4345 1842 4401 considerans
1865 4357 2083 4403 sanctus

2171 3175 2375 3229 cidistis
2402 3174 2639 3241 quidem,
2680 3173 2775 3227 sed
2804 3188 2908 3227 non
2939 3173 3239 3239 occidistis,
3272 3183 3452 3228 tamen
3482 3175 3775 3230 occidistis

2170 3263 2467 3330 voluntate,
2497 3261 2590 3316 sed
2620 3277 2725 3316 non
2754 3262 3023 3317 occidistis
3063 3264 3114 3316 in
3142 3264 3368 3317 veritate
3389 3306 3405 3329 ,
3436 3266 3561 3332 quia
3597 3264 3775 3320 Chri-

2172 3360 2286 3407 stus
2316 3353 2369 3405 in
2395 3360 2653 3407 mternum
2683 3360 2883 3405 manet.
2902 3350 3077 3405 Jacuit
3104 3352 3317 3420 quidem
3333 3369 3531 3423 corpus
3562 3356 3623 3408 in
3654 3372 3780 3409 mo-

2174 3448 2449 3504 numento,
2480 3440 2574 3495 sed
2599 3440 2841 3494 Christus
2876 3441 3137 3510 regnabat
3175 3442 3227 3495 in
3255 3443 3416 3496 cmlo.
3463 3442 3585 3497 Non
3616 3446 3777 3501 enim

2173 3538 2385 3605 poterat
2425 3529 2697 3585 includere

2176 3815 2285 3855 non
2316 3798 2600 3853 includitur
2622 3806 2674 3852 in
2722 3809 3071 3854 monumento
3119 3815 3241 3856 cum
3287 3816 3539 3870 corpore,
3594 3805 3779 3859 multo

2178 3889 2347 3957 magis
2375 3889 2630 3944 divinitus
2657 3888 2855 3943 includi
2886 3903 2992 3944 non
3014 3897 3239 3959 poterat.
3271 3888 3414 3957 Ergo
3443 3892 3573 3944 vivit
3606 3891 3780 3946 Chri-

2180 3987 2293 4035 stus
2313 3981 2367 4035 in
2387 3989 2675 4045 aeternum;
2704 3980 2842 4034 sicut
2860 3988 2917 4034 et
2942 3988 3159 4034 sanctus
3184 3978 3406 4047 angelus
3433 3980 3665 4036 Gabriel
3697 3984 3781 4038 di-

2181 4072 2337 4125 cebat
2362 4070 2429 4124 ad
2457 4070 2746 4138 gloriosam
2770 4068 2990 4123 Mariam
3024 4087 3037 4122 :
3070 4069 3327 4140 Regnabit
3347 4073 3400 4123 in
3423 4073 3575 4125 domo
3598 4072 3782 4129 Iacob

2180 4162 2233 4214 in
2265 4170 2530 4223 (sternam,
2556 4169 2605 4214 et
2639 4160 2783 4229 regni
2817 4160 2931 4229 ejus
2967 4176 3070 4213 non
3093 4162 3191 4213 erit
3216 4160 3338 4227 ﬁnis
3363 4160 3519 4230 (Luc.
3548 4162 3635 4231 xi)
3674 4182 3689 4217 :
3726 4174 3783 4220 et

2183 4250 2576 4319 septuagesimo
2602 4249 2776 4318 primo
2804 4249 3011 4317 psalmo
3031 4250 3097 4303 de
3125 4250 3241 4318 ipso
3270 4249 3466 4305 dicitur
3496 4270 3509 4303 :
3555 4250 3783 4308 Orietstr

2185 4343 2237 4394 in
2259 4341 2437 4393 diebus
2464 4341 2574 4408 ejus
2596 4340 2799 4409 justitia
2820 4349 2869 4393 et
2896 4341 3221 4401 abundantia,
3232 4343 3399 4410 pacis.
3424 4342 3659 4409 Quando
3692 4346 3782 4400 di-

507 4430 781 4497 apostolus
821 4432 1035 4499 Paulus,
1078 4434 1347 4501 separavit
1375 4449 1434 4487 se
1479 4450 1509 4488 a
1550 4436 1731 4501 vobis,
1766 4452 1864 4491 nec
1896 4436 2082 4506 jugum
2110 4428 2161 4488 D
2184 4433 2369 4489 cebat:
2403 4432 2422 4463 ‘
2446 4429 2543 4494 Qui
2565 4439 2613 4483 te
2631 4433 2935 4501 percusserit
2956 4433 3010 4485 in
3032 4431 3267 4484 dextram
3280 4435 3570 4497 maxillam,
3593 4440 3784 4504 prae

507 4532 629 4571 cum
678 4518 977 4574 inﬁdelibus
1005 4520 1203 4577 ducere.
1231 4524 1428 4587 voluit;
1453 4526 1572 4594 quia
1612 4541 1713 4577 non
1751 4534 1826 4579 est
1864 4528 2081 4582 societas

508 4609 689 4663 lumini
710 4610 775 4661 ad
796 4613 1046 4677 tenebras,
1073 4626 1164 4666 nec
1186 4631 1307 4680 pars
1322 4616 1463 4684 ﬁdeli
1492 4632 1605 4667 cum
1626 4616 1825 4685 inﬁdeli
1850 4616 1935 4686 (Il
1958 4616 2078 4672 Cor.

511 4698 626 4765 vn);
653 4700 919 4753 convertit
955 4714 1015 4754 se
1056 4701 1124 4755 ad
1168 4702 1433 4759 Christum
1477 4706 1733 4769 maxime,
1766 4706 1889 4773 quia
1918 4707 1986 4760 ab
2015 4721 2081 4763 eo

510 4796 629 4843 crat
655 4789 978 4859 admonitus,
1008 4798 1067 4845 ut
1139 4830 1155 4847 .
1234 4830 1250 4847 .
1331 4833 1345 4847 .
1424 4833 1439 4847 .
1514 4794 1843 4849 credulitatis
1878 4795 1984 4863 jur.
2060 4836 2076 4854 .

586 4980 609 5057 ‘_
643 4978 696 5032 In
737 4981 884 5057 hom.
920 4981 942 5033 l
979 4982 1048 5037 de
1092 4983 1517 5057 Pascbate,qum
1557 4985 1741 5056 incipit
1772 5004 1784 5039 :
1820 4986 2078 5057 Beneﬁcia

512 5047 609 5123 Dei
624 5053 819 5123 nostri,
844 5060 973 5117 etc.,
994 5054 1238 5123 eumdem
1266 5047 1465 5110 Isaac'a
1492 5064 1647 5123 patre
1665 5047 2078 5111 sacriﬁcandum

512 5118 708 5172 Christi
733 5117 950 5175 ﬁguram
973 5121 1126 5175 dixit.

586 5189 603 5217 '
636 5188 834 5263 Aliud-it
870 5190 928 5243 S.
959 5190 1100 5263 illax.
1134 5192 1235 5263 i_llis
1279 5193 1494 5247 verbis:
1529 5191 1649 5262 Ipse
1676 5196 1773 5246 erit
1818 5195 1870 5246 in
1905 5203 2078 5263 caput,

513 5264 567 5331 et
587 5265 637 5331 tu
659 5260 832 5331 crisin
862 5259 1097 5313 caudam.
1130 5260 1199 5313 Et
1225 5265 1424 5315 venient
1459 5259 1609 5331 super
1639 5273 1683 5315 te
1711 5279 1882 5316 omnes
1922 5259 2081 5316 male-

515 5326 761 5409 d‘ictiones
792 5329 1018 5382 ωιτη...
1064 5331 1183 5409 quia
1230 5348 1333 5409 non
1372 5326 1611 5409 audivisti
1657 5349 1825 5384 vocem
1865 5331 2082 5409 Domini

515 5394 611 5445 Dei
641 5396 730 5470 tui,
765 5412 861 5470 nec
880 5394 1089 5451 servasti
1123 5403 1367 5454 mandata
1403 5403 1514 5470 ejus
1534 5411 1582 5453 et
1609 5403 1934 5455 cwremonias
1956 5417 2082 5468 quas

515 5465 745 5530 prtvcipit
774 5465 883 5529 tibi,
913 5478 1017 5521 etc.

520 5532 702 5653 alii":
728 5534 967 5605 Vulgata,
999 5536 1201 5593 Cantic.
1235 5555 1283 5605 ι,
1319 5540 1511 5609 legitur
1542 5559 1554 5595 :
1607 5538 1754 5595 Oculi
1794 5542 1865 5595 tui
1891 5540 2079 5595 colum-

2184 4527 2263 4581 illi
2292 4534 2341 4579 et
2364 4524 2611 4588 alteram;
2643 4525 2759 4577 etei
2796 4528 2882 4595 qui
2904 4524 3005 4577 tult
3030 4532 3189 4577 tecum
3210 4526 3410 4595 judicio
3457 4528 3783 4582 contendere

2185 4624 2233 4671 et
2266 4616 2489 4668 tunicam
2516 4622 2655 4665 tuam
2686 4613 2881 4679 tollere,
2928 4614 3129 4668 dimitte
3162 4613 3241 4668 illi
3267 4624 3318 4667 et
3343 4615 3580 4680 pallium.
3629 4616 3783 4681 Quid

2181 4706 2399 4776 justius,
2431 4702 2558 4772 quid
2580 4703 2781 4769 utilius,
2810 4716 2969 4771 quam
3003 4702 3370 4772 impatientem
3392 4704 3655 4771 patientia
3685 4721 3783 4759 su-

2185 4808 2399 4867 perare,
2422 4800 2477 4848 et
2497 4791 2703 4846 damnis
2721 4792 2901 4862 potius
2927 4792 3155 4863 opprimi
3175 4807 3336 4862 quam
3364 4791 3626 4849 lucrando
3653 4810 3781 4865 peo-

2257 4987 2278 5019 δ
2315 4986 2460 5040 Idem
2490 4983 2735 5052 Apostoli
2762 4984 2908 5038 locus
2930 4983 3150 5038 all‘ertur
3177 4998 3207 5037 a
3236 4982 3469 5052 maxime
3493 4988 3547 5040 in
3576 4987 3775 5044 homil.

2186 5056 2256 5111 de
2284 5051 2573 5109 Nativitate
2598 5052 2829 5115 Domini,
2858 5068 2975 5121 qua!
3003 5053 3187 5121 incipit
3216 5071 3229 5105 :
3273 5051 3339 5106 In
3388 5055 3606 5107 adi-ent:
3660 5058 3767 5112 οο.

2184 5127 2330 5188 mini,
2367 5127 2554 5197 fratres
2582 5123 2856 5184 carissimi,
2880 5123 3073 5175 solutus
3102 5131 3177 5174 est
3204 5123 3371 5177 omnis
3392 5134 3622 5193 paterna
3644 5144 3780 5197 ργε-

2185 5194 2517 5248 varicationis
2546 5200 2710 5244 metus
2727 5232 2741 5257 ,
2772 5200 2879 5245 etc.

2258 5266 2279 5294 ⁸
2308 5262 2523 5315 Duabus
2545 5263 2596 5315 in
2618 5260 2852 5315 homiliis
2872 5258 3115 5315 conversi
3138 5259 3363 5313 latronis
3387 5259 3546 5313 iidem
3567 5264 3778 5316 exaltat

2188 5330 2245 5387 S.
2276 5332 2554 5393 Maximus,
2574 5345 2803 5398 eumque
2828 5346 2893 5384 ex
2922 5328 3162 5399 patibulo
3189 5330 3242 5382 in
3272 5328 3579 5399 paradisum
3600 5339 3779 5386 trans~

2190 5402 2356 5456 latum
2386 5400 2546 5455 fuisse
2576 5398 3007 5467 eloquentissime
3034 5398 3215 5453 tradit.

2268 5473 2287 5501 ⁵
2318 5470 2445 5535 Quze
2473 5466 2765 5538 sequuntur
2789 5470 2856 5523 de
2884 5469 3587 5539 sanctitateprteeeptorum
3613 5466 3778 5539 Chrif

2191 5540 2257 5594 sti
2288 5539 2519 5617 Domini,
2536 5537 2844 5608 supponunt
2863 5537 2967 5594 alia
2983 5537 3343 5617 pnccedeutia
3366 5537 3437 5591 ab
3460 5537 3775 5592 amanuensi

2195 5624 2389 5667 omissa
3200 5624 3203 5625 ⁷
3402 5638 3425 5643 θ
