3896 6250
99 362 197 415 801
1137 354 1548 412 TRACTATUS
1582 354 1647 410 V.
1687 354 1964 412 CONTRA
2001 355 2299 413 JUDZEOS.
3283 361 3388 415 8οα

99 476 258 530 care!
291 474 434 531 Sunt
459 474 603 530 enim
628 481 900 544 przecepta
923 472 1143 543 iustitia:
1171 472 1384 528 Domini
1411 471 1709 527 Salvatoris
1735 472 1786 530 Δ
1812 472 1972 544 745
2020 488 2240 528 munera
2287 472 2581 543 perferunt.
2614 473 2866 543 Sequitur
2907 474 2961 528 in
3012 474 3220 543 psalmo
3247 494 3258 528 :
3318 476 3387 530 Et

101 570 154 622 in
204 578 407 624 sancto
448 567 741 634 Evangelia
769 566 1065 635 designata.
1092 565 1159 619 Et
1185 580 1253 620 ne
1282 566 1499 634 longum
1526 565 1597 619 sit
1624 572 1709 618 to-
1808 560 2098 616 adorabunt
2145 579 2258 616 eum
2306 579 2482 616 omnes
2523 580 2668 633 reges
2724 575 2917 629 terras;
2976 582 3154 619 omnes
3210 576 3386 636 gentes

100 669 218 713 tum
245 660 457 723 dicere,
490 666 616 727 post
655 658 931 726 aliquanta
959 657 1204 725 sequitur
1235 674 1248 708 :
1294 664 1343 721 et
1389 654 1710 708 abundantia

102 752 272 817 pacis,
319 752 489 803 donec
528 752 796 819 auferatur
822 750 946 801 luna
975 746 1146 817 (Psal.
1169 746 1333 817 Lm).
1368 745 1709 800 Abundantia

103 840 278 908 pacis,
326 839 458 907 quia
504 838 619 905 ipse
665 845 750 891 est
777 838 896 891 fons
933 837 1250 906 purissimus
1288 836 1459 905 pacis,
1498 836 1551 889 in
1602 850 1710 903 quo

106 928 269 991 nullm
296 934 430 981 sunt
451 926 772 980 turbulenue
801 926 940 990 lites,
975 925 1119 979 nulla
1154 924 1451 977 amaritudo
1474 924 1709 987 malitiaa,

105 1015 203 1069 sed
232 1016 423 1069 omnis
435 1014 715 1083 plenitudo
736 1013 1033 1067 dulcedinis
1054 1014 1333 1080 omnisque
1356 1012 1712 1079 tranquillitas

107 1105 402 1159 bonitatis.
438 1105 511 1158 De
542 1104 644 1157 isto
691 1103 805 1171 ipse
855 1100 1026 1155 David
1056 1101 1319 1171 pr0pheta
1349 1101 1455 1155 alio
1496 1092 1717 1155 dicebat

111 1196 164 1247 in
205 1195 334 1248 loco
370 1210 385 1245 :
432 1190 643 1246 Gustate
678 1200 727 1245 et
774 1190 935 1262 744
961 1190 1123 1244 videte
1163 1192 1405 1253 quoniam
1433 1190 1601 1243 suavis
1635 1198 1730 1243 cst-

111 1282 403 1336 Dominus.
436 1281 622 1335 Beatus
650 1281 729 1333 vir
754 1282 843 1351 qui
867 1288 1041 1349 sperat
1067 1280 1122 1332 in
1148 1295 1263 1331 eum
1294 1278 1464 1348 (Psal.
1487 1278 1710 1347 xxxrti);

118 1376 245 1435 quia
275 1372 544 1426 Dominus
574 1371 786 1426 dicebat
809 1389 823 1422 :
854 1370 1045 1423 Pacem
1066 1386 1231 1422 meam
1257 1370 1322 1421 do
1350 1369 1507 1432 vobis,
1534 1385 1713 1438 pacem

112 1476 282 1513 meam
306 1460 545 1530 relinquo
567 1459 723 1513 vobis.
748 1458 816 1512 Iu
844 1459 935 1513 hoc
956 1459 1090 1512 enim
1112 1460 1274 1511 scient
1293 1474 1467 1511 omnes
1483 1458 1713 1511 homines

115 1549 253 1618 quod
277 1549 530 1617 discipuli
558 1550 658 1601 mei
680 1549 823 1613 estis,
839 1549 884 1600 si
903 1548 1117 1600 invicem
1142 1546 1563 1618 diligationan.
1580 1548 1712 1615 ιιν).

118 1638 183 1690 Ει
213 1640 419 1701 iterum
468 1637 719 1692 dicebat:
756 1637 902 1690 Beati
941 1638 1166 1706 paciﬁci,
1217 1638 1458 1707 quoniam
1496 1639 1595 1705 ipsi
1619 1638 1717 1706 ﬁlii

120 1728 216 1781 Dei
244 1729 591 1782 vocabuntur.
624 1728 769 1781 Beati
789 1744 1038 1798 pauperes
1068 1728 1272 1797 spiritu,
1309 1728 1551 1797 quoniam
1578 1728 1717 1797 ipso-

1808 652 2030 704 servient
2079 653 2127 705 ei
2183 651 2354 722 (Psal.
2403 653 2593 723 uxr):
2636 654 2779 722 quod
2810 653 3083 724 impletum
3109 656 3383 719 videmus;

1809 740 1933 809 quia
1963 741 2160 809 ubique
2179 758 2374 797 nomen
2404 743 2615 797 Domini
2643 744 2840 799 Christi
2865 745 3119 799 aduratur
3156 746 3224 799 ab
3265 762 3386 801 om—

1810 829 1967 882 nibus
1995 831 2224 898 regibus,
2248 831 2507 885 duntaxat
2528 831 2864 900 Christianis,
2887 835 3239 903 omnibusque
3259 852 3388 906 gen-

1812 918 1971 970 tibus.
2026 917 2135 972 Sed
2183 927 2237 974 et
2264 920 2308 973 si
2334 928 2455 973 sunt
2484 921 2647 990 aliqui
2677 936 2832 989 reges
2860 932 2951 977 aut
2977 932 3165 991 gentes
3195 926 3387 995 aliqua:
3458 956 3467 973 ι

1811 1022 1931 1075 qua:
1976 1008 2165 1063 nolunt
2202 1010 2448 1074 adorare,
2481 1012 2620 1065 sicut
2644 1020 2699 1067 et
2726 1028 2821 1068 vos
2842 1012 3033 1081 Judmi,
3063 1025 3245 1069 manet
3272 1033 3389 1071 car-

1812 1112 1904 1150 cer
1928 1106 2181 1163 :eternus,
2215 1109 2397 1154 manet
2410 1100 2672 1168 judicium
2703 1103 2797 1156 Dei
2824 1120 2836 1154 :
2869 1102 3027 1167 Deus,
3056 1105 3131 1157 ait
3157 1107 3390 1174 prophe-

1812 1193 1886 1251 ta,
1903 1187 2203 1257 manifestus
2224 1190 2386 1241 veniet
2406 1188 2545 1242 Deus
2566 1183 2761 1257 noster,
2784 1200 2831 1243 et
2852 1209 2954 1245 non
2978 1193 3199 1245 tardabit
3218 1193 3388 1262 (Psal.

1814 1275 1993 1344 sua);
2024 1277 2117 1344 qui
2141 1278 2287 1331 venit
2315 1282 2369 1331 in
2397 1279 2698 1341 humilitate
2722 1281 2984 1347 occultus,
3017 1283 3195 1335 veniet
3215 1285 3266 1335 in
3296 1300 3394 1352 po-

1814 1373 2013 1420 testate
2033 1368 2366 1423 manil‘estus.
2415 1369 2564 1423 Tunc
2583 1371 2789 1425 videbit
2813 1386 2934 1425 eum
2964 1373 3137 1427 omnis
3159 1389 3304 1437 caro,
3340 1374 3394 1428 id

1814 1462 1900 1509 est
1948 1457 2123 1511 omnis
2176 1458 2357 1523 homo,
2402 1461 2525 1529 quia
2554 1476 2725 1514 omnes
2753 1462 2998 1516 stabimus
3028 1474 3147 1517 ante
3169 1466 3394 1519 tribunal

1818 1544 2025 1609 Christi,
2052 1554 2106 1597 ut
2133 1549 2347 1615 recipiat
2368 1551 2715 1618 unusquisque
2742 1552 2952 1617 propria
2977 1554 3225 1621 corporis,
3245 1563 3396 1622 prout

1817 1637 1989 1704 gessit,
2020 1637 2125 1688 sive
2153 1636 2341 1689 bonum
2369 1640 2472 1690 sive
2492 1639 2683 1691 malum
2715 1640 2890 1709 (Rom.
2923 1641 3064 1709 xw);
3089 1658 3212 1695 nam
3243 1652 3297 1697 et
3344 1645 3397 1699 in

1819 1723 1935 1793 ipso
1956 1725 2163 1793 psalmo
2193 1726 2245 1778 in
2274 1727 2449 1795 capite
2479 1728 2552 1780 ait
2578 1744 2591 1780 :
2622 1727 2781 1794 Deus,
2804 1730 3059 1799 judicium
3098 1740 3238 1783 tuum
3282 1733 3390 1801 regi

120 1832 234 1869 rum
283 1829 366 1871 εει
408 1834 622 1889 regnum
650 1818 894 1873 caelorum
926 1817 1143 1889 (Matth,
1169 1818 1249 1887 γ),
1275 1817 1343 1872 Et
1369 1818 1713 1883 abundantia,
1748 1819 1791 1879 Β
1821 1812 1909 1879 da,
1938 1823 1987 1866 et
2001 1814 2260 1882 justitiam
2291 1825 2433 1870 tuum
2453 1818 2564 1886 ﬁlio
2586 1821 2722 1888 regis
2746 1819 2919 1887 (Psal.
2941 1822 3122 1889 uxr);
3154 1822 3278 1889 quia
3301 1837 3394 1875 rex:

124 1909 1718 1977 inquit,...............

374 2036 388 2050 ο
470 2037 487 2052 ο
569 2035 585 2051 0
666 2036 680 2051 ο
761 2036 777 2051 0
857 2039 872 2050 ο
948 2033 964 2049 0
1041 2032 1057 2047 ο
1136 2036 1154 2053 ο
1232 2035 1249 2049 0
1326 2034 1342 2050 0
1419 2034 1435 2049 0
1515 2034 1530 2049 0
1608 2034 1623 2049 ο
1702 2034 1717 2050 ο

476 2216 491 2228 ο
570 2216 584 2228 ο
668 2214 682 2229 Ο
761 2213 777 2229 ο
852 2213 868 2228 ο
947 2212 964 2226 ο
1043 2214 1059 2229 ﬂ
1139 2212 1153 2228 Ο
1234 2212 1248 2227 ο
1328 2211 1343 2227 ο
1420 2213 1434 2227 ο
1514 2214 1528 2227 ο
1608 2213 1623 2227 ο
1702 2214 1717 2227 ο

124 2267 229 2322 Sed
248 2268 609 2337 postmodum
650 2266 925 2321 extollitur
954 2274 1007 2320 et
1035 2266 1277 2334 erigitur,
1311 2281 1431 2319 cum
1462 2266 1527 2319 ad
1556 2266 1721 2321 cmle-

129 2357 230 2409 stia
257 2371 427 2424 regna
453 2356 690 2409 Domino
716 2355 1007 2408 auxiliante
1036 2354 1364 2424 perducitur.
1390 2352 1640 2420 Sequitur
1667 2354 1721 2406 in

124 2447 337 2515 psalmo
365 2464 377 2497 :
410 2445 479 2498 Et
508 2444 854 2499 dominabitur
875 2461 906 2496 a
936 2445 1069 2497 mari
1099 2460 1255 2513 usque
1283 2444 1352 2496 ad
1389 2461 1553 2507 mare,
1602 2452 1651 2496 et
1689 2460 1723 2495 a

127 2534 453 2602 ﬂuminibus,
478 2550 637 2601 usque
657 2534 723 2584 ad
747 2534 989 2585 terminos
1008 2534 1144 2586 orbis
1170 2532 1505 2601 terra:(Psal.
1540 2531 1717 2599 Lxxt):

128 2624 229 2678 hoc
258 2632 344 2677 est
390 2638 491 2693 per
537 2624 816 2675 universas
845 2630 1050 2688 gentes,
1104 2628 1158 2674 et
1195 2636 1292 2689 per
1343 2629 1515 2673 totum
1568 2636 1725 2673 mun-

129 2714 290 2777 dum,
332 2726 441 2781 qua
478 2727 537 2767 se
587 2712 743 2779 longe
790 2712 1005 2779 lateque
1050 2710 1273 2764 dill'usus
1310 2708 1507 2764 Oceani
1554 2709 1723 2763 ambi-

130 2812 215 2856 tus
239 2802 413 2865 ducit,
440 2809 496 2855 et
517 2800 753 2853 omnium
784 2808 1047 2853 terrarum
1078 2799 1211 2853 lines
1252 2798 1492 2853 includit.
1529 2798 1723 2865 Sequi-

132 2901 217 2945 tur
240 2911 253 2944 :
288 2890 356 2944 In
380 2900 653 2959 conspectu
680 2890 789 2959 ejus
819 2888 1086 2959 procidant
1114 2887 1390 2956 Ethiopes
1409 2928 1424 2949 ,
1450 2896 1500 2939 et
1526 2888 1725 2939 inimici

132 2982 240 3050 ejus
270 2990 467 3034 terram
494 2981 691 3049 lingeut
715 2977 923 3049 (Ibid.).
950 2977 1235 3047 Ethiopes
1256 2978 1330 3031 illi
1359 2985 1482 3031 sunt
1510 2978 1725 3047 spiritus

136 3072 481 3125 tenebrarum
509 3070 600 3139 qui
648 3070 700 3122 in
734 3074 1027 3138 conspectu
1053 3067 1287 3136 Domini,
1319 3068 1373 3122 id
1411 3075 1495 3122 est
1523 3068 1577 3122 in
1627 3068 1725 3121 ad-

138 3168 299 3215 ventu
340 3160 462 3229 ejus
488 3159 685 3213 turbati

140 3516 233 3570 sed
261 3517 503 3570 lambere
548 3526 743 3570 terram
772 3514 1042 3581 dicuntur,
1073 3518 1344 3584 quomodo
1372 3526 1424 3569 et
1453 3518 1537 3571 isti
1616 3557 1629 3570 .
1707 3556 1723 3572 .

323 3646 339 3661 .
416 3616 474 3663 et
503 3616 699 3662 terram
726 3609 1020 3661 lambinnt?
1050 3608 1153 3662 hoc
1181 3615 1265 3663 est
1296 3620 1563 3661 terrenam
1585 3609 1730 3664 litte-

142 3710 255 3751 ram
305 3706 358 3751 et
407 3697 679 3753 carnalem
708 3698 958 3751 astutiam
988 3697 1249 3765 diligunt,
1280 3698 1574 3766 spiritalem
1602 3714 1729 3753 vero

142 3792 367 3857 gratiam
401 3804 509 3844 non
559 3790 873 3856 requirunt?
917 3788 1172 3855 Sequitur
1203 3789 1255 3841 in
1282 3788 1487 3857 psalmo
1521 3806 1533 3840 :
1568 3788 1730 3859 Reges

145 3890 292 3932 terra:
310 3889 359 3932 et
376 3879 562 3932 insula:
576 3895 787 3935 munera
808 3879 1048 3945 offerunt.
1079 3877 1239 3947 Reges
1261 3878 1485 3930 Arabum
1507 3888 1556 3931 et
1587 3880 1730 3932 Saba

144 3969 279 4021 dona
302 3968 569 4021 adducunt
601 3967 810 4035 (lbid.).
835 3966 1025 4019 Oriens
1047 3981 1175 4033 ergo
1197 3976 1251 4020 et
1277 3965 1554 4029 Occidens,
1583 3967 1728 4034 quod

144 4057 545 4112 manifestatum
577 4066 659 4110 est
688 4057 865 4110 denuo
889 4058 939 4109 in
969 4065 1157 4109 sancto
1186 4055 1489 4124 Evangelio,
1516 4057 1729 4125 quando

144 4149 282 4214 magi
309 4154 579 4201 venerunt
608 4152 887 4216 portantes
908 4158 1151 4208 munera,
1185 4145 1563 4209 aurum,,tbus,
1595 4160 1732 4214 myr-

145 4238 295 4291 rham
333 4255 347 4289 :
379 4250 574 4292 aurum
602 4235 888 4289 oder-entes
940 4241 999 4287 ut
1045 4234 1157 4300 regi
1200 4235 1491 4302 pretiosam
1534 4234 1725 4300 ﬁdem;

147 4324 266 4379 thus
285 4338 477 4387 suave,
521 4322 844 4380 sacriﬁcium
880 4322 1057 4375 laudis
1092 4330 1152 4375 ut
1191 4321 1331 4385 Deo;
1363 4322 1632 4391 myrrham
1662 4322 1728 4375 ad

147 4414 395 4470 indicium
424 4420 481 4469 et
506 4413 822 4480 obsequium
850 4413 1158 4481 sepultura).
1191 4411 1325 4465 Item
1355 4427 1542 4466 aurum
1591 4413 1722 4482 regi,

1820 1910 1877 1955 et
1902 1902 2039 1956 ﬁlius
2059 1904 2199 1970 regis
2220 1904 2333 1974 ipse
2353 1914 2435 1959 est
2462 1906 2719 1960 Dominus
2740 1898 3014 1973 Christus;
3073 1919 3127 1963 et
3173 1911 3226 1963 in
3266 1927 3395 1963 con-

1820 1991 2061 2045 clusione
2089 1994 2278 2061 psalmi
2308 1994 2475 2048 dicit:
2532 1994 2827 2064 Replebitur
2865 1998 3033 2067 gloria
3082 2002 3191 2069 ejus
3234 2001 3401 2052 omnis

1823 2088 1959 2133 terra
1981 2097 1999 2133 :
2023 2082 2118 2149 ﬁat
2139 2082 2235 2149 ﬁat
2267 2082 2475 2152 (Ibid.).
2510 2082 2575 2136 Et
2609 2100 2707 2138 nos
2735 2084 2959 2139 dicimus
3002 2088 3402 2141 consentientes

1822 2178 2009 2224 sancto
2031 2171 2302 2239 propheta:
2328 2188 2447 2227 cum
2474 2173 2683 2227 Domini
2704 2189 2836 2229 voce
2861 2193 2872 2227 :
2899 2177 3075 2241 Amen,
3108 2195 3273 2243 nmen,
3300 2180 3403 2234 hoc

1822 2267 1905 2313 est
1930 2275 2056 2313 vere
2086 2259 2331 2316 ﬁdeliter.
2390 2262 2606 2317 lteratio
2636 2274 2815 2319 autem
2846 2269 3107 2321 sermonis
3139 2270 3235 2321 ista
3269 2286 3401 2324 eon-

1824 2350 2177 2404 lirniationem
2226 2352 2280 2405 in
2332 2367 2391 2405 se
2418 2354 2658 2407 continet
2702 2356 2965 2409 veritatis.
3027 2357 3134 2411 Deo
3180 2363 3401 2427 gratias.

1822 2439 1964 2508 Ergo
1992 2442 2381 2497 convincuntur
2403 2444 2680 2499 evidenter
2702 2444 2870 2500 Iuda-2i
2898 2465 2910 2499 :
2946 2449 3054 2503 Deo
3074 2450 3297 2517 juvante
3321 2455 3399 2509 sic

1822 2532 2063 2586 dicamus
2090 2541 2277 2587 contra
2304 2550 2419 2601 eos,
2450 2550 2559 2588 non
2580 2536 2756 2590 studio
2791 2538 3041 2600 nocendi,
3075 2547 3134 2592 ut
3163 2555 3257 2593 eos
3306 2542 3403 2597 de-

1822 2621 1996 2676 victos
2024 2623 2368 2690 perimamus,
2401 2624 2539 2678 absit
2582 2640 2612 2679 a
2662 2626 2844 2691 nobis;
2893 2628 3133 2695 Spiritale
3164 2631 3404 2697 praelium

1826 2725 1925 2779 pro
1970 2710 2249 2765 hominum
2296 2713 2469 2767 salute
2496 2714 2701 2779 geritur
2730 2733 2743 2767 :
2776 2730 2924 2774 arma
2954 2727 3136 2772 nostra
3162 2736 3268 2774 non
3299 2718 3406 2775 sint

1825 2802 2082 2865 carnalia,
2112 2802 2206 2857 sed
2252 2802 2407 2857 fortia
2438 2818 2468 2857 a
2499 2804 2628 2859 Deo.
2661 2805 2848 2875 itaque
2877 2808 3085 2863 salvare
3113 2822 3209 2864 eos
3256 2813 3406 2881 cupi-

1823 2904 1943 2943 mus
1982 2897 2038 2943 et
2065 2891 2164 2945 sub
2210 2892 2352 2958 regis
2381 2893 2547 2945 nostri
2575 2893 2885 2949 Christi.....
2917 2907 3251 2952 convertere.
3283 2899 3401 2953 Non

1824 2993 1953 3047 ergo
1974 2980 2121 3033 litem
2150 2994 2466 3048 qumramus,
2493 2985 2617 3051 quia
2639 2984 2919 3037 veritatem
2942 2986 3282 3053 inquirimus;
3307 2990 3407 3041 mi-

1824 3069 2042 3123 litamus
2092 3070 2193 3123 sub
2228 3084 2352 3137 rege
2379 3070 2621 3139 paciﬁco,
2654 3082 2709 3126 et
2736 3076 2884 3141 pacis
2907 3084 3079 3131 castra
3112 3086 3403 3134 sectamur.

765 3201 780 3213 .
857 3199 873 3212 .
951 3196 967 3211 .
1045 3196 1060 3211 .
1136 3196 1152 3211 .
1229 3196 1245 3211 .
1324 3197 1340 3213 .
1415 3198 1432 3213 .
1515 3195 1530 3211 .
1610 3197 1626 3212 .
1706 3155 2059 3227 .Cldeoque
2092 3174 2204 3225 eos,
2232 3168 2293 3213 ut
2320 3159 2447 3223 dixi,
2476 3162 2719 3215 volumus
2747 3163 2813 3217 de
2858 3169 3189 3234 tempestivis
3235 3169 3408 3223 ﬂucti-

1827 3248 1929 3303 bus
1950 3249 2147 3303 erroris
2162 3249 2226 3301 ad
2250 3259 2461 3318 portum
2488 3251 2676 3304 salutis
2693 3254 3002 3321 perducere,
3028 3266 3079 3308 ct
3104 3260 3407 3325 peratriutn

1828 3337 2069 3391 veritatis
2096 3337 2149 3390 in
2178 3338 2395 3391 domum
2442 3341 2673 3407 regalem
2707 3342 2911 3395 Domini
2955 3348 3121 3398 nostri
3169 3349 3408 3402 introdu-

1829 3442 1973 3491 cere,
2014 3435 2072 3481 ut
2123 3427 2251 3503 ﬁant
2277 3428 2344 3481 de
2374 3429 2606 3483 inimicis
2653 3431 2830 3493 amici,
2864 3440 2917 3485 et
2962 3434 3030 3485 de
3079 3435 3407 3493 anlichristis

1828 3516 2136 3571 Christiani.
2192 3517 2420 3573 Videant
2468 3535 2719 3588 pascuam
2751 3521 3073 3589 spiritalem;
3102 3522 3331 3589 Videant,
3362 3530 3406 3583 si

1828 3616 2128 3677 merentur,
2166 3608 2387 3662 eteleste
2432 3610 2765 3675 convivium;
2820 3612 3038 3664 videant
3082 3614 3405 3671 dominicam

1830 3713 2089 3763 mensam,
2146 3706 2203 3753 et
2242 3707 2460 3753 cantent
2487 3700 2761 3755 nobiscum
2788 3717 2908 3756 cum
2942 3703 3102 3756 David
3147 3708 3408 3774 propinata

1830 3787 2166 3842 sanctissimo
2194 3788 2433 3843 dicentes
2467 3808 2480 3842 :
2514 3789 2763 3844 Dominus
2805 3793 2974 3859 pascit
3024 3808 3126 3859 me,
3178 3806 3228 3848 et
3277 3797 3409 3849 nihil

1829 3878 1955 3930 mihi
2004 3878 2195 3943 deerit;
2241 3882 2297 3933 in
2346 3880 2455 3933 loco
2494 3898 2700 3950 pascua:
2745 3883 2813 3935 ibi
2838 3900 2915 3936 me
2936 3886 3203 3939 collocavit
3233 3888 3403 3956 (Psal.

1831 3969 1997 4035 nn);
2047 3977 2101 4023 et
2130 3969 2361 4023 iterum:
2415 3968 2583 4032 Quam
2612 3973 2859 4026 amabilia
2903 3984 3023 4027 sunt
3071 3977 3409 4031 tabernacula

1830 4066 1939 4121 tua,
1968 4057 2185 4111 Domine
2210 4060 2482 4112 virtutum!
2503 4063 2814 4129 concupiscit
2835 4072 2885 4115 et
2904 4063 3076 4132 deﬁcit
3096 4065 3272 4118 anima
3296 4084 3409 4121 mea

1827 4146 1883 4198 in
1910 4147 2046 4199 atria
2066 4146 2277 4199 Domini
2308 4146 2477 4215 (Psal.
2509 4150 2752 4217 LXXXIII).
2787 4148 2893 4205 Sed
2914 4151 3036 4205 huic
3073 4156 3407 4220 persuasio-ii

1828 4237 2160 4291 contendunt
2186 4238 2332 4306 impii
2352 4236 2544 4299 Judtei,
2575 4239 2883 4309 maluntque
2905 4244 3041 4295 mori
3062 4259 3224 4312 quam
3245 4246 3408 4311 vinci,

1827 4325 2068 4379 dicentes
2100 4344 2113 4379 :
2146 4325 2253 4379 Nos
2281 4342 2442 4379 unum
2472 4328 2699 4381 colimus
2752 4328 2940 4397 Deum,
2982 4331 3122 4385 sicut
3150 4334 3409 4402 scriptum

1828 4422 1913 4468 est
1939 4415 1994 4467 in
2022 4414 2171 4469 libris
2200 4414 2367 4485 Moysi
2396 4432 2409 4468 :
2444 4417 2461 4447 ί
2499 4414 2623 4470 Non
2664 4427 2813 4469 erunt
2845 4420 2934 4471 tibi
2963 4420 3036 4473 dii
3082 4422 3175 4474 alii
3222 4424 3412 4494 absque

148 4504 267 4559 thus
302 4502 597 4565 sacerdoti,
638 4502 910 4573 myrrham
954 4501 1219 4556 sacriﬁcio
1262 4519 1274 4553 :
1314 4502 1438 4571 quia
1486 4502 1728 4557 Christus
1756 4491 1804 4549 Ῑ)
1829 4520 1928 4568 me,
1952 4511 2001 4557 et
2023 4504 2297 4557 Dominum
2312 4503 2475 4557 Deum
2494 4513 2629 4556 tuum
2652 4505 2913 4559 adorabis.
2934 4516 2979 4559 et
2996 4508 3071 4560 illi
3085 4509 3181 4562 soli
3203 4491 3409 4575 servies;

147 4590 403 4649 Dominus
434 4601 490 4647 et
511 4608 607 4646 rex
636 4601 737 4658 est,
769 4600 823 4645 et
847 4592 1117 4656 sacerdos,
1148 4599 1203 4644 et
1226 4591 1561 4644 sacrilicium.
1594 4591 1729 4655 Quia

149 4696 241 4739 rex
268 4692 370 4749 est,
401 4686 520 4753 ipse
549 4684 624 4736 ait
656 4701 667 4734 τ
702 4681 813 4751 Ego
854 4691 1023 4734 autem
1054 4683 1357 4734 constitutus
1384 4697 1495 4733 sum
1537 4698 1629 4733 rex
1666 4680 1730 4732 ab

151 4789 205 4828 eo
238 4773 415 4844 (Psal.
449 4777 507 4840 ιι)
528 4790 541 4835 ;
564 4771 709 4841 quod
738 4772 990 4825 sacerdos
1023 4788 1035 4822 :
1069 4770 1162 4835 Tu,
1196 4771 1367 4838 inquit
1394 4770 1460 4823 ad
1488 4786 1610 4825 eum
1640 4770 1735 4824 Pa-

152 4871 249 4927 ter,
272 4880 325 4917 es
353 4863 603 4917 sacerdos
632 4863 686 4915 in
716 4869 963 4915 wternum
1009 4860 1287 4913 secundum
1334 4860 1566 4913 ordinem
1595 4859 1731 4913 Mel-

150 4954 413 5009 chisedech
466 4953 637 5024 (Psal.
688 4956 787 5021 is).
833 4952 1163 5007 Sacriﬁcium
1218 4953 1491 5021 apostolus
1535 4952 1733 5008 Paulus

151 5044 247 5107 ait,
281 5046 362 5113 qui
392 5043 623 5110 seipsum
667 5041 848 5095 obtulit
897 5040 1206 5094 oblationem
1261 5050 1309 5094 et
1358 5042 1578 5094 hostiam
1619 5041 1731 5096 Deo

150 5133 200 5182 in
246 5134 459 5187 odorem
530 5134 676 5185 bona:
728 5132 997 5183 suavitatis
1053 5131 1292 5199 (Ep/tes.
1347 5130 1443 5201 v).
1504 5130 1725 5196 Aurum,

155 5220 272 5275 thus
300 5231 354 5275 et
383 5220 679 5291 myrrham.
716 5220 919 5273 Aurum
960 5234 1055 5272 rex
1084 5220 1293 5287 qumrit,
1326 5219 1378 5272 id
1432 5228 1515 5273 est
1559 5220 1729 5274 electa

152 5307 351 5371 corda;
413 5309 541 5362 thus
600 5308 739 5361 Deus
815 5307 1090 5362 orationes
1145 5315 1321 5361 castas
1364 5315 1419 5361 et
1462 5307 1633 5361 bonas
1672 5308 1728 5362 in

155 5398 369 5454 odorem
400 5401 555 5456 bona:
584 5399 925 5467 fragrantite;
969 5399 1240 5468 myrrham
1286 5397 1352 5452 ad
1399 5399 1726 5468 sepulturam

154 5497 456 5545 sanctorum
505 5490 641 5558 ejus.
672 5487 814 5556 Ergo
854 5487 1088 5555 undique
1127 5488 1309 5556 populi
1355 5486 1423 5541 ad
1461 5487 1731 5543 Christum

1832 4602 1887 4647 et
1911 4611 1923 4645 :
1947 4594 2100 4657 Audi,
2126 4592 2315 4653 Israel,
2348 4592 2598 4646 Dominus
2622 4592 2762 4647 Deus
2801 4604 2934 4657 tuus,
2987 4595 3240 4649 Dominus
3278 4616 3411 4653 umts

1832 4695 1907 4739 est
1949 4684 2125 4753 (Deut.
2171 4686 2264 4750 η).
2307 4683 2421 4737 Hoc
2473 4694 2822 4753 prurceptum,
2874 4687 3127 4755 clamant,
3172 4692 3412 4759 patribus

1834 4775 1995 4844 746
2037 4774 2215 4826 datum
2246 4782 2345 4836 est,
2377 4774 2518 4841 quod
2548 4790 2647 4827 nos
2683 4790 2899 4828 servare
2954 4786 3167 4844 oportet
3195 4788 3249 4831 et
3276 4796 3411 4834 con-

1836 4865 1997 4918 venit.
2024 4862 2228 4928 Quibus
2249 4862 2472 4916 dicimus
2499 4881 2511 4914 :
2546 4863 2715 4917 Dicite
2744 4877 2872 4931 ergo
2894 4879 2989 4917 cur
3017 4873 3197 4933 patres
3223 4871 3410 4935 vestri,

1832 4954 2021 5015 relicto
2044 4952 2144 5005 isto
2166 4966 2271 5005 uno
2298 4951 2430 5014 Deo,
2458 4950 2524 5004 ad
2550 4951 2687 5004 idola
2719 4952 2965 5005 conversi
2986 4954 3149 5007 sunt?
3188 4953 3257 5007 Et
3278 4958 3413 5025 fece-

1834 5050 1954 5095 runt
1973 5039 2182 5093 vitulum
2205 5040 2259 5091 in
2284 5039 2480 5106 Boreb,
2513 5048 2563 5092 et
2590 5040 2933 5093 adoraverunt
2962 5044 3218 5111 sculptile,
3241 5053 3289 5096 et
3309 5046 3412 5099 im-

1834 5135 2154 5183 mutaverunt
2175 5127 2394 5197 gloriam
2422 5143 2566 5180 suam
2590 5130 2645 5180 in
2674 5129 3063 5183 similitudinem
3092 5132 3235 5184 vituli
3263 5150 3412 5187 man-

1834 5218 2070 5270 ducantis
2090 5218 2261 5288 fenum
2284 5217 2455 5297 (Psal.
2478 5218 2598 5286 cv);
2623 5226 2677 5272 et
2704 5218 3011 5273 serviebant
3040 5221 3243 5275 militia:
3264 5225 3411 5278 cmli?

1836 5299 2142 5376 Adjungunt
2168 5323 2182 5357 :
2213 5304 2292 5359 Illi
2322 5305 2583 5370 viderint;
2616 5322 2714 5360 nos
2734 5307 3021 5363 nescimus.
3050 5308 3252 5375 Quibus
3279 5309 3408 5366 dici-

1833 5412 1989 5451 mus:
2021 5395 2217 5450 Audite
2243 5408 2390 5463 ergo,
2423 5402 2478 5449 et
2504 5395 2690 5449 discite
2724 5414 2736 5448 :
2771 5394 2894 5451 ideo
2924 5396 3023 5452 ista
3052 5398 3349 5454 admonitio
3379 5416 3407 5456 a

1833 5486 1946 5542 Deo
1971 5485 2215 5551 dabatur,
2246 5490 2305 5539 ut
2324 5484 2389 5539 ad
2417 5499 2476 5540 se
2501 5493 2842 5540 converteret

222 5660 238 5696 ί
269 5664 443 5721 Locus
472 5663 609 5720 alter
636 5679 704 5719 ex
732 5663 854 5719 lsai.
884 5676 1003 5728 cap.
1027 5677 1149 5717 xuv
1180 5669 1231 5717 et
1259 5677 1363 5719 xcv
1388 5680 1399 5715 :
1429 5660 1540 5728 Ego
1578 5661 1841 5727 Dominus,
1875 5671 1923 5714 et
1952 5675 2053 5713 non
2079 5668 2153 5714 est
2183 5659 2403 5727 amplius
2429 5676 2445 5713 :
2468 5668 2616 5714 extra
2640 5677 2721 5714 me
2742 5678 2842 5715 non
2866 5672 2941 5716 est
2965 5662 3121 5717 Deus.
