3912 6226
476 360 580 416 805

1691 352 1750 411 S.
1790 346 2039 410 MAXIM
2073 350 2527 410 TAURINENSIS

3669 358 3779 412 ειη

476 514 495 531 .
588 513 602 528 .
693 511 708 526 .
801 509 813 526 .
900 508 917 528 .
994 507 1012 526 .
1087 502 1104 525 .
1182 505 1197 523 .
1276 507 1292 522 .
1375 507 1391 520 .
1469 507 1483 522 .
1562 508 1576 522 .
1658 507 1673 522 .
1752 509 1768 524 .
1845 507 1862 524 .
1941 506 1955 522 .
2036 469 2352 528 .Atamus.
2409 466 2634 522 Dicebat
2686 467 2877 523 beatus
2928 468 3142 540 Moyses
3200 468 3256 523 in
3305 468 3776 524 libroGeneseos

474 759 616 800 care.
647 743 772 798 inde
799 743 900 798 sibi
921 742 1073 797 lucos
1102 741 1212 813 (IV
1245 740 1377 812 Reg.
1401 738 1538 811 xxi),
1569 739 1694 794 inde
1715 739 1817 794 sibi
1862 737 2050 792 illicita

473 834 732 900 sacriﬁcia
763 847 1170 903 praesumpsere,
1203 831 1325 886 inde
1352 831 1482 885 deos
1509 830 1729 898 multos,
1770 829 1892 882 inde
1917 827 2051 881 falsa

474 925 724 990 tigmenta
746 930 801 976 et
829 921 1007 976 inania
1037 921 1198 975 idola.
1230 919 1436 974 Idcirco
1463 918 1651 974 volens
1679 932 1792 984 eos,
1824 924 1883 970 ut
1909 915 2051 970 dixi-

473 1026 612 1079 mus,
641 1010 895 1065 Dominus
914 1025 945 1063 a
975 1009 1138 1063 tantis
1167 1009 1440 1063 erroribus
1461 1007 1529 1062 ad
1557 1008 1757 1062 cultum
1796 1019 1906 1059 sure
1934 1018 2051 1056 ma-

474 1100 680 1168 iestatis
725 1105 1060 1164 convertere,
1091 1111 1247 1151 sacro
1293 1095 1602 1167 frequenter
1635 1095 1914 1150 intonahat
1934 1092 2050 1146 elo-

474 1191 618 1260 quio,
670 1189 892 1244 dicens:
923 1186 1048 1242 Non
1078 1196 1226 1240 erunt
1271 1187 1363 1239 tibi
1418 1187 1491 1239 dii
1535 1186 1625 1238 alii
1672 1184 1861 1253 absque
1880 1199 1977 1246 me,
2001 1187 2051 1233 et

473 1279 751 1334 Dominum
779 1278 944 1331 Deum
960 1287 1100 1330 tuum
1125 1276 1389 1340 adorabis,
1417 1286 1467 1329 et
1494 1275 1575 1328 illi
1592 1275 1691 1328 soli
1718 1273 1931 1334 servies;
1955 1277 2009 1323 et
2033 1286 2046 1322 :

473 1369 625 1434 Audi,
669 1367 858 1433 Israel,
903 1366 1160 1421 Dominus
1214 1364 1356 1418 Deus
1385 1374 1522 1430 tuus,
1554 1363 1802 1416 Dominus
1823 1376 1954 1412 unus
1976 1366 2052 1412 est

474 1460 648 1532 (Deut.
692 1457 790 1523 vr).
821 1456 975 1522 Nam,
1019 1464 1078 1511 ut
1127 1465 1278 1510 certo
1306 1455 1488 1510 sciatis
1506 1468 1626 1522 quae
1652 1453 1724 1508 sit
1742 1451 1874 1506 ﬁdes
1891 1448 2049 1504 Chri-

2157 553 2309 624 (Cap.
2340 557 2380 623 ι)
2399 555 2728 611 illuminatus
2750 556 2950 626 Spiritu
2979 566 3169 613 sancto
3203 575 3216 610 :
3252 556 3321 611 In
3341 558 3616 627 principio
3644 562 3776 629 fecit

2033 685 2050 700 .
2153 643 2295 698 Deus
2347 644 2528 698 caelum
2580 655 2629 698 et
2668 655 2874 700 terram.
2913 647 3147 702 Attende
3169 649 3357 701 statim
3386 647 3547 714 illud,
3572 649 3710 715 quia
3741 662 3771 698 a

2153 733 2417 803 principio
2469 735 2650 804 cmpit,
2683 744 2737 789 et
2763 737 3081 806 principium
3121 737 3446 803 nominavit,
3470 738 3632 805 quod
3662 754 3770 790 nos

2151 825 2499 894 intelligimus
2513 825 2785 882 Christum
2799 828 3114 896 principium
3139 827 3366 896 dictum,
3389 829 3446 882 in
3468 844 3587 897 quo
3614 829 3767 883 Deus

2153 911 2312 968 Pater
2339 915 2468 970 fecit
2493 917 2687 971 callum
2715 925 2769 971 et
2795 920 3023 984 terram;
3053 917 3295 973 unlestia
3325 919 3537 986 pariter
3571 927 3632 973 et
3655 929 3767 972 ter-

2149 1020 2279 1060 rena
2309 1008 2362 1060 in
2390 1006 2604 1063 Christo
2624 1006 2769 1073 fecit,
2799 1009 2852 1062 id
2879 1017 2962 1063 est
2988 1009 3043 1062 in
3072 1009 3241 1078 ipsius
3263 1011 3489 1074 virtute,
3521 1011 3629 1079 qui
3658 1010 3759 1079 ju-

2151 1095 2328 1150 bentis
2371 1096 2596 1166 imperio
2643 1096 3000 1161 ministrabat,
3060 1097 3116 1151 in
3145 1098 3260 1165 ipso
3303 1099 3454 1165 fecit,
3477 1097 3761 1166 quidquid

2148 1185 2357 1252 jussum
2402 1193 2486 1240 est
2512 1185 2851 1255 adimplevit;
2880 1187 3005 1254 quia
3032 1186 3100 1240 de
3127 1184 3285 1240 Patre
3319 1187 3592 1256 scriptum
3623 1195 3716 1242 est
3741 1205 3754 1239 :

2153 1272 2274 1343 Ipse
2303 1275 2457 1342 dixit,
2483 1283 2537 1328 et
2561 1277 2701 1345 facta
2719 1283 2866 1340 sunt;
2887 1276 2998 1344 ipse
3024 1275 3302 1339 mandavit,
3331 1286 3379 1328 et
3399 1286 3587 1328 creata
3629 1287 3758 1329 sust

2151 1365 2324 1418 omnia
2347 1363 2518 1434 (Psal.
2545 1363 2744 1434 nm);
2774 1377 2902 1433 ergo
2924 1365 2978 1417 in
2999 1364 3280 1434 principio,
3309 1363 3363 1417 id
3384 1371 3475 1418 est
3529 1405 3544 1416 .
3636 1405 3652 1415 .
3733 1404 3753 1419 .

2897 1454 3027 1510 fecit
3064 1453 3207 1510 Deus
3234 1455 3430 1510 caelum
3452 1465 3508 1510 et
3534 1465 3756 1510 terram

472 1551 662 1614 stiana,
687 1563 788 1602 nos
809 1548 980 1616 ipsum
1007 1561 1173 1600 unum
1199 1545 1484 1599 Dominum
1505 1542 1846 1606 invisibilem,
1868 1541 2049 1594 incor-
2154 1576 2168 1593 .
2258 1574 2273 1596 .
2367 1579 2381 1594 .

473 1636 789 1705 porabilem,
818 1634 1199 1701 immortalem,
1224 1634 1341 1688 sine
1367 1633 1573 1702 origine
1601 1639 1656 1688 et
1683 1632 1798 1687 sine
1818 1629 2053 1685 finecrc-
2155 1671 2168 1685 .
2263 1674 2275 1687 .
2368 1671 2382 1685 .
2467 1673 2482 1686 .
2574 1672 2588 1686 .
2669 1672 2684 1687 .
2764 1673 2779 1687 .
2859 1671 2874 1688 .
2954 1673 2970 1688 .
3046 1672 3061 1687 .
3141 1672 3154 1686 .
3236 1670 3250 1687 .
3330 1671 3344 1686 .
3424 1674 3440 1688 .
3523 1674 3536 1687 .
3627 1675 3641 1687 .
3731 1676 3748 1688 .

474 1725 670 1794 dimus,
695 1726 922 1781 colimus
965 1730 1024 1779 et
1072 1738 1398 1779 veneramur

2151 1723 2353 1777 creavit
2405 1739 2491 1778 me
2536 1724 2790 1794 principio
2833 1726 3032 1778 viarum
3084 1739 3296 1776 suarum
3344 1724 3398 1776 in
3426 1741 3590 1794 opera
3625 1741 3748 1776 sua.

473 1854 492 1870 .
569 1855 594 1874 .
677 1851 695 1871 .
783 1850 800 1870 .
885 1853 902 1870 .
992 1848 1009 1868 .
1085 1851 1102 1868 .
1179 1853 1195 1867 .
1277 1852 1292 1868 .
1370 1850 1385 1868 .
1463 1853 1478 1868 .
1557 1853 1572 1868 .
1653 1844 1668 1867 .
1746 1849 1762 1864 .
1840 1850 1856 1864 .
1935 1845 1950 1864 .
2031 1811 3192 1882 .BAntesteculafundavitme,etitemm
3235 1828 3302 1866 ex
3351 1828 3592 1880 persona
3652 1827 3738 1866 sa-

2031 1939 2044 1954 .
2151 1901 2364 1970 pientite
2391 1902 2505 1970 ipse
2525 1899 2770 1955 Christus
2797 1901 2865 1956 de
2885 1917 2945 1954 se
2963 1900 3093 1955 dicit
3112 1917 3208 1971 per
3228 1903 3548 1970 prophetam
3579 1921 3594 1954 :
3627 1901 3748 1973 Ego

2030 2029 2044 2044 .
2149 2004 2212 2041 ea:
2240 2005 2328 2042 ore
2350 1989 2603 2042 Altissimi
2628 1990 2829 2058 prodivi
2847 1990 3188 2060 primogenita
3217 1999 3338 2043 ante
3365 2007 3571 2044 onmem
3601 2008 3749 2044 crea-

1926 2118 1943 2134 .
2027 2112 2043 2135 ι
2112 2145 2125 2156 ⁶
2149 2085 2318 2131 turam
2342 2076 2528 2148 (Eccli.
2561 2079 2731 2146 xxxv).
2764 2076 2903 2144 Ergo
2943 2079 2995 2132 in
3047 2079 3149 2132 isto
3176 2079 3310 2132 Filio
3341 2088 3394 2132 et
3419 2095 3521 2148 per
3548 2082 3744 2142 istum,

472 2172 785 2228 mereaniini
860 2205 878 2226 .
952 2210 968 2225 .
1049 2209 1062 2223 .
1143 2209 1156 2222 .
1241 2207 1256 2224 .
1331 2172 1568 2226 studium
1596 2172 1824 2238 gerimus
1851 2169 2047 2240 praedi-

471 2262 657 2316 candae
679 2260 949 2326 veritatis;
981 2260 1206 2329 ideoque
1231 2269 1355 2329 post
1378 2275 1496 2329 qua:
1517 2260 1748 2316 diximus
1768 2262 1945 2316 adhuc
1966 2261 2048 2314 di-

472 2351 594 2405 vina
639 2351 896 2404 sumimus
945 2349 1279 2415 testimonia;
1335 2358 1394 2404 ut
1445 2351 1732 2420 probemus
1777 2351 2047 2405 Christum

471 2437 639 2492 Deum
661 2447 714 2492 et
736 2439 829 2492 Dei
859 2438 1050 2492 Filium
1075 2453 1216 2505 esse,-
1247 2439 1387 2493 sicut
1408 2439 1519 2507 jam
1558 2441 1612 2493 in
1641 2440 1924 2508 aliquantis
1953 2454 2050 2493 ex-

471 2529 768 2598 posuimus.
811 2528 948 2580 Dicit
985 2527 1126 2582 Deus
1165 2528 1508 2596 omnipotens
1527 2526 1686 2582 Pater
1713 2527 1782 2581 ad
1810 2527 2048 2598 Moysem

473 2620 526 2672 in
556 2618 973 2672 Deuteronomio
1005 2616 1154 2687 (Cap.
1188 2617 1336 2688 avni)
1367 2617 1433 2670 de
1461 2616 1677 2671 Christo
1722 2617 1858 2670 Filio
1902 2632 2001 2670 suo
2031 2634 2044 2668 :

471 2705 786 2775 Prophetom
812 2705 1067 2758 suscitabo
1095 2705 1200 2758 illis
1230 2705 1292 2757 de
1311 2706 1557 2774 [ratribus
1587 2722 1759 2760 eorum
1786 2707 1918 2760 sicut
1969 2715 2048 2770 te;

470 2806 520 2850 st
539 2795 670 2849 dabo
698 2795 907 2850 uerbum
935 2797 1048 2866 ejus
1066 2797 1122 2849 in
1143 2813 1198 2850 os
1218 2795 1350 2865 ejus,
1381 2806 1430 2849 et
1451 2799 1683 2868 loquetur
1709 2797 1779 2850 ad
1797 2813 1882 2851 eos
1909 2813 2048 2868 quee-

469 2903 667 2956 cunque
684 2887 864 2940 dixero
891 2886 990 2940 illi.
1027 2885 1097 2939 Et
1123 2888 1168 2940 si
1197 2888 1308 2956 quis
1339 2903 1442 2940 non
1481 2886 1700 2940 audierit
1747 2887 2048 2956 prOphetam

2148 2165 2288 2218 sicut
2309 2165 2503 2233 saepius
2527 2164 2726 2218 dictum
2758 2175 2858 2228 est,
2889 2164 3027 2218 Deus
3057 2163 3217 2218 Pater
3245 2167 3596 2234 omnipotens
3620 2183 3747 2220 om-

2147 2254 2235 2306 nia
2283 2253 2431 2318 l'ecit,
2460 2255 2596 2308 sicut
2639 2246 2834 2308 iterum
2872 2254 2925 2307 in
2955 2253 3161 2322 psalmo
3189 2254 3399 2309 dicebat
3432 2274 3446 2307 :
3479 2255 3543 2308 In
3567 2260 3748 2325 capite

2149 2345 2270 2399 libri
2318 2347 2564 2414 scriptum
2615 2355 2690 2399 est
2747 2345 2810 2399 de
2855 2363 2934 2400 me
2965 2345 3136 2415 (Psal.
3171 2347 3378 2416 xxxix).
3420 2347 3550 2413 Sed,
3609 2350 3746 2404 dicit

2147 2424 2385 2500 Judmus,’
2427 2436 2541 2505 ipse
2588 2436 2679 2505 qui
2719 2435 2872 2504 dixit,
2904 2436 3018 2504 ipse
3064 2445 3119 2489 et
3146 2435 3291 2489 fecit.
3323 2436 3421 2490 Cui
3448 2438 3694 2493 dicimus
3727 2458 3740 2489 :

2148 2521 2214 2576 Et
2238 2523 2367 2591 quid
2388 2539 2605 2578 necesse
2633 2532 2750 2577 erat
2773 2531 2832 2577 ut
2855 2522 3098 2578 diceret?
3126 2525 3170 2578 si
3200 2540 3306 2578 non
3334 2535 3451 2578 erat
3481 2527 3625 2580 alius
3647 2527 3744 2595 qui

2149 2612 2362 2666 audiret
2398 2621 2454 2666 et
2498 2608 2715 2677 faceret,
2774 2613 3015 2681 nunquid
3069 2612 3168 2666 sibi
3201 2613 3433 2678 dicebat,
3472 2614 3609 2668 ﬁat?
3632 2615 3745 2670 Sed

2151 2703 2344 2758 iterum
2371 2704 2499 2758 dicit
2523 2702 2736 2759 Iudaeus
2759 2722 2773 2757 :
2822 2703 2888 2758 ad
2916 2705 3136 2773 angelos
3160 2705 3321 2772 dixit;
3352 2706 3547 2776 quibus
3598 2707 3744 2760 dici~

2147 2808 2269 2846 mus
2294 2810 2306 2845 :
2338 2791 2445 2848 Sed
2494 2809 2602 2848 non

2148 2882 2394 2938 fecerunt
2419 2884 2618 2954 angeli,
2647 2884 2945 2952 sedbabet,
2976 2896 3026 2940 et
3067 2887 3186 2958 fecit
3214 2885 3352 2940 Deus
3425 2921 3444 2941 .
3524 2926 3539 2940 .
3625 2927 3643 2941 .
3728 2925 3743 2940 .

2678 2833 2694 2849 0
2769 2835 2784 2848 ο
2864 2835 2879 2848 0
2956 2834 2972 2849 0
3047 2833 3062 2848 0
3147 2835 3161 2849 ι
3239 2835 3254 2850 0
3331 2834 3348 2850 0
3425 2835 3441 2849 0
3521 2833 3538 2850 0
3623 2835 3644 2852 ο
3727 2831 3746 2852 4

469 2976 636 3040 illum,
668 2992 762 3044 ego
790 2973 1078 3028 vindicabo.
1105 2975 1122 3006 ⁸
1153 2973 1221 3027 Et
1248 2975 1438 3029 iterum
1469 2976 1521 3028 in
1563 2974 1870 3043 Regnorum
1917 2974 2049 3040 legi-
2153 3013 2168 3027 .
2245 3011 2260 3027 .
2340 3011 2355 3027 .
2433 3003 2448 3028 ι
2523 3009 2540 3026 .
2618 3011 2634 3028 .
2710 3013 2725 3028 .
2805 3013 2820 3030 .
2893 2973 3141 3041 Indicus;
3183 2984 3239 3030 et
3276 2975 3446 3030 dicit:
3487 2976 3747 3042 Quomo—

469 3081 623 3122 mus:
656 3065 930 3121 Suscitabo
958 3065 1083 3118 mihi
1112 3065 1425 3118 sacerdotem
1451 3065 1673 3135 ﬁdelem,
1698 3066 1856 3134 quiin
1875 3066 2049 3118 omnia
2149 3061 2220 3117 do
2313 3100 2328 3116 .
2418 3100 2432 3115 .
2512 3101 2526 3117 .
2604 3100 2619 3115 .
2695 3099 2712 3117 .
2789 3100 2804 3117 .
2885 3103 2900 3118 .
2977 3103 2991 3118 .
3074 3105 3090 3120 .
3166 3067 3330 3120 lilium
3345 3067 3546 3120 habere
3562 3067 3749 3122 Deum

468 3171 582 3228 quc
608 3164 728 3208 sunt
754 3153 983 3208 incorde
1003 3169 1115 3208 meo
1137 3155 1292 3224 faciet
1316 3153 1369 3225 (l
1404 3153 1531 3225 Reg.
1563 3156 1656 3224 u);
1688 3161 1743 3208 et
1787 3155 1839 3207 in
1866 3153 2046 3208 Ενδιιιι
2072 3161 2116 3221 C
2153 3194 2167 3208 .
2228 3191 2243 3208 .
2319 3192 2334 3207 .
2409 3191 2429 3208 .
2508 3193 2524 3208 .
2601 3192 2617 3208 .
2695 3195 2711 3209 .
2790 3195 2805 3210 .
2877 3154 3092 3211 Judmus
3117 3158 3416 3225 invisibilis,
3438 3166 3493 3213 et
3519 3159 3571 3212 in
3609 3174 3749 3214 θοι-ς

468 3245 609 3313 gelio
631 3244 742 3311 ipse
753 3241 914 3296 Pater
925 3241 1060 3296 dicit
1079 3261 1090 3294 :
1111 3241 1161 3294 Η
1167 3243 1214 3295 ic
1231 3251 1310 3296 est
1320 3241 1490 3296 Filius
1513 3259 1652 3296 meus
1668 3243 2048 3308 dilectissimus,

469 3334 522 3387 in
535 3349 634 3403 quo
649 3331 775 3384 bene
794 3332 1110 3401 complacui;
1127 3333 1294 3403 ipsum
1308 3332 1482 3385 audite
1504 3333 1717 3401 (Matth.
1737 3333 1865 3402 xvn)
1941 3372 1957 3388 .
2032 3370 2047 3388 .

477 3423 2052 3490 .'.............to,ait;et

470 3602 620 3657 illum

470 3690 1010 3759 dicitipsumaudite
1085 3731 1101 3745 .
1181 3731 1197 3746 .
1273 3731 1288 3747 .
1367 3732 1382 3748 .
1462 3733 1477 3748 .
1554 3725 1573 3751 ο
1651 3733 1666 3748 .
1745 3732 1761 3749 .
1839 3735 1853 3748 .
1931 3734 1946 3748 .
2029 3735 2042 3748 .

468 3781 536 3836 lis
561 3781 660 3834 sibi
702 3795 899 3846 sermo,
936 3789 990 3834 et
1017 3782 1341 3837 conveniens
1369 3783 1497 3852 ipsis
1525 3784 1618 3848 sit,
1647 3784 1767 3854 ipse
1789 3785 2048 3855 probatur

468 3885 608 3934 esse,
638 3879 693 3924 et
723 3887 804 3939 prt
829 3870 1003 3937 pheta,
1053 3871 1145 3939 qui
1185 3880 1267 3926 est
1292 3873 1536 3927 Christus
1576 3873 1836 3928 Dominus
1887 3877 2046 3945 747

468 3957 636 4013 Filius
665 3959 777 4022 Dei,
811 3959 1077 4027 Propheta
1103 3959 1298 4013 dicitur
1325 3961 1526 4026 Patris;
1569 3963 1663 4018 sed
1685 3972 1767 4018 est
1794 3963 2048 4019 Dominus

696 3639 711 3654 ο
789 3638 805 3653 0
882 3637 898 3652 0
992 3639 1009 3653 0
1089 3639 1106 3653 0
1181 3638 1198 3654 0
1275 3631 1291 3654 4
1371 3639 1388 3655 0
1466 3639 1482 3656 0
1562 3640 1579 3656 0
1653 3640 1669 3658 0
1747 3641 1764 3657 0
1842 3643 1858 3657 ο
1935 3642 1951 3657 0
2032 3643 2046 3658 ο

468 4048 853 4118 prophetarum
909 4048 1116 4112 Patris;
1159 4051 1352 4104 merito
1381 4049 1672 4120 Propheta,
1715 4063 1774 4107 ut
1816 4058 2050 4110 auctoris

467 4136 549 4192 sui
574 4137 912 4205 prtedicator,
935 4138 1139 4191 ctctcris
1160 4148 1338 4192 autem
1367 4141 1594 4208 gratiam
1614 4144 1911 4210 prophetiae
1935 4145 2048 4213 ipse

468 4225 835 4280 contribuens.
868 4227 999 4278 Nam
1026 4227 1166 4282 sicut
1194 4226 1464 4297 Propheta
1493 4238 1548 4285 et
1575 4232 1806 4300 Angelus
1826 4245 2048 4289 vocatur

467 4331 500 4371 a
529 4315 706 4380 Patre,
735 4317 807 4369 ita
836 4317 1094 4385 scriptum
1122 4326 1205 4372 est
1229 4337 1241 4372 :
1276 4319 1413 4375 Ecce
1437 4324 1583 4376 mitto
1612 4324 1860 4395 Angelum
1881 4343 2047 4381 meum

467 4415 589 4460 ante
614 4407 803 4477 {aciem
847 4415 1012 4473 tuam,
1034 4408 1120 4476 qui
1151 4409 1464 4477 prteparabit
1492 4413 1624 4464 viam
1646 4422 1806 4475 tuam,
1837 4414 2048 4470 observa

2154 3244 3745 3311 .........quibusiterum.....

2150 3331 2536 3400 respondemus
2579 3333 2717 3387 sicut
2760 3331 3049 3386 Dominus:
3107 3332 3299 3388 Nonne
3340 3336 3531 3389 dictum
3567 3346 3656 3390 est
3689 3341 3747 3392 in

2151 3422 2258 3491 lege
2278 3429 2466 3488 vestra,
2489 3423 2608 3493 quia
2630 3438 2648 3475 :
2669 3420 2782 3492 Ego
2810 3423 2923 3474 dixi
2943 3439 2960 3474 :
2991 3422 3080 3476 Dii
3100 3425 3242 3487 estis,
3267 3432 3316 3476 et
3337 3425 3499 3494 748
3518 3427 3624 3494 ﬁlii
3654 3429 3744 3482 ΑΙ-

2151 3514 2331 3566 tissimi
2358 3514 2628 3567 carissimi.
2662 3514 2725 3568 Si
2743 3514 2861 3567 illos
2899 3514 3031 3568 dixit
3073 3516 3194 3568 deos
3218 3523 3268 3568 et
3295 3517 3434 3584 ﬁlios
3451 3518 3741 3584 Altissiuu’,

2149 3603 2218 3656 ad
2237 3619 2362 3672 quos
2387 3620 2554 3657 sermo
2579 3604 2676 3657 Dei
2699 3606 2864 3675 [actus
2890 3615 2985 3668 est,
3011 3615 3060 3658 et
3087 3623 3190 3659 non
3216 3615 3384 3674 potest
3411 3607 3539 3661 solvi
3587 3608 3743 3663 Scri-

2150 3701 2332 3763 ptura,-
2364 3696 2385 3725 ¹
2413 3692 2570 3761 Hilti,
2591 3696 2668 3748 ait
2707 3695 2979 3761 Dominus,
3008 3698 3311 3758 irascimini,
3343 3700 3464 3768 quia
3493 3699 3606 3751 diri
3641 3699 3740 3751 Fi-

2149 3785 2248 3837 lius
2296 3783 2396 3837 Dei
2424 3787 2573 3839 sum?
2594 3785 2657 3840 Si
2703 3803 2806 3840 non
2831 3789 2968 3858 facio
2997 3803 3154 3858 opera
3206 3787 3382 3840 Patris
3409 3791 3528 3851 mei,
3571 3792 3739 3844 nolite

2149 3873 2355 3926 credere
2381 3874 2540 3938 mihi;
2565 3876 2608 3927 si
2629 3883 2798 3927 autem
2820 3877 2974 3946 facio,
2997 3878 3093 3929 etsi
3112 3876 3236 3929 mihi
3286 3893 3388 3930 non
3429 3879 3580 3930 vultis
3623 3895 3738 3932 cre-

2151 3963 2288 4026 dere,
2329 3965 2566 4032 operibus
2617 3965 2807 4018 credite
2864 3963 3042 4034 (loan.
3076 3966 3153 4032 ι).
3213 3965 3416 4021 Deinde
3451 3967 3734 4023 dicimus:

2149 4052 2287 4118 Quid
2317 4054 2527 4108 videtur
2544 4053 2742 4108 dictum
2765 4052 2962 4109 Judrcis
3007 4056 3155 4122 illud,
3185 4057 3330 4125 quod
3359 4059 3435 4112 ait
3461 4058 3636 4113 David
3665 4075 3737 4118 ει

2146 4135 2378 4211 persona
2425 4144 2541 4198 sine
2581 4142 2743 4197 dubio
2788 4143 2986 4199 Christi
3011 4163 3024 4198 :
3057 4144 3311 4200 Dominus
3341 4147 3475 4200 dixit
3501 4149 3572 4201 ad
3598 4166 3688 4203 me
3715 4166 3737 4204 :

2148 4230 2320 4286 Filius
2357 4248 2496 4286 meus
2544 4245 2598 4288 es
2639 4242 2727 4299 tu;
2755 4246 2848 4306 ego
2876 4227 3029 4289 hodie
3052 4238 3205 4306 genui
3225 4239 3316 4290 te!
3354 4237 3419 4291 Et
3439 4240 3634 4292 iterum
3667 4256 3735 4296 ex

2147 4338 2380 4392 persona
2406 4324 2577 4378 Patris
2600 4324 2732 4378 dicit
2775 4325 2888 4395 ipse
2934 4326 3194 4396 propheta
3222 4328 3589 4383 sanctissimus
3628 4328 3735 4382 Da-

2148 4413 2238 4467 vid
2263 4414 2330 4467 ad
2359 4413 2548 4468 Filium
2574 4432 2588 4466 :
2621 4412 2803 4468 Tecum
2823 4417 3130 4486 principium
3150 4419 3204 4469 in
3231 4417 3314 4469 die
3336 4419 3537 4472 virtutis
3558 4429 3663 4473 tua
3677 4423 3732 4472 in

466 4511 603 4560 eum,
624 4503 672 4547 et
692 4493 881 4548 obaudi
900 4495 970 4559 ei,
1001 4505 1133 4549 etne
1162 4498 1322 4566 fueris
1339 4499 1645 4556 .inobediens
1663 4503 1712 4554 ei
1735 4519 1752 4554 :
1779 4519 1880 4556 non
1908 4506 2046 4558 enim
2071 4496 2123 4558 D
2147 4500 2505 4572 splendoribus
2533 4511 2848 4570 sanctorum,
2877 4519 2943 4556 ea:
2968 4513 3110 4557 utero
3137 4513 3259 4557 ante
3277 4504 3551 4576 luciferum
3579 4511 3734 4577 genui

467 4583 625 4635 deerit
650 4581 768 4646 tibi;
790 4599 975 4640 nomen
1003 4585 1142 4636 enim
1165 4600 1334 4637 meum
1357 4596 1433 4639 est
1452 4588 1505 4640 in
1533 4589 1623 4641 illo
1650 4588 1842 4658 (Exod.
1868 4593 2039 4659 xxm);

467 4672 609 4726 unde
637 4681 690 4726 et
730 4674 844 4741 ipse
896 4672 1154 4727 Dominus
1195 4673 1440 4730 Christus
1487 4677 1697 4732 dicebat
1750 4679 1803 4732 in
1855 4691 2043 4738 sancto

466 4762 792 4832 Evangelia:
840 4762 953 4833 Ego
1001 4765 1116 4817 veni
1163 4767 1217 4818 in
1245 4769 1452 4820 nomine
1479 4767 1654 4822 Patris
1681 4773 1798 4836 mei,
1851 4782 1902 4826 et
1940 4789 2042 4828 non

465 4854 758 4922 suscepistis
797 4868 909 4917 me;
951 4869 1067 4905 cum
1107 4854 1240 4906 alius
1265 4858 1454 4909 venerit
1472 4857 1527 4909 in
1546 4861 1751 4914 nomine
1769 4877 1880 4924 suo,
1897 4862 2042 4915 illum

464 4941 727 5010 accipietis
757 4940 936 5011 (Joan.
965 4943 1053 5012 v);
1077 4950 1133 4996 et
1156 4942 1326 4996 David
1360 4945 1569 5000 dicebat
1594 4965 1605 4998 :
1639 4947 1935 5003 Benedictus
1957 4952 2042 5020 qui

464 5034 601 5089 venit
619 5035 673 5087 in
694 5034 901 5088 nomine
921 5033 1130 5089 Domini
1160 5035 1333 5106 (Psal.
1366 5039 1544 5107 cam).
1571 5039 1678 5094 Sed
1704 5041 1900 5095 dicitur
1939 5083 1953 5095 .
2022 5082 2036 5095 .
2151 5081 2166 5098 .
2209 5085 2222 5097 .
2302 5084 2316 5097 .
2399 5085 2413 5099 .

466 5221 524 5270 et
548 5225 861 5270 cancrorum
890 5217 1272 5286 prophetarum
1300 5219 1525 5285 litteras,
1567 5230 1620 5276 et
1650 5224 1770 5278 inde
1799 5227 2038 5282 veritatis

466 5305 702 5373 regulam
731 5309 1118 5376 perquiramus,
1149 5319 1204 5364 et
1231 5326 1347 5383 quae
1369 5313 1479 5380 jam
1511 5316 1826 5384 protulimus
1879 5335 2035 5389 repe-

543 5460 559 5490 ¹
582 5459 805 5527 Vulgata
834 5462 964 5529 legit
995 5481 1007 5516 :
1046 5463 1357 5530 Prophetam
1381 5468 1634 5522 suscitabo
1663 5471 1734 5522 eis
1764 5472 1829 5522 de
1871 5474 2037 5526 medio

467 5528 688 5604 fratrum
718 5528 924 5604 suorum
951 5528 1166 5604 similent
1199 5538 1268 5587 tui
1293 5553 1310 5588 :
1348 5550 1394 5589 et
1418 5555 1606 5604 ponam
1647 5539 1796 5591 verba
1835 5557 1946 5593 mea
1981 5545 2034 5594 in

464 5612 555 5676 ore
573 5599 703 5669 ejus,
720 5601 1130 5676 loquetut'quead
1158 5620 1242 5656 eos
1263 5599 1433 5657 omnia
1455 5623 1566 5675 quae
1587 5623 1874 5676 praecepero
1896 5611 2034 5664 illis:

461 5668 553 5737 qui
599 5668 792 5722 autem'
812 5668 970 5724 verba
1003 5673 1132 5735 ejus,
1180 5688 1296 5740 qua
1324 5668 1552 5745 loquetur
1581 5668 1634 5729 in
1665 5668 1872 5731 nomine
1903 5693 2036 5741 meo;

2149 4601 2199 4645 te
2221 4591 2394 4660 (Psal.
2427 4591 2559 4658 cxx).
2595 4588 2766 4658 Quem
2795 4594 2977 4660 genuit

2149 4682 2298 4748 dicit,
2329 4695 2456 4749 ergo
2485 4681 2721 4744 creditis,
2755 4683 2878 4750 quia

2149 4772 2556 4840 respondemus,
2599 4772 2678 4827 sic
2707 4768 2976 4842 Propheta
3049 4811 3065 4827 .
3144 4811 3159 4826 .
3238 4813 3252 4826 .
3333 4813 3348 4828 .
3427 4814 3443 4828 .
3524 4815 3542 4831 .
3618 4816 3634 4830 .
3717 4819 3730 4832 .

3053 4632 3067 4646 0
3143 4623 3160 4646 4
3237 4632 3253 4648 0
3332 4633 3348 4647 0
3428 4634 3444 4648 0
3525 4635 3541 4650 0
3616 4635 3632 4648 0
3716 4635 3731 4650 0

2956 4722 2970 4735 0
3051 4722 3067 4736 0
3145 4723 3160 4737 0
3236 4722 3252 4736 0
3330 4717 3346 4738 4
3428 4723 3444 4737 0
3524 4723 3538 4738 0
3618 4724 3634 4740 0
3717 4727 3733 4740 0

2149 4869 2203 4917 et
2241 4877 2337 4915 nos
2365 4862 2439 4915 ita
2481 4861 2747 4918 credimus
2795 4863 2980 4931 genuit

2149 4953 2243 5008 sed
2272 4963 2330 5006 ut

2388 4992 2402 5006 0
2482 4993 2497 5006 0
2578 4993 2592 5006 0
2667 4990 2684 5006 0
2763 4994 2778 5008 0
2858 4991 2873 5007 0
2953 4992 2968 5007 0
3041 4992 3058 5006 0
3141 4984 3158 5006 4
3235 4993 3251 5008 0
3333 4993 3348 5007 0
3429 4994 3442 5006 ο
3523 4995 3536 5006 0
3618 4995 3630 5008 0
3717 4998 3731 5010 ο

2147 5138 2340 5193 divinae
2361 5152 2484 5205 gen.
2563 5176 2578 5191 .
2657 5176 2671 5191 .
2749 5175 2764 5189 .
2843 5174 2859 5190 .
2936 5175 2950 5189 .
3030 5173 3044 5188 .
3125 5174 3140 5187 .
3223 5173 3235 5187 .
3313 5141 3373 5188 ut
3399 5134 3514 5190 Deo
3562 5150 3726 5204 gene-

2144 5244 2284 5294 rare,
2309 5230 2492 5297 genuit
2512 5228 2768 5283 Dominus
2795 5227 3097 5292 Dominum,
3127 5227 3221 5280 lux
3245 5226 3439 5288 lucem,
3473 5228 3734 5295 splendor

2143 5320 2502 5392 splendorem,
2522 5325 2714 5389 potens
2734 5326 3025 5388 potentem,
3045 5331 3138 5372 rex
3159 5328 3361 5385 regem,
3388 5332 3525 5372 unus
3541 5332 3731 5386 unum,

2146 5471 2325 5526 audire
2346 5472 2584 5536 noluerit,
2608 5488 2703 5540 ego
2729 5473 2867 5524 ultor
2885 5474 3123 5525 existam.

2215 5545 2233 5572 ¹
2264 5543 2336 5593 Ita
2368 5542 2708 5610 prosequitur
2729 5549 2907 5594 textus
2932 5540 2988 5595 S.
3011 5541 3167 5594 Joan.
3195 5559 3208 5594 :
3241 5540 3404 5606 Quem
3426 5543 3590 5596 Pater
3610 5560 3727 5598 san-

2143 5613 2402 5685 ctiﬁcavit,
2433 5622 2486 5685 et
2504 5611 3014 5685 misit‘in_rnundt_tm,
3045 5627 3130 5663 t-os
3159 5613 3378 5685 -dicitis,
3419 5614 3544 5685 quia
3588 5611 3725 5668 blas-

2142 5678 2373 5748 phemas.
2398 5683 2525 5747 quia
2553 5681 2681 5739 dixi.
2707 5679 2754 5731 F
2757 5678 2876 5734 ilius
2898 5678 2998 5734 Dei
3024 5680 3180 5734 sum!
