  <div class='ocr_page' id='page_1' title='image "/cluster/home/n/w/nwhite01/storage/ocr_20150623/57/uva.x000827099/406.png"; bbox 0 0 3912 6226; ppageno 0'>
   <div class='ocr_carea' id='block_1_1' title="bbox 122 361 247 417">
    <p class='ocr_par' dir='ltr' id='par_1_1' title="bbox 122 361 247 417">
     <span class='ocr_line' id='line_1_1' title="bbox 122 361 247 417; baseline 0.024 -3"><span class='ocrx_word' id='word_1_1' title='bbox 122 361 247 417; x_wconf 81' lang='lat'><strong>805</strong></span> 
     </span>
    </p>
   </div>
   <div class='ocr_carea' id='block_1_2' title="bbox 1174 368 2333 445">
    <p class='ocr_par' dir='ltr' id='par_1_2' title="bbox 1174 368 2333 445">
     <span class='ocr_line' id='line_1_2' title="bbox 1174 368 2333 445; baseline 0.016 -20"><span class='ocrx_word' id='word_1_2' title='bbox 1174 368 1583 431; x_wconf 82' lang='lat' dir='ltr'><strong>TRACTATUS</strong></span> <span class='ocrx_word' id='word_1_3' title='bbox 1619 375 1682 430; x_wconf 83' lang='lat' dir='ltr'><strong>V.</strong></span> <span class='ocrx_word' id='word_1_4' title='bbox 1723 373 1996 436; x_wconf 78' lang='lat' dir='ltr'><strong>CONTRA</strong></span> <span class='ocrx_word' id='word_1_5' title='bbox 2032 384 2333 445; x_wconf 60' lang='lat' dir='ltr'><strong>JUDxEOS.</strong></span> 
     </span>
    </p>
   </div>
   <div class='ocr_carea' id='block_1_3' title="bbox 3295 399 3400 454">
    <p class='ocr_par' dir='ltr' id='par_1_3' title="bbox 3295 399 3400 454">
     <span class='ocr_line' id='line_1_3' title="bbox 3295 399 3400 454; baseline 0 -2"><span class='ocrx_word' id='word_1_6' title='bbox 3295 399 3400 454; x_wconf 84' lang='lat'><strong>806</strong></span> 
     </span>
    </p>
   </div>
   <div class='ocr_carea' id='block_1_4' title="bbox 117 472 3398 581">
    <p class='ocr_par' dir='ltr' id='par_1_4' title="bbox 117 472 3398 581">
     <span class='ocr_line' id='line_1_4' title="bbox 117 472 3398 581; baseline 0.012 -56"><span class='ocrx_word' id='word_1_7' title='bbox 117 472 290 527; x_wconf 87' lang='lat' dir='ltr'><strong>solus</strong></span> <span class='ocrx_word' id='word_1_8' title='bbox 317 472 512 542; x_wconf 89' lang='lat' dir='ltr'><strong>solum,</strong></span> <span class='ocrx_word' id='word_1_9' title='bbox 533 483 766 531; x_wconf 67' lang='lat' dir='ltr'><strong>aeternus</strong></span> <span class='ocrx_word' id='word_1_10' title='bbox 786 483 1061 542; x_wconf 64' lang='lat' dir='ltr'><strong>aeternum,</strong></span> <span class='ocrx_word' id='word_1_11' title='bbox 1086 479 1254 534; x_wconf 87' lang='lat' dir='ltr'><strong>virtus</strong></span> <span class='ocrx_word' id='word_1_12' title='bbox 1274 472 1550 552; x_wconf 77' lang='lat' dir='ltr'><strong>viriutem,</strong></span> <span class='ocrx_word' id='word_1_13' title='bbox 1573 499 1716 540; x_wconf 86' lang='lat' dir='ltr'><strong>crea-</strong></span> <span class='ocrx_word' id='word_1_14' title='bbox 1740 485 1793 543; x_wconf 75' lang='grc' dir='ltr'><strong>Δ</strong></span> <span class='ocrx_word' id='word_1_15' title='bbox 1820 489 1942 554; x_wconf 84' lang='lat' dir='ltr'><strong>quia</strong></span> <span class='ocrx_word' id='word_1_16' title='bbox 1971 493 2102 559; x_wconf 82' lang='lat' dir='ltr'><strong>pluit</strong></span> <span class='ocrx_word' id='word_1_17' title='bbox 2121 493 2373 551; x_wconf 80' lang='lat' dir='ltr'><strong>Dominus</strong></span> <span class='ocrx_word' id='word_1_18' title='bbox 2400 515 2430 552; x_wconf 91' lang='lat' dir='ltr'><strong>a</strong></span> <span class='ocrx_word' id='word_1_19' title='bbox 2461 500 2681 557; x_wconf 86' lang='lat' dir='ltr'><strong>Domino</strong></span> <span class='ocrx_word' id='word_1_20' title='bbox 2709 505 2878 574; x_wconf 86' lang='lat' dir='ltr'><strong>ignem</strong></span> <span class='ocrx_word' id='word_1_21' title='bbox 2907 513 2957 559; x_wconf 88' lang='lat' dir='ltr'><strong>et</strong></span> <span class='ocrx_word' id='word_1_22' title='bbox 2998 508 3213 578; x_wconf 78' lang='lat' dir='ltr'><strong>sulphur</strong></span> <span class='ocrx_word' id='word_1_23' title='bbox 3241 523 3398 581; x_wconf 80' lang='lat' dir='ltr'><strong>super</strong></span> 
     </span>
    </p>
   </div>
   <div class='ocr_carea' id='block_1_5' title="bbox 116 563 1714 638">
    <p class='ocr_par' dir='ltr' id='par_1_5' title="bbox 116 563 1714 638">
     <span class='ocr_line' id='line_1_5' title="bbox 116 563 1714 638; baseline 0.008 -24"><span class='ocrx_word' id='word_1_24' title='bbox 116 569 226 616; x_wconf 85' lang='lat' dir='ltr'><strong>tor</strong></span> <span class='ocrx_word' id='word_1_25' title='bbox 253 572 574 617; x_wconf 80' lang='lat' dir='ltr'><strong>creatorem.</strong></span> <span class='ocrx_word' id='word_1_26' title='bbox 608 563 731 619; x_wconf 66' lang='lat' dir='ltr'><strong>Haec</strong></span> <span class='ocrx_word' id='word_1_27' title='bbox 756 565 867 633; x_wconf 85' lang='lat' dir='ltr'><strong>jam</strong></span> <span class='ocrx_word' id='word_1_28' title='bbox 896 565 1148 635; x_wconf 78' lang='lat' dir='ltr'><strong>diximus,</strong></span> <span class='ocrx_word' id='word_1_29' title='bbox 1175 577 1230 622; x_wconf 92' lang='lat' dir='ltr'><strong>et</strong></span> <span class='ocrx_word' id='word_1_30' title='bbox 1254 570 1502 638; x_wconf 90' lang='lat' dir='ltr'><strong>dicimus,</strong></span> <span class='ocrx_word' id='word_1_31' title='bbox 1533 581 1591 625; x_wconf 92' lang='lat' dir='ltr'><strong>ut</strong></span> <span class='ocrx_word' id='word_1_32' title='bbox 1618 589 1714 626; x_wconf 85' lang='lat' dir='ltr'><strong>va-</strong></span> 
     </span>
    </p>
   </div>
   <div class='ocr_carea' id='block_1_6' title="bbox 115 650 1711 725">
    <p class='ocr_par' dir='ltr' id='par_1_6' title="bbox 115 650 1711 725">
     <span class='ocr_line' id='line_1_6' title="bbox 115 650 1711 725; baseline 0.009 -23"><span class='ocrx_word' id='word_1_33' title='bbox 115 652 332 706; x_wconf 87' lang='lat' dir='ltr'><strong>lemus.</strong></span> <span class='ocrx_word' id='word_1_34' title='bbox 362 650 625 705; x_wconf 71' lang='lat' dir='ltr'><strong>Caeterum</strong></span> <span class='ocrx_word' id='word_1_35' title='bbox 655 654 780 707; x_wconf 91' lang='lat' dir='ltr'><strong>illud</strong></span> <span class='ocrx_word' id='word_1_36' title='bbox 809 656 1182 724; x_wconf 84' lang='lat' dir='ltr'><strong>inexplicabile</strong></span> <span class='ocrx_word' id='word_1_37' title='bbox 1213 667 1294 711; x_wconf 91' lang='lat' dir='ltr'><strong>est</strong></span> <span class='ocrx_word' id='word_1_38' title='bbox 1325 667 1380 712; x_wconf 89' lang='lat' dir='ltr'><strong>et</strong></span> <span class='ocrx_word' id='word_1_39' title='bbox 1425 660 1711 725; x_wconf 88' lang='lat' dir='ltr'><strong>indicibile,</strong></span> 
     </span>
    </p>
   </div>
   <div class='ocr_carea' id='block_1_7' title="bbox 113 741 1715 811">
    <p class='ocr_par' dir='ltr' id='par_1_7' title="bbox 113 741 1715 811">
     <span class='ocr_line' id='line_1_7' title="bbox 113 741 1715 811; baseline 0.006 -17"><span class='ocrx_word' id='word_1_40' title='bbox 113 742 281 809; x_wconf 85' lang='lat' dir='ltr'><strong>quod</strong></span> <span class='ocrx_word' id='word_1_41' title='bbox 308 751 390 795; x_wconf 90' lang='lat' dir='ltr'><strong>est</strong></span> <span class='ocrx_word' id='word_1_42' title='bbox 420 741 581 796; x_wconf 89' lang='lat' dir='ltr'><strong>Pater</strong></span> <span class='ocrx_word' id='word_1_43' title='bbox 619 752 671 796; x_wconf 90' lang='lat' dir='ltr'><strong>et</strong></span> <span class='ocrx_word' id='word_1_44' title='bbox 700 744 884 810; x_wconf 85' lang='lat' dir='ltr'><strong>Filius,</strong></span> <span class='ocrx_word' id='word_1_45' title='bbox 933 745 1097 800; x_wconf 84' lang='lat' dir='ltr'><strong>Filius</strong></span> <span class='ocrx_word' id='word_1_46' title='bbox 1128 745 1318 811; x_wconf 88' lang='lat' dir='ltr'><strong>Patris,</strong></span> <span class='ocrx_word' id='word_1_47' title='bbox 1349 745 1584 803; x_wconf 78' lang='lat' dir='ltr'><strong>Verbum</strong></span> <span class='ocrx_word' id='word_1_48' title='bbox 1615 751 1715 803; x_wconf 86' lang='lat' dir='ltr'><strong>Pa-</strong></span> 
     </span>
    </p>
   </div>
   <div class='ocr_carea' id='block_1_8' title="bbox 111 830 1714 905">
    <p class='ocr_par' dir='ltr' id='par_1_8' title="bbox 111 830 1714 905">
     <span class='ocr_line' id='line_1_8' title="bbox 111 830 1714 905; baseline 0.007 -24"><span class='ocrx_word' id='word_1_49' title='bbox 111 830 250 891; x_wconf 89' lang='lat' dir='ltr'><strong>tris,</strong></span> <span class='ocrx_word' id='word_1_50' title='bbox 284 831 457 883; x_wconf 85' lang='lat' dir='ltr'><strong>virtus</strong></span> <span class='ocrx_word' id='word_1_51' title='bbox 487 839 540 884; x_wconf 95' lang='lat' dir='ltr'><strong>et</strong></span> <span class='ocrx_word' id='word_1_52' title='bbox 569 832 831 899; x_wconf 85' lang='lat' dir='ltr'><strong>sapientia</strong></span> <span class='ocrx_word' id='word_1_53' title='bbox 862 832 1056 900; x_wconf 86' lang='lat' dir='ltr'><strong>Patris,</strong></span> <span class='ocrx_word' id='word_1_54' title='bbox 1086 835 1137 887; x_wconf 91' lang='lat' dir='ltr'><strong>in</strong></span> <span class='ocrx_word' id='word_1_55' title='bbox 1183 850 1291 902; x_wconf 90' lang='lat' dir='ltr'><strong>quo</strong></span> <span class='ocrx_word' id='word_1_56' title='bbox 1319 845 1370 889; x_wconf 92' lang='lat' dir='ltr'><strong>et</strong></span> <span class='ocrx_word' id='word_1_57' title='bbox 1417 853 1513 905; x_wconf 88' lang='lat' dir='ltr'><strong>per</strong></span> <span class='ocrx_word' id='word_1_58' title='bbox 1556 853 1714 905; x_wconf 92' lang='lat' dir='ltr'><strong>quem</strong></span> 
     </span>
    </p>
   </div>
   <div class='ocr_carea' id='block_1_9' title="bbox 110 916 1709 992">
    <p class='ocr_par' dir='ltr' id='par_1_9' title="bbox 110 916 1709 992">
     <span class='ocr_line' id='line_1_9' title="bbox 110 916 1709 992; baseline 0.008 -23"><span class='ocrx_word' id='word_1_59' title='bbox 110 917 259 971; x_wconf 80' lang='lat' dir='ltr'><strong>fecit</strong></span> <span class='ocrx_word' id='word_1_60' title='bbox 289 916 452 972; x_wconf 83' lang='lat' dir='ltr'><strong>Pater</strong></span> <span class='ocrx_word' id='word_1_61' title='bbox 478 922 676 974; x_wconf 84' lang='lat' dir='ltr'><strong>omnia.</strong></span> <span class='ocrx_word' id='word_1_62' title='bbox 707 920 821 974; x_wconf 85' lang='lat' dir='ltr'><strong>Hoc</strong></span> <span class='ocrx_word' id='word_1_63' title='bbox 849 921 1081 976; x_wconf 86' lang='lat' dir='ltr'><strong>Verbum</strong></span> <span class='ocrx_word' id='word_1_64' title='bbox 1112 924 1345 992; x_wconf 81' lang='lat' dir='ltr'><strong>intellige</strong></span> <span class='ocrx_word' id='word_1_65' title='bbox 1373 925 1565 979; x_wconf 86' lang='lat' dir='ltr'><strong>Filium</strong></span> <span class='ocrx_word' id='word_1_66' title='bbox 1596 927 1709 992; x_wconf 87' lang='lat' dir='ltr'><strong>Dei,</strong></span> 
     </span>
    </p>
   </div>
   <div class='ocr_carea' id='block_1_10' title="bbox 110 1007 1708 1083">
    <p class='ocr_par' dir='ltr' id='par_1_10' title="bbox 110 1007 1708 1083">
     <span class='ocr_line' id='line_1_10' title="bbox 110 1007 1708 1083; baseline 0.008 -25"><span class='ocrx_word' id='word_1_67' title='bbox 110 1022 291 1073; x_wconf 85' lang='lat' dir='ltr'><strong>quem</strong></span> <span class='ocrx_word' id='word_1_68' title='bbox 339 1007 484 1060; x_wconf 88' lang='lat' dir='ltr'><strong>misit</strong></span> <span class='ocrx_word' id='word_1_69' title='bbox 512 1024 610 1078; x_wconf 90' lang='lat' dir='ltr'><strong>pro</strong></span> <span class='ocrx_word' id='word_1_70' title='bbox 639 1010 811 1064; x_wconf 84' lang='lat' dir='ltr'><strong>salute</strong></span> <span class='ocrx_word' id='word_1_71' title='bbox 839 1011 1039 1072; x_wconf 88' lang='lat' dir='ltr'><strong>mundi,</strong></span> <span class='ocrx_word' id='word_1_72' title='bbox 1078 1013 1214 1066; x_wconf 88' lang='lat' dir='ltr'><strong>sicut</strong></span> <span class='ocrx_word' id='word_1_73' title='bbox 1241 1015 1503 1083; x_wconf 81' lang='lat' dir='ltr'><strong>propheta</strong></span> <span class='ocrx_word' id='word_1_74' title='bbox 1533 1017 1666 1070; x_wconf 83' lang='lat' dir='ltr'><strong>dixit</strong></span> <span class='ocrx_word' id='word_1_75' title='bbox 1694 1033 1708 1070; x_wconf 91' lang='lat'>:</span> 
     </span>
    </p>
   </div>
   <div class='ocr_carea' id='block_1_11' title="bbox 110 1095 1711 1172">
    <p class='ocr_par' dir='ltr' id='par_1_11' title="bbox 110 1095 1711 1172">
     <span class='ocr_line' id='line_1_11' title="bbox 110 1095 1711 1172; baseline 0.007 -25"><span class='ocrx_word' id='word_1_76' title='bbox 110 1095 277 1148; x_wconf 76' lang='lat' dir='ltr'><strong>Misit</strong></span> <span class='ocrx_word' id='word_1_77' title='bbox 336 1096 558 1150; x_wconf 83' lang='lat' dir='ltr'><strong>Verbum</strong></span> <span class='ocrx_word' id='word_1_78' title='bbox 585 1115 753 1166; x_wconf 84' lang='lat' dir='ltr'><strong>suum,</strong></span> <span class='ocrx_word' id='word_1_79' title='bbox 783 1108 833 1152; x_wconf 89' lang='lat' dir='ltr'><strong>et</strong></span> <span class='ocrx_word' id='word_1_80' title='bbox 859 1103 1060 1153; x_wconf 90' lang='lat' dir='ltr'><strong>sanavit</strong></span> <span class='ocrx_word' id='word_1_81' title='bbox 1100 1118 1187 1154; x_wconf 84' lang='lat' dir='ltr'><strong>eos</strong></span> <span class='ocrx_word' id='word_1_82' title='bbox 1217 1097 1386 1170; x_wconf 79' lang='lat' dir='ltr'><strong>(Psal.</strong></span> <span class='ocrx_word' id='word_1_83' title='bbox 1411 1104 1538 1172; x_wconf 73' lang='grc' dir='ltr'><strong>ενι).</strong></span> <span class='ocrx_word' id='word_1_84' title='bbox 1572 1104 1711 1172; x_wconf 84' lang='lat' dir='ltr'><strong>Ergo</strong></span> 
     </span>
    </p>
   </div>
   <div class='ocr_carea' id='block_1_12' title="bbox 110 1184 1710 1260">
    <p class='ocr_par' dir='ltr' id='par_1_12' title="bbox 110 1184 1710 1260">
     <span class='ocr_line' id='line_1_12' title="bbox 110 1184 1710 1260; baseline 0.007 -22"><span class='ocrx_word' id='word_1_85' title='bbox 110 1184 299 1240; x_wconf 86' lang='lat' dir='ltr'><strong>Filius</strong></span> <span class='ocrx_word' id='word_1_86' title='bbox 329 1187 422 1240; x_wconf 88' lang='lat' dir='ltr'><strong>Dei</strong></span> <span class='ocrx_word' id='word_1_87' title='bbox 453 1189 668 1254; x_wconf 88' lang='lat' dir='ltr'><strong>dicitur,</strong></span> <span class='ocrx_word' id='word_1_88' title='bbox 699 1191 792 1258; x_wconf 87' lang='lat' dir='ltr'><strong>qui</strong></span> <span class='ocrx_word' id='word_1_89' title='bbox 840 1198 923 1260; x_wconf 80' lang='lat' dir='ltr'><strong>est</strong></span> <span class='ocrx_word' id='word_1_90' title='bbox 953 1190 1180 1245; x_wconf 80' lang='lat' dir='ltr'><strong>Verbum</strong></span> <span class='ocrx_word' id='word_1_91' title='bbox 1208 1192 1401 1259; x_wconf 82' lang='lat' dir='ltr'><strong>Patris,</strong></span> <span class='ocrx_word' id='word_1_92' title='bbox 1437 1210 1541 1249; x_wconf 91' lang='lat' dir='ltr'><strong>non</strong></span> <span class='ocrx_word' id='word_1_93' title='bbox 1569 1205 1626 1249; x_wconf 92' lang='lat' dir='ltr'><strong>ut</strong></span> <span class='ocrx_word' id='word_1_94' title='bbox 1653 1206 1710 1249; x_wconf 92' lang='lat' dir='ltr'><strong>tu</strong></span> 
     </span>
    </p>
   </div>
   <div class='ocr_carea' id='block_1_13' title="bbox 108 1276 1712 1349">
    <p class='ocr_par' dir='ltr' id='par_1_13' title="bbox 108 1276 1712 1349">
     <span class='ocr_line' id='line_1_13' title="bbox 108 1276 1712 1349; baseline 0.009 -24"><span class='ocrx_word' id='word_1_95' title='bbox 108 1289 330 1328; x_wconf 83' lang='lat' dir='ltr'><strong>carneo</strong></span> <span class='ocrx_word' id='word_1_96' title='bbox 362 1282 418 1328; x_wconf 91' lang='lat' dir='ltr'><strong>et</strong></span> <span class='ocrx_word' id='word_1_97' title='bbox 462 1276 711 1345; x_wconf 85' lang='lat' dir='ltr'><strong>culpabili</strong></span> <span class='ocrx_word' id='word_1_98' title='bbox 757 1293 916 1332; x_wconf 87' lang='lat' dir='ltr'><strong>sensu</strong></span> <span class='ocrx_word' id='word_1_99' title='bbox 961 1280 1211 1349; x_wconf 81' lang='lat' dir='ltr'><strong>intelligis</strong></span> <span class='ocrx_word' id='word_1_100' title='bbox 1231 1282 1395 1336; x_wconf 91' lang='lat' dir='ltr'><strong>Deum</strong></span> <span class='ocrx_word' id='word_1_101' title='bbox 1425 1285 1712 1341; x_wconf 84' lang='lat' dir='ltr'><strong>carnaliter</strong></span> 
     </span>
    </p>
   </div>
   <div class='ocr_carea' id='block_1_14' title="bbox 110 1364 1710 1445">
    <p class='ocr_par' dir='ltr' id='par_1_14' title="bbox 110 1364 1710 1445">
     <span class='ocr_line' id='line_1_14' title="bbox 110 1364 1710 1445; baseline 0.009 -30"><span class='ocrx_word' id='word_1_102' title='bbox 110 1378 220 1416; x_wconf 91' lang='lat' dir='ltr'><strong>nos</strong></span> <span class='ocrx_word' id='word_1_103' title='bbox 243 1364 427 1417; x_wconf 89' lang='lat' dir='ltr'><strong>dicere</strong></span> <span class='ocrx_word' id='word_1_104' title='bbox 449 1366 713 1432; x_wconf 76' lang='lat' dir='ltr'><strong>genuisse.</strong></span> <span class='ocrx_word' id='word_1_105' title='bbox 747 1366 876 1420; x_wconf 83' lang='lat' dir='ltr'><strong>Nam</strong></span> <span class='ocrx_word' id='word_1_106' title='bbox 905 1369 1026 1424; x_wconf 89' lang='lat' dir='ltr'><strong>audi</strong></span> <span class='ocrx_word' id='word_1_107' title='bbox 1054 1370 1244 1424; x_wconf 86' lang='lat' dir='ltr'><strong>Isaiam</strong></span> <span class='ocrx_word' id='word_1_108' title='bbox 1269 1370 1420 1441; x_wconf 87' lang='lat' dir='ltr'><strong>(Cap.</strong></span> <span class='ocrx_word' id='word_1_109' title='bbox 1449 1374 1561 1445; x_wconf 79' lang='lat' dir='ltr'><strong>Lm)</strong></span> <span class='ocrx_word' id='word_1_110' title='bbox 1585 1391 1710 1430; x_wconf 89' lang='lat' dir='ltr'><strong>san-</strong></span> 
     </span>
    </p>
   </div>
   <div class='ocr_carea' id='block_1_15' title="bbox 107 1454 1708 1520">
    <p class='ocr_par' dir='ltr' id='par_1_15' title="bbox 107 1454 1708 1520">
     <span class='ocr_line' id='line_1_15' title="bbox 107 1454 1708 1520; baseline 0.009 -16"><span class='ocrx_word' id='word_1_111' title='bbox 107 1461 270 1504; x_wconf 86' lang='lat' dir='ltr'><strong>ctum</strong></span> <span class='ocrx_word' id='word_1_112' title='bbox 295 1454 613 1520; x_wconf 84' lang='lat' dir='ltr'><strong>prophetam</strong></span> <span class='ocrx_word' id='word_1_113' title='bbox 642 1455 708 1509; x_wconf 90' lang='lat' dir='ltr'><strong>de</strong></span> <span class='ocrx_word' id='word_1_114' title='bbox 735 1455 948 1510; x_wconf 90' lang='lat' dir='ltr'><strong>Christo</strong></span> <span class='ocrx_word' id='word_1_115' title='bbox 977 1459 1242 1513; x_wconf 89' lang='lat' dir='ltr'><strong>dicentem</strong></span> <span class='ocrx_word' id='word_1_116' title='bbox 1269 1479 1281 1513; x_wconf 91' lang='lat'><strong>:</strong></span> <span class='ocrx_word' id='word_1_117' title='bbox 1317 1461 1708 1519; x_wconf 80' lang='lat' dir='ltr'><strong>Generationem</strong></span> 
     </span>
    </p>
   </div>
   <div class='ocr_carea' id='block_1_16' title="bbox 110 1539 1707 1622">
    <p class='ocr_par' dir='ltr' id='par_1_16' title="bbox 110 1539 1707 1622">
     <span class='ocr_line' id='line_1_16' title="bbox 110 1539 1707 1622; baseline 0.012 -31"><span class='ocrx_word' id='word_1_118' title='bbox 110 1550 297 1593; x_wconf 79' lang='lat' dir='ltr'><strong>autem</strong></span> <span class='ocrx_word' id='word_1_119' title='bbox 337 1540 449 1610; x_wconf 86' lang='lat' dir='ltr'><strong>ejus</strong></span> <span class='ocrx_word' id='word_1_120' title='bbox 477 1539 588 1611; x_wconf 85' lang='lat' dir='ltr'><strong>quis</strong></span> <span class='ocrx_word' id='word_1_121' title='bbox 612 1545 913 1599; x_wconf 82' lang='lat' dir='ltr'><strong>enarrabit?</strong></span> <span class='ocrx_word' id='word_1_122' title='bbox 936 1547 1177 1616; x_wconf 81' lang='lat' dir='ltr'><strong>Nunquid</strong></span> <span class='ocrx_word' id='word_1_123' title='bbox 1206 1549 1315 1604; x_wconf 90' lang='lat' dir='ltr'><strong>dici</strong></span> <span class='ocrx_word' id='word_1_124' title='bbox 1342 1554 1425 1606; x_wconf 89' lang='lat' dir='ltr'><strong>vel</strong></span> <span class='ocrx_word' id='word_1_125' title='bbox 1454 1556 1707 1622; x_wconf 80' lang='lat' dir='ltr'><strong>explicari</strong></span> 
     </span>
    </p>
   </div>
   <div class='ocr_carea' id='block_1_17' title="bbox 108 1633 1708 1705">
    <p class='ocr_par' dir='ltr' id='par_1_17' title="bbox 108 1633 1708 1705">
     <span class='ocr_line' id='line_1_17' title="bbox 108 1633 1708 1705; baseline 0.011 -24"><span class='ocrx_word' id='word_1_126' title='bbox 108 1637 323 1696; x_wconf 88' lang='lat' dir='ltr'><strong>potest,</strong></span> <span class='ocrx_word' id='word_1_127' title='bbox 373 1634 645 1698; x_wconf 89' lang='lat' dir='ltr'><strong>quomodo</strong></span> <span class='ocrx_word' id='word_1_128' title='bbox 691 1633 852 1688; x_wconf 89' lang='lat' dir='ltr'><strong>Pater</strong></span> <span class='ocrx_word' id='word_1_129' title='bbox 880 1635 1071 1691; x_wconf 89' lang='lat' dir='ltr'><strong>Filium</strong></span> <span class='ocrx_word' id='word_1_130' title='bbox 1099 1641 1362 1705; x_wconf 79' lang='lat' dir='ltr'><strong>genuerit,</strong></span> <span class='ocrx_word' id='word_1_131' title='bbox 1405 1641 1546 1697; x_wconf 85' lang='lat' dir='ltr'><strong>Deus</strong></span> <span class='ocrx_word' id='word_1_132' title='bbox 1576 1644 1708 1698; x_wconf 42' lang='lat' dir='ltr'><strong>Vere</strong></span> 
     </span>
    </p>
   </div>
   <div class='ocr_carea' id='block_1_18' title="bbox 111 1720 1706 1800">
    <p class='ocr_par' dir='ltr' id='par_1_18' title="bbox 111 1720 1706 1800">
     <span class='ocr_line' id='line_1_18' title="bbox 111 1720 1706 1800; baseline 0.01 -29"><span class='ocrx_word' id='word_1_133' title='bbox 111 1720 250 1772; x_wconf 89' lang='lat' dir='ltr'><strong>bum</strong></span> <span class='ocrx_word' id='word_1_134' title='bbox 284 1721 621 1788; x_wconf 85' lang='lat' dir='ltr'><strong>protulerit?</strong></span> <span class='ocrx_word' id='word_1_135' title='bbox 789 1760 802 1777; x_wconf 91' lang='lat'><strong>.</strong></span> <span class='ocrx_word' id='word_1_136' title='bbox 884 1762 898 1777; x_wconf 93' lang='lat'><strong>.</strong></span> <span class='ocrx_word' id='word_1_137' title='bbox 974 1763 988 1780; x_wconf 89' lang='lat'><strong>.</strong></span> <span class='ocrx_word' id='word_1_138' title='bbox 1068 1765 1082 1780; x_wconf 91' lang='lat'><strong>.</strong></span> <span class='ocrx_word' id='word_1_139' title='bbox 1163 1767 1176 1782; x_wconf 92' lang='lat'><strong>.</strong></span> <span class='ocrx_word' id='word_1_140' title='bbox 1257 1731 1383 1784; x_wconf 83' lang='lat' dir='ltr'><strong>volo</strong></span> <span class='ocrx_word' id='word_1_141' title='bbox 1409 1730 1706 1800; x_wconf 84' lang='lat' dir='ltr'><strong>intelligere</strong></span> 
     </span>
    </p>
   </div>
   <div class='ocr_carea' id='block_1_19' title="bbox 1818 579 3393 674">
    <p class='ocr_par' dir='ltr' id='par_1_19' title="bbox 1818 579 3393 674">
     <span class='ocr_line' id='line_1_19' title="bbox 1818 579 3393 674; baseline 0.016 -44"><span class='ocrx_word' id='word_1_142' title='bbox 1818 579 1953 633; x_wconf 73' lang='lat' dir='ltr'><strong>duas</strong></span> <span class='ocrx_word' id='word_1_143' title='bbox 1969 584 2194 637; x_wconf 77' lang='lat' dir='ltr'><strong>civitates</strong></span> <span class='ocrx_word' id='word_1_144' title='bbox 2235 585 2516 642; x_wconf 89' lang='lat' dir='ltr'><strong>Sodomam</strong></span> <span class='ocrx_word' id='word_1_145' title='bbox 2547 601 2595 643; x_wconf 87' lang='lat' dir='ltr'><strong>et</strong></span> <span class='ocrx_word' id='word_1_146' title='bbox 2627 592 2965 650; x_wconf 83' lang='lat' dir='ltr'><strong>Comorrham</strong></span> <span class='ocrx_word' id='word_1_147' title='bbox 2999 597 3205 667; x_wconf 76' lang='lat' dir='ltr'><strong>(Cenes.</strong></span> <span class='ocrx_word' id='word_1_148' title='bbox 3256 579 3393 674; x_wconf 71' lang='lat' dir='ltr'><strong>xix).</strong></span> 
     </span>
    </p>
   </div>
   <div class='ocr_carea' id='block_1_20' title="bbox 1817 667 3394 752">
    <p class='ocr_par' dir='ltr' id='par_1_20' title="bbox 1817 667 3394 752">
     <span class='ocr_line' id='line_1_20' title="bbox 1817 667 3394 752; baseline 0.015 -30"><span class='ocrx_word' id='word_1_149' title='bbox 1817 667 1982 726; x_wconf 82' lang='lat' dir='ltr'><strong>Audis</strong></span> <span class='ocrx_word' id='word_1_150' title='bbox 2006 674 2132 740; x_wconf 90' lang='lat' dir='ltr'><strong>quia</strong></span> <span class='ocrx_word' id='word_1_151' title='bbox 2162 675 2414 731; x_wconf 89' lang='lat' dir='ltr'><strong>Dominus</strong></span> <span class='ocrx_word' id='word_1_152' title='bbox 2435 695 2463 732; x_wconf 88' lang='lat' dir='ltr'><strong>a</strong></span> <span class='ocrx_word' id='word_1_153' title='bbox 2493 679 2719 736; x_wconf 90' lang='lat' dir='ltr'><strong>Domino</strong></span> <span class='ocrx_word' id='word_1_154' title='bbox 2748 684 2916 752; x_wconf 88' lang='lat' dir='ltr'><strong>pluit?</strong></span> <span class='ocrx_word' id='word_1_155' title='bbox 2955 686 3054 752; x_wconf 85' lang='lat' dir='ltr'><strong>Qui</strong></span> <span class='ocrx_word' id='word_1_156' title='bbox 3102 667 3394 746; x_wconf 75' lang='lat' dir='ltr'><strong>Dominus?</strong></span> 
     </span>
    </p>
   </div>
   <div class='ocr_carea' id='block_1_21' title="bbox 1816 757 3392 847">
    <p class='ocr_par' dir='ltr' id='par_1_21' title="bbox 1816 757 3392 847">
     <span class='ocr_line' id='line_1_21' title="bbox 1816 757 3392 847; baseline 0.015 -37"><span class='ocrx_word' id='word_1_157' title='bbox 1816 757 1862 811; x_wconf 88' lang='lat' dir='ltr'><strong>A</strong></span> <span class='ocrx_word' id='word_1_158' title='bbox 1887 774 1993 826; x_wconf 86' lang='lat' dir='ltr'><strong>quo</strong></span> <span class='ocrx_word' id='word_1_159' title='bbox 2024 761 2271 830; x_wconf 87' lang='lat' dir='ltr'><strong>Domino,</strong></span> <span class='ocrx_word' id='word_1_160' title='bbox 2296 767 2396 820; x_wconf 90' lang='lat' dir='ltr'><strong>nisi</strong></span> <span class='ocrx_word' id='word_1_161' title='bbox 2427 767 2592 822; x_wconf 80' lang='lat' dir='ltr'><strong>Filius</strong></span> <span class='ocrx_word' id='word_1_162' title='bbox 2613 785 2642 822; x_wconf 90' lang='lat' dir='ltr'><strong>a</strong></span> <span class='ocrx_word' id='word_1_163' title='bbox 2676 769 2870 826; x_wconf 81' lang='lat' dir='ltr'><strong>Patre?</strong></span> <span class='ocrx_word' id='word_1_164' title='bbox 2914 775 3045 828; x_wconf 82' lang='lat' dir='ltr'><strong>Nam</strong></span> <span class='ocrx_word' id='word_1_165' title='bbox 3077 777 3190 844; x_wconf 88' lang='lat' dir='ltr'><strong>ipse</strong></span> <span class='ocrx_word' id='word_1_166' title='bbox 3222 793 3392 847; x_wconf 82' lang='lat' dir='ltr'><strong>appa-</strong></span> 
     </span>
    </p>
   </div>
   <div class='ocr_carea' id='block_1_22' title="bbox 1815 847 3394 937">
    <p class='ocr_par' dir='ltr' id='par_1_22' title="bbox 1815 847 3394 937">
     <span class='ocr_line' id='line_1_22' title="bbox 1815 847 3394 937; baseline 0.015 -37"><span class='ocrx_word' id='word_1_167' title='bbox 1815 849 1990 903; x_wconf 88' lang='lat' dir='ltr'><strong>ruitet</strong></span> <span class='ocrx_word' id='word_1_168' title='bbox 2004 847 2188 917; x_wconf 87' lang='lat' dir='ltr'><strong>Jacob,</strong></span> <span class='ocrx_word' id='word_1_169' title='bbox 2213 862 2267 907; x_wconf 89' lang='lat' dir='ltr'><strong>et</strong></span> <span class='ocrx_word' id='word_1_170' title='bbox 2307 857 2622 914; x_wconf 86' lang='lat' dir='ltr'><strong>colluctatus</strong></span> <span class='ocrx_word' id='word_1_171' title='bbox 2652 869 2733 914; x_wconf 86' lang='lat' dir='ltr'><strong>est</strong></span> <span class='ocrx_word' id='word_1_172' title='bbox 2752 878 2872 916; x_wconf 89' lang='lat' dir='ltr'><strong>cum</strong></span> <span class='ocrx_word' id='word_1_173' title='bbox 2899 880 2995 929; x_wconf 90' lang='lat' dir='ltr'><strong>eo;</strong></span> <span class='ocrx_word' id='word_1_174' title='bbox 3026 865 3163 920; x_wconf 89' lang='lat' dir='ltr'><strong>unde</strong></span> <span class='ocrx_word' id='word_1_175' title='bbox 3184 869 3259 920; x_wconf 90' lang='lat' dir='ltr'><strong>ait</strong></span> <span class='ocrx_word' id='word_1_176' title='bbox 3279 869 3394 937; x_wconf 75' lang='lat' dir='ltr'><strong>ipso</strong></span> 
     </span>
    </p>
   </div>
   <div class='ocr_carea' id='block_1_23' title="bbox 1813 932 3392 1028">
    <p class='ocr_par' dir='ltr' id='par_1_23' title="bbox 1813 932 3392 1028">
     <span class='ocr_line' id='line_1_23' title="bbox 1813 932 3392 1028; baseline 0.015 -40"><span class='ocrx_word' id='word_1_177' title='bbox 1813 932 1978 991; x_wconf 83' lang='lat' dir='ltr'><strong>Jacob</strong></span> <span class='ocrx_word' id='word_1_178' title='bbox 2007 956 2018 990; x_wconf 90' lang='lat'><strong>:</strong></span> <span class='ocrx_word' id='word_1_179' title='bbox 2060 939 2176 993; x_wconf 84' lang='lat' dir='ltr'><strong>Vidi</strong></span> <span class='ocrx_word' id='word_1_180' title='bbox 2206 942 2484 998; x_wconf 88' lang='lat' dir='ltr'><strong>Dominum</strong></span> <span class='ocrx_word' id='word_1_181' title='bbox 2505 949 2639 1014; x_wconf 77' lang='lat' dir='ltr'><strong>facie</strong></span> <span class='ocrx_word' id='word_1_182' title='bbox 2659 949 2730 1001; x_wconf 90' lang='lat' dir='ltr'><strong>ad</strong></span> <span class='ocrx_word' id='word_1_183' title='bbox 2753 953 2963 1020; x_wconf 84' lang='lat' dir='ltr'><strong>faciem,</strong></span> <span class='ocrx_word' id='word_1_184' title='bbox 3004 964 3054 1010; x_wconf 85' lang='lat' dir='ltr'><strong>et</strong></span> <span class='ocrx_word' id='word_1_185' title='bbox 3078 958 3220 1008; x_wconf 85' lang='lat' dir='ltr'><strong>salva</strong></span> <span class='ocrx_word' id='word_1_186' title='bbox 3249 932 3392 1028; x_wconf 70' lang='lat' dir='ltr'><strong>facta</strong></span> 
     </span>
    </p>
   </div>
   <div class='ocr_carea' id='block_1_24' title="bbox 1813 1034 3392 1114">
    <p class='ocr_par' dir='ltr' id='par_1_24' title="bbox 1813 1034 3392 1114">
     <span class='ocr_line' id='line_1_24' title="bbox 1813 1034 3392 1114; baseline 0.013 -29"><span class='ocrx_word' id='word_1_187' title='bbox 1813 1041 1891 1085; x_wconf 81' lang='lat' dir='ltr'><strong>est</strong></span> <span class='ocrx_word' id='word_1_188' title='bbox 1921 1034 2095 1086; x_wconf 83' lang='lat' dir='ltr'><strong>animo</strong></span> <span class='ocrx_word' id='word_1_189' title='bbox 2123 1049 2234 1089; x_wconf 87' lang='lat' dir='ltr'><strong>mea</strong></span> <span class='ocrx_word' id='word_1_190' title='bbox 2268 1036 2474 1106; x_wconf 83' lang='lat' dir='ltr'><strong>(Cenes.</strong></span> <span class='ocrx_word' id='word_1_191' title='bbox 2503 1042 2706 1112; x_wconf 77' lang='lat' dir='ltr'><strong>nm);</strong></span> <span class='ocrx_word' id='word_1_192' title='bbox 2739 1044 2922 1112; x_wconf 89' lang='lat' dir='ltr'><strong>utique</strong></span> <span class='ocrx_word' id='word_1_193' title='bbox 2970 1046 3021 1100; x_wconf 93' lang='lat' dir='ltr'><strong>in</strong></span> <span class='ocrx_word' id='word_1_194' title='bbox 3051 1046 3217 1114; x_wconf 90' lang='lat' dir='ltr'><strong>ﬁgura</strong></span> <span class='ocrx_word' id='word_1_195' title='bbox 3269 1066 3392 1104; x_wconf 90' lang='lat' dir='ltr'><strong>cor-</strong></span> 
     </span>
    </p>
   </div>
   <div class='ocr_carea' id='block_1_25' title="bbox 1812 1123 3391 1208">
    <p class='ocr_par' dir='ltr' id='par_1_25' title="bbox 1812 1123 3391 1208">
     <span class='ocr_line' id='line_1_25' title="bbox 1812 1123 3391 1208; baseline 0.011 -33"><span class='ocrx_word' id='word_1_196' title='bbox 1812 1123 1958 1190; x_wconf 90' lang='lat' dir='ltr'><strong>poris</strong></span> <span class='ocrx_word' id='word_1_197' title='bbox 1983 1123 2251 1180; x_wconf 87' lang='lat' dir='ltr'><strong>Christum</strong></span> <span class='ocrx_word' id='word_1_198' title='bbox 2278 1126 2481 1183; x_wconf 81' lang='lat' dir='ltr'><strong>viderat</strong></span> <span class='ocrx_word' id='word_1_199' title='bbox 2509 1145 2667 1200; x_wconf 80' lang='lat' dir='ltr'><strong>quam</strong></span> <span class='ocrx_word' id='word_1_200' title='bbox 2721 1143 2836 1187; x_wconf 89' lang='lat' dir='ltr'><strong>erat</strong></span> <span class='ocrx_word' id='word_1_201' title='bbox 2884 1145 3070 1204; x_wconf 87' lang='lat' dir='ltr'><strong>postea</strong></span> <span class='ocrx_word' id='word_1_202' title='bbox 3112 1147 3391 1208; x_wconf 87' lang='lat' dir='ltr'><strong>susceptu-</strong></span> 
     </span>
    </p>
   </div>
   <div class='ocr_carea' id='block_1_26' title="bbox 1812 1219 3388 1283">
    <p class='ocr_par' dir='ltr' id='par_1_26' title="bbox 1812 1219 3388 1283">
     <span class='ocr_line' id='line_1_26' title="bbox 1812 1219 3388 1283; baseline 0.011 -19"><span class='ocrx_word' id='word_1_203' title='bbox 1812 1225 1947 1277; x_wconf 88' lang='lat' dir='ltr'><strong>rus,-</strong></span> <span class='ocrx_word' id='word_1_204' title='bbox 1982 1229 2101 1267; x_wconf 90' lang='lat' dir='ltr'><strong>cum</strong></span> <span class='ocrx_word' id='word_1_205' title='bbox 2151 1230 2260 1283; x_wconf 92' lang='lat' dir='ltr'><strong>quo</strong></span> <span class='ocrx_word' id='word_1_206' title='bbox 2314 1225 2396 1272; x_wconf 88' lang='lat' dir='ltr'><strong>est</strong></span> <span class='ocrx_word' id='word_1_207' title='bbox 2444 1219 2784 1276; x_wconf 85' lang='lat' dir='ltr'><strong>colluctatus.</strong></span> <span class='ocrx_word' id='word_1_208' title='bbox 2817 1223 2946 1276; x_wconf 87' lang='lat' dir='ltr'><strong>Nam</strong></span> <span class='ocrx_word' id='word_1_209' title='bbox 2969 1224 3036 1278; x_wconf 89' lang='lat' dir='ltr'><strong>de</strong></span> <span class='ocrx_word' id='word_1_210' title='bbox 3065 1224 3223 1282; x_wconf 88' lang='lat' dir='ltr'><strong>Patre</strong></span> <span class='ocrx_word' id='word_1_211' title='bbox 3251 1229 3388 1282; x_wconf 83' lang='lat' dir='ltr'><strong>seri-</strong></span> 
     </span>
    </p>
   </div>
   <div class='ocr_carea' id='block_1_27' title="bbox 1813 1302 3389 1385">
    <p class='ocr_par' dir='ltr' id='par_1_27' title="bbox 1813 1302 3389 1385">
     <span class='ocr_line' id='line_1_27' title="bbox 1813 1302 3389 1385; baseline 0.01 -30"><span class='ocrx_word' id='word_1_212' title='bbox 1813 1310 1961 1370; x_wconf 84' lang='lat' dir='ltr'><strong>ptum</strong></span> <span class='ocrx_word' id='word_1_213' title='bbox 1987 1312 2107 1358; x_wconf 89' lang='lat' dir='ltr'><strong>est:</strong></span> <span class='ocrx_word' id='word_1_214' title='bbox 2144 1302 2306 1368; x_wconf 86' lang='lat' dir='ltr'><strong>Quem</strong></span> <span class='ocrx_word' id='word_1_215' title='bbox 2351 1308 2478 1362; x_wconf 85' lang='lat' dir='ltr'><strong>vidit</strong></span> <span class='ocrx_word' id='word_1_216' title='bbox 2531 1308 2793 1365; x_wconf 79' lang='lat' dir='ltr'><strong>hominum</strong></span> <span class='ocrx_word' id='word_1_217' title='bbox 2833 1329 3001 1378; x_wconf 89' lang='lat' dir='ltr'><strong>nemo,</strong></span> <span class='ocrx_word' id='word_1_218' title='bbox 3031 1331 3190 1385; x_wconf 86' lang='lat' dir='ltr'><strong>neque</strong></span> <span class='ocrx_word' id='word_1_219' title='bbox 3220 1318 3389 1371; x_wconf 86' lang='lat' dir='ltr'><strong>videre</strong></span> 
     </span>
    </p>
   </div>
   <div class='ocr_carea' id='block_1_28' title="bbox 1810 1392 3388 1472">
    <p class='ocr_par' dir='ltr' id='par_1_28' title="bbox 1810 1392 3388 1472">
     <span class='ocr_line' id='line_1_28' title="bbox 1810 1392 3388 1472; baseline 0.01 -28"><span class='ocrx_word' id='word_1_220' title='bbox 1810 1399 1974 1459; x_wconf 84' lang='lat' dir='ltr'><strong>potest</strong></span> <span class='ocrx_word' id='word_1_221' title='bbox 2005 1392 2182 1461; x_wconf 88' lang='lat' dir='ltr'><strong>(Joan.</strong></span> <span class='ocrx_word' id='word_1_222' title='bbox 2214 1396 2287 1466; x_wconf 75' lang='lat'><strong>1);</strong></span> <span class='ocrx_word' id='word_1_223' title='bbox 2315 1404 2368 1449; x_wconf 89' lang='lat' dir='ltr'><strong>et</strong></span> <span class='ocrx_word' id='word_1_224' title='bbox 2393 1397 2587 1450; x_wconf 85' lang='lat' dir='ltr'><strong>iterum</strong></span> <span class='ocrx_word' id='word_1_225' title='bbox 2612 1416 2624 1452; x_wconf 78' lang='lat'><strong>.&#39;</strong></span> <span class='ocrx_word' id='word_1_226' title='bbox 2651 1397 2776 1453; x_wconf 89' lang='lat' dir='ltr'><strong>Non</strong></span> <span class='ocrx_word' id='word_1_227' title='bbox 2802 1410 2986 1470; x_wconf 78' lang='lat' dir='ltr'><strong>potest,</strong></span> <span class='ocrx_word' id='word_1_228' title='bbox 3018 1404 3092 1456; x_wconf 90' lang='lat' dir='ltr'><strong>ait</strong></span> <span class='ocrx_word' id='word_1_229' title='bbox 3120 1404 3233 1472; x_wconf 86' lang='lat' dir='ltr'><strong>ipse</strong></span> <span class='ocrx_word' id='word_1_230' title='bbox 3249 1405 3388 1459; x_wconf 82' lang='lat' dir='ltr'><strong>Deus</strong></span> 
     </span>
    </p>
   </div>
   <div class='ocr_carea' id='block_1_29' title="bbox 1811 1478 3386 1562">
    <p class='ocr_par' dir='ltr' id='par_1_29' title="bbox 1811 1478 3386 1562">
     <span class='ocr_line' id='line_1_29' title="bbox 1811 1478 3386 1562; baseline 0.01 -30"><span class='ocrx_word' id='word_1_231' title='bbox 1811 1478 1991 1548; x_wconf 86' lang='lat' dir='ltr'><strong>Pater,</strong></span> <span class='ocrx_word' id='word_1_232' title='bbox 2023 1486 2042 1514; x_wconf 83' lang='grc'>³</span> <span class='ocrx_word' id='word_1_233' title='bbox 2075 1483 2224 1537; x_wconf 87' lang='lat' dir='ltr'><strong>homo</strong></span> <span class='ocrx_word' id='word_1_234' title='bbox 2273 1488 2457 1555; x_wconf 84' lang='lat' dir='ltr'><strong>faciem</strong></span> <span class='ocrx_word' id='word_1_235' title='bbox 2507 1505 2673 1541; x_wconf 87' lang='lat' dir='ltr'><strong>meam</strong></span> <span class='ocrx_word' id='word_1_236' title='bbox 2719 1490 2892 1543; x_wconf 81' lang='lat' dir='ltr'><strong>videre</strong></span> <span class='ocrx_word' id='word_1_237' title='bbox 2931 1501 2979 1544; x_wconf 93' lang='lat' dir='ltr'><strong>et</strong></span> <span class='ocrx_word' id='word_1_238' title='bbox 3000 1494 3160 1546; x_wconf 81' lang='lat' dir='ltr'><strong>vivere</strong></span> <span class='ocrx_word' id='word_1_239' title='bbox 3187 1495 3386 1562; x_wconf 71' lang='lat' dir='ltr'><strong>(Exod.</strong></span> 
     </span>
    </p>
   </div>
   <div class='ocr_carea' id='block_1_30' title="bbox 1811 1572 3386 1654">
    <p class='ocr_par' dir='ltr' id='par_1_30' title="bbox 1811 1572 3386 1654">
     <span class='ocr_line' id='line_1_30' title="bbox 1811 1572 3386 1654; baseline 0.01 -30"><span class='ocrx_word' id='word_1_240' title='bbox 1811 1572 2011 1640; x_wconf 67' lang='lat' dir='ltr'><strong>XXXIII).</strong></span> <span class='ocrx_word' id='word_1_241' title='bbox 2036 1572 2152 1642; x_wconf 88' lang='lat' dir='ltr'><strong>ipse</strong></span> <span class='ocrx_word' id='word_1_242' title='bbox 2165 1575 2396 1642; x_wconf 81' lang='lat' dir='ltr'><strong>Angelus</strong></span> <span class='ocrx_word' id='word_1_243' title='bbox 2411 1576 2641 1644; x_wconf 88' lang='lat' dir='ltr'><strong>Domini,</strong></span> <span class='ocrx_word' id='word_1_244' title='bbox 2655 1581 2743 1647; x_wconf 92' lang='lat' dir='ltr'><strong>qui</strong></span> <span class='ocrx_word' id='word_1_245' title='bbox 2762 1589 2842 1635; x_wconf 90' lang='lat' dir='ltr'><strong>est</strong></span> <span class='ocrx_word' id='word_1_246' title='bbox 2854 1581 3116 1650; x_wconf 85' lang='lat' dir='ltr'><strong>Christus,</strong></span> <span class='ocrx_word' id='word_1_247' title='bbox 3139 1586 3386 1654; x_wconf 85' lang='lat' dir='ltr'><strong>apparuit</strong></span> 
     </span>
    </p>
   </div>
   <div class='ocr_carea' id='block_1_31' title="bbox 1808 1660 3384 1746">
    <p class='ocr_par' dir='ltr' id='par_1_31' title="bbox 1808 1660 3384 1746">
     <span class='ocr_line' id='line_1_31' title="bbox 1808 1660 3384 1746; baseline 0.01 -33"><span class='ocrx_word' id='word_1_248' title='bbox 1808 1660 1975 1730; x_wconf 85' lang='lat' dir='ltr'><strong>Moysi</strong></span> <span class='ocrx_word' id='word_1_249' title='bbox 2021 1664 2074 1716; x_wconf 89' lang='lat' dir='ltr'><strong>iu</strong></span> <span class='ocrx_word' id='word_1_250' title='bbox 2116 1665 2274 1731; x_wconf 91' lang='lat' dir='ltr'><strong>rubo,</strong></span> <span class='ocrx_word' id='word_1_251' title='bbox 2306 1665 2357 1718; x_wconf 90' lang='lat' dir='ltr'><strong>in</strong></span> <span class='ocrx_word' id='word_1_252' title='bbox 2393 1666 2543 1733; x_wconf 87' lang='lat' dir='ltr'><strong>igne;</strong></span> <span class='ocrx_word' id='word_1_253' title='bbox 2591 1669 2812 1738; x_wconf 77' lang='lat' dir='ltr'><strong>ipseque</strong></span> <span class='ocrx_word' id='word_1_254' title='bbox 2858 1671 3035 1725; x_wconf 83' lang='lat' dir='ltr'><strong>dixit:</strong></span> <span class='ocrx_word' id='word_1_255' title='bbox 3069 1673 3228 1743; x_wconf 79' lang='lat'><strong>750</strong></span> <span class='ocrx_word' id='word_1_256' title='bbox 3267 1673 3384 1746; x_wconf 85' lang='lat' dir='ltr'><strong>Ego</strong></span> 
     </span>
    </p>
   </div>
   <div class='ocr_carea' id='block_1_32' title="bbox 1808 1747 3383 1832">
    <p class='ocr_par' dir='ltr' id='par_1_32' title="bbox 1808 1747 3383 1832">
     <span class='ocr_line' id='line_1_32' title="bbox 1808 1747 3383 1832; baseline 0.011 -29"><span class='ocrx_word' id='word_1_257' title='bbox 1808 1766 1918 1805; x_wconf 77' lang='lat' dir='ltr'><strong>sum</strong></span> <span class='ocrx_word' id='word_1_258' title='bbox 1943 1749 2081 1806; x_wconf 88' lang='lat' dir='ltr'><strong>Deus</strong></span> <span class='ocrx_word' id='word_1_259' title='bbox 2107 1753 2389 1822; x_wconf 81' lang='lat' dir='ltr'><strong>Abraham,</strong></span> <span class='ocrx_word' id='word_1_260' title='bbox 2418 1766 2470 1810; x_wconf 91' lang='lat' dir='ltr'><strong>et</strong></span> <span class='ocrx_word' id='word_1_261' title='bbox 2498 1747 2640 1813; x_wconf 67' lang='grc' dir='ltr'><strong>θεαί</strong></span> <span class='ocrx_word' id='word_1_262' title='bbox 2665 1758 2836 1826; x_wconf 79' lang='lat' dir='ltr'><strong>Isaac,</strong></span> <span class='ocrx_word' id='word_1_263' title='bbox 2865 1770 2914 1815; x_wconf 75' lang='lat' dir='ltr'><strong>et</strong></span> <span class='ocrx_word' id='word_1_264' title='bbox 2947 1763 3138 1829; x_wconf 85' lang='lat' dir='ltr'><strong>Jacob;</strong></span> <span class='ocrx_word' id='word_1_265' title='bbox 3167 1765 3256 1832; x_wconf 87' lang='lat' dir='ltr'><strong>qui</strong></span> <span class='ocrx_word' id='word_1_266' title='bbox 3303 1765 3383 1820; x_wconf 80' lang='lat' dir='ltr'><strong>di-</strong></span> 
     </span>
    </p>
   </div>
   <div class='ocr_carea' id='block_1_33' title="bbox 109 1809 3379 1923">
    <p class='ocr_par' dir='ltr' id='par_1_33' title="bbox 109 1809 3379 1923">
     <span class='ocr_line' id='line_1_33' title="bbox 109 1809 3379 1923; baseline 0.005 -63"><span class='ocrx_word' id='word_1_267' title='bbox 109 1809 572 1923; x_wconf 66' lang='lat' dir='ltr'><strong>quemadmodum</strong></span> <span class='ocrx_word' id='word_1_268' title='bbox 594 1811 694 1865; x_wconf 86' lang='lat' dir='ltr'><strong>ista</strong></span> <span class='ocrx_word' id='word_1_269' title='bbox 721 1812 789 1867; x_wconf 88' lang='lat' dir='ltr'><strong>de</strong></span> <span class='ocrx_word' id='word_1_270' title='bbox 817 1812 1031 1870; x_wconf 86' lang='lat' dir='ltr'><strong>Christo</strong></span> <span class='ocrx_word' id='word_1_271' title='bbox 1054 1817 1312 1883; x_wconf 85' lang='lat' dir='ltr'><strong>credatis;</strong></span> <span class='ocrx_word' id='word_1_272' title='bbox 1346 1820 1412 1873; x_wconf 89' lang='lat' dir='ltr'><strong>ad</strong></span> <span class='ocrx_word' id='word_1_273' title='bbox 1439 1837 1598 1888; x_wconf 92' lang='lat' dir='ltr'><strong>quem</strong></span> <span class='ocrx_word' id='word_1_274' title='bbox 1620 1821 1706 1876; x_wconf 80' lang='lat' dir='ltr'><strong>di-</strong></span> <span class='ocrx_word' id='word_1_275' title='bbox 1736 1829 1783 1889; x_wconf 78' lang='grc' dir='ltr'><strong>Β</strong></span> <span class='ocrx_word' id='word_1_276' title='bbox 1811 1851 1932 1897; x_wconf 56' lang='grc' dir='ltr'><strong>ειηεἰ</strong></span> <span class='ocrx_word' id='word_1_277' title='bbox 1982 1850 2065 1898; x_wconf 66' lang='grc' dir='ltr'><strong>εει</strong></span> <span class='ocrx_word' id='word_1_278' title='bbox 2109 1844 2344 1912; x_wconf 63' lang='lat' dir='ltr'><strong>Angelus</strong></span> <span class='ocrx_word' id='word_1_279' title='bbox 2373 1809 2545 1916; x_wconf 44' lang='lat' dir='ltr'><strong>immo</strong></span> <span class='ocrx_word' id='word_1_280' title='bbox 2575 1849 2784 1904; x_wconf 60' lang='lat' dir='ltr'><strong>Domini</strong></span> <span class='ocrx_word' id='word_1_281' title='bbox 2813 1849 2867 1904; x_wconf 68' lang='lat' dir='ltr'><strong>in</strong></span> <span class='ocrx_word' id='word_1_282' title='bbox 2894 1851 3015 1920; x_wconf 64' lang='lat' dir='ltr'><strong>igne</strong></span> <span class='ocrx_word' id='word_1_283' title='bbox 3043 1809 3379 1923; x_wconf 38' lang='lat' dir='ltr'><strong>appaluisse;</strong></span> 
     </span>
     <span class='ocr_line' id='line_1_34' title="bbox 112 1899 1556 1923; baseline 0.001 -2"><span class='ocrx_word' id='word_1_284' title='bbox 112 1899 290 1923; x_wconf 39' lang='lat'><strong>4..-“</strong></span> <span class='ocrx_word' id='word_1_285' title='bbox 327 1918 338 1923; x_wconf 94' lang='lat'><strong>_</strong></span> <span class='ocrx_word' id='word_1_286' title='bbox 423 1901 546 1923; x_wconf 44' lang='lat'><strong>“1:.</strong></span> <span class='ocrx_word' id='word_1_287' title='bbox 601 1903 846 1923; x_wconf 28' lang='lat' dir='ltr'><strong>nam”-</strong></span> <span class='ocrx_word' id='word_1_288' title='bbox 1026 1904 1066 1923; x_wconf 65' lang='grc' dir='ltr'>,ι</span> <span class='ocrx_word' id='word_1_289' title='bbox 1105 1916 1116 1923; x_wconf 76' lang='grc'><em>,</em></span> <span class='ocrx_word' id='word_1_290' title='bbox 1237 1910 1270 1923; x_wconf 91' lang='grc'><strong>..</strong></span> <span class='ocrx_word' id='word_1_291' title='bbox 1385 1919 1394 1923; x_wconf 82' lang='grc'><em>,</em></span> <span class='ocrx_word' id='word_1_292' title='bbox 1516 1912 1556 1923; x_wconf 87' lang='lat'><strong>...</strong></span> 
     </span>
    </p>
   </div>
   <div class='ocr_carea' id='block_1_34' title="bbox 111 1899 1701 1972">
    <p class='ocr_par' dir='ltr' id='par_1_34' title="bbox 111 1899 1701 1972">
     <span class='ocr_line' id='line_1_35' title="bbox 111 1899 1701 1972; baseline 0.009 -22"><span class='ocrx_word' id='word_1_293' title='bbox 111 1899 293 1953; x_wconf 86' lang='lat' dir='ltr'><strong>cimus</strong></span> <span class='ocrx_word' id='word_1_294' title='bbox 327 1918 338 1952; x_wconf 93' lang='lat'>:</span> <span class='ocrx_word' id='word_1_295' title='bbox 373 1899 547 1954; x_wconf 84' lang='lat' dir='ltr'><strong>Audi:</strong></span> <span class='ocrx_word' id='word_1_296' title='bbox 599 1903 852 1972; x_wconf 81' lang='lat' dir='ltr'><strong>scriptum</strong></span> <span class='ocrx_word' id='word_1_297' title='bbox 893 1914 977 1960; x_wconf 86' lang='lat' dir='ltr'><strong>est</strong></span> <span class='ocrx_word' id='word_1_298' title='bbox 1025 1904 1184 1962; x_wconf 88' lang='lat' dir='ltr'><strong>Patre</strong></span> <span class='ocrx_word' id='word_1_299' title='bbox 1221 1910 1434 1965; x_wconf 88' lang='lat' dir='ltr'><strong>dicente</strong></span> <span class='ocrx_word' id='word_1_300' title='bbox 1467 1930 1478 1964; x_wconf 93' lang='lat'>:</span> <span class='ocrx_word' id='word_1_301' title='bbox 1516 1912 1701 1965; x_wconf 85' lang='lat' dir='ltr'><strong>Tecum</strong></span> 
     </span>
    </p>
   </div>
   <div class='ocr_carea' id='block_1_35' title="bbox 109 1989 1702 2066">
    <p class='ocr_par' dir='ltr' id='par_1_35' title="bbox 109 1989 1702 2066">
     <span class='ocr_line' id='line_1_36' title="bbox 109 1989 1702 2066; baseline 0.011 -28"><span class='ocrx_word' id='word_1_302' title='bbox 109 1989 429 2057; x_wconf 78' lang='lat' dir='ltr'><strong>principium</strong></span> <span class='ocrx_word' id='word_1_303' title='bbox 471 1991 525 2042; x_wconf 90' lang='lat' dir='ltr'><strong>in</strong></span> <span class='ocrx_word' id='word_1_304' title='bbox 572 1991 656 2044; x_wconf 84' lang='lat' dir='ltr'><strong>die</strong></span> <span class='ocrx_word' id='word_1_305' title='bbox 682 1994 881 2047; x_wconf 83' lang='lat' dir='ltr'><strong>virtutis</strong></span> <span class='ocrx_word' id='word_1_306' title='bbox 919 2003 1021 2049; x_wconf 71' lang='lat' dir='ltr'><strong>tuae</strong></span> <span class='ocrx_word' id='word_1_307' title='bbox 1047 1999 1100 2050; x_wconf 88' lang='lat' dir='ltr'><strong>in</strong></span> <span class='ocrx_word' id='word_1_308' title='bbox 1121 1998 1475 2066; x_wconf 83' lang='lat' dir='ltr'><strong>splendoribus</strong></span> <span class='ocrx_word' id='word_1_309' title='bbox 1495 2010 1702 2056; x_wconf 54' lang='lat' dir='ltr'><strong>sanctos</strong></span> 
     </span>
    </p>
   </div>
   <div class='ocr_carea' id='block_1_36' title="bbox 109 2082 1700 2159">
    <p class='ocr_par' dir='ltr' id='par_1_36' title="bbox 109 2082 1700 2159">
     <span class='ocr_line' id='line_1_37' title="bbox 109 2082 1700 2159; baseline 0.01 -32"><span class='ocrx_word' id='word_1_310' title='bbox 109 2092 249 2142; x_wconf 87' lang='lat' dir='ltr'><strong>rum,</strong></span> <span class='ocrx_word' id='word_1_311' title='bbox 282 2093 347 2129; x_wconf 80' lang='lat' dir='ltr'><strong>ea:</strong></span> <span class='ocrx_word' id='word_1_312' title='bbox 371 2086 514 2132; x_wconf 87' lang='lat' dir='ltr'><strong>utero</strong></span> <span class='ocrx_word' id='word_1_313' title='bbox 543 2088 666 2134; x_wconf 86' lang='lat' dir='ltr'><strong>ante</strong></span> <span class='ocrx_word' id='word_1_314' title='bbox 685 2082 952 2152; x_wconf 74' lang='lat' dir='ltr'><strong>luciferum</strong></span> <span class='ocrx_word' id='word_1_315' title='bbox 981 2083 1133 2154; x_wconf 80' lang='lat' dir='ltr'><strong>genui</strong></span> <span class='ocrx_word' id='word_1_316' title='bbox 1156 2096 1202 2139; x_wconf 89' lang='lat' dir='ltr'><strong>te</strong></span> <span class='ocrx_word' id='word_1_317' title='bbox 1234 2087 1404 2157; x_wconf 80' lang='lat' dir='ltr'><strong>(Psal.</strong></span> <span class='ocrx_word' id='word_1_318' title='bbox 1438 2089 1579 2157; x_wconf 80' lang='lat' dir='ltr'><strong>crx);</strong></span> <span class='ocrx_word' id='word_1_319' title='bbox 1610 2091 1700 2159; x_wconf 90' lang='lat' dir='ltr'><strong>qui</strong></span> 
     </span>
    </p>
   </div>
   <div class='ocr_carea' id='block_1_37' title="bbox 110 2163 1699 2236">
    <p class='ocr_par' dir='ltr' id='par_1_37' title="bbox 110 2163 1699 2236">
     <span class='ocr_line' id='line_1_38' title="bbox 110 2163 1699 2236; baseline 0.013 -22"><span class='ocrx_word' id='word_1_320' title='bbox 110 2163 244 2218; x_wconf 84' lang='lat' dir='ltr'><strong>dicit</strong></span> <span class='ocrx_word' id='word_1_321' title='bbox 268 2174 339 2228; x_wconf 89' lang='lat' dir='ltr'><strong>te,</strong></span> <span class='ocrx_word' id='word_1_322' title='bbox 364 2166 526 2220; x_wconf 91' lang='lat' dir='ltr'><strong>alium</strong></span> <span class='ocrx_word' id='word_1_323' title='bbox 555 2172 791 2224; x_wconf 87' lang='lat' dir='ltr'><strong>ostendit</strong></span> <span class='ocrx_word' id='word_1_324' title='bbox 818 2187 956 2236; x_wconf 90' lang='lat' dir='ltr'><strong>esse,</strong></span> <span class='ocrx_word' id='word_1_325' title='bbox 988 2174 1090 2228; x_wconf 90' lang='lat' dir='ltr'><strong>hoc</strong></span> <span class='ocrx_word' id='word_1_326' title='bbox 1130 2184 1212 2230; x_wconf 88' lang='lat' dir='ltr'><strong>est</strong></span> <span class='ocrx_word' id='word_1_327' title='bbox 1260 2179 1550 2232; x_wconf 77' lang='lat' dir='ltr'><strong>secundum</strong></span> <span class='ocrx_word' id='word_1_328' title='bbox 1581 2195 1610 2231; x_wconf 91' lang='lat' dir='ltr'><strong>a</strong></span> <span class='ocrx_word' id='word_1_329' title='bbox 1639 2195 1699 2235; x_wconf 84' lang='lat' dir='ltr'><strong>se</strong></span> 
     </span>
    </p>
   </div>
   <div class='ocr_carea' id='block_1_38' title="bbox 109 2252 1697 2336">
    <p class='ocr_par' dir='ltr' id='par_1_38' title="bbox 109 2252 1697 2336">
     <span class='ocr_line' id='line_1_39' title="bbox 109 2252 1697 2336; baseline 0.012 -31"><span class='ocrx_word' id='word_1_330' title='bbox 109 2252 307 2308; x_wconf 88' lang='lat' dir='ltr'><strong>Filium</strong></span> <span class='ocrx_word' id='word_1_331' title='bbox 355 2271 531 2321; x_wconf 87' lang='lat' dir='ltr'><strong>suum,</strong></span> <span class='ocrx_word' id='word_1_332' title='bbox 562 2259 626 2311; x_wconf 88' lang='lat' dir='ltr'><strong>ad</strong></span> <span class='ocrx_word' id='word_1_333' title='bbox 656 2275 816 2328; x_wconf 91' lang='lat' dir='ltr'><strong>quem</strong></span> <span class='ocrx_word' id='word_1_334' title='bbox 845 2263 976 2317; x_wconf 89' lang='lat' dir='ltr'><strong>dicit</strong></span> <span class='ocrx_word' id='word_1_335' title='bbox 1023 2272 1072 2317; x_wconf 85' lang='lat' dir='ltr'><strong>te</strong></span> <span class='ocrx_word' id='word_1_336' title='bbox 1094 2281 1112 2318; x_wconf 91' lang='lat'><em>:</em></span> <span class='ocrx_word' id='word_1_337' title='bbox 1145 2275 1192 2318; x_wconf 87' lang='lat' dir='ltr'><strong>te</strong></span> <span class='ocrx_word' id='word_1_338' title='bbox 1214 2268 1304 2334; x_wconf 90' lang='lat' dir='ltr'><strong>qui</strong></span> <span class='ocrx_word' id='word_1_339' title='bbox 1331 2267 1482 2336; x_wconf 77' lang='lat' dir='ltr'><strong>dipit,</strong></span> <span class='ocrx_word' id='word_1_340' title='bbox 1526 2278 1587 2323; x_wconf 86' lang='lat' dir='ltr'><strong>et</strong></span> <span class='ocrx_word' id='word_1_341' title='bbox 1616 2272 1697 2325; x_wconf 88' lang='lat' dir='ltr'><strong>sui</strong></span> 
     </span>
    </p>
   </div>
   <div class='ocr_carea' id='block_1_39' title="bbox 110 2343 1698 2420">
    <p class='ocr_par' dir='ltr' id='par_1_39' title="bbox 110 2343 1698 2420">
     <span class='ocr_line' id='line_1_40' title="bbox 110 2343 1698 2420; baseline 0.013 -26"><span class='ocrx_word' id='word_1_342' title='bbox 110 2343 411 2412; x_wconf 88' lang='lat' dir='ltr'><strong>loquentis,</strong></span> <span class='ocrx_word' id='word_1_343' title='bbox 456 2355 511 2399; x_wconf 92' lang='lat' dir='ltr'><strong>et</strong></span> <span class='ocrx_word' id='word_1_344' title='bbox 561 2350 626 2400; x_wconf 89' lang='lat' dir='ltr'><strong>ad</strong></span> <span class='ocrx_word' id='word_1_345' title='bbox 683 2365 841 2418; x_wconf 90' lang='lat' dir='ltr'><strong>quem</strong></span> <span class='ocrx_word' id='word_1_346' title='bbox 882 2351 1120 2420; x_wconf 89' lang='lat' dir='ltr'><strong>loquitur</strong></span> <span class='ocrx_word' id='word_1_347' title='bbox 1155 2354 1288 2409; x_wconf 85' lang='lat' dir='ltr'><strong>duas</strong></span> <span class='ocrx_word' id='word_1_348' title='bbox 1315 2356 1551 2412; x_wconf 87' lang='lat' dir='ltr'><strong>declarat</strong></span> <span class='ocrx_word' id='word_1_349' title='bbox 1580 2373 1698 2414; x_wconf 89' lang='lat' dir='ltr'><strong>esse</strong></span> 
     </span>
    </p>
   </div>
   <div class='ocr_carea' id='block_1_40' title="bbox 109 2436 1697 2518">
    <p class='ocr_par' dir='ltr' id='par_1_40' title="bbox 109 2436 1697 2518">
     <span class='ocr_line' id='line_1_41' title="bbox 109 2436 1697 2518; baseline 0.011 -32"><span class='ocrx_word' id='word_1_350' title='bbox 109 2449 394 2501; x_wconf 89' lang='lat' dir='ltr'><strong>personas.</strong></span> <span class='ocrx_word' id='word_1_351' title='bbox 425 2436 510 2490; x_wconf 77' lang='lat' dir='ltr'><strong>Ea:</strong></span> <span class='ocrx_word' id='word_1_352' title='bbox 532 2450 695 2503; x_wconf 85' lang='lat' dir='ltr'><strong>utero,</strong></span> <span class='ocrx_word' id='word_1_353' title='bbox 728 2442 822 2506; x_wconf 90' lang='lat' dir='ltr'><strong>ait,</strong></span> <span class='ocrx_word' id='word_1_354' title='bbox 845 2453 965 2497; x_wconf 84' lang='lat' dir='ltr'><strong>ante</strong></span> <span class='ocrx_word' id='word_1_355' title='bbox 985 2445 1254 2514; x_wconf 77' lang='lat' dir='ltr'><strong>luciferum</strong></span> <span class='ocrx_word' id='word_1_356' title='bbox 1281 2451 1434 2518; x_wconf 84' lang='lat' dir='ltr'><strong>genui</strong></span> <span class='ocrx_word' id='word_1_357' title='bbox 1475 2459 1542 2503; x_wconf 89' lang='lat' dir='ltr'><strong>te.</strong></span> <span class='ocrx_word' id='word_1_358' title='bbox 1573 2451 1697 2506; x_wconf 77' lang='lat' dir='ltr'><strong>Ute-</strong></span> 
     </span>
    </p>
   </div>
   <div class='ocr_carea' id='block_1_41' title="bbox 110 2526 1694 2605">
    <p class='ocr_par' dir='ltr' id='par_1_41' title="bbox 110 2526 1694 2605">
     <span class='ocr_line' id='line_1_42' title="bbox 110 2526 1694 2605; baseline 0.011 -28"><span class='ocrx_word' id='word_1_359' title='bbox 110 2541 224 2578; x_wconf 88' lang='lat' dir='ltr'><strong>rum</strong></span> <span class='ocrx_word' id='word_1_360' title='bbox 255 2526 346 2581; x_wconf 85' lang='lat' dir='ltr'><strong>hic</strong></span> <span class='ocrx_word' id='word_1_361' title='bbox 374 2528 670 2595; x_wconf 85' lang='lat' dir='ltr'><strong>majestatis</strong></span> <span class='ocrx_word' id='word_1_362' title='bbox 706 2546 920 2586; x_wconf 87' lang='lat' dir='ltr'><strong>sensum</strong></span> <span class='ocrx_word' id='word_1_363' title='bbox 977 2536 1236 2605; x_wconf 80' lang='lat' dir='ltr'><strong>intelligo,</strong></span> <span class='ocrx_word' id='word_1_364' title='bbox 1284 2540 1694 2594; x_wconf 81' lang='lat' dir='ltr'><strong>inenarrabilem</strong></span> 
     </span>
    </p>
   </div>
   <div class='ocr_carea' id='block_1_42' title="bbox 109 2614 1695 2695">
    <p class='ocr_par' dir='ltr' id='par_1_42' title="bbox 109 2614 1695 2695">
     <span class='ocr_line' id='line_1_43' title="bbox 109 2614 1695 2695; baseline 0.011 -29"><span class='ocrx_word' id='word_1_365' title='bbox 109 2614 526 2681; x_wconf 88' lang='lat' dir='ltr'><strong>plenitudinem,</strong></span> <span class='ocrx_word' id='word_1_366' title='bbox 557 2619 986 2691; x_wconf 77' lang='lat' dir='ltr'><strong>profunduque</strong></span> <span class='ocrx_word' id='word_1_367' title='bbox 1015 2627 1348 2695; x_wconf 87' lang='lat' dir='ltr'><strong>mysterium,</strong></span> <span class='ocrx_word' id='word_1_368' title='bbox 1372 2628 1466 2682; x_wconf 91' lang='lat' dir='ltr'><strong>Dei</strong></span> <span class='ocrx_word' id='word_1_369' title='bbox 1490 2631 1695 2684; x_wconf 88' lang='lat' dir='ltr'><strong>incom-</strong></span> 
     </span>
    </p>
   </div>
   <div class='ocr_carea' id='block_1_43' title="bbox 112 2703 1705 2787">
    <p class='ocr_par' dir='ltr' id='par_1_43' title="bbox 112 2703 1705 2787">
     <span class='ocr_line' id='line_1_44' title="bbox 112 2703 1705 2787; baseline 0.013 -34"><span class='ocrx_word' id='word_1_370' title='bbox 112 2703 532 2769; x_wconf 86' lang='lat' dir='ltr'><strong>prehensibiiem</strong></span> <span class='ocrx_word' id='word_1_371' title='bbox 586 2708 906 2776; x_wconf 80' lang='lat' dir='ltr'><strong>sapientiam</strong></span> <span class='ocrx_word' id='word_1_372' title='bbox 935 2729 947 2762; x_wconf 95' lang='lat'>:</span> <span class='ocrx_word' id='word_1_373' title='bbox 980 2722 1100 2765; x_wconf 87' lang='lat' dir='ltr'><strong>ante</strong></span> <span class='ocrx_word' id='word_1_374' title='bbox 1139 2714 1408 2785; x_wconf 78' lang='lat' dir='ltr'><strong>luciferum</strong></span> <span class='ocrx_word' id='word_1_375' title='bbox 1436 2720 1588 2787; x_wconf 87' lang='lat' dir='ltr'><strong>genui</strong></span> <span class='ocrx_word' id='word_1_376' title='bbox 1618 2729 1705 2784; x_wconf 63' lang='lat' dir='ltr'><strong>te;-</strong></span> 
     </span>
    </p>
   </div>
   <div class='ocr_carea' id='block_1_44' title="bbox 111 2791 1692 2873">
    <p class='ocr_par' dir='ltr' id='par_1_44' title="bbox 111 2791 1692 2873">
     <span class='ocr_line' id='line_1_45' title="bbox 111 2791 1692 2873; baseline 0.013 -30"><span class='ocrx_word' id='word_1_377' title='bbox 111 2791 215 2855; x_wconf 83' lang='lat' dir='ltr'><strong>vel,</strong></span> <span class='ocrx_word' id='word_1_378' title='bbox 247 2802 376 2847; x_wconf 87' lang='lat' dir='ltr'><strong>ante</strong></span> <span class='ocrx_word' id='word_1_379' title='bbox 403 2795 526 2849; x_wconf 79' lang='lat' dir='ltr'><strong>cceli</strong></span> <span class='ocrx_word' id='word_1_380' title='bbox 556 2805 821 2865; x_wconf 89' lang='lat' dir='ltr'><strong>ornatum,</strong></span> <span class='ocrx_word' id='word_1_381' title='bbox 855 2801 939 2854; x_wconf 86' lang='lat' dir='ltr'><strong>vel</strong></span> <span class='ocrx_word' id='word_1_382' title='bbox 967 2811 1092 2856; x_wconf 89' lang='lat' dir='ltr'><strong>ante</strong></span> <span class='ocrx_word' id='word_1_383' title='bbox 1120 2802 1348 2873; x_wconf 81' lang='lat' dir='ltr'><strong>Spiritus</strong></span> <span class='ocrx_word' id='word_1_384' title='bbox 1387 2809 1559 2863; x_wconf 89' lang='lat' dir='ltr'><strong>sancti</strong></span> <span class='ocrx_word' id='word_1_385' title='bbox 1588 2811 1692 2863; x_wconf 37' lang='lat' dir='ltr'><strong>inii</strong></span> 
     </span>
    </p>
   </div>
   <div class='ocr_carea' id='block_1_45' title="bbox 115 2884 1693 2973">
    <p class='ocr_par' dir='ltr' id='par_1_45' title="bbox 115 2884 1693 2973">
     <span class='ocr_line' id='line_1_46' title="bbox 115 2884 1693 2973; baseline 0.012 -37"><span class='ocrx_word' id='word_1_386' title='bbox 115 2884 264 2949; x_wconf 88' lang='lat' dir='ltr'><strong>tium,</strong></span> <span class='ocrx_word' id='word_1_387' title='bbox 296 2888 310 2916; x_wconf 89' lang='grc'>¹</span> <span class='ocrx_word' id='word_1_388' title='bbox 329 2887 454 2954; x_wconf 91' lang='lat' dir='ltr'><strong>quia</strong></span> <span class='ocrx_word' id='word_1_389' title='bbox 477 2888 590 2957; x_wconf 92' lang='lat' dir='ltr'><strong>ipse</strong></span> <span class='ocrx_word' id='word_1_390' title='bbox 600 2888 837 2958; x_wconf 86' lang='lat' dir='ltr'><strong>Spiritus</strong></span> <span class='ocrx_word' id='word_1_391' title='bbox 852 2901 1069 2948; x_wconf 87' lang='lat' dir='ltr'><strong>sanctus</strong></span> <span class='ocrx_word' id='word_1_392' title='bbox 1094 2895 1280 2951; x_wconf 75' lang='lat' dir='ltr'><strong>lucifer</strong></span> <span class='ocrx_word' id='word_1_393' title='bbox 1301 2895 1513 2963; x_wconf 90' lang='lat' dir='ltr'><strong>dicitur,</strong></span> <span class='ocrx_word' id='word_1_394' title='bbox 1533 2901 1693 2973; x_wconf 68' lang='grc'><strong>749</strong></span> 
     </span>
    </p>
   </div>
   <div class='ocr_carea' id='block_1_46' title="bbox 115 2973 1692 3046">
    <p class='ocr_par' dir='ltr' id='par_1_46' title="bbox 115 2973 1692 3046">
     <span class='ocr_line' id='line_1_47' title="bbox 115 2973 1692 3046; baseline 0.013 -22"><span class='ocrx_word' id='word_1_395' title='bbox 115 2973 203 3039; x_wconf 86' lang='lat' dir='ltr'><strong>qui</strong></span> <span class='ocrx_word' id='word_1_396' title='bbox 233 2973 409 3028; x_wconf 91' lang='lat' dir='ltr'><strong>lucem</strong></span> <span class='ocrx_word' id='word_1_397' title='bbox 440 2977 679 3032; x_wconf 75' lang='lat' dir='ltr'><strong>veritatis</strong></span> <span class='ocrx_word' id='word_1_398' title='bbox 714 2988 769 3033; x_wconf 91' lang='lat' dir='ltr'><strong>et</strong></span> <span class='ocrx_word' id='word_1_399' title='bbox 794 2982 948 3036; x_wconf 67' lang='lat' dir='ltr'><strong>honre</strong></span> <span class='ocrx_word' id='word_1_400' title='bbox 979 2983 1098 3037; x_wconf 90' lang='lat' dir='ltr'><strong>ﬁdei</strong></span> <span class='ocrx_word' id='word_1_401' title='bbox 1127 2986 1395 3042; x_wconf 88' lang='lat' dir='ltr'><strong>mentibus</strong></span> <span class='ocrx_word' id='word_1_402' title='bbox 1445 2988 1692 3046; x_wconf 87' lang='lat' dir='ltr'><strong>humanis</strong></span> 
     </span>
    </p>
   </div>
   <div class='ocr_carea' id='block_1_47' title="bbox 116 3061 1690 3140">
    <p class='ocr_par' dir='ltr' id='par_1_47' title="bbox 116 3061 1690 3140">
     <span class='ocr_line' id='line_1_48' title="bbox 116 3061 1690 3140; baseline 0.013 -25"><span class='ocrx_word' id='word_1_403' title='bbox 116 3061 377 3129; x_wconf 77' lang='lat' dir='ltr'><strong>infundit;</strong></span> <span class='ocrx_word' id='word_1_404' title='bbox 426 3068 623 3135; x_wconf 89' lang='lat' dir='ltr'><strong>quique</strong></span> <span class='ocrx_word' id='word_1_405' title='bbox 657 3085 756 3138; x_wconf 91' lang='lat' dir='ltr'><strong>per</strong></span> <span class='ocrx_word' id='word_1_406' title='bbox 781 3071 1076 3140; x_wconf 82' lang='lat' dir='ltr'><strong>prophetas</strong></span> <span class='ocrx_word' id='word_1_407' title='bbox 1100 3077 1290 3130; x_wconf 65' lang='lat' dir='ltr'><strong>aeterni</strong></span> <span class='ocrx_word' id='word_1_408' title='bbox 1316 3079 1444 3132; x_wconf 91' lang='lat' dir='ltr'><strong>solis</strong></span> <span class='ocrx_word' id='word_1_409' title='bbox 1494 3081 1690 3135; x_wconf 89' lang='lat' dir='ltr'><strong>Christi</strong></span> 
     </span>
    </p>
   </div>
   <div class='ocr_carea' id='block_1_48' title="bbox 118 3153 2014 3246">
    <p class='ocr_par' dir='ltr' id='par_1_48' title="bbox 118 3153 2014 3246">
     <span class='ocr_line' id='line_1_49' title="bbox 118 3153 2014 3246; baseline 0.013 -42"><span class='ocrx_word' id='word_1_410' title='bbox 118 3165 172 3204; x_wconf 78' lang='lat' dir='ltr'><strong>ut</strong></span> <span class='ocrx_word' id='word_1_411' title='bbox 203 3153 390 3208; x_wconf 85' lang='lat' dir='ltr'><strong>luciier</strong></span> <span class='ocrx_word' id='word_1_412' title='bbox 427 3156 714 3211; x_wconf 85' lang='lat' dir='ltr'><strong>adventum</strong></span> <span class='ocrx_word' id='word_1_413' title='bbox 760 3162 1053 3228; x_wconf 64' lang='lat' dir='ltr'><strong>saepissime</strong></span> <span class='ocrx_word' id='word_1_414' title='bbox 1096 3166 1377 3220; x_wconf 82' lang='lat' dir='ltr'><strong>nuntiavit.</strong></span> <span class='ocrx_word' id='word_1_415' title='bbox 1426 3167 1560 3222; x_wconf 90' lang='lat' dir='ltr'><strong>Nam</strong></span> <span class='ocrx_word' id='word_1_416' title='bbox 1589 3171 1689 3225; x_wconf 90' lang='lat' dir='ltr'><strong>iste</strong></span> <span class='ocrx_word' id='word_1_417' title='bbox 1715 3173 1762 3239; x_wconf 73' lang='grc' dir='ltr'>α</span> <span class='ocrx_word' id='word_1_418' title='bbox 1793 3191 1845 3245; x_wconf 70' lang='lat' dir='ltr'><strong>in</strong></span> <span class='ocrx_word' id='word_1_419' title='bbox 1899 3153 2014 3246; x_wconf 54' lang='grc' dir='ltr'><strong>ίξιέέ</strong></span> 
     </span>
    </p>
   </div>
   <div class='ocr_carea' id='block_1_49' title="bbox 119 3236 1688 3321">
    <p class='ocr_par' dir='ltr' id='par_1_49' title="bbox 119 3236 1688 3321">
     <span class='ocr_line' id='line_1_50' title="bbox 119 3236 1688 3321; baseline 0.015 -30"><span class='ocrx_word' id='word_1_420' title='bbox 119 3236 371 3295; x_wconf 88' lang='lat' dir='ltr'><strong>Dominus</strong></span> <span class='ocrx_word' id='word_1_421' title='bbox 415 3240 659 3299; x_wconf 88' lang='lat' dir='ltr'><strong>Christus</strong></span> <span class='ocrx_word' id='word_1_422' title='bbox 688 3247 851 3302; x_wconf 88' lang='lat' dir='ltr'><strong>Filius</strong></span> <span class='ocrx_word' id='word_1_423' title='bbox 881 3250 977 3304; x_wconf 89' lang='lat' dir='ltr'><strong>Dei</strong></span> <span class='ocrx_word' id='word_1_424' title='bbox 1004 3253 1185 3307; x_wconf 90' lang='lat' dir='ltr'><strong>multis</strong></span> <span class='ocrx_word' id='word_1_425' title='bbox 1229 3257 1450 3321; x_wconf 85' lang='lat' dir='ltr'><strong>sanctis,</strong></span> <span class='ocrx_word' id='word_1_426' title='bbox 1480 3266 1535 3312; x_wconf 87' lang='lat' dir='ltr'><strong>et</strong></span> <span class='ocrx_word' id='word_1_427' title='bbox 1562 3267 1688 3315; x_wconf 86' lang='lat' dir='ltr'><strong>ante</strong></span> 
     </span>
    </p>
   </div>
   <div class='ocr_carea' id='block_1_50' title="bbox 119 3330 1683 3420">
    <p class='ocr_par' dir='ltr' id='par_1_50' title="bbox 119 3330 1683 3420">
     <span class='ocr_line' id='line_1_51' title="bbox 119 3330 1683 3420; baseline 0.017 -40"><span class='ocrx_word' id='word_1_428' title='bbox 119 3330 258 3384; x_wconf 65' lang='lat' dir='ltr'><strong>Visus</strong></span> <span class='ocrx_word' id='word_1_429' title='bbox 282 3341 387 3397; x_wconf 84' lang='lat' dir='ltr'><strong>est,</strong></span> <span class='ocrx_word' id='word_1_430' title='bbox 416 3342 472 3388; x_wconf 91' lang='lat' dir='ltr'><strong>et</strong></span> <span class='ocrx_word' id='word_1_431' title='bbox 509 3338 652 3404; x_wconf 90' lang='lat' dir='ltr'><strong>prius</strong></span> <span class='ocrx_word' id='word_1_432' title='bbox 681 3342 990 3408; x_wconf 88' lang='lat' dir='ltr'><strong>apparuisse</strong></span> <span class='ocrx_word' id='word_1_433' title='bbox 1034 3345 1362 3411; x_wconf 86' lang='lat' dir='ltr'><strong>dignoscitur</strong></span> <span class='ocrx_word' id='word_1_434' title='bbox 1392 3367 1404 3402; x_wconf 92' lang='lat'><strong><em>:</em></strong></span> <span class='ocrx_word' id='word_1_435' title='bbox 1438 3349 1683 3420; x_wconf 71' lang='lat' dir='ltr'><strong>Abrahm,</strong></span> 
     </span>
    </p>
   </div>
   <div class='ocr_carea' id='block_1_51' title="bbox 119 3420 1686 3511">
    <p class='ocr_par' dir='ltr' id='par_1_51' title="bbox 119 3420 1686 3511">
     <span class='ocr_line' id='line_1_52' title="bbox 119 3420 1686 3511; baseline 0.019 -40"><span class='ocrx_word' id='word_1_436' title='bbox 119 3427 171 3472; x_wconf 88' lang='lat' dir='ltr'><strong>et</strong></span> <span class='ocrx_word' id='word_1_437' title='bbox 205 3420 392 3481; x_wconf 67' lang='lat' dir='ltr'><strong>Iacob.</strong></span> <span class='ocrx_word' id='word_1_438' title='bbox 424 3432 479 3478; x_wconf 89' lang='lat' dir='ltr'><strong>ct</strong></span> <span class='ocrx_word' id='word_1_439' title='bbox 504 3425 692 3498; x_wconf 78' lang='lat' dir='ltr'><strong>Moysi,</strong></span> <span class='ocrx_word' id='word_1_440' title='bbox 726 3439 780 3484; x_wconf 91' lang='lat' dir='ltr'><strong>et</strong></span> <span class='ocrx_word' id='word_1_441' title='bbox 829 3431 948 3487; x_wconf 89' lang='lat' dir='ltr'><strong>ﬁliis</strong></span> <span class='ocrx_word' id='word_1_442' title='bbox 972 3434 1135 3491; x_wconf 85' lang='lat' dir='ltr'><strong>Israel</strong></span> <span class='ocrx_word' id='word_1_443' title='bbox 1163 3439 1217 3491; x_wconf 92' lang='lat' dir='ltr'><strong>in</strong></span> <span class='ocrx_word' id='word_1_444' title='bbox 1260 3441 1508 3496; x_wconf 87' lang='lat' dir='ltr'><strong>columna</strong></span> <span class='ocrx_word' id='word_1_445' title='bbox 1551 3444 1686 3511; x_wconf 87' lang='lat' dir='ltr'><strong>ignis</strong></span> 
     </span>
    </p>
   </div>
   <div class='ocr_carea' id='block_1_52' title="bbox 122 3511 1686 3601">
    <p class='ocr_par' dir='ltr' id='par_1_52' title="bbox 122 3511 1686 3601">
     <span class='ocr_line' id='line_1_53' title="bbox 122 3511 1686 3601; baseline 0.019 -41"><span class='ocrx_word' id='word_1_446' title='bbox 122 3513 173 3560; x_wconf 88' lang='lat' dir='ltr'><strong>et</strong></span> <span class='ocrx_word' id='word_1_447' title='bbox 201 3511 377 3579; x_wconf 85' lang='lat' dir='ltr'><strong>nubis,</strong></span> <span class='ocrx_word' id='word_1_448' title='bbox 405 3513 472 3567; x_wconf 90' lang='lat' dir='ltr'><strong>de</strong></span> <span class='ocrx_word' id='word_1_449' title='bbox 499 3531 604 3584; x_wconf 90' lang='lat' dir='ltr'><strong>quo</strong></span> <span class='ocrx_word' id='word_1_450' title='bbox 634 3517 774 3574; x_wconf 91' lang='lat' dir='ltr'><strong>Deus</strong></span> <span class='ocrx_word' id='word_1_451' title='bbox 798 3518 960 3576; x_wconf 82' lang='lat' dir='ltr'><strong>Pater</strong></span> <span class='ocrx_word' id='word_1_452' title='bbox 986 3525 1195 3581; x_wconf 76' lang='lat' dir='ltr'><strong>dixerat</strong></span> <span class='ocrx_word' id='word_1_453' title='bbox 1218 3547 1230 3581; x_wconf 93' lang='lat'>:</span> <span class='ocrx_word' id='word_1_454' title='bbox 1263 3530 1397 3585; x_wconf 84' lang='lat' dir='ltr'><strong>Ecce</strong></span> <span class='ocrx_word' id='word_1_455' title='bbox 1416 3549 1508 3601; x_wconf 86' lang='lat' dir='ltr'><strong>ego</strong></span> <span class='ocrx_word' id='word_1_456' title='bbox 1541 3537 1686 3589; x_wconf 89' lang='lat' dir='ltr'><strong>mitto</strong></span> 
     </span>
    </p>
   </div>
   <div class='ocr_carea' id='block_1_53' title="bbox 120 3598 1687 3689">
    <p class='ocr_par' dir='ltr' id='par_1_53' title="bbox 120 3598 1687 3689">
     <span class='ocr_line' id='line_1_54' title="bbox 120 3598 1687 3689; baseline 0.022 -44"><span class='ocrx_word' id='word_1_457' title='bbox 120 3598 357 3664; x_wconf 85' lang='lat' dir='ltr'><strong>angelum</strong></span> <span class='ocrx_word' id='word_1_458' title='bbox 396 3618 562 3656; x_wconf 85' lang='lat' dir='ltr'><strong>meum</strong></span> <span class='ocrx_word' id='word_1_459' title='bbox 609 3617 731 3660; x_wconf 86' lang='lat' dir='ltr'><strong>ante</strong></span> <span class='ocrx_word' id='word_1_460' title='bbox 777 3608 964 3679; x_wconf 75' lang='lat' dir='ltr'><strong>faciem</strong></span> <span class='ocrx_word' id='word_1_461' title='bbox 1010 3623 1169 3680; x_wconf 88' lang='lat' dir='ltr'><strong>tuam,</strong></span> <span class='ocrx_word' id='word_1_462' title='bbox 1209 3621 1294 3689; x_wconf 89' lang='lat' dir='ltr'><strong>qui</strong></span> <span class='ocrx_word' id='word_1_463' title='bbox 1321 3598 1526 3688; x_wconf 42' lang='lat' dir='ltr'><strong>para—bit</strong></span> <span class='ocrx_word' id='word_1_464' title='bbox 1553 3627 1687 3679; x_wconf 86' lang='lat' dir='ltr'><strong>viam</strong></span> 
     </span>
    </p>
   </div>
   <div class='ocr_carea' id='block_1_54' title="bbox 123 3691 1685 3780">
    <p class='ocr_par' dir='ltr' id='par_1_54' title="bbox 123 3691 1685 3780">
     <span class='ocr_line' id='line_1_55' title="bbox 123 3691 1685 3780; baseline 0.022 -46"><span class='ocrx_word' id='word_1_465' title='bbox 123 3692 259 3738; x_wconf 87' lang='lat' dir='ltr'><strong>tuam</strong></span> <span class='ocrx_word' id='word_1_466' title='bbox 311 3699 434 3741; x_wconf 79' lang='lat' dir='ltr'><strong>ante</strong></span> <span class='ocrx_word' id='word_1_467' title='bbox 473 3699 519 3743; x_wconf 86' lang='lat' dir='ltr'><strong>te</strong></span> <span class='ocrx_word' id='word_1_468' title='bbox 547 3691 739 3762; x_wconf 71' lang='lat' dir='ltr'><strong>(Marc.</strong></span> <span class='ocrx_word' id='word_1_469' title='bbox 768 3699 841 3766; x_wconf 82' lang='lat' dir='ltr'><strong>l);</strong></span> <span class='ocrx_word' id='word_1_470' title='bbox 871 3709 926 3753; x_wconf 89' lang='lat' dir='ltr'><strong>et</strong></span> <span class='ocrx_word' id='word_1_471' title='bbox 971 3700 1078 3756; x_wconf 91' lang='lat' dir='ltr'><strong>ﬁlio</strong></span> <span class='ocrx_word' id='word_1_472' title='bbox 1107 3704 1249 3760; x_wconf 83' lang='lat' dir='ltr'><strong>Nave</strong></span> <span class='ocrx_word' id='word_1_473' title='bbox 1275 3709 1390 3777; x_wconf 89' lang='lat' dir='ltr'><strong>ipse</strong></span> <span class='ocrx_word' id='word_1_474' title='bbox 1410 3712 1554 3766; x_wconf 85' lang='lat' dir='ltr'><strong>visus</strong></span> <span class='ocrx_word' id='word_1_475' title='bbox 1583 3723 1685 3780; x_wconf 83' lang='lat' dir='ltr'><strong>est,</strong></span> 
     </span>
    </p>
   </div>
   <div class='ocr_carea' id='block_1_55' title="bbox 121 3773 1686 3861">
    <p class='ocr_par' dir='ltr' id='par_1_55' title="bbox 121 3773 1686 3861">
     <span class='ocr_line' id='line_1_56' title="bbox 121 3773 1686 3861; baseline 0.022 -38"><span class='ocrx_word' id='word_1_476' title='bbox 121 3773 205 3838; x_wconf 89' lang='lat' dir='ltr'><strong>qui</strong></span> <span class='ocrx_word' id='word_1_477' title='bbox 235 3783 288 3827; x_wconf 88' lang='lat' dir='ltr'><strong>et</strong></span> <span class='ocrx_word' id='word_1_478' title='bbox 314 3776 524 3832; x_wconf 88' lang='lat' dir='ltr'><strong>dicebat</strong></span> <span class='ocrx_word' id='word_1_479' title='bbox 557 3798 569 3832; x_wconf 90' lang='lat'>:</span> <span class='ocrx_word' id='word_1_480' title='bbox 604 3782 718 3850; x_wconf 84' lang='lat' dir='ltr'><strong>Ego</strong></span> <span class='ocrx_word' id='word_1_481' title='bbox 747 3803 859 3839; x_wconf 85' lang='lat' dir='ltr'><strong>sum</strong></span> <span class='ocrx_word' id='word_1_482' title='bbox 879 3792 1116 3861; x_wconf 81' lang='lat' dir='ltr'><strong>princeps</strong></span> <span class='ocrx_word' id='word_1_483' title='bbox 1138 3773 1336 3852; x_wconf 73' lang='lat' dir='ltr'><strong>militia:</strong></span> <span class='ocrx_word' id='word_1_484' title='bbox 1356 3801 1555 3855; x_wconf 86' lang='lat' dir='ltr'><strong>virtutis</strong></span> <span class='ocrx_word' id='word_1_485' title='bbox 1578 3773 1686 3856; x_wconf 53' lang='lat' dir='ltr'><strong>Do;</strong></span> 
     </span>
    </p>
   </div>
   <div class='ocr_carea' id='block_1_56' title="bbox 124 3863 1688 3961">
    <p class='ocr_par' dir='ltr' id='par_1_56' title="bbox 124 3863 1688 3961">
     <span class='ocr_line' id='line_1_57' title="bbox 124 3863 1688 3961; baseline 0.023 -49"><span class='ocrx_word' id='word_1_486' title='bbox 124 3863 242 3961; x_wconf 68' lang='lat' dir='ltr'><strong>mini</strong></span> <span class='ocrx_word' id='word_1_487' title='bbox 263 3864 441 3933; x_wconf 86' lang='lat' dir='ltr'><strong>(Josue</strong></span> <span class='ocrx_word' id='word_1_488' title='bbox 470 3869 566 3938; x_wconf 83' lang='lat' dir='ltr'><strong>ill),</strong></span> <span class='ocrx_word' id='word_1_489' title='bbox 599 3874 784 3943; x_wconf 87' lang='lat' dir='ltr'><strong>utique</strong></span> <span class='ocrx_word' id='word_1_490' title='bbox 812 3885 865 3930; x_wconf 90' lang='lat' dir='ltr'><strong>et</strong></span> <span class='ocrx_word' id='word_1_491' title='bbox 895 3878 1060 3936; x_wconf 80' lang='lat' dir='ltr'><strong>Filius</strong></span> <span class='ocrx_word' id='word_1_492' title='bbox 1088 3891 1170 3937; x_wconf 91' lang='lat' dir='ltr'><strong>est</strong></span> <span class='ocrx_word' id='word_1_493' title='bbox 1205 3884 1402 3953; x_wconf 85' lang='lat' dir='ltr'><strong>Patris;</strong></span> <span class='ocrx_word' id='word_1_494' title='bbox 1436 3899 1491 3943; x_wconf 90' lang='lat' dir='ltr'><strong>et</strong></span> <span class='ocrx_word' id='word_1_495' title='bbox 1512 3892 1688 3961; x_wconf 89' lang='lat' dir='ltr'><strong>Ange-</strong></span> 
     </span>
    </p>
   </div>
   <div class='ocr_carea' id='block_1_57' title="bbox 121 3945 1689 4045">
    <p class='ocr_par' dir='ltr' id='par_1_57' title="bbox 121 3945 1689 4045">
     <span class='ocr_line' id='line_1_58' title="bbox 121 3945 1689 4045; baseline 0.023 -43"><span class='ocrx_word' id='word_1_496' title='bbox 121 3945 200 4045; x_wconf 67' lang='lat' dir='ltr'><strong>lus</strong></span> <span class='ocrx_word' id='word_1_497' title='bbox 225 3953 341 4020; x_wconf 86' lang='lat' dir='ltr'><strong>ejus</strong></span> <span class='ocrx_word' id='word_1_498' title='bbox 369 3957 584 4025; x_wconf 91' lang='lat' dir='ltr'><strong>dicitur,</strong></span> <span class='ocrx_word' id='word_1_499' title='bbox 611 3963 661 4016; x_wconf 91' lang='lat' dir='ltr'><strong>id</strong></span> <span class='ocrx_word' id='word_1_500' title='bbox 688 3973 770 4018; x_wconf 86' lang='lat' dir='ltr'><strong>est</strong></span> <span class='ocrx_word' id='word_1_501' title='bbox 792 3970 1032 4038; x_wconf 89' lang='lat' dir='ltr'><strong>nuntius,</strong></span> <span class='ocrx_word' id='word_1_502' title='bbox 1057 3979 1111 4026; x_wconf 91' lang='lat' dir='ltr'><strong>et</strong></span> <span class='ocrx_word' id='word_1_503' title='bbox 1132 3945 1411 4045; x_wconf 64' lang='lat' dir='ltr'><strong>propheta,</strong></span> <span class='ocrx_word' id='word_1_504' title='bbox 1437 3988 1491 4033; x_wconf 89' lang='lat' dir='ltr'><strong>et</strong></span> <span class='ocrx_word' id='word_1_505' title='bbox 1516 3945 1689 4036; x_wconf 62' lang='lat' dir='ltr'><strong>succr-</strong></span> 
     </span>
    </p>
   </div>
   <div class='ocr_carea' id='block_1_58' title="bbox 123 4037 1688 4138">
    <p class='ocr_par' dir='ltr' id='par_1_58' title="bbox 123 4037 1688 4138">
     <span class='ocr_line' id='line_1_59' title="bbox 123 4037 1688 4138; baseline 0.025 -48"><span class='ocrx_word' id='word_1_506' title='bbox 123 4037 233 4109; x_wconf 83' lang='lat' dir='ltr'><strong>dos,</strong></span> <span class='ocrx_word' id='word_1_507' title='bbox 262 4053 316 4099; x_wconf 90' lang='lat' dir='ltr'><strong>et</strong></span> <span class='ocrx_word' id='word_1_508' title='bbox 342 4062 493 4115; x_wconf 91' lang='lat' dir='ltr'><strong>puer,</strong></span> <span class='ocrx_word' id='word_1_509' title='bbox 526 4060 581 4104; x_wconf 91' lang='lat' dir='ltr'><strong>et</strong></span> <span class='ocrx_word' id='word_1_510' title='bbox 607 4053 916 4124; x_wconf 85' lang='lat' dir='ltr'><strong>advocatus,</strong></span> <span class='ocrx_word' id='word_1_511' title='bbox 941 4071 995 4114; x_wconf 90' lang='lat' dir='ltr'><strong>et</strong></span> <span class='ocrx_word' id='word_1_512' title='bbox 1022 4037 1210 4129; x_wconf 78' lang='lat' dir='ltr'><strong>virtus,</strong></span> <span class='ocrx_word' id='word_1_513' title='bbox 1233 4037 1294 4121; x_wconf 68' lang='lat' dir='ltr'><strong>et</strong></span> <span class='ocrx_word' id='word_1_514' title='bbox 1323 4071 1600 4138; x_wconf 88' lang='lat' dir='ltr'><strong>sapientia,</strong></span> <span class='ocrx_word' id='word_1_515' title='bbox 1631 4083 1688 4128; x_wconf 90' lang='lat' dir='ltr'><strong>et</strong></span> 
     </span>
    </p>
   </div>
   <div class='ocr_carea' id='block_1_59' title="bbox 123 4135 1684 4229">
    <p class='ocr_par' dir='ltr' id='par_1_59' title="bbox 123 4135 1684 4229">
     <span class='ocr_line' id='line_1_60' title="bbox 123 4135 1684 4229; baseline 0.023 -46"><span class='ocrx_word' id='word_1_516' title='bbox 123 4137 322 4229; x_wconf 46' lang='lat' dir='ltr'><strong>cetera.</strong></span> <span class='ocrx_word' id='word_1_517' title='bbox 346 4135 482 4190; x_wconf 83' lang='lat' dir='ltr'><strong>Nam</strong></span> <span class='ocrx_word' id='word_1_518' title='bbox 501 4142 629 4229; x_wconf 79' lang='lat' dir='ltr'><strong>q‘uia</strong></span> <span class='ocrx_word' id='word_1_519' title='bbox 650 4142 875 4200; x_wconf 69' lang='lat' dir='ltr'><strong>Abt-aha:</strong></span> <span class='ocrx_word' id='word_1_520' title='bbox 898 4149 1040 4205; x_wconf 86' lang='lat' dir='ltr'><strong>visus</strong></span> <span class='ocrx_word' id='word_1_521' title='bbox 1067 4162 1172 4221; x_wconf 89' lang='lat' dir='ltr'><strong>est,</strong></span> <span class='ocrx_word' id='word_1_522' title='bbox 1199 4157 1320 4210; x_wconf 89' lang='lat' dir='ltr'><strong>audi</strong></span> <span class='ocrx_word' id='word_1_523' title='bbox 1354 4135 1684 4229; x_wconf 73' lang='lat' dir='ltr'><strong>scripturam</strong></span> 
     </span>
    </p>
   </div>
   <div class='ocr_carea' id='block_1_60' title="bbox 125 4214 1685 4315">
    <p class='ocr_par' dir='ltr' id='par_1_60' title="bbox 125 4214 1685 4315">
     <span class='ocr_line' id='line_1_61' title="bbox 125 4214 1685 4315; baseline 0.022 -44"><span class='ocrx_word' id='word_1_524' title='bbox 125 4214 322 4315; x_wconf 60' lang='lat' dir='ltr'><strong>(Cenes.</strong></span> <span class='ocrx_word' id='word_1_525' title='bbox 380 4226 518 4294; x_wconf 78' lang='lat' dir='ltr'><strong>nu)</strong></span> <span class='ocrx_word' id='word_1_526' title='bbox 566 4229 831 4288; x_wconf 86' lang='lat' dir='ltr'><strong>dicentem</strong></span> <span class='ocrx_word' id='word_1_527' title='bbox 875 4254 889 4288; x_wconf 84' lang='lat'><strong>:</strong></span> <span class='ocrx_word' id='word_1_528' title='bbox 943 4214 1167 4295; x_wconf 42' lang='lat' dir='ltr'><strong>Vocavit&#39;</strong></span> <span class='ocrx_word' id='word_1_529' title='bbox 1208 4249 1422 4315; x_wconf 87' lang='lat' dir='ltr'><strong>angelus</strong></span> 
     </span>
    </p>
   </div>
   <div class='ocr_carea' id='block_1_61' title="bbox 123 4305 1682 4407">
    <p class='ocr_par' dir='ltr' id='par_1_61' title="bbox 123 4305 1682 4407">
     <span class='ocr_line' id='line_1_62' title="bbox 123 4305 1682 4407; baseline 0.027 -51"><span class='ocrx_word' id='word_1_530' title='bbox 123 4305 373 4367; x_wconf 80' lang='lat' dir='ltr'><strong>Abraham</strong></span> <span class='ocrx_word' id='word_1_531' title='bbox 402 4317 464 4368; x_wconf 81' lang='lat' dir='ltr'><strong>de</strong></span> <span class='ocrx_word' id='word_1_532' title='bbox 486 4321 628 4386; x_wconf 67' lang='lat' dir='ltr'><strong>calo,</strong></span> <span class='ocrx_word' id='word_1_533' title='bbox 655 4333 705 4376; x_wconf 88' lang='lat' dir='ltr'><strong>et</strong></span> <span class='ocrx_word' id='word_1_534' title='bbox 748 4327 861 4380; x_wconf 87' lang='lat' dir='ltr'><strong>ait:</strong></span> <span class='ocrx_word' id='word_1_535' title='bbox 910 4328 1191 4401; x_wconf 78' lang='lat' dir='ltr'><strong>Abraham,</strong></span> <span class='ocrx_word' id='word_1_536' title='bbox 1246 4305 1528 4407; x_wconf 57' lang='lat' dir='ltr'><strong>Abraham,</strong></span> <span class='ocrx_word' id='word_1_537' title='bbox 1575 4360 1682 4397; x_wconf 83' lang='lat' dir='ltr'><strong>non</strong></span> 
     </span>
    </p>
   </div>
   <div class='ocr_carea' id='block_1_62' title="bbox 123 4403 1678 4490">
    <p class='ocr_par' dir='ltr' id='par_1_62' title="bbox 123 4403 1678 4490">
     <span class='ocr_line' id='line_1_63' title="bbox 123 4403 1678 4490; baseline 0.026 -40"><span class='ocrx_word' id='word_1_538' title='bbox 123 4403 354 4459; x_wconf 79' lang='lat' dir='ltr'><strong>txtendes</strong></span> <span class='ocrx_word' id='word_1_539' title='bbox 374 4423 580 4466; x_wconf 86' lang='lat' dir='ltr'><strong>manum</strong></span> <span class='ocrx_word' id='word_1_540' title='bbox 607 4422 746 4468; x_wconf 86' lang='lat' dir='ltr'><strong>tuam</strong></span> <span class='ocrx_word' id='word_1_541' title='bbox 765 4433 916 4488; x_wconf 85' lang='lat' dir='ltr'><strong>super</strong></span> <span class='ocrx_word' id='word_1_542' title='bbox 942 4438 1154 4490; x_wconf 84' lang='lat' dir='ltr'><strong>puerum</strong></span> <span class='ocrx_word' id='word_1_543' title='bbox 1196 4465 1211 4477; x_wconf 95' lang='lat'><strong>.</strong></span> <span class='ocrx_word' id='word_1_544' title='bbox 1291 4467 1305 4482; x_wconf 93' lang='lat'><strong>.</strong></span> <span class='ocrx_word' id='word_1_545' title='bbox 1384 4468 1398 4482; x_wconf 97' lang='lat'><strong>.</strong></span> <span class='ocrx_word' id='word_1_546' title='bbox 1476 4403 1522 4486; x_wconf 24' lang='lat' dir='ltr'><strong>.i</strong></span> <span class='ocrx_word' id='word_1_547' title='bbox 1569 4473 1583 4488; x_wconf 94' lang='lat'><strong>.</strong></span> <span class='ocrx_word' id='word_1_548' title='bbox 1663 4472 1678 4490; x_wconf 93' lang='lat'><strong>.</strong></span> 
     </span>
    </p>
   </div>
   <div class='ocr_carea' id='block_1_63' title="bbox 1802 1931 3378 2012">
    <p class='ocr_par' dir='ltr' id='par_1_63' title="bbox 1802 1931 3378 2012">
     <span class='ocr_line' id='line_1_64' title="bbox 1802 1931 3378 2012; baseline 0.01 -27"><span class='ocrx_word' id='word_1_549' title='bbox 1802 1931 1917 1999; x_wconf 89' lang='lat' dir='ltr'><strong>ipse</strong></span> <span class='ocrx_word' id='word_1_550' title='bbox 1992 1968 2007 1987; x_wconf 87' lang='lat'><strong>.</strong></span> <span class='ocrx_word' id='word_1_551' title='bbox 2084 1969 2099 1987; x_wconf 90' lang='lat'><strong>.</strong></span> <span class='ocrx_word' id='word_1_552' title='bbox 2179 1967 2193 1987; x_wconf 84' lang='lat'><strong>.</strong></span> <span class='ocrx_word' id='word_1_553' title='bbox 2272 1969 2286 1987; x_wconf 86' lang='lat'><strong>.</strong></span> <span class='ocrx_word' id='word_1_554' title='bbox 2341 1935 2534 1990; x_wconf 87' lang='lat' dir='ltr'><strong>deinde</strong></span> <span class='ocrx_word' id='word_1_555' title='bbox 2554 1938 3049 2012; x_wconf 74' lang='lat' dir='ltr'><strong>dicitur(Exod.m)</strong></span> <span class='ocrx_word' id='word_1_556' title='bbox 3077 1951 3130 1997; x_wconf 89' lang='lat' dir='ltr'><strong>et</strong></span> <span class='ocrx_word' id='word_1_557' title='bbox 3149 1944 3378 2000; x_wconf 79' lang='lat' dir='ltr'><strong>dixisse:</strong></span> 
     </span>
    </p>
   </div>
   <div class='ocr_carea' id='block_1_64' title="bbox 1800 2020 3378 2095">
    <p class='ocr_par' dir='ltr' id='par_1_64' title="bbox 1800 2020 3378 2095">
     <span class='ocr_line' id='line_1_65' title="bbox 1800 2020 3378 2095; baseline 0.01 -21"><span class='ocrx_word' id='word_1_558' title='bbox 1800 2020 1914 2093; x_wconf 86' lang='lat' dir='ltr'><strong>Ego</strong></span> <span class='ocrx_word' id='word_1_559' title='bbox 1943 2039 2054 2076; x_wconf 88' lang='lat' dir='ltr'><strong>sum</strong></span> <span class='ocrx_word' id='word_1_560' title='bbox 2074 2022 2213 2077; x_wconf 81' lang='lat' dir='ltr'><strong>Deus</strong></span> <span class='ocrx_word' id='word_1_561' title='bbox 2239 2022 2518 2092; x_wconf 85' lang='lat' dir='ltr'><strong>Abraham,</strong></span> <span class='ocrx_word' id='word_1_562' title='bbox 2550 2038 2600 2081; x_wconf 89' lang='lat' dir='ltr'><strong>et</strong></span> <span class='ocrx_word' id='word_1_563' title='bbox 2621 2028 2796 2095; x_wconf 80' lang='lat' dir='ltr'><strong>Isaac,</strong></span> <span class='ocrx_word' id='word_1_564' title='bbox 2823 2040 2872 2084; x_wconf 88' lang='lat' dir='ltr'><strong>et</strong></span> <span class='ocrx_word' id='word_1_565' title='bbox 2890 2029 3051 2085; x_wconf 73' lang='lat' dir='ltr'><strong>Iacob</strong></span> <span class='ocrx_word' id='word_1_566' title='bbox 3083 2075 3093 2086; x_wconf 95' lang='lat'><strong>.</strong></span> <span class='ocrx_word' id='word_1_567' title='bbox 3174 2072 3188 2086; x_wconf 92' lang='lat'><strong>.</strong></span> <span class='ocrx_word' id='word_1_568' title='bbox 3267 2073 3282 2087; x_wconf 94' lang='lat'><strong>.</strong></span> <span class='ocrx_word' id='word_1_569' title='bbox 3362 2075 3378 2089; x_wconf 92' lang='lat'><strong>.</strong></span> 
     </span>
    </p>
   </div>
   <div class='ocr_carea' id='block_1_65' title="bbox 1801 2111 3381 2192">
    <p class='ocr_par' dir='ltr' id='par_1_65' title="bbox 1801 2111 3381 2192">
     <span class='ocr_line' id='line_1_66' title="bbox 1801 2111 3381 2192; baseline 0.008 -26"><span class='ocrx_word' id='word_1_570' title='bbox 1801 2111 1910 2167; x_wconf 91' lang='lat' dir='ltr'><strong>ﬁlio</strong></span> <span class='ocrx_word' id='word_1_571' title='bbox 1931 2113 2076 2169; x_wconf 86' lang='lat' dir='ltr'><strong>Nave</strong></span> <span class='ocrx_word' id='word_1_572' title='bbox 2105 2116 2158 2169; x_wconf 91' lang='lat' dir='ltr'><strong>in</strong></span> <span class='ocrx_word' id='word_1_573' title='bbox 2183 2116 2302 2184; x_wconf 87' lang='lat' dir='ltr'><strong>ripa</strong></span> <span class='ocrx_word' id='word_1_574' title='bbox 2333 2113 2564 2171; x_wconf 80' lang='lat' dir='ltr'><strong>ﬂuminis</strong></span> <span class='ocrx_word' id='word_1_575' title='bbox 2580 2121 2742 2173; x_wconf 86' lang='lat' dir='ltr'><strong>stanti</strong></span> <span class='ocrx_word' id='word_1_576' title='bbox 2759 2120 2824 2174; x_wconf 88' lang='lat' dir='ltr'><strong>ad</strong></span> <span class='ocrx_word' id='word_1_577' title='bbox 2843 2119 3056 2176; x_wconf 82' lang='lat' dir='ltr'><strong>Jericho</strong></span> <span class='ocrx_word' id='word_1_578' title='bbox 3068 2123 3381 2192; x_wconf 78' lang='lat' dir='ltr'><strong>apparuisse</strong></span> 
     </span>
    </p>
   </div>
   <div class='ocr_carea' id='block_1_66' title="bbox 1803 2204 3378 2282">
    <p class='ocr_par' dir='ltr' id='par_1_66' title="bbox 1803 2204 3378 2282">
     <span class='ocr_line' id='line_1_67' title="bbox 1803 2204 3378 2282; baseline 0.008 -25"><span class='ocrx_word' id='word_1_579' title='bbox 1803 2245 1818 2258; x_wconf 94' lang='lat'><strong>.</strong></span> <span class='ocrx_word' id='word_1_580' title='bbox 1897 2241 1911 2259; x_wconf 90' lang='lat'><strong>.</strong></span> <span class='ocrx_word' id='word_1_581' title='bbox 1989 2244 2004 2258; x_wconf 94' lang='lat'><strong>.</strong></span> <span class='ocrx_word' id='word_1_582' title='bbox 2084 2244 2098 2258; x_wconf 93' lang='lat'><strong>.</strong></span> <span class='ocrx_word' id='word_1_583' title='bbox 2179 2245 2193 2260; x_wconf 94' lang='lat'><strong>.</strong></span> <span class='ocrx_word' id='word_1_584' title='bbox 2270 2243 2284 2260; x_wconf 92' lang='lat'><strong>.</strong></span> <span class='ocrx_word' id='word_1_585' title='bbox 2361 2208 2534 2278; x_wconf 86' lang='lat' dir='ltr'><strong>ipsum</strong></span> <span class='ocrx_word' id='word_1_586' title='bbox 2555 2204 2837 2265; x_wconf 89' lang='lat' dir='ltr'><strong>Dominum</strong></span> <span class='ocrx_word' id='word_1_587' title='bbox 2858 2211 3378 2282; x_wconf 85' lang='lat' dir='ltr'><strong>Christumgladium</strong></span> 
     </span>
    </p>
   </div>
   <div class='ocr_carea' id='block_1_67' title="bbox 1798 2296 3379 2365">
    <p class='ocr_par' dir='ltr' id='par_1_67' title="bbox 1798 2296 3379 2365">
     <span class='ocr_line' id='line_1_68' title="bbox 1798 2296 3379 2365; baseline 0.01 -17"><span class='ocrx_word' id='word_1_588' title='bbox 1798 2303 2070 2350; x_wconf 84' lang='lat' dir='ltr'><strong>tenentem</strong></span> <span class='ocrx_word' id='word_1_589' title='bbox 2097 2296 2149 2350; x_wconf 92' lang='lat' dir='ltr'><strong>in</strong></span> <span class='ocrx_word' id='word_1_590' title='bbox 2178 2312 2360 2361; x_wconf 89' lang='lat' dir='ltr'><strong>manu,</strong></span> <span class='ocrx_word' id='word_1_591' title='bbox 2389 2300 2474 2352; x_wconf 92' lang='lat' dir='ltr'><strong>cui</strong></span> <span class='ocrx_word' id='word_1_592' title='bbox 2503 2314 2622 2354; x_wconf 91' lang='lat' dir='ltr'><strong>cum</strong></span> <span class='ocrx_word' id='word_1_593' title='bbox 2644 2299 2844 2356; x_wconf 88' lang='lat' dir='ltr'><strong>diceret</strong></span> <span class='ocrx_word' id='word_1_594' title='bbox 2889 2298 3042 2359; x_wconf 83' lang='lat' dir='ltr'><strong>Jesus</strong></span> <span class='ocrx_word' id='word_1_595' title='bbox 3075 2323 3087 2357; x_wconf 92' lang='lat'><strong>:</strong></span> <span class='ocrx_word' id='word_1_596' title='bbox 3122 2305 3379 2365; x_wconf 88' lang='lat' dir='ltr'><strong>Dominus</strong></span> 
     </span>
    </p>
   </div>
   <div class='ocr_carea' id='block_1_68' title="bbox 1796 2387 3375 2453">
    <p class='ocr_par' dir='ltr' id='par_1_68' title="bbox 1796 2387 3375 2453">
     <span class='ocr_line' id='line_1_69' title="bbox 1796 2387 3375 2453; baseline 0.008 -15"><span class='ocrx_word' id='word_1_597' title='bbox 1796 2393 1980 2439; x_wconf 89' lang='lat' dir='ltr'><strong>noster</strong></span> <span class='ocrx_word' id='word_1_598' title='bbox 2025 2403 2102 2453; x_wconf 88' lang='lat' dir='ltr'><strong>es,</strong></span> <span class='ocrx_word' id='word_1_599' title='bbox 2133 2402 2198 2440; x_wconf 88' lang='lat' dir='ltr'><strong>an</strong></span> <span class='ocrx_word' id='word_1_600' title='bbox 2228 2387 2696 2443; x_wconf 82' lang='lat' dir='ltr'><strong>adversariorum?</strong></span> <span class='ocrx_word' id='word_1_601' title='bbox 2723 2393 2798 2445; x_wconf 88' lang='lat' dir='ltr'><strong>ait</strong></span> <span class='ocrx_word' id='word_1_602' title='bbox 2840 2391 3094 2449; x_wconf 86' lang='lat' dir='ltr'><strong>Dominus</strong></span> <span class='ocrx_word' id='word_1_603' title='bbox 3121 2396 3188 2449; x_wconf 78' lang='lat' dir='ltr'><strong>ad</strong></span> <span class='ocrx_word' id='word_1_604' title='bbox 3213 2411 3334 2450; x_wconf 90' lang='lat' dir='ltr'><strong>eum</strong></span> <span class='ocrx_word' id='word_1_605' title='bbox 3360 2414 3375 2451; x_wconf 86' lang='lat'><strong>:</strong></span> 
     </span>
    </p>
   </div>
   <div class='ocr_carea' id='block_1_69' title="bbox 1799 2473 3373 2560">
    <p class='ocr_par' dir='ltr' id='par_1_69' title="bbox 1799 2473 3373 2560">
     <span class='ocr_line' id='line_1_70' title="bbox 1799 2473 3373 2560; baseline 0.014 -37"><span class='ocrx_word' id='word_1_606' title='bbox 1799 2474 1819 2505; x_wconf 83' lang='grc'><strong><em>³</em></strong></span> <span class='ocrx_word' id='word_1_607' title='bbox 1842 2474 1954 2545; x_wconf 86' lang='lat' dir='ltr'><strong>Ego</strong></span> <span class='ocrx_word' id='word_1_608' title='bbox 1977 2490 2089 2528; x_wconf 84' lang='lat' dir='ltr'><strong>sum</strong></span> <span class='ocrx_word' id='word_1_609' title='bbox 2118 2479 2354 2544; x_wconf 72' lang='lat' dir='ltr'><strong>princeps</strong></span> <span class='ocrx_word' id='word_1_610' title='bbox 2380 2473 2580 2534; x_wconf 61' lang='lat' dir='ltr'><strong>militiae</strong></span> <span class='ocrx_word' id='word_1_611' title='bbox 2602 2482 2802 2536; x_wconf 83' lang='lat' dir='ltr'><strong>virtutis</strong></span> <span class='ocrx_word' id='word_1_612' title='bbox 2830 2483 3041 2539; x_wconf 84' lang='lat' dir='ltr'><strong>Domini</strong></span> <span class='ocrx_word' id='word_1_613' title='bbox 3071 2487 3251 2554; x_wconf 79' lang='lat' dir='ltr'><strong>(Josue</strong></span> <span class='ocrx_word' id='word_1_614' title='bbox 3270 2489 3373 2560; x_wconf 78' lang='lat' dir='ltr'><strong>in);</strong></span> 
     </span>
    </p>
   </div>
   <div class='ocr_carea' id='block_1_70' title="bbox 1797 2564 3375 2645">
    <p class='ocr_par' dir='ltr' id='par_1_70' title="bbox 1797 2564 3375 2645">
     <span class='ocr_line' id='line_1_71' title="bbox 1797 2564 3375 2645; baseline 0.011 -29"><span class='ocrx_word' id='word_1_615' title='bbox 1797 2564 1896 2616; x_wconf 90' lang='lat' dir='ltr'><strong>iste</strong></span> <span class='ocrx_word' id='word_1_616' title='bbox 1927 2573 2007 2618; x_wconf 90' lang='lat' dir='ltr'><strong>est</strong></span> <span class='ocrx_word' id='word_1_617' title='bbox 2027 2564 2275 2634; x_wconf 89' lang='lat' dir='ltr'><strong>princeps</strong></span> <span class='ocrx_word' id='word_1_618' title='bbox 2303 2567 2659 2636; x_wconf 89' lang='lat' dir='ltr'><strong>principatum</strong></span> <span class='ocrx_word' id='word_1_619' title='bbox 2679 2585 2942 2639; x_wconf 64' lang='lat' dir='ltr'><strong>quaerens,</strong></span> <span class='ocrx_word' id='word_1_620' title='bbox 2976 2575 3196 2645; x_wconf 82' lang='lat' dir='ltr'><strong>ipseque</strong></span> <span class='ocrx_word' id='word_1_621' title='bbox 3225 2590 3320 2632; x_wconf 77' lang='lat' dir='ltr'><strong>rex</strong></span> <span class='ocrx_word' id='word_1_622' title='bbox 3343 2592 3375 2633; x_wconf 81' lang='lat' dir='ltr'><strong>a</strong></span> 
     </span>
    </p>
   </div>
   <div class='ocr_carea' id='block_1_71' title="bbox 1796 2649 3376 2740">
    <p class='ocr_par' dir='ltr' id='par_1_71' title="bbox 1796 2649 3376 2740">
     <span class='ocr_line' id='line_1_72' title="bbox 1796 2649 3376 2740; baseline 0.014 -39"><span class='ocrx_word' id='word_1_623' title='bbox 1796 2649 1954 2706; x_wconf 88' lang='lat' dir='ltr'><strong>Patre</strong></span> <span class='ocrx_word' id='word_1_624' title='bbox 1998 2653 2338 2719; x_wconf 90' lang='lat' dir='ltr'><strong>constitutus,</strong></span> <span class='ocrx_word' id='word_1_625' title='bbox 2396 2656 2513 2725; x_wconf 91' lang='lat' dir='ltr'><strong>ipso</strong></span> <span class='ocrx_word' id='word_1_626' title='bbox 2567 2665 2800 2715; x_wconf 85' lang='lat' dir='ltr'><strong>testante</strong></span> <span class='ocrx_word' id='word_1_627' title='bbox 2855 2670 2910 2716; x_wconf 89' lang='lat' dir='ltr'><strong>et</strong></span> <span class='ocrx_word' id='word_1_628' title='bbox 2943 2662 3154 2720; x_wconf 88' lang='lat' dir='ltr'><strong>dicente</strong></span> <span class='ocrx_word' id='word_1_629' title='bbox 3204 2684 3217 2720; x_wconf 89' lang='lat'><strong>:</strong></span> <span class='ocrx_word' id='word_1_630' title='bbox 3261 2665 3376 2740; x_wconf 82' lang='lat' dir='ltr'><strong>Ego</strong></span> 
     </span>
    </p>
   </div>
   <div class='ocr_carea' id='block_1_72' title="bbox 1795 2742 3374 2825">
    <p class='ocr_par' dir='ltr' id='par_1_72' title="bbox 1795 2742 3374 2825">
     <span class='ocr_line' id='line_1_73' title="bbox 1795 2742 3374 2825; baseline 0.014 -31"><span class='ocrx_word' id='word_1_631' title='bbox 1795 2751 1963 2796; x_wconf 87' lang='lat' dir='ltr'><strong>autem</strong></span> <span class='ocrx_word' id='word_1_632' title='bbox 1992 2742 2295 2798; x_wconf 76' lang='lat' dir='ltr'><strong>constitutus</strong></span> <span class='ocrx_word' id='word_1_633' title='bbox 2317 2762 2429 2800; x_wconf 89' lang='lat' dir='ltr'><strong>sum</strong></span> <span class='ocrx_word' id='word_1_634' title='bbox 2458 2765 2550 2802; x_wconf 68' lang='lat' dir='ltr'><strong>rex</strong></span> <span class='ocrx_word' id='word_1_635' title='bbox 2580 2749 2647 2802; x_wconf 80' lang='lat' dir='ltr'><strong>ab</strong></span> <span class='ocrx_word' id='word_1_636' title='bbox 2669 2767 2729 2804; x_wconf 86' lang='lat' dir='ltr'><strong>eo</strong></span> <span class='ocrx_word' id='word_1_637' title='bbox 2753 2752 2924 2822; x_wconf 88' lang='lat' dir='ltr'><strong>(Psal.</strong></span> <span class='ocrx_word' id='word_1_638' title='bbox 2956 2756 3037 2825; x_wconf 88' lang='grc' dir='ltr'><strong>ιι).</strong></span> <span class='ocrx_word' id='word_1_639' title='bbox 3062 2756 3193 2811; x_wconf 81' lang='lat' dir='ltr'><strong>Nam</strong></span> <span class='ocrx_word' id='word_1_640' title='bbox 3218 2766 3274 2812; x_wconf 85' lang='lat' dir='ltr'><strong>et</strong></span> <span class='ocrx_word' id='word_1_641' title='bbox 3318 2755 3374 2816; x_wconf 85' lang='lat' dir='ltr'><strong>in</strong></span> 
     </span>
    </p>
   </div>
   <div class='ocr_carea' id='block_1_73' title="bbox 1793 2831 3374 2915">
    <p class='ocr_par' dir='ltr' id='par_1_73' title="bbox 1793 2831 3374 2915">
     <span class='ocr_line' id='line_1_74' title="bbox 1793 2831 3374 2915; baseline 0.011 -29"><span class='ocrx_word' id='word_1_642' title='bbox 1793 2831 2025 2903; x_wconf 89' lang='lat' dir='ltr'><strong>quodam</strong></span> <span class='ocrx_word' id='word_1_643' title='bbox 2077 2836 2284 2903; x_wconf 90' lang='lat' dir='ltr'><strong>psalmo</strong></span> <span class='ocrx_word' id='word_1_644' title='bbox 2331 2851 2398 2890; x_wconf 86' lang='lat' dir='ltr'><strong>ex</strong></span> <span class='ocrx_word' id='word_1_645' title='bbox 2444 2854 2671 2906; x_wconf 82' lang='lat' dir='ltr'><strong>persona</strong></span> <span class='ocrx_word' id='word_1_646' title='bbox 2699 2841 2862 2910; x_wconf 86' lang='lat' dir='ltr'><strong>ipsius</strong></span> <span class='ocrx_word' id='word_1_647' title='bbox 2887 2842 3084 2899; x_wconf 88' lang='lat' dir='ltr'><strong>Christi</strong></span> <span class='ocrx_word' id='word_1_648' title='bbox 3106 2847 3374 2915; x_wconf 84' lang='lat' dir='ltr'><strong>loquentis</strong></span> 
     </span>
    </p>
   </div>
   <div class='ocr_carea' id='block_1_74' title="bbox 1795 2919 3372 3002">
    <p class='ocr_par' dir='ltr' id='par_1_74' title="bbox 1795 2919 3372 3002">
     <span class='ocr_line' id='line_1_75' title="bbox 1795 2919 3372 3002; baseline 0.011 -26"><span class='ocrx_word' id='word_1_649' title='bbox 1795 2919 2009 2978; x_wconf 89' lang='lat' dir='ltr'><strong>dicebat</strong></span> <span class='ocrx_word' id='word_1_650' title='bbox 2037 2924 2203 2978; x_wconf 90' lang='lat' dir='ltr'><strong>David</strong></span> <span class='ocrx_word' id='word_1_651' title='bbox 2236 2943 2249 2978; x_wconf 90' lang='lat'><strong>:</strong></span> <span class='ocrx_word' id='word_1_652' title='bbox 2282 2925 2507 2981; x_wconf 88' lang='lat' dir='ltr'><strong>Immola</strong></span> <span class='ocrx_word' id='word_1_653' title='bbox 2562 2928 2671 2984; x_wconf 87' lang='lat' dir='ltr'><strong>Deo</strong></span> <span class='ocrx_word' id='word_1_654' title='bbox 2712 2933 3027 3002; x_wconf 79' lang='lat' dir='ltr'><strong>sacriﬁcium</strong></span> <span class='ocrx_word' id='word_1_655' title='bbox 3079 2935 3265 3002; x_wconf 78' lang='lat' dir='ltr'><strong>laudis,</strong></span> <span class='ocrx_word' id='word_1_656' title='bbox 3323 2944 3372 2993; x_wconf 83' lang='lat' dir='ltr'><strong>et</strong></span> 
     </span>
    </p>
   </div>
   <div class='ocr_carea' id='block_1_75' title="bbox 1793 3013 3367 3094">
    <p class='ocr_par' dir='ltr' id='par_1_75' title="bbox 1793 3013 3367 3094">
     <span class='ocr_line' id='line_1_76' title="bbox 1793 3013 3367 3094; baseline 0.01 -28"><span class='ocrx_word' id='word_1_657' title='bbox 1793 3013 1947 3066; x_wconf 81' lang='lat' dir='ltr'><strong>redde</strong></span> <span class='ocrx_word' id='word_1_658' title='bbox 1963 3014 2226 3068; x_wconf 84' lang='lat' dir='ltr'><strong>Altissimo</strong></span> <span class='ocrx_word' id='word_1_659' title='bbox 2254 3025 2371 3069; x_wconf 77' lang='lat' dir='ltr'><strong>rota</strong></span> <span class='ocrx_word' id='word_1_660' title='bbox 2400 3027 2504 3080; x_wconf 90' lang='lat' dir='ltr'><strong>tua,</strong></span> <span class='ocrx_word' id='word_1_661' title='bbox 2528 3027 2576 3070; x_wconf 91' lang='lat' dir='ltr'><strong>et</strong></span> <span class='ocrx_word' id='word_1_662' title='bbox 2603 3020 2783 3073; x_wconf 82' lang='lat' dir='ltr'><strong>invoca</strong></span> <span class='ocrx_word' id='word_1_663' title='bbox 2804 3039 2883 3074; x_wconf 89' lang='lat' dir='ltr'><strong>me</strong></span> <span class='ocrx_word' id='word_1_664' title='bbox 2903 3023 2957 3075; x_wconf 87' lang='lat' dir='ltr'><strong>in</strong></span> <span class='ocrx_word' id='word_1_665' title='bbox 2985 3024 3067 3077; x_wconf 79' lang='lat' dir='ltr'><strong>die</strong></span> <span class='ocrx_word' id='word_1_666' title='bbox 3094 3041 3367 3094; x_wconf 61' lang='lat' dir='ltr'><strong>pressura,</strong></span> 
     </span>
    </p>
   </div>
   <div class='ocr_carea' id='block_1_76' title="bbox 1791 3103 3369 3182">
    <p class='ocr_par' dir='ltr' id='par_1_76' title="bbox 1791 3103 3369 3182">
     <span class='ocr_line' id='line_1_77' title="bbox 1791 3103 3369 3182; baseline 0.012 -29"><span class='ocrx_word' id='word_1_667' title='bbox 1791 3111 1841 3154; x_wconf 85' lang='lat' dir='ltr'><strong>et</strong></span> <span class='ocrx_word' id='word_1_668' title='bbox 1858 3103 2074 3171; x_wconf 81' lang='lat' dir='ltr'><strong>eripiam</strong></span> <span class='ocrx_word' id='word_1_669' title='bbox 2097 3112 2162 3167; x_wconf 90' lang='lat' dir='ltr'><strong>te,</strong></span> <span class='ocrx_word' id='word_1_670' title='bbox 2184 3112 2234 3157; x_wconf 84' lang='lat' dir='ltr'><strong>et</strong></span> <span class='ocrx_word' id='word_1_671' title='bbox 2259 3106 2575 3175; x_wconf 79' lang='lat' dir='ltr'><strong>gloriﬁcabis</strong></span> <span class='ocrx_word' id='word_1_672' title='bbox 2600 3125 2680 3162; x_wconf 90' lang='lat' dir='ltr'><strong>me</strong></span> <span class='ocrx_word' id='word_1_673' title='bbox 2701 3111 2872 3180; x_wconf 85' lang='lat' dir='ltr'><strong>(Psal.</strong></span> <span class='ocrx_word' id='word_1_674' title='bbox 2904 3115 3070 3182; x_wconf 80' lang='lat' dir='ltr'><strong>xux).</strong></span> <span class='ocrx_word' id='word_1_675' title='bbox 3104 3116 3369 3172; x_wconf 82' lang='lat' dir='ltr'><strong>Admonet</strong></span> 
     </span>
    </p>
   </div>
   <div class='ocr_carea' id='block_1_77' title="bbox 2062 3195 3367 3267">
    <p class='ocr_par' dir='ltr' id='par_1_77' title="bbox 2062 3195 3367 3267">
     <span class='ocr_line' id='line_1_78' title="bbox 2062 3195 3367 3267; baseline 0.014 -22"><span class='ocrx_word' id='word_1_676' title='bbox 2062 3195 2340 3253; x_wconf 82' lang='lat' dir='ltr'><strong>versiculis</strong></span> <span class='ocrx_word' id='word_1_677' title='bbox 2368 3196 2636 3251; x_wconf 87' lang='lat' dir='ltr'><strong>immolari</strong></span> <span class='ocrx_word' id='word_1_678' title='bbox 2667 3200 2851 3256; x_wconf 89' lang='lat' dir='ltr'><strong>deberi</strong></span> <span class='ocrx_word' id='word_1_679' title='bbox 2880 3203 2988 3257; x_wconf 88' lang='lat' dir='ltr'><strong>Deo</strong></span> <span class='ocrx_word' id='word_1_680' title='bbox 3018 3202 3182 3267; x_wconf 88' lang='lat' dir='ltr'><strong>Patri,</strong></span> <span class='ocrx_word' id='word_1_681' title='bbox 3225 3217 3280 3260; x_wconf 90' lang='lat' dir='ltr'><strong>et</strong></span> <span class='ocrx_word' id='word_1_682' title='bbox 3307 3222 3367 3263; x_wconf 88' lang='lat' dir='ltr'><strong>se</strong></span> 
     </span>
    </p>
   </div>
   <div class='ocr_carea' id='block_1_78' title="bbox 1787 3281 3362 3364">
    <p class='ocr_par' dir='ltr' id='par_1_78' title="bbox 1787 3281 3362 3364">
     <span class='ocr_line' id='line_1_79' title="bbox 1787 3281 3362 3364; baseline 0.011 -30"><span class='ocrx_word' id='word_1_683' title='bbox 1787 3281 2044 3346; x_wconf 87' lang='lat' dir='ltr'><strong>invocari,</strong></span> <span class='ocrx_word' id='word_1_684' title='bbox 2068 3290 2125 3336; x_wconf 87' lang='lat' dir='ltr'><strong>ut</strong></span> <span class='ocrx_word' id='word_1_685' title='bbox 2145 3285 2432 3339; x_wconf 79' lang='lat' dir='ltr'><strong>auxilietur</strong></span> <span class='ocrx_word' id='word_1_686' title='bbox 2451 3287 2782 3356; x_wconf 87' lang='lat' dir='ltr'><strong>supplicibus</strong></span> <span class='ocrx_word' id='word_1_687' title='bbox 2795 3293 2925 3357; x_wconf 91' lang='lat' dir='ltr'><strong>suis,</strong></span> <span class='ocrx_word' id='word_1_688' title='bbox 2951 3303 3111 3362; x_wconf 87' lang='lat' dir='ltr'><strong>prout</strong></span> <span class='ocrx_word' id='word_1_689' title='bbox 3135 3296 3362 3364; x_wconf 78' lang='lat' dir='ltr'><strong>diceret:</strong></span> 
     </span>
    </p>
   </div>
   <div class='ocr_carea' id='block_1_79' title="bbox 1785 3371 3360 3453">
    <p class='ocr_par' dir='ltr' id='par_1_79' title="bbox 1785 3371 3360 3453">
     <span class='ocr_line' id='line_1_80' title="bbox 1785 3371 3360 3453; baseline 0.011 -28"><span class='ocrx_word' id='word_1_690' title='bbox 1785 3373 1948 3427; x_wconf 89' lang='lat' dir='ltr'><strong>redde</strong></span> <span class='ocrx_word' id='word_1_691' title='bbox 1979 3371 2121 3427; x_wconf 91' lang='lat' dir='ltr'><strong>Patri</strong></span> <span class='ocrx_word' id='word_1_692' title='bbox 2152 3374 2470 3444; x_wconf 87' lang='lat' dir='ltr'><strong>obsequium</strong></span> <span class='ocrx_word' id='word_1_693' title='bbox 2499 3377 2688 3444; x_wconf 89' lang='lat' dir='ltr'><strong>laudis,</strong></span> <span class='ocrx_word' id='word_1_694' title='bbox 2721 3386 2776 3433; x_wconf 91' lang='lat' dir='ltr'><strong>et</strong></span> <span class='ocrx_word' id='word_1_695' title='bbox 2813 3395 2912 3448; x_wconf 89' lang='lat' dir='ltr'><strong>ego</strong></span> <span class='ocrx_word' id='word_1_696' title='bbox 2954 3384 3047 3436; x_wconf 88' lang='lat' dir='ltr'><strong>tibi</strong></span> <span class='ocrx_word' id='word_1_697' title='bbox 3094 3388 3360 3453; x_wconf 71' lang='lat' dir='ltr'><strong>prmstabo</strong></span> 
     </span>
    </p>
   </div>
   <div class='ocr_carea' id='block_1_80' title="bbox 1786 3464 3365 3538">
    <p class='ocr_par' dir='ltr' id='par_1_80' title="bbox 1786 3464 3365 3538">
     <span class='ocr_line' id='line_1_81' title="bbox 1786 3464 3365 3538; baseline 0.011 -22"><span class='ocrx_word' id='word_1_698' title='bbox 1786 3464 2039 3517; x_wconf 82' lang='lat' dir='ltr'><strong>auxilium</strong></span> <span class='ocrx_word' id='word_1_699' title='bbox 2069 3467 2427 3533; x_wconf 84' lang='lat' dir='ltr'><strong>protegentis;</strong></span> <span class='ocrx_word' id='word_1_700' title='bbox 2459 3468 2660 3523; x_wconf 89' lang='lat' dir='ltr'><strong>honora</strong></span> <span class='ocrx_word' id='word_1_701' title='bbox 2691 3472 3011 3538; x_wconf 86' lang='lat' dir='ltr'><strong>genitorem,</strong></span> <span class='ocrx_word' id='word_1_702' title='bbox 3058 3483 3114 3528; x_wconf 90' lang='lat' dir='ltr'><strong>et</strong></span> <span class='ocrx_word' id='word_1_703' title='bbox 3158 3492 3244 3530; x_wconf 90' lang='lat' dir='ltr'><strong>me</strong></span> <span class='ocrx_word' id='word_1_704' title='bbox 3283 3477 3365 3533; x_wconf 89' lang='lat' dir='ltr'><strong>in-</strong></span> 
     </span>
    </p>
   </div>
   <div class='ocr_carea' id='block_1_81' title="bbox 1783 3555 3363 3633">
    <p class='ocr_par' dir='ltr' id='par_1_81' title="bbox 1783 3555 3363 3633">
     <span class='ocr_line' id='line_1_82' title="bbox 1783 3555 3363 3633; baseline 0.008 -24"><span class='ocrx_word' id='word_1_705' title='bbox 1783 3555 1968 3609; x_wconf 88' lang='lat' dir='ltr'><strong>venies</strong></span> <span class='ocrx_word' id='word_1_706' title='bbox 1997 3555 2315 3624; x_wconf 87' lang='lat' dir='ltr'><strong>adjutorem.</strong></span> <span class='ocrx_word' id='word_1_707' title='bbox 2360 3555 2510 3612; x_wconf 86' lang='lat' dir='ltr'><strong>Unde</strong></span> <span class='ocrx_word' id='word_1_708' title='bbox 2551 3559 2664 3627; x_wconf 87' lang='lat' dir='ltr'><strong>ipse</strong></span> <span class='ocrx_word' id='word_1_709' title='bbox 2701 3568 2758 3613; x_wconf 91' lang='lat' dir='ltr'><strong>et</strong></span> <span class='ocrx_word' id='word_1_710' title='bbox 2778 3561 2831 3613; x_wconf 88' lang='lat' dir='ltr'><strong>in</strong></span> <span class='ocrx_word' id='word_1_711' title='bbox 2858 3572 3041 3617; x_wconf 85' lang='lat' dir='ltr'><strong>sancto</strong></span> <span class='ocrx_word' id='word_1_712' title='bbox 3073 3563 3363 3633; x_wconf 75' lang='lat' dir='ltr'><strong>EVangelio</strong></span> 
     </span>
    </p>
   </div>
   <div class='ocr_carea' id='block_1_82' title="bbox 1783 3645 3363 3717">
    <p class='ocr_par' dir='ltr' id='par_1_82' title="bbox 1783 3645 3363 3717">
     <span class='ocr_line' id='line_1_83' title="bbox 1783 3645 3363 3717; baseline 0.006 -17"><span class='ocrx_word' id='word_1_713' title='bbox 1783 3645 1995 3700; x_wconf 84' lang='lat' dir='ltr'><strong>dicebat</strong></span> <span class='ocrx_word' id='word_1_714' title='bbox 2029 3665 2040 3698; x_wconf 96' lang='lat'><strong>:</strong></span> <span class='ocrx_word' id='word_1_715' title='bbox 2074 3645 2186 3716; x_wconf 79' lang='lat' dir='ltr'><strong>Ego</strong></span> <span class='ocrx_word' id='word_1_716' title='bbox 2207 3648 2490 3717; x_wconf 78' lang='lat' dir='ltr'><strong>honoriﬁca</strong></span> <span class='ocrx_word' id='word_1_717' title='bbox 2523 3647 2735 3702; x_wconf 87' lang='lat' dir='ltr'><strong>Patrem</strong></span> <span class='ocrx_word' id='word_1_718' title='bbox 2759 3667 2945 3703; x_wconf 88' lang='lat' dir='ltr'><strong>meum.</strong></span> <span class='ocrx_word' id='word_1_719' title='bbox 2970 3662 3016 3704; x_wconf 90' lang='lat' dir='ltr'><strong>et</strong></span> <span class='ocrx_word' id='word_1_720' title='bbox 3039 3670 3122 3706; x_wconf 77' lang='lat' dir='ltr'><strong>vos</strong></span> <span class='ocrx_word' id='word_1_721' title='bbox 3153 3655 3363 3709; x_wconf 72' lang='lat' dir='ltr'><strong>inhono~</strong></span> 
     </span>
    </p>
   </div>
   <div class='ocr_carea' id='block_1_83' title="bbox 1785 3735 3363 3808">
    <p class='ocr_par' dir='ltr' id='par_1_83' title="bbox 1785 3735 3363 3808">
     <span class='ocr_line' id='line_1_84' title="bbox 1785 3735 3363 3808; baseline 0.008 -20"><span class='ocrx_word' id='word_1_722' title='bbox 1785 3738 1940 3788; x_wconf 84' lang='lat' dir='ltr'><strong>rastis</strong></span> <span class='ocrx_word' id='word_1_723' title='bbox 1994 3753 2074 3789; x_wconf 89' lang='lat' dir='ltr'><strong>me</strong></span> <span class='ocrx_word' id='word_1_724' title='bbox 2120 3735 2299 3808; x_wconf 87' lang='lat' dir='ltr'><strong>(Joan.</strong></span> <span class='ocrx_word' id='word_1_725' title='bbox 2356 3737 2514 3806; x_wconf 80' lang='lat' dir='ltr'><strong>Vill).&#39;</strong></span> <span class='ocrx_word' id='word_1_726' title='bbox 2542 3738 2650 3793; x_wconf 86' lang='lat' dir='ltr'><strong>Nos</strong></span> <span class='ocrx_word' id='word_1_727' title='bbox 2695 3754 2824 3806; x_wconf 86' lang='lat' dir='ltr'><strong>ergo</strong></span> <span class='ocrx_word' id='word_1_728' title='bbox 2862 3740 3150 3796; x_wconf 86' lang='lat' dir='ltr'><strong>Christiani</strong></span> <span class='ocrx_word' id='word_1_729' title='bbox 3198 3757 3363 3802; x_wconf 87' lang='lat' dir='ltr'><strong>unum</strong></span> 
     </span>
    </p>
   </div>
   <div class='ocr_carea' id='block_1_84' title="bbox 1785 3825 3361 3899">
    <p class='ocr_par' dir='ltr' id='par_1_84' title="bbox 1785 3825 3361 3899">
     <span class='ocr_line' id='line_1_85' title="bbox 1785 3825 3361 3899; baseline 0.008 -21"><span class='ocrx_word' id='word_1_730' title='bbox 1785 3825 1952 3880; x_wconf 92' lang='lat' dir='ltr'><strong>Deum</strong></span> <span class='ocrx_word' id='word_1_731' title='bbox 1976 3825 2186 3880; x_wconf 88' lang='lat' dir='ltr'><strong>Patrem</strong></span> <span class='ocrx_word' id='word_1_732' title='bbox 2208 3827 2472 3882; x_wconf 84' lang='lat' dir='ltr'><strong>credimus</strong></span> <span class='ocrx_word' id='word_1_733' title='bbox 2521 3837 2575 3882; x_wconf 89' lang='lat' dir='ltr'><strong>et</strong></span> <span class='ocrx_word' id='word_1_734' title='bbox 2601 3831 2941 3899; x_wconf 85' lang='lat' dir='ltr'><strong>conﬁtemur,</strong></span> <span class='ocrx_word' id='word_1_735' title='bbox 2966 3842 3020 3887; x_wconf 95' lang='lat' dir='ltr'><strong>et</strong></span> <span class='ocrx_word' id='word_1_736' title='bbox 3044 3850 3207 3888; x_wconf 89' lang='lat' dir='ltr'><strong>unum</strong></span> <span class='ocrx_word' id='word_1_737' title='bbox 3255 3838 3361 3892; x_wconf 92' lang='lat' dir='ltr'><strong>Do-</strong></span> 
     </span>
    </p>
   </div>
   <div class='ocr_carea' id='block_1_85' title="bbox 1784 3915 3358 3996">
    <p class='ocr_par' dir='ltr' id='par_1_85' title="bbox 1784 3915 3358 3996">
     <span class='ocr_line' id='line_1_86' title="bbox 1784 3915 3358 3996; baseline 0.01 -29"><span class='ocrx_word' id='word_1_738' title='bbox 1784 3915 1988 3968; x_wconf 84' lang='lat' dir='ltr'><strong>minum</strong></span> <span class='ocrx_word' id='word_1_739' title='bbox 2010 3924 2251 3969; x_wconf 87' lang='lat' dir='ltr'><strong>nostrum</strong></span> <span class='ocrx_word' id='word_1_740' title='bbox 2272 3915 2452 3970; x_wconf 70' lang='lat' dir='ltr'><strong>Iesum</strong></span> <span class='ocrx_word' id='word_1_741' title='bbox 2492 3917 2764 3972; x_wconf 89' lang='lat' dir='ltr'><strong>Christum</strong></span> <span class='ocrx_word' id='word_1_742' title='bbox 2795 3920 2998 3975; x_wconf 80' lang='lat' dir='ltr'><strong>Filium</strong></span> <span class='ocrx_word' id='word_1_743' title='bbox 3033 3923 3167 3992; x_wconf 88' lang='lat' dir='ltr'><strong>ejus,</strong></span> <span class='ocrx_word' id='word_1_744' title='bbox 3196 3943 3358 3996; x_wconf 91' lang='lat' dir='ltr'><strong>quem</strong></span> 
     </span>
    </p>
   </div>
   <div class='ocr_carea' id='block_1_86' title="bbox 1785 4005 3358 4080">
    <p class='ocr_par' dir='ltr' id='par_1_86' title="bbox 1785 4005 3358 4080">
     <span class='ocr_line' id='line_1_87' title="bbox 1785 4005 3358 4080; baseline 0.008 -22"><span class='ocrx_word' id='word_1_745' title='bbox 1785 4013 1840 4058; x_wconf 90' lang='lat' dir='ltr'><strong>et</strong></span> <span class='ocrx_word' id='word_1_746' title='bbox 1863 4005 1949 4058; x_wconf 78' lang='lat' dir='ltr'><strong>lex</strong></span> <span class='ocrx_word' id='word_1_747' title='bbox 1981 4016 2034 4058; x_wconf 79' lang='lat' dir='ltr'><strong>et</strong></span> <span class='ocrx_word' id='word_1_748' title='bbox 2061 4007 2334 4074; x_wconf 75' lang='lat' dir='ltr'><strong>prophetae</strong></span> <span class='ocrx_word' id='word_1_749' title='bbox 2361 4008 2522 4060; x_wconf 92' lang='lat' dir='ltr'><strong>locuti</strong></span> <span class='ocrx_word' id='word_1_750' title='bbox 2555 4015 2698 4070; x_wconf 86' lang='lat' dir='ltr'><strong>sunt,</strong></span> <span class='ocrx_word' id='word_1_751' title='bbox 2729 4017 2783 4062; x_wconf 90' lang='lat' dir='ltr'><strong>et</strong></span> <span class='ocrx_word' id='word_1_752' title='bbox 2825 4025 2920 4079; x_wconf 86' lang='lat' dir='ltr'><strong>per</strong></span> <span class='ocrx_word' id='word_1_753' title='bbox 2966 4012 3140 4080; x_wconf 87' lang='lat' dir='ltr'><strong>ipsum</strong></span> <span class='ocrx_word' id='word_1_754' title='bbox 3192 4015 3358 4070; x_wconf 90' lang='lat' dir='ltr'><strong>Deum</strong></span> 
     </span>
    </p>
   </div>
   <div class='ocr_carea' id='block_1_87' title="bbox 1785 4092 3361 4173">
    <p class='ocr_par' dir='ltr' id='par_1_87' title="bbox 1785 4092 3361 4173">
     <span class='ocr_line' id='line_1_88' title="bbox 1785 4092 3361 4173; baseline 0.01 -29"><span class='ocrx_word' id='word_1_755' title='bbox 1785 4092 1997 4146; x_wconf 85' lang='lat' dir='ltr'><strong>Patrem</strong></span> <span class='ocrx_word' id='word_1_756' title='bbox 2049 4109 2282 4160; x_wconf 89' lang='lat' dir='ltr'><strong>oramus,</strong></span> <span class='ocrx_word' id='word_1_757' title='bbox 2310 4103 2366 4148; x_wconf 92' lang='lat' dir='ltr'><strong>et</strong></span> <span class='ocrx_word' id='word_1_758' title='bbox 2410 4096 2509 4164; x_wconf 91' lang='lat' dir='ltr'><strong>ipsi</strong></span> <span class='ocrx_word' id='word_1_759' title='bbox 2536 4098 2737 4162; x_wconf 81' lang='lat' dir='ltr'><strong>gratias</strong></span> <span class='ocrx_word' id='word_1_760' title='bbox 2757 4100 2982 4166; x_wconf 83' lang='lat' dir='ltr'><strong>agimus,</strong></span> <span class='ocrx_word' id='word_1_761' title='bbox 3013 4103 3136 4170; x_wconf 89' lang='lat' dir='ltr'><strong>quia</strong></span> <span class='ocrx_word' id='word_1_762' title='bbox 3165 4112 3220 4157; x_wconf 90' lang='lat' dir='ltr'><strong>et</strong></span> <span class='ocrx_word' id='word_1_763' title='bbox 3245 4105 3361 4173; x_wconf 86' lang='lat' dir='ltr'><strong>ipse</strong></span> 
     </span>
    </p>
   </div>
   <div class='ocr_carea' id='block_1_88' title="bbox 1784 4182 3360 4255">
    <p class='ocr_par' dir='ltr' id='par_1_88' title="bbox 1784 4182 3360 4255">
     <span class='ocr_line' id='line_1_89' title="bbox 1784 4182 3360 4255; baseline 0.007 -19"><span class='ocrx_word' id='word_1_764' title='bbox 1784 4182 2031 4236; x_wconf 79' lang='lat' dir='ltr'><strong>salvator</strong></span> <span class='ocrx_word' id='word_1_765' title='bbox 2079 4183 2150 4236; x_wconf 88' lang='lat' dir='ltr'><strong>ita</strong></span> <span class='ocrx_word' id='word_1_766' title='bbox 2205 4183 2361 4237; x_wconf 90' lang='lat' dir='ltr'><strong>nobis</strong></span> <span class='ocrx_word' id='word_1_767' title='bbox 2404 4185 2711 4250; x_wconf 85' lang='lat' dir='ltr'><strong>mandavit,</strong></span> <span class='ocrx_word' id='word_1_768' title='bbox 2763 4187 2966 4255; x_wconf 89' lang='lat' dir='ltr'><strong>dicens,</strong></span> <span class='ocrx_word' id='word_1_769' title='bbox 3018 4197 3074 4242; x_wconf 89' lang='lat' dir='ltr'><strong>et</strong></span> <span class='ocrx_word' id='word_1_770' title='bbox 3111 4193 3360 4246; x_wconf 88' lang='lat' dir='ltr'><strong>omnibus</strong></span> 
     </span>
    </p>
   </div>
   <div class='ocr_carea' id='block_1_89' title="bbox 1783 4269 3356 4351">
    <p class='ocr_par' dir='ltr' id='par_1_89' title="bbox 1783 4269 3356 4351">
     <span class='ocr_line' id='line_1_90' title="bbox 1783 4269 3356 4351; baseline 0.006 -27"><span class='ocrx_word' id='word_1_771' title='bbox 1783 4269 2003 4324; x_wconf 86' lang='lat' dir='ltr'><strong>credere</strong></span> <span class='ocrx_word' id='word_1_772' title='bbox 2024 4271 2325 4326; x_wconf 85' lang='lat' dir='ltr'><strong>volentibus</strong></span> <span class='ocrx_word' id='word_1_773' title='bbox 2355 4288 2370 4322; x_wconf 87' lang='lat'><strong>:</strong></span> <span class='ocrx_word' id='word_1_774' title='bbox 2402 4269 2532 4324; x_wconf 60' lang='lat' dir='ltr'><strong>Haec</strong></span> <span class='ocrx_word' id='word_1_775' title='bbox 2554 4281 2632 4325; x_wconf 86' lang='lat' dir='ltr'><strong>est</strong></span> <span class='ocrx_word' id='word_1_776' title='bbox 2656 4273 2758 4325; x_wconf 61' lang='lat' dir='ltr'><strong>rita</strong></span> <span class='ocrx_word' id='word_1_777' title='bbox 2810 4283 3024 4340; x_wconf 69' lang='lat' dir='ltr'><strong>aeterna,</strong></span> <span class='ocrx_word' id='word_1_778' title='bbox 3059 4288 3114 4328; x_wconf 81' lang='lat' dir='ltr'><strong>ut</strong></span> <span class='ocrx_word' id='word_1_779' title='bbox 3159 4296 3356 4351; x_wconf 82' lang='lat' dir='ltr'><strong>cogno-</strong></span> 
     </span>
    </p>
   </div>
   <div class='ocr_carea' id='block_1_90' title="bbox 1783 4362 3358 4446">
    <p class='ocr_par' dir='ltr' id='par_1_90' title="bbox 1783 4362 3358 4446">
     <span class='ocr_line' id='line_1_91' title="bbox 1783 4362 3358 4446; baseline 0.006 -32"><span class='ocrx_word' id='word_1_780' title='bbox 1783 4371 1930 4414; x_wconf 83' lang='lat' dir='ltr'><strong>scant</strong></span> <span class='ocrx_word' id='word_1_781' title='bbox 1965 4373 2025 4413; x_wconf 86' lang='lat' dir='ltr'><strong>&#39;te</strong></span> <span class='ocrx_word' id='word_1_782' title='bbox 2075 4362 2240 4415; x_wconf 77' lang='lat' dir='ltr'><strong>solum</strong></span> <span class='ocrx_word' id='word_1_783' title='bbox 2267 4379 2440 4415; x_wconf 75' lang='lat' dir='ltr'><strong>verum</strong></span> <span class='ocrx_word' id='word_1_784' title='bbox 2488 4362 2673 4428; x_wconf 87' lang='lat' dir='ltr'><strong>Deum,</strong></span> <span class='ocrx_word' id='word_1_785' title='bbox 2721 4376 2772 4416; x_wconf 88' lang='lat' dir='ltr'><strong>et</strong></span> <span class='ocrx_word' id='word_1_786' title='bbox 2799 4383 2944 4435; x_wconf 85' lang='lat' dir='ltr'><strong>quem</strong></span> <span class='ocrx_word' id='word_1_787' title='bbox 2970 4368 3155 4421; x_wconf 85' lang='lat' dir='ltr'><strong>misisti</strong></span> <span class='ocrx_word' id='word_1_788' title='bbox 3180 4369 3358 4446; x_wconf 83' lang='lat' dir='ltr'><strong>Jesum</strong></span> 
     </span>
    </p>
   </div>
   <div class='ocr_carea' id='block_1_91' title="bbox 1784 4448 3358 4529">
    <p class='ocr_par' dir='ltr' id='par_1_91' title="bbox 1784 4448 3358 4529">
     <span class='ocr_line' id='line_1_92' title="bbox 1784 4448 3358 4529; baseline 0.009 -27"><span class='ocrx_word' id='word_1_789' title='bbox 1784 4448 2042 4504; x_wconf 78' lang='lat' dir='ltr'><strong>Christum</strong></span> <span class='ocrx_word' id='word_1_790' title='bbox 2068 4450 2248 4522; x_wconf 84' lang='lat' dir='ltr'><strong>(Joan.</strong></span> <span class='ocrx_word' id='word_1_791' title='bbox 2277 4452 2430 4520; x_wconf 83' lang='lat' dir='ltr'><strong>xvn).</strong></span> <span class='ocrx_word' id='word_1_792' title='bbox 2481 4450 2621 4520; x_wconf 86' lang='lat' dir='ltr'><strong>Ergo</strong></span> <span class='ocrx_word' id='word_1_793' title='bbox 2668 4464 3054 4520; x_wconf 88' lang='lat' dir='ltr'><strong>cognoscentes</strong></span> <span class='ocrx_word' id='word_1_794' title='bbox 3094 4470 3358 4529; x_wconf 62' lang='lat' dir='ltr'><strong>prascepta</strong></span> 
     </span>
    </p>
   </div>
   <div class='ocr_carea' id='block_1_92' title="bbox 1796 4513 3358 4618">
    <p class='ocr_par' dir='ltr' id='par_1_92' title="bbox 1796 4513 3358 4618">
     <span class='ocr_line' id='line_1_93' title="bbox 1796 4513 3358 4618; baseline 0.006 -24"><span class='ocrx_word' id='word_1_795' title='bbox 1796 4513 2086 4595; x_wconf 37' lang='lat' dir='ltr'><strong>Salvatoris‘</strong></span> <span class='ocrx_word' id='word_1_796' title='bbox 2121 4542 2289 4595; x_wconf 88' lang='lat' dir='ltr'><strong>nostri</strong></span> <span class='ocrx_word' id='word_1_797' title='bbox 2335 4541 2553 4607; x_wconf 80' lang='lat' dir='ltr'><strong>Christi,</strong></span> <span class='ocrx_word' id='word_1_798' title='bbox 2587 4558 2751 4596; x_wconf 89' lang='lat' dir='ltr'><strong>unum</strong></span> <span class='ocrx_word' id='word_1_799' title='bbox 2779 4543 2950 4598; x_wconf 87' lang='lat' dir='ltr'><strong>Deum</strong></span> <span class='ocrx_word' id='word_1_800' title='bbox 2999 4545 3213 4602; x_wconf 84' lang='lat' dir='ltr'><strong>Patrem</strong></span> <span class='ocrx_word' id='word_1_801' title='bbox 3260 4565 3358 4618; x_wconf 89' lang='lat' dir='ltr'><strong>per</strong></span> 
     </span>
    </p>
   </div>
   <div class='ocr_carea' id='block_1_93' title="bbox 123 4669 1681 4781">
    <p class='ocr_par' dir='ltr' id='par_1_93' title="bbox 123 4669 1681 4781">
     <span class='ocr_line' id='line_1_94' title="bbox 123 4669 1681 4781; baseline 0.031 -60"><span class='ocrx_word' id='word_1_802' title='bbox 123 4669 248 4726; x_wconf 81' lang='lat' dir='ltr'><strong>unde</strong></span> <span class='ocrx_word' id='word_1_803' title='bbox 274 4674 326 4730; x_wconf 89' lang='lat' dir='ltr'><strong>in</strong></span> <span class='ocrx_word' id='word_1_804' title='bbox 351 4693 570 4747; x_wconf 78' lang='lat' dir='ltr'><strong>sequen.</strong></span> <span class='ocrx_word' id='word_1_805' title='bbox 657 4722 672 4739; x_wconf 87' lang='lat'><strong>.</strong></span> <span class='ocrx_word' id='word_1_806' title='bbox 748 4727 798 4770; x_wconf 37' lang='lat' dir='ltr'><strong>.I</strong></span> <span class='ocrx_word' id='word_1_807' title='bbox 844 4730 857 4743; x_wconf 93' lang='lat'><strong>.</strong></span> <span class='ocrx_word' id='word_1_808' title='bbox 937 4733 951 4747; x_wconf 93' lang='lat'><strong>.</strong></span> <span class='ocrx_word' id='word_1_809' title='bbox 1030 4734 1064 4750; x_wconf 79' lang='grc'><strong>.-</strong></span> <span class='ocrx_word' id='word_1_810' title='bbox 1122 4701 1361 4760; x_wconf 79' lang='lat' dir='ltr'><strong>invenies</strong></span> <span class='ocrx_word' id='word_1_811' title='bbox 1397 4712 1681 4781; x_wconf 78' lang='lat' dir='ltr'><strong>scriptum,</strong></span> 
     </span>
    </p>
   </div>
   <div class='ocr_carea' id='block_1_94' title="bbox 183 5043 1672 5154">
    <p class='ocr_par' dir='ltr' id='par_1_94' title="bbox 183 5043 1672 5154">
     <span class='ocr_line' id='line_1_95' title="bbox 183 5043 1672 5154; baseline 0.022 -56"><span class='ocrx_word' id='word_1_812' title='bbox 183 5043 794 5154; x_wconf 44' lang='lat' dir='ltr'><strong>:nindgivi‘pisnﬁelzso‘qis</strong></span> <span class='ocrx_word' id='word_1_813' title='bbox 845 5077 952 5154; x_wconf 72' lang='lat' dir='ltr'><strong>non</strong></span> <span class='ocrx_word' id='word_1_814' title='bbox 993 5073 1075 5119; x_wconf 89' lang='lat' dir='ltr'><strong>est</strong></span> <span class='ocrx_word' id='word_1_815' title='bbox 1116 5069 1367 5154; x_wconf 54' lang='lat' dir='ltr'><strong>prior-itas</strong></span> <span class='ocrx_word' id='word_1_816' title='bbox 1395 5077 1672 5154; x_wconf 71' lang='lat' dir='ltr'><strong>temporis,</strong></span> 
     </span>
    </p>
   </div>
   <div class='ocr_carea' id='block_1_95' title="bbox 119 5123 1675 5213">
    <p class='ocr_par' dir='ltr' id='par_1_95' title="bbox 119 5123 1675 5213">
     <span class='ocr_line' id='line_1_96' title="bbox 119 5123 1675 5213; baseline -0.003 0"><span class='ocrx_word' id='word_1_817' title='bbox 119 5123 236 5213; x_wconf 60' lang='grc'><strong>22⁸3.</strong></span> <span class='ocrx_word' id='word_1_818' title='bbox 261 5123 399 5213; x_wconf 59' lang='lat'><strong>335‘}.</strong></span> <span class='ocrx_word' id='word_1_819' title='bbox 412 5135 598 5213; x_wconf 67' lang='grc' dir='ltr'><strong>(Ρὲηηθε</strong></span> <span class='ocrx_word' id='word_1_820' title='bbox 639 5133 748 5181; x_wconf 65' lang='lat' dir='ltr'><strong>&quot;es</strong></span> <span class='ocrx_word' id='word_1_821' title='bbox 802 5123 1132 5213; x_wconf 55' lang='grc' dir='ltr'><strong>σεωὲετηαξοῖ</strong></span> <span class='ocrx_word' id='word_1_822' title='bbox 1159 5123 1675 5213; x_wconf 32' lang='lat' dir='ltr'><strong>Sellasiam—Julii</strong></span> 
     </span>
    </p>
   </div>
   <div class='ocr_carea' id='block_1_96' title="bbox 119 5179 1669 5280">
    <p class='ocr_par' dir='ltr' id='par_1_96' title="bbox 119 5179 1669 5280">
     <span class='ocr_line' id='line_1_97' title="bbox 119 5179 1669 5280; baseline 0 -19"><span class='ocrx_word' id='word_1_823' title='bbox 119 5179 410 5280; x_wconf 50' lang='lat' dir='ltr'><strong>gmith</strong></span> <span class='ocrx_word' id='word_1_824' title='bbox 419 5189 590 5280; x_wconf 56' lang='lat'><strong>19538;</strong></span> <span class='ocrx_word' id='word_1_825' title='bbox 616 5209 808 5280; x_wconf 57' lang='lat' dir='ltr'><strong>nempe</strong></span> <span class='ocrx_word' id='word_1_826' title='bbox 837 5197 1237 5280; x_wconf 69' lang='lat' dir='ltr'><strong>Pater,__deinde</strong></span> <span class='ocrx_word' id='word_1_827' title='bbox 1268 5179 1669 5280; x_wconf 57' lang='grc' dir='ltr'><strong>ιηπίιίιῖἔῗῇἕὲἶὲᾇ</strong></span> 
     </span>
    </p>
   </div>
   <div class='ocr_carea' id='block_1_97' title="bbox 119 5241 1667 5336">
    <p class='ocr_par' dir='ltr' id='par_1_97' title="bbox 119 5241 1667 5336">
     <span class='ocr_line' id='line_1_98' title="bbox 188 5241 1667 5280; baseline 0.02 -41"><span class='ocrx_word' id='word_1_828' title='bbox 188 5247 198 5258; x_wconf 49' lang='grc'><em>,</em></span> <span class='ocrx_word' id='word_1_829' title='bbox 232 5250 243 5261; x_wconf 56' lang='lat'><strong>.</strong></span> <span class='ocrx_word' id='word_1_830' title='bbox 351 5241 356 5242; x_wconf 63' lang='lat'><strong><em>,</em></strong></span> <span class='ocrx_word' id='word_1_831' title='bbox 441 5241 464 5258; x_wconf 56' lang='grc' dir='ltr'><em>τ</em></span> <span class='ocrx_word' id='word_1_832' title='bbox 483 5241 590 5258; x_wconf 64' lang='lat'><strong>-_-,</strong></span> <span class='ocrx_word' id='word_1_833' title='bbox 616 5241 808 5266; x_wconf 63' lang='grc' dir='ltr'><strong>---η-,ιν</strong></span> <span class='ocrx_word' id='word_1_834' title='bbox 837 5241 859 5249; x_wconf 88' lang='grc'><strong>-</strong></span> <span class='ocrx_word' id='word_1_835' title='bbox 880 5241 1012 5264; x_wconf 68' lang='grc' dir='ltr'><strong>..ι-νιν</strong></span> <span class='ocrx_word' id='word_1_836' title='bbox 1046 5241 1237 5260; x_wconf 76' lang='grc' dir='ltr'>υυιυυῡ</span> <span class='ocrx_word' id='word_1_837' title='bbox 1268 5241 1295 5260; x_wconf 86' lang='grc' dir='ltr'><strong>ι·</strong></span> <span class='ocrx_word' id='word_1_838' title='bbox 1311 5241 1448 5270; x_wconf 72' lang='lat' dir='ltr'><strong>unua,</strong></span> <span class='ocrx_word' id='word_1_839' title='bbox 1484 5241 1667 5280; x_wconf 73' lang='lat' dir='ltr'><strong>puawa</strong></span> 
     </span>
     <span class='ocr_line' id='line_1_99' title="bbox 119 5241 1667 5336; baseline 0.019 -30"><span class='ocrx_word' id='word_1_840' title='bbox 119 5241 328 5336; x_wconf 59' lang='lat' dir='ltr'><strong>§P_Ifttus</strong></span> <span class='ocrx_word' id='word_1_841' title='bbox 347 5268 599 5336; x_wconf 75' lang='lat' dir='ltr'><strong>sanctus;</strong></span> <span class='ocrx_word' id='word_1_842' title='bbox 627 5266 752 5330; x_wconf 89' lang='lat' dir='ltr'><strong>quia</strong></span> <span class='ocrx_word' id='word_1_843' title='bbox 782 5283 904 5336; x_wconf 86' lang='lat' dir='ltr'><strong>cum</strong></span> <span class='ocrx_word' id='word_1_844' title='bbox 950 5269 1115 5327; x_wconf 86' lang='lat' dir='ltr'><strong>Filius</strong></span> <span class='ocrx_word' id='word_1_845' title='bbox 1159 5276 1228 5328; x_wconf 90' lang='lat' dir='ltr'><strong>sit</strong></span> <span class='ocrx_word' id='word_1_846' title='bbox 1267 5293 1391 5332; x_wconf 88' lang='lat' dir='ltr'><strong>vere</strong></span> <span class='ocrx_word' id='word_1_847' title='bbox 1429 5280 1667 5336; x_wconf 88' lang='lat' dir='ltr'><strong>Persona</strong></span> 
     </span>
    </p>
   </div>
   <div class='ocr_carea' id='block_1_98' title="bbox 118 5323 1666 5418">
    <p class='ocr_par' dir='ltr' id='par_1_98' title="bbox 118 5323 1666 5418">
     <span class='ocr_line' id='line_1_100' title="bbox 118 5323 1666 5418; baseline 0.021 -45"><span class='ocrx_word' id='word_1_848' title='bbox 346 5327 402 5379; x_wconf 89' lang='lat' dir='ltr'><strong>in</strong></span> <span class='ocrx_word' id='word_1_849' title='bbox 427 5323 713 5418; x_wconf 56' lang='lat' dir='ltr'><strong>_concep:tu</strong></span> <span class='ocrx_word' id='word_1_850' title='bbox 743 5334 872 5415; x_wconf 45' lang='lat' dir='ltr'><strong>.ejus</strong></span> <span class='ocrx_word' id='word_1_851' title='bbox 896 5416 900 5418; x_wconf 12' lang='grc' dir='ltr'><strong>Α</strong></span> <span class='ocrx_word' id='word_1_852' title='bbox 925 5323 1111 5418; x_wconf 30' lang='lat' dir='ltr'><strong>debila:</strong></span> 
     </span>
    </p>
   </div>
   <div class='ocr_carea' id='block_1_99' title="bbox 151 5395 1671 5482">
    <p class='ocr_par' dir='ltr' id='par_1_99' title="bbox 151 5395 1671 5482">
     <span class='ocr_line' id='line_1_101' title="bbox 151 5395 1671 5482; baseline 0.017 -35"><span class='ocrx_word' id='word_1_853' title='bbox 151 5395 1248 5482; x_wconf 38' lang='lat' dir='ltr'><strong>Eﬂgjpimqggneratiopistseuoriginis?et</strong></span> <span class='ocrx_word' id='word_1_854' title='bbox 1258 5395 1469 5482; x_wconf 31' lang='lat' dir='ltr'><strong>quia—ex</strong></span> <span class='ocrx_word' id='word_1_855' title='bbox 1487 5395 1671 5474; x_wconf 54' lang='lat' dir='ltr'><strong>amdre</strong></span> 
     </span>
    </p>
   </div>
   <div class='ocr_carea' id='block_1_100' title="bbox 157 5461 1664 5554">
    <p class='ocr_par' dir='ltr' id='par_1_100' title="bbox 157 5461 1664 5554">
     <span class='ocr_line' id='line_1_102' title="bbox 157 5461 1664 5554; baseline -0.001 0"><span class='ocrx_word' id='word_1_856' title='bbox 157 5461 431 5554; x_wconf 54' lang='lat' dir='ltr'><strong>155?.de</strong></span> <span class='ocrx_word' id='word_1_857' title='bbox 432 5461 602 5554; x_wconf 52' lang='lat' dir='ltr'><strong>ilius:</strong></span> <span class='ocrx_word' id='word_1_858' title='bbox 633 5471 838 5554; x_wconf 57' lang='grc' dir='ltr'><strong>θεείιίὶ</strong></span> <span class='ocrx_word' id='word_1_859' title='bbox 854 5475 921 5554; x_wconf 53' lang='grc' dir='ltr'><strong>ειμι</strong></span> <span class='ocrx_word' id='word_1_860' title='bbox 943 5461 1664 5554; x_wconf 54' lang='grc' dir='ltr'><strong>Ρεῖὶὲιῖι’,ἑιίίὲἰιῖτ”ἐιῖἶὲἱῖιὶξ</strong></span> 
     </span>
    </p>
   </div>
   <div class='ocr_carea' id='block_1_101' title="bbox 120 5530 1663 5613">
    <p class='ocr_par' dir='ltr' id='par_1_101' title="bbox 120 5530 1663 5613">
     <span class='ocr_line' id='line_1_103' title="bbox 120 5530 1663 5613; baseline 0.018 -31"><span class='ocrx_word' id='word_1_861' title='bbox 120 5530 339 5613; x_wconf 41' lang='lat' dir='ltr'><strong>pagus,</strong></span> <span class='ocrx_word' id='word_1_862' title='bbox 371 5533 493 5588; x_wconf 90' lang='lat' dir='ltr'><strong>ideo</strong></span> <span class='ocrx_word' id='word_1_863' title='bbox 507 5538 741 5613; x_wconf 87' lang='lat' dir='ltr'><strong>_spiratio</strong></span> <span class='ocrx_word' id='word_1_864' title='bbox 787 5530 1061 5613; x_wconf 79' lang='lat' dir='ltr'><strong>utriusque</strong></span> <span class='ocrx_word' id='word_1_865' title='bbox 1079 5530 1321 5605; x_wconf 51' lang='lat' dir='ltr'><strong>insani,</strong></span> <span class='ocrx_word' id='word_1_866' title='bbox 1357 5530 1663 5610; x_wconf 42' lang='lat' dir='ltr'><strong>iniiinii}?</strong></span> 
     </span>
    </p>
   </div>
   <div class='ocr_carea' id='block_1_102' title="bbox 189 5603 1663 5678">
    <p class='ocr_par' dir='ltr' id='par_1_102' title="bbox 189 5603 1663 5678">
     <span class='ocr_line' id='line_1_104' title="bbox 189 5603 1663 5678; baseline -0.014 0"><span class='ocrx_word' id='word_1_867' title='bbox 189 5603 326 5678; x_wconf 45' lang='lat'><strong>3&#39;3&quot;.“</strong></span> <span class='ocrx_word' id='word_1_868' title='bbox 351 5603 567 5678; x_wconf 55' lang='lat' dir='ltr'><strong>s?n&#39;3li.:</strong></span> <span class='ocrx_word' id='word_1_869' title='bbox 596 5622 703 5662; x_wconf 86' lang='lat' dir='ltr'><strong>non</strong></span> <span class='ocrx_word' id='word_1_870' title='bbox 743 5603 1053 5678; x_wconf 73' lang='lat' dir='ltr'><strong>posterioris</strong></span> <span class='ocrx_word' id='word_1_871' title='bbox 1083 5603 1352 5674; x_wconf 68' lang='lat' dir='ltr'><strong>tamenin</strong></span> <span class='ocrx_word' id='word_1_872' title='bbox 1372 5603 1663 5678; x_wconf 57' lang='grc' dir='ltr'><strong>’τίδῖίίπῖζεί</strong></span> 
     </span>
    </p>
   </div>
   <div class='ocr_carea' id='block_1_103' title="bbox 122 5655 1659 5759">
    <p class='ocr_par' dir='ltr' id='par_1_103' title="bbox 122 5655 1659 5759">
     <span class='ocr_line' id='line_1_105' title="bbox 122 5655 1659 5759; baseline 0.026 -50"><span class='ocrx_word' id='word_1_873' title='bbox 122 5655 570 5738; x_wconf 45' lang='grc' dir='ltr'><strong>ωὺεὶςιεηιίδῑσὲέιί</strong></span> <span class='ocrx_word' id='word_1_874' title='bbox 594 5655 1575 5759; x_wconf 51' lang='grc' dir='ltr'><strong>’ἑῦεὲἷέέῖὦιίιᾞῖἶῖιῖἔῖιῖ</strong></span> <span class='ocrx_word' id='word_1_875' title='bbox 1587 5655 1659 5748; x_wconf 59' lang='lat' dir='ltr'><strong>ii:</strong></span> 
     </span>
    </p>
   </div>
   <div class='ocr_carea' id='block_1_104' title="bbox 1785 4633 3356 4704">
    <p class='ocr_par' dir='ltr' id='par_1_104' title="bbox 1785 4633 3356 4704">
     <span class='ocr_line' id='line_1_106' title="bbox 1785 4633 3356 4704; baseline 0.007 -18"><span class='ocrx_word' id='word_1_876' title='bbox 1785 4633 1955 4702; x_wconf 89' lang='lat' dir='ltr'><strong>ipsum</strong></span> <span class='ocrx_word' id='word_1_877' title='bbox 1985 4648 2196 4704; x_wconf 82' lang='lat' dir='ltr'><strong>semper</strong></span> <span class='ocrx_word' id='word_1_878' title='bbox 2225 4633 2520 4702; x_wconf 73' lang='lat' dir='ltr'><strong>laudemus,</strong></span> <span class='ocrx_word' id='word_1_879' title='bbox 2550 4635 2639 4688; x_wconf 90' lang='lat' dir='ltr'><strong>cui</strong></span> <span class='ocrx_word' id='word_1_880' title='bbox 2685 4644 2770 4690; x_wconf 89' lang='lat' dir='ltr'><strong>est</strong></span> <span class='ocrx_word' id='word_1_881' title='bbox 2817 4637 2987 4704; x_wconf 84' lang='lat' dir='ltr'><strong>gloria</strong></span> <span class='ocrx_word' id='word_1_882' title='bbox 3029 4640 3080 4693; x_wconf 91' lang='lat' dir='ltr'><strong>in</strong></span> <span class='ocrx_word' id='word_1_883' title='bbox 3137 4643 3356 4697; x_wconf 64' lang='lat' dir='ltr'><strong>saecula.</strong></span> 
     </span>
    </p>
   </div>
   <div class='ocr_carea' id='block_1_105' title="bbox 1784 4722 1975 4776">
    <p class='ocr_par' dir='ltr' id='par_1_105' title="bbox 1784 4722 1975 4776">
     <span class='ocr_line' id='line_1_107' title="bbox 1784 4722 1975 4776; baseline -0.005 -1"><span class='ocrx_word' id='word_1_884' title='bbox 1784 4722 1975 4776; x_wconf 81' lang='lat' dir='ltr'><strong>Amen.</strong></span> 
     </span>
    </p>
   </div>
   <div class='ocr_carea' id='block_1_106' title="bbox 1778 5072 3353 5158">
    <p class='ocr_par' dir='ltr' id='par_1_106' title="bbox 1778 5072 3353 5158">
     <span class='ocr_line' id='line_1_108' title="bbox 1778 5072 3353 5158; baseline 0.011 -26"><span class='ocrx_word' id='word_1_885' title='bbox 1778 5072 1976 5158; x_wconf 63' lang='lat' dir='ltr'><strong>lavetur</strong></span> <span class='ocrx_word' id='word_1_886' title='bbox 1996 5079 2232 5150; x_wconf 87' lang='lat' dir='ltr'><strong>pluribus</strong></span> <span class='ocrx_word' id='word_1_887' title='bbox 2259 5082 2314 5158; x_wconf 87' lang='lat' dir='ltr'><strong>i_n</strong></span> <span class='ocrx_word' id='word_1_888' title='bbox 2335 5083 2464 5139; x_wconf 81' lang='lat' dir='ltr'><strong>locis</strong></span> <span class='ocrx_word' id='word_1_889' title='bbox 2483 5083 2762 5158; x_wconf 74' lang='lat' dir='ltr'><strong>Maximus,</strong></span> <span class='ocrx_word' id='word_1_890' title='bbox 2795 5093 2861 5158; x_wconf 79' lang='lat' dir='ltr'><strong>ut</strong></span> <span class='ocrx_word' id='word_1_891' title='bbox 2895 5082 3189 5158; x_wconf 83' lang='lat' dir='ltr'><strong>verendum</strong></span> <span class='ocrx_word' id='word_1_892' title='bbox 3242 5111 3353 5158; x_wconf 76' lang='lat' dir='ltr'><strong>non</strong></span> 
     </span>
    </p>
   </div>
   <div class='ocr_carea' id='block_1_107' title="bbox 1779 5149 3352 5232">
    <p class='ocr_par' dir='ltr' id='par_1_107' title="bbox 1779 5149 3352 5232">
     <span class='ocr_line' id='line_1_109' title="bbox 1779 5149 3352 5232; baseline 0.012 -31"><span class='ocrx_word' id='word_1_893' title='bbox 1779 5149 1882 5230; x_wconf 44' lang='lat' dir='ltr'><strong>sit,</strong></span> <span class='ocrx_word' id='word_1_894' title='bbox 1900 5149 2023 5230; x_wconf 71' lang='lat' dir='ltr'><strong>eum</strong></span> <span class='ocrx_word' id='word_1_895' title='bbox 2052 5165 2211 5232; x_wconf 78' lang='lat' dir='ltr'><strong>sensu</strong></span> <span class='ocrx_word' id='word_1_896' title='bbox 2241 5153 2313 5232; x_wconf 65' lang='lat' dir='ltr'><strong>ah</strong></span> <span class='ocrx_word' id='word_1_897' title='bbox 2331 5168 2416 5232; x_wconf 80' lang='lat' dir='ltr'><strong>eo,</strong></span> <span class='ocrx_word' id='word_1_898' title='bbox 2448 5168 2606 5222; x_wconf 91' lang='lat' dir='ltr'><strong>quem</strong></span> <span class='ocrx_word' id='word_1_899' title='bbox 2629 5152 2985 5221; x_wconf 87' lang='lat' dir='ltr'><strong>judicavimus</strong></span> <span class='ocrx_word' id='word_1_900' title='bbox 3009 5149 3352 5232; x_wconf 53' lang='lat' dir='ltr'><strong>discrepanti;</strong></span> 
     </span>
    </p>
   </div>
   <div class='ocr_carea' id='block_1_108' title="bbox 1779 5219 2806 5291">
    <p class='ocr_par' dir='ltr' id='par_1_108' title="bbox 1779 5219 2806 5291">
     <span class='ocr_line' id='line_1_110' title="bbox 1779 5219 2806 5291; baseline 0.004 -20"><span class='ocrx_word' id='word_1_901' title='bbox 1779 5219 2066 5291; x_wconf 56' lang='lat' dir='ltr'><strong>“initium</strong></span> <span class='ocrx_word' id='word_1_902' title='bbox 2095 5222 2160 5272; x_wconf 91' lang='lat' dir='ltr'><strong>ab</strong></span> <span class='ocrx_word' id='word_1_903' title='bbox 2192 5236 2256 5273; x_wconf 92' lang='lat' dir='ltr'><strong>eo</strong></span> <span class='ocrx_word' id='word_1_904' title='bbox 2287 5219 2448 5291; x_wconf 76' lang='lat' dir='ltr'><strong>fuisse</strong></span> <span class='ocrx_word' id='word_1_905' title='bbox 2467 5219 2806 5291; x_wconf 80' lang='lat' dir='ltr'><strong>usurpatum.</strong></span> 
     </span>
    </p>
   </div>
   <div class='ocr_carea' id='block_1_109' title="bbox 1848 5285 3352 5367">
    <p class='ocr_par' dir='ltr' id='par_1_109' title="bbox 1848 5285 3352 5367">
     <span class='ocr_line' id='line_1_111' title="bbox 1848 5285 3352 5367; baseline 0.013 -30"><span class='ocrx_word' id='word_1_906' title='bbox 1848 5287 1868 5316; x_wconf 79' lang='grc'>⁸</span> <span class='ocrx_word' id='word_1_907' title='bbox 1903 5285 2221 5367; x_wconf 68' lang='lat' dir='ltr'><strong>Rursumque</strong></span> <span class='ocrx_word' id='word_1_908' title='bbox 2248 5291 2322 5341; x_wconf 89' lang='lat' dir='ltr'><strong>ait</strong></span> <span class='ocrx_word' id='word_1_909' title='bbox 2345 5306 2362 5342; x_wconf 93' lang='lat'><strong><em>:</em></strong></span> <span class='ocrx_word' id='word_1_910' title='bbox 2382 5289 2510 5367; x_wconf 38' lang='lat' dir='ltr'><strong>‘Non</strong></span> <span class='ocrx_word' id='word_1_911' title='bbox 2531 5285 2719 5367; x_wconf 67' lang='lat' dir='ltr'><strong>poteris</strong></span> <span class='ocrx_word' id='word_1_912' title='bbox 2747 5292 2918 5348; x_wconf 76' lang='lat' dir='ltr'><strong>videre</strong></span> <span class='ocrx_word' id='word_1_913' title='bbox 2955 5299 3141 5367; x_wconf 76' lang='lat' dir='ltr'><strong>faciem</strong></span> <span class='ocrx_word' id='word_1_914' title='bbox 3162 5317 3352 5364; x_wconf 72' lang='lat' dir='ltr'><strong>nm.</strong></span> 
     </span>
    </p>
   </div>
   <div class='ocr_carea' id='block_1_110' title="bbox 1776 5357 2758 5414">
    <p class='ocr_par' dir='ltr' id='par_1_110' title="bbox 1776 5357 2758 5414">
     <span class='ocr_line' id='line_1_112' title="bbox 1776 5357 2758 5414; baseline 0.008 -8"><span class='ocrx_word' id='word_1_915' title='bbox 1776 5369 1878 5407; x_wconf 81' lang='lat' dir='ltr'><strong>nan</strong></span> <span class='ocrx_word' id='word_1_916' title='bbox 1902 5358 2038 5408; x_wconf 89' lang='lat' dir='ltr'><strong>enim</strong></span> <span class='ocrx_word' id='word_1_917' title='bbox 2057 5357 2240 5410; x_wconf 77' lang='lat' dir='ltr'><strong>videbit</strong></span> <span class='ocrx_word' id='word_1_918' title='bbox 2267 5376 2346 5412; x_wconf 88' lang='lat' dir='ltr'><strong>me</strong></span> <span class='ocrx_word' id='word_1_919' title='bbox 2371 5357 2594 5412; x_wconf 70' lang='lat' dir='ltr'><strong>homost</strong></span> <span class='ocrx_word' id='word_1_920' title='bbox 2613 5363 2758 5414; x_wconf 81' lang='lat' dir='ltr'><strong>vivet.</strong></span> 
     </span>
    </p>
   </div>
   <div class='ocr_carea' id='block_1_111' title="bbox 1849 5422 3356 5502">
    <p class='ocr_par' dir='ltr' id='par_1_111' title="bbox 1849 5422 3356 5502">
     <span class='ocr_line' id='line_1_113' title="bbox 1849 5422 3356 5502; baseline 0.013 -28"><span class='ocrx_word' id='word_1_921' title='bbox 1849 5423 1868 5452; x_wconf 87' lang='grc'>³</span> <span class='ocrx_word' id='word_1_922' title='bbox 1900 5422 2026 5502; x_wconf 70' lang='lat' dir='ltr'><strong>Cum</strong></span> <span class='ocrx_word' id='word_1_923' title='bbox 2049 5437 2373 5502; x_wconf 61' lang='lat' dir='ltr'><strong>autemesset</strong></span> <span class='ocrx_word' id='word_1_924' title='bbox 2399 5429 2555 5481; x_wconf 78' lang='lat' dir='ltr'><strong>Josue</strong></span> <span class='ocrx_word' id='word_1_925' title='bbox 2576 5431 2626 5481; x_wconf 87' lang='lat' dir='ltr'><strong>in</strong></span> <span class='ocrx_word' id='word_1_926' title='bbox 2649 5446 2775 5501; x_wconf 88' lang='lat' dir='ltr'><strong>agro</strong></span> <span class='ocrx_word' id='word_1_927' title='bbox 2799 5430 2938 5486; x_wconf 79' lang='lat' dir='ltr'><strong>urbis</strong></span> <span class='ocrx_word' id='word_1_928' title='bbox 2961 5433 3189 5502; x_wconf 66' lang='lat' dir='ltr'><strong>Iericho,</strong></span> <span class='ocrx_word' id='word_1_929' title='bbox 3214 5439 3356 5494; x_wconf 76' lang='lat' dir='ltr'><strong>leva-</strong></span> 
     </span>
    </p>
   </div>
   <div class='ocr_carea' id='block_1_112' title="bbox 1773 5493 3354 5576">
    <p class='ocr_par' dir='ltr' id='par_1_112' title="bbox 1773 5493 3354 5576">
     <span class='ocr_line' id='line_1_114' title="bbox 1773 5493 3354 5576; baseline 0.011 -32"><span class='ocrx_word' id='word_1_930' title='bbox 1773 5493 1842 5544; x_wconf 86' lang='lat' dir='ltr'><strong>vit</strong></span> <span class='ocrx_word' id='word_1_931' title='bbox 1863 5494 2056 5557; x_wconf 83' lang='lat' dir='ltr'><strong>oculos,</strong></span> <span class='ocrx_word' id='word_1_932' title='bbox 2079 5503 2128 5576; x_wconf 74' lang='lat' dir='ltr'><strong>et</strong></span> <span class='ocrx_word' id='word_1_933' title='bbox 2149 5496 2272 5576; x_wconf 73' lang='lat' dir='ltr'><strong>vidit</strong></span> <span class='ocrx_word' id='word_1_934' title='bbox 2293 5497 2452 5550; x_wconf 72' lang='lat' dir='ltr'><strong>virum</strong></span> <span class='ocrx_word' id='word_1_935' title='bbox 2472 5493 2704 5576; x_wconf 63' lang='lat' dir='ltr'><strong>stanme</strong></span> <span class='ocrx_word' id='word_1_936' title='bbox 2718 5511 2898 5576; x_wconf 79' lang='lat' dir='ltr'><strong>corttra</strong></span> <span class='ocrx_word' id='word_1_937' title='bbox 2925 5520 2997 5568; x_wconf 82' lang='lat' dir='ltr'><strong>se,</strong></span> <span class='ocrx_word' id='word_1_938' title='bbox 3023 5493 3354 5576; x_wconf 63' lang='lat' dir='ltr'><strong>evagiitatum</strong></span> 
     </span>
    </p>
   </div>
   <div class='ocr_carea' id='block_1_113' title="bbox 1770 5565 3350 5637">
    <p class='ocr_par' dir='ltr' id='par_1_113' title="bbox 1770 5565 3350 5637">
     <span class='ocr_line' id='line_1_115' title="bbox 1770 5565 3350 5637; baseline 0.013 -27"><span class='ocrx_word' id='word_1_939' title='bbox 1770 5569 2018 5615; x_wconf 88' lang='lat' dir='ltr'><strong>tenentem</strong></span> <span class='ocrx_word' id='word_1_940' title='bbox 2049 5565 2293 5637; x_wconf 82' lang='lat' dir='ltr'><strong>gladium,</strong></span> <span class='ocrx_word' id='word_1_941' title='bbox 2316 5569 2634 5637; x_wconf 69' lang='lat' dir='ltr'><strong>perrexitque</strong></span> <span class='ocrx_word' id='word_1_942' title='bbox 2674 5569 2742 5620; x_wconf 85' lang='lat' dir='ltr'><strong>ad</strong></span> <span class='ocrx_word' id='word_1_943' title='bbox 2764 5588 2897 5634; x_wconf 87' lang='lat' dir='ltr'><strong>eum,</strong></span> <span class='ocrx_word' id='word_1_944' title='bbox 2938 5565 2993 5626; x_wconf 79' lang='lat' dir='ltr'><strong>et</strong></span> <span class='ocrx_word' id='word_1_945' title='bbox 3014 5576 3086 5626; x_wconf 87' lang='lat' dir='ltr'><strong>ait</strong></span> <span class='ocrx_word' id='word_1_946' title='bbox 3108 5565 3138 5627; x_wconf 68' lang='grc' dir='ltr'><em>ἶ</em></span> <span class='ocrx_word' id='word_1_947' title='bbox 3156 5575 3350 5632; x_wconf 80' lang='lat' dir='ltr'><strong>Noster</strong></span> 
     </span>
    </p>
   </div>
   <div class='ocr_carea' id='block_1_114' title="bbox 1768 5633 3344 5714">
    <p class='ocr_par' dir='ltr' id='par_1_114' title="bbox 1768 5633 3344 5714">
     <span class='ocr_line' id='line_1_116' title="bbox 1768 5633 3344 5714; baseline 0.011 -34"><span class='ocrx_word' id='word_1_948' title='bbox 1768 5646 1861 5714; x_wconf 49' lang='lat' dir='ltr'><strong>es,‘</strong></span> <span class='ocrx_word' id='word_1_949' title='bbox 1892 5647 1958 5682; x_wconf 88' lang='lat' dir='ltr'><strong>an</strong></span> <span class='ocrx_word' id='word_1_950' title='bbox 1994 5635 2444 5714; x_wconf 58' lang='lat' dir='ltr'><strong>adversariorum?</strong></span> <span class='ocrx_word' id='word_1_951' title='bbox 2492 5633 2590 5714; x_wconf 38' lang='lat' dir='ltr'><strong>Quhi</strong></span> <span class='ocrx_word' id='word_1_952' title='bbox 2631 5633 2932 5714; x_wconf 74' lang='lat' dir='ltr'><strong>respondit:</strong></span> <span class='ocrx_word' id='word_1_953' title='bbox 2979 5642 3344 5714; x_wconf 78' lang='lat' dir='ltr'><strong>Nequaquam,</strong></span> 
     </span>
    </p>
   </div>
   <div class='ocr_carea' id='block_1_115' title="bbox 1769 5700 3344 5777">
    <p class='ocr_par' dir='ltr' id='par_1_115' title="bbox 1769 5700 3344 5777">
     <span class='ocr_line' id='line_1_117' title="bbox 1769 5700 3344 5777; baseline 0.012 -28"><span class='ocrx_word' id='word_1_954' title='bbox 1769 5700 1861 5750; x_wconf 85' lang='lat' dir='ltr'><strong>sed</strong></span> <span class='ocrx_word' id='word_1_955' title='bbox 1884 5715 1994 5752; x_wconf 87' lang='lat' dir='ltr'><strong>sum</strong></span> <span class='ocrx_word' id='word_1_956' title='bbox 2011 5703 2249 5770; x_wconf 77' lang='lat' dir='ltr'><strong>princeps</strong></span> <span class='ocrx_word' id='word_1_957' title='bbox 2267 5705 2520 5757; x_wconf 73' lang='lat' dir='ltr'><strong>exercitus</strong></span> <span class='ocrx_word' id='word_1_958' title='bbox 2542 5700 2769 5772; x_wconf 79' lang='lat' dir='ltr'><strong>Domini,</strong></span> <span class='ocrx_word' id='word_1_959' title='bbox 2785 5719 2834 5760; x_wconf 82' lang='lat' dir='ltr'><strong>et</strong></span> <span class='ocrx_word' id='word_1_960' title='bbox 2863 5727 3004 5766; x_wconf 82' lang='lat' dir='ltr'><strong>nunc</strong></span> <span class='ocrx_word' id='word_1_961' title='bbox 3027 5700 3190 5777; x_wconf 63' lang='lat' dir='ltr'><strong>venio;</strong></span> <span class='ocrx_word' id='word_1_962' title='bbox 3238 5700 3344 5769; x_wconf 48' lang='lat' dir='ltr'><strong>etc:</strong></span> 
     </span>
    </p>
   </div>
  </div>
