3912 6226
123 330 218 390 809

923 321 1008 375 DE
1046 315 1400 376 CAPITUUS
1440 309 1975 368 EVANGELIORUM
2014 308 2516 366 EXPOSITIONES.

3251 306 3354 357 8m

126 450 407 521 spiritalem
436 459 653 514 aquam,
681 441 769 510 qui
790 439 947 494 hodie
975 436 1187 491 dicebat
1211 451 1223 486 :
1255 433 1355 499 Qui
1383 431 1492 484 sitit
1513 429 1682 521 veniat
1712 433 1757 489 Α
1787 429 1962 521 divina
1988 427 2248 482 liberatur
2275 430 2303 480 a
2327 433 2574 521 peccato;
2607 428 2760 479 timor
2787 418 3078 521 erumpet,
3105 421 3246 521 sicut
3272 419 3357 521 di:

127 514 191 593 ad
224 557 319 604 me,
360 547 410 591 et
449 536 592 589 bibat
630 533 804 603 (Joan.
838 528 951 597 vit).
981 525 1105 579 Haec
1130 524 1289 590 igitur
1316 520 1501 582 Maria,
1532 514 1685 584 cujus

1785 520 1860 573 cit
1901 516 2198 586 Scriptura,
2238 515 2448 587 expellit
2481 522 2745 584 peccatum
2785 512 2973 583 (Eccli.
3016 513 3078 580 t).
3106 512 3238 567 Nam
3266 512 3361 582 qui

126 601 337 683 ibamus
363 601 710 685 mentionem,
744 628 801 672 ut
846 616 975 670 mihi
1004 613 1233 674 videtur,
1272 620 1557 678 personam
1597 619 1684 659 os-
1771 608 1903 660 sine
1932 606 2125 659 timore
2153 612 2236 659 est
2256 619 2361 659 non
2391 604 2590 673 poterit
2610 601 2920 671 justiﬁcari;
2952 616 3083 670 ergo
3109 603 3161 657 si
3184 603 3360 657 oculus

126 716 288 771 tendit
324 713 493 767 fidelis
518 708 788 769 Ecclesiir,
818 718 935 773 quae
967 700 1167 755 mavult
1193 697 1420 751 Domino
1448 694 1686 747 adhaere-

129 822 200 869 re,
223 818 381 873 quam
404 800 640 869 alloquio
668 813 764 850 suo
786 793 1043 849 Dominus
1065 803 1278 857 semper
1296 785 1547 873 aedificat,
1570 795 1687 873 qua:

130 896 190 949 de
218 871 454 949 tantibus
494 888 689 945 Christi
736 883 1001 956 frequenti
1040 878 1386 935 inundatione
1409 871 1687 943 perfundi-

131 997 227 1047 tur.
253 1000 415 1054 quam
443 980 767 1037 assidentem
793 975 896 1031 sibi
925 971 1198 1035 Dominus,
1237 974 1295 1022 et
1317 966 1428 1023 suis
1456 961 1690 1054 vestigiis

131 1052 480 1127 adhcerentem
518 1083 627 1123 non
655 1071 990 1134 aspernatur,
1022 1058 1113 1114 sed
1143 1057 1321 1126 potius
1350 1052 1686 1113 consolatur;

127 1162 213 1229 qui
257 1168 311 1214 et
348 1159 517 1229 pedes
561 1154 941 1224 discipulorum
978 1149 1160 1203 lavare
1199 1145 1446 1214 dignatus
1474 1149 1600 1195 est:
1634 1144 1692 1191 ut

128 1252 264 1322 quod
303 1252 354 1306 ei
400 1249 667 1303 Abraham
705 1243 993 1314 aliquando
1031 1240 1257 1305 fecerat,
1298 1237 1402 1290 hoc
1428 1235 1543 1303 ipse
1572 1230 1692 1285 (illis

131 1343 347 1397 Abrahie
389 1340 644 1396 exhibere
679 1343 910 1391 curaret.
942 1332 1131 1387 Nonne
1160 1329 1256 1383 tibi
1283 1327 1510 1390 videtur,
1542 1337 1693 1389 rogo,

130 1435 258 1487 hanc
278 1431 500 1485 Mariam
529 1429 770 1496 vestigiis
794 1424 1004 1480 Domini
1033 1420 1354 1477 assidentem
1394 1456 1409 1472 .
1486 1454 1501 1469 .
1583 1455 1596 1469 .
1678 1454 1691 1468 .

217 1559 233 1575 .
307 1520 535 1575 dicimus
571 1530 857 1587 personam
888 1512 1132 1583 perdere.
1209 1547 1225 1562 .
1304 1547 1319 1561 .
1396 1543 1413 1558 .
1490 1544 1505 1557 .
1579 1540 1604 1559 η.
1681 1542 1693 1555 .

130 1612 181 1665 In
210 1611 328 1666 Psal
351 1612 435 1667 nis
461 1624 638 1665 sermo
667 1606 879 1661 divinus
903 1600 1195 1670 alloquitur
1222 1614 1236 1651 :
1261 1597 1417 1662 Audi,
1449 1596 1597 1666 ﬁlia;
1626 1610 1701 1647 m-

129 1703 175 1754 cl
194 1718 261 1755 na
288 1718 467 1756 autem
498 1702 655 1763 tuam,
678 1706 727 1752 et
751 1696 1047 1751 obliviscere
1065 1691 1310 1763 populum
1342 1698 1500 1754 tuum,
1530 1696 1579 1743 et
1608 1687 1699 1740 do-

1786 705 1903 749 tuus
1923 695 2243 749 scandalizat
2264 702 2334 761 te,
2353 711 2473 749 erue
2500 693 2643 747 illum
2663 702 2713 745 et
2740 692 2935 762 projice
2960 692 3050 746 abs
3074 702 3122 746 te
3143 692 3358 763 (Matth.

1789 786 1844 853 v)
1870 803 1884 849 ;
1915 785 2106 839 melius
2128 793 2207 839 est
2235 783 2383 838 enim
2408 783 2618 852 plagam
2646 781 2888 851 corporis
2911 783 3176 838 sustinere
3200 797 3363 852 quam

1791 876 1902 945 pati
1944 872 2276 943 naufragium
2319 872 2597 935 castitatis,
2647 870 2738 925 ubi
2783 871 2958 925 anima
2995 870 3199 942 pariter
3241 886 3364 928 cum

1793 978 2023 1034 corpore
2049 964 2304 1019 interibit.
2337 961 2443 1017 Sed
2472 977 2540 1016 ne
2568 969 2645 1026 te,
2674 962 2900 1037 quisque
2928 961 3016 1017 ille
3043 977 3121 1027 es,
3164 961 3365 1031 fragilis

1793 1069 1983 1109 sensus
2020 1053 2272 1109 sollicitet
2299 1053 2398 1107 ista
2436 1052 2700 1121 prmcisio,
2740 1059 2800 1107 ut
2832 1061 2987 1121 putes
3014 1054 3257 1108 membra
3287 1048 3382 1108 tui

1794 1146 2056 1215 corporis,
2088 1152 2147 1199 et
2188 1144 2419 1199 maxime
2463 1144 2764 1198 necessaria
2806 1152 3087 1212 amputare
3129 1144 3364 1210 debere;

1798 1252 1905 1290 non
1932 1235 2166 1289 membra
2194 1236 2371 1303 plane,
2395 1234 2490 1290 sed
2511 1235 2637 1290 vitia
2659 1234 2913 1290 Dominus
2938 1236 3188 1307 praecepit
3216 1246 3368 1291 rese-

1797 1325 1984 1391 cauda,
2010 1333 2072 1379 et
2116 1334 2295 1380 motus
2339 1339 2528 1379 omnes
2568 1324 2910 1393 frangendos,
2941 1334 3102 1396 atque
3138 1327 3372 1397 impetus

1799 1423 2143 1484 peccatorum
2167 1430 2181 1467 :
2206 1421 2265 1467 ut
2284 1414 2357 1469 ibi
2392 1414 2456 1468 ad
2478 1414 2827 1484 praecipitium
2847 1413 3202 1471 damnationis
3221 1431 3371 1472 men-

1800 1514 1908 1560 tem
1934 1506 2125 1560 incutit
2151 1504 2417 1571 inimicus,
2454 1503 2671 1571 ibidem,
2704 1506 2988 1562 resistente
3014 1506 3115 1563 sibi
3140 1509 3371 1565 maceria

1801 1592 2079 1660 castitatis,
2130 1602 2354 1666 pereant
2398 1595 2517 1663 ejus
2561 1586 2989 1652 machinamenta
3040 1600 3267 1669 peccati.
3315 1598 3373 1656 Si

1801 1686 1988 1741 oculus
2016 1692 2141 1741 tuus
2166 1685 2707 1740 dextertscandalizat
2732 1694 2807 1754 te,
2844 1687 3078 1756 hoc'est,
3108 1690 3155 1745 si
3194 1674 3375 1746 inten-Q

132 1809 259 1845 mm
278 1793 442 1862 patris
464 1792 569 1855 tui;
598 1798 648 1842 et
669 1787 991 1855 concupiscet
1017 1796 1111 1835 rea:
1134 1779 1354 1849 speciem
1381 1786 1541 1842 tuam,
1570 1792 1698 1846 quo-
1733 1781 1777 1840 Β
1803 1775 1949 1829 tione
1987 1774 2170 1829 illicita
2211 1774 2496 1830 delectaris
2527 1776 2706 1831 videre
2733 1777 2878 1846 quod
2907 1778 3373 1849 possit'occidere,

131 1882 262 1934 siam
298 1881 409 1950 ipse
443 1888 521 1934 est
559 1876 813 1932 Dominus
849 1872 989 1927 Deus
1026 1880 1173 1935 tuus,
1212 1876 1261 1922 et
1299 1865 1542 1950 adorabis
1583 1880 1700 1919 eum

133 1971 295 2031 (Psal.
320 1946 494 2039 ἰιιν).
520 1966 662 2035 Ergo
688 1965 759 2020 de
784 1963 1025 2018 fontibus
1051 1958 1271 2021 Christi,
1295 1968 1349 2011 ut
1370 1946 1585 2011 dictum
1597 1962 1698 2019 est,

132 2061 373 2128 irrigatur
399 2057 659 2114 Ecclesia.
690 2054 872 2122 Diligit
921 2050 1067 2107 enim
1112 2056 1171 2103 et
1209 2046 1396 2102 dilexit
1446 2043 1703 2098 Dominus

134 2150 369 2204 Christus
394 2146 691 2203 Ecclesiam
714 2182 732 2212 ,
759 2143 1025 2214 probante
1062 2136 1322 2208 Apostolo
1350 2146 1405 2189 et
1445 2134 1660 2193 dicente
1686 2148 1698 2184 :

136 2238 357 2292 Christus
389 2237 571 2291 dilexit
601 2234 910 2299 Ecclesium,
934 2238 984 2283 et
1019 2228 1345 2297 semetipsum
1366 2224 1579 2277 tradidit
1610 2238 1703 2291 pro

137 2345 210 2394 ea,
231 2337 285 2380 ut
311 2344 426 2381 eam
456 2324 827 2394 sanctiﬁcaret,
847 2318 1102 2375 mandans
1123 2332 1238 2370 eam
1260 2305 1463 2369 lavacro
1484 2327 1631 2383 aqua:
1649 2310 1704 2363 in

137 2415 274 2470 verba
323 2418 443 2470 vita
491 2413 703 2484 (Ephes.
752 2410 827 2481 v),
860 2417 964 2466 etc.
995 2407 1134 2476 Ergo
1162 2405 1254 2476 qui
1280 2404 1394 2462 sitit
1421 2403 1598 2456 veniat
1637 2400 1705 2454 ad

137 2523 215 2561 me
242 2514 297 2563 et
332 2507 506 2562 bibat.
539 2505 820 2566 Bibamus,
851 2502 1076 2563 obsecro
1117 2514 1239 2561 vos,
1291 2496 1501 2560 fratres,
1539 2506 1707 2561 aquas

138 2600 247 2654 illas
274 2598 522 2654 caelestes
547 2596 615 2651 de
656 2593 855 2649 Christi
893 2591 1130 2649 fontibus
1156 2588 1453 2652 venientes,
1482 2593 1540 2641 et
1578 2598 1708 2641 can-

139 2698 302 2743 temus
326 2687 500 2742 eidem
532 2684 761 2739 Domino
786 2688 972 2737 nostro
995 2680 1267 2736 canticum
1298 2692 1516 2733 novum.
1546 2674 1707 2731 inno-

139 2788 281 2831 vatus
308 2778 454 2847 enim
483 2774 735 2830 Ecclesia:
762 2773 991 2844 populus
1019 2786 1218 2825 novum
1247 2775 1428 2824 cantet
1454 2774 1510 2822 et
1537 2764 1708 2821 canti-

140 2884 267 2921 cum.
292 2866 605 2926 luendamus
625 2863 913 2934 psallentes
931 2862 1017 2916 via
1046 2859 1231 2929 regali,
1257 2866 1314 2913 ut
1335 2856 1710 2927 perveniamus

140 2959 202 3013 ad
229 2956 443 3023 Patrem
474 2954 705 3011 Domini.
745 2953 886 3007 Dicis
915 2950 1045 3005 mihi
1077 2968 1089 3004 :
1122 2963 1244 3018 quac
1272 2954 1355 3003 est
1379 2947 1479 3001 ista
1508 2946 1595 3000 via
1623 2958 1711 2999 re-

142 3050 295 3119 galis?
325 3048 464 3105 Audi
486 3048 665 3117 ipsum
702 3044 1037 3099 Salv'atorem
1076 3042 1345 3136 dicentem
1386 3056 1399 3091 :
1445 3036 1561 3136 Ego,
1582 3052 1708 3136 csum

1798 1874 1859 1921 et
1904 1864 2108 1933 gladios
2153 1867 2251 1922 tibi
2292 1868 2520 1922 curiosis
2563 1869 2850 1925 luminibus
2887 1886 3222 1941 prmparare;
3253 1888 3375 1930 cum

1802 1959 1971 2025 magis
1993 1957 2190 2013 debeas
2216 1958 2464 2013 laudabili
2486 1959 2695 2030 pudore
2720 1960 2898 2029 digitis
2918 1962 3046 2032 ipsis
3073 1964 3259 2020 oculos
3284 1981 3379 2020 cu-

1802 2047 2039 2112 stodire,
2082 2047 2389 2117 decoreque
2436 2050 2704 2105 velamine
2748 2054 3011 2109 castitatis
3055 2060 3377 2125 ‘coopertos,

1804 2136 1961 2191 nullis
1988 2136 2386 2193 lascivientibus
2409 2139 2551 2195 vitiis
2577 2140 2842 2209 relaxare,
2872 2142 2965 2197 sed
2993 2158 3184 2212 rapere
3211 2146 3375 2215 ipsos,

1806 2235 1865 2281 ut
1881 2227 2081 2282 dictum
2102 2236 2205 2294 est,
2224 2229 2371 2284 visus
2395 2236 2518 2284 tuos
2547 2230 2817 2300 divinique
2844 2234 3041 2301 vigoris
3066 2234 3229 2289 frenis
3252 2236 3379 2291 sub-

1800 2317 1995 2387 jicere;
2028 2335 2097 2375 ne
2139 2320 2292 2374 miles
2319 2319 2517 2374 Christi
2544 2320 2700 2376 ﬂuxis
2728 2322 2973 2378 vincatur
2996 2325 3378 2393 cogitationum

1804 2412 2100 2482 illecebris,
2138 2429 2273 2469 neve
2312 2424 2461 2469 casta
2490 2416 2687 2476 femina
2717 2416 3020 2473 ludentibus
3048 2420 3219 2477 oculis
3242 2434 3379 2477 'ser.-

1804 2503 2038 2572 pentinis
2063 2504 2287 2559 nexibus
2316 2513 2581 2561 teneatur.
2605 2505 2853 2561 Cavenda
2872 2517 2999 2564 sunt
3028 2510 3146 2575 ista,
3170 2502 3382 2567 carissi-

1806 2594 1897 2647 mi.
1926 2592 2036 2665 Ego
2064 2612 2196 2658 sum,
2226 2596 2301 2649 ait
2321 2596 2596 2661 Dominus,
2627 2597 2717 2651 tua:
2741 2601 2951 2665 mundi;
2973 2603 3058 2670 qui
3075 2618 3159 2656 me
3177 2612 3382 2657 secutus

1807 2685 1981 2753 fuerit,
2024 2700 2124 2737 non
2148 2686 2370 2739 ntanebit
2414 2688 2469 2739 in
2498 2688 2732 2751 tenebris,
2774 2691 2933 2762 755
2963 2692 3053 2744 sed
3083 2692 3283 2745 habebit
3304 2694 3383 2746 lu-

1806 2789 1922 2826 men
1950 2774 2066 2826 vita
2090 2773 2269 2843 (Joan.
2288 2775 2422 2846 vin).
2439 2774 2720 2843 Eligamus
2742 2779 2921 2843 igitur,
2949 2781 3226 2844 carissimi,
3251 2796 3383 2836 can-

1808 2862 1985 2916 didam
2024 2863 2218 2927 lucem,
2249 2878 2409 2935 quam
2440 2866 2781 2922 tenebrarum
2809 2882 3070 2938 errorem,
3100 2881 3155 2925 ut
3174 2872 3236 2925 in
3267 2872 3386 2926 luce

1808 2962 2102 3019 manentes,
2136 2962 2193 3007 ut
2222 2955 2358 3011 lucis
2384 2958 2605 3025 auxilio,
2626 2960 2897 3012 communi
2921 2960 3074 3014 honre
3102 2963 3385 3017 conscien-

1812 3045 1898 3099 tia:
1925 3045 2118 3113 gaudio
2146 3046 2467 3115 repleamnr,
2494 3064 2712 3118 semper
2737 3052 2940 3118 gratias
2968 3062 3187 3121 agentes
3214 3053 3388 3109 Domi-

144 3141 235 3204 tia,
263 3148 312 3192 et
344 3139 554 3200 veritas,
575 3144 623 3188 et
651 3136 785 3197 rita;
810 3148 955 3185 nemo
977 3131 1109 3183 venit
1139 3128 1206 3181 ad
1236 3126 1469 3189 Patrem,
1494 3125 1595 3177 nisi
1623 3138 1714 3193 per
1740 3126 1781 3183 C
1815 3149 1905 3198 ῃο,
1936 3135 2028 3202 qui
2056 3142 2137 3189 εει
2164 3135 2475 3190 benedictus
2504 3138 2555 3191 ίη
2593 3138 2805 3192 “cum
2840 3140 3028 3194 Amen.

145 3245 216 3283 me
236 3228 415 3300 (Joan.
443 3224 572 3297 11v).
604 3225 699 3279 Via
730 3221 927 3291 regalis
954 3220 1168 3284 dicitur,
1198 3218 1322 3287 quia
1364 3217 1478 3285 ipse
1501 3221 1584 3267 est
1616 3226 1711 3266 rex

145 3327 353 3384 noster;
382 3325 437 3373 et
473 3316 732 3386 propheta
760 3312 835 3367 ait
866 3308 1074 3381 r755
1105 3307 1260 3371 Deus,
1289 3306 1543 3375 judicium
1571 3312 1712 3355 tuum

146 3410 243 3479 regi
279 3410 367 3475 da,
397 3415 445 3461 et
473 3406 729 3476 justitiam
755 3412 893 3455 tuam
912 3400 1022 3469 ﬁlio
1045 3398 1180 3468 regis
1204 3395 1373 3466 (Psal.
1408 3395 1575 3462 mu).
1609 3390 1711 3443 [sta

146 3506 222 3551 est
246 3498 331 3551 via
358 3494 572 3564 regalis,
603 3494 703 3547 istc
734 3498 816 3545 est
844 3488 963 3543 fons
990 3488 1110 3541 vitm
1135 3485 1202 3548 de
1230 3499 1357 3557 quo,
1403 3482 1529 3536 dum
1574 3479 1712 3533 vivi-

146 3602 274 3651 mus,
305 3588 485 3640 anima
505 3584 802 3640 satietatem
833 3578 1073 3634 omnium
1103 3577 1366 3630 bonorum
1396 3570 1611 3645 accipit.
1635 3568 1716 3621 Ex

150 3675 302 3741 ipsius
338 3686 567 3742 persona
606 3669 814 3724 Domini
853 3667 1170 3736 loquebatur
1213 3664 1408 3718 iterum
1456 3661 1717 3731 propheta

148 3766 321 3817 dicens
354 3780 365 3815 :
411 3762 605 3828 Venite,
635 3760 764 3829 ﬁlii;
797 3758 969 3811 audite
990 3773 1087 3821 me,
1120 3758 1350 3808 timorem
1380 3751 1589 3805 Domini
1619 3750 1717 3804 do-

149 3852 260 3905 cebo
298 3867 384 3905 ros
429 3849 597 3919 (Psat.
639 3847 849 3917 χχχιιι).
890 3846 1099 3911 Venite,
1143 3843 1254 3897 filii.
1300 3843 1421 3896 Filii
1458 3843 1551 3911 ait,
1592 3841 1717 3909 quia

150 3952 381 4014 quotquot
412 3951 707 4009 receperunt
729 3956 843 3993 eum
872 3939 1012 3992 dedit
1033 3939 1106 3991 eis
1128 3944 1429 4007 potestatem
1456 3934 1593 4003 ﬁlios
1626 3932 1720 3986 Dei

152 4033 256 4099 ﬁeri
286 4030 467 4101 (Joan.
496 4033 557 4099 ι).
590 4027 725 4095 Ergo
767 4027 961 4091 venite,
996 4025 1104 4091 lilii,
1150 4024 1334 4077 audite
1380 4038 1496 4087 me;
1543 4022 1720 4075 venite

152 4122 210 4173 ad
240 4135 323 4175 me
350 4121 511 4183 viam,
544 4125 601 4171 ut
629 4118 694 4172 ab
714 4116 986 4171 erroribus
1015 4122 1070 4168 et
1096 4112 1417 4167 anfractibus
1448 4110 1627 4165 satculi
1656 4112 1720 4164 li-

153 4212 333 4275 berati,
370 4218 511 4264 tecto
558 4208 746 4261 itinere
773 4206 1007 4275 pergatis
1047 4204 1112 4258 ad
1143 4201 1378 4256 Patrem.
1426 4200 1539 4270 Ego
1582 4216 1719 4266 sum,

154 4299 337 4368 inquit,
360 4299 466 4361 via,
491 4297 545 4351 in
569 4311 674 4364 qua
696 4296 828 4349 nulli
851 4306 974 4350 sunt
998 4295 1259 4351 scelerum
1284 4294 1510 4347 tortuosi
1530 4290 1718 4360 ﬂexus,
1746 4334 1749 4335 ν

155 4389 291 4442 nulla
320 4387 685 4457 perversitatis
713 4386 939 4453 malitia,
967 4401 1072 4439 non
1102 4393 1341 4454 petrosa,
1370 4399 1476 4439 non
1505 4384 1721 4454 Spinosa

1813 3226 1929 3280 III.
1972 3225 2530 3303 Itemrecitatumest
2561 3230 2615 3282 in
2657 3240 2833 3303 sancto
2876 3230 3178 3303 Evangelia,
3216 3232 3388 3289 Marc.

2004 3311 2074 3362 IV,
2108 3296 2176 3349 14
2206 3315 2219 3349 ;
2256 3296 2355 3360 Qui
2395 3299 2635 3368 loquitur,
2659 3300 2869 3354 uerbum
2902 3296 3121 3356 seminat
3160 3296 3197 3357 ί.

1881 3389 2036 3454 Hinc,
2068 3390 2347 3454 carissimi,
2375 3389 2443 3443 de
2471 3388 2681 3444 Domini
2710 3406 2979 3455 sermone,
3013 3394 3128 3463 ipso
3162 3393 3390 3447 Domino

1813 3481 2115 3549 adjuvante,
2147 3481 2427 3550 loquamur
2460 3498 2472 3531 :
2508 3478 2605 3543 Qui
2635 3482 2874 3551 loquitur,
2911 3484 3115 3537 verbum
3149 3472 3387 3541 seminat.

1815 3572 2183 3627 Ccrtissimum
2211 3578 2292 3625 est
2320 3572 2443 3639 quia
2473 3571 2564 3639 qui
2592 3572 2850 3642 loquitur,
2878 3573 3099 3628 verbum
3130 3576 3389 3641 seminat;

1816 3664 2017 3732 spargit
2037 3662 2250 3730 quidem
2278 3661 2439 3716 verba
2471 3670 2526 3714 ut
2552 3662 2775 3728 semina,
2804 3662 2896 3716 sed
2919 3662 3060 3718 Deus
3090 3664 3391 3719 incremen-

1817 3762 1931 3807 tum
1981 3761 2215 3822 priestat.
2275 3752 2405 3806 Nam
2450 3752 2630 3821 accipe
2683 3752 3177 3821 comparationem:
3210 3767 3395 3809 semen

1818 3860 1936 3899 cum
1982 3852 2192 3898 tenetur
2220 3843 2272 3897 in
2313 3857 2495 3904 manu,
2523 3840 2713 3911 ipsum
2737 3842 2909 3895 solum
2952 3842 3160 3908 manet;
3192 3844 3236 3897 si
3265 3859 3395 3897 vero

1813 3934 2069 4003 jactatum
2089 3934 2267 3997 fuerit,
2281 3941 2335 3988 ct
2354 3934 2670 3987 seminatum
2690 3932 2896 3986 cmlesti
2916 3931 3085 3986 imbre
3102 3931 3391 4002 perfusum,

1820 4026 1996 4079 divina
2020 4023 2357 4077 Providentia
2378 4008 2648 4076 radicatur
2670 4024 2729 4075 et
2743 4020 2953 4076 crescit.
2972 4020 3051 4075 Ita
3072 4029 3127 4076 et
3148 4037 3249 4077 nos
3269 4022 3398 4076 dum

1824 4118 2041 4171 verbum
2064 4124 2306 4170 tenemus
2332 4114 2384 4168 in
2408 4130 2520 4179 ore,
2547 4115 2719 4183 ipsum
2740 4114 2909 4169 solum
2936 4122 3119 4168 manet
3148 4131 3162 4167 :
3194 4114 3241 4168 si
3268 4128 3399 4169 vero

1817 4211 2078 4279 jactatum
2101 4209 2279 4275 tuerit,
2303 4215 2357 4262 et
2385 4206 2782 4276 quodammodo
2809 4205 3153 4271 seminatum,
3182 4219 3281 4275 per
3303 4203 3409 4260 Dei

1822 4301 2046 4371 gratiam
2069 4299 2336 4353 radicatur
2367 4296 2421 4351 in
2442 4296 2692 4351 cordibus
2720 4294 3070 4361 singulorum,
3100 4302 3157 4349 et
3183 4294 3399 4362 crescit,

1825 4401 1985 4460 atque
2012 4390 2393 4458 multiplicatur
2419 4388 2474 4441 in
2502 4384 2779 4441 fructibus.
2812 4383 2957 4453 Ergo
2982 4384 3175 4439 merito
3200 4383 3403 4440 dictum

157 4478 298 4547 loca;
329 4479 425 4535 sed
451 4486 624 4533 totum
643 4478 936 4548 limpidum,
968 4486 1139 4531 totum
1164 4492 1345 4544 suave,
1372 4484 1541 4531 totum
1572 4471 1799 4537 inuo—D
1828 4492 1910 4539 οει
1942 4500 1954 4534 ε
1989 4480 2091 4545 Qui
2128 4483 2373 4551 [aquimr,
2408 4479 2611 4533 uerbum
2656 4479 2896 4542 seminat,
2928 4483 2983 4531 et
3013 4492 3157 4546 quos
3198 4475 3405 4531 fructus

160 4584 279 4623 cens
308 4579 473 4638 atque
504 4583 771 4637 securum,
802 4566 893 4620 ubi
922 4567 1143 4636 vestigia
1182 4564 1351 4621 ﬁdelis
1392 4564 1583 4620 animae
1615 4582 1723 4640 non

160 4656 434 4713 liedaotur.
468 4657 584 4711 Non
634 4655 720 4710 e'st
758 4640 979 4724 aliquid,
1008 4656 1218 4719 fratres,
1263 4655 1402 4724 apud
1441 4651 1725 4709 Dominum

160 4764 426 4818 asperum,
457 4764 564 4803 non
594 4746 862 4815 estquod
901 4747 1119 4801 horreat
1148 4745 1289 4815 apud
1320 4745 1605 4810 Christum,
1639 4746 1728 4799 ubi

162 4845 327 4892 totum
356 4832 529 4892 suave
550 4844 768 4906 paterna
799 4836 1080 4890 clementia
1108 4837 1444 4905 praeparavit.
1478 4836 1615 4903 Ergo
1661 4850 1730 4889 ex

162 4925 312 4995 hujus
350 4942 584 4997 persona
622 4925 945 4994 evangelista
974 4925 1187 5000 (Matth.
1233 4928 1308 4996 ix)
1339 4926 1497 4981 docet
1538 4926 1728 4980 melius

161 5030 276 5072 ese
302 5032 427 5073 cum
462 5032 569 5083 uno
597 5017 785 5083 oculo,
816 5026 870 5072 et
896 5033 1000 5073 una
1040 5034 1197 5072 manu
1223 5060 1236 5085 ,
1268 5027 1321 5073 et
1352 5036 1455 5073 uno
1485 5019 1619 5088 pede
1646 5021 1727 5074 in-

167 5107 325 5161 troire
344 5108 399 5161 in
421 5120 645 5174 regnum
666 5106 783 5174 Dei,
808 5123 971 5177 quam
996 5110 1256 5163 habentes
1285 5110 1419 5165 duos
1448 5112 1649 5177 oculos,
1676 5120 1729 5167 et

163 5197 290 5252 duas
316 5212 527 5263 manus,
563 5205 617 5252 ct
644 5198 779 5252 duos
802 5200 965 5268 pedes
993 5200 1129 5253 mitti
1168 5200 1219 5252 in
1247 5201 1543 5268 gehennam
1572 5201 1723 5270 ignis,

165 5286 250 5341 ubi
276 5288 475 5343 vermis
502 5302 687 5342 eorum
718 5304 823 5343 non
853 5291 1127 5354 morietur,
1153 5297 1206 5345 et
1234 5289 1370 5357 ignis
1398 5306 1504 5349 non
1533 5291 1728 5346 exstin-

165 5385 367 5442 guetur.
400 5376 517 5433 Hoc
539 5378 630 5445 qui
657 5378 821 5442 audit,
848 5378 963 5433 sine
991 5380 1151 5435 dubio
1180 5388 1507 5448 conteretur,
1538 5392 1589 5435 et
1620 5385 1725 5436 uti-

166 5480 281 5520 nam
308 5467 679 5523 vehementius
709 5477 998 5534 terreatur;
1047 5471 1171 5538 quia
1200 5471 1433 5525 timendo
1456 5482 1729 5544 praecepta

240 5642 254 5671 '
284 5638 507 5709 Vulgata
539 5639 661 5709 legit
693 5658 703 5692 :
730 5638 828 5703 Qui
853 5643 1086 5705 seminat,
1118 5640 1316 5695 verbum
1348 5641 1598 5695 seminata

446 5735 711 5796 Γλτιιυις
765 5732 943 5790 LVII.

1828 4572 2015 4629 afferat
2040 4588 2223 4627 semen
2252 4571 2366 4636 Dei,
2399 4570 2620 4624 verbum
2649 4569 2905 4638 spiritale,
2948 4569 3071 4622 audi
3126 4587 3139 4621 :
3179 4567 3405 4622 Fructus

1829 4676 1997 4721 autem
2044 4666 2270 4734 spiritus,
2321 4661 2508 4731 inquit,
2552 4677 2685 4730 spes,
2728 4660 2937 4723 caritas,
2988 4659 3254 4729 gaudium,
3302 4674 3407 4727 pas;

1832 4753 2028 4826 (Colat.
2056 4753 2132 4821 v),
2158 4762 2211 4806 et
2236 4760 2445 4806 caetera.
2474 4748 2640 4803 Allert
2669 4750 2869 4806 fructus
2898 4755 3039 4801 terra
3064 4748 3264 4809 cordis,
3284 4760 3408 4815 qua:

1831 4844 2053 4914 suscipit
2080 4856 2262 4896 semen
2291 4840 2615 4895 dominicum
2646 4846 2699 4891 et
2726 4839 2779 4891 in
2808 4851 3037 4906 corpore
3066 4836 3232 4905 laetos,
3265 4842 3321 4890 et
3354 4836 3408 4890 in

1833 4936 2038 5005 spiritu.
2074 4933 2225 4988 Unde
2261 4942 2315 4988 et
2354 4933 2627 5002 apostolus
2666 4930 2859 4986 Paulus
2898 4930 3227 4986 auditoribus
3258 4930 3410 4986 diee-

1833 5027 1923 5080 bat
1953 5043 1964 5077 :
1992 5018 2103 5078 Nos
2127 5023 2265 5077 vobis
2293 5023 2586 5093 spiritualia
2624 5023 3014 5086 seminavimus;
3046 5037 3288 5092 magnum
3312 5033 3405 5087 est,

1831 5116 1879 5168 si
1902 5124 2065 5168 vestra
2092 5113 2325 5166 carnalia
2352 5122 2601 5165 metamus
2637 5110 2690 5181 (Ι
2710 5111 2831 5164 Cor.
2860 5112 2969 5181 Ix)?
2993 5110 3133 5179 Ergo
3161 5110 3413 5167 fecunde-

1835 5212 1921 5257 tur
1948 5218 2074 5271 ager
2101 5201 2335 5273 pectoris
2361 5188 2552 5266 nostri,
2580 5209 2637 5255 ut
2666 5201 2921 5269 suscipiat
2948 5216 3134 5257 semen
3174 5203 3407 5259 domini-

1835 5308 1977 5360 cum,
2007 5301 2063 5348 et
2108 5290 2269 5347 fertili
2310 5290 2459 5358 fruge
2496 5291 2819 5359 locupletet;
2871 5305 2977 5343 non
3017 5290 3123 5345 sint
3170 5292 3222 5345 in
3269 5299 3410 5348 terra

1835 5383 2012 5438 cordis
2042 5382 2211 5438 nostri
2231 5381 2397 5449 spina:
2425 5389 2479 5435 et
2508 5380 2685 5434 tribuli
2704 5380 3095 5436 malevolentia:
3119 5382 3410 5449 mularis,

1836 5491 1904 5530 ne
1933 5476 2129 5531 bonum
2174 5488 2357 5529 semen
2401 5480 2557 5529 necet
2598 5472 2818 5528 noxium
2862 5485 3078 5541 germen
3115 5489 3267 5528 :non
3306 5474 3411 5527 sint

3096 5728 3177 5785 26
