3912 6226
569 342 662 392 3H

1750 343 1804 398 S.
1844 342 2082 396 MAXIM]
2122 340 2562 394 TAURINENSIS
3693 326 3776 380 813

564 455 718 508 vobis
744 462 959 522 petrosa
988 455 1125 518 loca,
1165 463 1219 508 et
1261 455 1492 522 lapidum
1522 454 1800 508 infecunda
1844 453 2126 523 pernicies.
2157 457 2207 512 Α
2237 450 2388 511 (lsai.
2431 469 2545 517 uv;
2591 451 2707 506 Gul.
2737 455 2830 523 iv).
2865 453 3020 507 Venit
3045 455 3115 509 ibi
3147 454 3406 508 Dominus
3434 451 3604 516 Jesus,
3635 455 3778 508 inulti-

566 543 697 596 Nam
728 543 889 596 talem
923 543 1061 596 viam
1089 543 1343 597 exhorret
1371 544 1643 608 Dominus,
1673 544 1762 610 qui
1802 543 1946 606 dicit,
1975 542 2126 593 inha—

566 632 734 685 bitabo
762 633 813 683 in
844 632 936 693 eis,
973 640 1021 683 et
1050 633 1184 684 inter
1205 647 1290 684 eos
1329 631 1599 685 ambulabo
1632 631 1720 700 (II
1749 629 1868 684 Cor.
1903 630 2003 698 vr);
2034 627 2129 682 sed

564 720 634 780 sit
659 728 819 784 terra,
856 726 914 771 ut
942 711 1068 783 dixi,
1099 718 1275 772 cordis
1313 719 1482 773 nostri
1509 719 1669 782 bona,
1696 733 1813 787 qua:
1842 717 1993 770 aiiert
2021 715 2130 768 fru-

565 817 684 864 ctus
709 807 1024 872 tricesimus,
1056 815 1109 860 et
1134 808 1518 874 sexagesimus,
1549 816 1603 860 et
1630 807 1977 869 centesimas;
2031 807 2131 858 hoc

565 899 1071 967 est,.multiplieetur
1095 900 1147 951 in
1173 899 1420 952 omnibus
1445 899 1617 962 bonis,
1643 899 1837 952 habeat
1859 899 1910 950 in
1934 912 1992 950 se
2023 895 2130 949 fru-

565 997 681 1042 ctus
707 988 976 1050 frumenti,
1007 987 1138 1051 vini,
1169 995 1224 1041 et
1252 987 1375 1042 olei.
1407 987 1630 1042 Fructus
1658 988 1788 1053 vini,
1829 988 1929 1042 hoc
1958 996 2036 1041 est
2071 986 2131 1036 ti-

564 1083 659 1134 des
685 1087 744 1135 et
769 1079 1033 1136 confessio
1071 1079 1338 1149 passionis
1375 1086 1431 1134 et
1476 1079 1880 1133 resurrectionis
1923 1077 2131 1132 Domini

566 1171 735 1225 nostri
764 1169 887 1224 Jesu
915 1169 1141 1236 Christi,
1189 1171 1280 1238 qui
1311 1171 1437 1223 lavit
1478 1171 1531 1223 in
1569 1171 1693 1224 vino
1739 1170 1927 1224 stolam
1957 1183 2128 1231 suam,

567 1269 622 1317 et
651 1262 705 1314 in
732 1260 988 1328 sanguine
1029 1273 1142 1313 uvae
1170 1259 1499 1328 opertorium
1528 1274 1681 1314 suum
1711 1257 1918 1328 (Genes.
1951 1257 2126 1324 .xux),

574 1359 628 1406 et
657 1350 889 1406 torcular
915 1348 1189 1403 vindemia
1211 1348 1430 1402 salutari
1451 1347 1657 1404 fervore
1679 1347 1910 1418 perfudit
1938 1363 1950 1398 :
1983 1345 2132 1413 cujus

567 1439 747 1494 calicis
773 1445 1109 1493 sacramento
1147 1437 1405 1501 viventes,
1433 1437 1508 1490 ita
1531 1436 1860 1490 iuebriantur
1883 1435 1998 1502 ejus
2026 1433 2133 1503 spi-

568 1530 709 1584 ritali
755 1528 985 1592 fervore,
1018 1535 1077 1581 ut
1125 1541 1233 1581 non
1283 1527 1516 1583 sentiant
1555 1525 1733 1580 saeculi
1769 1530 2131 1592 tempestates,

567 1637 674 1674 non
718 1618 960 1687 injurias,
995 1632 1101 1670 non
1131 1616 1560 1685 persequentium
1605 1629 1825 1685 pinnas;
1857 1621 1916 1666 ut
1954 1612 2132 1665 decla-

569 1717 716 1764 mant
743 1717 798 1763 et
824 1707 1013 1763 dicunt
1046 1722 1059 1759 :
1090 1703 1160 1757 Et
1189 1704 1327 1757 calix
1357 1712 1471 1756 tuus
1508 1703 1767 1756 inebrians
1797 1702 1956 1772 756
1983 1715 2135 1769 quam

2229 543 2390 610 plicat
2417 543 2651 611 quinque
2688 557 2873 612 panes,
2904 552 2963 597 ut
3006 543 3240 598 Ecclesia
3282 544 3378 597 Dei
3428 544 3777 611 multiplicibus

2230 633 2420 686 divinae
2456 634 2638 700 gratia:
2684 634 2992 688 muneribus
3034 634 3350 687 abundaret.
3401 633 3639 702 Quinque
3679 633 3779 685 illos

2230 739 2416 792 panes,
2449 725 2537 791 qui
2580 725 3016 793 multiplicantur,
3051 739 3333 794 possumus
3371 725 3602 792 quinque
3640 726 3776 792 757

2230 829 2415 869 sensus
2459 829 2751 883 corporeus
2799 816 3118 882 intelligere,
3157 816 3246 884 qui
3287 816 3697 884 multiplicantur
3735 815 3777 865 in

2230 906 2591 973 spiritualibus
2635 905 2897 960 sensibus.
2931 906 3073 959 Duos
3097 906 3271 973 pisces
3317 906 3519 958 Nomm
3559 913 3612 957 et
3637 903 3780 956 Vetus

2231 995 2648 1058 Testamentum,
2673 1011 2769 1065 per
2789 995 2931 1063 quod
2959 996 3262 1048 nutriuntur
3281 994 3547 1056 homines,
3571 993 3656 1046 sed
3675 1008 3781 1045 cum

2232 1100 2390 1154 pane,
2423 1084 2475 1138 id
2503 1093 2586 1138 est
2620 1099 2738 1139 cum
2767 1082 3001 1150 Christo,
3032 1084 3121 1152 qui
3149 1092 3233 1137 est
3270 1083 3426 1151 panis
3465 1083 3600 1135 vitae.
3633 1081 3780 1134 Bene-

2232 1175 2363 1226 diin
2391 1186 2541 1239 ergo,
2571 1181 2620 1226 et
2666 1174 2816 1244 [regit
2852 1189 3032 1241 panes,
3061 1181 3109 1225 et
3139 1172 3276 1224 dedit
3317 1172 3576 1239 discipulis
3616 1172 3713 1222 suis
3737 1180 3784 1221 st

2232 1272 2478 1332 ponerent
2495 1271 2616 1314 ante
2636 1279 2740 1324 eos,
2759 1271 2807 1316 et
2827 1262 2954 1316 duos
2976 1262 3137 1331 pisces
3159 1261 3330 1314 dirisit
3355 1259 3583 1312 omnibus
3611 1258 3781 1327 (Hart.

2234 1350 2338 1419 iv);
2365 1359 2418 1404 et
2438 1351 2590 1420 panis
2612 1351 2939 1404 incrementa
2965 1349 3273 1414 succedunt,
3295 1349 3578 1417 piscesque
3606 1350 3786 1416 pariter

2234 1442 2666 1511 multiplicantur,
2698 1441 2978 1495 dulcedine
3015 1456 3292 1495 munerum
3331 1440 3526 1494 Christi
3565 1449 3788 1493 saturan-

2235 1537 2322 1584 tur
2348 1530 2583 1600 quinque
2610 1530 2776 1583 millia
2802 1529 3060 1583 virorum.
3089 1527 3156 1581 ΕἹ
3183 1529 3440 1596 colligunt
3466 1528 3639 1582 adhuc
3664 1528 3788 1594 frag-

2236 1628 2539 1673 mcntorum
2569 1617 2849 1672 duodecim
2878 1616 3139 1685 cophinos
3181 1616 3403 1684 plenos;
3435 1616 3527 1670 sed
3557 1617 3643 1669 isti
3668 1616 3788 1668 duo-

2235 1709 2407 1762 decim
2437 1706 2654 1775 cophini
2681 1703 2964 1759 duodecim
2985 1703 3365 1773 discipulorum
3392 1703 3670 1758 candidam
3691 1703 3790 1771 plc-

568 1799 850 1871 prteclarus
897 1805 972 1850 est
1015 1793 1186 1863 (Psal.
1231 1793 1386 1862 χχιι).
1427 1790 1564 1859 Ergo
1609 1792 1809 1845 lructus
1856 1788 2133 1855 frumenti,

2243 1797 2530 1851 nitudincm
2559 1802 2891 1858 monstrant;
2920 1792 3369 1860 quemadmodum
3399 1802 3455 1846 et
3477 1793 3527 1846 in
3556 1793 3658 1845 alio
3686 1792 3790 1844 loco

572 1891 677 1946 vini
706 1897 761 1942 et
790 1887 911 1942 olei.
945 1883 1070 1937 Olei'
1092 1884 1290 1937 fructus
1328 1890 1451 1935 sunt
1479 1881 1677 1944 laetitia,
1719 1894 1841 1948 pax,
1888 1876 2132 1942 dulcedo,

568 1981 760 2034 mentis
791 1976 1070 2039 serenitas,
1101 1987 1237 2042 quae,
1277 1981 1336 2026 ut
1364 1972 1562 2038 oleum,
1602 1967 1930 2039 superfertur
1957 1975 2012 2021 et
2039 1980 2134 2020 su-

573 2069 907 2141 pereminet;
957 2065 1096 2120 unde
1123 2073 1178 2117 et
1205 2071 1363 2131 caput
1392 2062 1513 2130 ungi
1544 2060 1856 2122 mandatur,
1889 2065 1946 2112 ut
1975 2065 2136 2125 caput

569 2163 743 2218 cordis
765 2160 929 2216 nostri
957 2159 1078 2212 fidei
1098 2155 1301 2224 fulgore
1322 2154 1679 2224 reSplendeat.
1697 2153 1814 2206 Istis
1833 2166 1960 2219 ergo
1985 2164 2134 2203 mens

569 2263 752 2310 nostra
781 2251 937 2306 bonis
979 2247 1340 2318 spiritualibus
1386 2260 1595 2313 semper
1622 2243 1872 2308 abundet,
1905 2250 1962 2296 ut
1992 2239 2134 2293 Patri

553 2361 664 2416 ςρει-
691 2343 878 2396 Filium
907 2353 1117 2408 semper
1142 2337 1341 2405 gratias
1368 2350 1603 2404 agamus.
1637 2333 1825 2386 Amen.

603 2434 630 2490 Ι
649 2434 708 2488 γ.
737 2431 867 2486 Item
887 2431 949 2484 de
977 2429 1188 2482 lectione
1208 2427 1373 2480 sancn‘
1413 2424 1677 2494 Evangelii
1706 2421 1873 2475 Marc.
1906 2435 1974 2484 Vl,
2005 2419 2092 2472 51.

640 2525 937 2580 Recitatum
968 2527 1067 2582 est,
1111 2526 1386 2588 postquam
1416 2516 1622 2571 occisus
1648 2526 1732 2569 est
1772 2514 2005 2566 Joannes
2031 2509 2134 2562 Ba-

571 2619 728 2689 ptista
758 2615 822 2667 ab
849 2611 1011 2680 impio
1032 2607 1262 2671 Herode,
1295 2607 1580 2660 allocutum
1609 2617 1727 2657 esse
1755 2600 2034 2655 Dominum
2056 2596 2135 2651 di-

570 2711 783 2780 scipulis
811 2707 938 2770 suis,
972 2713 1029 2760 ut
1056 2702 1339 2756 transirent
1367 2700 1419 2752 in
1448 2699 1716 2753 desertum
1744 2696 1942 2757 locum,
1970 2701 2022 2747 et
2048 2706 2134 2746 re-

547 2804 907 2874 quiescerent
951 2793 1222 2865 pusillum.
1267 2787 1486 2843 Occisus
1526 2787 1758 2841 Joannes
1804 2784 1869 2838 ab
1896 2781 2129 2844 Herode,

551 2902 785 2948 sanctus
818 2889 884 2940 ab
913 2885 1112 2954 iniquo,
1137 2881 1396 2946 benignus
1432 2878 1497 2931 ab
1525 2877 1723 2945 impio;
1755 2874 1847 2928 sed
1871 2888 1975 2927 non
2004 2886 2132 2940 gau-

570 2983 694 3035 deat
729 2977 989 3037 inimicus,
1041 2972 1162 3039 quia
1187 2969 1358 3037 justus
1384 2979 1698 3034 quacunque
1724 2971 1898 3017 morte
1926 2976 2132 3031 prmoc-

547 3074 791 3136 scupatus
819 3061 994 3124 fuerit,
1019 3059 1121 3115 erit
1149 3058 1200 3111 in
1231 3054 1506 3122 refrigerio
1537 3052 1689 3122 (Sap.
1724 3049 2040 3121 tv)..Merito
2060 3048 2136 3102 di-

2237 1897 2441 1956 septem
2467 1895 2662 1954 sportze
2703 1885 2873 1954 plenzc
2899 1884 3142 1949 sublatae,
3173 1881 3531 1950 septiformes,
3563 1881 3790 1936 Ecclech

2237 1977 2521 2044 imaginem
2545 1974 2918 2028 ostendebant.
2952 1972 3090 2026 Sunt
3117 1973 3256 2025 enim
3286 1981 3498 2039 septem
3525 1970 3660 2024 dona
3685 1969 3788 2036 Spi-

2236 2069 2369 2122 ritus
2396 2067 2588 2132 sancti,
2621 2067 2812 2134 quibus
2834 2062 3070 2118 Ecclesia
3100 2063 3334 2115 munitur
3377 2068 3432 2114 et
3463 2062 3785 2113 instauratur.

2236 2161 2589 2214 Numerantur
2635 2157 2703 2210 ab
2750 2155 3010 2224 Apostolo
3055 2153 3109 2224 (1
3135 2153 3256 2206 Cor.
3290 2153 3406 2218 xu).
3440 2150 3551 2204 lloc
3589 2149 3786 2204 donum.

2238 2252 2375 2304 hanc
2417 2248 2781 2302 hmreditatem
2819 2246 3062 2299 Christus
3100 2244 3301 2313 populo
3345 2258 3449 2296 suo
3480 2241 3708 2300 donavit,
3740 2249 3786 2290 ut

2236 2355 2449 2409 semper
2469 2337 2559 2408 qui
2581 2354 2701 2392 eum
2722 2337 2965 2406 sequitur
2984 2335 3139 2390 bonis
3163 2334 3470 2390 caelestibus
3499 2332 3563 2386 de
3585 2331 3691 2399 ejus
3711 2344 3786 2383 co-

2233 2433 2337 2501 piis
2367 2438 2660 2484 saturetur.
2693 2427 2881 2480 Amen.

2384 2517 2446 2570 γ.
2473 2516 2601 2569 Item
2627 2516 2688 2568 de
2717 2516 2929 2568 lectione
2956 2515 3250 2583 evangelica
3271 2511 3468 2565 Matth.
3491 2527 3560 2570 ix,
3587 2508 3648 2562 is

2307 2608 2407 2663 Ubi
2431 2608 2577 2661 venit
2611 2607 2826 2676 quidam
2866 2606 3135 2673 princeps,
3174 2611 3229 2658 et
3265 2601 3512 2656 adoravit
3539 2598 3790 2653 Dominum

2234 2703 2448 2758 dicens:
2481 2699 2716 2760 Domine,
2739 2697 2851 2766 ﬁlia
2869 2712 2984 2749 mea
3013 2696 3163 2748 modo
3187 2694 3426 2763 defuncta
3448 2701 3554 2754 est;
3571 2691 3657 2744 sed
3673 2690 3785 2750 mi,

2236 2793 2443 2860 impone
2477 2781 2850 2840 manum'tnam
2892 2802 3044 2855 super
3071 2801 3210 2849 eam,
3239 2793 3289 2836 et
3315 2784 3461 2835 vivet.
3504 2777 3568 2833 Et
3606 2795 3791 2849 surgens

2235 2882 2486 2936 Dominus
2529 2877 2829 2948 sequebatur
2868 2891 3014 2942 eum,
3060 2882 3116 2927 et
3154 2882 3350 2928 cetera
3428 2911 3441 2924 .
3520 2911 3532 2924 .
3611 2910 3624 2922 .
3700 2909 3712 2920 .
3779 2888 3791 2902 -

2239 2974 3791 3040 ..............prmctpts,

2239 2976 3791 3040 ..............I‘IDCItS,

2239 3062 2457 3119 fratres.
2494 3061 2716 3115 Dicebat
2748 3059 2890 3112 enim
2920 3059 3058 3114 intra
3104 3071 3166 3110 se
3213 3073 3226 3108 :
3272 3054 3413 3108 Misit
3445 2977 3582 3107 Dequ
3623 2976 3794 3104 Filium

549 3160 725 3213 A-vcehat
750 3154 1235 3224 propheta,quan:o
1258 3147 1566 3216 malignatus
1589 3153 1662 3196 est
1682 3143 1922 3195 inimicus
1941 3141 1996 3193 in
2020 3156 2137 3193 san-
2163 3144 2208 3205 ο
2241 3171 2414 3219 suum,
2447 3161 2499 3206 ει
2543 3151 2722 3206 omnia
2769 3148 2913 3202 dedit
2959 3148 3011 3200 in
3040 3149 3200 3200 manu
3228 3146 3343 3214 ejus
3367 3162 3382 3210 ;
3416 3144 3640 3212 ideoque
3664 3141 3793 3196 dice.

569 3247 665 3301 clis
692 3246 798 3298 suis
823 3237 1224 3313 (Psal..t.xxtu).
1249 3235 1302 3288 lu
1326 3233 1572 3288 convivio
1601 3239 1777 3285 autem
1807 3230 2023 3297 jubetur
2051 3243 2136 3283 oc-

571 3334 697 3390 cidi.
729 3331 864 3398 Quid
911 3345 1017 3383 non
1064 3325 1311 3381 mortalia
1358 3329 1573 3392 pectora
1620 3329 1818 3389 cogunt
1867 3319 2134 3374 luxuriosa

573 3420 847 3478 convivia?
871 3417 1006 3483 Quid
1039 3431 1144 3469 non
1176 3414 1490 3468 temerarios
1532 3411 1738 3464 animos
1768 3407 1941 3463 facere
1985 3423 2135 3461 com-

573 3501 776 3584 pellunt
819 3507 1112 3562 temulenta
1142 3502 1402 3556 ludibria?
1429 3498 1472 3552 Ο
1500 3499 1700 3553 scelus!
1734 3498 1876 3551 inter
1919 3495 2136 3551 eifusio-

571 3617 696 3657 nem
726 3600 832 3654 vini
861 3594 1131 3664 sanguinis
1155 3592 1282 3661 justi
1304 3589 1490 3645 eil‘usio
1513 3589 1797 3656 ﬂagitatur.
1825 3586 2017 3640 Parum
2042 3585 2138 3639 fuit

558 3681 815 3744 .nefandzn
843 3683 1043 3739 libidini
1073 3680 1215 3750 quod
1243 3677 1447 3732 luxuria
1479 3686 1622 3730 tanta
1648 3677 1698 3729 in
1721 3668 2139 3742 conviviogere—

576 3784 730 3838 batur
761 3797 772 3834 :
818 3775 1075 3833 occiditur
1103 3773 1262 3826 homo
1304 3777 1538 3824 sanctus.
1570 3767 1784 3822 Lasciva
1818 3766 1992 3835 puella
2034 3765 2137 3819 sal-

566 3880 667 3923 tan
680 3868 740 3921 lo
770 3865 938 3919 illexit
965 3860 1188 3915 Herodis
1215 3858 1359 3927 impii
1389 3865 1642 3911 mentem.
1678 3856 1942 3909 Didicerat
1970 3855 2142 3924 impu—

577 3957 813 4014 dicitiam
859 3950 1112 4020 ah‘impia
1144 3956 1313 4002 matre
1343 3947 1552 4001 sectari.
1586 3944 1792 3999 Placuit
1822 3945 1942 3998 talis
1969 3944 2137 3999 Hero-

567 4050 651 4111 di,
683 4047 768 4100 cui
799 4042 963 4110 magis
998 4038 1169 4109 possit
1207 4033 1413 4090 luxuria
1442 4049 1600 4104 quam
1634 4035 1873 4088 adultero
1902 4034 2141 4102 compla-

552 4154 718 4195 ccrc.
744 4132 957 4189 invenit
981 4139 1148 4186 artem
1178 4126 1419 4181 diabolus
1447 4142 1548 4195 qua
1579 4125 1846 4180 hominem
1875 4124 1970 4178 Dei
1997 4125 2140 4178 occi-

579 4234 750 4293 deret,
778 4235 836 4282 ut
865 4230 1204 4280 accusantem
1228 4220 1487 4273 luxuriam
1510 4218 1576 4271 ab
1605 4219 1715 4287 ipsa
1746 4217 1952 4271 luxuria
1984 4217 2142 4270 truci-

575 4323 751 4377 daret.
787 4315 893 4371 Sed
922 4313 1093 4368 nescit
1120 4309 1305 4364 infelix
1331 4308 1454 4377 quia
1482 4309 1704 4377 pretiosa
1739 4317 1812 4360 est
1841 4308 1895 4359 in
1936 4322 2146 4375 conspe-

581 4420 662 4464 ctu
683 4403 892 4461 Domini
916 4415 1050 4455 mors
1070 4409 1360 4455 sanctorum
1381 4396 1486 4465 ejus
1510 4394 1679 4466 (Psal.
1695 4394 1838 4464 cxv).
1862 4393 1918 4448 In
1942 4400 2145 4447 tantum

2237 3249 2329 3301 bat
2362 3263 2373 3297 :
2415 3244 2562 3307 Veni,
2598 3244 2800 3310 impone
2827 3253 3032 3298 manum
3062 3245 3202 3289 tuam
3239 3246 3393 3306 super
3420 3250 3554 3298 eam,
3588 3240 3634 3285 et
3660 3233 3788 3285 viret.

2238 3327 2362 3392 Vita
2391 3331 2633 3389 Christus
2674 3338 2913 3385 mortuos
2943 3325 3196 3389 vivificat,
3248 3321 3491 3378 inﬁrmos
3530 3328 3697 3383 sanat,
3726 3320 3792 3374 le-

2238 3443 2428 3499 prosos
2457 3424 2693 3487 mundat,
2726 3421 2995 3475 dremones
3039 3416 3201 3485 fugat,
3246 3414 3570 3484 paralyticos
3616 3411 3790 3470 ﬁrmat,

2240 3517 2439 3572 claudis
2463 3528 2702 3582 gressum
2721 3511 2902 3574 donat,
2928 3521 3097 3563 caecos
3123 3505 3404 3568 illuminat,
3434 3513 3488 3556 et
3515 3502 3676 3556 multa
3702 3501 3790 3554 mi-

2239 3605 2426 3660 rabilia
2475 3602 2631 3670 gerit.
2664 3600 2924 3653 Defuueta
2966 3596 3138 3650 fuerat
3177 3593 3370 3662 puclla,
3404 3600 3458 3645 et
3487 3590 3552 3644 ad
3585 3589 3792 3644 infernas

2241 3695 2396 3752 sedes
2411 3692 2520 3761 jam
2545 3690 2762 3760 jamque
2784 3688 3124 3754 migraverat.
3149 3681 3349 3737 Videns
3372 3695 3505 3734 vero
3531 3680 3645 3749 pius
3665 3675 3791 3748 puel-

2241 3787 2304 3840 lae
2332 3791 2483 3854 pater
2499 3789 2646 3836 artus
2674 3791 2988 3846 exsangues,
3013 3782 3197 3829 contra
3224 3771 3412 3825 mortis
3440 3770 3727 3839 perniciem
3749 3775 3790 3819 et

2243 3853 2502 3945 rapinam,
2553 3868 2914 3926 delensioneiu
2964 3863 3173 3919 Domini
3215 3860 3416 3916 Christi
3464 3858 3696 3926 rogabat.
3735 3853 3790 3906 At

2243 3980 2372 4020 vero
2401 3958 2846 4017 clementissimus
2880 3954 3134 4009 Dominus
3160 3950 3480 4021 postulantis
3514 3945 3788 4016 suggestio-

2247 4068 2367 4108 nem
2396 4051 2622 4104 libenter
2660 4045 2884 4100 audivit.
2940 4042 3002 4095 Et
3051 4057 3282 4111 surgens,
3329 4039 3634 4109 sequebatur
3674 4049 3784 4087 eum.

2245 4146 2479 4210 Surgens
2509 4140 2614 4204 ait;
2642 4150 2770 4205 ergo
2799 4134 2958 4205 paulo
2989 4139 3114 4186 ante
3151 4129 3371 4185 sedebat
3407 4132 3721 4196 exspectans
3754 4121 3787 4175 si

2246 4234 2364 4304 quis
2388 4231 2595 4286 veniret
2619 4224 2875 4283 beneficia
2905 4222 3193 4292 postulare.
3228 4219 3482 4288 Surgens,
3522 4213 3789 4304 seipiebutsr

2245 4300 2376 4377 eum.
2404 4317 2713 4375 Festinabat
2740 4323 2892 4384 pater
2917 4327 3013 4381 pro
3042 4325 3146 4364 una
3168 4306 3300 4372 ﬁlia;
3327 4305 3612 4360 festinabat
3637 4313 3688 4356 et
3704 4300 3790 4353 Do-

2247 4410 2420 4463 minus
2449 4421 2546 4476 pro
2576 4417 2677 4457 una
2707 4401 2920 4459 ancilla,
2950 4398 3068 4468 plus
3094 4409 3277 4450 curam
3305 4407 3496 4463 gerens
3522 4406 3617 4461 pro
3643 4387 3789 4444 omni-

582 4497 817 4568 pretiosa
843 4500 945 4556 est,
987 4497 1045 4544 ut
1072 4490 1235 4543 vitam
1270 4495 1520 4542 aiternam
1550 4485 1827 4540 moriendo
1857 4484 2142 4553 possideat.
2173 4496 2225 4556 ι)
2248 4501 2346 4554 bus
2374 4513 2532 4566 quam
2559 4493 2921 4562 unusquisque
2959 4503 3056 4558 pro
3084 4486 3212 4541 suis.
3245 4483 3384 4538 Ecce
3412 4490 3590 4536 autem
3616 4481 3664 4533 iu
3694 4488 3787 4530 ωτ-

586 4586 818 4644 Audiens
845 4597 974 4642 vero
1012 4579 1266 4632 Dominus
1287 4575 1354 4629 de
1392 4574 1616 4636 Joanne,
1647 4575 1774 4628 abiit
1803 4575 1853 4647 in
1883 4573 2150 4628 desertum

585 4679 762 4738 locum
795 4687 917 4728 cum
963 4664 1508 4737 discipulis-Collegit
1538 4665 1605 4718 ad
1646 4680 1702 4718 se
1731 4678 1940 4731 gregem
1974 4679 2146 4728 suum,

589 4782 656 4823 ne
684 4763 791 4833 lupi
816 4760 1112 4816 fcritatibns
1131 4761 1477 4820 vexarentur;
1510 4769 1576 4807 ne
1600 4754 1818 4822 justitize
1844 4763 2152 4822 persecutor
2175 4791 2178 4793 λ

591 4854 828 4911 Herodes
859 4854 1048 4905 iterum
1078 4862 1213 4917 quos
1257 4843 1507 4914 perderet
1539 4845 1816 4898 inveniret.
1846 4842 2056 4896 Transit
2085 4843 2152 4897 ad

589 4947 879 5007 desertum,
908 4949 965 4995 ut
990 4940 1273 5006 impiorum
1303 4933 1614 4987 societatem
1656 4933 1932 4998 abnueret,
1963 4942 2018 4986 et
2045 4932 2151 4984 vir-

592 5045 764 5096 tutum
818 5045 1030 5085 suarum
1094 5025 1352 5080 mirabilia
1406 5023 1814 5084 demonstraret.
1874 5024 2149 5078 Desertum

593 5136 821 5191 namque
872 5119 1161 5173 Ecclesiain
1212 5114 1428 5178 indicat,
1476 5127 1594 5180 quae
1641 5111 1874 5165 nonduin
1926 5112 2155 5166 habebat

591 5214 826 5268 culturas
864 5206 1228 5277 apostolorum
1257 5217 1353 5256 nec
1375 5202 1552 5269 fruges
1579 5201 1725 5256 verbi
1753 5200 1934 5265 divini,
1968 5201 2059 5254 sed
2085 5200 2157 5253 in-

592 5301 734 5359 culta
763 5299 932 5352 adhuc
958 5295 1226 5357 vitiorum,
1259 5299 1310 5344 et
1342 5291 1650 5359 ignorantiae
1673 5291 1909 5346 sentibus
1937 5290 2156 5361 squalle-

597 5395 706 5450 bat.
742 5392 815 5445 De
842 5404 944 5457 qua
974 5388 1170 5442 dictum
1195 5392 1278 5439 est
1310 5401 1324 5434 :
1362 5386 1374 5414 ⁸
1406 5381 1624 5447 Laetare,
1656 5399 1852 5436 eremus
1882 5384 2078 5448 sinetis,
2111 5395 2159 5438 et

598 5486 742 5540 multi
771 5483 866 5552 ﬁlii
911 5481 1124 5533 deserta
1157 5477 1317 5546 magis
1347 5491 1494 5545 quam
1530 5477 1640 5543 ejus
1670 5491 1780 5543 qua:
1818 5476 1968 5529 habet
2000 5478 2157 5530 rirum

672 5599 686 5627 ί
723 5593 940 5660 Vulgata
972 5589 1022 5642 in
1055 5585 1220 5655 Epist.
1253 5585 1316 5638 ad
1344 5583 1527 5660 Galat._
1555 5584 1680 5651 legit
1714 5602 1724 5631 :
1761 5583 1974 5646 La’tare,
2004 5589 2155 5639 steri-

609 5668 671 5717 lis
695 5680 802 5732 qua)
825 5655 929 5714 twn
961 5660 1100 5730 paris
1133 5673 1146 5709 .'
1180 5671 1382 5719 erumpe
1411 5663 1458 5706 et
1483 5655 1666 5718 (lmna,
1703 5670 1813 5720 qum
1849 5670 1945 5705 non
1976 5667 2154 5720 partu-

2253 4592 2318 4644 ha
2348 4588 2538 4642 mulier
2575 4581 2814 4652 quaedam
2842 4594 3002 4648 quam
3049 4577 3274 4631 molesta
3303 4572 3582 4629 infirmitas
3623 4567 3790 4637 saepius

2256 4678 2604 4737 convexabat,
2638 4682 2692 4728 et
2721 4670 3007 4741 profluvius
3041 4665 3311 4735 sanguinis
3352 4659 3790 4718 vehementissime

2255 4767 2579 4831 macerabat,
2610 4772 2664 4817 et
2687 4764 2800 4830 jam
2847 4772 3020 4827 neque
3055 4755 3294 4825 corporis
3324 4754 3621 4807 firmitatem
3651 4747 3790 4802 habe—

2258 4867 2366 4921 ret;
2415 4854 2569 4908 iidem
2599 4859 2827 4912 tantum,
2850 4848 3045 4901 lassata
3074 4844 3215 4900 omni
3245 4843 3474 4896 humana
3500 4835 3786 4892 substantia,

2259 4949 2310 5002 in
2334 4945 2494 5000 corde
2516 4940 2795 5001 retinebat,
2816 4937 2978 5007 758
3002 4949 3159 5005 quam
3179 4934 3438 4986 adventus
3460 4925 3658 4983 Domini
3681 4930 3789 4992 puto

2257 5035 2374 5104 ejus
2397 5037 2618 5100 repente
2650 5026 2892 5081 sensibus
2920 5025 3275 5077 intimaverat.
3312 5017 3565 5079 Accessit,
3595 5015 3714 5067 intra
3742 5022 3788 5060 se

2259 5127 2484 5180 dicens:
2518 5120 2578 5176 Si
2621 5121 2832 5188 tetigero
2875 5114 3132 5185 ﬁmbriam
3177 5110 3462 5170 vestimenti
3496 5108 3626 5177 ejus,
3669 5104 3788 5156 Ialm

2260 5231 2346 5268 ero
2370 5210 2580 5282 (Matth.
2613 5215 2726 5268 xx).
2758 5205 2900 5260 intra
2939 5219 2998 5258 se
3018 5205 3125 5256 hoc
3150 5199 3379 5263 dicebat,
3407 5205 3466 5252 ut
3493 5197 3626 5250 intra
3648 5206 3699 5249 se
3724 5191 3786 5243 ci-

2264 5280 2689 5356 tius-sanaretur.
2710 5294 2887 5349 Adfuit
2911 5291 3153 5347 Christus
3177 5288 3454 5358 cogitanti,
3484 5295 3538 5342 et
3563 5284 3720 5339 statim
3746 5280 3789 5331 in

2263 5393 2379 5461 ipSO
2412 5387 2626 5442 ﬁmbrias
2655 5392 2795 5438 tactu
2815 5389 3053 5437 sanatur.
3087 5380 3282 5446 Tetigit
3306 5377 3581 5441 fiutbriam,
3605 5381 3654 5427 et
3677 5383 3788 5424 erin-

2262 5489 2445 5536 secuta
2492 5486 2574 5532 est
2611 5475 2944 5539 medicinam,
2967 5481 3034 5528 et
3056 5469 3283 5527 inediae
3310 5470 3472 5525 vestis
3498 5466 3676 5523 solatio
3701 5475 3789 5514 ma-

2263 5591 2380 5708 ;isb:
2427 5586 2543 5667 quia
2589 5583 2732 5635 multi
2770 5583 2863 5650 ﬁlii
2915 5583 3149 5647 deserta,
3185 5579 3349 5648 magis
3375 5593 3523 5646 quam
3564 5576 3661 5645 ejus
3695 5583 3784 5638 que

2281 5676 2326 5708 Ill
2363 5666 2408 5708 et
2439 5670 2614 5708 turum.

2281 5666 2408 5708 iubet
2439 5670 2614 5708 turum.
