3912 6226
202 381 305 437 Si?)

1040 379 1126 433 DE
1164 377 1524 434 CAPITULIS
1564 373 2097 432 EVANGELIURUM
2138 373 2637 432 EXPOSITIONES.

3376 378 3479 434 8H

199 507 359 560 gnam
390 494 597 563 reperit
623 493 933 549 sanitatem.
965 490 1053 545 Sic
1073 491 1331 548 Dominus
1350 490 1594 543 Christus
1623 502 1802 540 remu-
1829 490 1878 548 Α
1906 502 2003 555 per
2033 501 2219 555 pacem
2251 485 2375 539 ﬁdei
2406 491 2460 538 et
2486 483 2692 537 timoris
2721 483 2833 544 Dei,
2867 492 2923 538 et
2951 493 3068 538 esto
3096 499 3227 540 sana
3269 502 3299 541 a
3327 487 3485 559 plaga

200 592 421 638 uerator
448 583 690 638 ﬁdelium
710 584 777 639 de
801 584 979 653 parvis
1001 596 1191 650 magna
1212 580 1478 636 concedit.
1507 578 1670 634 Venit
1696 576 1793 647 igi-

199 682 284 729 tur
311 682 366 728 et
396 674 468 727 ad
497 674 719 729 domum
750 673 1026 743 principis,
1056 673 1185 728 dicit
1212 671 1590 741 plangentibus
1624 686 1636 721 :
1671 666 1795 721 Non

193 775 272 819 est
299 766 478 835 puella
508 776 735 830 mortua,
760 768 854 819 sed
880 768 1087 819 dormit.
1121 761 1165 818 Ο
1195 764 1420 819 Domine
1464 762 1611 826 Iesu,
1654 777 1792 831 quo-

197 854 360 908 modo
390 870 501 908 non
534 864 619 909 est
644 850 820 924 puella
846 864 1078 920 mortua,
1103 855 1199 909 sed
1224 854 1442 919 dormit,
1475 855 1529 907 in
1557 868 1663 923 qua
1686 867 1794 907 non

102 950 105 953 '
195 952 276 999 est
300 945 535 1013 spiritus
561 945 725 998 vitm?
753 944 902 1010 Mihi,
935 944 1126 1013 inquit,
1175 943 1429 997 Dominus
1456 941 1674 1004 domiit,
1705 941 1793 1010 qui

193 1035 476 1089 suscitabo
524 1051 686 1101 eam;
736 1036 1177 1104 apprehensaque
1205 1033 1322 1102 ejus
1367 1034 1547 1095 manu,
1599 1032 1788 1086 levavit

192 1141 336 1191 eam,
370 1134 428 1180 et
458 1125 766 1196 splendoris
808 1126 891 1180 sui
922 1126 1039 1180 luce
1067 1125 1357 1179 restituens
1395 1124 1666 1177 viventem
1694 1121 1797 1190 piis

194 1216 519 1283 parentibus
550 1217 603 1269 in
634 1224 925 1284 conspectu
957 1216 1194 1270 omnium
1236 1211 1653 1269 commendavit.
1679 1210 1793 1279 lpse

193 1314 275 1359 est
297 1306 393 1373 qui
426 1306 672 1359 omnium
698 1306 898 1374 pariter
932 1306 1387 1360 resurrectionem
1416 1301 1655 1358 facturus
1677 1308 1790 1355 est:

198 1396 298 1465 ipsi
326 1396 503 1463 gloria
536 1396 593 1449 in
618 1396 830 1451 saecula.
864 1395 1054 1449 Amen.

206 1504 303 1559 VI.
348 1506 491 1560 Item
534 1506 597 1558 de
636 1506 853 1560 lectione
889 1506 1059 1560 sancti
1094 1504 1370 1560 Evanaelii
1411 1502 1497 1557 ubi
1539 1501 1727 1556 mulier
1766 1517 1797 1552 α

350 1578 614 1644 proﬂuvio
641 1576 909 1647 sanguinis
941 1583 1167 1638 curatur,
1200 1572 1388 1627 Matth.
1422 1589 1495 1639 ix,
1524 1572 1614 1625 $0.

270 1665 359 1718 Ait
382 1664 649 1720 Dominus
675 1674 731 1719 et
754 1664 1006 1719 Salvator
1033 1673 1217 1719 noster
1237 1664 1500 1729 Christus,
1526 1663 1678 1731 cujus
1698 1664 1795 1719 h0-

198 1753 285 1808 die
314 1755 589 1810 mirabilia
619 1770 786 1825 opera
814 1754 1113 1808 audivimus
1142 1754 1196 1807 in
1235 1761 1425 1808 sancto
1455 1752 1747 1819 Evangelio
1781 1771 1792 1805 :

1900 585 2009 631 tua.
2043 576 2262 645 Plagam
2293 576 2345 629 in
2377 590 2435 629 se
2460 574 2694 628 habebat
2722 582 3069 643 peccatorum
3098 576 3272 630 omnis
3298 577 3484 645 homo,

1899 683 2005 722 non
2028 668 2201 733 solum
2224 682 2293 722 ex
2312 665 2528 729 Iudaeis,
2552 665 2647 720 sed
2668 672 2722 719 et
2738 679 2803 719 ex
2822 665 3099 733 gentibus;
3126 667 3193 722 ad
3211 667 3483 724 Christum
3573 732 3580 739 _

1896 758 2120 812 veniens
2148 758 2214 812 ab
2245 758 2362 826 ipso
2391 756 2662 821 salvatur;
2712 771 2810 825 per
2837 754 3003 811 ﬁdem
3042 764 3098 812 et
3125 758 3239 826 ejus
3265 760 3489 816 benedi—

1899 851 2094 905 ctionis
2123 850 2322 903 auxilio
2351 847 2715 903 communitur
2740 865 2759 900 :
2795 847 2894 918 ipsi
2919 848 3089 916 gloria
3119 858 3175 904 et
3202 850 3485 921 imperium

1900 943 1952 997 in
1983 942 2193 997 smcula.
2222 940 2413 994 Amen.

2050 1072 2181 1125 VII.
2220 1071 2354 1125 Item
2382 1071 2445 1125 de
2470 1080 2652 1126 sancto
2675 1070 2959 1143 Evangelia
2985 1071 3111 1128 Luc.
3145 1090 3218 1139 χι,
3250 1074 3346 1131 27.

1970 1206 2103 1261 Cum
2134 1207 2336 1263 diceret
2364 1209 2621 1263 Dominus
2653 1209 2719 1263 ad
2761 1210 2964 1275 turbas,
2996 1219 3052 1265 et
3079 1212 3239 1267 verba
3271 1212 3489 1282 pietatis

1899 1306 2060 1368 atque
2095 1299 2281 1353 salutis
2309 1308 2629 1353 cunctorum
2659 1300 2967 1369 pectoribus
2996 1302 3490 1371 seminaret,»qua:-

1898 1387 2025 1441 dam
2066 1388 2259 1441 mulier
2295 1388 2363 1443 de
2401 1389 2560 1444 turba
2606 1390 2929 1445 exclamavit
2975 1390 3043 1445 ad
3070 1407 3195 1445 eum
3222 1400 3277 1447 et
3304 1393 3442 1448 dixit
3475 1412 3487 1447 :

1902 1476 2091 1530 Beatus
2120 1488 2293 1532 venter
2313 1480 2398 1548 qui
2428 1488 2477 1532 te
2495 1481 2741 1549 portavit,
2764 1488 2814 1533 et
2834 1480 2992 1534 ubera
3016 1498 3133 1552 qua:
3158 1484 3367 1537 suxisti.
3392 1481 3490 1537 Cui

1899 1563 2160 1620 Dominus
2185 1565 2261 1620 ait
2292 1583 2305 1617 :
2338 1565 2485 1620 Beati
2511 1568 2598 1638 qui
2619 1566 2836 1621 audiunt
2865 1568 3071 1621 verbum
3099 1569 3217 1633 Dei,
3242 1580 3291 1624 et
3316 1579 3492 1624 custo-

1901 1656 2068 1711 diuiti.

1975 1745 2183 1811 Beatus,
2214 1746 2409 1821 inquit,
2440 1756 2613 1800 renter
2640 1748 2725 1818 qui
2760 1758 2807 1801 te
2833 1751 3077 1818 portarit,
3106 1758 3153 1803 et
3187 1754 3346 1804 ubera
3379 1732 3518 1823 quati

197 1842 314 1915 Ego
330 1862 451 1898 sum
474 1847 578 1908 via,
600 1854 649 1899 et
670 1846 874 1910 veritas,
900 1853 949 1897 et
974 1846 1107 1908 rita;
1138 1860 1286 1897 nemo
1308 1844 1442 1896 venit
1464 1842 1532 1894 ad
1561 1841 1797 1906 Patrem,
1835 1828 1875 1883 Β
1905 1838 2110 1891 suxisti.
2136 1836 2264 1891 Haec
2286 1837 2498 1900 mulier,
2521 1836 2737 1905 fratres,
2760 1840 2852 1907 pie
2880 1854 3041 1893 sensu
3062 1848 3353 1904 commota,
3380 1842 3495 1896 lau-

200 1936 302 1987 nisi
330 1951 428 2004 per
450 1951 533 1987 me
562 1933 742 1998 (Joan.
764 1932 899 2001 xxv).
924 1932 1251 1987 Accedamus
1274 1944 1403 1999 ergo
1425 1931 1493 1985 ad
1522 1945 1666 1996 eum,
1698 1929 1804 1983 fra-

202 2034 331 2089 tres,
366 2034 428 2078 ut
458 2040 558 2094 per
585 2038 709 2079 eum
740 2032 849 2077 tam
875 2024 1034 2077 beato
1066 2024 1259 2077 itinere
1284 2022 1643 2086 ambulantes,
1675 2037 1799 2091 per-

202 2116 387 2169 venire
410 2115 693 2184 possimus
723 2112 791 2167 ad
818 2110 1058 2167 Patrem.
1090 2112 1424 2167 Accedamus
1453 2110 1521 2165 ad
1550 2126 1694 2175 eum,
1726 2110 1800 2163 si-

202 2216 293 2263 ωι
323 2208 429 2262 ista
462 2207 656 2261 mulier
676 2205 837 2259 hodie
858 2204 1089 2259 accessit
1120 2203 1365 2267 fideliter,
1397 2211 1455 2257 et
1482 2201 1586 2256 ﬁde
1616 2210 1803 2268 tanga-

204 2316 341 2354 mus.
376 2299 449 2353 Et
476 2299 605 2353 licet
642 2311 859 2366 semper
886 2296 942 2351 in
980 2295 1150 2350 turbis
1178 2296 1249 2350 sit
1294 2294 1502 2365 positus
1543 2292 1806 2347 Dominus

204 2388 379 2455 lesus,
414 2397 475 2443 et
520 2402 710 2443 omnes
753 2385 897 2441 circa
939 2399 1061 2440 eum
1111 2400 1220 2439 non
1249 2384 1424 2439 solum
1471 2382 1704 2453 apostoli
1750 2390 1805 2436 et

206 2480 512 2549 propheta),
534 2476 627 2532 sed
647 2485 701 2532 et
719 2483 1004 2547 martyres,
1030 2481 1085 2529 et
1093 2474 1228 2544 justi
1254 2488 1462 2538 omnes,
1488 2471 1805 2539 angelorum

208 2584 427 2639 quoque
456 2568 804 2636 omniumque
842 2565 1146 2620 cmlestium
1178 2564 1432 2618 virtutum
1472 2562 1629 2616 turba
1673 2576 1805 2615 con-

204 2661 396 2724 sistat;
431 2667 610 2713 tamen
638 2658 684 2713 si
714 2655 978 2712 ﬁmbriam
1008 2655 1314 2711 vestimenti
1353 2653 1470 2723 ejus
1499 2661 1802 2721 tangamus,

206 2760 265 2805 et
292 2767 393 2821 per
420 2752 599 2821 ipsum
628 2749 1018 2815 indumentum,
1052 2746 1105 2802 id
1133 2755 1218 2802 est
1256 2761 1356 2816 per
1396 2745 1642 2801 velamen
1684 2756 1807 2799 cor—

205 2843 360 2913 poris
435 2882 451 2895 .
533 2880 547 2895 .
625 2879 640 2893 .
718 2880 735 2893 .
814 2879 828 2892 .
909 2880 922 2893 .
998 2845 1084 2893 est
1121 2837 1557 2908 propitiatorium
1596 2876 1613 2889 .
1692 2875 1708 2888 .
1786 2874 1800 2887 .

625 2968 641 2983 .
719 2928 1017 2997 majestatis
1054 2927 1311 2982 auxilium
1359 2927 1693 2989 invocemus,
1725 2933 1809 2978 at-

209 3038 319 3093 que
346 3024 597 3093 superuis
626 3021 742 3090 ejus
787 3019 1101 3075 muneribus
1133 3017 1299 3087 adjuti
1327 3031 1644 3087 operemur;
1692 3023 1807 3070 sta-

214 3114 314 3168 tim
357 3117 544 3178 etiam,
577 3121 631 3168 et
670 3127 740 3168 ex
770 3118 953 3167 nostra
984 3109 1299 3164 inﬁrmitate
1326 3108 1671 3173 salvabimur,
1708 3120 1809 3161 nec

1905 1926 2054 1981 davit
2077 1933 2288 1980 uterum
2317 1926 2525 1991 matris,
2557 1927 2795 1982 laudavit
2822 1928 3001 1987 ubera.
3017 1931 3323 1997 genitricis;
3367 1943 3496 1987 vere

1905 2016 2116 2087 Spiritu
2136 2026 2326 2072 sancto
2353 2016 2568 2087 perfusa
2597 2019 2792 2073 merito
2822 2019 3035 2074 laudem
3058 2020 3272 2076 Domini
3300 2032 3497 2078 contu-

1906 2108 1968 2162 lit
1990 2110 2165 2173 matri,
2185 2123 2304 2176 quae
2328 2108 2489 2162 talem
2512 2107 2750 2163 ediderat
2770 2118 3003 2180 partum,
3032 2111 3301 2181 talemque
3332 2114 3498 2170 lacta-

1907 2208 2058 2254 verat
2084 2200 2313 2269 prolem.
2361 2198 2460 2254 Cui
2501 2202 2660 2256 matri
2708 2202 2820 2271 ipse
2868 2202 3127 2258 Dominus
3171 2204 3497 2275 praecipuam

1905 2291 2295 2359 beatitudinem
2316 2291 2370 2346 in
2392 2291 2498 2347 hoc
2517 2292 2757 2362 profecto
2778 2294 3102 2362 contulerat,
3122 2298 3265 2365 quod
3282 2307 3498 2354 uterum

1907 2380 2027 2450 ejus
2052 2380 2326 2451 majestati
2348 2397 2484 2455 sum,
2515 2383 2664 2452 quasi
2694 2374 2916 2439 demum
2939 2386 3232 2454 quamdam
3259 2388 3495 2457 regalem

1907 2471 2165 2539 elegerat,
2189 2472 2244 2526 in
2266 2486 2372 2541 qua
2395 2472 2509 2541 ipse
2530 2471 2646 2529 Rex
2670 2472 2907 2528 caelestis
2935 2474 3306 2532 descenderet.
3332 2476 3500 2535 Beata

1907 2563 2039 2616 satis
2066 2569 2123 2617 et
2142 2563 2393 2631 multum,
2413 2563 2681 2634 beataque
2705 2573 2880 2620 mater
2902 2565 3112 2621 Domini
3133 2582 3255 2622 esse
3280 2573 3496 2634 meruit,

1910 2660 1965 2709 et
2001 2668 2070 2708 ex
2110 2654 2303 2709 ancilla
2350 2665 2625 2725 assumpta
2674 2664 2976 2712 maternum
3022 2675 3222 2715 nomen
3267 2663 3497 2732 accepit.

1911 2745 2052 2815 Ergo
2081 2745 2277 2809 beatus,
2311 2745 2503 2816 inquit,
2536 2755 2708 2800 venter
2746 2749 2833 2819 qui
2876 2755 2928 2802 te
2966 2752 3211 2819 portavit,
3250 2760 3299 2805 et
3344 2751 3503 2806 ubera

1909 2854 2024 2909 quae
2042 2840 2250 2893 auxisti.
2275 2838 2473 2894 Beatus
2490 2847 2680 2895 venter
2699 2840 2789 2909 qui
2818 2838 3081 2895 artiﬁcem
3105 2842 3288 2896 mundi
3315 2852 3501 2912 portaé

1909 2928 2007 2992 vit,
2040 2928 2197 2983 beata
2229 2929 2396 2983 ubera
2426 2942 2546 2998 qua:
2583 2929 2767 2983 mundi
2809 2929 3095 2985 Dominum
3138 2931 3500 2987 lactaverunt.

1911 3020 2073 3090 760
2100 3018 2165 3073 Et
2184 3020 2444 3075 Dominus
2470 3038 2481 3072 :
2509 3018 2787 3088 Beati,.ait,
2806 3023 2893 3091 qui
2918 3022 3138 3076 audiunt
3158 3022 3365 3085 verbum
3390 3024 3503 3091 Dei,

1911 3118 1960 3164 et
1974 3109 2293 3164 custodiunt.
2312 3108 2411 3175 Qui
2436 3110 2658 3164 verbum
2680 3110 2773 3164 Dei
2790 3110 3034 3177 audiunt,
3055 3111 3107 3166 id
3129 3121 3211 3167 est
3230 3112 3506 3168 Christum

218 3219 319 3261 nos
346 3206 488 3259 ultra
513 3176 790 3273 sanguinis
816 3203 980 3268 unda,
1012 3202 1065 3257 id
1092 3208 1176 3256 est
1204 3200 1503 3255 carnalium
1548 3199 1805 3254 vitiorum
1838 3176 1883 3239 (ἶ
1914 3202 2009 3257 Dei
2037 3203 2302 3268 Verbum;
2336 3209 2392 3257 et
2419 3201 2748 3267 custodiunt,
2780 3202 2888 3257 hoe
2910 3210 2995 3257 est
3033 3212 3362 3275 praeceptum
3391 3205 3507 3272 ejus

216 3294 525 3366 periculosa
556 3300 847 3364 tempestas
876 3291 1118 3357 occidet,
1141 3288 1291 3345 Fecit
1320 3290 1425 3347 hoc
1469 3287 1666 3343 mulier
1709 3287 1810 3342 ista

216 3384 415 3451 ﬁdelis,
432 3384 501 3439 de
519 3398 623 3453 qua
642 3382 801 3453 paulo
823 3394 948 3436 ante
967 3380 1153 3435 retulit
1167 3386 1412 3435 sanctum
1430 3374 1773 3447 Evangelium
1794 3395 1806 3429 :

216 3482 277 3529 et
301 3474 709 3530 consideremus
736 3472 866 3541 quid
894 3470 1137 3541 designet
1164 3471 1322 3541 hujus
1350 3484 1583 3540 persona
1619 3468 1810 3523 mulie-

224 3564 319 3618 ris.
353 3564 479 3618 Haec
521 3563 732 3629 mulier,
767 3570 826 3616 ut
864 3562 994 3615 mihi
1032 3562 1263 3626 videtur,
1308 3561 1475 3614 totius
1514 3559 1814 3627 fragilitatis

219 3652 477 3707 humana:
507 3651 732 3722 ﬁguram
761 3652 815 3705 in
838 3651 1135 3721 semetipsa
1164 3651 1515 3713 monstrabat,
1548 3664 1668 3718 quae
1688 3657 1816 3703 ante

218 3741 281 3797 in
311 3744 493 3799 carnis
511 3743 799 3798 vexatione
824 3743 1018 3813 posita,
1048 3741 1101 3796 id
1124 3742 1278 3797 estin
1303 3742 1446 3795 vitiis
1467 3750 1814 3810 peccatorum

222 3832 541 3897 constituta.
585 3849 693 3888 non
735 3832 898 3888 aliter
924 3832 1101 3888 curari
1130 3838 1363 3902 poterat,
1396 3831 1498 3885 nisi
1528 3847 1559 3885 a
1602 3830 1816 3885 Christo

228 3924 469 3981 remedia
491 3926 837 3996 percepisset.
855 3924 953 3980 Vel
973 3925 1166 3981 iterum
1186 3924 1485 3995 Synagogm
1512 3924 1567 3977 in
1595 3938 1653 3977 se
1682 3924 1812 3977 ima-

226 4017 408 4085 ginem
437 4017 791 4079 monstrabat,
823 4030 941 4085 quae
968 4016 1022 4069 in
1050 4015 1309 4082 sanguine
1351 4015 1513 4086 759
1549 4014 1819 4069 membro-

230 4122 351 4161 rum
397 4122 639 4173 suorum,
692 4105 746 4160 id
787 4116 871 4159 est
917 4103 1149 4159 ﬁliorum
1198 4104 1605 4159 circumcisione
1648 4102 1820 4157 multo

226 4207 479 4270 tempore
523 4198 822 4252 laborabat.
874 4196 1204 4265 Erogaverat
1242 4194 1457 4264 quidem
1485 4195 1639 4265 plura
1669 4196 1820 4264 quasi

230 4288 285 4342 in
315 4288 561 4350 medicis,
589 4288 693 4342 hoc
721 4295 804 4342 est
831 4287 883 4342 in
926 4287 1116 4342 scribis
1162 4294 1217 4341 et
1255 4284 1558 4351 Pharisaeis,
1590 4301 1821 4354 quorum

231 4378 368 4435 falsa
409 4387 466 4434 et
503 4379 681 4433 inania
719 4378 978 4433 doctrina:
1025 4377 1239 4447 eloquia
1277 4378 1587 4447 expetebat,
1622 4385 1676 4431 et
1704 4376 1822 4447 plus

231 4470 406 4539 magis
434 4468 558 4524 inde
583 4469 974 4524 iuﬁrmabatur.
1007 4469 1366 4537 Posteaquam
1392 4467 1662 4523 Christum
1693 4468 1823 4523 vidit

1914 3293 2240 3350 custodiunt.
2260 3293 2494 3349 Verbum
2535 3292 2631 3347 Dei
2653 3292 2897 3348 Christus
2917 3301 3001 3347 est
3026 3292 3307 3359 Dominus,
3328 3295 3421 3364 qui
3450 3298 3506 3351 in

1913 3384 2168 3453 principio
2194 3392 2309 3437 erat
2350 3382 2593 3445 Verbum,
2633 3390 2682 3434 et
2718 3379 2943 3435 Verbum
2988 3389 3100 3435 erat
3141 3383 3284 3453 apud
3313 3382 3506 3450 Deum,

1914 3483 1964 3528 et
1984 3473 2125 3528 Deus
2147 3482 2261 3528 erat
2290 3473 2510 3527 Verbum
2532 3472 2712 3544 (Joan.
2737 3474 2799 3543 ι).
2826 3471 2967 3539 Ergo
2988 3472 3133 3528 beati
3162 3474 3255 3542 qui
3284 3474 3509 3529 audiunt

1914 3567 2141 3622 verbum
2167 3565 2284 3641 Dei,
2310 3573 2366 3621 et
2392 3564 2720 3629 custodiunt,
2746 3564 2798 3618 id
2820 3572 2904 3618 est
2928 3563 3013 3617 vel
3036 3573 3363 3633 praeceptum
3385 3562 3504 3632 Dei,

1917 3667 1971 3715 et
1996 3668 2156 3715 cauta
2184 3658 2563 3713 observatione
2588 3655 2921 3711 custodiunt.
2949 3653 3173 3709 Summa
3205 3663 3367 3725 atque
3386 3669 3511 3723 per-

1915 3749 2055 3805 fecta
2082 3748 2359 3804 beatitudo
2390 3747 2444 3801 in
2469 3748 2574 3803 hoc
2599 3746 2870 3817 prmcipue
2899 3746 3139 3815 ponitur,
3171 3745 3218 3798 si
3246 3745 3394 3817 quod
3421 3746 3509 3801 di-

1918 3842 2059 3896 citur
2080 3840 2386 3910 impbatur.
2411 3836 2559 3892 Beati
2587 3814 2673 3908 qui
2701 3814 2919 3889 audiunt
2948 3835 3154 3889 νει-ὀνκ
3183 3814 3305 3903 Dei,
3327 3814 3378 3889 et
3416 3852 3509 3889 cu-

1919 3934 2187 3996 stodiunt;
2218 3932 2343 4000 quia
2374 3925 2715 3985 audientibus
2743 3928 2961 3982 auribus
2990 3936 3106 3983 toto
3141 3928 3305 3983 corde
3345 3929 3512 3985 verba

1919 4024 2099 4078 divina
2117 4030 2463 4085 conservant,
2487 4030 2868 4089 gestorumque
2894 4018 3149 4089 operibus
3174 4033 3205 4072 a
3236 4033 3293 4073 se
3322 4018 3515 4089 imple-

1917 4124 2033 4169 tum
2063 4128 2182 4169 esse
2209 4111 2573 4176 manifestam,
2605 4108 2751 4178 quod
2794 4106 3109 4178 praedicatio
3145 4107 3327 4162 divina
3350 4123 3516 4178 saepe

1921 4206 2289 4261 mandaverat.
2323 4204 2469 4257 Beati
2498 4204 2583 4275 qui
2611 4201 2831 4254 audiunt
2860 4198 3067 4255 verbum
3102 4199 3223 4265 Dei,
3258 4209 3309 4254 et
3337 4209 3514 4255 custo-

1923 4298 2070 4350 diunt
2096 4312 2113 4348 :
2145 4295 2235 4348 ubi
2258 4293 2453 4347 dicitur
2482 4309 2497 4344 ς
2541 4290 2658 4345 Non
2688 4288 2922 4354 occides,
2951 4305 3063 4344 non
3090 4288 3376 4356 furabcris,
3406 4305 3516 4343 non

1924 4384 2244 4439 adulterium
2293 4382 2480 4446 facies,
2511 4389 2566 4435 et
2595 4395 2701 4437 non
2746 4379 3120 4448 concupisces,
3164 4394 3275 4433 non
3322 4379 3513 4434 falsum

1925 4474 2290 4534 testimonium
2341 4472 2509 4535 dices,
2553 4486 2659 4524 non
2707 4469 3009 4538 pejerahis;
3056 4468 3262 4524 honora
3303 4477 3514 4538 patrem

227 4560 571 4616 Salvatorem
599 4560 848 4627 gentibus
876 4560 1181 4623 advenisse,
1206 4560 1369 4628 elegit
1393 4560 1675 4615 meliorem
1697 4576 1820 4629 par-
1851 4541 1901 4601 D
1926 4579 2075 4622 mum
2105 4573 2162 4621 et
2188 4573 2436 4627 matrem,
2462 4573 2514 4617 et
2538 4561 2680 4630 Quod
2704 4561 2799 4614 tibi
2828 4578 2937 4616 non
2966 4562 3067 4628 vis,
3099 4562 3256 4616 alteri
3284 4577 3353 4617 ne
3380 4562 3518 4618 fece-

230 4662 367 4716 tem,
400 4660 457 4705 et
484 4651 730 4705 transivit
757 4652 823 4705 ad
854 4650 1032 4717 ﬁdem,
1075 4661 1133 4706 et
1160 4652 1322 4720 coepit
1364 4652 1502 4706 intra
1529 4667 1591 4707 se
1619 4654 1819 4722 cogita-

230 4757 311 4809 re,
345 4741 531 4796 dicens
562 4758 576 4793 :
604 4742 664 4796 Si
687 4742 896 4811 tetigero
919 4742 1181 4811 ﬁmbriam
1207 4743 1493 4795 vestimenti
1514 4742 1646 4812 ejus,
1676 4745 1821 4798 salva

232 4850 343 4887 ero.
380 4830 447 4884 Et
475 4832 656 4885 statim
686 4833 912 4887 credens
956 4833 1121 4886 Deum
1153 4833 1205 4886 in
1234 4848 1463 4903 corpore
1503 4837 1730 4904 accepit,
1762 4834 1823 4887 ﬁ-

231 4920 321 4977 dei
346 4922 803 4977 viribuscucurrit
832 4924 897 4977 ad
918 4923 1212 4990 Christum,
1238 4934 1290 4979 et
1314 4934 1538 4994 tangens
1561 4925 1823 4982 ﬁmbriam

233 5013 543 5069 vestimenti
583 5014 718 5082 ejus,
752 5014 1117 5084 plenissimum
1148 5015 1214 5068 de
1242 5014 1436 5070 divinis
1466 5016 1700 5072 fontibus
1730 5034 1820 5072 re-

230 5104 475 5161 medium
494 5104 682 5159 salutis
703 5105 930 5175 accepit.
954 5104 1017 5159 Et
1045 5106 1166 5160 ideo
1187 5105 1256 5159 ad
1278 5121 1398 5161 eam
1428 5107 1684 5162 Dominus
1708 5110 1782 5162 ait
1806 5128 1818 5162 :

1924 4661 2025 4723 ris;
2052 4666 2108 4712 et
2133 4672 2251 4726 quae
2278 4656 2443 4709 vultis
2469 4662 2529 4707 ut
2558 4652 2757 4706 faciant
2783 4651 2940 4706 vobis
2961 4652 3229 4717 homines,
3254 4653 3393 4707 bona
3419 4668 3513 4707 ea-

1926 4748 2048 4804 dem
2077 4757 2132 4802 et
2154 4763 2250 4800 vos
2280 4745 2437 4800 facite
2467 4744 2563 4801 eis.
2600 4742 2766 4805 Beati,
2803 4742 2995 4811 inquit,
3030 4744 3118 4812 qui
3152 4743 3369 4795 audiunt
3401 4760 3523 4796 ver-

1927 4842 2043 4893 bum
2088 4837 2187 4891 Dei
2210 4880 2225 4905 ,
2266 4846 2314 4889 et
2353 4833 2680 4897 custodiunt,
2713 4842 2773 4886 ut
2801 4830 3155 4886 custodiendo
3184 4839 3240 4886 et
3275 4831 3519 4888 faciendo

1926 4928 2204 4999 premium
2252 4931 2670 4993 consequantur.
2704 4920 2833 4976 Post
2876 4923 2990 4976 haec
3020 4924 3269 4985 refertur,
3302 4922 3519 4980 dicente

1926 5021 2155 5074 Domine
2179 5036 2194 5071 :
2228 5015 2505 5071 Generatio
2528 5017 2629 5069 ista
2660 5030 2877 5085 nequam
2897 5014 3102 5085 signum
3132 5016 3337 5086 quaerit,
3366 5024 3415 5068 et
3442 5017 3519 5069 si—

1927 5128 2084 5184 gnum
2105 5127 2209 5164 non
2227 5109 2438 5162 dabitur
2455 5108 2534 5161 illi
2542 5150 2557 5175 ,
2580 5107 2680 5160 nisi
2702 5107 2907 5177 signum
2925 5105 3078 5159 Jonw
3091 5106 3354 5175 propheta:
3367 5105 3520 5177 (Luc.

236 5196 252 5228 ί
277 5196 535 5251 Constans
553 5209 681 5259 esto,
712 5197 849 5266 ﬁlia,
873 5196 1006 5265 ﬁdes
1029 5206 1115 5250 tua
1139 5205 1186 5250 te
1202 5198 1399 5250 salvam
1421 5200 1541 5267 fecit
1569 5215 1587 5251 :
1616 5200 1743 5253 vade
1771 5202 1827 5254 in
1929 5214 2031 5269 ιι).
2054 5200 2218 5256 Jonas
2248 5201 2347 5254 iste
2376 5198 2640 5269 propheta
2668 5188 3037 5261 sanctissimus
3066 5194 3285 5264 ﬁguram
3315 5197 3522 5265 passio-

232 5302 366 5355 pace
395 5302 413 5339 :
444 5286 496 5341 id
517 5294 601 5340 est
625 5286 843 5340 ambula
865 5301 1051 5340 secura
1082 5287 1134 5340 in
1161 5302 1293 5355 pace
1318 5304 1331 5352 ;
1364 5303 1555 5355 respue
1575 5288 1715 5343 bella
1749 5291 1827 5343 vi-

234 5379 461 5442 tiorum,
484 5392 604 5446 qua:
623 5376 988 5431 dilacerabant
1008 5377 1240 5431 animam
1263 5385 1429 5441 tuam,
1452 5387 1507 5431 et
1535 5385 1659 5432 tene
1688 5394 1829 5434 sem-

1932 5294 2015 5347 nis
2045 5301 2101 5346 et
2142 5290 2557 5346 resurrectionis
2596 5287 2809 5342 Domini
2852 5288 2905 5341 in
2935 5287 3225 5356 semetipso
3256 5288 3521 5356 gestabat.

1931 5384 1952 5415 ³
1982 5383 2147 5436 Istum
2178 5382 2507 5451 praecipitem
2538 5378 2826 5447 aliquando
2854 5386 3031 5431 nauta:
3051 5393 3173 5433 cum
3198 5379 3248 5432 in
3280 5378 3414 5432 mari
3440 5378 3525 5447 ja-

309 5533 330 5565 ι
371 5531 601 5600 Vulgata
628 5529 757 5597 legit
790 5547 803 5583 :
834 5528 1069 5598 Conﬁde,
1099 5530 1233 5599 ﬁlia.
1266 5527 1427 5583 Fides
1452 5540 1537 5582 tua
1560 5538 1608 5581 te
1635 5533 1834 5585 salvam
1940 5550 2028 5588 ras
2057 5532 2256 5588 Christi
2290 5532 2499 5586 Domini
2532 5520 2984 5586 resurrectionem
3024 5539 3527 5600 praemonstrantes,

237 5600 384 5667 fecit.

309 5672 332 5739 ξ
365 5671 419 5724 In
462 5670 683 5725 homilia
728 5669 796 5723 de
826 5666 1085 5723 Paschate
1131 5683 1249 5736 qua:
1293 5668 1481 5735 incipit
1515 5684 1539 5739 :7
1572 5667 1834 5739 Beneﬁcia

232 5738 327 5794 Dei
368 5743 531 5799 nostri
556 5757 672 5799 cum
702 5753 891 5810 magna
910 5746 959 5790 et
984 5739 1203 5800 miriﬁca
1232 5739 1354 5805 sint,
1374 5746 1501 5802 etc.,
1528 5738 1668 5794 inter
1699 5738 1830 5807 ligu-

1942 5606 2266 5673 peculiarem
2298 5602 2458 5673 habet
2486 5602 2552 5655 de
2574 5600 2710 5658 Jona
2739 5600 3095 5669 mentionem,
3120 5610 3175 5656 et
3204 5604 3323 5656 aliis
3352 5602 3529 5658 verbis

1943 5672 2131 5728 eadem
2162 5672 2558 5742 complectitur.
