3912 6226
528 291 633 343 815

1730 304 1786 360 s.
1830 270 2068 365 ιιΑΧιιιι
2105 312 2551 374 nummus

3653 333 3739 387 8l6

529 408 752 463 ctarent,
785 409 1055 467 susceptus
1083 422 1111 457 ει
1143 419 1283 475 ceto,
1307 423 1354 464 el
1380 411 1583 464 limosis
1613 412 1848 472 faucibus
1880 432 2062 488 raptus

2192 426 2349 490 Deus,
2380 434 2573 498 gratias
2604 435 2694 485 tibi
2722 451 2819 503 ago
2848 436 2968 505 quia
2996 455 3095 489 non
3126 454 3235 490 sum
3277 440 3411 493 sicut
3449 444 3619 493 τριβή
3659 443 3737 495 bo-

527 497 733 557 portam
780 487 931 542 ferini
965 494 1162 549 ventris
1193 498 1428 564 intravit,
1475 502 1747 572 tribusque
1780 487 1966 563 diebus
1998 513 2083 563 iti—

524 575 747 642 demquc
775 578 1017 633 noctibus
1043 586 1222 636 carnei
1252 589 1483 641 carceris
1514 593 1745 645 tenebris
1774 607 2081 664 occupatus,

525 663 841 731 tandemque
872 669 1104 723 redditus
1134 672 1255 734 luci,
1288 674 1560 744 dominici,
1592 688 1648 732 ut
1691 663 1941 751 diximus,
1973 703 2085 755 my-

551 755 667 805 tcrii
699 754 871 808 futura
902 772 1233 815 sacramenta
1265 770 1599 822 monstravit.
1630 769 1741 825 Hoc
1770 772 1941 840 ipsum
1977 754 2084 829 Do-

520 842 693 896 minus
720 860 1163 917 commemorans,
1190 856 1256 907 de
1276 870 1371 908 sua
1390 858 1637 925 passione
1665 870 1718 913 et
1739 866 2087 918 resurrectio-

520 933 2081 1008 nesignavit..............

516 1019 585 1073 Et
615 1022 677 1076 de
706 1027 881 1095 regina
910 1030 1103 1093 Austri,
1137 1050 1247 1102 qua:
1278 1037 1409 1088 venit
1436 1038 1615 1092 audire
1644 1044 1951 1109 sapientiam
1981 1044 2085 1098 Sa-

516 1120 734 1173 lomonis
766 1121 976 1190 (Ιὸίά.),
1007 1126 1323 1181 erubescant
1348 1129 1513 1184 Judaei
1555 1141 1610 1185 et
1658 1134 2079 1201 confundantur;

515 1208 709 1261 femina
756 1212 980 1278 requirit
1021 1216 1339 1283 sapientiam
1386 1220 1637 1289 hominis,
1684 1232 1740 1276 et
1787 1225 1976 1278 scriba:
2027 1235 2083 1279 et

513 1292 763 1351 Pharisaei
795 1310 1141 1357 contemnunt
1172 1306 1263 1360 Dei
1298 1310 1633 1378 sapientiam.
1658 1312 1748 1366 Illa
1771 1317 2078 1382 peregrina-

514 1395 600 1438 tnr
636 1396 691 1440 ut
735 1390 903 1443 discat
931 1391 1272 1451 Salomonem
1304 1398 1464 1452 lilium
1495 1400 1696 1468 David;
1730 1404 1813 1457 isti
1843 1420 2079 1473 prtesen-

515 1490 621 1528 tem
665 1489 1014 1561 contemnunt
1061 1494 1112 1536 et
1159 1484 1441 1541 Dominum
1488 1489 1787 1545 Salomonis
1832 1502 1887 1547 et
1914 1494 2079 1561 ipsius

514 1565 697 1631 David,
732 1553 847 1635 ipso
896 1570 1057 1624 David
1098 1574 1308 1629 dicente
1343 1596 1353 1628 :
1390 1578 1532 1631 Dixit
1565 1580 1817 1635 Dominus
1853 1583 2077 1638 Domino

511 1670 622 1729 meo
653 1671 668 1706 :
701 1654 835 1709 Sede
870 1674 901 1709 a
941 1659 1136 1713 dextris
1165 1666 1291 1717 meis
1324 1664 1490 1733 (Psal.
1524 1667 1652 1738 cxx).
1689 1670 1887 1724 Deinde
1914 1680 1968 1725 et
2010 1673 2077 1726 de

2186 510 2367 579 mines,
2398 531 2648 588 raptores,
2670 525 2719 574 in
2718 525 2867 591 justi,
2898 527 3133 588 adulteri,
3168 529 3423 592 quomodo
3450 537 3501 581 et
3528 528 3735 596 publica-

2186 624 2280 659 nus
2310 612 2422 671 iste,
2448 618 2552 662 etc.
2605 610 2916 663 Publicanus
2949 623 3117 664 autent
3158 614 3220 665 de
3259 614 3539 684 longinquo
3565 615 3734 680 stabat,

2182 706 2231 748 et
2256 714 2414 766 neque
2444 701 2615 754 oculos
2660 702 2856 753 volebat
2904 703 2972 753 ad
3015 705 3193 756 caelum
3222 704 3425 768 levare;
3455 707 3545 758 sed
3569 724 3731 775 percu-

2187 787 2341 838 tiebat
2368 797 2541 853 pectus
2578 805 2724 840 suum
2766 791 2979 842 dicens:
3022 791 3179 856 Deus,
3204 794 3459 861 propitius
3497 804 3601 848 esto
3627 796 3731 847 mihi

2184 878 2459 942 peccatori.
2489 876 2554 929 Et
2575 877 2835 932 descendit
2858 880 2938 932 Itis
2959 881 3263 947 publicanus
3290 883 3343 934 in
3376 883 3578 936 domum
3602 900 3731 936 suam

2177 966 2490 1035 justiﬁcatus
2514 1009 2528 1031 ,
2563 969 2727 1038 magis
2769 986 2920 1039 quam
2959 972 3045 1023 ille
3083 972 3402 1039 pharisteus;
3435 974 3550 1043 quia
3583 976 3730 1027 omnis

2182 1057 2343 1124 quise
2367 1058 2563 1108 exaltat
2582 1057 2950 1111 humiliabitur.
2976 1058 3153 1114 Primo
3176 1062 3227 1113 in
3258 1062 3372 1115 istis
3400 1062 3601 1116 duobus
3619 1063 3730 1116 duo-

2181 1163 2299 1199 rum
2322 1147 2640 1216 populorum
2663 1149 2899 1216 intelligo
2924 1150 3186 1217 designari
3208 1146 3513 1219 personam,
3542 1150 3727 1205 ludam-

2179 1254 2298 1291 rum
2347 1241 2506 1309 762
2564 1249 2618 1293 et
2662 1240 2917 1307 gentium.
2987 1241 3126 1308 Ergo
3172 1242 3383 1295 dicebat
3429 1243 3724 1311 pharismus,

2182 1328 2341 1390 Deus,
2366 1330 2563 1396 gratias
2584 1346 2679 1398 ago
2712 1331 2800 1382 tibi
2830 1332 2948 1397 quia
2978 1347 3079 1383 non
3102 1347 3213 1383 sum
3240 1333 3371 1383 sicut
3398 1332 3566 1385 ca'teri
3584 1332 3726 1384 homi-

2180 1432 2269 1469 nes
2291 1457 2304 1479 ,
2330 1426 2560 1486 raptores
2582 1459 2596 1481 ,
2619 1420 2801 1488 injusti
2823 1459 2836 1482 ,
2870 1420 3110 1484 adulteri,
3134 1423 3265 1474 sicut
3292 1421 3590 1489 publicanus
3626 1421 3724 1474 iste.

2181 1507 2323 1561 Bene
2351 1508 2547 1575 gratias
2593 1522 2819 1575 ageres.
2899 1549 2911 1560 .
2992 1549 3003 1561 .
3084 1550 3095 1561 .
3175 1549 3189 1561 .
3269 1549 3283 1562 .
3363 1549 3379 1563 .
3456 1550 3471 1562 .
3546 1549 3561 1562 .
3633 1550 3645 1562 .
3711 1548 3722 1561 .

2184 1635 2195 1647 .
2279 1636 2290 1647 .
2372 1635 2383 1645 .
2466 1635 2478 1647 .
2559 1636 2570 1646 .
2655 1637 2665 1648 .
2742 1597 3209 1652 minimeaccusas
3266 1638 3280 1651 .
3358 1637 3373 1651 .
3454 1638 3466 1650 .

2182 1725 2194 1737 .
2275 1726 2288 1737 .
2367 1726 2379 1737 .
2464 1726 2475 1737 .
2556 1726 2568 1736 .
2650 1727 2662 1740 .
2741 1688 2877 1740 bene
2918 1702 3105 1755 ageres
3134 1688 3177 1740 si
3209 1688 3579 1757 nonsnperhis
3605 1688 3721 1741 voci-

508 1740 754 1801 Ninivitis
791 1748 881 1815 qui
924 1763 1146 1816 egerunt
1187 1756 1553 1819 ptenitentiam
1603 1759 1655 1813 in
1700 1761 2076 1828 przedicatione
2112 1774 2150 1827 Β
2181 1775 2275 1826 bus
2298 1773 2613 1837 extulisses;
2664 1790 2789 1827 cum
2831 1776 2971 1827 enim
3020 1776 3152 1829 alios
3201 1791 3454 1843 accusas,
3504 1778 3721 1847 teipsum

510 1834 657 1889 Jona:
687 1854 699 1887 :
736 1839 747 1866 ‘
785 1837 852 1889 Et
893 1856 1005 1891 ecce
1040 1842 1155 1908 plus
1184 1859 1333 1910 quam
1360 1844 1521 1897 Jonas
1554 1846 1663 1902 hic:
1711 1850 2075 1914 pmnitentiam

507 1934 733 1991 egerunt
752 1926 1010 1992 Niniviue,
1036 1931 1355 1998 praedicante
1376 1947 1549 1996 servo,
1575 1941 1626 1987 et
1648 1934 1830 1999 Judmi,
1852 1935 2076 1989 Domino

511 2015 850 2081 prccdicante,
880 2019 1035 2088 Ὶθι
1062 2028 1427 2083 contemnunt,
1451 2039 1550 2077 nec
1573 2025 1756 2077 volunt
1777 2039 1933 2091 agere
1961 2042 2077 2093 pce-

508 2103 807 2168 nitcntiam,
837 2106 960 2173 quia
1005 2122 1105 2159 nec
1130 2109 1321 2160 salvari
1347 2121 1634 2164 merentur.
1673 2112 1807 2166 Vere
1834 2123 1959 2167 sunt
1986 2130 2073 2168 as-

506 2190 654 2258 pidcs
700 2191 872 2246 surda:
915 2202 969 2247 et
1009 2195 1321 2250 obturantes
1364 2214 1521 2253 aures
1548 2218 1671 2255 suas
1711 2202 1878 2271 (Psal.
1925 2205 2069 2272 Lm),

504 2296 621 2348 qua:
652 2298 757 2335 non
788 2283 1078 2337 exaudiunt
1108 2302 1289 2339 vocem
1322 2288 1724 2355 incantantium,
1759 2299 1811 2343 et
1838 2292 2072 2345 medica-

504 2371 670 2424 menti
698 2372 840 2440 quoi
866 2374 1158 2427 medicatur
1186 2390 1215 2427 a
1246 2378 1509 2444 sapiente;
1543 2394 1677 2445 quos
1707 2382 1817 2446 ipsa
1848 2378 2073 2447 Sapien-

506 2461 577 2514 tia
613 2460 781 2515 Patris
810 2461 1063 2517 Dominus
1091 2459 1332 2520 Christus
1360 2466 1686 2535 frequentius
1726 2468 1978 2531 edocens,
2021 2478 2074 2523 et

506 2566 599 2619 per
641 2552 855 2623 Moysen
914 2555 991 2608 vel
1020 2564 1242 2609 caeteros
1288 2559 1592 2626 prophetas,
1641 2577 1974 2630 nequaquam
2004 2562 2072 2615 ad

505 2650 709 2694 rectum
739 2643 856 2695 vitae
903 2644 1167 2697 tramitem
1198 2648 1493 2710 revocavit;
1527 2650 1649 2715 quia
1697 2650 1808 2716 ipse
1847 2651 2072 2703 liberum

502 2730 645 2797 quod
674 2731 877 2784 homini
915 2732 1060 2785 dedit
1098 2734 1395 2797 arbitrium,
1428 2737 1596 2789 noluit
1626 2738 1816 2790 iterum
1860 2739 2068 2791 abrum-

502 2834 649 2888 pere,
684 2835 755 2873 ne
779 2836 808 2873 a
853 2837 910 2874 se
943 2838 1111 2889 nuper
1140 2838 1466 2885 concessam,
1511 2835 1566 2878 ut
1613 2827 1859 2891 diximus,
1909 2830 2071 2882 animi

502 2908 801 2962 libertatem
827 2910 1156 2979 infringeret.
1192 2911 1329 2978 Ergo
1356 2913 1551 2967 dimisit
1580 2916 1631 2968 in
1660 2918 2071 2985 uniuscujusque

502 2994 714 3062 iudicio,
749 3012 845 3065 pro
875 2999 1066 3065 quibus
1106 3015 1329 3053 examen
1360 3001 1595 3056 futurum
1643 3006 1855 3059 sibimet
1892 3023 2065 3060 resero

503 3087 662 3147 vavit,
683 3094 741 3139 ut
768 3088 1017 3155 puniatur
1038 3090 1126 3156 qui
1155 3088 1313 3143 fuerit
1340 3108 1483 3159 reus,
1513 3102 1565 3145 et
1593 3096 1826 3147 salvetur
1853 3097 1942 3163 qui
1972 3096 2067 3149 cri-

500 3188 622 3227 men
654 3174 823 3227 noluit
861 3190 927 3228 ne
962 3178 1240 3243 puniretur
1272 3181 1565 3235 admittere.
1592 3183 1658 3235 Et
1688 3186 1828 3250 ideo,
1858 3185 2063 3251 fratres,

501 3262 552 3314 in
578 3272 846 3331 praecepto
875 3263 1038 3317 divini
1067 3270 1348 3333 sermonis,
1365 3270 1573 3337 eloquia
1597 3274 1739 3325 onmi
1766 3275 1958 3328 mentis
1981 3276 2064 3327 in-

499 3350 735 3405 tentione
764 3362 1061 3407 scrutemur
1089 3374 1099 3405 :
1127 3356 1343 3425 Deoque
1371 3357 1513 3412 Patri
1544 3363 1895 3429 omnipotenti
1926 3380 2064 3418 sem-

500 3459 593 3511 per
618 3460 714 3513 per
740 3445 1004 3512 Christum
1046 3447 1327 3503 Dominum
1358 3460 1600 3505 nostrum
1646 3455 1830 3508 laudes
1859 3465 1912 3508 et
1939 3470 2063 3523 gra-

498 3534 597 3587 tias
626 3534 933 3598 referamus,
967 3538 1051 3590 cui
1089 3547 1169 3589 est
1194 3540 1361 3605 gloria
1392 3542 1443 3593 in
1473 3540 1679 3595 smcula.
1707 3542 1895 3597 Amen.

570 3623 733 3676 VIII.
769 3624 901 3678 Item
931 3626 991 3677 de
1022 3625 1231 3681 lectione
1262 3631 1552 3698 evangelica
1586 3630 1709 3685 Luc.
1742 3650 1883 3698 xvtn,
1917 3634 2002 3688 10.

564 3709 783 3766 Lectum
829 3721 909 3767 est
958 3714 1025 3768 de
1074 3715 1336 3782 pharisazo
1383 3727 1439 3771 et
1484 3720 1802 3788 publicano,
1836 3738 2063 3791 quorum

495 3802 721 3856 duorum
751 3804 874 3857 dum
905 3806 1114 3867 merita,
1149 3823 1355 3876 preces,
1386 3826 1743 3881 personasque
1763 3814 2059 3881 considero,

494 3892 622 3944 satis
673 3892 909 3947 admiror
968 3894 1262 3948 bonitatem
1318 3898 1413 3952 Dei
1458 3901 1762 3969 justumque
1804 3901 2060 3970 judicium

494 3984 708 4037 Christi.
742 3982 974 4038 Confusa
1002 3989 1248 4055 superbia
1268 4028 1283 4052 ,
1320 3992 1512 4043 meruit
1535 3992 1813 4059 iustificari
1844 3994 2060 4047 humili-

495 4083 602 4137 tas;
653 4072 896 4143 lacrymm
943 4074 1260 4129 invenerunt
1307 4079 1761 4145 misericordiam,
1807 4083 2061 4151 jactantia

493 4168 827 4235 rcprobatur.
871 4168 1094 4223 Erubuit
1122 4171 1430 4239 pharismus,
1464 4177 1549 4243 qni
1582 4177 1875 4242 gaudebat;
1918 4180 2063 4245 gavi-

493 4273 582 4309 sus
612 4265 691 4309 est
719 4258 1049 4324 publicanus,
1078 4261 1167 4328 qui
1193 4261 1492 4328 plangebat,
1526 4274 1580 4317 et
1608 4267 1751 4318 audit
1777 4266 2057 4333 justitiam;

491 4349 615 4415 quia
641 4350 804 4401 omnis
828 4389 841 4413 ,
876 4350 1046 4417 inquit
1089 4350 1342 4405 Dominus
1370 4394 1382 4417 ,
1411 4356 1493 4422 qui
1517 4371 1571 4407 se
1595 4356 1794 4408 exultat
1821 4358 2056 4410 humilia-

2178 1862 2465 1929 reprohas;
2488 1864 2612 1930 quia
2659 1878 2723 1915 ex
2774 1864 2997 1916 aliorum
3034 1865 3201 1933 culpis
3231 1866 3323 1917 tibi
3350 1866 3555 1919 laudem
3579 1867 3721 1920 ascri-

2176 1949 2290 2013 bis;
2317 1951 2425 2003 noli
2456 1952 2620 2004 altum
2650 1967 2865 2020 sapere,
2904 1953 2998 2006 sed
3042 1954 3199 2016 time;
3232 1954 3401 2018 Deus,
3430 1958 3616 2025 gratias
3640 1971 3720 2025 ago

2176 2036 2266 2089 tibi
2296 2040 2414 2105 quia
2436 2055 2540 2092 non
2562 2056 2672 2091 sum
2696 2042 2825 2092 sicut
2846 2043 3018 2093 ueteri
3046 2042 3291 2104 homines,
3320 2052 3580 2112 raptores,
3602 2046 3719 2112 inju-

2176 2127 2263 2190 sti,
2296 2127 2519 2181 adulteri
2542 2166 2557 2189 ,
2596 2129 2845 2198 quomodo
2869 2138 2918 2182 et
2950 2130 3250 2199 publicanus
3271 2133 3385 2184 iste.
3436 2131 3509 2184 Tu
3536 2135 3638 2202 quis
3658 2149 3716 2188 et.

2174 2216 2260 2284 qui
2301 2216 2512 2284 judicas
2572 2234 2769 2271 servum
2824 2221 3089 2272 alienum?
3138 2219 3355 2274 Domino
3397 2238 3489 2275 suo
3527 2230 3620 2275 stat
3650 2232 3719 2274 aut

2175 2305 2332 2357 cadit.
2362 2305 2551 2359 Potens
2582 2317 2657 2359 est
2678 2307 2818 2361 Deus
2842 2318 3066 2362 statuere
3096 2309 3241 2363 illum
3271 2310 3449 2379 (Rom.
3483 2312 3605 2379 xxv).
3634 2311 3717 2364 Ad‘

2175 2394 2278 2447 huc
2307 2393 2440 2447 dicis
2466 2413 2477 2447 :
2508 2395 2696 2466 Jejuno
2717 2398 2793 2450 bis
2822 2401 2875 2451 in
2908 2398 3117 2459 sabbato
3138 2442 3151 2463 ,
3182 2400 3405 2454 decimas
3434 2403 3499 2455 do
3522 2402 3716 2455 omnium

2173 2499 2286 2553 quis
2313 2484 2579 2553 possideo;
2602 2480 2676 2538 1n
2712 2488 2926 2555 propria
2956 2488 3110 2542 laude
3140 2489 3324 2543 odiosa
3343 2489 3579 2555 jactatio.
3598 2489 3712 2558 Jeju-

2174 2590 2245 2627 no
2273 2575 2355 2628 bis
2399 2575 2452 2627 in
2492 2576 2753 2630 sabbato:
2787 2576 2885 2639 Qui
2919 2578 3122 2647 jejunat
3146 2618 3159 2641 ,
3210 2581 3597 2633 manducantem
3633 2596 3715 2633 ιιοιι

2164 2666 2404 2734 judicet,
2453 2676 2504 2717 et
2544 2668 2627 2735 qui
2672 2668 2971 2730 manducet,
2997 2670 3319 2738 jejunantem
3354 2687 3456 2723 non
3494 2680 3713 2741 spernat;

2171 2754 2291 2823 quia
2317 2764 2364 2807 et
2400 2756 2486 2823 qui
2527 2756 2832 2819 manducat,
2881 2755 3105 2810 Domino
3141 2758 3444 2822 manducat,
3476 2768 3522 2810 et
3548 2759 3715 2828 gratias

2171 2845 2278 2913 agit
2300 2843 2435 2909 Deo;
2467 2854 2515 2896 et
2539 2847 2622 2915 qui
2656 2862 2757 2898 non
2800 2846 3103 2909 manducat,
3138 2846 3359 2901 Domino
3392 2864 3493 2901 non
3520 2847 3714 2899 mamis-

2172 2945 2272 2996 cat,
2318 2945 2366 2985 et
2412 2936 2607 3003 gratias
2648 2936 2756 3004 agit
2796 2934 2903 2987 Deo
2937 2934 3151 3005 (lbid.);
3193 2945 3247 2989 et
3278 2944 3486 3001 tamen,
3516 2936 3596 2991 cui
3622 2936 3715 2988 hate

2172 3024 2338 3077 dicis?
2368 3023 2483 3079 Non
2517 3025 2766 3093 intelligis
2794 3027 2917 3093 quia
2943 3027 3009 3080 ad
3040 3043 3160 3080 eum
3184 3027 3420 3096 loqueris
3450 3028 3534 3082 cui
3558 3026 3712 3081 omnia

2093 3116 2138 3176 C
2172 3126 2297 3169 nota
2324 3124 2482 3177 sunt,
2526 3125 2580 3169 et
2608 3126 2891 3184 antequam
2933 3117 3094 3172 ﬁant?
3124 3118 3362 3171 Decimus
3404 3120 3468 3173 do
3514 3120 3715 3173 omnium

2166 3224 2281 3276 quae
2308 3208 2562 3274 possideo.
2612 3208 2854 3262 Decimas
2900 3209 3031 3262 das:
3064 3211 3155 3263 sed
3183 3212 3299 3279 plus
3342 3212 3539 3279 accipis
3574 3226 3712 3280 quam

2167 3299 2299 3351 das:
2332 3299 2553 3351 nimium
2583 3300 2858 3367 possides;
2904 3300 3076 3367 fruges
3113 3302 3207 3354 tibi
3236 3302 3415 3355 multa:
3443 3303 3625 3370 pluviis
3646 3301 3713 3355 die

2168 3386 2305 3439 vinis
2329 3394 2657 3451 accrescunt,
2689 3395 2742 3441 et
2765 3389 2849 3442 cui
2879 3388 2945 3443 de
2970 3389 3140 3444 multo
3168 3397 3262 3444 des
3290 3406 3531 3459 parvum,
3562 3390 3711 3443 adhuc

2167 3478 2518 3547 improperas.
2552 3478 2864 3532 Publicanus
2903 3489 3069 3533 autem
3116 3481 3178 3533 de
3224 3482 3503 3551 longinquo
3537 3479 3709 3539 stabat;

2165 3583 2448 3636 personam
2475 3568 2733 3634 gentium,
2769 3578 2825 3622 ut
2845 3569 3104 3631 diximus,
3136 3579 3375 3639 portans,
3400 3570 3522 3637 quia
3549 3576 3710 3635 gentes

2165 3673 2196 3711 a
2240 3659 2347 3713 Deo
2374 3661 2606 3727 peccatis
2637 3660 2842 3727 longius
2873 3662 3209 3714 tenebantur.
3259 3659 3402 3728 Ergo
3431 3662 3497 3715 de
3525 3660 3708 3728 bringin-

2164 3763 2271 3815 quo
2298 3748 2495 3812 stabat,
2538 3757 2592 3802 et
2632 3764 2805 3816 neque
2844 3751 3030 3803 oculos
3070 3751 3291 3804 volebat
3331 3750 3398 3803 ad
3445 3749 3711 3805 cmlunile-

2168 3854 2311 3891 vare.
2349 3837 2527 3900 Vides,
2560 3838 2668 3906 jam
2700 3838 3018 3907 postulantis
3049 3836 3105 3891 lit
3132 3836 3231 3892 sibi
3258 3838 3424 3906 judex
3456 3840 3709 3894 conscien-

2166 3929 2235 3979 tia
2258 3945 2270 3989 ;
2302 3928 2455 3994 punit
2484 3928 2535 3979 in
2566 3928 2847 3995 semetipsa
2874 3937 3110 3995 peccata,
3137 3944 3241 3981 non
3264 3929 3425 3983 audet
3447 3929 3711 3998 proximius

2165 4017 2421 4069 accedere
2445 4057 2459 4080 ,
2512 4032 2617 4070 non
2666 4018 2822 4070 audet
2870 4019 3053 4071 oculus
3097 4018 3161 4070 ad
3192 4020 3387 4072 cwlum
3418 4019 3608 4081 levare,
3631 4033 3710 4071 nec

2164 4107 2277 4157 vult
2322 4105 2538 4172 pollutis
2584 4105 2752 4158 oculis
2799 4106 2978 4158 videre
3026 4106 3305 4159 candidam
3356 4108 3564 4170 lucem,
3605 4108 3708 4176 quia

2164 4195 2350 4248 oculos
2392 4195 2443 4246 in
2483 4194 2667 4247 dolore
2716 4195 2919 4263 positos
2963 4196 3052 4248 lux
3094 4210 3280 4249 serena
3334 4200 3630 4264 perstringit
3664 4205 3708 4248 et

2163 4283 2422 4351 percutit;
2456 4282 2685 4349 ideoque
2734 4284 3015 4336 inclinatus
3062 4283 3126 4335 ad
3169 4294 3364 4337 terram
3407 4286 3706 4353 pcreutichat

2162 4383 2348 4441 pectus
2376 4388 2527 4425 suum
2556 4372 2737 4426 dicens
2763 4391 2774 4423 :
2808 4371 2970 4436 Deus,
2999 4375 3247 4442 propitius
3275 4387 3384 4427 esto
3410 4376 3529 4427 milii
3553 4386 3706 4437 pem-

495 4436 659 4502 bitur,
718 4440 801 4506 qui
852 4448 1018 4491 autem
1069 4456 1123 4491 se
1168 4441 1506 4494 humiliaverit
1545 4446 1855 4498 excitabitur
1895 4445 2057 4516 (Luc.

2169 4436 2283 4515 tori.
2307 4461 2373 4513 Et
2400 4462 2654 4515 Dominus
2692 4464 2800 4514 ait:
2834 4463 2993 4514 Amen
3023 4463 3136 4515 dico
3164 4465 3302 4515 vobis
3325 4504 3338 4523 ,
3372 4464 3621 4516 descendit
3637 4467 3705 4516 hie

497 4528 676 4593 mn);
720 4534 773 4578 et
801 4528 883 4596 qui
912 4529 1165 4580 seminam
1200 4531 1251 4581 in
1280 4530 1520 4600 lacrymis
1538 4573 1550 4595 ,
1583 4535 1637 4585 in
1663 4536 1847 4604 gaudio
1870 4546 2059 4589 metent

495 4617 663 4681 il’sal.
688 4618 877 4685 cxxv);
909 4636 1065 4689 prope
1096 4628 1169 4672 est
1196 4636 1406 4690 semper
1427 4623 1676 4677 Dominus
1702 4628 1763 4678 iis
1794 4630 1876 4697 qui
1902 4629 2057 4681 tribu-

496 4712 598 4761 lato
640 4716 753 4757 sunt
796 4709 983 4775 corde,
1043 4717 1090 4760 et
1137 4711 1348 4763 humiles
1389 4715 1569 4781 spiritu
1613 4715 1827 4767 salrabit
1867 4717 2053 4787 (Psal.

500 4800 701 4863 xxxiii).
747 4797 1184 4862 Consideremus,
1218 4800 1437 4863 fratres,
1478 4803 1631 4870 hujus
1672 4805 1911 4860 lectionis
1939 4816 2056 4862 tex-

497 4896 624 4939 tum.
659 4888 1027 4956 Aseenderunt,
1055 4891 1241 4958 inquit,
1266 4894 1316 4943 in
1359 4896 1593 4961 templum
1616 4905 1671 4946 ut
1702 4908 1905 4949 orarent
1933 4899 2060 4967 plta-

496 4980 675 5029 riswus
716 4988 763 5029 et
800 4979 1114 5046 publicanus.
1166 4981 1309 5035 Bene
1355 4984 1550 5036 dictant
1590 4995 1669 5038 est
1708 4989 2063 5043 ascenderunt

500 5106 795 5119 ....
874 5108 887 5119 .
967 5109 979 5120 .
1060 5110 1073 5121 .
1154 5110 1165 5121 .
1248 5111 1261 5123 .
1342 5112 1354 5125 .
1437 5114 1450 5127 .
1530 5078 2057 5134 .tationeettamen

1522 5168 1610 5231 qui
1641 5168 1795 5233 erigit
1825 5178 2057 5221 mentem

494 5246 732 5296 suantad
764 5246 927 5298 Deum
974 5249 1182 5300 nonnisi
1228 5250 1278 5302 in
1330 5252 1622 5307 humilitate
1664 5256 2055 5322 justificabilur.

490 5335 633 5403 Ergo
654 5337 1055 5391 consideremus
1082 5358 1093 5390 :
1120 5344 1473 5397 ascenderunt
1503 5348 1597 5399 viri
1626 5349 1697 5400 illi
1723 5350 1773 5401 in
1801 5352 2053 5417 templum

494 5438 545 5480 ut
580 5438 813 5483 orarent.
858 5430 1145 5498 pharisazus
1186 5436 1500 5500 precabatur
1526 5440 1665 5505 apud
1706 5454 1795 5502 se,
1838 5440 2020 5496 dicens

566 5540 680 5613 {De
704 5540 1045 5613 Ninivitarum
1064 5544 1371 5610 pmnitentia
1395 5548 1503 5613 agit
1523 5547 1577 5599 S.
1598 5548 1854 5610 Maximus
1875 5554 1923 5605 in
1951 5554 2048 5607 ho-

492 5610 634 5662 milia
666 5625 782 5677 qua}
805 5611 987 5679 incipit
1021 5631 1029 5661 :
1062 5613 1294 5682 Legimus
1323 5618 1373 5667 in
1413 5610 1691 5684 prop/ictis,
1729 5637 1837 5673 cum
1864 5622 2053 5679 Ninire

2157 4553 2475 4620 justiﬁcatns
2512 4554 2564 4604 in
2584 4553 2791 4604 domum
2830 4567 2975 4604 suam
2999 4591 3011 4613 ,
3062 4554 3227 4621 magis
3255 4569 3409 4621 quam
3441 4554 3521 4604 ille
3549 4553 3702 4620 pueri-

2166 4659 2326 4703 sanis;
2350 4643 2467 4711 quia
2499 4642 2663 4694 omnis
2687 4643 2769 4711 qui
2796 4658 2850 4694 se
2877 4642 3069 4694 extollat
3098 4642 3466 4705 ltumiliabitur,
3490 4653 3535 4693 et
3562 4638 3701 4693 omnis

2167 4735 2250 4801 qui
2280 4748 2332 4783 se
2365 4732 2597 4783 huntiliat
2632 4730 2960 4783 exaltubitur.
3007 4730 3239 4797 Ideoque
3268 4741 3324 4784 ct
3364 4748 3490 4796 nos,
3517 4730 3699 4789 fratris,

2167 4822 2516 4873 humilitatem
2547 4830 2827 4884 sectemur,
2866 4829 2921 4873 et
2947 4821 3059 4873 miti
3085 4820 3247 4873 corde
3274 4830 3330 4874 et
3364 4821 3541 4875 humili
3568 4833 3698 4888 prece

2167 4911 2393 4963 Domino
2421 4910 2804 4978 supplicemus,
2851 4918 2910 4963 ut
2937 4910 3051 4978 ejus
3080 4911 3453 4965 miscricordizc
3476 4911 3696 4964 auxiliata

2162 5015 2574 5068 censequamur,
2607 5000 2691 5053 cui
2720 5009 2802 5054 est
2828 5000 2993 5066 gloria
3021 5001 3071 5052 in
3101 5002 3311 5054 szecula.
3347 5002 3529 5054 Amen.

2271 5087 2370 5139 IX.
2408 5086 2538 5140 Item
2567 5088 2627 5139 de
2659 5089 2873 5142 lectione
2898 5090 3185 5159 evangelica
3218 5091 3405 5143 Matth.
3436 5107 3538 5155 χχι,
3565 5090 3604 5140 1.

2234 5176 2527 5229 Destinavit
2554 5168 2809 5229 Dominus
2836 5176 2988 5231 Jesus
3015 5179 3301 5246 discipulos
3325 5188 3383 5231 ut
3406 5179 3689 5231 adducerent

2161 5268 2223 5320 ad
2257 5283 2314 5321 se
2338 5269 2539 5336 pullum
2568 5268 2747 5331 asinte,
2783 5270 2831 5321 in
2861 5285 2968 5337 quo
2990 5270 3231 5335 sederet;
3265 5271 3459 5341 quique
3481 5266 3690 5335 discipuli

2164 5360 2429 5412 abierunt.
2465 5358 2534 5412 Ut
2564 5360 2882 5412 invenerunt
2909 5358 3108 5428 pullum
3140 5361 3432 5427 alligatum,
3462 5361 3690 5413 solvenu‘s

2162 5450 2427 5501 duxerunt
2474 5449 2543 5501 ad
2589 5449 2955 5515 Salvatorein,
3016 5458 3071 5503 et
3115 5449 3338 5504 sedebat
3386 5468 3537 5520 su,er
3572 5464 3689 5503 eum.

2155 5559 2346 5609 civitati
2374 5560 2628 5613 subrersio
2656 5560 2890 5613 divinitus
2921 5561 3227 5627 immitteret,
3250 5575 3353 5618 etc.
3379 5565 3502 5619 Item
3524 5563 3684 5618 inaltc-

2158 5644 2233 5686 ra,
2278 5630 2428 5701 tujus
2470 5630 2675 5683 initium
2713 5648 2723 5681 :
2759 5629 2995 5682 Diximus
3024 5635 3283 5686 anteriore
3319 5635 3580 5694 dominica.
3605 5642 3685 5685 etc.
