3912 6226
172 367 272 425 817

979 360 1065 415 DE
1100 355 1457 415 CAPITULIS
1498 353 2032 410 EVANGELIORUM
2074 352 2582 411 EXPOSITIONES.

3338 349 3442 405 818

171 475 319 546 763
348 473 576 537 Audite,
613 470 842 539 fratres;
883 474 1051 526 sancti
1092 471 1241 526 Isaia:
1278 466 1508 525 veridica
1556 469 1750 523 vatici-
1781 479 1820 530 Α
1854 482 2053 525 scatur.
2087 472 2321 525 Curatur
2350 470 2543 525 deinde
2568 470 2735 524 homo
2766 478 2944 522 mutus
2972 475 3027 521 et
3054 465 3277 531 surdus;
3328 468 3436 524 duo

169 567 311 618 natio
341 565 394 617 in
424 564 660 617 Domino
707 570 889 615 nostro
935 560 1059 615 Iesu
1098 561 1311 615 Christo
1340 560 1607 627 completa
1639 566 1745 623 est;

168 657 241 711 sic
268 656 409 710 enim
448 654 568 723 ipse
599 653 763 708 Isaias
800 653 1059 722 propheta
1098 653 1287 721 plenus
1327 650 1527 719 Spiritu
1562 656 1749 703 sancto

168 746 371 801 locutus
399 753 483 799 est
509 745 577 799 de
617 745 923 805 Salvatore,
962 745 1186 797 dicens:
1223 742 1401 795 Gaude
1438 742 1605 807 valde,
1637 739 1749 810 ﬁlia

170 837 293 890 Sion
316 853 335 889 :
357 852 474 889 ecce
517 834 633 889 Rea;
668 845 783 888 tuus
816 836 951 889 venit
981 834 1069 889 tibi
1096 836 1235 888 mitis
1284 844 1335 887 et
1382 834 1512 887 lenis
1568 832 1749 886 sedens

169 939 314 993 super
341 926 543 993 pullum
573 926 740 978 asina:
777 924 910 994 (lca.
945 941 1080 988 Lxu;
1111 923 1273 977 Zaclt.
1301 923 1396 991 lx).
1448 921 1587 988 Quid
1616 922 1749 976 dici-

166 1032 311 1083 mus,
355 1015 597 1071 fratres?
636 1015 815 1069 Primo
860 1015 1175 1070 admiranda
1217 1022 1299 1068 est
1344 1014 1555 1068 Domini
1602 1021 1751 1066 tanta

168 1106 475 1171 humilitas;
521 1107 705 1161 sciens
744 1104 1070 1175 superﬂuum
1099 1118 1220 1159 esse
1253 1103 1511 1158 ambitum
1547 1102 1749 1168 mundi,

168 1210 269 1249 non
298 1197 454 1263 equis
500 1195 805 1249 delectatus
850 1201 934 1247 est
978 1193 1208 1263 superba
1237 1193 1449 1247 cervice
1479 1192 1754 1261 frementi-

167 1286 282 1349 bus,
313 1300 492 1354 neque
523 1285 649 1338 altis
674 1284 919 1353 passibus
945 1282 1332 1347 incedentibus,
1360 1281 1453 1336 sed
1481 1282 1601 1336 vilis
1625 1281 1753 1355 pulli

170 1378 331 1432 voluit
352 1378 521 1432 dorso
552 1378 795 1444 vectari,
826 1376 1117 1432 ostendens
1146 1376 1270 1443 quia
1298 1375 1468 1441 magis
1498 1390 1605 1428 non
1646 1374 1753 1428 ela-

170 1476 248 1521 tos
265 1473 320 1522 et
343 1466 677 1521 extollentes
701 1481 760 1520 se
779 1508 795 1533 ,
830 1465 927 1520 sed
953 1465 1112 1518 mites
1132 1463 1304 1532 diligit
1336 1472 1392 1518 et
1418 1464 1572 1533 quasi
1601 1463 1755 1529 viles,

167 1556 253 1624 qui
280 1555 430 1610 velut
464 1563 711 1610 stercora
737 1554 919 1610 mundi
948 1555 1247 1619 habeatur;
1281 1553 1425 1623 quia,
1458 1554 1599 1607 sicut
1628 1552 1758 1606 dicit

169 1644 496 1715 Apostolus:
554 1644 818 1717 Ignobilia
864 1645 1014 1715 hujus
1055 1644 1235 1698 mundi
1282 1644 1431 1713 elegit
1480 1641 1659 1707 Deus,
1702 1650 1757 1693 ut

171 1736 450 1807 confundat
479 1738 668 1808 fortia,
698 1745 746 1789 et
770 1734 974 1807 objecta
1003 1735 1155 1806 elegit
1185 1733 1322 1788 Deus
1351 1750 1466 1805 qua:
1487 1750 1588 1787 non
1616 1741 1756 1798 sunt,

1854 562 2092 614 membra
2122 560 2317 614 debilia
2346 558 2615 629 accipiunt
2644 558 2985 619 medicinam,
3005 555 3227 625 Exspuit
3249 557 3438 612 Domi-

1851 667 1973 717 nus,
1999 660 2052 704 ct
2093 652 2265 719 tetigit
2294 651 2529 719 linguam
2562 651 2694 719 ejus,
2729 651 2780 704 in
2803 648 3072 704 auriculas
3099 646 3213 715 ejus
3241 646 3442 715 digitos

1852 742 2016 807 misit,
2047 749 2100 794 et
2128 742 2203 794 ait
2228 759 2239 793 :
2276 740 2537 810 Ephetha,
2571 742 2714 808 quod
2739 748 2822 794 est
2850 738 3161 809 adaperire;
3194 745 3248 792 ct
3277 753 3437 807 aper-

1855 836 1922 883 ta:
1942 838 2067 883 sunt
2096 830 2350 884 continuo
2376 830 2557 899 janum
2587 832 2695 884 oris
2724 830 2840 898 ejus
2862 838 2916 883 et
2938 844 3095 883 aures
3120 828 3251 895 ejus.
3288 828 3440 882 Inve—

1854 922 1932 975 nit
1976 937 2077 975 vox
2115 937 2220 989 qua
2266 930 2614 991 erumperet,
2662 923 2981 975 invenerunt
3031 930 3099 976 et.
3130 936 3288 975 aures
3334 938 3438 990 qua

1852 1026 2042 1065 sonum
2070 1012 2333 1067 audirent.
2367 1011 2753 1081 Impedimenta
2779 1013 2969 1081 linguze
3000 1013 3175 1081 fugata
3199 1020 3354 1074 sunt,
3388 1021 3443 1066 et

1855 1102 2061 1154 aurium
2113 1103 2349 1168 tegmina
2396 1104 2725 1157 ceciderunt.
2796 1103 2987 1157 Meruit
3034 1120 3131 1173 per
3176 1105 3439 1160 mirabilia

1856 1190 2152 1258 Salvatoris
2180 1200 2314 1246 utet
2338 1208 2433 1246 ore
2462 1194 2692 1247 Domino
2721 1195 2922 1262 gratias
2952 1204 3136 1260 ageret
3161 1237 3175 1259 ,
3222 1204 3276 1248 ct
3321 1212 3444 1250 ver-

1857 1283 1983 1337 bum
2032 1282 2125 1337 Dei
2172 1299 2203 1337 a
2252 1284 2578 1353 prmdicante
2624 1284 2870 1349 audiret;
2931 1284 3092 1338 ﬁdem
3140 1302 3209 1338 ex
3259 1285 3444 1340 auditu

1857 1374 2120 1441 suscepit,
2152 1373 2315 1427 corde
2356 1373 2586 1433 credidit
2614 1373 2962 1441 adjustitiam
2984 1416 2999 1441 ,
3018 1384 3083 1429 ‘ct
3108 1391 3201 1430 ore
3232 1375 3446 1430 confes-

1857 1478 1948 1517 sus
1997 1470 2079 1516 est
2122 1463 2189 1517 ad
2237 1463 2483 1518 salutem.
2532 1463 2669 1529 Quid
2712 1472 2767 1518 et
2808 1465 2875 1519 de
2913 1467 3091 1519 cmco?
3130 1463 3365 1521 Curatur
3391 1476 3446 1520 ct

1859 1567 2050 1617 caicus,
2078 1553 2378 1606 claritatem
2410 1553 2669 1607 luminum
2700 1570 2797 1623 per
2825 1570 3016 1609 manus
3038 1555 3233 1625 accipit
3256 1554 3445 1609 Salva-

1860 1642 2030 1695 toris:
2077 1642 2277 1697 cedunt
2321 1643 2505 1696 lumini
2536 1643 2804 1712 tenebrae,
2853 1654 2907 1699 et
2937 1646 3222 1699 virtutibus
3249 1643 3444 1700 Christi

1863 1733 2038 1786 omnis
2066 1733 2278 1809 ascitas
2298 1732 2592 1801 cﬂugatur;
2623 1734 2867 1789 redditur
2889 1735 3217 1790 desideranti
3242 1736 3445 1805 lumen,

168 1835 221 1880 ut
247 1844 355 1899 qua
382 1836 508 1882 sunt
537 1828 822 1881 destrueret
853 1826 907 1898 (Ι
936 1826 1055 1881 Cor.
1091 1827 1152 1896 ι).
1208 1825 1349 1894 Ergo
1375 1825 1647 1881 adducunt
1674 1823 1757 1878 di-
1796 1833 1832 1886 [ι
1863 1832 1918 1877 et
1962 1831 2070 1876 tam
2133 1824 2279 1878 claro
2325 1824 2612 1893 splendore
2656 1834 2914 1895 percepto
2939 1866 2953 1890 ,
2996 1827 3209 1880 laetatur
3253 1842 3446 1892 (meus,

170 1919 350 1988 scipuli
401 1919 615 1988 pullum
645 1919 838 1985 asinaa,
882 1919 1154 1974 solventes
1184 1934 1325 1974 eum.
1366 1916 1461 1973 Est
1485 1918 1576 1973 hic
1602 1917 1761 1972 caris-

170 2012 305 2079 simi,
334 2011 543 2079 grande
578 2012 916 2082 mysterium.
968 2009 1148 2065 Pullus
1187 2011 1288 2065 iste
1330 2009 1492 2063 asina:
1519 2008 1759 2075 gentium

172 2102 393 2171 populus
418 2102 759 2169 intelligitur,
798 2102 889 2170 qui
928 2101 1045 2155 vilis
1074 2108 1128 2155 et
1171 2100 1411 2169 abjectus
1441 2098 1758 2165 habebatur,

170 2200 223 2246 et
247 2192 439 2261 ligatus
481 2195 769 2249 tenebatur
808 2194 1033 2249 vinculis
1069 2197 1447 2263 peccatorum;
1478 2191 1701 2245 solvitur
1728 2205 1756 2243 a

172 2280 437 2352 discipulis
464 2291 744 2355 prmcepto
774 2283 987 2339 Domini
1018 2283 1085 2338 ad
1112 2284 1340 2338 salutem
1372 2291 1427 2337 et
1453 2282 1757 2336 libertatem

173 2373 405 2439 gentium
434 2373 756 2438 destinatis,
786 2381 841 2429 et
870 2373 1158 2429 adducitur
1198 2373 1263 2427 ad
1292 2372 1610 2440 obsequium
1638 2369 1758 2424 Sal-

176 2462 391 2529 vatoris,
418 2464 474 2519 id
505 2472 593 2520 est
621 2463 689 2518 ad
732 2463 853 2519 tidei
882 2464 1193 2534 mysterium
1216 2505 1232 2531 ,
1273 2471 1331 2516 ut
1352 2470 1535 2531 portet
1564 2461 1614 2515 in
1646 2474 1761 2515 sese

177 2553 487 2625 Dominum,
519 2565 687 2627 atque
726 2558 779 2611 in
808 2573 874 2612 eo
901 2558 1209 2627 requiescat
1237 2565 1290 2611 et
1313 2558 1552 2621 habitet;
1591 2556 1762 2610 factu-

178 2658 261 2697 rus
288 2659 384 2713 per
421 2660 581 2700 suam
623 2646 935 2715 dignitatem
978 2631 1058 2701 de
1087 2647 1340 2702 vilissima
1376 2646 1534 2716 plebe
1560 2646 1762 2715 pretio-

176 2734 441 2789 sissimum
463 2738 747 2807 populum,
780 2751 947 2806 genus
993 2738 1171 2806 regale
1212 2746 1372 2806 atque
1399 2735 1758 2803 sacerdotale,

178 2832 233 2879 ut
251 2841 442 2896 segnes
468 2837 633 2884 antea
655 2830 863 2885 animos
892 2830 1130 2898 vigilanti
1152 2838 1419 2899 praecepto
1448 2836 1761 2897 componat,

177 2923 230 2971 et
252 2917 481 2974 honesto
504 2920 811 2975 devotionis
827 2920 957 2989 jugo
977 2921 1276 2984 submittat,
1302 2928 1358 2974 ut
1378 2920 1477 2974 sibi
1500 2920 1756 2982 serviant,

180 3006 306 3060 etin
347 3009 544 3077 quibus
570 3008 762 3065 sedeat
786 3009 1072 3075 Dominus,
1110 3025 1140 3063 a
1171 3008 1375 3064 ceteris
1401 3009 1757 3076 honorentur,

181 3096 327 3151 sicuti
348 3098 515 3153 hodie
539 3099 784 3153 videmus
811 3099 867 3153 in
893 3099 1101 3154 honore
1124 3099 1328 3153 Domini
1352 3099 1661 3166 religiosos,
1705 3108 1760 3152 et

1862 1914 2123 1982 erigitque
2150 1914 2338 1969 oculos
2366 1924 2585 1985 apertos
2614 1916 2681 1969 ad
2710 1918 2927 1983 coelum,
2959 1925 3013 1971 et
3036 1918 3246 1972 dulcem
3276 1919 3449 1973 visum

1861 2006 2160 2074 accipiens,
2205 2008 2405 2075 gratias
2448 2007 2684 2061 omnium
2712 2007 2907 2063 referet
2937 2010 3046 2064 Dco
3073 2028 3085 2062 :
3120 2011 3171 2063 in
3202 2010 3449 2066 manibus

1860 2096 2059 2150 Christi
2085 2097 2264 2149 onmia
2285 2096 2545 2152 beneﬁcia
2575 2107 2817 2153 manent.
2849 2098 3117 2168 Impositis
3148 2101 3321 2169 primo
3341 2117 3449 2157 ma-

1862 2187 2019 2241 nibus
2042 2226 2057 2251 ,
2107 2187 2472 2256 interrogabat
2510 2204 2706 2243 caecum
2735 2190 2781 2244 si
2811 2191 3010 2259 aliquid
3040 2192 3266 2247 videret.
3321 2193 3407 2248 Ait
3434 2212 3444 2245 :

1875 2279 2031 2333 Video
2060 2280 2288 2351 homines
2318 2282 2458 2334 sicut
2490 2281 2699 2336 arbores
2738 2282 3058 2337 ambulantes
3081 2283 3275 2354 (Marc.
3309 2291 3444 2354 vm).

1862 2368 2050 2425 Adhuc
2067 2372 2288 2425 nutabat
2302 2372 2645 2437 visus,adhuc
2666 2375 2929 2441 caligabat
2944 2383 3211 2443 aspectus.
3246 2376 3448 2431 Deinde

1863 2461 2059 2514 iterum
2090 2461 2357 2531 impositis
2385 2464 2652 2529 manibus,
2684 2474 2896 2521 remoto
2926 2468 3073 2521 omni
3103 2470 3449 2523 tenebrarum

1860 2566 2065 2615 errore,
2088 2553 2269 2607 lumen
2293 2553 2495 2609 clarum
2517 2556 2667 2608 suavi
2703 2556 2987 2625 splendore
3011 2560 3265 2628 suscepit.
3311 2558 3448 2614 Iluic

1861 2643 2089 2699 Domino
2115 2653 2299 2701 nostro
2314 2644 2439 2701 Jesu
2453 2646 2668 2702 Christo
2684 2663 2897 2717 semper
2910 2651 3109 2719 gratias
3130 2650 3446 2715 referamus,

1861 2734 1949 2788 cui
1980 2735 2262 2803 imperium
2299 2737 2348 2789 in
2377 2736 2571 2790 sazcula
2600 2738 2937 2792 saeculorum.
2968 2739 3159 2794 Amen.

1965 2821 2072 2876 XI.
2110 2824 2243 2877 Item
2272 2826 2335 2879 de
2368 2826 2583 2880 lectione
2609 2830 2898 2898 euangelica
2928 2828 3096 2884 Marc.
3127 2847 3218 2897 xu,
3249 2831 3338 2886 42.

1932 2910 2234 2966 Recitatum
2264 2921 2347 2967 est
2374 2913 2536 2969 hodie
2558 2953 2574 2980 ,
2620 2917 2745 2983 quia
2775 2932 2896 2971 cum
2932 2918 3189 2973 Dominus
3220 2920 3449 2978 sedis=ct

1860 3006 1912 3059 in
1944 3006 2144 3075 templo
2174 3014 2361 3061 contra
2388 3009 2851 3080 gazophylacium,
2880 3011 3014 3065 vidit
3034 3013 3214 3068 turbas
3238 3013 3450 3080 jactan-

1862 3103 1943 3149 tes
1973 3097 2023 3150 in
2053 3098 2469 3167 gazophylacio;
2518 3107 2573 3152 et
2610 3098 2802 3153 divites
2847 3103 3012 3154 multa
3054 3104 3183 3155 vidit
3212 3107 3448 3169 mittere,

183 3186 233 3241 in
254 3204 310 3244 se
336 3189 611 3245 Christum
656 3199 958 3259 gestantes,
992 3200 1153 3258 atque
1184 3192 1235 3243 in
1264 3190 1503 3244 moribus
1527 3190 1643 3257 ejus
1672 3189 1754 3242 di-
1785 3182 1830 3243 C
1861 3192 1915 3239 et
1951 3200 2110 3237 unam
2157 3186 2373 3238 viduam
2420 3189 2802 3256 pauperculam
2851 3189 3143 3257 jactantem
3187 3192 3295 3246 duo
3343 3210 3450 3249 mra

182 3281 455 3350 sciplinam
485 3282 750 3336 habentes
777 3297 807 3335 a
838 3282 1047 3336 cmteris
1074 3280 1317 3351 plebibus
1348 3281 1621 3334 honorari.
1651 3279 1762 3333 Deo

184 3374 389 3441 gratias.

186 3458 253 3514 Χ.
293 3461 417 3517 Item
447 3463 512 3517 de
541 3464 759 3529 lectione
806 3464 974 3517 sancti
1002 3459 1275 3534 Evangelii
1304 3461 1491 3515 Matth.
1526 3476 1635 3521 xxv,
1673 3460 1758 3512 20.

252 3548 496 3607 Recitata
526 3560 611 3608 est
646 3552 807 3607 lectio
835 3552 925 3607 ubi
965 3551 1213 3607 Salvator
1255 3551 1321 3607 de
1348 3552 1583 3620 quinque
1612 3549 1766 3620 pani-

188 3639 283 3697 bus
306 3645 571 3698 saturavit
595 3642 833 3713 quinque
860 3642 1025 3697 millia
1053 3642 1353 3709 hominum,
1384 3649 1437 3697 et
1468 3640 1537 3695 de
1557 3642 1767 3696 duobus

187 3730 414 3800 piscibus
438 3773 455 3799 ,
498 3742 556 3788 et
599 3731 816 3789 conecti
856 3739 981 3788 sunt
1025 3730 1309 3788 duodecim
1355 3731 1571 3801 cophini
1600 3731 1760 3800 pleni.

189 3819 386 3877 Deinde
431 3822 579 3893 quod
628 3823 825 3877 iterum
868 3821 937 3877 de
973 3822 1180 3891 septem
1239 3821 1465 3891 panibus
1510 3820 1768 3875 saturavit

187 3921 412 3980 quatuor
457 3914 628 3969 millia
673 3914 978 3980 hominum,
1017 3923 1073 3969 et
1111 3914 1348 3969 collecta:
1394 3922 1521 3968 sunt
1561 3920 1766 3983 septem

189 4010 377 4069 sporta:
415 4004 595 4073 plena:
638 4002 1079 4072 fragmentorum.
1114 4002 1362 4059 ‘Curatur
1382 4012 1437 4059 et
1465 4004 1629 4058 homo
1651 4019 1767 4057 mu-

190 4096 286 4153 tus,
317 4099 373 4145 et
398 4091 637 4147 surdus:
674 4090 898 4162 Exspuit
933 4091 1219 4158 Dominus,
1261 4100 1312 4145 et
1351 4093 1514 4162 tetigit
1539 4091 1767 4162 linguam

189 4179 319 4251 ejus,
339 4195 387 4235 et
411 4184 556 4237 misit
586 4183 776 4253 digitos
797 4183 851 4236 in
874 4184 1137 4237 auriculas
1165 4183 1279 4253 ejus
1301 4200 1319 4236 :
1350 4192 1399 4237 et
1426 4183 1685 4251 aspiciens
1713 4182 1767 4234 in

190 4272 364 4325 calum
390 4274 667 4345 ingemuit,
694 4282 745 4326 et
773 4274 880 4326 ait:
912 4262 1179 4343 Ephetha,
1216 4272 1352 4344 quod
1371 4282 1447 4326 est
1468 4272 1765 4341 adaperire;

190 4367 236 4412 et
252 4363 472 4416 solutum
493 4372 574 4416 est
594 4364 851 4417 vinculum
871 4364 1063 4434 lingua:
1084 4362 1217 4432 ejus,
1240 4371 1503 4430 etapertae
1524 4371 1642 4415 sunt
1668 4378 1766 4414 au-

191 4464 266 4502 res
286 4450 416 4520 ejus,
439 4462 489 4505 et
512 4452 816 4517 loquebatur
834 4461 970 4506 recte
997 4450 1192 4523 (Marc.
1222 4453 1338 4520 vn).
1385 4450 1551 4505 Curat
1578 4459 1633 4505 et
1661 4467 1767 4506 oze-

1864 3274 2088 3327 minuta.
2122 3273 2191 3327 Et
2221 3291 2505 3329 convocans
2535 3277 2814 3345 discipulos
2847 3295 2965 3333 suos
2995 3282 3068 3333 ait
3103 3281 3208 3334 illis
3231 3299 3248 3334 :
3289 3282 3450 3337 Amen

1866 3365 1983 3419 dico
2011 3363 2147 3418 vobis
2171 3404 2185 3429 ,
2217 3366 2459 3435 quoniam
2501 3366 2653 3419 vidua
2696 3366 2806 3420 haec
2838 3384 3035 3437 pauper
3082 3370 3195 3439 plus
3219 3373 3453 3427 omnibus

1865 3458 2024 3511 misit.
2058 3454 2249 3510 Omnes
2282 3459 2419 3511 enim
2461 3474 2527 3511 ea:
2562 3474 2621 3511 eo
2662 3458 2797 3528 quod
2841 3459 2938 3512 sibi
2974 3461 3183 3514 abundo
3216 3464 3254 3515 it
3302 3468 3453 3517 mise-

1864 3549 2148 3614 runt;ltazc
2178 3566 2293 3603 vero
2337 3549 2399 3603 de
2444 3551 2659 3619 pecunia
2700 3567 2796 3603 sua
2843 3567 3045 3605 omnem
3084 3570 3231 3623 quem
3279 3555 3454 3608 [tabuit

1866 3641 2051 3693 victum
2071 3641 2232 3693 misit.
2263 3638 2308 3693 Ο
2337 3649 2632 3694 amatorem
2660 3642 3064 3709 misericordiae,
3096 3644 3188 3711 qui
3220 3660 3325 3698 nou
3357 3662 3451 3700 co-

1864 3732 1984 3801 pias
2010 3731 2266 3795 divitum,
2306 3731 2400 3785 sed
2440 3746 2734 3800 pauperum
2762 3732 2944 3786 laudat
2970 3736 3275 3801 angustias!
3308 3734 3455 3805 Opus

1866 3823 2133 3893 praecipue
2161 3821 2500 3891 paupercula:
2528 3823 2689 3895 765
2719 3837 2830 3890 prae
2864 3824 3075 3878 caeteris
3102 3826 3453 3880 commenda-

1867 3912 1971 3978 vit;
2021 3919 2076 3967 et
2118 3912 2257 3966 inter
2293 3910 2675 3965 abundantiam
2713 3912 2896 3982 copias
2921 3913 3042 3981 plus
3070 3914 3249 3969 valere
3278 3916 3456 3969 modi»-

1869 4018 2026 4061 cum:
2076 4003 2328 4071 quoniam
2377 4002 2443 4055 ab
2474 4001 2564 4055 illo
2594 4016 2702 4056 non
2731 4001 3018 4057 multitudo
3052 4004 3327 4071 pecuniae,
3360 4005 3458 4063 sed

1869 4092 2066 4147 mentis
2111 4090 2325 4146 devotio
2370 4089 2777 4160 comprobatur.
2825 4093 2869 4145 Ο
2914 4092 3132 4147 beatam
3172 4101 3229 4147 et
3251 4093 3455 4161 justam

1868 4182 2101 4245 viduam,
2129 4195 2248 4249 qum
2275 4182 2469 4234 meruit
2498 4189 2624 4236 ante
2647 4181 2833 4249 judicii
2856 4181 2999 4236 diem
3021 4183 3258 4238 laudari!
3312 4185 3456 4240 Misit

1870 4271 1924 4326 in
1946 4270 2327 4340 gazophylacio
2354 4285 2461 4324 aara
2490 4271 2695 4325 minuta
2724 4271 2853 4336 duo,
2884 4280 2939 4326 et
2967 4273 3188 4327 tantilla:
3217 4274 3456 4331 eleemo-

1871 4375 2017 4431 synze
2044 4375 2299 4425 munere,
2342 4373 2593 4427 magnum
2622 4360 2886 4415 mercedis
2912 4362 3191 4430 prmmium
3221 4364 3456 4433 acquisié

1872 4450 1977 4517 vit;
2012 4458 2092 4513 et,
2127 4458 2183 4503 ut
2212 4449 2342 4503 mihi
2369 4449 2602 4516 videtur,
2637 4449 2846 4505 duobus
2876 4451 3025 4515 istis,
3060 4452 3209 4506 velut
3233 4438 3457 4522 quibus—

190 4549 307 4591 cum
353 4540 625 4609 impositis
671 4539 952 4605 manibus,
1001 4550 1057 4594 et
1097 4551 1322 4595 casteras
1349 4541 1577 4594 virtutes
1605 4538 1769 4594 efﬁcit
1796 4547 1846 4607 D
1870 4541 1995 4595 dam
2040 4540 2248 4595 duabus
2296 4541 2394 4603 alis
2440 4541 2847 4611 elevataatque
2886 4558 3145 4613 suspensa
3170 4544 3234 4598 ad
3266 4546 3457 4600 altiora

190 4627 496 4684 sanitatum.
535 4626 1029 4697 Ubique,‘l‘ratres,
1081 4628 1328 4683 Christus
1368 4628 1623 4683 Dominus
1646 4643 1765 4683 om-

194 4715 341 4771 nibus
361 4726 445 4773 est
485 4719 720 4784 sanitas,
751 4733 939 4773 omnes
966 4719 1159 4788 pascit,
1185 4718 1347 4790 764,
1374 4734 1562 4772 omnes
1592 4726 1764 4783 curat,

193 4819 374 4863 omnes
400 4809 641 4863 viviﬁcat
663 4851 679 4877 ,
709 4822 898 4863 omnes
941 4808 1189 4863 subvenit
1214 4851 1229 4876 ,
1278 4809 1526 4862 omnibus
1556 4809 1770 4861 misere-

193 4905 292 4965 tur,
314 4910 505 4970 utpote
533 4901 677 4956 Deus
703 4900 878 4955 omnis
903 4900 1180 4963 créaturaz,
1211 4900 1300 4968 qui
1328 4914 1358 4952 a
1389 4898 1549 4953 Patre
1577 4900 1770 4952 missus

194 4984 433 5056 imaginis
478 5004 593 5044 stne
638 4990 893 5054 dolores,
944 4990 1091 5043 varia
1123 4990 1446 5043 morborum
1485 4989 1769 5043 vexatione

193 5089 424 5147 remota,
456 5096 651 5137 curare
684 5081 933 5150 dignatus
968 5089 1068 5136 est.
1114 5081 1388 5136 Benedicit
1434 5095 1600 5150 panes
1628 5081 1769 5149 pari—

194 5177 373 5241 terque
397 5181 453 5228 et
480 5174 689 5243 pisces,
732 5181 790 5227 ut
837 5172 1145 5227 ostenderet
1177 5188 1235 5227 se
1257 5187 1376 5227 esse
1398 5181 1552 5225 terrae
1582 5172 1766 5226 maris-

192 5274 292 5330 Que
312 5265 562 5335 opiﬁcem
586 5305 603 5330 ,
648 5264 740 5333 qui
769 5265 949 5318 omnia
978 5275 1033 5318 et
1061 5264 1111 5317 in
1144 5264 1331 5328 terris,
1358 5272 1412 5317 et
1434 5265 1483 5317 in
1512 5264 1664 5331 aquis
1691 5264 1770 5317 di-

198 5350 311 5406 vina
338 5353 583 5422 largitate
611 5353 875 5408 concedit.
910 5352 1198 5407 Duodecim
1222 5352 1455 5421 cophini,
1489 5360 1542 5406 et
1564 5362 1767 5422 septem

194 5443 357 5514 plena:
401 5447 731 5514 colliguntur
773 5453 986 5514 spartae,
1032 5452 1164 5498 utet
1189 5444 1554 5512 apostolorum
1582 5458 1772 5497 nume-

197 5548 282 5593 rus
326 5546 379 5591 et
426 5537 787 5593 Ecclesiarulu
830 5536 1077 5603 largitate
1120 5535 1314 5588 Christi
1345 5536 1639 5589 exuberare
1668 5548 1768 5588 no-

1870 4633 2135 4702 pervenit.
2182 4631 2391 4686 Invenit
2431 4632 2608 4686 locum
2640 4632 2692 4685 in
2722 4632 2887 4698 cmlo,
2920 4648 3040 4702 quae
3067 4635 3341 4703 angustias
3372 4647 3457 4690 to-

1870 4725 2079 4778 lerabat
2107 4724 2159 4777 in
2185 4724 2402 4779 saeculo.
2447 4725 2503 4777 In
2533 4734 2825 4793 conspectu
2852 4725 3238 4796 discipulorum
3268 4736 3324 4783 et
3349 4729 3458 4783 Do—

1870 4819 2046 4871 minus
2074 4817 2315 4870 exhibuit
2350 4817 2741 4882 testimonium,
2784 4824 2841 4870 ut
2869 4818 3125 4887 probaret
3154 4819 3315 4872 etiam
3346 4821 3459 4873 exi-

1870 4921 2024 4974 guam
2064 4906 2461 4976 eleemosynam
2496 4920 2742 4973 magnam
2782 4907 2922 4976 apud
2962 4907 3246 4961 Dominum
3278 4925 3337 4963 se
3360 4910 3458 4963 ha—

1875 4998 2003 5050 bere
2050 4995 2389 5061 mercedem;
2455 4996 2599 5063 quod
2645 4996 2774 5050 dicit
2828 5005 2883 5051 et
2929 4998 3122 5051 beatus
3169 4997 3460 5066 Apostolus

1875 5087 2127 5155 quoniam
2159 5089 2174 5117 ¹
2206 5086 2291 5156 qui
2319 5086 2459 5155 large
2486 5088 2745 5161 seminat,
2789 5087 2934 5157 large
2970 5097 3019 5140 et
3058 5097 3244 5153 metet;
3287 5099 3337 5142 et
3374 5093 3460 5159 qui

1875 5178 2093 5229 seminat
2129 5177 2184 5228 in
2226 5174 2577 5228 bencdictione
2601 5214 2614 5237 ,
2648 5177 2700 5228 in
2732 5175 3082 5231 benedictione
3109 5189 3159 5231 et
3190 5189 3341 5232 metet
3371 5180 3458 5249 (ΙΙ

1876 5267 1995 5322 Cor.
2021 5268 2117 5337 vi).
2160 5267 2396 5321 Hilarem
2433 5268 2574 5320 enim
2636 5267 2881 5322 datorem
2929 5269 3101 5337 diligit
3145 5270 3319 5336 Deus;
3368 5274 3459 5339 qui

1873 5359 2014 5411 enim
2064 5358 2367 5419 miseretur,
2417 5356 2837 5411 misericordiam
2873 5368 3251 5427 consequetur,
3284 5370 3340 5415 ct
3368 5364 3459 5429 qui

1874 5447 2235 5501 communicat
2265 5445 2644 5513 indigentibus,
2677 5447 2989 5501 cmlestibus
3016 5450 3250 5517 praemiis
3278 5466 3460 5504 cumu-

1874 5536 2029 5589 latur.
2062 5534 2249 5588 Junior
2278 5536 2374 5604 fui,
2407 5533 2577 5599 inquit
2602 5534 2790 5604 David,
2831 5546 2877 5589 ct
2920 5539 3095 5603 senui,
3146 5549 3195 5593 et
3232 5556 3335 5595 non
3358 5541 3459 5599 uidi

259 5697 277 5731 '
314 5698 412 5765 Qui
434 5714 591 5767 parce
626 5699 867 5764 seminat,
904 5712 1058 5762 parce
1085 5706 1132 5749 et
1169 5706 1347 5765 metet,
1379 5704 1484 5752 ctc.
1515 5695 1592 5750 Ita
1620 5695 1866 5762 Vulgata.
