3912 6226
451 302 559 359 819

1678 301 1731 355 5.
1774 299 2017 354 ΜΑΧΙΜΙ
2056 298 2508 357 TAURINENSlS

3609 305 3705 362 820

448 417 641 485 justum
668 416 992 481 derelictum,
1037 430 1196 486 neque
1235 428 1404 470 semen
1436 412 1543 482 ejus
1566 428 1797 481 quarens
1824 428 2027 480 panem.
2062 414 2106 471 Α
2136 421 2257 481 gent
2300 415 2387 482 qui
2432 414 2565 467 bona
2612 424 2875 484 gesserunt
2919 417 2973 469 in
3022 418 3453 470 resurrectionem
3480 419 3701 489 vita,qu

454 508 585 562 Tota
605 508 689 561 die
714 509 981 560 miseretur
1008 514 1058 560 et
1082 504 1374 560 commodat
1397 546 1411 568 ,
1455 514 1503 557 et
1533 520 1699 556 semen
1720 504 1831 573 ejus
1867 504 1919 555 in
1945 502 2030 556 be-

452 596 740 649 nedictione
761 598 856 648 erit
878 594 1047 665 (Psal.
1083 594 1283 665 xxxvi).
1320 593 1471 647 Unde
1502 592 1689 646 beatus
1713 591 1875 646 lsaias
1900 604 2028 660 pro-

451 686 614 755 pheta
660 695 969 741 commonet
1014 686 1323 749 universos,
1376 692 1431 739 et
1455 685 1697 738 hortatur
1728 682 1793 736 ad
1822 683 2030 737 miseri-

450 777 647 832 cordia:
703 792 902 846 Opera,
965 775 1193 830 dicens:
1238 777 1253 806 ¹
1299 773 1511 844 Frange
1556 774 1797 837 esurienti
1844 789 2029 841 panem

449 876 622 930 suum,
670 878 719 921 et
752 884 936 937 egenos
966 868 1076 919 sine
1106 874 1233 920 tecto
1254 864 1407 918 induc
1444 865 1496 917 in
1527 864 1731 917 domum
1754 873 1915 917 tuam.
1969 862 2029 918 Si

449 958 632 1011 videris
662 958 874 1022 nudum,
899 959 1041 1020 vesti,
1075 966 1124 1009 et
1151 957 1456 1010 domesticos
1477 956 1684 1008 seminis
1706 956 1779 1007 tui
1802 964 1905 1008 non
1937 954 2028 1008 de-

450 1047 649 1115 spicies.
696 1045 837 1099 Tunc
876 1054 1101 1112 erumpet
1149 1054 1534 1112 temporaneum
1584 1044 1755 1095 lumen
1790 1052 1949 1102 tuum,
1981 1052 2031 1095 et

450 1140 743 1190 vestimenta
768 1147 852 1189 tua
883 1138 985 1189 cito
1012 1136 1256 1199 orientur,
1288 1143 1337 1186 et
1360 1132 1560 1202 prwibit
1585 1142 1706 1185 ante
1727 1142 1774 1185 te
1792 1132 2027 1201 justitia;

450 1228 664 1284 claritas
695 1227 796 1280 Dei
841 1224 1179 1278 circumdabit
1233 1234 1279 1277 te
1324 1223 1478 1295 (Isai.
1512 1223 1682 1292 LVIII),
1731 1232 1785 1299 et
1811 1232 2024 1277 extera.

445 1314 605 1383 Ergo,
637 1315 861 1380 fratres,
887 1314 954 1369 de
983 1328 1090 1381 quo
1132 1313 1390 1366 Dominus
1417 1312 1596 1380 largiri
1626 1312 1895 1380 dignatur,
1928 1311 2026 1365 de-

446 1419 564 1458 mus
588 1388 846 1460 esurienti
876 1407 1072 1472 cibum,
1100 1407 1299 1461 sitienti
1320 1414 1507 1476 potum
1527 1447 1541 1472 ,
1572 1406 1714 1460 nudo
1743 1406 1994 1461 indumen
2012 1438 2027 1447 -

448 1504 590 1558 tum,
620 1497 905 1564 peregrino
943 1497 1266 1566 hospitium,
1299 1497 1511 1551 intirmo
1548 1497 1893 1551 exhibeamus
1935 1497 2032 1551 mi-

446 1584 721 1638 nisterium
746 1626 761 1652 ,
796 1583 995 1641 alllicto
1022 1587 1307 1651 solatium,
1339 1587 1390 1640 in
1420 1578 1804 1655 gazopliyl'acio
1825 1628 1841 1651 ,
1866 1594 2027 1654 prout

448 1673 702 1740 valemus,
730 1676 927 1744 saepius
950 1690 1264 1749 operemur;
1296 1674 1436 1729 oculi
1466 1674 1610 1727 enim
1642 1674 1852 1727 Domini
1881 1689 2025 1728 sem-
2074 1728 2077 1733 λ

2130 511 2301 557 autem
2339 504 2479 557 mala
2518 506 2574 557 in
2601 506 3025 560 resurrectionem
3052 505 3241 575 judicii
3272 505 3454 575 (Joan.
3491 506 3563 577 τ).
3607 508 3699 577 Ipsi

2129 591 2297 658 gloria
2324 600 2378 646 et
2403 591 2685 663 imperium
2713 594 2766 648 in
2796 594 3007 649 saecula.
3039 596 3231 649 Amen.

2199 679 2376 735 XIII.
2412 680 2540 735 Item
2573 683 2635 736 de
2673 694 2852 737 sancto
2881 682 3158 754 Evangelia
3187 683 3382 737 Matth.
3418 701 3561 750 un,
3589 684 3637 737 7.

2199 770 2410 826 Dictum
2438 781 2520 827 est
2547 774 2693 843 quia,
2716 774 3086 829 discumbente
3108 775 3339 831 Domino
3369 777 3423 830 in
3453 777 3697 842 convivio,

2129 865 2277 920 venit
2302 865 2546 933 quaedam
2577 866 2769 921 mulier
2802 868 3069 936 peccatrix
3092 908 3106 931 ,
3140 876 3366 937 portans
3394 869 3701 922 alabastrum

2129 956 2423 1023 unguenti,
2472 963 2527 1009 et
2572 963 2720 1010 stans
2747 956 2815 1009 ad
2837 959 3057 1025 vestigia
3092 958 3341 1024 Domini,
3374 958 3618 1028 lacrymis
3640 960 3702 1011 ri-

2129 1046 2291 1112 gabat
2317 1046 2433 1115 ejus
2460 1046 2625 1114 pedes
2647 1087 2661 1112 ,
2712 1054 2766 1100 et
2808 1048 3013 1116 capillis
3042 1050 3321 1116 tergebat,
3352 1057 3409 1101 et
3438 1046 3702 1101 osculaba.

2128 1143 2236 1200 tur,
2263 1145 2319 1191 et
2345 1145 2620 1204 unguento
2667 1137 2919 1204 ungebat.
2976 1137 3093 1192 Non
3135 1138 3373 1192 audebat
3398 1153 3460 1192 se
3487 1137 3702 1192 sanctis-

2129 1226 2277 1283 simis
2291 1227 2598 1295 aspectibus
2621 1227 2958 1296 impudenter
2980 1228 3253 1294 ingerere;
3278 1244 3381 1282 nec
3406 1229 3459 1280 in
3486 1226 3707 1280 tenebris

2129 1315 2422 1369 constituta
2451 1324 2835 1384 peccatorum,
2881 1317 3145 1370 tantillum
3190 1317 3243 1371 in
3282 1318 3367 1371 bis
3392 1324 3606 1386 poterat
3630 1332 3707 1369 ra-

2129 1403 2247 1459 dios
2274 1404 2537 1458 sustinere
2558 1445 2571 1467 ,
2604 1405 2699 1459 sed
2728 1405 2795 1459 ad
2824 1405 2988 1475 pedes
3014 1407 3193 1461 stabat
3220 1408 3567 1462 novissimam
3595 1421 3710 1475 par-

2130 1502 2241 1549 tem
2269 1493 2384 1563 ejus
2409 1495 2653 1566 corporis
2694 1495 2928 1551 adorans
2947 1539 2962 1565 ,
3009 1506 3065 1551 et
3100 1498 3250 1552 velut
3275 1498 3375 1553 sub
3403 1498 3710 1552 umbraculo

2129 1583 2324 1652 pedum
2352 1583 2689 1652 refrigerium
2726 1586 2883 1657 767
2912 1595 3257 1656 peccatorum
3298 1602 3519 1642 suorum
3560 1587 3709 1642 ardo-

2128 1675 2276 1729 ribus
2296 1677 2686 1745 conquirebat;
2712 1677 2954 1732 credens
2981 1678 3240 1746 quoniam
3266 1693 3469 1747 corpus
3497 1688 3709 1747 propter

442 1779 537 1834 per
559 1780 659 1819 nos
687 1766 963 1821 intuentur
991 1781 1311 1835 semperque
1336 1765 1548 1828 adsunt,
1575 1774 1629 1819 et
1657 1767 1707 1819 in
1731 1765 1876 1819 omni
1906 1764 2025 1820 loco
2059 1759 2101 1817 Β
2130 1764 2502 1819 remissionem
2540 1775 2885 1834 peccatorum
2922 1775 3268 1835 susceperat,
3310 1768 3477 1837 pedes
3503 1766 3707 1821 oscula-

442 1855 787 1924 speculantur
832 1857 1004 1911 bonos
1031 1865 1087 1910 et
1115 1856 1286 1910 malos
1309 1895 1326 1920 ,
1377 1854 1636 1909 reddituri
1664 1855 2028 1923 unusquisque

442 1944 711 1999 rationem
754 1946 1050 2002 secundum
1096 1960 1263 2015 opera
1310 1944 1467 2014 ejus:
1514 1946 1613 2014 ipsi
1643 1945 1817 2014 gloria
1840 1944 1894 1999 in
1924 1962 2026 2001 stc—

448 2034 587 2090 cula.
614 2034 804 2089 Amen.

553 2124 692 2179 XII.
730 2125 863 2179 Item
893 2128 958 2179 de
992 2126 1210 2180 lectione
1240 2127 1536 2197 evangelica
1568 2124 1726 2180 Joan.
1759 2139 1833 2189 χι,
1867 2123 1917 2176 Ι.

513 2213 818 2271 Recitatum
867 2222 953 2271 est
999 2215 1156 2271 nobis
1202 2215 1363 2271 hodie
1393 2215 1446 2269 in
1475 2214 1531 2268 S.
1562 2214 1853 2283 Evangelio
1882 2212 2026 2282 quod

442 2306 731 2361 suscitatus
759 2308 878 2362 sita
900 2307 1126 2362 Domino
1155 2306 1387 2362 Lazarus
1406 2305 1815 2376 quatriduanus,
1840 2313 2029 2360 orante

444 2399 560 2467 ipso
588 2395 869 2452 Salvatore
900 2397 966 2451 ad
1006 2396 1221 2453 Patrem
1258 2406 1312 2451 et
1339 2396 1549 2451 dicente
1576 2416 1587 2449 :
1620 2398 1800 2463 Pater,
1831 2398 2029 2467 gratias

444 2504 543 2560 ago
566 2486 655 2541 tibi
683 2488 805 2556 quia
829 2487 1023 2541 audisti
1052 2504 1165 2552 me;
1209 2498 1259 2540 et
1291 2504 1384 2558 ego
1423 2486 1646 2541 sciebam
1673 2488 1791 2555 quia
1828 2503 2029 2556 semper

445 2594 526 2632 me
552 2578 739 2642 audis;
783 2578 873 2631 sed
917 2589 1124 2648 propter
1151 2579 1393 2648 populum
1429 2580 1514 2648 qui
1552 2580 1848 2630 circumstat
1870 2578 2031 2646 766

444 2669 577 2736 dixi,
598 2678 654 2721 ut
675 2667 887 2721 credant
908 2669 1029 2736 quia
1053 2685 1133 2721 me
1154 2669 1371 2731 misisti;
1396 2676 1451 2721 et
1476 2674 1595 2737 post
1620 2668 1640 2697 ¹
1671 2666 1986 2736 lacrymavit
2014 2683 2024 2716 :

443 2756 666 2823 Lazare,
692 2758 806 2811 veni
836 2759 1012 2828 foras;
1042 2768 1091 2813 et
1118 2760 1294 2812 statim
1332 2758 1526 2829 prodiit
1559 2758 1644 2829 qui
1686 2759 1855 2828 fuerat
1886 2774 2027 2811 mor-

446 2858 581 2914 tuus,
606 2849 795 2922 ligatus
815 2850 967 2919 pedes
996 2859 1044 2903 et
1076 2867 1258 2905 manus
1280 2851 1499 2915 institis;
1538 2858 1587 2904 et
1610 2850 1770 2920 [acies
1798 2851 1911 2921 ejus
1938 2867 2027 2903 su-

444 2941 595 2995 dario
635 2949 747 2995 erat
776 2942 1047 3012 colligata;
1088 2951 1136 2994 et
1169 2942 1330 3012 jussit
1362 2958 1475 2995 eum
1503 2942 1630 2996 solvi
1657 2951 1706 2994 et
1730 2943 1805 2995 ire
1845 2941 2025 3012 (Joan.

442 3032 539 3101 ιι).
571 3031 786 3097 Audite,
821 3030 1047 3085 fratres:
1072 3031 1288 3100 jacebat
1309 3030 1492 3085 Lazari
1514 3047 1707 3100 corpus
1735 3039 2027 3097 mortuum,

2130 1855 2306 1920 batur,
2357 1863 2414 1910 et
2461 1856 2710 1927 laerymis
2752 1855 3045 1923 irrigabat,
3095 1867 3150 1911 et
3197 1857 3441 1924 tergebat
3486 1856 3703 1924 capillis,

2130 1944 2323 2012 quibus
2351 1946 2673 2014 peragrabat
2699 1945 2909 2000 diversa
2938 1946 3076 2012 loca,
3108 1953 3164 2000 et
3181 1961 3305 2001 sese
3328 1947 3536 2001 cunctis
3566 1944 3705 1999 inﬁr-

2130 2035 2406 2089 mitatibus
2441 2035 2620 2090 lumen
2659 2034 2992 2090 salutiferam
3034 2036 3312 2091 olferebat.
3359 2035 3501 2103 Ergo
3527 2035 3705 2088 mulier

2129 2120 2230 2178 ista
2257 2125 2529 2193 peccatrix
2556 2132 2611 2179 et
2632 2125 2829 2190 oculis,
2860 2133 2915 2179 et
2940 2125 3208 2188 crinibus,
3240 2133 3294 2178 et
3320 2124 3497 2188 labiis,
3526 2123 3702 2192 quibus

2130 2215 2364 2269 maxime
2389 2222 2732 2284 peccatorum
2761 2214 2889 2268 vitia
2917 2221 3291 2279 contraxerat,
3326 2213 3458 2283 ipsis
3483 2213 3698 2283 paenite-

2129 2303 2242 2368 bat,
2273 2311 2332 2361 et
2356 2303 2741 2372 indulgentiam
2762 2303 3133 2373 conquirebat.
3160 2304 3421 2358 Dominus
3444 2318 3588 2368 vero,
3614 2304 3694 2371 qui

2130 2408 2344 2462 semper
2370 2395 2485 2447 vult
2509 2394 2880 2463 pmnitentium
2909 2395 3178 2450 medicare
3208 2396 3512 2463 languores.
3544 2397 3612 2448 ait
3634 2396 3692 2447 ad

2129 2500 2251 2540 eam
2276 2502 2288 2536 :
2320 2485 2340 2515 ³
2380 2483 2720 2538 Dimittentur
2749 2485 2840 2538 tibi
2867 2494 3076 2554 peccata
3108 2495 3227 2551 tua;
3267 2494 3322 2540 et
3350 2486 3575 2539 iterum:
3606 2484 3691 2537 Dio

2130 2578 2456 2631 mittenturei
2477 2585 2687 2646 peccata
2711 2576 2892 2639 multa,
2915 2577 3033 2646 quia
3059 2576 3241 2629 dilexit
3262 2576 3477 2630 multum
3499 2575 3687 2645 (Matth.

2133 2666 2301 2727 xxvn).
2332 2665 2376 2719 0
2404 2668 2576 2736 pietas
2604 2666 3017 2721 intestimabilis!
3071 2666 3301 2721 reddidit
3341 2682 3439 2736 pro
3481 2666 3596 2720 ﬂetu
3617 2664 3685 2717 he

2133 2758 2304 2811 titiam
2328 2798 2341 2815 .
2393 2767 2448 2811 et
2485 2764 2837 2825 aegrotantem
2870 2757 2922 2811 in
2959 2758 3115 2812 malis
3157 2758 3271 2812 suis
3299 2766 3451 2813 curat
3477 2757 3685 2811 medicus

2133 2847 2236 2902 iste
2264 2845 2532 2901 cmlestis:
2581 2854 2641 2901 ut
2688 2846 2777 2901 ubi
2825 2844 3000 2901 fuerat
3044 2847 3349 2916 desperatio
3374 2846 3681 2907 delictorum,

2132 2938 2288 2993 ﬁeret
2311 2938 2572 2994 securitas
2599 2938 2934 3007 gaudiorum.
2982 2937 3069 2990 Ait
3109 2936 3327 2992 adhuc:
3376 2938 3499 3007 ﬁdes
3534 2947 3609 2988 tua
3643 2944 3682 2985 te

2132 3027 2330 3082 salvam
2355 3028 2514 3098 fecit;
2545 3026 2679 3081 vade
2708 3027 2760 3080 in
2790 3041 2944 3096 pace,
2976 3026 3096 3093 fuge
3122 3027 3377 3081 vitiorum
3406 3026 3553 3091 bella,
3578 3040 3680 3078 aiu-

440 3127 603 3189 atque
631 3121 879 3175 exanime
928 3121 980 3174 in
1010 3120 1277 3189 sepulcro,
1308 3128 1364 3174 et
1392 3120 1639 3188 languida
1668 3119 1941 3184 membra,
1973 3119 2024 3172 in
2055 3119 2100 3180 C
2129 3119 2255 3173 bula
2286 3119 2339 3172 in
2362 3133 2496 3189 pace
2523 3117 2811 3187 pudicitizn,
2840 3118 2891 3171 in
2924 3117 3267 3181 humilitatis,
3300 3115 3607 3179 sobrietatis,
3632 3121 3680 3168 et

439 3211 633 3279 quibus
656 3210 763 3264 vita
790 3226 895 3265 non
926 3209 1099 3265 fuerat
1122 3226 1218 3280 per
1239 3212 1604 3281 quatriduum,
1632 3210 1890 3280 paulatim
1916 3210 2024 3265 dis-

438 3300 787 3355 solvebantur
813 3300 865 3354 in
896 3301 1121 3355 tumulo.
1165 3298 1297 3355 Orat
1320 3299 1564 3355 Christus
1590 3300 1657 3356 ad
1687 3299 1899 3355 Patrem
1918 3341 1934 3367 ,
1969 3311 2025 3356 et

440 3399 686 3444 mortuus
706 3391 897 3460 recipit
930 3390 1100 3457 vires;
1132 3391 1398 3460 supplicat
1427 3384 1691 3457 Cenitori,
1725 3400 1781 3446 et
1810 3391 1898 3446 ille
1929 3390 2020 3445 lir-

441 3487 634 3535 matur.
668 3478 875 3535 Clamat
900 3479 1091 3535 deinde
1117 3498 1129 3534 :
1176 3479 1405 3547 Lazare,
1429 3482 1541 3534 veni
1567 3483 1742 3551 foras,
1774 3488 1829 3535 et
1855 3496 2020 3550 expa-

441 3571 615 3627 vescit
660 3587 847 3639 mors,
896 3573 1265 3627 eontremiscit
1309 3571 1585 3638 infernus,
1626 3572 1919 3640 statimque
1968 3572 2020 3626 in

440 3680 573 3720 voce
601 3665 895 3720 Salvatoris
924 3666 1215 3720 animatum
1238 3665 1503 3720 excutitur
1531 3680 1749 3735 corpus,
1780 3665 2024 3725 ctuobvo-

438 3754 546 3808 luta
587 3754 984 3810 linteaminibus
1025 3756 1261 3809 membra
1309 3754 1458 3808 vitali
1497 3763 1647 3809 motu
1694 3754 2015 3811 fervescunt.

435 3842 593 3899 Iubet
632 3859 756 3899 eum
794 3844 1052 3900 Dominus
1098 3845 1234 3901 solvi
1280 3855 1337 3900 et
1382 3846 1559 3911 abire,
1607 3860 1675 3900 ne
1702 3847 2020 3915 phantasma

436 3941 795 4004 reputaretur.
828 3934 972 3989 Solvi
992 3934 1164 4005 jubet,
1196 3945 1254 3988 ut
1283 3942 1337 3989 et
1366 3935 1653 4003 ligamenta
1670 3934 1781 4003 jam
1804 3935 2020 3989 humida

440 4035 496 4083 et
532 4043 730 4098 corpus
756 4035 1109 4096 agnoscerent
1129 4066 1144 4092 ,
1196 4036 1357 4095 atque
1400 4027 1635 4081 recentia
1666 4027 1905 4081 membra
1929 4041 2018 4081 re-

438 4118 581 4173 centi
611 4118 815 4188 pallore
843 4117 1104 4172 viderent.
1155 4115 1403 4172 Ostendit
1434 4116 1694 4171 Dominus
1732 4117 1787 4170 in
1815 4114 2018 4171 Lazaro

437 4207 627 4263 futura:
673 4208 1082 4263 resurrectionis
1126 4207 1376 4262 indicium
1401 4247 1415 4269 ,
1462 4207 1598 4262 sicut
1624 4216 1679 4261 et
1714 4208 1766 4261 in
1799 4206 1907 4261 tilio
1935 4207 2018 4261 vi-

434 4300 553 4355 dua:
573 4339 588 4363 ,
616 4308 673 4353 et
699 4300 753 4352 in
781 4298 888 4351 lilia
916 4297 1341 4368 archisynagogi.
1393 4295 1649 4352 Poterant
1676 4298 1893 4367 quippe,
1927 4313 2019 4352 ca-

434 4388 669 4453 rissimi,
713 4387 782 4442 ad
830 4403 990 4441 unam
1018 4402 1208 4442 vocem
1254 4386 1550 4442 Salvatoris
1596 4402 1783 4442 omnes
1816 4388 2019 4457 pariter

2292 3226 2345 3263 a.

2292 3226 2345 3263 a.

2127 3220 2311 3353 ωιῗι
2326 3299 2387 3354 γ.
2416 3298 2548 3353 Item
2569 3300 2630 3352 de
2658 3300 2877 3353 lectione
2902 3300 3197 3370 evangelica
3228 3298 3416 3352 Matth.
3444 3315 3493 3363 ν,
3518 3296 3592 3350 Η.

2197 3392 2286 3446 Ait
2308 3391 2565 3445 Dominus
2589 3409 2602 3444 :
2640 3389 2738 3445 Vos
2758 3392 2880 3445 estis
2902 3392 2992 3445 tua:
3014 3392 3165 3460 hujus
3185 3393 3383 3445 mundi.
3409 3388 3459 3445 Ν
3464 3397 3677 3458 on'potest

2124 3482 2301 3536 civitas
2330 3479 2573 3535 abscondi
2600 3497 2753 3551 super
2770 3492 2992 3535 montem
3020 3483 3217 3551 posita,
3244 3490 3401 3552 neque
3429 3480 3681 3533 accendunt

2122 3572 2418 3635 lucernam,
2453 3579 2501 3624 et
2524 3580 2721 3641 ponunt
2748 3587 2864 3623 eam
2888 3570 2979 3624 sub
3010 3571 3201 3635 modio,
3226 3572 3317 3625 sed
3344 3587 3496 3639 supra
3515 3568 3676 3622 cande-

2123 3659 2344 3728 labrum,
2375 3667 2430 3712 ut
2459 3660 2626 3714 luceat
2661 3659 2900 3713 omnibus
2937 3661 3023 3731 qui
3062 3660 3115 3714 in
3158 3659 3313 3715 domo
3340 3672 3488 3725 sunt,
3515 3668 3561 3714 et
3587 3673 3674 3714 ca:-

2121 3760 2253 3807 tera.

2191 3844 2333 3915 Ergo
2364 3860 2479 3911 vos,
2510 3845 2684 3915 inquit
2706 3844 3002 3914 discipulis,
3028 3844 3159 3899 estis
3183 3844 3272 3898 lux
3301 3843 3461 3912 hujus
3487 3841 3671 3897 mundi:

2122 3951 2231 3991 non
2273 3943 2454 4005 potest
2491 3936 2679 3991 civitas
2722 3935 2978 3991 abscondi
3023 3950 3185 4006 supra
3231 3943 3470 3990 montem
3506 3932 3673 4004 posita.

2121 4024 2338 4080 Certum
2363 4033 2447 4081 est
2473 4026 2597 4094 quia
2626 4026 2815 4081 civitas
2857 4040 3018 4096 supra
3053 4035 3293 4081 montem
3323 4026 3495 4095 posita
3524 4023 3672 4079 omni-

2118 4116 2220 4171 bus
2257 4117 2421 4183 lucet,
2455 4125 2511 4171 et
2537 4117 2785 4171 omnibus
2808 4116 2954 4172 clara
2978 4124 3082 4180 est,
3110 4124 3165 4171 et
3191 4115 3450 4171 abscondi
3476 4130 3577 4170 non
3596 4128 3678 4183 po.

2121 4214 2243 4261 test.
2286 4205 2401 4262 Hoc
2437 4206 2694 4263 Dominus
2718 4207 2773 4261 in
2802 4205 2971 4275 ﬁgura
3000 4206 3387 4276 discipulorum
3419 4221 3513 4275 per
3537 4218 3672 4274 para-

2117 4298 2270 4352 bolas
2317 4298 2655 4366 loquebatur.
2722 4296 2925 4353 Civitas
2967 4313 3201 4368 namque
3256 4314 3417 4368 supra
3465 4304 3674 4351 montem

2119 4388 2293 4457 posita
2337 4388 2517 4443 anima
2562 4387 2875 4455 intelligitur
2901 4388 2954 4441 in
2977 4388 3193 4442 Christo
3220 4389 3457 4451 sociata,
3504 4401 3613 4456 qua:
3632 4386 3674 4438 in

436 4479 633 4535 mortui
663 4478 903 4534 suscitati
939 4491 1258 4546 exsurgere,
1308 4477 1411 4532 nisi
1441 4478 1753 4532 nominatim
1782 4478 2018 4546 singulos
2050 4475 2097 4533 D
2122 4478 2238 4549 ipso
2267 4487 2509 4545 constat,
2547 4487 2604 4534 et
2644 4476 2747 4534 ﬁde
2771 4478 2890 4547 ejus
2917 4487 3097 4534 erecta
3125 4479 3337 4549 longius
3366 4480 3577 4535 eminet.
3603 4475 3679 4531 Ci-

433 4578 816 4634 eonvocasset;
846 4568 967 4623 ideo
998 4567 1221 4636 singulis
1253 4567 1466 4622 dicebat
1492 4585 1504 4620 :
1546 4566 1764 4633 Lazare,
1788 4569 1899 4621 veni
1929 4570 2012 4639 fo-

433 4678 555 4727 ras;
580 4661 889 4715 Adolescens
911 4700 927 4726 ,
971 4658 1059 4713 tibi
1089 4659 1203 4714 dico
1222 4698 1237 4724 ,
1268 4674 1438 4731 surge.
1486 4658 1634 4725 Tibi,
1668 4660 1865 4730 inquit,
1891 4660 2013 4717 dico

435 4750 805 4806 tantummodo
847 4748 915 4804 ad
939 4758 1175 4819 praesens
1201 4757 1440 4818 tempus,
1472 4757 1554 4814 tu,
1582 4765 1772 4820 surge:
1808 4749 2013 4804 Talitha

433 4840 588 4909 cunni,
619 4839 764 4909 quod
792 4846 890 4905 est,
918 4839 1108 4909 puella,
1141 4854 1309 4909 surge.
1341 4836 1482 4906 Ergo
1511 4839 1768 4908 singulos,
1795 4848 1853 4893 ut
1879 4839 2010 4906 dixi,

434 4932 772 4993 nominatim.
804 4930 873 4985 Et
898 4931 1097 4985 amavit
1126 4938 1186 4985 ut
1213 4928 1357 5001 quod
1377 4931 1429 4985 in
1455 4932 1674 4999 singulis
1696 4931 1926 4997 videtur,
1958 4931 2011 4987 in

434 5023 685 5079 omnibus
727 5022 1052 5090 generaliter
1095 5020 1330 5075 futurum
1376 5020 1743 5089 intelligatur:
1790 5021 1904 5091 ipse
1930 5030 2014 5077 est

432 5111 691 5167 Dominus
720 5118 925 5177 noster,
976 5110 1069 5180 qui
1107 5120 1364 5165 venturus
1396 5120 1479 5165 est
1515 5111 1756 5180 judicare
1784 5112 1934 5167 vivos
1960 5120 2015 5167 et

430 5209 696 5268 mortuos,
725 5200 878 5271 cujus
904 5216 1095 5257 vocem
1121 5200 1351 5255 audituri
1376 5208 1503 5256 sunt
1531 5216 1748 5268 omnes;
1779 5211 1828 5257 et
1851 5219 2017 5257 resur-

503 5388 520 5419 ¹
559 5384 773 5455 Frange
804 5381 1045 5455 esurienti
1087 5388 1489 5455 panem_tuum_,-
1515 5389 1565 5455 et
1599 5391 1784 5455 egenos
1823 5394 2003 5455 vagos:

427 5472 526 5523 que
546 5456 699 5509 induc
713 5448 789 5507 ’in
821 5453 1027 5507 domum
1056 5448 1214 5503 tuam.
1260 5448 1387 5523 Cum
1406 5450 1591 5523 videris
1598 5448 1832 5523 _nudum,
1864 5448 2004 5517 aperi

425 5518 579 5590 eum,
606 5534 655 5578 et
694 5540 901 5577 carnem
946 5531 1087 5573 tuam
1131 5536 1195 5573 ne
1242 5519 1551 5587 despexeris.
1596 5518 1737 5590 Tunc
1776 5528 2004 5590 erumpet

426 5587 578 5662 quasi
599 5609 750 5647 mane
773 5595 942 5645 lumen
974 5598 1209 5662 tuum,_et
1237 5591 1434 5662 sanitas
1464 5598 1551 5641 tua
1565 5589 1766 5662 circiter
1788 5587 1999 5662 orietur,

432 5655 479 5720 ἐι
507 5662 723 5720 anteibit
750 5664 937 5731 faciem
971 5669 1108 5714 tuam
1129 5660 1332 5726 justitia
1372 5668 1485 5723 tua,
1519 5669 1565 5710 et
1595 5659 1759 5728 gloria
1794 5655 2003 5712 Domini

2122 4569 2257 4623 vitas
2300 4568 2424 4624 ideo
2470 4569 2665 4625 dicitur
2706 4571 2913 4636 anima,
2964 4570 3091 4640 quia
3130 4571 3183 4623 in
3231 4571 3349 4640 ipsa
3389 4570 3679 4640 conscripta

2120 4666 2246 4713 sunt
2265 4658 2411 4726 leges
2438 4666 2493 4713 et
2512 4658 2635 4726 jura
2663 4657 2843 4713 divina
2869 4677 2881 4711 :
2917 4657 3017 4724 Qui
3038 4658 3333 4726 ostendunt,
3355 4660 3545 4731 inquit,
3571 4673 3680 4728 opus

2120 4752 2245 4820 legis
2290 4750 2636 4816 conscriptum
2678 4751 2734 4803 in
2781 4750 3021 4804 cordibus
3068 4752 3174 4805 suis
3215 4750 3397 4820 (Rom.
3429 4751 3506 4820 ιι).
3560 4749 3680 4816 Ergo

2120 4857 2228 4896 non
2271 4848 2454 4911 potest
2492 4840 2681 4895 civitas
2726 4840 2979 4895 abscondi
3024 4855 3185 4910 supra
3225 4850 3468 4896 montem
3506 4840 3674 4909 posita.

2121 4933 2274 4987 Mons
2301 4930 2546 4985 Christus
2574 4929 2751 4984 dictus
2771 4937 2854 5007 est
2880 4945 2908 4983 a
2936 4938 3125 4985 saneto
3153 4931 3417 5000 pr0pheta
3443 4928 3671 4984 Daniele:

2129 5024 2301 5089 Venit,
2326 5023 2519 5091 inquit,
2549 5024 2604 5076 in
2627 5030 2837 5086 terram,
2859 5030 2908 5075 et
2931 5024 3099 5092 factus
3119 5032 3195 5075 est
3219 5038 3372 5075 mons
3390 5035 3610 5092 magnus,
3634 5025 3676 5069 et

2115 5114 2342 5182 implevit
2372 5129 2572 5167 omnem
2608 5121 2799 5166 terram
2830 5111 3061 5181 (Daniel.
3094 5111 3181 5182 ιι),
3221 5127 3471 5167 crescens
3497 5111 3545 5163 in
3570 5122 3671 5163 crc-

2115 5203 2354 5259 dentium
2384 5203 2673 5259 mentibus.
2716 5200 3072 5272 llic'(Daniel.
3102 5203 3264 5272 cvvn)
3290 5210 3345 5256 et
3371 5201 3502 5270 lapis
3522 5196 3670 5254 dictus

2109 5379 2312 5449 colliget
2343 5388 2407 5431 te.
2439 5377 2517 5432 Ita
2539 5376 2783 5444 Vulgata.

2182 5452 2201 5481 ³
2242 5449 2401 5502 Forte
2429 5449 2687 5501 clamavit.
3163 5501 3167 5503 λ

2182 5518 2203 5549 ³
2240 5518 2465 5586 Propter
2500 5516 2636 5585 quod
2676 5515 2791 5572 dico
2841 5515 2966 5586 tibi,
3014 5515 3439 5586 remittunturq
3468 5518 3666 5586 _pecca!a

2108 5592 2289 5646 multa.
2321 5581 2567 5655 quoniam
2594 5586 2777 5639 dilexit
2805 5584 3041 5655 multum.
3062 5583 3197 5655 Luc.
3228 5598 3324 5649 νιι,
3350 5582 3437 5638 47.
3467 5581 3665 5636 Item:

2109 5651 2458 5711 Remittuntur
2485 5655 2573 5709 tibi
2598 5664 2830 5725 peccata.
2860 5653 2937 5708 lta
2968 5668 3034 5709 ex
3062 5651 3319 5717 Vulgata.
