3912 6226
117 318 217 370 1:21
945 309 1032 365 DE
1073 302 1427 363 CAPITULIS
1465 299 1998 355 EVANGELIORUM
2038 295 2543 355 EXPOSITIONES.
3285 301 3392 355 8‘1‘2

118 435 204 479 est
248 425 532 493 angularis
564 425 616 478 in
647 422 820 492 capite
846 420 1021 489 anguli
1049 419 1254 489 positus
1277 455 1291 479 ,
1335 417 1426 483 qui
1456 415 1590 469 duos
1612 415 1779 482 povA
1814 412 2090 481 propheta:
2138 421 2197 464 ut
2233 409 2513 465 mdiﬁcium
2564 410 2818 466 Ecclesia:
2861 425 2954 480 per
2992 426 3118 476 eos,
3156 412 3387 466 donante

120 517 307 584 pulos,
331 517 481 571 velut
509 516 650 568 duos
679 513 911 583 parietes
950 527 982 566 e
1026 511 1236 565 diverso
1283 508 1595 568 venientes,
1647 519 1715 558 ex
1817 502 2072 567 Domino,
2116 509 2492 556 construatur:
2526 502 2625 570 ipsi
2662 500 2928 555 Salvatori
2968 511 3150 555 nostro
3191 510 3244 555 et
3284 503 3386 556 Do-

119 607 550 660 circurneisione
587 612 644 658 et
673 603 958 673 prteputio,
986 603 1040 655 in
1069 616 1172 654 una
1203 598 1304 653 ﬁde
1332 596 1603 666 copulavit
1629 602 1712 668 at-
1819 595 1964 648 mino
2001 593 2137 648 ~Jesu
2180 591 2398 647 Christo
2442 593 2610 659 gloria
2654 601 2708 647 et
2755 593 3039 662 imperium
3077 594 3126 647 in
3172 593 3386 649 smcula.

119 710 231 764 que
261 695 573 763 conjunxit.
607 694 673 746 Et
695 694 887 747 merito
909 699 992 745 est
1022 691 1075 744 in
1105 689 1311 758 capite,
1339 688 1463 756 quia
1494 686 1605 754 ipse
1634 690 1716 738 est
1819 683 2007 735 Amen.
2913 699 2916 701 ·
3248 722 3254 728 .

117 794 288 854 caput
343 784 631 851 Ecclesire,
675 783 766 853 qui
804 791 859 838 et
902 781 1306 835 fundamentum
1353 778 1559 832 dicitur.
1628 774 1716 829 Sic
1924 771 2050 825 XV.
2084 771 2213 825 Item
2244 772 2306 831 de
2334 781 2511 827 sancto
2542 772 2818 842 Evangelia
2848 771 3036 825 Matth.
3059 789 3190 835 .xvn,
3219 772 3268 827 l.

119 875 274 928 enim
307 874 391 927 ait
421 873 740 942 Apostolus:
773 871 1187 925 Fundamentum
1215 868 1357 922 aliud
1377 883 1522 921 nemo
1557 874 1717 935 potest
1892 865 2194 920 Recitatum
2219 874 2301 920 est
2328 866 2382 919 in
2410 874 2597 920 sancto
2625 865 2913 933 Evangelia
2942 866 3011 918 ita
3047 883 3059 916 :
3095 865 3221 917 Post
3258 866 3385 929 dies,

119 978 327 1032 ponere
357 973 549 1031 praeter
585 961 640 1014 id
667 961 800 1019 quod
842 961 1062 1031 positum
1103 967 1195 1021 est,
1231 956 1366 1024 quod
1384 965 1459 1009 est
1488 954 1718 1008 Christus
1820 956 2010 1025 inquit,
2028 971 2118 1008 sea:
2149 955 2424 1025 assumpsit
2451 955 2604 1010 .Iesus
2626 954 2857 1019 Petrum,
2881 955 3126 1009 Iacobum
3156 964 3203 1008 el
3225 954 3390 1008 Joan-

128 1053 283 1108 Jesus
319 1053 380 1123 (1
411 1053 531 1108 Cor.
555 1054 656 1122 In).
697 1054 859 1123 768
893 1049 1034 1118 Ergo
1080 1057 1137 1105 et
1175 1049 1308 1118 lapis
1355 1049 1406 1101 in
1437 1047 1636 1116 capite,
1665 1053 1719 1098 et
1821 1064 1937 1100 nem
1983 1049 2192 1117 fratrem
2222 1046 2350 1116 ejus,
2378 1055 2428 1100 et
2455 1047 2600 1100 duxit
2641 1046 2756 1100 illos
2785 1047 2838 1099 in
2885 1055 3106 1100 montem
3135 1047 3391 1100 excelsum

123 1143 552 1198 fundamentum
610 1143 883 1198 deorsum.
948 1142 1056 1197 Cur
1098 1141 1396 1196 deorsum?
1450 1141 1553 1193 hoc
1596 1139 1719 1206 quia
1822 1152 2070 1200 seorsum,
2100 1146 2147 1189 et
2179 1136 2574 1206 transfiguratus
2603 1143 2678 1188 est
2699 1146 2815 1189 ante
2843 1152 2948 1189 eos.
2981 1135 3050 1188 Et
3080 1137 3396 1204 resplenduit

123 1233 389 1294 Christus
412 1235 479 1290 de
524 1234 887 1303 superioribus
923 1242 1004 1287 est
1029 1241 1083 1287 et
1110 1231 1177 1286 de
1204 1229 1578 1293 inferioribus;
1609 1229 1722 1297 ipse
1824 1227 1980 1297 facies
1993 1226 2109 1295 ejus
2138 1227 2266 1278 sicut
2295 1224 2401 1289 sol;
2431 1225 2730 1277 vestimenta
2769 1234 2936 1278 autem
2966 1225 3076 1295 ejus
3107 1228 3245 1295 facta
3273 1235 3393 1280 sunt

125 1332 212 1379 est
237 1324 394 1378 Deus
439 1331 496 1380 et
540 1323 722 1387 homo,
757 1321 986 1376 Verbum
1025 1329 1082 1376 et
1117 1336 1272 1382 caro,
1303 1319 1453 1373 vivus
1480 1318 1531 1370 iu
1562 1325 1720 1371 aeter-

128 1428 284 1478 num,
312 1421 373 1467 et
401 1412 469 1466 ad
496 1420 708 1481 tempus
735 1419 1006 1476 mortuus;
1028 1410 1171 1465 aliud
1201 1411 1253 1464 in
1283 1409 1497 1463 Christo
1527 1409 1722 1476 impas-

129 1501 298 1554 sibile
317 1540 334 1564 ,
371 1499 514 1554 aliud
544 1500 793 1569 passibile
814 1541 830 1568 ,
862 1499 1006 1554 aliud
1034 1506 1159 1554 ante
1188 1497 1430 1568 tempora
1448 1538 1462 1564 ,
1494 1495 1640 1550 aliud
1669 1495 1721 1548 in

131 1597 413 1657 tempore.

206 1678 361 1747 Ergo
404 1680 519 1749 ipse
567 1695 723 1736 mons
761 1679 966 1746 dictus,
1008 1680 1148 1749 lapis
1185 1686 1240 1734 et
1276 1676 1718 1740 fundamentum;

1823 1316 1941 1369 alba
1978 1318 2110 1370 sicut
2136 1318 2247 1369 nix.
2291 1314 2360 1368 Et
2406 1332 2521 1369 ecce
2565 1326 2915 1387 apparuerunt
2961 1318 3065 1372 illis
3111 1317 3317 1389 Moyses
3342 1329 3392 1372 et

1827 1408 1973 1478 Elius
2018 1425 2130 1462 cum
2177 1426 2236 1463 eo
2267 1409 2544 1480 loquentes.
2601 1408 2932 1480 Respondeas
2984 1419 3154 1464 autem
3207 1409 3396 1465 Petrus

1823 1498 1992 1551 dixit:
2014 1497 2282 1568 Magister,
2315 1498 2501 1553 bonum
2529 1509 2607 1553 est
2634 1516 2726 1552 nos
2755 1499 2835 1551 hic
2863 1515 3002 1553 esse:
3034 1501 3286 1569 faciamus
3314 1502 3394 1555 hic

1824 1589 1924 1639 tria
1979 1586 2326 1651 tabernacula,
2357 1587 2447 1640 tibi
2501 1603 2678 1652 unum,
2729 1585 2901 1656 Moysi
2946 1604 3124 1656 unum,
3165 1598 3214 1642 et
3261 1588 3397 1645 Elite

1824 1691 1999 1738 unum,
2032 1681 2086 1728 et
2137 1682 2352 1728 czetera.
2385 1673 2511 1729 Post
2564 1675 2691 1739 dies,
2725 1675 2915 1743 inquit,
2960 1691 3084 1741 sex;
3132 1686 3255 1746 post
3299 1694 3397 1733 sex

135 1768 254 1834 ipse
283 1776 344 1822 et
371 1747 518 1839 petra
557 1779 700 1834 erat,
735 1770 923 1838 inquit,
956 1747 1187 1823 Christus
1217 1767 1272 1838 (Ι
1293 1767 1412 1822 Cor.
1441 1765 1519 1836 ι).
1552 1765 1723 1834 Super
1757 1765 1797 1822 Β
1827 1747 1938 1818 dies
1959 1763 2239 1818 sabbatum
2266 1777 2384 1818 esse
2413 1764 2755 1832 intelligimus
2781 1764 3065 1834 septimum
3096 1766 3257 1820 diem.
3285 1767 3396 1822 Pri-

133 1856 284 1912 hanc
304 1869 515 1927 petram
537 1859 762 1914 aediﬁcat
788 1861 962 1915 omnis
982 1860 1198 1928 sapiens
1226 1859 1441 1913 domum
1470 1871 1639 1918 suam,
1674 1854 1725 1908 id

137 1957 224 2000 est
270 1948 494 2002 domum
533 1950 723 2004 anima:
764 1965 898 2017 suae;
932 1958 987 2005 et
1027 1950 1302 2005 venientes
1339 1947 1512 2012 venti,
1545 1954 1601 2000 et
1629 1945 1724 2000 de-

135 2037 414 2092 scendens
453 2039 661 2106 pluvia,
711 2049 766 2094 et
812 2038 1029 2094 flumina
1077 2040 1376 2109 impingunt
1415 2038 1468 2091 in
1506 2036 1724 2090 domum

138 2125 312 2189 illam,
338 2135 396 2181 et
433 2143 538 2182 nou
568 2129 739 2196 cadit,
768 2129 1166 2184 fundamentum
1201 2137 1284 2183 est
1311 2142 1470 2197 supra
1495 2134 1720 2195 petram.

141 2212 311 2283 Ergo,
366 2225 426 2270 ut
451 2217 630 2272 dicere
658 2234 1019 2288 coeperamus,
1064 2235 1172 2274 non
1210 2225 1386 2288 potest
1412 2217 1599 2272 civitas
1628 2216 1723 2268 ab-

139 2304 331 2358 scondi
363 2321 524 2375 supra
545 2315 785 2362 montem
808 2311 1000 2378 posita.
1033 2309 1286 2379 Sequitur
1317 2327 1328 2361 :
1362 2324 1521 2378 neque
1542 2318 1724 2359 accen-

140 2391 272 2442 dunt
322 2394 587 2446 lucernam
633 2405 681 2448 et
715 2407 911 2466 ponunt
955 2415 1068 2451 eam
1113 2397 1204 2451 sub
1231 2397 1422 2459 modio,
1465 2397 1555 2450 sed
1574 2413 1724 2465 super

141 2483 535 2548 candelabrum,
558 2494 612 2537 ut
636 2486 802 2539 luceat
827 2489 1059 2540 omnibus
1094 2491 1178 2557 qui
1208 2490 1261 2541 in
1283 2489 1431 2542 domo
1459 2493 1596 2540 sunt.
1627 2485 1725 2538 Lu-

143 2586 309 2625 cerna
359 2589 521 2642 super
561 2576 936 2630 candelabrum
963 2578 1168 2646 posita,
1217 2592 1368 2631 mens
1409 2585 1488 2631 est
1512 2577 1564 2629 in
1594 2575 1722 2628 sub-

142 2663 345 2715 stantia
397 2665 636 2733 corporis
683 2668 1001 2732 constituta,
1057 2683 1173 2735 qua:
1218 2667 1382 2735 fulget
1422 2674 1476 2720 et
1502 2666 1718 2730 eminet,

143 2753 384 2807 maxime
424 2756 468 2810 si
513 2771 617 2810 non
648 2757 722 2810 illi
750 2758 890 2812 desit
917 2759 1092 2812 oleum
1122 2758 1360 2813 caritatis
1386 2758 1470 2812 vel
1500 2757 1720 2812 castita-

145 2841 242 2904 tis,
279 2843 419 2896 sicut
465 2844 561 2897 fuit
609 2847 695 2901 ille
741 2847 928 2902 beatus
967 2846 1201 2902 Joannes
1235 2847 1491 2916 Baptista,
1521 2847 1588 2900 de
1615 2861 1721 2914 quo

145 2930 404 2999 scriptum
453 2944 533 2987 est
567 2953 577 2986 :
612 2935 741 2989 Erat
788 2938 994 2991 lucerna
1035 2937 1223 2992 ardens
1259 2949 1307 2991 et
1337 2938 1509 2991 lucens
1541 2937 1715 3006 (Joan.

146 3018 216 3084 v).
258 3020 494 3074 Ardebat
520 3032 575 3076 et
609 3023 852 3078 lucebat:
885 3025 1104 3079 ardebat
1137 3025 1316 3080 calore
1345 3025 1572 3095 Spiritus
1599 3041 1719 3079 san-

1825 1869 1944 1906 mus
1972 1853 2086 1907 dies
2111 1853 2397 1917 dominica,
2431 1853 2696 1908 secundus
2720 1853 2850 1918 dies,
2882 1853 3113 1908 secunda
3143 1855 3293 1919 feria,
3344 1869 3396 1912 et

1823 1944 1901 1997 sic
1929 1956 2115 1997 oumes
2136 1942 2265 1997 dies.
2299 1941 2427 1996 Post
2454 1957 2546 1996 sex
2591 1942 2724 2009 dies,
2759 1949 2814 1996 ut
2842 1943 3040 1998 dictum
3070 1951 3169 2009 est,
3201 1946 3394 1999 sabba-

1826 2042 1938 2087 tum
1985 2040 2315 2088 numeratur.
2366 2033 2463 2088 Hic
2491 2033 2605 2088 dies
2647 2035 2885 2102 requiem
2915 2035 3169 2101 ostendit,
3195 2037 3317 2104 quia
3344 2049 3396 2091 et

1825 2123 1878 2176 in
1900 2121 1984 2177 die
2004 2123 2234 2192 septimo
2258 2122 2518 2190 requievit
2539 2122 2679 2175 Deus
2716 2124 2783 2180 ab
2809 2124 3057 2191 Operibus
3094 2126 3223 2180 suis.
3257 2125 3396 2197 Ergo

1825 2212 1878 2265 in
1908 2212 2010 2265 isto
2048 2211 2133 2264 die
2158 2210 2487 2266 sanctiﬁcata
2507 2211 2892 2267 demonstravit
2921 2211 3172 2269 Dominus
3213 2230 3395 2270 omnes

1785 2371 1793 2376 _
1825 2310 2041 2356 sanctos
2065 2305 2119 2356 et
2142 2302 2193 2354 in
2225 2301 2339 2370 lege
2369 2287 2422 2355 et
2447 2302 2497 2355 in
2518 2303 2791 2372 prophetis
2819 2318 2940 2357 cum
2978 2303 3150 2360 beatis
3175 2315 3391 2375 aposto—

1826 2390 1889 2445 lis
1911 2405 2090 2444 secum
2117 2391 2170 2442 in
2199 2404 2292 2443 sua
2323 2390 2489 2456 gloria
2516 2389 2810 2456 adfuturos,
2840 2399 2895 2445 et
2933 2407 3114 2447 secum
3143 2409 3393 2463 perman-

1826 2496 2000 2536 suros.
2051 2479 2262 2549 Moyses
2309 2479 2582 2548 legislator
2609 2481 2700 2549 qui
2728 2480 3010 2550 descripsit
3036 2489 3223 2540 omnes
3268 2500 3392 2542 san-

1825 2575 1943 2623 ctos
1971 2567 2036 2621 ab
2075 2568 2276 2636 origine
2303 2569 2508 2636 mundi,
2537 2584 2656 2622 cum
2701 2571 2817 2639 ipso
2860 2583 2987 2638 ergo
3013 2586 3198 2627 omnes
3225 2579 3394 2629 sancti

1826 2667 2120 2727 resurgent.
2151 2659 2296 2714 Elias
2317 2676 2598 2714 numerum
2639 2663 3022 2732 prophetarum
3064 2665 3316 2734 ostendit,
3340 2674 3394 2720 et

1825 2764 1945 2803 cum
1977 2751 2090 2820 ipso
2117 2762 2303 2805 omnes
2321 2751 2668 2819 prophetaein
2694 2751 2874 2822 Moyse
2904 2760 2955 2807 et
2976 2752 3107 2816 Elia,
3132 2756 3221 2823 qui
3252 2771 3393 2809 mor-

1826 2840 1900 2892 tui
1931 2848 2054 2892 sunt
2081 2845 2137 2893 et
2163 2841 2354 2908 sepulti
2376 2881 2389 2901 .
2424 2842 2526 2894 vivi
2555 2842 2912 2908 invenientur,
2941 2852 2995 2897 et
3041 2846 3314 2912 rapientur
3343 2847 3393 2898 in

1825 2929 2052 2981 nubibus
2078 2929 2290 2981 obviam
2319 2928 2547 2984 Domino
2579 2931 2628 2984 in
2660 2947 2803 2984 aera.
2835 2931 2966 2986 Tres
2994 2948 3119 3000 ergo
3145 2935 3392 3002 apostoli,

1826 3015 2045 3082 Petrus,
2071 3015 2303 3072 Jacobus
2331 3027 2384 3072 et
2411 3017 2640 3072 Joannes
2669 3020 2947 3074 credentes
2975 3036 3176 3087 secum,
3206 3038 3392 3077 omnes

148 3107 250 3174 cti,
302 3110 516 3164 lucebat
563 3112 762 3167 lumine
805 3113 1021 3169 Christi.
1071 3115 1205 3169 Audi
1251 3117 1407 3169 istam
1449 3116 1720 3170 lucernam

1826 3109 1988 3162 etiam
2017 3109 2106 3176 qui
2136 3116 2432 3177 sequuntur
2457 3106 2611 3162 ﬁdem
2653 3109 2824 3176 Petri,
2859 3110 3042 3165 Jacobi
3071 3121 3126 3165 et
3151 3110 3391 3168 Joannis.

148 3195 473 3253 clamantem
520 3201 584 3254 de
623 3201 834 3258 Christo
875 3213 930 3258 et
957 3205 1258 3259 dicentem:
1295 3206 1395 3259 Hic
1434 3216 1510 3259 est
1547 3208 1722 3276 Agnus

149 3283 265 3350 Dei,
299 3289 383 3340 hic
413 3299 490 3342 est
519 3295 604 3359 qui
637 3292 766 3346 tollit
795 3304 1002 3362 peccata
1023 3295 1198 3347 mundi
1219 3296 1396 3366 (Joan.
1428 3296 1466 3365 ι)
1497 3312 1511 3360 ;
1543 3304 1597 3350 et
1626 3297 1723 3350 ite-

149 3390 285 3440 rum,
321 3379 432 3431 ait:
477 3378 644 3435 Homo
683 3383 767 3451 gui
815 3392 930 3451 post
973 3400 1052 3436 me
1099 3385 1259 3449 venit,
1308 3394 1425 3437 ante
1451 3401 1531 3438 me
1556 3387 1722 3455 factus

149 3478 255 3533 est;
279 3470 426 3539 cujus
449 3488 548 3525 non
584 3490 695 3526 sum
731 3475 917 3545 dignus
945 3477 1293 3529 calceamenta
1321 3484 1528 3546 portare
1558 3474 1720 3546 (Ibid.

149 3562 340 3630 xxvii).
384 3560 525 3629 Ergo
563 3564 874 3632 splendebat
905 3581 1054 3620 mens
1088 3565 1230 3620 beati
1266 3564 1485 3619 Joannis
1524 3566 1725 3620 lumine

150 3645 384 3716 Christi,
418 3652 540 3719 quia
567 3651 634 3707 de
663 3653 991 3722 plenitudine
1013 3654 1154 3723 ejus,
1195 3657 1333 3710 sicut
1357 3655 1613 3725 scriptum
1643 3664 1726 3710 est

151 3735 332 3804 (Joan.
362 3737 425 3807 ι),
472 3749 661 3796 omnes
707 3743 876 3796 sancti
913 3743 1181 3812 accipiunt
1220 3745 1445 3813 gratiam
1472 3759 1570 3814 pro
1598 3758 1722 3812 gra-

151 3817 241 3880 tia.
289 3827 369 3882 De
397 3828 597 3884 lumine
624 3831 739 3900 ejus
765 3833 1037 3903 accipiunt
1064 3849 1250 3888 omnes
1277 3835 1444 3888 sancti
1463 3873 1477 3899 ,
1527 3843 1582 3887 et
1617 3849 1741 3915 non.

150 3912 406 3970 dividitur
451 3919 504 3973 in
544 3928 756 3988 partes,
800 3938 910 3977 non
948 3923 1204 3990 minuitur
1230 3922 1482 3991 majestas
1511 3923 1724 3977 luminis

151 4001 369 4061 Christi.
401 4005 458 4061 Si
480 4009 621 4063 enim
652 4010 829 4066 lumen
851 4012 1081 4067 lucerna:
1101 4054 1116 4080 ,
1147 4012 1387 4067 accensis
1425 4012 1548 4066 inde
1576 4011 1725 4066 verbi

152 4099 322 4160 gratia
368 4096 556 4153 faculis
576 4100 720 4155 mille
739 4143 753 4166 ,
789 4103 875 4157 vel
903 4103 1135 4159 lucernis
1162 4103 1584 4172 quamplurimis,
1618 4118 1725 4156 non

150 4187 409 4243 minuitur
429 4191 518 4245 ille
547 4193 701 4261 ignis,
731 4209 905 4264 neque
927 4208 994 4249 ex
1021 4210 1138 4249 sese
1165 4196 1220 4248 in
1247 4203 1426 4264 partes
1453 4194 1721 4260 dividitur;

150 4288 355 4346 quanto
381 4283 549 4351 magis
575 4283 828 4352 majestas
854 4284 1047 4339 Christi
1067 4285 1223 4355 plena
1252 4295 1353 4353 est,
1382 4293 1438 4339 et
1475 4286 1527 4338 in
1559 4285 1726 4339 omni-

149 4364 249 4422 bus
297 4370 575 4438 plenitudo
622 4373 736 4442 ejus
784 4373 1050 4440 abundat,
1095 4382 1151 4429 et
1186 4391 1293 4429 non
1324 4373 1597 4439 dividitur,
1629 4374 1722 4428 sed

1826 3197 1902 3252 De
1937 3198 2049 3251 istis
2085 3198 2340 3267 scriptum
2367 3207 2449 3252 est
2481 3216 2492 3249 :
2524 3199 2735 3262 Petrus,
2781 3198 3029 3268 Iacobus,
3058 3209 3106 3253 et
3143 3200 3391 3267 Joannes,

1824 3291 1910 3360 qui
1947 3290 2197 3344 columna:
2224 3307 2335 3345 esse
2361 3289 2661 3344 uidebantur
2701 3289 2898 3360 (Galat.
2945 3290 3032 3363 tt);
3064 3293 3256 3346 merito
3299 3308 3388 3348 co-

1826 3381 2020 3436 lumna:
2047 3381 2194 3447 dicti,
2225 3381 2316 3451 qui
2343 3382 2713 3436 sustentabant
2743 3381 2992 3438 Ecclesite
3017 3381 3393 3451 :edilicium,'et

1825 3472 2101 3540 erigebant
2146 3471 2212 3525 de
2266 3471 2605 3525 inferioribus
2653 3471 2719 3524 ad
2763 3472 3123 3540 superiorem,
3169 3479 3227 3527 ut
3276 3488 3393 3542 qua:

1825 3577 2033 3618 sursum
2077 3569 2202 3615 sunt
2229 3567 2550 3629 quaererent,
2584 3561 2672 3615 ubi
2710 3559 2953 3615 Christus
2980 3569 3063 3616 est
3093 3562 3144 3615 in
3174 3561 3390 3616 dextera

1826 3655 1920 3710 Dei
1951 3656 2158 3709 sedens.
2192 3653 2332 3722 Ergo
2358 3654 2482 3719 duo,
2515 3653 2723 3723 Moyses
2763 3663 2816 3708 et
2841 3653 3010 3717 Elias,
3041 3661 3094 3708 et
3120 3664 3228 3709 tres
3263 3671 3389 3724 apo-

1825 3746 1966 3810 stoli,
1991 3746 2111 3799 ideo
2138 3745 2269 3798 utin
2300 3745 2526 3799 duorum
2554 3753 2606 3798 et
2634 3745 2792 3798 trium
2817 3745 3028 3798 testium
3054 3754 3394 3801 staretomnc

1825 3835 2064 3889 verbum.
2089 3833 2156 3887 Et
2177 3834 2287 3903 ipse
2314 3834 2566 3888 Dominus
2585 3834 2796 3888 dicebat
2821 3852 2832 3886 :
2862 3833 2957 3888 Ubi
2985 3836 3175 3905 fuerint
3193 3837 3293 3890 duo
3322 3839 3396 3890 uel

1827 3934 1927 3980 tres
1944 3927 2238 3996 congregati
2256 3927 2306 3977 in
2330 3926 2533 3978 nomine
2559 3939 2689 3988 mea,
2718 3924 2785 3977 ibi
2810 3940 2922 3977 sum
2948 3925 3000 3978 in
3030 3925 3195 3978 medio
3223 3942 3396 3980 eorum

1829 4016 2040 4087 (Matth.
2071 4016 2236 4082 svnt).
2269 4013 2510 4067 Ostendit
2534 4021 2586 4067 et
2605 4014 2689 4067 hic
2711 4013 2966 4068 Dominus
2994 4013 3398 4070 Confundendos

1828 4107 1988 4161 etiam
2043 4120 2138 4159 eos
2184 4104 2272 4172 qui
2305 4117 2410 4156 non
2457 4103 2724 4172 accipiunt
2774 4103 2945 4171 legem
2972 4111 3028 4157 et
3073 4104 3396 4173 prophetas;

1827 4198 1950 4266 quia
1974 4197 2087 4265 ipse
2114 4209 2208 4249 eos
2233 4193 2332 4248 sibi
2369 4192 2632 4260 adjunxit,
2663 4199 2719 4245 et
2761 4192 3126 4260 apostolorum
3173 4209 3399 4249 numero

1826 4286 2067 4342 sociavit.
2097 4284 2306 4354 Moyses
2335 4283 2400 4336 de
2441 4281 2667 4336 Domino
2695 4281 2907 4351 scripsit
2937 4281 3130 4350 (Exod.
3163 4286 3314 4354 xvu),
3344 4295 3400 4340 et

1827 4377 1879 4430 in
1909 4385 2036 4446 typo
2058 4373 2272 4437 Christi,
2298 4372 2347 4425 in
2372 4379 2553 4426 monte
2572 4371 2732 4440 77o
2759 4377 2944 4426 contra
2973 4371 3225 4425 Amalech
3257 4373 3400 4427 leva-

153 4464 300 4513 totus
323 4460 375 4512 in
408 4463 536 4516 totis
562 4471 661 4516 est.
694 4463 826 4517 Nam
850 4471 908 4518 et
934 4479 1112 4518 sermo
1136 4472 1319 4518 noster
1349 4462 1476 4516 dum
1511 4463 1723 4530 dicitur,
1755 4466 1801 4524 D
1831 4467 1905 4520 vit
1933 4480 2137 4528 manus,
2179 4464 2317 4516 sicut
2354 4459 2597 4514 Christus
2626 4461 2680 4513 in
2707 4475 2866 4515 cruce
2895 4460 2960 4514 ad
2990 4463 3398 4530 expugnandum

154 4544 218 4600 ab
250 4548 498 4603 omnibus
522 4551 753 4615 auditur,
785 4561 841 4606 et
866 4568 971 4607 non
994 4552 1248 4607 dividitur
1281 4553 1334 4606 in
1356 4553 1600 4620 singulis,
1632 4552 1727 4607 sed

155 4641 297 4689 totus
323 4637 533 4706 integer
561 4640 612 4692 in
651 4641 898 4696 omnibus
944 4651 1056 4707 est;
1104 4650 1159 4696 et
1195 4643 1516 4696 versiculum
1555 4644 1606 4696 in
1633 4658 1726 4711 pa-

153 4725 288 4780 riete
318 4729 681 4798 conscriptum
721 4731 766 4786 si
797 4747 982 4786 omnes
1007 4733 1275 4802 legamus,
1310 4749 1415 4787 non
1439 4749 1561 4788 eum
1589 4734 1726 4788 divi-

153 4814 331 4870 dimus
373 4833 469 4886 per
496 4828 706 4888 partes,
737 4822 832 4876 sed
863 4831 1004 4877 totus
1035 4825 1086 4877 in
1119 4824 1530 4892 uniuscujusque
1559 4826 1728 4880 sensi-

154 4903 252 4959 bus
281 4916 490 4973 manet;
516 4920 568 4962 et
595 4910 734 4973 ideo,
763 4911 971 4978 fratres,
994 4929 1205 4982 semper
1231 4915 1399 4968 sancti
1420 4915 1486 4968 de
1507 4914 1722 4981 lumine,

155 4994 387 5051 diximus
414 5040 427 5062 ,
476 4998 670 5053 Chris‘ti
699 5000 962 5068 fulgentes
984 5003 1287 5056 clamabant
1315 5003 1552 5057 dicentes
1585 5021 1598 5055 :
1643 5005 1722 5056 An

152 5089 559 5157 experimentum
580 5094 806 5160 quwritis
829 5092 958 5162 ejus,
990 5094 1074 5163 qui
1094 5095 1146 5146 in
1168 5111 1248 5147 me
1269 5094 1509 5164 loquitur,
1536 5093 1724 5146 Christi

155 5175 244 5247 (ΙΙ
264 5176 384 5230 Cor.
410 5181 522 5250 xm)
550 5182 573 5234 ?
611 5180 680 5236 Et
709 5181 827 5237 ideo
857 5164 1047 5238 lucent.
1075 5185 1320 5239 omnibus
1358 5185 1447 5254 qui
1480 5185 1530 5237 in
1561 5183 1722 5238 domo

151 5277 279 5322 sunt
300 5311 318 5335 ,
367 5270 472 5326 hoc
508 5280 592 5327 est
629 5273 682 5326 in
707 5273 863 5341 hujus
890 5275 1071 5328 mundi
1100 5275 1296 5340 domo;
1330 5276 1453 5343 quia
1479 5275 1531 5328 in
1560 5275 1720 5328 domo

151 5375 381 5430 magna,
430 5364 568 5418 sicut
616 5368 867 5435 scriptum
908 5374 991 5420 est
1040 5365 1126 5436 (ΙΙ
1158 5367 1393 5436 Tim.u),
1447 5384 1554 5422 non
1600 5377 1723 5422 sunt

150 5469 277 5508 vasa
306 5469 469 5509 aurea
507 5465 711 5510 tantum
742 5467 834 5510 aut
860 5466 1143 5524 argentea,
1175 5457 1266 5510 sed
1297 5459 1468 5524 lignea
1499 5466 1552 5512 et
1582 5457 1722 5512 licti-

151 5542 242 5598 lia.
275 5545 434 5616 769
478 5544 618 5612 Ergo
663 5547 729 5599 ad
774 5546 1216 5600 illuminationem
1253 5547 1525 5600 hominum
1564 5548 1726 5602 desti-

153 5643 343 5693 nantur
388 5652 580 5694 omnes
623 5638 830 5703 sancti,
865 5643 920 5691 et
960 5633 1209 5689 destinati
1236 5643 1360 5691 sunt
1387 5637 1614 5707 apostoli
1641 5638 1726 5695 vel

1829 4555 2118 4611 diabolum.
2160 4553 2354 4606 lterum
2385 4551 2527 4606 Elias
2571 4550 2693 4619 (III
2725 4550 2850 4621 Reg.
2893 4552 3020 4618 xvn)
3054 4561 3110 4605 ut
3155 4553 3268 4622 ipse
3309 4571 3399 4609 su-

1829 4647 2046 4702 scitaret
2077 4651 2344 4696 mortuum
2366 4656 2483 4696 sese
2507 4642 2780 4710 expandit,
2804 4641 2946 4709 quod
2972 4643 3022 4694 in
3044 4657 3201 4696 cruce
3222 4644 3401 4698 Domi-

1831 4753 1930 4793 nus
1955 4736 2098 4804 fecit,
2128 4742 2185 4788 ut
2212 4741 2440 4787 martem
2472 4732 2677 4800 fugaret
2699 4741 2754 4786 et
2779 4733 2940 4786 vitam
2980 4734 3285 4789 redouaret.
3321 4737 3400 4791 Vi-

1830 4828 2049 4882 deamus
2077 4824 2204 4893 quid
2248 4831 2520 4890 sequatur.
2554 4823 2639 4876 Ait
2669 4831 2884 4877 sanctus
2910 4821 3098 4877 Petrus
3126 4823 3352 4880 Domino
3389 4847 3398 4879 :

1833 4918 2032 4971 Bonum
2080 4923 2152 4968 est
2185 4915 2265 4966 hic
2295 4930 2386 4968 nos
2415 4929 2564 4966 esse:
2596 4913 2844 4983 faciamus
2875 4914 2958 4965 hic
3014 4915 3112 4966 tria
3160 4914 3399 4970 taberna-

1831 5011 1967 5078 cula,
2018 5010 2105 5062 tibi
2151 5023 2330 5072 unum,
2360 5005 2531 5076 Moysi
2580 5021 2756 5067 unum,
2790 5013 2838 5058 et
2884 5004 3018 5058 Elia:
3071 5023 3246 5060 unum.
3279 5007 3400 5062 Haec

1831 5101 2020 5155 Petrus
2039 5097 2330 5152 secundum
2360 5095 2605 5149 allectum
2644 5094 2770 5148 boni
2800 5094 3061 5163 discipuli,
3093 5096 3181 5164 qui
3212 5095 3398 5164 dilige-

1827 5192 1921 5245 bat
1949 5189 2219 5242 ministros
2267 5193 2322 5240 ct
2359 5185 2556 5238 amicos
2585 5183 2816 5250 Domini,
2848 5182 3081 5252 Moysem
3111 5195 3165 5236 et
3206 5183 3397 5238 Eliam.

1830 5281 1894 5334 Et
1922 5294 2045 5335 ecce
2075 5277 2218 5332 venit
2247 5277 2413 5330 nubes
2442 5274 2767 5328 obumbrans
2802 5288 2918 5340 eos,
2945 5282 3002 5327 et
3029 5288 3130 5326 vox
3163 5273 3228 5327 de
3257 5277 3396 5329 nube

1831 5372 2012 5426 dicens
2046 5387 2057 5420 :
2095 5367 2194 5421 Hic
2224 5374 2296 5420 est
2326 5364 2494 5418 Filius
2522 5378 2660 5417 meus
2691 5363 2930 5428 dilectus,
2963 5378 3015 5415 sn
3043 5379 3139 5432 quo
3179 5369 3397 5437 compta-

1827 5460 1936 5522 cui;
1966 5465 2127 5527 prout
2145 5457 2350 5511 diceret
2374 5472 2386 5506 :
2416 5469 2520 5506 non
2549 5453 2716 5507 tribus
2735 5453 2858 5507 volo
2882 5450 2999 5507 ﬁeri
3026 5453 3393 5517 tabernacula;

1827 5549 1919 5603 sed
1948 5549 2033 5603 hic
2061 5555 2144 5602 est
2171 5546 2335 5600 Filius
2359 5558 2509 5599 meus
2537 5543 2930 5609 dilectissimus,
2976 5544 3128 5613 cujus
3150 5542 3395 5599 taberna-

1831 5638 2007 5695 culum
2035 5652 2200 5693 unum
2221 5635 2342 5700 erit,
2361 5633 2466 5689 hoc
2487 5641 2570 5690 est
2594 5649 2696 5690 una
2747 5631 2997 5698 Ecclesia,
3016 5637 3125 5687 toto
3144 5639 3405 5688 terrarum
