3912 6226
549 298 652 354 895

1740 311 1795 365 S.
1839 313 2078 368 MAXIMI
2119 316 2567 379 TAURI‘NENSIS

3699 347 3798 406 ειη

551 409 677 465 orbe
707 405 911 481 diﬂ‘nsa,
954 408 1019 461 ad
1050 410 1444 468 similitudinem
1495 418 1646 471 unius
1677 418 2005 484 Hierusalem
2036 425 2114 479 ci-
2145 431 2186 488 Α
2221 432 2333 491 Hoc
2367 437 2624 495 Dom‘lnus
2652 443 2717 497 de
2745 459 2838 499 sua
2880 450 3124 516 passione
3155 453 3389 510 dicebat,
3421 458 3613 517 Adhuc
3658 466 3796 519 ad“.

549 499 746 560 vitatis,
775 513 890 565 qua:
919 497 968 550 in
999 500 1134 554 coelo
1163 511 1262 556 est.
1295 503 1350 556 ln
1399 505 1498 558 ista
1540 506 1776 563 Ecclesia
1806 511 2032 583 Moyses,
2062 525 2115 568 et

547 583 708 648 Elius,
742 583 958 650 Petrus,
1003 585 1232 646 Jacobus
1263 600 1313 645 et
1341 592 1577 650 Joannes
1615 598 1869 662 aderunt,
1901 618 2114 673 semper

547 675 769 728 Domino
802 677 1160 732 testimonium
1192 681 1549 751 perhibentes,
1595 702 1715 739 cum
1747 691 1991 744 omnibus
2019 708 2114 761 pa-

547 765 788 819 triarcliis
834 773 888 819 et
936 768 1246 837 prophetis,
1297 775 1601 844 sanctisque
1647 782 1941 847 apostolis;
1991 798 2109 838 eum

542 854 731 921 quibus
758 863 809 908 et
836 871 933 910 nos
967 873 1155 913 omnes
1183 861 1480 928 credentes,
1532 880 1744 934 semper
1785 871 2112 928 exsultemus

540 953 594 997 et
615 945 902 1013 gloriemur
931 947 985 1000 in
1015 947 1240 1005 Domino
1268 949 1396 1006 Jesu
1419 952 1632 1010 Christo
1663 957 1798 1012 Filio
1828 960 1939 1025 Dei,
1967 978 2108 1017 sem-

539 1051 737 1105 perque
765 1036 906 1092 Patri
931 1055 1028 1108 per
1050 1041 1222 1109 ipsum
1251 1042 1446 1110 gratias
1473 1056 1693 1113 agentes
1717 1066 1727 1101 :
1761 1052 1843 1104 cui
1870 1061 1950 1106 est
1991 1054 2108 1122 glo-

540 1129 614 1182 ria
646 1131 697 1182 in
722 1132 931 1186 srecula.
967 1135 1156 1189 Amen.

711 1245 763 1300 Χ
779 1247 872 1301 VI.
908 1248 1036 1303 Item
1065 1252 1213 1306 lectio
1233 1255 1522 1326 evangelica
1549 1257 1673 1311 Luc.
1706 1277 1798 1327 xu,
1819 1260 1905 1317 50.

605 1358 692 1411 Ait
720 1358 976 1416 Dominus
1005 1381 1015 1415 :
1044 1362 1224 1435 Ignem
1248 1370 1358 1422 veni
1377 1372 1576 1425 mittere
1594 1373 1645 1424 in
1673 1381 1885 1443 terram,
1907 1387 1953 1430 et
1982 1380 2105 1448 quid

535 1453 662 1516 rota,
695 1451 796 1505 nisi
821 1464 876 1506 ut
903 1458 1254 1511 accendatur?
1275 1460 1537 1531 Baptismo
1567 1475 1737 1518 autem
1765 1467 1925 1521 habeo
1947 1468 2108 1539 bapti-

532 1543 660 1606 zari,
691 1551 739 1595 et
783 1547 1033 1613 quomodo
1076 1559 1307 1604 coarctor
1332 1569 1488 1622 usque
1526 1555 1645 1608 dum
1689 1559 2023 1627 perﬁciatur?
2051 1570 2106 1614 et

532 1638 744 1684 caetera.
775 1632 976 1699 Ignem,
1002 1637 1192 1704 inquit,
1212 1641 1330 1694 veni
1355 1644 1566 1698 mittere
1590 1646 1638 1698 in
1657 1654 1874 1712 terram,
1899 1657 1953 1702 et
1977 1651 2103 1719 quid

531 1718 672 1784 volo,
705 1720 805 1774 nisi
838 1724 895 1775 nt
941 1727 1300 1781 accendatur?
1327 1730 1506 1798 Ignem
1551 1734 1714 1788 mittit
1761 1718 2017 1793 Dominus
2046 1742 2098 1794 in
2136 1773 2176 1830 Β

530 1817 725 1863 terram
755 1815 986 1881 pectoris
1015 1819 1180 1872 nostri
1229 1821 1293 1873 ad
1322 1823 1672 1878 excolendum
1701 1841 1884 1895 agrum
1924 1833 2100 1889 cordis

528 1900 717 1966 nostri,
762 1901 828 1954 ad
856 1904 1157 1962 exurendas
1183 1909 1362 1977 spinas
1390 1919 1443 1966 ct
1476 1913 1697 1968 tribulos
1735 1926 2096 1985 peccatorum,

529 1995 585 2041 ut
613 1987 775 2054 frigus
802 1993 1049 2060 nequitia:
1073 2006 1268 2050 nostra:
1297 2000 1546 2068 pellatur,
1579 2012 1633 2057 et
1663 2006 1844 2060 calore
1873 2007 2100 2076 Spiritus

523 2077 691 2130 sancti
720 2079 899 2133 omnia
927 2080 1153 2137 fecunda
1184 2086 1236 2139 in
1279 2089 1433 2144 nobis
1461 2098 1518 2144 et
1553 2108 1809 2164 prospera
1836 2097 2095 2154 oriantur.

529 2162 676 2229 Nam,
700 2168 882 2236 accipe
909 2175 1365 2241 comparationem
1391 2194 1457 2234 ex
1481 2179 1603 2249 igne
1631 2162 1732 2239 isto
1758 2194 2002 2270 terreno;
2025 2191 2100 2243 ait

527 2253 737 2321 quidam
766 2266 956 2313 auctor
976 2262 1308 2320 saecularium
1337 2267 1633 2330 litterarum
1666 2275 1680 2304 ¹
1715 2292 1729 2325 :

553 2383 556 2386 λ
615 2401 938 2487 S‘mpeetiam
949 2412 1148 2487 steriles
1171 2415 1434 2487 incendere
1461 2422 1635 2487 proftnt
1658 2437 1816 2487 agros.

617 2464 780 2542 (atque
805 2467 965 2542 levem
988 2475 1214 2542 stipulam
1235 2464 1983 2539 crepiia'nﬁbuws-‘urvaevﬁ‘ammis
2004 2507 2017 2542 :

615 2523 739 2602 sive
759 2529 870 2598 inde
891 2523 1101 2602 occultas
1122 2523 1277 2602 vires,
1297 2523 1714 2602 grassata};

612 2585 1140 2667 giariguiazponcipium,
1159 2585 1269 2647 sive
1289 2585 1552 2667 11166151};
1570 2585 1850 2667 p'er‘i'gnem

614 2643 1946 2733 Emungi»;aingé‘gEtEJi'iﬁﬁiniZ'iEiior;

617 2659 918 2756 nvemﬂuttur
941 2659 1131 2716 vitium,
1153 2667 1298 2719 atque
1325 2665 1535 2714 exsudat
1552 2659 1703 2715 inutili

615 2705 717 2779 ξομ
743 2721 772 2769 p
795 2723 908 2779 ures
922 2713 1052 2762 calor
1073 2718 1155 2766 ille
1173 2721 1341 2770 viaset
1363 2726 1491 2773 caeca
1512 2725 1703 2779 relaxat

615 2765 1117 2853 ἓὲὶξὲιὲἓίῇὶὶεξῖδξ
1131 2765 1890 2853 Ῠέίιῖἓιῖἰιῖεἷεῖιῖοξῖιῖἷιῖῖιθτδδες

613 2826 716 2879 Seu
739 2829 882 2882 durat
904 2826 1076 2899 magis,
1097 2826 1149 2889 et
1173 2826 1787 2908 v'e’n‘asjastringit—hl'an-t'e's.‘

521 2976 577 3030 Si
607 2977 710 3034 hoc
738 2991 956 3050 pra:th
984 2995 1144 3058 atque
1165 2989 1326 3046 efﬁcit
1370 2995 1506 3062 ignis
1534 2998 1636 3054 iste
1665 3007 1910 3058 terrenus
1936 3013 2097 3075 atque

521 3081 832 3139 corporeus,
857 3084 1059 3144 quanto
1084 3083 1252 3151 magis
1273 3085 1406 3153 ignis
1425 3087 1515 3143 ille
1536 3090 1769 3148 coelestia
1784 3101 1840 3148 et
1854 3105 2068 3152 sanctus

519 3160 610 3227 qui
659 3162 731 3216 ita
761 3175 1005 3233 penetrat
1051 3172 1242 3228 animae
1292 3191 1551 3247 recessus,
1585 3191 1643 3235 ut
1689 3184 1887 3240 vadens
1927 3188 2090 3242 etiam

521 3263 620 3318 per
643 3251 945 3309 universam
974 3258 1324 3317 substantiam
1348 3268 1504 3340 771
1527 3273 1788 3340 corporis,
1816 3282 1984 3329 totum
2003 3278 2095 3332 ho-

519 3338 717 3396 minem
746 3346 1002 3402 mundum
1029 3351 1217 3409 reddat
1252 3338 1412 3425 atque
1448 3338 1805 3431 fructiferum;
1837 3375 1892 3420 et
1913 3375 2092 3425 tantos

519 3429 719 3487 fructus
747 3432 915 3491 efﬁcit
935 3438 1072 3507 ignis
1119 3443 1219 3500 iste
1267 3447 1319 3499 in
1351 3449 1583 3516 homine,
1614 3429 1844 3522 quantos
1873 3463 2093 3530 exponit

517 3519 712 3580 Paulus
739 3530 1013 3596 apostolus
1038 3533 1220 3590 dicens
1255 3555 1267 3589 :
1299 3538 1523 3596 Fructus
1551 3519 1786 3612 Spiritus
1801 3557 1899 3614 est,
1931 3519 2090 3620 spiri-

518 3621 604 3668 tus
640 3615 778 3672 illius
809 3620 947 3689 ignei
973 3624 1193 3693 caritas,
1224 3630 1491 3697 gaudium,
1524 3648 1648 3702 pax,
1681 3615 2089 3707 patientia-bo-

517 3705 673 3772 nitas,
705 3707 831 3763 ﬁdes
861 3709 1060 3781 (Gatat.
1091 3719 1165 3784 v),
1199 3727 1302 3773 etc.
1334 3720 1558 3790 Caritas,
1591 3726 1763 3795 inquit
1789 3730 1842 3783 in
1891 3705 2087 3803 capite,

515 3796 643 3864 quia
689 3798 863 3867 ignem
893 3804 1131 3860 caritatis
1162 3825 1430 3878 nunquam
1461 3817 1753 3886 exstinguit
1794 3796 2089 3892 frigus-ini;-

514 3886 760 3954 quitatis;
809 3892 888 3946 sic
936 3893 1126 3949 iterum
1174 3897 1302 3953 dicit
1349 3899 1624 3973 Scriptura
1670 3907 1846 3964 divina
1863 3886 1906 3964 ἐ
1949 3915 2090 3986 Aqua

514 3977 675 4030 multa
737 3996 839 4034 non
903 3985 1183 4055 exstinguit
1256 3992 1558 4058 caritatem,
1613 4006 1663 4049 et
1713 3998 1929 4066 ﬂumina
1988 3977 2089 4058 non

514 4066 835 4122 inundabtsut
882 4087 997 4123 eam
1043 4072 1216 4142 (Cant.
1273 4079 1406 4149 νιη),
1450 4089 1507 4134 ut
1561 4099 1667 4139 non
1715 4101 1832 4141 eam
1883 4099 2086 4158 petram

514 4161 568 4206 et
618 4157 804 4209 turrim
855 4161 1088 4215 excisam
1145 4166 1280 4234 (sic).
1332 4167 1531 4239 Ignem,
1585 4175 1676 4239 ait,
1732 4181 1843 4232 veni
1884 4157 2090 4236 mittere

514 4246 565 4297 in
606 4255 794 4303 (errant
844 4267 861 4301 :
908 4261 957 4306 et
1007 4255 1128 4324 quid
1179 4259 1311 4323 vola,
1353 4263 1451 4315 nisi
1497 4273 1554 4316 ut
1599 4270 1944 4325 accendatur?
1986 4274 2088 4328 Ae-

514 4335 755 4390 cenditur
801 4355 897 4407 per
946 4341 1139 4397 bonam
1185 4349 1534 4416 voluntatem,
1584 4370 1680 4423 per
1723 4359 1919 4414 bonum
1961 4379 2087 4432 pro-

513 4609 649 4675 ignis
678 4610 778 4664 iste
817 4612 868 4664 in
900 4615 1052 4669 nobis
1079 4632 1176 4686 per
1203 4617 1534 4687 frequentem
1579 4625 1759 4681 flatum
1785 4631 2082 4689 divinarum

513 4700 936 4770 Scripturarum;
970 4707 1108 4761 unde
1132 4715 1187 4762 et
1218 4710 1504 4780 Apostolus
1527 4727 1742 4774 sanctus
1782 4722 1883 4777 hoc
1910 4726 2085 4782 sciens

514 4791 800 4845 mandabat
848 4793 1129 4851 Timotheo
1170 4814 1267 4874 suo
1295 4801 1553 4874 discipulo
1599 4807 1782 4863 dicens
1816 4829 1828 4862 :
1869 4814 2085 4868 Attende

514 4879 607 4932 tibi
634 4890 680 4932 et
710 4881 944 4947 lectioni;
975 4903 1218 4955 permane
1243 4892 1295 4943 in
1323 4893 1412 4946 eis.
1459 4893 1573 4949 Hoc
1599 4899 1734 4951 enim
1775 4902 1971 4971 faciens
1990 4946 2005 4969 ,
2035 4916 2084 4957 et

514 4970 732 5038 teipsunt
757 4973 1000 5040 satvabis,
1024 4987 1073 5030 et
1097 4997 1186 5033 eos
1209 4985 1292 5052 qui
1323 4993 1371 5037 te
1397 4987 1614 5041 audiunt
1643 4991 1800 5060 (Tim.
1827 4995 1921 5061 tv).
1938 4995 2002 5048 Et
2032 5005 2083 5052 te

517 5058 723 5126 inquit,
749 5063 975 5118 salvabit
1006 5067 1142 5133 ignis
1171 5071 1482 5128 salubritate
1513 5058 1819 5146 fulgentem,
1844 5058 1900 5134 et
1923 5094 2085 5140 caete-

514 5165 604 5204 ros
642 5154 732 5222 qui
777 5162 826 5207 te
873 5156 1096 5212 audiunt
1134 5160 1472 5219 illuminabis.
1519 5167 1716 5224 Deinde
1761 5183 1976 5230 secutus
2005 5185 2087 5232 est

515 5240 770 5298 Dominus
798 5244 980 5301 dicens
1013 5266 1023 5299 :
1057 5248 1320 5320 Baptismo
1350 5265 1517 5310 autem
1547 5257 1705 5313 habeo
1736 5261 2005 5329 baptizari,
2037 5278 2088 5320 et

514 5334 764 5399 quomodo
797 5346 1033 5390 coarctor
1078 5357 1235 5412 usque
1275 5345 1394 5398 dum
1435 5349 1732 5418 perﬁciatur
1762 5352 1912 5421 (Luc.
1944 5359 2086 5426 xu)?

587 5541 599 5614 ξ
629 5540 812 5614 ergil.
844 5541 1038 5614 Georg.
1067 5548 1154 5602 lib.
1191 5565 1223 5602 ι.

2216 524 2292 577 dit
2311 526 2494 582 dicens
2527 549 2539 582 :
2567 533 2586 562 '
2618 531 2819 588 Putatis
2841 539 2960 607 quia
2987 557 3164 608 pacem
3187 547 3306 598 veni
3338 546 3466 601 dare
3492 551 3542 603 in
3567 558 3792 607 terram?

2217 612 2269 665 Ν
2275 632 2363 683 on,
2387 617 2502 670 dico
2531 621 2685 685 vobis,
2709 625 2801 676 sed
2826 629 3219 694 separationem.
3249 632 3417 688 Erunt
3444 640 3579 690 enim
3607 656 3672 691 ex
3699 643 3786 690 hoc

2213 703 2430 772 quinque
2451 706 2501 757 in
2533 706 2681 762 domo
2711 728 2813 764 una
2837 714 3004 778 divisi,
3041 726 3141 771 tres
3161 722 3213 772 in
3235 721 3382 784 duos,
3407 737 3457 777 et
3484 727 3584 780 duo
3605 729 3656 780 in
3688 739 3782 782 tres

2214 789 2499 846 dividentur
2529 813 2546 848 .'
2576 807 2721 865 pater
2749 802 2800 853 in
2836 804 3022 870 ﬁtium,
3052 816 3100 859 et
3127 809 3270 876 ﬁlius
3298 814 3352 863 in
3381 825 3577 880 patrem
3605 834 3778 876 stium;

2212 893 2375 936 mater
2394 887 2446 938 in
2474 888 2657 955 ﬁliam,
2690 901 2737 942 et
2757 893 2869 960 ﬁlia
2889 896 2940 946 in
2971 907 3186 951 matrem
3207 917 3384 965 suam;
3413 921 3590 959 socrus
3619 910 3668 959 in
3690 926 3779 959 nu-

2211 989 2322 1026 rum
2351 992 2516 1041 suam,
2547 987 2596 1031 et
2617 996 2778 1035 nurus
2800 984 2854 1036 in
2876 1001 3077 1040 socrum
3101 1006 3248 1044 suam
3281 991 3486 1064 (Ibid.).
3511 995 3610 1050 Ista
3649 998 3779 1051 divi-

2209 1059 2292 1116 sio
2333 1079 2363 1116 a
2394 1065 2636 1121 fidelibus
2683 1067 2738 1122 ﬁt
2787 1080 2972 1127 contra
3024 1059 3296 1135 inﬁdeles.
3326 1059 3459 1135 Cum
3506 1085 3643 1138 enim
3692 1089 3775 1139 alii

2208 1154 2548 1210 consentiunt
2577 1156 2640 1211 ad
2688 1157 2845 1214 ﬁdem
2871 1161 3100 1228 Domini,
3129 1166 3216 1219 alii
3251 1167 3590 1233 dissentiunt,
3621 1189 3650 1227 a
3680 1175 3778 1229 ﬁde

2207 1252 2553 1312 separantur;
2580 1257 2635 1301 et
2662 1249 2762 1302 ista
2787 1255 3057 1321 separatio
3083 1257 3362 1313 credentes
3390 1261 3576 1326 salvat,
3607 1264 3774 1317 incre-

2205 1329 2359 1386 dulos
2389 1348 2518 1388 vero
2558 1335 2795 1392 damnat.
2827 1339 3035 1396 Iustum
3083 1353 3166 1399 est
3210 1347 3352 1400 enim
3402 1356 3458 1402 ut
3503 1349 3665 1404 ﬁdelis
3695 1353 3773 1405 di-

2204 1422 2406 1488 scedat,
2434 1426 2558 1494 quia
2591 1443 2698 1481 non
2727 1439 2908 1498 potest
2931 1434 3162 1490 secietas
3190 1452 3309 1491 esse
3339 1439 3441 1493 luci
3478 1456 3596 1494 cum
3628 1451 3773 1496 tene«

2203 1512 2332 1578 bris,
2363 1529 2463 1569 nec
2501 1515 2662 1571 dulce
2691 1533 2874 1576 amaro
2904 1523 3138 1588 misceri,
3173 1541 3271 1581 nec
3301 1526 3468 1586 ﬁdelis
3501 1545 3618 1584 cum
3661 1531 3773 1585 inﬁ-

2202 1600 2327 1655 deli.
2359 1601 2612 1672 ldeoque,
2659 1605 2870 1673 fratres,
2903 1611 2957 1664 in
3002 1611 3104 1667 lide
3132 1613 3340 1674 Domini
3370 1630 3772 1685 perseverantes

2202 1692 2388 1749 demus
2435 1711 2675 1765 cperam,
2713 1706 2767 1753 et
2815 1708 2872 1753 ut
2925 1702 3227 1759 incredulos
3264 1705 3331 1759 ad
3379 1705 3536 1762 ﬁdem
3568 1708 3772 1764 Domini

2203 1782 2577 1851 perducamus,
2601 1800 2892 1856 omnesque
2924 1790 2975 1843 in
2999 1790 3218 1847 Christo
3243 1794 3512 1851 salvemur
3543 1816 3555 1850 :
3586 1800 3670 1854 cui
3697 1810 3772 1855 est

2197 1872 2366 1938 gloria
2388 1881 2442 1927 et
2465 1873 2743 1943 imperium
2774 1878 2826 1931 in
2855 1880 3069 1934 saecula.
3099 1883 3286 1939 Amen.

2294 1960 2487 2016 XVII.
2522 1962 2654 2019 Item
2677 1967 2740 2019 de
2767 1968 2983 2022 lectione
3010 1973 3297 2041 euangefica
3318 1973 3484 2029 Marc.
3520 1994 3574 2038 ιι,
3604 1978 3684 2031 l5.

2270 2048 2572 2105 Recitatum
2600 2063 2681 2108 est
2703 2055 2793 2109 ubi
2817 2056 3074 2114 Dominus
3101 2059 3297 2115 dicitur
3322 2064 3572 2121 habuisse
3597 2069 3768 2121 convi-

2199 2137 2344 2190 vium
2374 2139 2517 2207 apud
2541 2139 2668 2196 Levi
2696 2159 2816 2198 cum
2838 2146 3138 2214 publicanis
3166 2158 3220 2203 et
3247 2156 3640 2219 peccatoribus.
3663 2157 3768 2212 Non

2197 2225 2514 2293 prohibebat
2536 2228 2789 2286 Dominus
2815 2235 3128 2302 publicanos
3157 2247 3211 2292 et
3243 2251 3578 2311 peceatores,
3609 2255 3660 2299 ut
3691 2250 3768 2302 vel

2198 2317 2480 2372 occasione
2507 2320 2738 2375 convivii
2765 2322 3112 2382 docerentur.
3135 2328 3252 2383 Non
3276 2333 3571 2400 repellebat
3595 2337 3767 2406 impios

2197 2412 2254 2459 et
2277 2405 2503 2474 iniustos
2528 2409 2703 2476 justus
2729 2420 2785 2466 et
2828 2414 2966 2483 pius,
3002 2417 3091 2485 qui
3121 2432 3308 2474 omnes
3356 2430 3415 2476 ut
3441 2435 3653 2479 sanaret
3669 2405 3768 2479 ad-

2197 2504 2440 2560 venerat,
2467 2498 2607 2552 sicut
2635 2500 2749 2570 ipse
2776 2502 2986 2559 dixerat
3011 2524 3023 2558 :
3051 2509 3210 2580 772
3243 2509 3366 2564 Non
3397 2523 3476 2566 est
3497 2517 3637 2569 sanis
3656 2533 3770 2584 apris

2197 2587 2415 2650 medico,
2447 2589 2539 2642 sed
2584 2593 2721 2645 male
2770 2595 3074 2651 habentibus
3103 2600 3313 2668 (Matth.
3372 2605 3472 2674 ιι).
3502 2605 3560 2660 In
3605 2608 3768 2661 multis

2198 2675 2588 2734 desideriorum
2629 2683 2865 2740 febribus
2892 2689 3216 2757 constitutis,
3248 2692 3425 2748 dulcia
3472 2712 3764 2753 sermonum

2200 2780 2419 2820 suorum
2448 2768 2724 2839 refrigeria
2762 2774 3094 2832 infundebat.
3128 2779 3322 2837 Aderat
3355 2783 3677 2841 abundantia
3701 2790 3766 2842 ci-

2201 2853 2390 2910 borum
2421 2867 2475 2912 et
2496 2867 2687 2928 potus;
2711 2864 2802 2918 sed
2831 2863 3096 2932 Salvator,
3124 2869 3312 2925 videns
3331 2889 3427 2929 eos
3458 2876 3510 2929 in
3542 2875 3668 2946 ipsis
3692 2880 3763 2931 in-

2202 2950 2395 3012 tentos,
2422 2946 2745 3016 iungebatur
2769 2968 2888 3008 cum
2920 2956 3024 3010 illis
3061 2958 3112 3012 in
3161 2967 3376 3018 terreno
3423 2964 3686 3034 convivio,
3715 2978 3764 3022 ut

2200 3041 2294 3081 eos
2334 3029 2399 3082 ad
2449 3032 2687 3088 caelestia
2738 3039 3032 3094 monuisset
3076 3045 3318 3099 convivia
3370 3048 3641 3115 festinare,
3688 3053 3764 3106 ubi

2076 3141 2090 3166 9
2121 3124 2166 3185 C
2197 3124 2321 3169 sunt
2349 3118 2451 3173 illae
2485 3135 2591 3175 non
2625 3127 2965 3194 temporales,
2997 3129 3088 3183 sed
3130 3138 3344 3187 aeterna:
3387 3136 3610 3202 deliciie,
3651 3156 3763 3208 quas

2192 3223 2284 3259 nec
2313 3210 2489 3264 oculus
2516 3212 2661 3280 vidit,
2695 3228 2789 3267 nec
2820 3219 2962 3270 auris
2984 3219 3196 3287 audivit,
3225 3239 3316 3275 nec
3345 3225 3400 3277 in
3439 3243 3530 3279 cor
3558 3227 3759 3281 hominis

2193 3302 2445 3368 ascendit,
2488 3319 2604 3375 qua:
2641 3310 2955 3376 praeparavit
2982 3309 3121 3364 Deus
3171 3313 3503 3384 diligentibus
3547 3335 3600 3372 se
3636 3317 3755 3386 (Isti.

2194 3406 2333 3456 utv,
2361 3400 2409 3445 et
2437 3391 2471 3446 Ι
2490 3391 2610 3447 Cor.
2640 3409 2701 3462 ι).
2727 3395 2840 3452 Νοιι
2863 3406 2965 3463 est,
2992 3399 3182 3470 inquit,
3216 3419 3351 3472 Opus
3381 3407 3525 3461 sanis
3546 3409 3755 3472 medico,

2191 3479 2284 3533 sed
2313 3481 2452 3536 male
2480 3482 2820 3540 habentibus.
2845 3485 2946 3553 Qui
2968 3499 3199 3557 aegrotas
3227 3493 3430 3561 animo,
3455 3499 3757 3566 quacunque

2193 3569 2445 3625 vitiorum
2491 3574 2682 3628 morbo
2708 3574 2990 3643 detentus;
3023 3581 3116 3648 qui
3164 3580 3341 3638 febres
3371 3583 3539 3641 habes
3566 3598 3650 3641 aut
3677 3604 3755 3642 sn-

2194 3659 2408 3728 perbiae,
2448 3670 2539 3715 aut
2580 3663 2819 3731 luxuriae,
2866 3675 2964 3720 aut
2990 3671 3442 3739 concupiscentiae
3488 3675 3756 3741 rnalte,aut

2192 3749 2497 3817 iracundiae,
2528 3760 2621 3808 aut
2647 3756 2903 3822 avaritiae,
2937 3773 3092 3816 curre
3119 3762 3185 3817 ad
3213 3763 3477 3819 medicum
3507 3766 3752 3822 Christum

2193 3848 2247 3894 et
2271 3855 2469 3910 rogans
2507 3842 2593 3898 die
2635 3844 2701 3898 ad
2730 3846 2854 3901 eum
2887 3865 2900 3901 :
2931 3847 3049 3922 Ego
3093 3851 3222 3920 dixi,
3258 3853 3499 3920 Domine,
3539 3860 3754 3912 miserere

2193 3930 2324 3996 mei;
2347 3948 2477 3985 sana
2498 3935 2725 3988 animam
2749 3941 2933 4004 meant,
2963 3942 3084 4010 quia
3105 3946 3310 4012 peccavi
3340 3945 3431 4000 tibi
3457 3946 3623 4015 (Psal.
3649 3950 3752 4018 x..);

2193 4027 2249 4074 ut
2274 4028 2328 4075 et
2357 4021 2468 4091 ipse
2495 4023 2635 4078 dicat
2711 4066 2725 4079 .
2804 4067 2817 4080 .
2899 4069 2916 4084 .
2993 4071 3007 4085 .
3089 4072 3103 4086 .
3182 4035 3226 4088 si
3276 4036 3431 4092 audis
3458 4039 3618 4093 verba
3648 4055 3750 4091 mm

2191 4200 2638 4269 diligisetnec.
2717 4247 2731 4261 .
2811 4250 2825 4262 .
2907 4249 2921 4264 .
3000 4253 3012 4265 .
3094 4253 3107 4267 .
3189 4255 3200 4266 .
3283 4258 3296 4270 .
3378 4259 3391 4272 .
3475 4263 3486 4274 .
3564 4263 3576 4274 .

2191 4561 2397 4615 tuleris.
2433 4561 2679 4631 Magnum
2709 4575 2763 4621 et
2801 4569 3000 4625 bonum
3030 4583 3130 4638 est,
3163 4573 3376 4640 fratres,
3402 4595 3593 4648 parere
3614 4584 3754 4639 cccle-

2188 4649 2256 4702 sti
2284 4651 2568 4719 mandato;
2594 4661 2650 4709 et
2671 4656 2795 4712 inde
2824 4661 2967 4716 salus
2997 4665 3308 4733 acquiritur,
3345 4671 3433 4724 ubi
3458 4673 3752 4729 obedientite

2191 4737 2490 4817 famulatur
2514 4745 2749 4802 auditus.
2777 4748 2918 4818 Ergo
2941 4769 3225 4823 pareamus
3250 4761 3447 4818 divinis
3476 4768 3748 4836 praeceptis,

2173 4839 2248 4884 .ut
2281 4832 2544 4889 bonorum
2567 4837 2918 4896 substantiam
2949 4851 3240 4916 consecuti,
3271 4832 3490 4932 semper
3514 4832 3750 4928 Patri-per

2192 4920 2388 4975 Filium
2412 4926 2609 4992 gratias
2652 4927 2946 4988 referamus
2978 4952 2990 4987 :
3023 4937 3109 4992 cui
3149 4948 3232 4994 est
3259 4920 3430 5010 gloria
3478 4946 3532 5001 in
3560 4920 3745 5003 sarcula.

2261 5191 2574 5250 Audivimus
2603 5198 2763 5255 hodie
2793 5202 2846 5255 in
2879 5213 3064 5259 sancto
3093 5206 3385 5279 Evangelia
3405 5214 3744 5269 recitatumde

2191 5277 2399 5336 duobus
2427 5282 2546 5339 ﬁliis
2571 5286 2784 5356 juniore
2813 5300 2868 5346 et
2912 5292 3136 5362 majore,
3167 5277 3364 5366 quibus
3409 5311 3562 5372 pater
3587 5304 3739 5359 distri-

2191 5370 2384 5427 buerat
2418 5377 2801 5446 substantiam;
2835 5392 2889 5440 et
2911 5385 3054 5455 quod
3103 5386 3286 5457 junior
3325 5370 3680 5466 peregrinatus
3716 5409 3745 5449 δ

585 5612 604 5643 ¹
635 5609 856 5680 Vulgata
886 5609 1015 5684 legi
1047 5637 1056 5670 :
1094 5618 1299 5672 Putatis
1325 5624 1441 5687 quia
1486 5640 1664 5689 pacem
1694 5631 1801 5684 veni
1834 5636 2028 5690 mittere
2065 5640 2113 5690 in
2145 5649 2332 5694 terram
2358 5687 2362 5692 .
