3912 6226
54 344 142 394 ωδ
885 336 968 391 EE
1003 334 1356 391 CAPITULIS
1394 332 1925 388 EVANGELIORUM
1971 329 2466 415 EXPOSITIONES.

3215 337 3317 391 826

52 464 210 519 patre,
240 452 521 506 luxuriose
552 452 734 505 vivens
763 450 814 502 in
845 448 1075 517 peccatis
1097 446 1386 515 perdiderit
1407 445 1617 508 omnia,
1651 451 1695 507 Α
1725 447 1776 500 hi
1796 450 1880 516 qui
1923 450 2096 502 volunt
2137 451 2253 502 hinc
2305 452 2530 505 transire
2565 450 2637 504 ad
2683 469 2769 505 vos
2813 469 2916 506 non
2961 456 3183 522 possint,
3229 472 3317 508 uec

53 553 97 593 et
125 550 308 608 postea
358 540 682 608 poenitentia
711 537 898 591 ductus
927 543 980 589 ct
1018 535 1241 588 multum
1282 531 1512 586 afﬂictus
1541 547 1626 587 re-

51 631 196 683 dierit
233 631 300 682 ad
328 639 574 699 patrem;
605 630 692 683 cui
737 635 891 697 pater
919 634 973 680 et
1005 626 1198 679 stolam
1218 664 1232 686 ,
1257 632 1312 678 et
1347 623 1618 687 annulum,

53 729 96 770 et
125 718 556 774 calceamentum
598 717 759 785 jussit
792 716 926 780 dari,
961 723 1015 768 et
1051 714 1272 767 vitulum
1302 713 1355 765 in
1381 712 1626 768 convivio

53 807 215 860 occidi
245 823 349 875 pro
381 807 757 875 redemptione
785 805 900 873 ejus
961 842 978 857 .
1057 841 1073 857 .
1152 841 1168 856 .
1237 842 1250 856 .
1328 841 1344 855 .
1424 842 1438 855 .
1516 842 1530 856 .
1609 842 1624 856 .

496 895 1622 948 .veniente.........

54 996 110 1034 eo
139 981 362 1035 oonsola
448 1021 462 1035 .
542 1021 556 1035 .
637 1021 650 1034 .
722 1021 734 1034 .
814 979 943 1044 Fili,
993 988 1046 1032 tu
1093 995 1294 1048 semper
1330 994 1527 1031 mecum
1554 994 1627 1042 es,

55 1081 95 1124 et
118 1071 289 1125 omnia
309 1087 434 1123 mea
465 1080 549 1123 tua
571 1080 704 1124 sunt.
731 1067 948 1137 Epulari
975 1077 1142 1121 autem
1161 1075 1211 1120 et
1231 1067 1454 1136 gaudere
1474 1082 1630 1135 opor-

57 1171 132 1222 tet,
163 1161 287 1230 quia
318 1161 492 1230 frater
522 1169 632 1213 tuus
680 1160 761 1212 hic
799 1166 1027 1211 mortuus
1055 1164 1191 1223 erat,
1227 1165 1276 1209 et
1301 1156 1514 1218 revixit;
1543 1171 1633 1223 pe-

58 1254 220 1315 rierat,
264 1260 318 1304 et
364 1253 604 1304 inventus
629 1257 722 1302 est.
753 1248 845 1302 lsti
884 1246 991 1301 duo
1019 1245 1236 1310 fratres,
1270 1252 1327 1298 ut
1356 1242 1632 1310 exiguitati

59 1355 176 1392 mete
200 1339 445 1404 videtur,
473 1339 762 1402 carissimi,
792 1336 1018 1391 duorum
1060 1334 1382 1402 populorum
1425 1331 1630 1398 signiti-

60 1433 277 1485 cantiam
308 1442 531 1498 gerunt.
563 1429 757 1484 Senior
783 1433 960 1498 potest
993 1425 1216 1493 intelligi
1247 1425 1496 1491 antiquus
1535 1438 1632 1491 po-

59 1519 197 1588 pulus
225 1519 661 1589 patriarcharum
687 1517 771 1572 vel
818 1515 1224 1586 prophetarum,
1252 1514 1343 1581 qui
1372 1528 1493 1566 cum
1522 1512 1632 1566 Deo

60 1611 200 1665 Patre
223 1610 623 1680 perseverabat
649 1609 886 1662 serviens
914 1606 962 1662 ei
984 1623 997 1671 ;
1019 1606 1218 1674 junior,
1247 1604 1478 1672 populus
1500 1616 1630 1670 gen-

61 1702 196 1762 tium,
225 1701 321 1770 qui
354 1701 519 1770 773
566 1699 821 1765 clongans
867 1712 926 1751 se
972 1712 1002 1750 a
1048 1695 1182 1759 Deo,
1216 1696 1362 1750 velut
1409 1707 1633 1763 peregre

1727 538 1847 590 inde
1869 539 1965 590 huc
1987 548 2321 595 transmeare.

1796 626 2223 696 Consideremus,
2253 629 2460 696 fratres,
2485 631 2628 699 quod
2657 630 2808 687 dives
2835 625 3057 702 ponitur
3081 643 3135 687 et
3161 648 3314 687 men-

1725 719 1892 774 dicus.
1923 720 2111 774 Divitis
2153 737 2347 776 nomen
2391 731 2617 790 tacetur,
2651 724 2812 796 775
2839 733 2894 779 et
2938 726 3054 779 sine
3100 725 3318 779 nomine

1729 816 1830 872 est,
1863 811 2010 864 velut
2037 826 2231 880 corpus
2257 813 2372 866 sine
2401 814 2608 882 capite:
2634 815 2688 868 in
2718 816 2891 885 capite
2921 816 3116 870 nomen
3145 830 3314 881 agno-

1729 899 1929 962 scitur;
1957 899 2046 955 ille
2073 901 2264 955 merito
2293 903 2407 956 sine
2432 904 2667 967 nomine,
2698 905 2822 973 quia
2851 904 2968 958 sine
2994 906 3169 974 capite
3197 904 3315 970 fuit,

1729 986 1818 1053 qui
1843 985 2036 1041 Christi
2058 988 2109 1041 in
2134 1003 2211 1053 se,
2240 990 2332 1057 qui
2371 997 2532 1060 caput
2558 999 2658 1056 est,
2687 1008 2786 1047 nec
2816 991 2995 1058 fidem,
3029 1009 3126 1048 nec
3153 994 3317 1048 mise-

1730 1066 2012 1128 ricordiam
2044 1077 2248 1130 habuit.
2281 1078 2482 1134 Deinde
2510 1079 2799 1135 Eleazarus
2828 1083 3135 1138 nominatur
3162 1097 3314 1136 men-

1729 1162 1899 1228 dicus,
1931 1173 2109 1220 tamen
2145 1166 2260 1235 ejus
2300 1184 2495 1224 nomen
2543 1170 2595 1224 in
2642 1171 2780 1226 libro
2809 1172 2946 1227 Vita:
2986 1173 3314 1241 continetur,

1731 1254 1872 1322 quod
1899 1261 1955 1308 et
1983 1253 2035 1308 in
2061 1255 2352 1324 Evangelio
2379 1276 2486 1314 non
2523 1269 2745 1315 tacetur.
2778 1262 2818 1315 l.
2850 1263 3090 1318 Mortuus
3133 1275 3215 1319 est
3261 1273 3316 1319 et

1731 1340 1822 1395 ille
1849 1341 1998 1397 dives
2030 1344 2120 1412 qui
2149 1345 2467 1401 induebatur
2495 1365 2726 1418 purpura
2755 1358 2810 1404 et
2836 1351 3017 1420 bysso,
3048 1361 3103 1406 et
3133 1354 3318 1422 epula-

1671 1471 1680 1490 ρ
1731 1430 1888 1484 batur
1926 1433 2166 1500 quotidie
2209 1436 2512 1504 splendide;
2549 1447 2603 1493 et
2631 1440 2870 1508 sepultus
2898 1443 3056 1496 estin
3087 1443 3316 1500 inferno.

1733 1520 1795 1573 ll.
1821 1520 2104 1577 Eleazarus
2127 1533 2302 1580 autem
2324 1526 2597 1583 mendicus
2617 1537 2858 1584 mortuus
2886 1539 2969 1585 est
2996 1538 3050 1585 et
3077 1542 3318 1600 portatus

1735 1609 1804 1663 ab
1826 1610 2028 1681 angelis
2057 1611 2110 1666 in
2139 1612 2258 1666 sinu
2306 1614 2528 1671 Abrahae
2572 1618 2888 1684 ponebatur.
2917 1619 3005 1672 lll.
3052 1620 3317 1676 Judicium

1735 1696 1831 1750 Dei
1860 1698 2038 1755 statim
2069 1700 2122 1752 in
2151 1700 2389 1769 utrisque
2416 1711 2687 1759 ostensum
2716 1713 2835 1761 est:
2867 1708 3094 1776 sumpsit
3115 1725 3320 1778 pauper

61 1788 338 1856 profectus,
375 1790 435 1842 in
481 1788 660 1842 multis
707 1786 978 1842 erroribus
1007 1785 1170 1850 vixit,
1199 1784 1400 1855 quique
1444 1790 1630 1853 postea
1669 1799 1708 1854 Β
1735 1796 1861 1858 post
1882 1789 2101 1845 labores
2128 1797 2184 1845 et
2211 1791 2423 1847 dolores
2451 1794 2650 1849 multos
2678 1796 2976 1851 desiderata
3011 1799 3316 1871 refrigeria;

63 1879 261 1934 veniens
289 1880 362 1934 ad
416 1886 628 1950 patrem
669 1878 936 1947 paenitens
978 1882 1034 1931 et
1072 1889 1267 1943 rogans
1296 1874 1503 1944 accepit
1530 1881 1638 1927 sto-

62 1967 150 2022 lam
177 1969 436 2037 primam,
467 1973 840 2023 ornamentum
885 1965 1089 2020 scilicet
1114 1963 1499 2032 redemptionis
1525 1962 1635 2031 pri-

63 2073 221 2123 mum;
277 2060 412 2128 quia
459 2059 714 2128 scriptum
761 2064 843 2111 est
892 2074 906 2108 :
954 2054 1118 2108 Erilis
1165 2064 1338 2126 gentes
1381 2056 1436 2107 in
1483 2062 1634 2123 caput

65 2144 280 2212 (Denter.
307 2148 484 2219 XXIV).
510 2146 749 2200 Annulus
770 2146 824 2200 in
846 2160 1025 2210 manu,
1049 2144 1376 2212 sponsalium
1390 2143 1632 2212 signum;

67 2249 246 2302 sponsa
275 2253 418 2292 vero
456 2237 748 2291 secundum
780 2235 1094 2304 Apostolum
1120 2234 1218 2308 puni
1248 2235 1361 2288 viro
1402 2233 1636 2302 despon-

64 2336 186 2393 sata,
215 2335 480 2397 tanquam
511 2328 657 2396 virgo
683 2333 830 2381 casta
853 2326 1168 2391 exhibetur;
1195 2325 1560 2379 calceamenta
1582 2324 1636 2376 in

64 2415 290 2485 pedibus,
325 2427 383 2473 et
413 2419 518 2472 hoc
563 2417 630 2472 ad
657 2417 866 2485 signum
895 2423 977 2471 est
1023 2416 1353 2485 nuptiarum,
1382 2413 1634 2482 quoniam

65 2520 257 2572 sponsae
287 2505 497 2561 Christi
543 2507 853 2561 calceantur
896 2505 1060 2574 pedes
1104 2505 1159 2558 in
1187 2503 1634 2572 praeparationem

66 2592 326 2665 Evangelii
384 2598 553 2667 pacis.
583 2596 793 2650 Vitulus
838 2596 1000 2658 etiam
1044 2596 1098 2648 in
1125 2593 1372 2649 convivio
1419 2591 1637 2660 iubetur

68 2686 240 2740 occidi.
296 2687 589 2756 Saginatus
613 2686 812 2740 vitulus
861 2685 975 2752 ipse
1005 2692 1087 2737 est
1139 2682 1387 2736 Salvator
1427 2688 1634 2746 noster,

66 2786 208 2838 quem
247 2773 414 2829 Pater
452 2774 622 2828 voluit
657 2771 920 2827 immolari
948 2786 1046 2840 pro
1074 2769 1444 2838 redemptione
1472 2782 1641 2836 gene-

69 2861 129 2916 ris
167 2864 407 2918 humani.
437 2863 593 2931 Quod
640 2871 821 2917 autem
849 2863 1052 2917 dictum
1096 2869 1200 2926 est,
1233 2861 1388 2916 irasci
1416 2859 1635 2913 fratrem

66 2950 311 3018 majorem
339 2969 438 3023 pro
466 2952 629 3007 fratre
653 2953 880 3017 minore,
907 2951 1013 3005 illic
1039 2950 1314 3004 iracundia
1336 2964 1434 3018 pro
1456 2948 1633 3002 admi-

69 3042 259 3099 ratione
281 3045 532 3114 ponitur;
563 3044 686 3112 quia
716 3041 965 3109 antiquus
988 3039 1256 3108 iustorum
1282 3040 1512 3109 p0pulus
1536 3039 1632 3093 ad-

1737 1880 1962 1948 sumpsit
1990 1888 2044 1934 et
2071 1881 2219 1935 dives
2244 1890 2370 1951 post
2395 1883 2678 1940 elationem
2720 1901 2871 1940 suam
2913 1888 3176 1956 condigna
3204 1899 3320 1945 tor--

1735 1975 1948 2034 menta;
1979 1968 2119 2022 unde
2147 1970 2296 2025 dives
2325 1986 2446 2026 cum
2490 1973 2694 2029 videret
2742 1973 3057 2030 Eleazarum
3101 1978 3154 2032 in
3200 1979 3321 2034 sinu

1736 2055 1964 2111 Abrahae
1992 2059 2287 2128 quiescere,
2320 2062 2624 2118 exclamans
2651 2065 2783 2119 dixit
2807 2083 2820 2119 :
2851 2065 3013 2120 Pater
3035 2067 3316 2134 Abraham,

1735 2149 1976 2201 miserere
2001 2150 2120 2214 mei,
2151 2158 2202 2202 et
2229 2152 2371 2204 mitte
2415 2150 2750 2218 Eleazarum,
2788 2163 2845 2207 ut
2888 2156 3111 2226 intingat
3150 2167 3322 2210 extre-

1736 2253 1874 2291 mum
1903 2237 2070 2308 digiti,
2105 2249 2160 2292 ut
2196 2243 2463 2311 refrigeret
2498 2243 2729 2315 linguam
2760 2262 2942 2310 meam,
2971 2249 3094 2316 quia
3126 2251 3324 2303 cntcior

1734 2327 1789 2380 in
1818 2328 1916 2381 hac
1939 2329 2168 2398 ﬂamma.
2198 2329 2266 2384 Et
2295 2331 2428 2386 dixit
2464 2333 2540 2386 illi
2569 2334 2828 2389 Abraham
2853 2353 2869 2388 :
2897 2335 3024 2404 Fili,
3053 2338 3325 2393 recordare

1736 2418 1856 2488 quia
1888 2421 2125 2488 recepisti
2151 2419 2284 2474 bona
2320 2423 2375 2475 in
2404 2421 2506 2476 vita
2540 2432 2646 2491 tua,
2677 2433 2724 2478 et
2764 2425 3049 2481 Eleazarus
3090 2428 3326 2481 similiter

1735 2506 2070 2560 mala:nunc
2116 2518 2285 2562 autem
2322 2510 2406 2563 hic
2441 2511 2760 2577 consolatur,
2804 2523 2854 2566 tu
2893 2531 3009 2568 vero
3051 2516 3324 2570 cruciaris.

1735 2595 2019 2662 Quaerebat
2043 2613 2101 2652 se
2128 2598 2279 2653 dives
2307 2602 2534 2654 extremi
2563 2601 2712 2671 digiti
2743 2602 2980 2658 Eleazari
3020 2619 3143 2658 rore
3189 2620 3323 2659 con-

1737 2686 1888 2755 tingi,
1910 2695 1966 2741 et
1988 2704 2097 2742 non
2125 2689 2176 2743 ei
2205 2690 2632 2758 permittebatur,
2664 2693 2787 2760 quia
2816 2695 3185 2763 scriptumest
3212 2713 3224 2747 :
3259 2694 3326 2749 In

1736 2786 1898 2831 morte
1923 2780 2037 2848 quis
2056 2796 2250 2833 memor
2272 2783 2337 2834 sit
2366 2783 2475 2846 tui;
2501 2782 2555 2834 in
2586 2784 2789 2852 inferno
2824 2794 2993 2837 autem
3020 2786 3131 2855 quis
3162 2786 3328 2854 conﬁ-

1739 2866 1925 2921 tebitur
1947 2868 2037 2921 tibi
2068 2870 2238 2935 (Psal.
2266 2873 2375 2940 v1)?
2405 2871 2471 2925 Et
2498 2873 2658 2927 modo
2690 2873 2732 2928 si
2761 2874 2947 2928 volunt
2975 2874 3166 2930 divites
3194 2891 3328 2930 con-

1737 2959 1922 3013 sulant
1947 2960 2303 3029 pauperibus;
2339 2962 2537 3016 habent
2565 2970 2620 3016 et
2651 2961 2836 3018 vident
2875 2962 3158 3019 Eleazaros
3185 2966 3328 3018 mul-

1738 3056 1848 3115 tos;
1881 3065 2001 3104 cum
2033 3051 2110 3104 eis
2151 3049 2378 3105 fecerint
2418 3051 2872 3121 misericordiam,
2910 3054 2963 3107 in
3007 3053 3186 3125 futuro
3229 3055 3330 3111 sibi

67 3131 274 3187 miratus
305 3141 390 3189 est
416 3133 815 3202 susceptionem
845 3130 1105 3199 gentium.
1139 3130 1206 3183 Et
1231 3132 1357 3185 licet
1379 3131 1635 3199 aliquanti
1665 3138 1710 3199 ο
1741 3148 2047 3209 praeparant
2075 3140 2374 3209 refrigeria,
2406 3143 2531 3210 quia
2569 3143 2661 3210 qui
2703 3144 2986 3198 miseretur
3024 3146 3330 3200 ιῃιςετίεοιι.

68 3234 126 3279 ex
162 3223 242 3279 his
271 3241 401 3280 vere
430 3225 551 3279 irati
582 3223 706 3289 sint,
752 3222 809 3276 id
850 3229 933 3278 est
958 3222 1142 3291 populi
1189 3220 1523 3287 Iudaeorum;
1556 3231 1636 3275 ta-

69 3325 179 3366 men
207 3314 402 3370 divinis
450 3315 734 3387 prazceptis
759 3313 1118 3368 admonentur
1163 3311 1363 3366 debere
1385 3312 1634 3381 gaudere,

71 3400 183 3468 quia
225 3405 508 3459 consilium
555 3403 878 3471 indulgentis
914 3401 1008 3456 Dei
1039 3400 1267 3467 benigne
1310 3399 1471 3454 debet
1496 3400 1639 3454 acci-

71 3502 190 3556 pere
218 3493 462 3548 humana:
513 3492 815 3562 fragilitatis
856 3507 1022 3562 parva
1068 3491 1448 3546 consideratio.
1500 3490 1640 3559 Ergo

72 3582 296 3646 gentium
316 3585 548 3654 populus
578 3583 645 3638 ad
669 3582 954 3640 Dominum
993 3597 1284 3637 conversus
1319 3580 1643 3649 jucundetur

73 3682 126 3722 se
151 3669 354 3728 Domini
384 3673 714 3742 benignitate
743 3672 1026 3737 salvatum,
1057 3685 1376 3740 semperque
1399 3669 1510 3724 Deo
1535 3667 1640 3722 Pa-

74 3760 132 3813 tri
169 3778 264 3831 per
291 3763 561 3820 Christum
588 3764 705 3833 ejus
732 3764 934 3833 gratias
961 3763 1195 3819 referat:
1228 3763 1314 3816 cui
1343 3769 1426 3820 est
1471 3761 1641 3830 gloria

76 3847 121 3902 in
149 3856 357 3909 secula.
393 3855 584 3909 Amen.

213 3986 371 4041 XIX.
415 3987 587 4041 Lectio
615 3987 881 4060 Evangelii
911 3991 1075 4042 sancti
1105 3988 1233 4041 Luc.
1268 4004 1374 4052 xvx,
1412 3988 1496 4042 l9.
1548 3988 1555 3991 ’

138 4113 443 4173 Audivimus
472 4117 631 4173 hodie
662 4118 714 4172 in
743 4126 930 4174 sancto
976 4119 1268 4187 Evangelia
1308 4119 1591 4173 recitatum
1626 4135 1638 4170 :

79 4198 231 4258 Homo
268 4206 478 4277 quidam
515 4214 624 4258 erat
669 4206 825 4270 dives,
868 4208 953 4275 qui
992 4206 1303 4260 induebatur
1329 4222 1557 4274 purpura
1594 4214 1642 4259 et

77 4287 226 4358 bysso,
249 4305 297 4349 et
317 4295 624 4365 epulabatur
651 4296 874 4364 quotidie
894 4297 1195 4366 splendide;
1227 4307 1275 4350 et
1297 4305 1409 4350 erat
1434 4296 1644 4367 quidam

77 4385 317 4439 mendicus
337 4387 546 4438 nomine
563 4383 866 4450 Eleazarus,
885 4388 968 4456 qui
977 4386 1188 4457 jacebat
1207 4387 1277 4439 ad
1290 4389 1511 4456 januam
1529 4389 1642 4458 ejus

1737 3231 1878 3286 diam
1908 3239 2285 3300 consequetur.
2317 3231 2501 3302 Neque
2527 3233 2669 3286 enim
2691 3233 2886 3287 mereri
2908 3233 3001 3288 Dei
3024 3235 3331 3289 misericor-

1739 3318 1880 3373 diam
1907 3320 2106 3388 poterit
2142 3321 2236 3389 qui
2274 3321 2580 3374 misericors
2617 3321 2732 3389 ipse
2773 3336 2882 3375 non
2923 3321 3114 3388 fuerit;
3151 3323 3330 3378 humi-

1740 3412 1936 3466 lientur
1971 3411 2141 3477 magis
2177 3412 2230 3466 in
2269 3411 2559 3485 prosperis,
2591 3412 2753 3466 elatio
2793 3411 2958 3466 habet
3031 3452 3045 3466 .
3125 3453 3139 3468 .
3221 3453 3234 3468 .
3315 3454 3330 3468 .

1741 3680 1920 3736 saeculi
1947 3679 2214 3748 prmcipue
2253 3694 2360 3733 non
2400 3679 2634 3749 superbe
2670 3693 2880 3748 sapere,
2915 3694 3088 3748 neque
3116 3695 3334 3750 sperare

1742 3771 1795 3823 in
1821 3769 2082 3824 incertum
2107 3768 2431 3836 divitiarum,
2455 3769 2548 3824 sed
2573 3770 2625 3823 in
2657 3770 2825 3825 Deum
2852 3771 3051 3837 vivum,
3082 3773 3176 3840 qui
3198 3787 3336 3840 pra:-

1743 3867 1851 3915 stat
1869 3860 2023 3915 nobis
2051 3861 2254 3914 omnia.
2283 3860 2432 3922 Unde
2460 3860 2526 3915 ad
2555 3860 2838 3917 fruendum
2870 3862 2923 3916 in
2954 3863 3206 3932 Operibus
3232 3864 3334 3918 bo-

1742 3951 1843 4015 nis,
1891 3950 2067 4019 largos
2113 3965 2258 4014 esse,
2301 3949 2495 4006 faciles
2530 3952 2797 4020 tribuere,
2846 3953 3334 4010 communicatores

1743 4055 1884 4107 esse,
1919 4041 2339 4095 thesaurizantes
2380 4042 2481 4096 sibi
2519 4041 2826 4096 thesaurum
2862 4043 3060 4100 bonum
3101 4045 3154 4098 in
3193 4043 3335 4110 futu-

1743 4144 1861 4182 rum
1896 4128 2054 4183 docet
2091 4129 2408 4198 Apostolus,
2438 4137 2498 4184 ut
2525 4127 2930 4200 apprehendant
2958 4148 3140 4187 veram
3168 4138 3335 4188 vitam

1746 4218 1802 4288 (Ι
1830 4219 1966 4274 Tim.
1993 4221 2090 4288 v1).
2121 4218 2258 4273 Sunt
2302 4219 2456 4276 multi
2506 4221 2719 4289 divites,
2769 4230 2825 4286 et
2863 4237 2971 4277 non
3020 4223 3335 4292 culpabiles,

1743 4309 1835 4379 qui
1875 4324 1982 4365 non
2012 4309 2113 4365 sibi
2154 4309 2302 4376 solis,
2334 4311 2430 4365 sed
2475 4313 2661 4368 multis
2704 4313 2905 4368 habere
2943 4313 3190 4369 videntur
3218 4330 3336 4384 qua:

1743 4400 2039 4471 possident,
2073 4401 2256 4455 multis
2294 4401 2382 4471 pie
2423 4402 2724 4472 largiuntur
2742 4445 2757 4470 ,
2782 4404 2965 4459 multis
2991 4405 3131 4459 bene
3155 4405 3339 4461 distri-

76 4470 306 4528 ulceribus
334 4476 538 4545 plenus,
567 4476 777 4544 cupiens
806 4479 1033 4530 saturari
1063 4479 1125 4532 de
1153 4480 1296 4532 micis
1335 4496 1450 4551 quae
1491 4480 1636 4532 cade-

1745 4470 1934 4547 buunt.
1961 4492 2167 4547 Ille-est
2194 4470 2322 4546 vere
2365 4470 2639 4548 dives‘Dei
2668 4493 2768 4563 qui
2788 4494 2879 4550 dat
2905 4497 3130 4564 pauperi
3156 4497 3334 4565 suspi—

76 4557 181 4613 bant
200 4565 259 4619 de
283 4582 459 4619 mensa
487 4566 675 4619 divitis.
700 4565 806 4620 Sed
837 4576 887 4620 et
913 4585 1065 4621 canes
1093 4569 1380 4634 veniebant,
1409 4581 1457 4623 et
1478 4571 1644 4640 linge—

77 4645 181 4702 bant
206 4656 377 4708 ulcera
397 4656 527 4724 ejus.
553 4654 770 4709 Factum
800 4665 874 4709 est
903 4666 1067 4711 autem
1100 4667 1155 4710 ut
1191 4669 1473 4713 moreretur
1501 4677 1642 4713 men-

76 4737 216 4808 dicus,
242 4754 291 4798 et
319 4754 614 4814 portaretur
642 4746 706 4799 ab
731 4748 927 4816 angelis
956 4749 1010 4801 in
1034 4751 1202 4802 sinum
1222 4748 1465 4803 Abrahae.
1498 4749 1645 4803 Mor-

79 4835 174 4884 tuus
200 4844 272 4889 est
296 4845 466 4888 autem
494 4846 541 4889 et
562 4836 718 4903 dives,
747 4847 795 4890 et
823 4839 1048 4908 sepultus
1076 4849 1150 4894 est
1179 4842 1230 4894 in
1259 4843 1483 4911 inferno.
1526 4843 1645 4895 Ele—

78 4932 182 4975 rans
208 4935 377 4978 autem
411 4926 585 4979 oculos
623 4943 741 4984 suos
784 4945 898 4980 cum
937 4939 1066 4982 esset
1102 4931 1157 4983 in
1195 4933 1488 4995 tormentis,
1520 4933 1643 4985 sidit

79 5008 319 5068 Abraham
348 5032 378 5070 a
413 5017 582 5086 longe,
622 5013 671 5069 et
712 5016 1018 5071 Eleazarum
1055 5021 1108 5072 in
1145 5021 1261 5073 sinu
1290 5022 1510 5090 ej—us;et
1536 5023 1644 5091 ipse

80 5100 289 5160 clamans
309 5108 441 5160 dixit
465 5124 481 5160 :
509 5107 668 5161 Pater
687 5109 970 5176 Abraham,
996 5114 1236 5164 miserere
1276 5115 1396 5176 mei,
1427 5124 1475 5166 et
1504 5116 1646 5166 mitte

83 5185 391 5263 Eleazarum,
417 5207 473 5249 ut
502 5198 723 5267 intingat
755 5207 1040 5252 extremum
1061 5201 1211 5270 digiti
1240 5203 1319 5254 sui
1348 5203 1402 5254 in
1436 5219 1641 5269 aquam,

83 5291 122 5332 ει
139 5290 395 5359 refrigeret
415 5288 646 5358 linguam
666 5306 854 5353 meam,
871 5291 990 5359 quia
1012 5293 1211 5344 crucior
1229 5293 1282 5344 in
1300 5293 1395 5344 hac
1411 5294 1638 5362 ﬂamma.

87 5368 141 5424 El
168 5379 290 5431 dixit
318 5379 396 5431 illi
425 5376 687 5431 Abraham
721 5396 738 5431 :
774 5379 901 5443 Fili,
939 5381 1209 5434 recordare
1254 5384 1376 5452 quia
1411 5385 1642 5454 recepisti

87 5461 198 5523 bona
235 5472 287 5522 in
329 5472 433 5523 rita
465 5478 571 5534 tua,
608 5479 656 5523 et
692 5469 976 5524 Eleazarus
1011 5472 1246 5525 similiter
1283 5475 1423 5526 mala
1462 5491 1478 5526 :
1509 5491 1645 5527 nunc

90 5568 235 5612 autem
263 5561 344 5612 hic
365 5561 679 5627 consolatur,
694 5570 756 5618 .tu
777 5579 892 5616 vero
913 5565 1180 5616 cruciaris.
1204 5563 1271 5616 Et
1298 5565 1348 5617 in
1381 5567 1460 5618 his
1482 5569 1645 5619 omni-

93 5643 162 5701 bus
188 5652 316 5706 inter
357 5667 449 5707 nos
487 5663 536 5704 et
575 5667 660 5705 ros
699 5652 856 5706 chaos
882 5669 1121 5722 magnum
1152 5657 1418 5722 [innatum
1455 5665 1530 5711 est
1542 5673 1562 5718 ;
1594 5670 1649 5710 ut

1743 4582 1904 4646 ranti,
1939 4589 1995 4636 et
2023 4596 2130 4635 non
2158 4581 2407 4635 histrioni
2435 4575 2672 4637 saltanti.
2703 4582 2839 4638 Sunt
2865 4584 3022 4653 multi
3059 4584 3252 4640 divites
3279 4599 3333 4642 et

1744 4673 2002 4742 episcopi,
2029 4680 2084 4726 et
2106 4671 2426 4743 presbyteri,
2455 4681 2509 4726 et
2537 4673 2823 4739 diacones;
2853 4674 2950 4729 sed
2977 4675 3190 4736 divitias
3219 4692 3343 4732 suas

1743 4764 1837 4833 qui
1865 4763 2001 4817 bene
2026 4763 2324 4833 dispensat,
2347 4779 2450 4819 nec
2468 4764 2695 4819 luxuriae
2716 4765 2950 4835 culpam,
2976 4782 3077 4821 nec
3105 4769 3344 4823 criminis

1747 4862 1950 4919 notam,
1983 4870 2082 4910 nec
2109 4855 2469 4917 damnationis
2493 4856 2694 4926 poterit
2727 4856 2927 4911 habere
2956 4873 3190 4926 pmnam.
3225 4858 3343 4913 Uti-

1745 4961 1850 5014 que
1878 4946 1997 5001 ideo
2039 4947 2346 5017 aliquantos
2391 4947 2530 5002 Deus
2559 4947 2751 5002 divites
2779 4961 2896 5001 esse
2924 4948 3118 5014 voluit,
3150 4957 3205 5002 ut
3235 4950 3344 5003 sint

1747 5035 1836 5104 qui
1866 5036 2189 5105 pauperibus
2218 5036 2484 5101 tribuant;
2509 5043 2564 5091 et
2585 5036 2708 5092 ideo
2727 5051 2992 5107 pauperes
3013 5039 3172 5110 775
3195 5038 3342 5105 fecit,

1749 5133 1873 5178 uta
1920 5125 2175 5182 divitibus
2224 5125 2526 5180 necessaria
2572 5133 2806 5183 sumant.
2856 5125 3151 5181 Consilium
3197 5128 3340 5181 enim

1748 5214 1844 5269 Dei
1871 5215 1924 5268 in
1955 5216 2480 5270 omnibus.sanctum
2503 5224 2607 5280 est,
2629 5231 2726 5285 per
2753 5216 2931 5271 omnia
2959 5216 3342 5279 venerandum,

1751 5320 2070 5374 semperque
2099 5305 2420 5361 laudandum
2449 5323 2460 5357 :
2494 5307 2596 5375 ipsi
2625 5307 2736 5363 Deo
2763 5305 2910 5364 Patri
2940 5321 3154 5374 semper
3175 5307 3345 5375 gloria

1751 5395 1805 5446 in
1835 5396 2046 5448 saecula.
2077 5394 2261 5450 Amen.

1752 5483 1876 5537 XX.
1919 5483 2048 5537 Item
2087 5485 2148 5537 de
2184 5486 2397 5538 lectione
2437 5486 2604 5536 sancti
2632 5482 2904 5554 Evangelii
2948 5483 3114 5537 Marc.
3147 5500 3256 5545 vui,
3292 5486 3344 5540 5.

1823 5572 1981 5639 Ecce,
2013 5573 2204 5640 inquit,
2251 5575 2380 5626 exiit
2426 5574 2687 5625 seminans
2732 5575 3008 5638 seminare,
3053 5583 3154 5629 etc.
3189 5574 3348 5628 Venit

1755 5663 2014 5720 Dominus
2037 5661 2189 5718 lesus
2223 5663 2272 5717 in
2304 5661 2559 5718 mundum
2606 5662 2788 5720 exiens
2831 5679 2859 5717 ι
2906 5663 3064 5720 Patre
3096 5668 3234 5739 ipso,
3263 5663 3346 5718 di-
