3912 6226
516 289 623 351 837

1744 284 1799 340 s.
1840 282 2081 338 narum
2121 280 2576 340 TAURINENSIS
3686 287 3776 341 θές

516 418 645 461 cens
670 421 682 456 :
718 401 827 473 Ego
852 418 883 454 a
905 400 1062 455 Patre
1083 401 1234 465 exiri,
1257 408 1305 453 et
1329 397 1442 453 veni
1470 400 1523 452 in
1552 398 1685 451 hunc
1706 397 1976 460 mundum;
2001 398 2096 450 ite-
2125 396 2172 457 Α
2198 396 2455 466 loquitur,
2484 397 2705 451 verbum
2745 396 3007 463 seminat,
3039 396 3281 453 et‘sicuti
3310 410 3533 457 semen.
3566 396 3682 450 dum
3704 397 3778 466 ja-

515 511 630 547 rum
658 494 887 561 relinquo
910 492 1179 558 mundum,
1202 499 1250 543 et
1277 490 1406 543 vado
1428 490 1496 542 ad
1523 488 1734 542 Patrem
1755 486 1931 557 (loan.
1960 487 2089 556 xvi).

518 585 656 653 Ergo
683 583 749 637 de
776 598 835 636 se
863 582 937 634 ait
968 600 981 633 :
1014 580 1148 633 Ecce
1186 579 1311 633 exiit
1351 581 1612 632 seminans
1648 578 1921 631 seminare.
1952 575 2095 628 Exiit

515 678 696 743 itaque
733 682 791 725 ιιι
818 671 1107 727 seminaret
1138 670 1190 723 in
1219 669 1418 723 mundo
1455 667 1819 737 Evangelium,
1847 674 1905 720 ut
1928 666 2092 720 semi-

513 769 667 815 naret
697 759 875 825 ﬁdem,
900 758 1183 828 justitiam,
1209 758 1513 821 veritatem,
1540 772 1744 825 pacem,
1771 756 2092 822 castitatem,

514 851 891 913 humilitatem,
922 857 1250 915 cxcterasque
1277 848 1519 900 virtutes.
1551 845 1617 899 Et
1644 845 1888 899 diabolus
1927 861 2093 900 econ-

514 946 679 999 trario
707 943 972 997 seminare
1002 940 1162 1009 cmpit
1189 955 1306 1006 sua,
1336 940 1387 992 id
1416 947 1501 993 est
1528 937 1847 1007 superbiam,
1878 938 2093 992 iracun-

510 1036 675 1101 diam,
707 1034 1216 1103 concupiscentiam,
1264 1030 1567 1094 homicidia,
1604 1028 1882 1094 adulteria,
1931 1027 2091 1090 furta,

510 1134 813 1193 ceteraque
844 1124 988 1185 vitia,
1029 1137 1148 1190 qua:
1177 1122 1227 1174 in
1253 1120 1445 1175 divinis
1474 1119 1663 1173 litteris
1691 1118 1894 1172 zizania
1923 1118 2095 1171 nomi-

512 1222 724 1269 nantur.
767 1212 898 1267 Cum
948 1212 1089 1265 enim
1126 1210 1364 1264 dicerent
1409 1209 1652 1277 discipuli
1696 1209 1761 1262 ad
1811 1208 2093 1262 Dominum

508 1302 728 1357 Iesum:
763 1300 951 1355 Nonne
985 1300 1172 1354 bonum
1212 1316 1380 1352 semen
1419 1300 1680 1352 seminasti
1717 1299 1770 1350 in
1806 1314 1932 1367 agro
1972 1298 2096 1351 tuo?

509 1394 647 1446 unde
672 1408 792 1462 ergo
822 1390 968 1443 liabet
998 1390 1236 1442 zizania?
1254 1387 1341 1441 Ait
1368 1387 1617 1442 Salvator
1641 1406 1651 1439 :
1685 1389 1922 1441 inimicus
1944 1388 2094 1442 homo

510 1484 605 1536 hoc
634 1483 753 1553 fecit
785 1480 998 1550 (Matth.
1025 1479 1166 1548 xm);
1200 1480 1371 1549 ipsum
1390 1478 1584 1537 dicens
1615 1479 1887 1533 inimicum
1917 1479 2092 1532 homi-

510 1572 594 1627 nis
616 1572 905 1636 diabolum,
933 1571 1023 1638 qui
1055 1570 1359 1623 inimicitias
1386 1569 1524 1624 inter
1552 1568 1719 1623 Deum
1749 1578 1803 1623 et
1828 1570 2090 1635 homines,

511 1661 562 1715 id
604 1667 687 1714 est
730 1666 949 1727 peccata
991 1658 1246 1723 immittit,
1282 1657 1475 1726 quibus
1521 1664 1733 1726 separet
1779 1647 2023 1711 homines
2060 1672 2091 1711 a

2196 498 2370 543 ctatur
2395 490 2450 544 in
2478 497 2640 555 terra,
2669 489 2871 546 ctelesti
2916 488 3085 543 imbre
3120 487 3398 558 perfusum
3438 486 3708 541 radientur
3731 498 3777 543 et

2195 578 2389 633 crescit
2434 578 2489 633 in
2534 576 2785 634 cordibus
2827 579 3187 647 singulorum;
3229 585 3285 633 et
3326 577 3453 631 inde
3489 576 3777 633 efﬁciuntur

2191 668 2396 724 fructus
2424 669 2496 723 illi
2520 670 2611 737 qui
2640 669 2768 723 dicti
2807 677 2931 723 sunt
2958 669 3251 723 voluntatis
3279 670 3459 732 bonae,
3492 675 3546 723 et
3573 666 3772 737 trigesi~

2193 761 2287 826 mi,
2316 766 2371 814 et
2397 760 2738 827 sexagesimi,
2772 768 2826 813 et
2855 759 3155 813 centesimi.

2265 849 2424 904 XXI.
2460 850 2593 903 Item
2623 851 2685 902 de
2713 851 2930 903 lectione
2957 850 3269 920 evangelica.
3300 848 3476 901 Marc.
3504 862 3593 911 vn,
3622 845 3703 900 25.

2267 940 2785 1013 Ingressus,'inquit,
2820 940 3071 993 Dominus
3096 938 3253 993 Jesus
3276 942 3327 991 in
3357 939 3587 1003 domm,
3618 939 3769 992 nenti-

2195 1050 2311 1087 nem
2337 1032 2493 1087 voluit
2512 1034 2665 1096 scire,
2692 1040 2742 1084 et
2772 1048 2875 1085 non
2908 1032 3073 1099 potuit
3112 1029 3291 1091 latere,
3322 1038 3429 1083 etc.
3476 1029 3650 1081 Primo
3674 1029 3767 1082 hoc

2194 1123 2592 1179 consideremus
2611 1122 2735 1192 quid
2757 1129 2838 1177 est
2858 1123 2981 1187 hoc,
3007 1121 3197 1176 fratres
3222 1140 3235 1173 :
3265 1120 3569 1190 Ingressus,
3590 1121 3767 1186 inquit,

2200 1213 2447 1268 Dominus
2468 1215 2521 1267 in
2545 1214 2771 1278 domum,
2797 1214 3051 1265 neminem
3076 1212 3231 1264 roluit
3252 1213 3406 1274 scire,
3432 1222 3481 1263 et
3502 1226 3601 1263 non
3621 1208 3767 1279 potuit

2194 1304 2371 1362 latere.
2399 1306 2453 1362 Si
2483 1308 2626 1361 enim
2654 1306 2923 1360 neminem
2950 1304 3119 1371 voluit
3148 1304 3305 1370 scire,
3336 1319 3435 1355 cur
3464 1318 3570 1355 non
3609 1304 3764 1369 petunt
3852 1304 3861 1363 ι

2196 1397 2396 1451 latere?
2426 1395 2619 1465 Utique
2643 1395 2897 1449 Dominus
2916 1395 2993 1447 sic
3018 1410 3076 1448 se
3107 1410 3211 1447 non
3241 1392 3358 1446 vult
3388 1391 3687 1452 ostendere,
3716 1399 3763 1439 nt

2194 1495 2373 1541 tamen
2403 1487 2535 1541 nolit
2577 1501 2635 1539 se
2674 1486 2861 1540 latere;
2904 1483 3150 1553 Nunquid
3177 1483 3317 1537 enim
3350 1482 3476 1550 quia
3507 1494 3645 1533 nunc
3670 1494 3760 1531 non

2194 1575 2408 1632 videtur
2434 1576 2603 1631 oculis
2631 1576 2829 1631 nostris
2856 1574 3034 1628 divina
3064 1574 3383 1635 substantia,
3427 1571 3550 1624 ideo
3580 1569 3717 1622 abest
3740 1583 3761 1617 τι

2197 1668 2368 1732 nobis,
2402 1677 2494 1721 aut
2519 1682 2625 1721 non
2657 1666 2768 1720 vult
2806 1664 2994 1719 adesse
3024 1662 3210 1717 nobis?
3252 1659 3372 1730 Ipse
3417 1660 3563 1722 enim
3606 1658 3763 1710 luinen

508 1749 638 1803 υθο·
671 1737 788 1817 ίΡέθ
825 1761 1051 1831 ηειιξιίιιιθ
1080 1754 1134 1799 ει
1163 1747 1365 1815 Primos
1394 1745 1515 1800 mos
1544 1746 1811 1815 homines:
1842 1745 2009 1800 Adam
2038 1756 2095 1801 οι
2124 1760 2171 1820 Β
2195 1757 2431 1811 scientia:
2456 1771 2566 1810 sua:
2590 1756 2838 1809 omnibus
2865 1754 3112 1815 infundit,
3136 1746 3224 1821 qui
3251 1759 3335 1805 est
3361 1751 3546 1803 lumen
3576 1763 3763 1807 verum,

507 1836 695 1902 Evam,
736 1837 789 1890 in
831 1836 1079 1905 paradiso
1124 1836 1462 1899 constitutos,
1508 1834 1724 1890 lubricis
1769 1836 1994 1891 nexibus
2039 1837 2095 1891 in

506 1928 769 1997 serpentis
796 1925 967 1980 forma
996 1933 1250 1989 mutatus,
1280 1925 1525 1993 alloquiis
1548 1926 1701 1994 quasi
1726 1925 1958 1981 hominis
1987 1928 2094 1981 eir-

506 2016 795 2083 cumvenit,
824 2024 877 2069 et
905 2015 1064 2070 rudes
1092 2014 1300 2068 animas
1338 2001 1551 2069 incauta
1592 2014 1905 2069 credulitate
1934 2015 2095 2069 dece-

507 2110 602 2180 pit.
635 2108 752 2178 lpsc
780 2116 836 2162 et
858 2124 1001 2162 nunc
1028 2122 1219 2177 pravas
1243 2108 1595 2177 cogitationes
1625 2108 1882 2174 immittit,
1914 2124 2096 2164 secum

506 2216 721 2257 arsuras
751 2201 801 2253 in
826 2200 1026 2269 judicio
1055 2200 1270 2255 Christi.
1303 2199 1367 2252 Et
1398 2201 1518 2254 ideo
1540 2200 1961 2264 consideremus,
1991 2199 2099 2253 fra-

508 2301 639 2359 tres,
664 2291 869 2345 semina
900 2290 1111 2344 Domini
1139 2288 1265 2344 Jesu
1307 2288 1526 2355 Chzisti,
1558 2296 1613 2343 et
1649 2290 1853 2344 semina
1896 2291 2098 2344 inimici

507 2379 724 2435 diaboli.
770 2377 904 2433 Cum
944 2378 1087 2431 enim
1116 2378 1309 2432 viderit
1334 2379 1696 2447 unusquisque
1725 2378 1778 2431 in
1811 2378 1972 2434 corde
1998 2394 2097 2433 suo

507 2469 803 2525 ascendere
842 2470 1196 2537 cogitationes
1236 2477 1290 2523 et
1332 2468 1597 2523 desideria
1628 2470 1861 2538 pietatis,
1892 2472 2099 2524 miseri-

508 2560 725 2623 cordiae,
755 2559 1089 2623 humilitatis,
1122 2559 1401 2622 castitatis,
1432 2558 1720 2626 patientim,
1752 2567 2097 2613 cancrorum-

510 2664 615 2719 que
642 2649 924 2713 bonorum,
948 2649 1085 2702 sciat
1108 2648 1313 2701 semina
1343 2662 1460 2701 esse
1490 2646 1706 2702 Christi.
1730 2646 1785 2702 Si
1807 2663 1936 2702 vero
1956 2644 2098 2702 desi-

509 2738 718 2795 derium
747 2738 1015 2805 adulterii,
1039 2737 1425 2801 fornicationis,
1458 2738 1603 2802 furti,
1635 2737 1852 2803 fraudis,
1878 2746 2099 2791 (cetero-

511 2843 737 2896 rumque
768 2828 1051 2894 malorum,
1082 2827 1343 2893 intelligat
1370 2827 1575 2880 semina
1612 2842 1731 2882 esse
1772 2827 1970 2881 diaboli
2034 2826 2101 2881 Et

514 2922 635 2975 ideo
662 2927 815 2989 paret
843 2935 939 2973 cor
964 2935 1119 2971 suum
1150 2918 1280 2984 Deo,
1309 2926 1363 2971 et
1390 2933 1497 2971 non
1527 2918 1760 2982 diabolo,
1792 2919 1931 2972 sicut
1971 2917 2101 2972 dicit

512 3010 777 3079 propheta
806 3008 859 3061 in
891 3005 1115 3061 Psalmis
1146 3025 1157 3058 :
1191 3008 1445 3059 Paratum
1475 3024 1562 3059 cor
1590 3014 1779 3074 meum,
1810 3005 1970 3072 Deus,
2001 3024 2097 3076 pa-

2196 1846 2499 1901 illuminans
2526 1859 2739 1898 omnem
2765 1843 3037 1897 hominem
3059 1841 3365 1894 venientem
3388 1840 3440 1891 in
3465 1839 3607 1891 hunc
3627 1853 3763 1889 nun:-

2197 1936 2343 1990 dum.
2378 1935 2651 2002 Ingressus
2679 1942 2762 1988 est
2806 1932 3045 1996 domum,
3093 1930 3186 1984 sed
3226 1944 3327 1983 nec
3360 1930 3415 1981 in
3446 1928 3661 1997 publico
3687 1927 3762 1978 de-

2196 2026 2324 2093 fuit;
2355 2035 2471 2081 erat
2492 2027 2543 2080 in
2566 2039 2813 2096 corpore,
2838 2024 2932 2078 sed
2956 2038 3063 2077 non
3089 2021 3275 2075 deerat
3303 2020 3478 2084 caelo;
3513 2018 3767 2071 videbatur

2198 2299 2263 2354 de
2278 2312 2383 2366 quo
2399 2296 2634 2366 loquitur
2648 2296 2700 2349 in
2718 2294 2924 2365 psalmo
2946 2309 3039 2362 per
3053 2292 3374 2361 prophetam
3389 2289 3560 2342 David
3576 2287 3763 2341 dicens:

2202 2388 2301 2453 Qui
2327 2386 2554 2441 extendit
2580 2390 2760 2438 cretum
2787 2393 2840 2436 ut
2866 2383 3067 2453 pellem,
3093 2383 3176 2451 qui
3202 2381 3365 2449 tetigit
3388 2381 3439 2430 in
3466 2378 3615 2447 aquis
3639 2392 3765 2442 εκμε-

2200 2480 2339 2533 riora
2360 2479 2501 2548 ejus;
2523 2477 2610 2548 qui
2628 2477 2771 2545 ponit
2792 2473 2948 2527 nubes
2977 2488 3238 2526 ascensum
3262 2487 3432 2533 suum,
3456 2471 3542 2537 qui
3565 2467 3763 2518 ambulat

2200 2585 2351 2636 super
2370 2583 2564 2636 pennas
2585 2575 2865 2626 ventorum,
2883 2564 2969 2632 qui
2985 2564 3109 2631 facit
3129 2562 3338 2630 angelos
3356 2576 3474 2611 suos
3493 2559 3714 2624 spiritus,
3728 2566 3763 2606 et

2203 2659 2357 2728 777
2391 2659 2653 2710 ministros
2680 2672 2799 2709 suos
2830 2657 2996 2724 ignem
3025 2662 3249 2705 urentem
3277 2651 3451 2718 (I’sal.
3480 2651 3613 2715 ctu).
3644 2648 3763 2713 Ergo

2202 2749 2316 2817 ipse
2345 2754 2427 2800 est
2454 2745 2545 2813 qui
2574 2760 2694 2799 cum
2732 2742 2890 2796 Patre
2919 2742 3156 2795 condidit
3184 2740 3461 2793 munlum.
3505 2738 3671 2799 Venit,
3698 2738 3761 2787 in~

2201 2836 2337 2907 quit,
2367 2835 2433 2889 ad
2462 2850 2580 2888 eum
2627 2833 2862 2903 quwdam
2904 2832 3087 2884 mulier
3134 2828 3559 2899 Symp/uenisse,
3606 2842 3763 2896 genere

2202 2926 2427 2997 gentilis,
2458 2934 2507 2978 et
2536 2924 2751 2994 rogabat
2790 2939 2904 2975 eum
2942 2930 2996 2973 ut
3040 2921 3350 2973 da'monium
3379 2921 3587 2988 ejicere!
3615 2936 3643 2969 τι
3669 2918 3762 2984 ﬁlia

2201 3018 2312 3087 ejus
2343 3014 2536 3086 (Marc.
2560 3030 2651 3078 vn,
2687 3012 2800 3081 25).
2847 3009 2969 3064 Haec
2998 3010 3205 3069 mulier,
3238 3018 3297 3061 ut
3326 3008 3620 3061 secundum
3650 3006 3760 3059 alic-

514 3110 686 3154 ratum
714 3117 800 3181 cor
827 3115 1026 3163 meum;
1062 3100 1305 3165 cantabo,
1343 3106 1391 3150 et
1438 3097 1661 3167 psallam
1704 3099 1791 3150 tibi
1828 3098 1881 3149 in
1933 3098 2096 3167 gloria

2203 3107 2405 3175 goriam
2429 3106 2688 3168 dicamus,
2714 3112 2769 3158 et
2808 3117 2959 3157 error
2988 3110 3106 3155 erat
3145 3101 3379 3169 gentilis,
3403 3109 3458 3153 et
3489 3098 3763 3167 ignorantia

516 3204 602 3247 tua
646 3174 825 3263 (Psal.
870 3191 1025 3257 LVI);
1070 3196 1229 3258 prout
1280 3182 1492 3257 suscepi
1528 3189 1729 3242 semina
1755 3186 2095 3256 justiﬁcatio-

514 3299 642 3343 num
672 3291 903 3348 tuarum,
934 3281 1027 3335 tibi
1056 3280 1222 3335 oll'ero
1251 3278 1423 3333 laudis
1451 3278 1653 3333 fructus
1682 3286 1736 3333 et
1766 3276 2101 3333 benedictio-

513 3377 617 3429 nis.
646 3374 798 3437 Ecce,
833 3374 1022 3442 inquit,
1054 3373 1178 3425 exiit
1200 3372 1459 3424 seminans
1482 3372 1771 3435 seminare;
1801 3378 1849 3424 et
1879 3371 2000 3423 dum
2018 3388 2101 3424 se-

510 3468 694 3531 mittat,
725 3464 867 3517 aliud
888 3463 1066 3516 cecidit
1082 3464 1236 3533 juxta
1260 3478 1411 3526 riam,
1436 3460 1581 3513 aliud
1611 3463 1666 3514 in
1694 3462 1931 3529 petrosis,
1955 3461 2099 3513 aliud

511 3557 564 3610 in
593 3555 789 3623 spinis,
830 3553 974 3606 aliud
1012 3554 1067 3605 in
1109 3562 1299 3605 terram
1341 3550 1546 3604 bonam.
1596 3549 1739 3603 Illud
1776 3550 1912 3619 quod
1944 3551 2101 3619 juxta

511 3647 667 3711 viam,
699 3646 906 3697 reniunt
936 3642 1184 3709 volucres,
1215 3652 1264 3695 et
1284 3644 1526 3712 auferunt
1546 3641 1697 3693 illud.
1727 3640 1829 3706 Qui
1855 3657 1963 3695 non
1983 3657 2099 3703 am-

512 3735 659 3791 bulat
687 3734 740 3787 in
770 3734 875 3797 via,
905 3747 1023 3802 quin
1050 3740 1132 3786 est
1156 3730 1419 3797 Christus,
1445 3728 1574 3800 'ipse
1602 3738 1755 3785 extra
1780 3730 1921 3784 viam
1949 3732 2097 3801 posi-

513 3833 599 3881 tus
626 3838 734 3879 non
762 3822 962 3893 poterit
1004 3822 1060 3876 in
1105 3835 1166 3875 se
1208 3820 1408 3875 habere
1446 3834 1631 3874 semen
1670 3820 1819 3875 verbi
1846 3819 1974 3887 Dei;
2003 3821 2099 3875 sed

513 3916 720 3985 rapitur
745 3928 776 3967 a
805 3913 1131 3980 volucribus,
1161 3911 1216 3965 id
1243 3920 1325 3965 est
1354 3911 1421 3965 ab
1444 3910 1686 3966 erraticis
1709 3912 1870 3982 776
1896 3911 2097 3981 spiriti-

513 4008 634 4062 bus.
673 4004 776 4071 Qui
813 4019 942 4059 vero
979 4012 1249 4073 petrosam
1281 4002 1442 4057 habet
1479 4011 1735 4067 mentem,
1763 4004 1815 4057 id
1843 4012 1927 4059 est
1952 4004 2099 4059 duri-

513 4097 662 4161 tiam,
684 4094 907 4165 perﬁdia
927 4102 1222 4160 oneratam,
1246 4093 1453 4149 radices
1477 4094 1532 4148 in
1559 4109 1617 4148 se
1646 4110 1752 4150 non
1784 4103 1931 4151 tenet
1949 4097 2099 4151 verbi

514 4185 638 4249 Dei;
662 4182 759 4237 sed
798 4183 905 4237 cito
943 4182 1158 4247 arescit,
1181 4182 1313 4250 quia
1350 4181 1553 4236 fruetus
1580 4181 1798 4237 stabiles
1824 4183 1893 4238 de
1919 4184 2098 4239 cordis

513 4272 704 4327 intimo
733 4287 839 4326 non
864 4270 1127 4340 producit.
1154 4270 1254 4336 Qui
1276 4280 1456 4325 autem
1485 4272 1539 4325 in
1567 4273 1753 4342 spinis,
1785 4284 2099 4343 angustatur

513 4365 790 4435 spinarum
820 4363 1103 4430 densitate,
1133 4363 1236 4417 hoc
1265 4371 1348 4418 est
1372 4363 1572 4418 aculeis
1594 4366 1979 4433 cogitationum
2008 4382 2100 4422 sa:-

2204 3199 2442 3266 antiqua,
2473 3212 2591 3265 qua:
2613 3204 2871 3263 genuerat
2902 3195 3062 3246 tiliam
3086 3193 3313 3245 tlzemoni
3337 3193 3648 3253 obnoxiam,
3676 3190 3763 3240 mi-

2200 3301 2376 3341 seram
2404 3294 2459 3339 et
2488 3283 2750 3353 infirmam
2801 3282 3130 3352 progeniem,
3162 3296 3279 3349 qua:
3312 3296 3418 3335 non
3451 3281 3674 3333 habebat
3700 3280 3762 3330 vi-

2201 3378 2376 3441 rilem,
2406 3377 2459 3431 id
2487 3385 2569 3430 cst
2595 3376 2785 3429 fortem
2818 3376 2868 3427 in
2901 3373 3001 3427 ﬁde
3046 3388 3281 3436 sensum,
3324 3370 3421 3425 sed
3469 3372 3521 3424 in
3565 3370 3763 3440 pertidn

2202 3468 2421 3523 ﬂuxum.
2472 3467 2811 3522 Concurrens
2858 3467 2970 3519 bmc
3010 3465 3202 3518 mulier
3243 3464 3308 3516 ad
3353 3464 3634 3516 Dominum
3660 3478 3763 3515 cum

2202 3564 2417 3625 rogaret
2446 3572 2604 3620 eum,
2642 3556 2717 3609 ait
2763 3555 3011 3609 Salvator
3043 3571 3054 3605 :
3090 3551 3213 3607 Non
3257 3562 3332 3605 cst
3379 3551 3565 3606 bonum
3612 3551 3765 3603 tollere

2200 3666 2386 3719 panem
2412 3649 2640 3718 ﬁliorum
2666 3656 2716 3700 et
2744 3646 2870 3698 dare
2910 3644 3142 3697 canibus.
3175 3645 3241 3695 At
3282 3642 3374 3695 illa
3414 3641 3696 3711 respondit,
3725 3650 3765 3691 et

2202 3739 2335 3793 dixit
2359 3754 2377 3791 :
2408 3737 2604 3799 Etiam,
2636 3734 2895 3798 Domine;
2925 3751 3047 3787 nam
3080 3742 3132 3787 et
3156 3733 3326 3785 catelli
3365 3734 3524 3784 edunt
3550 3732 3611 3783 de
3637 3728 3764 3782 micis

2200 3843 2314 3895 quae
2342 3826 2534 3880 cadunt
2556 3826 2619 3879 de
2646 3840 2825 3879 mensa
2854 3823 3051 3877 domini
3078 3825 3157 3875 sui
3180 3821 3371 3894 (Marc.
3402 3824 3516 3891 vn).
3548 3819 3761 3875 Similem

2201 3935 2260 3975 se
2288 3918 2495 3973 catellis
2522 3917 2589 3971 ad
2616 3930 2857 3971 mensam
2877 3914 3215 3970 dominorum
3237 3913 3616 3983 suspirantium
3635 3926 3763 3965 cout-

2201 4008 2431 4079 paravit.
2454 4008 2571 4062 Non
2599 4021 2659 4061 se
2688 4014 2893 4060 tantum
2919 4003 3138 4060 domino
3160 4004 3479 4068 humiliavit,
3506 4002 3599 4057 sed
3619 4000 3759 4055 etiam

2202 4100 2270 4153 ad
2298 4114 2481 4153 servos
2509 4105 2564 4151 et
2591 4094 2729 4151 ﬁlios
2758 4094 2983 4160 domini,
3031 4110 3151 4150 sese
3194 4094 3385 4149 catulis
3432 4092 3758 4163 comparavit.

2201 4187 2268 4242 Et
2296 4188 2550 4242 Dominus
2581 4185 2647 4240 ad
2675 4200 2795 4240 eam
2824 4204 2837 4238 :
2880 4185 3041 4251 Vade,
3073 4184 3263 4255 inquit,
3294 4194 3505 4254 propter
3525 4184 3654 4235 hunc
3670 4197 3760 4234 ser-

2200 4294 2403 4332 monem
2428 4277 2589 4331 exibit
2615 4277 2927 4331 daemonium
2954 4276 3017 4330 de
3045 4276 3159 4345 ﬁlia
3188 4286 3293 4327 tua.
3323 4272 3484 4327 Vides
3513 4286 3636 4339 ergo
3656 4271 3758 4340 quia

2200 4370 2247 4426 si
2274 4370 2501 4439 quisque
2529 4368 2595 4423 de
2620 4367 2939 4436 gentilitatis.
2952 4380 3137 4421 errore
3164 4364 3370 4419 venerit
3399 4363 3467 4417 ad
3494 4361 3756 4418 Christum.

513 4454 798 4523 cularium,
822 4468 940 4523 qua:
959 4453 1263 4523 deprimunt
1282 4455 1525 4521 verbum,
1550 4463 1606 4509 et
1625 4455 1762 4511 ellici
1790 4472 1897 4513 non
1921 4467 2100 4528 potest
2128 4475 2181 4535 ι)
2204 4470 2259 4517 et
2278 4475 2401 4515 eum
2431 4457 2708 4527 agnoverit
2732 4456 3016 4511 Dominum
3045 4462 3207 4524 atque
3228 4452 3582 4517 Saivatorem,
3607 4458 3657 4504 et
3675 4448 3755 4501 sibi

512 4544 862 4601 fructiferum.
896 4542 963 4596 At
989 4558 1118 4597 vero
1144 4543 1288 4611 quod
1318 4543 1369 4597 in
1402 4552 1600 4598 terram
1646 4544 1864 4611 bonam,
1895 4549 2097 4602 exube-

513 4642 601 4692 rat
642 4632 921 4697 fructibus,
954 4640 1009 4687 et
1045 4633 1238 4687 crescit
1279 4633 1333 4685 in
1374 4633 1604 4702 copiam,
1636 4642 1695 4687 ut
1722 4633 1929 4700 afferat,
1959 4631 2100 4691 sicut

515 4726 771 4781 Dominus
799 4725 892 4788 ait,
936 4722 1134 4777 fructus
1162 4724 1492 4791 trigesimos,
1524 4732 1581 4778 et
1622 4726 2008 4792 sexagesimos,
2042 4734 2099 4781 et

514 4815 870 4879 centesimas;
909 4811 1111 4867 fructus
1155 4813 1290 4881 Spei,
1322 4811 1460 4880 ﬁdei,
1494 4814 1762 4880 caritatis;
1788 4815 1991 4869 fructus
2019 4818 2097 4871 vi-

516 4905 752 4970 duitatis,
801 4903 1135 4971 virginitatis,
1184 4904 1442 4973 martyrii.
1489 4903 1609 4959 lstis
1655 4904 1917 4961 fructibus
1962 4906 2098 4964 bene

515 5000 712 5057 crescit
739 4997 994 5061 Ecclesia,
1019 5003 1075 5050 et
1098 5009 1221 5050 suas
1247 5011 1449 5051 messes
1476 4996 1632 5066 digne
1651 4997 1958 5053 cmlestibus
1982 5000 2099 5055 hor-

516 5093 624 5147 reis
653 5098 825 5161 parat,
850 5086 1298 5157 quemadmodum
1331 5088 1651 5156 generaliter
1682 5090 1879 5144 dicitur
1897 5090 1964 5145 de
1985 5107 2103 5145 om-

518 5184 673 5238 nibus
696 5179 995 5251 prophetis,
1018 5178 1101 5233 vel
1115 5179 1393 5248 apostolis,
1415 5179 1499 5233 vel
1522 5178 1745 5234 diversis
1764 5180 2095 5237 doctoribus.

509 5273 672 5341 ,Uude
700 5276 837 5327 bene
867 5274 942 5327 ait
970 5272 1257 5327 Dominus:
1289 5272 1389 5338 Qui
1412 5274 1664 5341 loquitur,
1694 5276 1913 5329 verbum
1941 5278 2095 5331 semi-

514 5376 631 5423 nat.
652 5366 720 5421 Et
741 5366 813 5420 ita
836 5373 940 5434 est,
964 5366 1216 5439 quoniam
1245 5367 1337 5435 qui
1359 5367 1593 5435 loquitur
1625 5369 1867 5436 verbum,
1895 5372 2100 5439 spargit

515 5458 728 5528 quidem
758 5456 920 5510 verba
942 5464 1001 5509 ut
1018 5455 1241 5519 semina,
1266 5457 1360 5511 sed
1388 5457 1529 5513 Deus
1552 5459 1940 5516 incrementum
1961 5476 2098 5530 pra»

513 5555 643 5602 stat.
686 5545 818 5600 Nam
854 5554 911 5600 et
953 5546 1227 5615 apostolus
1273 5544 1466 5601 Paulus
1504 5546 1716 5601 dicebat
1752 5567 1766 5603 :
1799 5547 1914 5604 Nos
1960 5552 2096 5605 vobis

515 5636 804 5705 splritualia
824 5636 1181 5689 seminavimus
1211 5634 1263 5707 (l
1292 5634 1409 5694 Cor.
1434 5634 1531 5709 ιι).
1555 5635 1818 5704 Quoniam
1847 5654 1975 5711 ergo
2004 5643 2092 5710 qui

2202 4552 2463 4625 proderit,
2494 4556 2557 4609 et~
2577 4548 2698 4603 ﬁliis
2731 4549 2841 4603 suis
2882 4548 3109 4603 salutem
3133 4545 3382 4616 acquirit,
3414 4551 3476 4598 ut
3498 4543 3564 4597 de
3583 4542 3757 4596 danno-

2204 4660 2329 4698 num
2357 4648 2622 4713 potestate
2648 4639 2902 4710 exempti,
2933 4636 3265 4693 liberationis
3292 4636 3569 4706 praemium
3592 4649 3755 4689 consc-

2201 4746 2453 4808 quantur.
2485 4736 2687 4791 Deinde
2715 4735 2999 4790 recitatum
3026 4738 3108 4787 est
3134 4730 3281 4801 quod
3305 4730 3515 4786 cuidam
3542 4727 3693 4785 surdo
3707 4734 3749 4780 cl

2202 4837 2351 4884 muto
2384 4827 2639 4883 Dominus
2665 4825 2861 4894 digitos
2891 4825 2944 4878 in
2977 4838 3135 4878 aures
3163 4822 3387 4887 miserit,
3420 4830 3476 4876 et
3501 4827 3650 4891 sputu
3674 4833 3754 4872 Su“

2202 4921 2437 4988 linguam
2477 4918 2592 4986 ejus
2632 4917 2888 4985 tetigerit,
2917 4924 3079 4983 atque
3107 4913 3363 4968 continuo
3391 4912 3594 4967 locutus
3622 4908 3754 4962 fuerit

2202 5009 2548 5077 auditumque
2570 5007 2851 5077 receperit.
2869 5005 3010 5059 Nihil
3025 5012 3107 5059 est
3128 5002 3457 5074 impossibile
3480 5000 3585 5056 Deo
3600 4998 3750 5070 (Rom.

2202 5103 2284 5171 x),
2307 5099 2563 5170 quidquid
2592 5098 2832 5166 tetigerit
2857 5097 3016 5162 valet,
3040 5093 3299 5166 quidquid
3320 5094 3587 5163 aspexerit
3607 5090 3750 5147 vivet;

2203 5192 2371 5248 sensit
2399 5191 2599 5259 lingua,
2624 5195 2908 5266 senserunt
2932 5201 3086 5241 aures
3107 5184 3428 5241 beneﬁcium
3451 5180 3649 5236 Domini
3666 5178 3749 5241 sui,

2201 5287 2490 5339 caruerunt
2532 5278 2948 5349 impedimentis,
2979 5276 3536 5344 inertiznacceperunt
3561 5284 3677 5325 usus
3737 5305 3748 5317 .

2202 5505 2215 5517 ο
2300 5505 2311 5517 ι
2392 5504 2404 5517 ο
2487 5506 2500 5517 ο
2585 5501 2597 5513 ι
2679 5501 2693 5514 ο
2771 5501 2783 5513 ο
2865 5501 2879 5513 ο
2961 5500 2974 5514 ο
3053 5498 3067 5511 ο
3149 5500 3163 5513 ο
3242 5496 3257 5511 ο
3343 5495 3360 5511 ο
3447 5494 3464 5510 ο
3553 5494 3567 5508 ο
3650 5492 3661 5504 ⁸
3738 5489 3747 5500 ⁸

2205 5686 2218 5698 ο
2304 5689 2309 5694 -
2390 5685 2403 5699 ’
2484 5683 2496 5697 ο
2578 5684 2589 5695 ι
2671 5682 2682 5695 α
2766 5681 2779 5694 ι
2860 5682 2872 5695 ο
2955 5681 2967 5694 ο
3048 5682 3061 5696 ο
3143 5680 3157 5695 ο
3240 5681 3252 5693 ο
3344 5681 3356 5695 ι
3452 5681 3465 5696 ο
3553 5681 3564 5692 σ
3648 5676 3662 5690 I
3736 5671 3747 5684 ³
