3912 6226
27 341 133 395 829

24 451 292 521 epbetha,
319 450 429 505 hoc
450 456 533 504 est
558 445 856 515 adaperire,
888 460 1013 500 cum
1038 445 1262 514 imperio
1283 442 1494 498 Domini
1516 441 1640 495 sub-
1667 437 1715 495 A
1746 480 1761 496 .

26 552 217 597 secuta
260 549 397 595 sunt
425 535 708 600 beneficia,
740 536 1009 592 vinculum
1038 535 1231 605 lingua:
1257 533 1491 589 solutum
1520 541 1629 597 est;

24 636 90 690 de
135 643 308 703 sputo
356 648 457 687 suo
508 632 683 699 tetigit
727 631 963 699 linguam
1006 629 1124 697 ejus
1164 647 1177 681 :
1220 629 1288 683 de
1333 625 1633 681 substantia

26 725 205 778 carnis
247 737 371 776 sua:
416 721 640 789 largitus
666 726 750 773 est
790 719 1105 782 sanitatem;
1132 717 1200 771 de
1227 717 1405 784 digitis
1440 716 1633 769 iterum

26 830 290 868 manuum
325 828 546 868 suarum
571 812 789 865 auribus
818 808 1010 863 infudit
1039 808 1299 863 auditum.
1330 806 1434 861 Per
1461 820 1632 859 mem-

26 906 119 957 bra
150 904 333 957 virtus
365 902 691 972 operabatur
718 899 1040 953 Divinitatis.
1066 897 1185 967 Ipse
1205 905 1262 959 et
1283 913 1423 952 nunc
1443 896 1635 950 surdos

26 995 152 1047 facit
194 994 417 1056 audire,
463 993 516 1045 id
557 1000 639 1046 est
686 990 928 1044 infideles
965 990 1213 1053 credere;
1248 988 1371 1056 quia
1412 988 1541 1057 ﬁdes
1570 997 1636 1040 ea;

30 1087 248 1150 auditu;
283 1086 503 1138 auditus
536 1093 705 1137 autem
744 1099 837 1153 per
862 1080 1066 1135 verbum
1094 1080 1226 1143 Dei;
1260 1088 1425 1133 mutos
1455 1079 1591 1147 loqui
1615 1094 1633 1133 :
1679 1082 1691 1101 ‘

28 1180 117 1245 qui
148 1177 479 1231 nesciebant
504 1165 647 1244 loqui
672 1175 893 1228 verbum
916 1171 1158 1226 veritatis
1178 1170 1341 1225 efficit
1366 1169 1417 1223 in
1448 1166 1635 1223 Eccle-

28 1270 104 1322 sia
132 1268 402 1322 doctores
432 1276 593 1333 atque
624 1265 929 1333 magistros,
961 1262 1339 1331 pnedieatores
1368 1259 1630 1325 veritatis,

29 1368 85 1411 ut
113 1359 280 1411 etiam
324 1357 590 1411 doctrinae
618 1356 842 1409 aliorutn
872 1359 1158 1424 penetrent
1184 1367 1362 1415 aures,
1394 1358 1450 1405 et
1478 1358 1631 1420 pate—

30 1450 229 1504 faciant
271 1447 739 1517 transpungendo,
772 1446 980 1513 linguas
1012 1444 1175 1498 etiam
1217 1442 1521 1496 auditorum
1550 1440 1632 1492 fa-

30 1542 172 1596 ciant
210 1538 476 1600 disertas,
528 1550 823 1605 omnesque
868 1536 924 1589 in
973 1534 1177 1587 unitate
1224 1532 1345 1586 fidei
1393 1532 1632 1585 roborati

28 1631 307 1685 exsultent
350 1642 569 1698 semper
607 1629 658 1681 in
707 1628 823 1696 ipso
868 1625 1097 1679 Domino
1126 1622 1251 1677 Jesu
1281 1620 1519 1685 Christo,
1548 1620 1631 1674 cui

29 1730 109 1774 est
134 1720 313 1789 gloria
347 1727 406 1773 et
434 1718 716 1787 imperium
744 1716 798 1769 in
828 1714 1040 1770 smcula.
1082 1712 1272 1766 Amen.

902 331 987 387 DE
1026 328 1381 389 CAPITULIS
1424 322 1968 382 EVANGELIORUM
2012 326 2514 386 EXPOSITIONES.

3217 332 3326 391 830

1840 481 1854 495 .
1927 452 2254 512 acceperunt
2326 482 2340 498 .
2421 482 2434 497 .
2514 484 2528 499 .
2608 484 2621 499 .
2701 484 2715 500 .
2795 485 2809 501 .
2888 488 2903 503 .
2984 489 2998 502 .
3073 448 3163 505 hic
3213 449 3323 519 p'ri-

1735 548 1854 588 mus
1882 534 2090 602 accepit
2164 574 2177 587 .
2256 574 2270 588 .
2341 575 2354 588 .
2434 574 2448 588 .
2527 574 2541 587 .
2619 537 2780 609 779
2810 537 3015 605 Simon,
3044 541 3134 609 qui
3160 556 3323 595 voca-

1735 624 2263 691 turPetrus;fIlio
2349 666 2362 679 .
2456 667 2470 681 .
2562 666 2576 681 .
2666 667 2680 682 .
2770 669 2784 683 .
2862 670 2878 684 .
2966 669 2980 683 .
3072 670 3087 684 .
3176 671 3192 686 .
3267 640 3322 686 et

1734 706 1896 769 Israel
1948 717 2167 771 nomina
2218 717 2437 774 dinume
2523 760 2538 775 .
2628 759 2643 774 .
2734 760 2751 774 .
2830 760 2845 775 .
2923 760 2938 777 .
3017 762 3033 777 .
3110 722 3323 794 Moyses

1733 823 1844 863 non
1889 808 2025 863 dixit
2065 811 2268 880 primus
2301 812 2495 868 haben.
2573 854 2589 868 .
2669 855 2683 869 .
2764 855 2780 871 .
2858 855 2873 871 .
2942 828 2966 873 ‘.
3042 817 3168 887 plici
3202 832 3319 872 ser-

1734 901 2126 957 monehab‘en.
2206 941 2220 957 .
2300 941 2314 957 .
2395 944 2409 959 .
2490 944 2504 959 .
2585 946 2600 960 .
2675 906 2862 963 Simon
2924 947 2939 963 .
3021 949 3035 963 .
3114 949 3128 963 .
3208 948 3223 962 .
3301 950 3315 962 .

1734 1005 1801 1045 co
1830 1007 2019 1047 omnes
2052 1009 2193 1063 nunc
2221 1003 2397 1049 autem
2429 1011 2675 1065 magnam
2753 1038 2768 1053 .
2848 1038 2862 1052 .
2940 1037 2955 1052 .
3037 1036 3049 1052 .
3130 1039 3145 1053 .
3220 1014 3319 1053 en-

1734 1081 1885 1148 tiam,
1917 1090 1973 1137 et
1999 1083 2320 1153 singularem
2362 1085 2625 1141 honorem
2663 1088 2907 1157 praabens
2939 1090 3100 1144 beato
3136 1087 3318 1152 Petro,

1736 1170 2073 1239 Evangelista
2113 1174 2242 1229 dicit
2282 1193 2294 1227 :
2328 1173 2537 1231 Primus
2582 1177 2788 1244 Simon,
2818 1180 2910 1247 qui
2950 1186 3177 1234 vocatur
3214 1179 3318 1234 Pe-

1735 1271 1869 1328 trus,
1911 1272 1967 1317 et
2003 1262 2194 1321 Petrus
2242 1266 2625 1335 interpretatur
2656 1270 3017 1339 superindutus
3056 1284 3218 1339 super
3253 1285 3317 1325 ea

1736 1368 1854 1423 qua:
1883 1354 1937 1407 in
1967 1355 2081 1423 lege
2111 1364 2191 1411 est
2220 1358 2425 1426 pnritas
2454 1361 2657 1427 gratim,
2688 1370 2911 1431 propter
2952 1362 3097 1431 quod
3136 1370 3320 1432 pastor

1736 1442 1987 1499 Ecclesize
2022 1446 2139 1511 fuit,
2172 1449 2389 1519 insuper
2424 1458 2481 1505 et
2519 1461 2704 1519 pastor
2730 1454 2925 1521 gregis.
2958 1454 3124 1510 Pasce
3153 1455 3315 1519 enim,

1737 1534 1812 1587 illi
1841 1535 1915 1588 ait
1941 1534 2113 1597 Jesus,
2143 1553 2271 1597 oves
2292 1554 2437 1594 meas
2459 1539 2635 1610 (Joan.
2662 1542 2794 1611 xxx).
2819 1543 3117 1614 Discipulus
3138 1545 3315 1612 igitur,

1736 1632 1792 1677 et
1814 1622 2067 1679 Ecclesiae
2098 1625 2527 1693 fundamentum,
2572 1640 2626 1685 et
2672 1634 2971 1702 apostolus,
3011 1636 3229 1705 insuper
3264 1645 3320 1689 et

1735 1721 1940 1784 martyr
1985 1716 2162 1784 capite
2207 1717 2458 1792 deorsum
2496 1719 2687 1776 Romae
2732 1731 2815 1778 est
2857 1724 3175 1791 cruciﬁxus;
3218 1741 3319 1795 pro
3398 1716 3423 1745 ³·

28 1831 187 1901 ⁷⁷8
227 1828 435 1883 χχιι,
479 1828 613 1882 “em
649 1827 711 1880 de
748 1822 1269 1901 (“Egonagvangeui
1301 1820 1471 1875 Marc.
1513 1836 1623 1886 vm’
1662 1791 1701 1849 Β
1730 1804 1924 1870 quibus
1953 1804 2034 1901 his
2062 1807 2310 1901 omnibus
2329 1807 2611 1901 dupliciter
2630 1821 2917 1868 coronatus
2938 1823 3039 1867 est.
3065 1791 3318 1885 PrOpter-

606 1913 636 1948 a
666 1911 797 1948 vers.
826 1895 848 1946 l
879 1894 948 1946 ad
973 1891 1062 1945 26.

94 1990 311 2045 Dictum
334 1997 421 2045 est
450 1987 628 2052 hodie,
652 1986 914 2041 recitante
940 1992 1127 2039 sancto
1153 1982 1461 2049 Evangelio,
1486 1983 1631 2052 quod

37 2080 299 2135 Dominus
327 2078 488 2133 Jesus
515 2076 760 2132 Christus
786 2074 855 2129 de
882 2081 1089 2142 septem
1119 2073 1347 2143 panibus
1374 2072 1629 2143 populum

30 2172 357 2227 saturaverit
403 2179 460 2225 et
507 2169 575 2225 de
616 2168 801 2239 paucis
845 2164 1100 2236 piscibus,
1142 2165 1488 2233 eollectzeque
1525 2164 1632 2218 sint

33 2266 198 2334 plen-.e
248 2264 680 2332 fragmentorum
727 2267 933 2328 septem
974 2264 1188 2327 spartae.
1234 2255 1350 2310 Rex
1396 2256 1632 2310 cmlestis

34 2354 290 2409 Dominus
322 2362 511 2407 noster
536 2350 691 2405 Jesus
710 2347 956 2404 Christus
977 2355 1033 2401 et
1052 2345 1119 2400 de
1146 2354 1288 2399 terra
1319 2353 1373 2398 et
1400 2345 1468 2399 de
1497 2347 1630 2399 mari

34 2445 199 2516 pascit
245 2442 525 2514 populum.
554 2454 727 2495 suum.
778 2437 997 2507 Septem
1045 2435 1274 2504 panibus
1320 2442 1632 2488 saturantur
1720 2434 1748 2489 ’.
1842 2477 1854 2489 .
1950 2480 1960 2491 .

35 2551 237 2590 omnes.
269 2534 455 2600 Quare
494 2540 762 2601 putamus,
795 2530 896 2585 istc
924 2528 1155 2597 scriptus
1183 2527 1251 2581 sit
1282 2542 1536 2581 numerus
1575 2526 1628 2579 in

36 2627 296 2697 panibus?
345 2624 593 2678 Arbitror
630 2621 775 2690 quod
813 2621 956 2674 dono
984 2618 1169 2686 gratia:
1195 2616 1392 2670 Christi
1423 2626 1629 2686 scptem

37 2725 154 2770 sunt
190 2715 453 2770 Ecclesia:
499 2714 822 2777 constitutas,
855 2726 951 2779 per
991 2725 1218 2779 quarum
1256 2708 1628 2779 septiformem

38 2820 321 2859 numerum
366 2818 555 2858 omnes
599 2801 783 2871 populi
835 2801 889 2853 in
926 2797 1141 2853 Christo
1182 2808 1501 2869 pascuntur;
1534 2799 1629 2853 scd

39 2904 87 2947 et
114 2905 321 2965 septem
343 2900 541 2963 sporta:
571 2894 856 2961 supersunt
878 2891 1067 2959 plen-.13,
1087 2891 1210 2958 quia
1234 2905 1503 2957 nunquam
1527 2889 1629 2945 Ec-

41 2986 317 3040 clesiarum
346 2985 605 3040 minuitur
626 2983 817 3050 gratia,
846 2980 942 3035 sed
967 2995 1177 3050 semper
1206 2979 1435 3049 Spiritus
1457 2981 1627 3035 sancti

43 3075 279 3144 largitate
319 3076 679 3131 cumulantur.
721 3071 847 3128 [hec
882 3072 1208 3141 septiformis
1237 3070 1473 3127 Ecclesia
1503 3088 1626 3141 per-

44 3167 231 3221 fectum
261 3169 317 3223 in
347 3184 406 3223 se
433 3181 713 3222 numerum
742 3171 909 3230 tenet,
934 3165 1089 3217 sicuti
1119 3173 1173 3218 et
1201 3172 1405 3231 septem
1430 3163 1545 3216 dies
1575 3162 1627 3215 in

46 3259 219 3312 mundi
267 3259 605 3328 perfectione
650 3256 1007 3326 complentur,
1042 3264 1099 3309 et
1131 3264 1338 3325 septem
1366 3269 1629 3308 annorqu

52 3349 207 3402 millia
239 3350 309 3404 ad
340 3350 506 3418 ipsius
546 3348 728 3401 mundi
756 3346 1275 3402 consummationem
1303 3345 1473 3414 posita
1503 3359 1629 3413 pcr—

50 3437 309 3492 hibentur.
337 3438 472 3492 Nam
500 3445 554 3491 et
578 3437 629 3489 in
654 3434 977 3506 Apocalypsi
1000 3426 1152 3505 (Cap.
1178 3436 1231 3502 v)
1258 3443 1463 3502 septem
1486 3431 1627 3486 oculi

49 3528 251 3583 Domini
277 3529 551 3595 dicuntur,
577 3528 669 3595 qui
689 3525 1029 3596 speculantes
1050 3524 1326 3587 mundum,
1350 3530 1404 3576 et
1423 3530 1630 3591 septem

49 3619 208 3673 stella:
237 3622 288 3673 in
318 3619 567 3673 manibus
595 3617 711 3672 Dei.
732 3616 811 3670 lta
835 3615 978 3670 enim
1004 3621 1214 3684 septem
1236 3622 1431 3683 sportse
1460 3614 1632 3683 plena:

51 3727 326 3780 superesse
373 3715 760 3773 monstrantur,
804 3714 865 3761 ut
909 3719 1120 3775 semper
1164 3702 1414 3759 Ecclesiae
1459 3704 1631 3773 plena:

53 3805 210 3870 gratia
236 3801 437 3857 Christi
466 3814 587 3856 esse
628 3805 939 3854 noscantur.
984 3794 1117 3851 Item
1153 3794 1220 3850 de
1258 3809 1398 3849 caeco
1436 3794 1632 3848 illumi-

54 3902 171 3947 nato
192 3895 244 3947 in
266 3892 615 3962 sequentibus
633 3888 834 3943 dictum
858 3893 961 3952 est,
984 3884 1129 3956 quod
1157 3885 1347 3939 iterum
1376 3883 1631 3939 Dominus

54 3982 197 4039 Jesus
232 3982 481 4038 Christus
531 3980 716 4035 videns
764 3993 965 4034 czecum
1013 3992 1043 4031 a
1093 3976 1371 4033 nativitate
1417 3991 1513 4031 sua
1556 3976 1629 4029 ita

53 4073 305 4127 curaverit
331 4091 344 4125 :
378 4070 622 4140 Exspuit,
654 4068 850 4138 inquit,
879 4070 933 4121 in
962 4066 1124 4122 oculis
1152 4072 1282 4136 ejus,
1314 4074 1363 4119 et
1390 4065 1631 4134 imposuit

52 4178 248 4215 manum
276 4178 448 4225 suam,
471 4170 520 4213 et
544 4159 884 4229 interrogavit
910 4172 1026 4211 eum
1054 4157 1099 4211 si
1122 4156 1316 4227 aliquid
1340 4154 1557 4219 videret;
1581 4163 1630 4207 et

53 4254 173 4305 dixit
201 4254 287 4307 ille
310 4271 327 4307 :
362 4252 521 4305 Video
549 4251 780 4303 homines
807 4249 940 4302 sicut
962 4247 1170 4302 arbores
1199 4246 1536 4300 ambulantes.
1561 4243 1629 4298 Et

53 4343 231 4397 iterum
262 4342 521 4412 imposuit
550 4338 787 4404 manum,
811 4349 867 4395 et
891 4338 1023 4393 vidit
1047 4338 1189 4393 clare
1218 4338 1415 4392 omnia.
1445 4337 1629 4391 Caecus

53 4432 161 4498 iste,
190 4435 274 4489 cui
304 4433 559 4488 nativitas
596 4446 695 4486 sua
737 4446 846 4484 non
882 4430 1102 4485 dederat
1140 4430 1334 4494 lucem,
1370 4428 1465 4483 sed
1494 4443 1627 4481 nau-

53 4523 262 4593 fragium
283 4526 431 4579 visus
451 4525 505 4578 in
535 4524 647 4593 ipsa
678 4522 959 4576 nativitate
984 4528 1311 4591 susceperat,
1340 4535 1482 4574 nunc
1504 4534 1631 4574 con-

55 4619 279 4684 sequitur
308 4632 341 4671 a
370 4616 598 4670 Domino
637 4614 961 4668 medicinam
994 4630 1007 4664 :
1038 4612 1131 4666 lux
1170 4627 1297 4666 vera
1332 4610 1627 4665 Salvatoris
1672 4626 1679 4636 ‘

57 4708 229 4773 nostri,
261 4708 358 4778 qui
400 4706 517 4774 ejus
557 4705 743 4760 oculos
778 4704 1132 4772 tenebrasque
1160 4702 1498 4763 illuminavit,
1531 4718 1625 4756 ca-

58 4800 343 4865 ptivitatem
387 4800 535 4853 visus
570 4797 820 4859 removit,
854 4794 1033 4849 liberae
1072 4794 1203 4849 lucis
1230 4794 1447 4848 donavit
1473 4809 1626 4862 aspe-

58 4898 204 4945 ctum.
242 4891 373 4947 Post
403 4891 588 4959 longas
617 4889 868 4943 tenebras
893 4886 1107 4941 luminis
1135 4887 1337 4955 impetu
1367 4885 1625 4950 radiatus,

60 4986 212 5053 primo
240 4984 553 5040 nutantibus
581 4980 769 5047 oculis,
806 4978 1021 5033 videbat
1062 4979 1215 5048 quasi
1252 4978 1473 5033 arbores
1510 4994 1625 5031 am-

60 5075 283 5131 bulantes
302 5093 318 5141 ;
352 5073 548 5129 deinde
588 5073 778 5127 iterata

63 5296 75 5308 ο
156 5298 169 5312 ο
256 5300 269 5314 ,
363 5298 376 5309 α
465 5295 481 5309 ο
569 5292 582 5305 ο
662 5293 674 5305 0
757 5290 772 5305 ο
853 5291 866 5305 ο
947 5291 961 5305 ο
1041 5292 1052 5304 0
1134 5290 1147 5304 ο
1230 5293 1239 5303 0
1325 5290 1338 5303 Ι
1422 5291 1434 5303 0
1513 5291 1525 5303 0
1606 5291 1620 5305 ο

65 5387 269 5445 XXIII.
316 5390 695 5460 Fragmentum
738 5382 1032 5460 superﬂua
1077 5381 1226 5460 verba
1275 5382 1624 5460 :_l_)uodecim

124 5452 465 5530 apostolorum
494 5457 704 5530 nomina
747 5463 868 5530 sunt
897 5454 1006 5530 [tam
1037 5469 1054 5504 :
1087 5453 1281 5530 primus
1313 5452 1514 5530 Simon,
1539 5455 1624 5521 qui

125 5522 297 5585 dicitur
338 5528 553 5590 Petrus,
583 5534 631 5577 et
659 5523 893 5576 Andreas
936 5524 1097 5593 frater
1136 5522 1268 5591 ejus,
1310 5531 1358 5574 et
1405 5522 1624 5592 reliqua,

125 5598 301 5657 Matth.
332 5614 389 5661 ι,
417 5596 471 5650 5.

617 5743 630 5758 .
699 5703 836 5759 sicut
862 5702 1064 5772 primus

1732 1908 1795 1948 ea
1825 1908 1954 1962 ergo
1974 1895 2133 1964 digne
2161 1897 2544 1966 interpretatur
2573 1898 2763 1956 Petrus
2788 1904 3175 1973 superindutus.
3210 1904 3320 1958 An-

1733 1983 1891 2040 dreas
1918 1983 2084 2039 frater
2111 1986 2228 2054 ejus
2251 1988 2635 2058 interpretatur
2655 1990 2945 2046 obstructus
3018 2032 3032 2047 .
3112 2034 3125 2048 .

1737 2111 1749 2125 .
1828 2075 2133 2129 custoribus
2172 2076 2315 2131 dcin.
2395 2118 2411 2132 .
2489 2119 2503 2132 .
2583 2118 2597 2133 .
2676 2119 2690 2133 .
2772 2120 2786 2135 .
2867 2123 2882 2137 .
2960 2122 2974 2136 .
3056 2123 3071 2136 .
3147 2084 3162 2137 i

1732 2172 1978 2234 pretatur
2005 2169 2378 2224 circumventus

2455 2211 2468 2223 ο
2551 2212 2563 2224 Ι
2646 2213 2657 2225 Ι
2735 2212 2751 2229 ο
2832 2213 2846 2227 ο
2927 2214 2939 2228 ο
3020 2215 3034 2229 ο
3114 2216 3128 2229 ο
3209 2217 3220 2229 ε

2174 2480 2185 2493 ι
2265 2480 2279 2494 0
2361 2482 2374 2495 0
2454 2483 2468 2497 ο
2548 2482 2562 2496 0
2642 2484 2657 2498 0
2737 2485 2750 2497 0
2770 2500 2773 2501 ν
2832 2484 2850 2503 ς
2925 2485 2938 2499 ο
3019 2486 3033 2500 0
3115 2487 3128 2500 0
3208 2486 3223 2501 0
3301 2486 3316 2503 0

2063 2568 2075 2581 0
2169 2569 2183 2583 0
2263 2570 2276 2582 0
2360 2572 2372 2585 0
2454 2572 2467 2585 0
2548 2570 2563 2582 ο
2642 2576 2657 2588 0
2735 2574 2749 2588 0
2829 2576 2845 2590 ο
2923 2576 2939 2589 0
3020 2578 3033 2590 0
3112 2578 3126 2591 ο
3207 2578 3219 2590 0
3301 2578 3315 2592 0

1729 2627 1851 2672 tans
1877 2619 2138 2681 dolorem,
2170 2621 2222 2673 in
2244 2636 2351 2689 quo
2372 2624 2515 2676 enim
2593 2663 2606 2678 .
2688 2664 2702 2677 .
2782 2664 2795 2678 .
2878 2667 2891 2680 .
2972 2666 2986 2680 .
3062 2636 3314 2691 mortem,

1728 2717 1783 2762 ct
1811 2710 2013 2777 sprevit
2039 2710 2301 2765 dolorem.
2332 2712 2465 2765 Cum
2490 2713 2556 2767 ab
2586 2712 2797 2770 Herode
2820 2725 2983 2785 caput
3003 2718 3052 2771 ei
3074 2726 3316 2787 amputa~

1730 2808 1842 2853 tum
1869 2799 1969 2854 fuit
2034 2840 2049 2855 .
2109 2841 2124 2855 .
2192 2842 2205 2855 .
2286 2840 2301 2855 .
2381 2843 2394 2855 .
2475 2843 2488 2857 .
2566 2804 2619 2858 in
2643 2804 3117 2861 hoccircumvenit
3144 2808 3318 2877 ipsum

2199 2909 2259 2948 re
2307 2894 2546 2964 iniquum
2583 2896 2879 2963 diabolum,
2912 2913 3033 2953 cum
3060 2900 3318 2954 velociter

1731 2998 1799 3038 ex
1822 2983 1929 3039 hoc
1949 2984 2148 3039 mundo
2172 2985 2227 3038 in
2254 3000 2418 3053 regna
2448 2984 2700 3041 transiret
2726 2988 2985 3053 cmlestia,
3012 2997 3065 3042 et
3082 2987 3318 3044 Joannes

1730 3075 1898 3129 frater
1924 3075 2060 3143 ejus.
2091 3074 2328 3131 Joannes
2354 3078 2496 3131 enim
2528 3079 2914 3148 interpretatur
2941 3081 3317 3134 obediens-Do-

1732 3169 1890 3220 mino.
1924 3167 1991 3220 Et
2020 3168 2140 3235 quis
2177 3169 2255 3222 sic
2291 3168 2528 3222 obedivit
2559 3169 2787 3223 Domino
2825 3169 2964 3225 sicut
3003 3171 3117 3239 ipse
3154 3171 3317 3225 Joan-

1732 3273 1847 3324 nes,
1873 3258 1964 3325 qui
1993 3258 2143 3327 scqui
2164 3273 2286 3311 eum
2314 3257 2492 3325 jussus
2514 3266 2613 3321 est,
2638 3266 2693 3312 et
2712 3274 2875 3328 super
2901 3268 3087 3328 pectus
3106 3260 3315 3315 Domini

1731 3347 2009 3402 recubuit?
2036 3346 2135 3401 llic
2165 3354 2220 3401 et
2247 3346 2384 3401 filius
2417 3347 2635 3402 tonitrui
2662 3363 2781 3402 cum
2811 3347 3013 3403 Jacobo
3043 3351 3325 3415 cognomi-

1731 3446 1888 3492 natus
1916 3445 2017 3499 est,
2060 3444 2311 3505 tanquam
2351 3438 2574 3506 spiritali
2602 3446 2657 3491 et
2683 3438 2889 3492 caelesti
2911 3439 3108 3492 virtute
3136 3440 3188 3491 in
3220 3454 3317 3491 no-

1732 3528 1950 3582 vissimo
1981 3528 2034 3579 in
2061 3536 2244 3582 sancta
2277 3526 2512 3581 Ecclesia
2537 3534 2837 3581 tonaturus.
2864 3525 2991 3582 Post
3019 3528 3115 3581 hos
3136 3537 3317 3582 autem

1734 3616 2029 3687 Philippus,
2057 3617 2148 3685 qui
2187 3617 2572 3685 interpretatur
2599 3619 2865 3688 confusus,
2898 3618 2991 3671 sed
3029 3626 3205 3670 tamen
3238 3618 3317 3670 vi-

1731 3722 1894 3773 vens;
1923 3706 2063 3761 unde
2092 3715 2146 3760 et
2176 3704 2370 3761 l’aulus
2392 3706 2521 3761 dicit
2546 3724 2557 3759 :
2582 3705 2961 3776 Spectaculum
2985 3708 3108 3761 lacti
3136 3723 3317 3761 sumus

1732 3797 1859 3851 huic
1904 3796 2131 3861 mundo;
2182 3802 2236 3849 et
2284 3804 2539 3863 tanquam
2586 3802 2940 3865 purgamenta
3018 3834 3033 3849 .
3112 3835 3127 3849 .
3205 3835 3219 3848 .
3302 3837 3315 3850 .

1731 4163 1883 4219 Nunc
1902 4172 1956 4219 et
1984 4163 2403 4220 Bartholomaaus
2425 4164 2811 4234 interpretatur
2832 4164 2976 4233 ﬁlius
2996 4165 3317 4219 carissimus.

1730 4252 1963 4323 Ideoque
1990 4256 2133 4310 enim
2163 4270 2285 4310 eum
2314 4255 2379 4309 ad
2410 4255 2774 4325 apostolatum
2806 4254 3036 4319 vocavit,
3070 4262 3125 4310 et
3152 4254 3319 4310 caris~

1729 4348 1924 4401 simum
1944 4363 2065 4403 eum
2088 4348 2253 4401 lilium
2311 4386 2326 4401 .
2406 4387 2419 4400 .
2500 4386 2515 4399 .
2583 4384 2597 4399 .
2672 4386 2686 4399 .
2753 4346 3078 4400 nominaret.
3104 4342 3321 4401 Utinam

1731 4446 1785 4491 et
1805 4454 1902 4493 nos
1924 4452 2111 4491 omnes
2185 4477 2199 4490 .
2278 4477 2292 4490 .
2371 4476 2385 4489 .
2456 4476 2469 4490 .
2541 4476 2555 4489 .
2624 4436 2855 4490 filiorum
2879 4436 3171 4506 adoptione
3191 4453 3317 4493 con.

1731 4543 2027 4593 versemur,
2052 4533 2111 4580 ut
2139 4525 2401 4581 carissimi
2448 4522 2541 4579 ﬁlii
2582 4523 2678 4579 Dei
2708 4540 3178 4580 connumeremur.
3215 4526 3319 4580 De—

1731 4618 1856 4673 inde
1885 4616 2137 4681 Thomas,
2167 4616 2259 4683 qui
2291 4615 2675 4684 interpretatur
2716 4610 2953 4684 abyssus,
2985 4615 3068 4669 vel
3102 4617 3321 4685 profun-

1728 4708 1872 4769 dum,
1903 4706 1989 4760 vel
2016 4704 2386 4769 inscrutabilis,
2411 4704 2548 4759 sicut
2578 4714 2669 4757 vas
2699 4702 2931 4773 Spiritus
2961 4705 3152 4769 sancti,
3178 4706 3321 4759 velut

1730 4796 1986 4865 templum
2027 4794 2311 4861 Paracleti,
2342 4794 2433 4862 qui
2474 4794 2653 4847 omnia
2683 4802 2973 4859 scrutatur,
3007 4796 3098 4862 qui
3137 4797 3318 4850 omnia

1729 4884 1989 4956 profunda
2018 4884 2242 4953 requirit
2273 4884 2323 4935 in
2351 4884 2434 4937 his
2464 4899 2581 4953 quae
2606 4884 2743 4937 facta
2773 4892 2897 4937 sunt
2926 4892 2981 4938 et
3010 4886 3060 4937 in
3092 4888 3314 4953 angelis,

1732 4984 1786 5031 ct
1804 4977 1858 5030 in
1877 4975 2201 5032 hominibus.
2226 4973 2291 5027 Et
2313 4973 2612 5039 Matthmus,
2636 4974 2726 5042 qui
2750 4975 3135 5045 interpretatur
3155 4979 3319 5048 780

1733 5067 1922 5121 donum
1954 5067 2088 5121 υειω.
2124 5065 2321 5134 Duplex
2351 5065 2493 5119 enim
2522 5064 2723 5119 donum
2753 5065 2875 5119 vita:
2900 5066 3318 5133 magnificentis-

1730 5155 1896 5210 simus
1915 5153 2194 5209 Matthreus
2213 5154 2337 5208 huic
2361 5153 2561 5208 mundo
2579 5152 2749 5207 factus
2773 5162 2882 5219 est;
2915 5164 2969 5209 et
2993 5170 3061 5209 ex
3083 5171 3149 5210 eo
3173 5159 3317 5225 quod

1731 5245 2028 5315 apostolus,
2059 5253 2112 5299 et
2138 5260 2202 5298 ex
2234 5259 2297 5298 eo
2329 5242 2473 5311 quOd
2511 5244 2839 5313 evangelista
2869 5244 3108 5300 llebrmis
3136 5246 3327 5315 singu-

1730 5337 1917 5391 lariter
1940 5335 2201 5391 Hebraice
2230 5335 2333 5389 hoc
2361 5334 2706 5402 Evangeliam
2728 5335 2960 5404 scripsit,
2992 5344 3045 5389 et
3070 5337 3329 5404 gentibus

1725 5429 2086 5499 singulariter,
2119 5442 2214 5497 per
2245 5427 2389 5496 quod
2412 5426 2676 5496 gentibus
2714 5426 2822 5483 hoc
2855 5428 3193 5481 enuntiatum
3234 5439 3320 5484 est

1727 5520 2098 5590 Evangelium.
2140 5519 2247 5574 Sed
2277 5519 2577 5584 Matthaaus,
2609 5519 2782 5587 inquit
2808 5520 3129 5588 publicanus
3204 5560 3221 5577 .

1918 5648 1932 5663 .
2010 5625 2077 5664 ex
2104 5610 2293 5679 patris,
2324 5609 2410 5663 vel
2439 5625 2506 5663 ex
2536 5608 2640 5674 avi,
2675 5608 2756 5663 vel
2784 5624 2853 5663 ex
2881 5611 3031 5675 regio
3106 5648 3120 5663 .
3204 5649 3220 5665 .

1830 5742 1842 5755 .
1918 5700 2137 5756 natione
2166 5699 2429 5755 nominas.
2456 5698 2531 5753 Te
2556 5698 2728 5769 ipsum
2756 5715 2886 5756 vero
2912 5702 2978 5757 de
3007 5701 3321 5771 publicano,
