3912 6226
86 328 197 392 849

1578 328 1810 385 διε]ιῖΜο
1844 328 1931 385 ιν.

3292 326 3404 388 853

88 457 298 499 sumus.
325 440 554 499 Invitati
584 442 733 500 enim
762 458 947 512 sumus
973 442 1041 495 ad
1068 456 1335 505 mensam,
1362 440 1453 495 ubi
1479 455 1585 512 non
1612 440 1694 493 in-
1720 452 1774 503 Α
1800 441 2113 512 claudos:et
2132 439 2309 494 beatus
2337 439 2459 504 eris,
2481 440 2723 512 quianon
2745 438 2931 512 habent
2950 438 3087 512 unde
3107 440 3399 512 retribuam

90 514 304 587 venitur
324 514 488 587 cibus
516 513 822 587 hominum,
837 511 1341 587 sedpanisponitur
1359 510 1692 587 angelorum.

92 580 158 636 Et
186 582 312 635 ideo
333 582 631 636 videamus
670 597 739 636 ne
774 578 914 636 forte
934 578 1077 634 intus
1105 578 1158 633 in
1184 580 1385 643 anima,
1416 580 1506 633 ubi
1536 578 1703 633 debe-

93 667 209 705 mus
236 650 523 705 bonorum
574 666 800 720 operum
845 650 1153 720 margaritis
1177 649 1378 720 ornari,
1408 650 1486 702 ibi
1534 662 1702 720 appa-

93 735 307 773 reamns
327 720 596 772 vitiorum
610 716 819 789 pannis
840 716 1114 789 veteribus
1143 718 1396 789 involuti,
1408 727 1464 789 et
1482 716 1701 789 quando

90 804 184 842 cos
211 790 306 856 qui
336 789 475 842 boni
506 785 711 843 suntin
734 789 904 843 oculis
928 788 1042 847 Dei,
1061 789 1280 842 castitas
1304 786 1495 840 reddet
1515 785 1701 856 candi-

93 857 211 924 dos,
238 867 373 912 tunc
401 873 506 912 eos
541 859 633 925 qui
662 858 789 911 mali
828 865 974 923 sunt,
1001 857 1191 911 reddat
1228 856 1439 925 luxuria
1467 855 1703 925 sordida-

92 923 295 997 tos.'Et
338 926 472 993 ideo
501 923 925 997 quotiescunque
953 934 1046 981 aut
1089 926 1205 981 dies
1226 924 1429 997 Natalis
1468 923 1699 990 Domini,

92 1004 182 1047 aut
219 996 459 1064 reliqua:
506 994 1171 1058 festivitates’adveniunt,
1217 995 1357 1048 sicut
1390 994 1703 1062 frequenter

95 1064 373 1127 admonui,
402 1080 519 1117 non
540 1067 714 1119 solum
736 1067 803 1119 ab
825 1065 1020 1120 infelici
1036 1064 1457 1120 concubinarum
1477 1078 1704 1118 consor.

94 1134 187 1199 tio,
213 1135 312 1204 sed
359 1135 538 1187 etiam
575 1150 605 1187 a
644 1136 871 1204 propriis
912 1136 1169 1188 uxoribus
1217 1134 1502 1199 abstinete,
1533 1142 1589 1186 et
1633 1132 1701 1185 ab

94 1203 239 1255 omni
269 1204 563 1256 iracundia
586 1203 681 1258 vos
709 1203 913 1259 alienos
933 1203 1150 1267 efﬁcite,
1175 1211 1235 1257 ut
1260 1210 1479 1271 peccata
1509 1209 1703 1270 praete-

95 1273 193 1323 rita
224 1287 325 1339 per
356 1273 773 1342 eleemosynam
812 1282 867 1328 et
902 1274 1276 1342 paenitentiam
1314 1271 1653 1342 redimantur
1684 1288 1696 1321 :

95 1350 284 1393 contra
336 1342 555 1395 nullum
600 1341 875 1398 hominem
908 1341 1096 1397 odium
1133 1343 1185 1395 iu
1229 1341 1393 1396 corde
1430 1349 1696 1397 teneatur.

95 1410 246 1481 Qtiod
278 1410 507 1464 solebat
526 1412 736 1465 vanitas
759 1427 855 1481 per
880 1412 1057 1480 gulam
1077 1411 1325 1481 perdere,
1369 1410 1590 1479 incipiat
1622 1410 1705 1481 ju-

96 1480 397 1550 stitiaper
441 1479 868 1535 misericordiam
892 1479 1223 1550 pauperibus
1267 1494 1527 1547 erogare,
1556 1479 1702 1547 quod

98 1547 331 1620 luxuria,
359 1550 451 1620 vel
483 1550 606 1617 gula
628 1547 979 1620 dissipavit'in
1006 1547 1228 1614 mundo,
1252 1550 1704 1620 pietascongerat

101 1616 153 1670 in
180 1618 345 1690 cmlo.
381 1617 454 1671 Et
475 1616 611 1690 licet
635 1620 740 1675 hoc
761 1616 1036 1690 expediat,
1066 1629 1127 1673 ut
1154 1616 1372 1690 semper
1400 1618 1701 1690 eleemosy-

98 1701 194 1759 nas
228 1686 415 1759 facere
456 1688 735 1753 debemus,
766 1686 1033 1759 priecipue
1070 1696 1252 1742 tamen
1277 1686 1340 1741 'in
1369 1688 1570 1759 sanctis
1606 1702 1699 1759 so:

102 1756 479 1811 lemnitatibus
503 1755 797 1812 secundum
823 1755 967 1813 vires
995 1765 1209 1813 nostras
1230 1757 1566 1811 abundanter
1595 1755 1703 1826 24

102 1839 415 1897 erogcmus,
446 1842 711 1896 pauperes
740 1838 865 1882 ante
892 1828 1074 1882 omnia
1108 1826 1438 1897 frequentius
1468 1826 1539 1880 ad
1568 1842 1701 1880 con-

99 1892 298 1965 vivium
314 1892 603 1950 vocemus.
623 1897 741 1952 Non
762 1898 904 1952 enim
932 1903 1015 1951 est
1031 1892 1234 1965 justum
1256 1904 1316 1949 ut
1339 1896 1391 1948 in
1412 1903 1597 1965 sancta
1624 1910 1708 1949 so-

102 1962 407 2047 lemnitate,
444 1966 741 2047 innpopul‘o
770 1962 1089 2047 Christiano
1120 1965 1194 2047 ad
1219 1980 1386 2047 unum
1411 1964 1705 2047 Dominum

104 2033 439 2102 pertinente,
473 2033 565 2089 alii
611 2033 964 2101 inebrientur,
996 2036 1088 2089 alii
1116 2034 1271 2091 {amis
1312 2033 1552 2102 periculo
1579 2049 1705 2087 cru-
1742 2072 1752 2080 .

104 2101 336 2187 cientur.
364 2101 439 2157 Et
466 2120 567 2159 nos
596 2113 651 2187 et
679 2106 854 2187 omnis
880 2106 1109 2187 populus
1138 2106 1296 2159 unius
1314 2101 1705 2187 Doniinihservi

103 2185 321 2249 sumus,
362 2189 475 2227 uno
499 2175 675 2249 pretio
694 2171 975 2249 redempti
1002 2174 1357 2249 sumus,_pari
1394 2171 1707 2249 conditione

105 2241 156 2291 in
187 2241 333 2295 hunc
379 2241 645 2297 mundum
694 2241 1039 2311 intravimus,
1066 2244 1226 2298 simili
1242 2241 1417 2297 etiam
1438 2243 1586 2297 exitu
1614 2242 1708 2295 mi-

104 2312 308 2381 graturi
349 2326 573 2378 sumus;
604 2321 661 2366 et
691 2315 735 2368 si
762 2314 903 2368 bene
930 2314 1158 2381 agimus,
1185 2312 1253 2366 ad
1282 2321 1445 2365 unam
1476 2312 1707 2365 beatitu-

105 2378 282 2452 dinem
314 2382 524 2452 pariter
553 2382 846 2452 veniemus.
869 2382 938 2437 Et
964 2378 1368 2452 quare'pauper
1388 2390 1569 2437 tecum
1596 2396 1704 2452 non

106 2449 280 2521 capiat
331 2451 539 2515 cibum,
571 2451 664 2519 qui
718 2460 896 2507 tecum
947 2449 1287 2521 accepturus
1315 2458 1401 2505 est
1434 2450 1707 2521 regnum?

108 2514 282 2580 Quare
313 2534 524 2589 pauper
552 2514 659 2574 non
690 2522 918 2590 accipiat
947 2521 1036 2575 vel
1065 2514 1303 2575 veterem
1335 2514 1588 2590 tunicam,
1613 2520 1706 2589 qui

108 2592 285 2640 tecum
318 2598 639 2657 recepturus
677 2598 761 2644 est
800 2588 1223 2645 immortalitatis
1267 2589 1507 2645 stolam?
1529 2588 1707 2658 Quare

112 2668 317 2723 pauper
346 2673 459 2711 non
498 2668 774 2728 mereatur
801 2664 1049 2728 accipere
1072 2673 1268 2727 panem
1316 2668 1487 2721 tuum,
1504 2659 1605 2728 qui
1624 2664 1707 2728 te-

110 2737 229 2800 cum
258 2728 462 2800 meruit
483 2729 727 2800 accipere
751 2726 1467 2800 baptismi_sacramentum?
1490 2726 1600 2800 Cur
1621 2726 1706 2778 in-

113 2789 397 2866 dignussit
425 2789 671 2863 accipere
698 2789 950 2866 reliquias
970 2797 1213 2856 ciborum
1243 2802 1477 2857 tuorum,
1502 2796 1604 2866 qui,
1618 2802 1707 2866 te-

113 2874 233 2933 cum
260 2863 330 2917 ad
358 2865 665 2919 convivium
687 2863 945 2920 venturus
982 2874 1066 2920 est
1108 2866 1467 2933 angelorum?
1490 2864 1707 2929 Audite,

114 2926 324 2996 lratres,
384 2934 567 2988 audite
621 2951 729 2989 non
775 2950 975 3001 meum,
1013 2934 1107 2991 sed
1162 2926 1375 2988 Domini
1421 2926 1708 2988 commune

120 3010 464 3075 Pmoeptum.
521 3003 612 3059 Sic
650 3005 791 3058 enim
821 3004 899 3057 ait
942 3005 996 3075 in
1044 3002 1334 3075 Evangelio
1364 3022 1376 3056 :
1410 3003 1538 3075 Cum
1577 3002 1709 3074 facis

121 3070 388 3143 "audiam
410 3082 502 3125 aut
528 3090 743 3143 canam,
771 3070 1114 3143 noli‘inritare
1136 3070 1335 3143 diuites,
1351 3075 1436 3143 qui
1459 3070 1708 3127 teiterum

142 3135 403 3207 einvitent,
428 3150 479 3196 et
502 3143 600 3211 ﬁat
627 3142 718 3198 tibi
747 3140 1047 3197 retributio:
1070 3141 1163 3198 sed
1189 3135 1329 3198 voca.
1353 3135 1606 3213 pauperes
1655 3149 1705 3195 et
1736 3152 1784 3215 ρ

1806 510 1923 580 tibi:
1969 510 2276 580 retribuetur
2314 508 2504 580 autem.
2533 508 2625 563 tibi
2662 510 2742 580 in_
2766 510 3100 563 retributione
3131 511 3399 580 justorum

1804 577 1955 650 (Luc.
1989 580 2124 650 xxv).
2154 579 2259 633 Sed
2288 579 2417 650 dicit
2437 578 2630 650 aliquis
2654 597 2667 629 ε
2696 578 2846 650 Ergo
2867 581 3069 650 amic_os
3090 577 3183 633 aut
3203 596 3399 650 paren-

1804 596 1955 650 (huc.
1989 596 2122 648 xw).
2154 596 2259 633 aeu
2288 596 2417 634 oncu
2437 596 2667 649 allqu'.
2702 596 2846 646 surgo
2867 596 3069 633 allllCOS
3090 596 3183 633 aut
3240 596 3399 635 aren-

1802 657 1884 702 tes
1909 664 2014 704 nen
2045 648 2217 703 debeo
2243 648 2311 702 ad
2340 648 2645 703 convivium
2694 648 2953 702 invitare?
2993 596 3237 715 Rogancii
3268 659 3399 705 sunt

1803 726 1861 772 et
1883 726 2154 786 parentes,
2176 727 2231 772 et
2250 718 2438 783 vicini;
2470 718 2563 774 sed
2586 718 2759 772 rarius
2778 717 3001 785 rogandi
3021 726 3175 783 sunt;
3206 727 3262 773 et
3288 734 3397 773 non

1802 789 1978 842 minus
2005 794 2323 857 sumptuosa
2343 796 2398 841 et
2426 788 2672 849 delicata,
2702 788 2797 841 sed
2825 798 2935 840 tam
2958 802 3116 855 parca
3137 796 3191 841 et
3214 788 3397 843 sobria

1802 858 1887 910 vel
1910 856 2139 911 honesta
2168 857 2271 911 illis
2297 856 2497 912 debent
2520 856 2765 926 convivia
2795 856 3108 926 przeparari,
3133 865 3192 910 ut
3220 872 3397 912 rema-

1803 934 1929 1005 neat
1958 926 2097 1005 unde
2123 928 2331 995 possint
2357 942 2618 1005 pauperes
2637 925 2809 1005 refici,
2830 926 3175 1005 unde‘possit
3197 926 3397 1005 aliquid

1804 994 2162 1061 indigentibus
2190 994 2400 1063 erogari
2428 1014 2441 1049 :
2466 994 2523 1050 ut
2549 1012 2673 1050 cum
2691 994 2807 1051 dies
2828 994 3015 1063 judicii
3035 997 3261 1059 venerit,
3290 1012 3397 1049 non

1803 1080 1925 1119 cum
1946 1066 2139 1133 impiis,
2165 1066 2255 1133 qui
2286 1082 2426 1121 nunc
2454 1080 2716 1133 pauperes
2736 1065 3055 1134 despiciunt,
3073 1066 3355 1119 audiamus
3383 1084 3395 1117 :

1805 1134 2066 1200 Discedite
2088 1152 2119 1187 a
2148 1152 2245 1201 me,
2270 1136 2548 1199 maledicti,
2572 1137 2626 1188 in
2656 1136 2824 1201 ignem
2849 1144 3130 1191 aeternum:
3162 1135 3254 1188 sed
3275 1151 3398 1188 cum

1798 1202 1959 1269 justis
2004 1213 2058 1258 et
2104 1204 2539 1261 misericordibus
2585 1202 2772 1257 audire
2812 1219 3158 1257 mereamur:
3196 1203 3395 1268 Venite,

1805 1272 2272 1355 benedicti'Patij-s.
2293 1275 2412 1336 mei,
2443 1274 2687 1355 percipite
2729 1290 2942 1355 regnum
2965 1290 2982 1326 :
3006 1275 3192 1355 esuriat:
3235 1274 3396 1355 enim,

1804 1352 1853 1395 et
1892 1344 2103 1396 dedistis
2147 1345 2273 1398 mihi
2318 1344 2633 1399 manducare
2662 1360 2680 1396 :
2709 1343 2866 1409 sitivi,
2911 1353 2961 1396 et
3007 1343 3221 1396 dedistis
3271 1343 3399 1396 mihi

1806 1410 2211 1483 biberetMutth.
2246 1412 2395 1483 xxv).
2416 1412 2597 1483 §imul
2626 1412 2973 1483 etiaminobis
3003 1428 3105 1483 vox
3138 1412 3225 1483 illa
3256 1411 3400 1483 desi-

1805 1480 2055 1535 derabilis
2084 1480 2379 1549 dirigatur:
2408 1481 2573 1551 Euge,
2602 1498 2743 1535 serve
2788 1482 2918 1533 bone
2946 1490 2995 1534 et
3030 1482 3201 1550 ﬁdelis
3223 1495 3245 1535 :
3277 1482 3398 1551 quia

1802 1566 1956 1621 super
1985 1568 2151 1619 pauca
2177 1552 2323 1621 fuisti
2344 1551 2538 1621 ﬁdelis,
2569 1568 2729 1621 supra
2773 1551 2936 1621 multa
2978 1560 3025 1621 te
3050 1551 3359 1621 constituam
3376 1567 3395 1614 ς

1802 1618 1942 1673 intra
1965 1618 2017 1673 in
2032 1691 2037 1692 ν
2052 1618 2298 1692 gaudium
2333 1618 2537 1692 Domini
2562 1618 2639 1673 tui
2664 1619 2806 1692 (Ibid
2814 1618 2875 1689 .).
2894 1619 3032 1692 _Sed,
3063 1627 3135 1692 ut_
3147 1620 3257 1692 haec
3279 1634 3399 1692 quae

1804 1689 2185 1756 suggessiinus,
2214 1691 2458 1744 sensibus
2477 1689 2935 1744 vestrtecaritatis
2966 1689 3205 1743 tenacius
3234 1689 3398 1741 iulia:-

1807 1767 1979 1828 reant,
2008 1760 2243 1814 breviter
2270 1774 2389 1828 qua:
2426 1760 2568 1813 dicta
2615 1768 2740 1813 sunt
2787 1759 3065 1811 iteramus.
3114 1757 3227 1811 lloc
3255 1758 3397 1828 enim

1808 1827 2203 1889 admonuimus,
2236 1828 2448 1892 fratres,
2493 1837 2557 1881 ut
2590 1828 2713 1895 quia
2744 1828 2937 1881 natalis
2982 1828 3195 1880 Domini
3224 1827 3397 1880 immi:

1807 1903 1918 1960 net,
1951 1905 2205 1966 tanquam
2232 1898 2300 1951 ad
2347 1896 2585 1966 nuptiale
2623 1904 2679 1950 et
2718 1896 2936 1951 cmleste
2973 1896 3280 1966 convivium
3328 1895 3399 1948 ab

1806 1967 1953 2019 omni
1984 1964 2190 2021 Iniuria
2222 1966 2372 2021 nitidi
2393 1964 2495 2033 {et
2520 1967 2675 2020 bonis
2705 1966 2960 2034 operibus
2986 1964 3265 2030 adornati,
3298 1979 3399 2018 nos

1807 2051 1905 2104 per
1945 2035 2147 2092 Christi
2189 2036 2523 2105 adjutorium
2567 2050 2971 2105 prteparemus,
3030 2034 3398 2105 eleemosynas

1807 2102 2133 2174 pauperibus
2177 2102 2479 2173 erogemus,
2513 2102 2842 2159 iracundiam
2870 2103 2956 2169 vel
3007 2103 3209 2167 odium,
3240 2102 3397 2174 quasi

1806 2170 2071 2228 venenum
2100 2170 2297 2229 diaboli
2326 2174 2393 2228 de
2421 2174 2675 2227 cordibus
2704 2174 2901 2227 nostris
2930 2170 3398 2229 resuuamus.Ca-

1806 2244 2045 2299 stitatem
2077 2245 2240 2299 etiam
2277 2259 2397 2297 cum
2450 2243 2682 2311 propriis
2710 2242 2967 2311 uxoribus
3004 2241 3233 2295 ﬁdeliter
3260 2256 3397 2296 con-

1807 2321 2050 2379 servate;
2102 2313 2171 2367 ad
2227 2310 2474 2367 convivia
2526 2310 2701 2365 vestra
2751 2310 3083 2381 frequentius
3132 2325 3398 2381 pauperes

1808 2392 2059 2449 evocate;
2115 2382 2182 2436 ad
2228 2382 2435 2450 vigilias
2486 2382 2751 2435 maturius
2802 2380 3037 2450 surgite;
3069 2381 3124 2434 in
3169 2380 3398 2435 ecclesia

1808 2460 2011 2506 stantes
2038 2461 2132 2509 aut
2152 2461 2323 2517 orate,
2350 2461 2443 2505 aut
2467 2451 2707 2520 psallite;
2730 2451 2895 2520 verba
2917 2450 3088 2505 otiosa
3116 2459 3209 2503 aut
3224 2465 3396 2520 siccu-

1808 2522 1939 2592 l_aria
1970 2537 2072 2577 nec
2100 2522 2199 2592 ipsi
2222 2538 2288 2575 ex
2315 2536 2411 2592 ore
2439 2518 2620 2592 vestro
2660 2519 2914 2589 proferte,
2946 2527 3001 2573 et
3027 2534 3122 2592 eos
3149 2518 3241 2587 qui
3268 2533 3398 2587 pro-

1806 2590 1948 2645 ferre
1973 2587 2239 2646 voluerint
2266 2591 2544 2657 castigate.
2576 2587 2769 2644 Pacem
2796 2604 2917 2643 cum
2940 2587 3189 2643 omnibus
3216 2594 3398 2657 custo-

1808 2659 1937 2724 dite,
1970 2667 2023 2713 et
2067 2676 2207 2729 quos
2252 2656 2528 2715 discordes
2569 2659 2887 2729 agnoscitis,
2926 2658 3009 2729 ad
3051 2656 3397 2729 concordiam

1808 2726 2235 2787 revocatefHarc
2261 2731 2305 2783 si
2336 2730 2581 2794 ﬁdeliter,
2612 2727 2830 2781 Christo
2875 2727 3183 2795 adiuvante,
3210 2726 3401 2781 volue-

1807 2799 1926 2851 ritis
1954 2799 2201 2867 implere,
2231 2809 2287 2852 et
2313 2800 2365 2852 in
2410 2800 2513 2852 hoc
2541 2798 2738 2857 seculo
2767 2797 2835 2851 ad
2862 2796 3396 2867 altareADominicum

1809 2882 1996 2921 secura
2019 2864 2347 2922 conscientia
2374 2866 2622 2936 poteritis
2638 2866 2925 2936 accedere,
2954 2873 3009 2936 et
3035 2865 3089 2918 in
3118 2864 3299 2919 futuro
3326 2864 3397 2919 ad

1809 2945 2063 3018 aeternam
2091 2934 2737 3018 beatitudinemufeliciter
2776 2935 3077 3018 pervenire,
3110 2941 3397 3018 praestante

1811 3006 2040 3077 Domino
2070 3014 2256 3077 nostro
2294 3005 2429 3077 Jesug
2448 3004 2681 3075 Christo,
2713 3003 2805 3077 qui
2850 3004 2982 3061 vivit
3009 3012 3065 3060 et
3112 3003 3299 3074 regnat
3340 3003 3395 3058 in

1812 3076 2004 3130 smcula
2032 3075 2371 3131 smculorum.
2403 3074 2592 3132 Amen.

1544 3253 1814 3316 SERMO
1856 3253 1964 3314 IV.

1450 3354 1532 3407 De
1575 3354 1746 3407 natali
1778 3352 1989 3408 Domini
2024 3350 2073 3405 1.

1558 3443 1952 3513 Abuonmo.

163 3535 292 3611 .25
323 3533 437 3590 Etsi
467 3533 625 3611 hujus
651 3536 915 3611 sermonis
942 3536 1151 3611 initium
1182 3552 1247 3591 ex
1268 3535 1497 3611 _Ma3_t_imi
1525 3535 1745 3611 homilia
1774 3533 1807 3586 5
1832 3534 1900 3611 de
1930 3534 2104 3611 Natali
2136 3535 2343 3611 Domini
2364 3542 2686 3611 excerptum
2714 3537 2804 3602 sit,
2836 3536 3041 3611 incerto
3071 3543 3249 3611 tamen
3277 3538 3394 3593 cui-

131 3604 275 3679 piam
290 3606 506 3679 auctori
529 3607 780 3679 eumdem
805 3606 1107 3679 tribuimus,
1138 3606 1283 3679 quod
1310 3606 1531 3679 reliqua;
1564 3604 1732 3679 partis
1760 3605 1930 3675 stylus
1954 3604 2407 3679 dis_si_m_ilis_nobis_
2426 3604 2847 3679 essevideatur.
2875 3606 2934 3679 In
2966 3604 3244 3679 Casi‘nensi
3273 3615 3394 3679 tan-

131 3671 381 3752 tandem].
409 3674 531 3741 106,
552 3690 683 3752 pag.
719 3675 805 3737 12,
836 3671 1173 3752 S._biaximo
1192 3671 1477 3740 tribuitur;
1506 3671 1712 3729 in'cod.
1738 3671 1867 3728 vero
1897 3674 2101 3730 archivi
2122 3673 2181 3730 S.
2214 3674 2359 3729 Petri
2385 3674 2507 3741 106,
2538 3676 2643 3729 litt.
2666 3674 2728 3731 C.
2751 3690 2874 3747 pag.
2896 3676 2950 3744 ι,
2980 3676 3038 3731 S.
3067 3676 3395 3745 Augustino;

134 3752 177 3792 in
204 3741 321 3796 aliis
347 3759 487 3812 quos
515 3741 745 3801 vidimus
772 3745 993 3801 nemini.

135 3852 511 3929 ducunt-mrum.
552 3891 624 3901 -—
658 3860 944 3914 Adventum
973 3860 1074 3914 Dei
1103 3870 1153 3913 et
1172 3861 1428 3923 hominis,
1468 3858 1704 3929 diemque

194 3926 378 4000 {fatum
418 3931 609 3982 divina:
642 3929 961 4000 dignationis
1000 3930 1342 3997 celebremus,
1388 3936 1444 3982 ut
1494 3944 1591 3982 nos
1619 3926 1705 3981 'ad

196 3992 359 4049 Deum
379 3992 709 4063 revertamur;

194 4126 391 4195 Hodie,
435 4132 627 4186 fratres
655 4132 948 4199 carissimi,
986 4132 1231 4189 Christus
1260 4138 1418 4188 natus
1446 4139 1559 4196 est,
1606 4146 1706 4186 nos

134 4201 314 4253 renati.
373 4200 546 4256 Hodie
568 4201 817 4257 Salvator
848 4203 1033 4272 m_undi
1062 4218 1161 4272 per
1191 4212 1421 4257 matrem
1451 4200 1703 4272 nascendi

134 4274 335 4337 tempus
364 4272 603 4340 accepit,
658 4272 750 4340 qui
787 4272 856 4326 de
884 4270 1045 4326 Patre
1064 4270 1377 4327 nativitatis
1406 4287 1512 4325 non
1543 4271 1707 4325 habet

132 4343 352 4406 tempus.
384 4339 569 4405 Qui’in
596 4339 859 4394 :etemum
886 4350 972 4395 est
998 4350 1314 4396 cunctorum
1335 4341 1580 4403 Creator,
1615 4340 1706 4392 ho-

133 4403 210 4458 die
238 4403 505 4464 nascendo
531 4409 600 4463 de
627 4418 799 4465 matre
817 4411 989 4466 factus
1018 4418 1102 4466 est
1123 4412 1278 4466 nobis
1303 4411 1568 4464 Salvator.
1602 4408 1704 4462 Na-

132 4479 210 4527 tus
229 4488 310 4549 est
338 4478 682 4549 nobis_hodie
717 4481 771 4533 in
809 4481 1068 4549 temporis
1095 4481 1431 4536 volubilitate
1450 4521 1465 4545 ,
1517 4488 1577 4532 ut
1604 4495 1704 4532 nos

1818 3872 2049 3929 namque
2074 3858 2248 3929 bliater
2275 3858 2487 3913 Domini
2517 3859 2585 3913 ab
2603 3859 2806 3929 angelo
2836 3857 3076 3929 audivit:
3114 3858 3244 3922 Ave,
3274 3875 3396 3929 gra.

1812 3929 1885 3981 tia
1905 3928 2078 3999 plena,
2104 3928 2362 3999 Dominus
2384 3940 2548 3999 tecum
2570 3927 2825 3999 (Lugii).
2863 3927 2964 3994 Qui
2995 3934 3152 3999 natus
3172 3935 3256 3981 est
3278 3927 3397 3997 pri-

1812 3997 1933 4051 mus
1960 3998 2077 4052 sine
2103 4007 2276 4051 matre
2304 3998 2359 4051 in
2382 3997 2585 4065 ccelis,‘
2614 3997 2776 4052 hodie
2801 4005 2958 4066 natus
2986 4005 3070 4051 est
3104 3997 3221 4051 sine
3243 4006 3399 4066 patre

1812 4067 1867 4121 in
1896 4067 2072 4120 terris.
2103 4066 2271 4121 Natus
2294 4075 2377 4121 est
2399 4067 2642 4122 Christus
2665 4066 2807 4121 Deus
2833 4066 2900 4121 de
2928 4064 3108 4132 Patre,
3142 4064 3307 4121 homo
3328 4067 3399 4124 de

1814 4143 2014 4201 matre;
2052 4137 2119 4190 de
2148 4136 2322 4192 Patris
2348 4137 2776 4200 immortalitate,
2808 4131 2877 4191 de
2905 4131 3100 4191 matris
3122 4136 3399 4204 virginita-

1814 4212 1897 4269 te;
1951 4206 2019 4260 de
2050 4204 2209 4261 Patre
2236 4206 2352 4261 sine
2380 4214 2581 4271 matre,
2641 4206 2709 4261 de
2736 4213 2912 4261 matre
2938 4207 3055 4261 sine
3083 4204 3273 4269 Patre;
3330 4207 3400 4263 de

1814 4273 1972 4328 Patre
1994 4276 2108 4329 sine
2129 4284 2371 4344 tempore
2388 4316 2401 4341 ,
2427 4276 2494 4330 de
2522 4285 2693 4329 matre
2721 4276 2837 4330 sine
2863 4276 3071 4331 semine
3089 4292 3104 4341 ;
3120 4274 3210 4344 ide
3235 4274 3399 4331 Patre

1810 4345 2132 4414 principium
2160 4343 2302 4411 vitat,
2336 4345 2403 4399 de
2431 4354 2601 4398 matre
2628 4346 2746 4401 ﬁnis
2775 4346 2996 4412 mortis;
3022 4346 3090 4400 de
3115 4343 3277 4399 Patre
3305 4362 3399 4401 or-

1810 4414 2001 4468 dinans
2049 4430 2263 4469 omnem
2306 4414 2475 4479 diem,
2532 4414 2599 4467 de
2642 4423 2813 4468 matre
2858 4431 3183 4470 consecrans
3231 4415 3394 4471 istum

1810 4483 1975 4537 diem.
2014 4482 2279 4537 Priemisit
2330 4484 2471 4538 enim
2503 4484 2781 4538 hominem
2809 4483 3105 4551 Joannem,
3145 4486 3238 4554 qui
3266 4494 3397 4541 tunc

134 4545 674 4634 adPlatris
697 4545 1073 4634 aeternitatem.
1105 4550 1302 4607 Factus
1330 4560 1411 4634 est
1433 4549 1701 4634 Deusho-
1734 4565 1779 4622 υ
1810 4562 2122 4634 nasceretur
2147 4570 2271 4634 cum
2298 4554 2411 4634 dies
2572 4554 2873 4634 inciperent
2897 4556 3065 4634 minui
3080 4545 3103 4620 ,⁷
3136 4545 3202 4634 Aét
3237 4564 3395 4634 natus

132 4624 230 4688 tuo,
258 4625 317 4670 ut
342 4617 507 4672 homo
528 4614 682 4673 ﬁeret
706 4618 865 4673 Deus.
892 4617 963 4674 Ut
984 4634 1181 4688 panem
1207 4620 1519 4688 angelorum
1548 4633 1702 4671 man-

132 4679 561 4757 fiucaretdgomo.
602 4688 860 4743 Dominus
886 4679 1199 4757 angelorum
1227 4679 1388 4743 bddie
1417 4687 1589 4757 factus
1616 4692 1703 4757 est

135 4747 300 4827 homo.
358 4755 530 4811 Hodie
568 4757 790 4827 impleta
827 4767 913 4813 est
938 4747 1027 4813 iiia
1062 4757 1342 4827 pr0phetia
1371 4771 1490 4825 quae
1527 4754 1693 4810 dicit:

135 4817 337 4897 Rorate,
367 4827 481 4879 cali
510 4817 746 4897 desuper,
769 4837 819 4897 et
842 4817 1204 4897 nubenpiuaiit
1220 4817 1453 4897 justum;
1485 4827 1696 4897 aperia-

135 4844 337 4891 norate,
367 4844 481 4879 ean
510 4844 746 4897 desuper,
769 4844 819 4880 et
842 4844 1204 4897 nuunptuant
1220 4844 1453 4897 justum;
1485 4844 1696 4948 (gena-

134 4896 208 4978 {Itr
230 4904 396 4978 terra,
430 4904 481 4948 et
500 4899 753 4978 germinet
774 4896 1271 4978 Saluatoremtlsa.
1296 4896 1444 4977 πως).
1539 4902 1698 4978 actus

136 4967 209 5038 ﬁt
238 4963 395 5038 igitur
416 4963 519 5038 qui
560 4965 794 5038 iecerat,
848 4975 908 5038 ut
942 4963 1274 5038 inveniretur
1308 4963 1411 5034 qui
1437 4965 1693 5038 perierat.

134 5025 216 5084 Sic
240 5025 289 5085 in
316 5025 535 5107 psalmis
562 5034 726 5107 homo
754 5025 1044 5107 conﬁtetur
1066 5025 1695 5107 :dPriusquam'humitia-

133 5111 257 5174 ταί·
294 5120 390 5174 ego
407 5103 602 5174 deliqui
624 5121 642 5156 :
692 5112 748 5158 et
778 5104 973 5159 iterum
998 5122 1012 5157 :
1069 5105 1258 5159 Erravi
1284 5103 1557 5174 sicutiovis
1586 5120 1700 5174 qui:

134 5171 341 5232 perierai
369 5171 539 5240 (Psat.
569 5173 773 5243 cxvm).
822 5174 1075 5229 Peccavit
1102 5176 1295 5239 homo,
1336 5182 1393 5229 et
1416 5171 1701 5243 factus’est

134 5248 271 5315 reus;
301 5249 467 5315 natus
478 5251 562 5296 est
579 5242 743 5315 homo
765 5244 905 5298 Deus
934 5251 994 5297 ut
1010 5243 1493 5315 liberaretur-Areus.
1523 5242 1698 5315 Homo

136 5312 277 5370 ιὲῖιιιτ
302 5312 518 5378 cecidit,
549 5313 644 5366 sed
673 5314 813 5366 Deus
837 5313 1132 5367 descendit.
1164 5312 1369 5367 Cecidit
1398 5312 1562 5365 homo
1592 5312 1696 5365 mi-

135 5378 446 5445 §Crabiliter,
493 5382 773 5436 descendit
808 5382 950 5436 Deus
993 5382 1432 5437 misericorditer.
1492 5381 1698 5435 Cecidit

134 5438 279 5502 homo
298 5464 396 5519 per
418 5438 744 5521 superbiam,
774 5451 1051 5508 descendit
1074 5452 1215 5507 Deus
1236 5466 1357 5507 cum
1379 5451 1572 5521 gratia.
1604 5449 1693 5506 Sic

197 5588 218 5657 ξ
407 5583 466 5639 S.
494 5583 664 5657 Petri,
692 5602 787 5657 ego
807 5588 1027 5655 peccaui.

193 5644 216 5683 ¹¹
242 5650 381 5725 idem
408 5655 551 5725 cod.,
579 5644 848 5708 ut'ex'hoc
870 5657 1304 5725 pgra’ﬁguraretur.

196 5728 215 5755 ε
240 5719 381 5777 Idem
405 5724 554 5787 cod.,
574 5724 684 5786 jam
714 5740 817 5780 non
842 5719 940 5778 sibi
965 5719 1113 5782 nam.

1806 4630 1888 4676 est
1929 4622 2043 4690 ipse
2072 4638 2193 4677 cum
2222 4623 2336 4677 dies
2383 4622 2643 4691 incipiunt
2682 4622 2966 4691 crescere,
3025 4624 3053 4663 ιι
3094 4632 3149 4677 et
3190 4640 3257 4679 ex
3292 4625 3399 4680 hoc

1805 4691 2176 4759 prmIiguratur
2190 4692 2337 4764 quod
2354 4693 2428 4745 ait
2445 4691 2680 4764 Joannes
2706 4710 2717 4745 :
2748 4692 2904 4747 Illum
2925 4703 3126 4764 oportet
3147 4710 3396 4758 crescere,

1804 4777 1885 4833 me
1905 4763 2260 4833 autentminui
2283 4761 2459 4833 (Joan.
2498 4763 2599 4833 ill).
2652 4762 2822 4833 Debet
2851 4761 2995 4817 enim
3026 4764 3133 4817 vita
3162 4764 3399 4819 humana

1804 4831 1856 4883 in
1892 4845 1951 4884 se
1990 4831 2249 4895 deficere,
2293 4830 2356 4885 in
2409 4830 2625 4886 Christo
2669 4832 2966 4901 prolicere,
3017 4840 3075 4886 ut
3130 4833 3222 4901 qui
3267 4834 3401 4887 vivit

1805 4911 1826 4937 ο
1858 4916 1967 4954 non
1996 4901 2097 4954 sibi
2131 4902 2294 4960 vivat,
2346 4900 2441 4956 sed
2470 4902 2520 4955 ei
2548 4902 2642 4969 qui
2672 4900 2929 4956 omnibus
2957 4900 3204 4957 mortuus
3233 4910 3317 4957 est
3346 4911 3401 4957 et

1800 4970 2113 5039 resurrexit,
2146 4978 2200 5025 et
2233 4972 2377 5025 dicat
2416 4971 2785 5039 unusquisque
2820 4980 3065 5027 nostrum
3091 4972 3237 5039 quod
3268 4972 3399 5027 dicit

1807 5038 2101 5112 apostolus
2127 5057 2150 5112 :_
2165 5039 2193 5112 ἦ
2232 5040 2358 5093 Vivo
2381 5046 2551 5093 autem
2565 5038 2681 5111 jam
2698 5038 2804 5094 non
2825 5058 2937 5112 ego,
2963 5042 3080 5096 vivit
3099 5038 3216 5095 uero
3242 5044 3296 5094 in
3320 5059 3402 5095 me

1804 5106 2061 5179 Clu-istas.
2120 5108 2279 5179 Ilium
2333 5118 2531 5179 oportet
2565 5106 2873 5174 ἐγείρει-εξ
2899 5128 2979 5165 me
3018 5120 3191 5164 autem
3233 5112 3397 5165 minui

1804 5176 2110 5251 (Galat._ul.
2135 5189 2156 5216 ε
2174 5176 2419 5233 Laudent
2434 5196 2557 5233 eum
2575 5180 2841 5249 condigne
2862 5196 3052 5235 omnes
3066 5182 3242 5251 angeli
3258 5181 3395 5250 ejus,

1802 5247 1949 5319 quod
1971 5248 2128 5305 cibus
2154 5257 2388 5305 mternus
2408 5259 2491 5304 est
2518 5247 2959 5319 incorruptibilis,
2983 5265 3079 5306 eos
3104 5247 3300 5319 sagina
3318 5247 3393 5305 vié

1802 5316 2053 5389 vifimns;
2104 5319 2234 5387 quia
2274 5319 2511 5374 Verbum
2559 5320 2656 5375 Dei
2685 5316 2795 5384 est,
2850 5316 3003 5389 cujus
3046 5321 3153 5374 vita
3176 5316 3389 5386 vivunt,

1802 5386 1958 5453 cujus
1987 5386 2232 5443 bonitate
2261 5404 2479 5457 semper
2507 5389 2646 5444 bene
2671 5390 2876 5443 vivunt.
2916 5386 3006 5444 vllli
3037 5391 3181 5445 enim
3211 5391 3395 5445 condi.

1800 5469 1905 5524 sne
1944 5457 2165 5512 laudant
2204 5458 2376 5515 Deum
2414 5461 2556 5529 apud
2584 5458 2782 5524 Deum,
2834 5466 2889 5513 et
2921 5460 3052 5514 dant
3078 5462 3305 5529 gloriam
3335 5461 3395 5516 in

1875 5591 2065 5670 ἀ.
2090 5596 2261 5670 Yatic.
2296 5596 2487 5670 Palat",
2527 5599 2649 5653 Viro
2675 5615 2769 5670 ego
2792 5599 2904 5669 jam
2933 5617 3034 5655 non
3064 5618 3175 5670 ego.

1879 5672 1901 5700 ⁸
1930 5662 2076 5719 ldetu
2106 5668 2253 5733 cod.,
2290 5666 2546 5721 Laudant.
