3912 6226
179 312 275 370 865

1658 315 1888 372 SERMO
1923 314 2012 370 ΧΙ.

3379 312 3488 368 866

177 434 229 479 et
249 425 438 497 messis
457 425 622 497 initia
649 441 1022 497 procuramus.
1050 427 1237 494 stagna
1261 438 1488 495 utraque
1510 428 1779 486 nativitas,
1815 438 1856 488 Α
1888 427 2118 479 fructum
2149 423 2335 497 salutis
2358 423 2670 486 emittimus,
2703 424 2855 497 etde
2896 424 3184 497 verborum
3215 424 3328 497 ejus
3364 435 3484 478 tan-

177 511 291 561 qua:
316 502 372 547 et
401 495 668 565 inopiam
695 513 958 551 viscerum
988 499 1202 565 repulit,
1251 507 1307 551 et
1359 498 1559 550 famem
1588 498 1786 565 repulit

243 573 548 616 ccatorum.
584 564 723 618 Inde
751 582 839 619 me
879 566 991 633 jam
1038 564 1216 620 tabida
1245 568 1360 620 lues
1391 583 1497 619 non
1529 564 1784 631 macerat,

1886 512 2045 563 quam
2076 496 2234 563 gravi
2253 494 2430 546 culmo
2452 507 2675 563 granum
2701 496 2889 547 salutis
2903 495 3247 563 assumimus.
3280 495 3356 547 De
3375 510 3486 562 quo

1885 561 2055 630 grano
2097 569 2150 615 in
2198 562 2489 628 Evangelio
2517 562 2778 629 scriptum
2811 572 2891 616 est
2921 580 2933 614 :
2969 561 3092 614 Nisi
3137 580 3353 632 granum
3387 561 3486 614 iri-

177 577 548 682 feccatorum.
585 577 723 618 Inde
751 582 839 619 me
879 582 991 633 jam
1038 577 1216 620 tabida
1247 577 1360 620 lucs
1391 583 1497 619 non
1529 577 1784 631 macerat,
1885 579 2055 630 grano
2097 579 2150 615 In
2198 577 2489 628 ravangelto
2517 577 2778 629 scriptum
2811 577 2891 616 est
2921 580 2933 614 :
2969 577 3092 614 nm
3137 580 3353 632 granum
3387 577 3486 614 m-

195 646 313 680 ιυιιε·
342 633 977 699 pestilens'conscientia
999 651 1104 689 non
1152 636 1407 700 absumit,
1439 634 1789 688 refectionem
1888 635 1975 686 tici
2015 633 2204 685 cadens
2250 633 2306 684 in
2361 639 2555 682 terram
2583 634 2849 696 morietur,
2879 633 3049 701 ipsum
3099 632 3265 684 solum
3310 640 3486 685 manet

176 708 378 816 pariter
407 703 599 756 sentio
631 706 880 757 sensibus
928 713 1090 772 atque
1143 705 1470 768 visceribus;
1527 704 1636 757 imo
1676 705 1791 772 ipse

205 784 412 816 “anne;
465 774 673 816 messis
721 781 903 816 nnstm
953 783 1053 816 pst-
1105 788 1230 816 nam
1270 774 1337 816 rip.
1361 772 1642 816 nrnnl'mlia
1675 773 1791 816 eius

205 784 412 824 sandes
463 774 673 828 messis
719 781 906 828 nostra
953 783 1054 838 est,
1105 788 1233 826 nam
1270 774 1337 827 de
1360 772 1644 842 prophetia
1675 773 1792 840 ejus

1891 701 2073 772 (Joan.
2109 700 2224 770 xu),
2258 708 2314 754 et
2342 701 2568 768 reliqua,
2603 710 2712 754 etc.

1624 883 1893 943 SERMO
1938 883 2054 943 XI.

1247 979 1326 1036 De
1346 981 1711 1049 Assumptione
1737 982 1900 1034 beatae
1922 980 2110 1033 Maria:
2131 980 2344 1047 virginis
2368 976 2416 1032 I.

1654 1068 2038 1123 ADMONITIO.

245 1167 356 1238 53
385 1167 765 1222 Combelisius
794 1167 845 1220 in
875 1183 970 1221 sua
1001 1165 1332 1238 Bibliotheca
1365 1162 1502 1238 ῐΪΡἰ
1523 1173 1656 1218 tom.
1680 1179 1791 1238 vni,
1814 1175 1936 1229 pag.
1972 1160 2061 1238 {15,
2093 1161 2295 1238 primus
2327 1160 2501 1238 edidit
2528 1161 2627 1238 sub
2656 1161 2875 1238 nomine
2903 1162 3073 1238 sancti
3121 1162 3335 1238 Maximi
3365 1179 3482 1218 ser-

179 1230 398 1291 monsm
422 1238 581 1291 hunc
602 1238 978 1305 depromptum
1009 1254 1074 1290 ex
1102 1237 1222 1289 cod.
1251 1251 1350 1287 ms.
1377 1235 1434 1287 S.
1464 1231 2043 1305 Gerntaninl’ratensis,
2065 1245 2225 1305 quem
2255 1230 2447 1305 deinde
2474 1230 2714 1285 Andreas
2738 1233 3049 1305 _Gallandius
3078 1239 3210 1305 toni.
3238 1233 3328 1298 IX,
3359 1247 3482 1302 pag.

178 1305 303 1370 594,
337 1322 505 1360 novze
531 1299 882 1360 Bibliotheca:
910 1305 1011 1358 PP.
1044 1305 1272 1359 rccudit.
1304 1305 1438 1358 Cum
1460 1303 1614 1355 nobis
1641 1300 2220 1370 deficianttestimonia
2250 1299 2478 1353 aliorum
2493 1308 2622 1370 tum
2651 1301 2896 1370 codicum
2949 1310 3059 1354 tum
3103 1299 3480 1368 collector'um,

181 1367 389 1428 nullum
419 1376 611 1444 majus
657 1375 896 1428 veritatis
926 1381 1301 1441 argumentum
1330 1373 1522 1444 afferre
1546 1386 1848 1444 possumus.
1894 1369 2460 1444 Suppositum_au.tem
2484 1367 2646 1444 fuisse
2674 1368 2907 1444 Maximo
2929 1370 3182 1444 dictionis
3210 1367 3484 1444 dissimili;

182 1444 311 1513 tudo
360 1436 561 1513 palam
614 1444 759 1498 facit.
805 1436 1025 1499 [ascribi
1070 1452 1326 1502 oportere
1363 1442 1431 1495 de
1459 1436 1904 1503 Annuntiatione,
1935 1436 2042 1492 non
2080 1452 2210 1491 vero
2233 1436 2300 1492 de
2329 1438 2726 1506 Assumptione,
2751 1439 2977 1506 quisque
3002 1439 3250 1495 eumdem
3280 1441 3485 1507 legens,

181 1512 341 1580 plane
365 1512 698 1579 cognoscet.

183 1624 1032 1679 Attoniti-:8ruu.—Inenarrabili
1060 1624 1209 1676 modo
1241 1624 1390 1675 beata
1416 1621 1468 1673 Μ
1474 1621 1795 1673 ariaexstitit

253 1703 429 1746 mater
460 1705 516 1745 et
544 1696 714 1763 uirgo;
746 1695 886 1763 virgo
917 1705 1036 1745 ante
1067 1693 1382 1762 ronjuginm,
1433 1692 1486 1742 in
1532 1690 1793 1763 conjugiq,
1829 1692 1873 1750 Β
1901 1695 2018 1763 erat
2044 1701 2070 1739 s

253 1775 575 1842 praequam,
606 1759 841 1833 pariens,
868 1763 993 1815 data
1038 1759 1247 1824 marito,
1301 1770 1351 1814 et
1391 1768 1560 1812 mater
1587 1776 1689 1812 non
1737 1759 1799 1811 de

256 1841 422 1884 mari!
430 1849 486 1885 0.

256 1963 546 2024 Scientes,
601 1960 792 2015 fratres
836 1961 1118 2026 carissimi,
1160 1959 1364 2013 auctori
1415 1967 1602 2011 nostro
1633 1955 1802 2009 multa

189 2046 291 2086 nos
319 2031 538 2085 debere
563 2031 828 2092 conditos,
877 2032 997 2099 plus
1043 2031 1366 2098 redemptos,
1418 2026 1804 2099 redemptionis

188 2109 400 2155 nostra:
433 2100 824 2154 commercium
854 2095 1192 2159 veneremur,
1225 2095 1280 2150 et
1308 2099 1456 2150 illum
1504 2095 1805 2149 sacratissi-

190 2184 344 2222 mum
376 2177 601 2222 uterum
631 2184 696 2221 ex
726 2184 833 2237 quo
864 2169 1064 2222 homini
1117 2167 1259 2220 Deus
1304 2167 1486 2237 unitus
1533 2165 1800 2237 apparuit,

193 2238 301 2291 etsi
355 2255 475 2291 non
519 2234 761 2305 quimus
787 2239 1008 2300 meritis,
1042 2237 1232 2290 saltem
1261 2236 1596 2290 celebremus
1643 2234 1803 2305 obse-

231 2307 376 2370 uiis;
411 2302 653 2360 scientes
683 2309 882 2360 erroris
930 2307 1101 2359 nostri
1157 2305 1407 2359 tenebras
1453 2312 1639 2372 partus
1686 2302 1805 2370 ejus

216 2372 412 2455 hlgore
466 2375 716 2455 depulsas
744 2393 774 2455 :_
803 2375 927 2455 quia
975 2375 1121 2455 quod
1172 2390 1269 2455 per
1290 2373 1607 2455 protOplasti
1636 2372 1806 2437 negli-

194 2445 445 2510 gentiam
465 2443 655 2514 prima:
676 2443 862 2514 matris
881 2453 1169 2514 contumax
1187 2453 1299 2514 tam
1316 2443 1620 2508 arrogantia
1643 2456 1804 2508 quant

195 2514 324 2580 gula
357 2512 693 2582 perdiderat,
718 2513 877 2579 hujus
906 2528 1071 2582 sacra;
1100 2512 1547 2582 Virginispartus
1576 2526 1685 2563 non
1716 2525 1806 2582 sg-

199 2577 312 2635 lum
358 2577 696 2637 restauravit
742 2577 940 2644 diruta,
971 2581 1064 2634 sed
1092 2577 1256 2633 etiam
1286 2577 1470 2633 tribuit
1492 2587 1714 2631 aeterna.
1740 2577 1806 2629 Et

199 2651 409 2705 idcirco
441 2653 647 2705 cunctis
676 2651 959 2718 prrcconiis
994 2664 1316 2703 veneremur
1342 2649 1806 2718 auctriceianua‘.

198 2720 331 2773 dum
377 2729 658 2773 auctorem
678 2707 842 2772 'suum
877 2719 1125 2787 concepit
1147 2733 1178 2770 e
1206 2718 1361 2780 cuzlo,
1390 2717 1547 2771 nobis
1568 2707 1803 2787 Redem-

199 2798 422 2856 ptorem
446 2789 717 2872 gen-uitin
739 2788 960 2872 pszeculo.
987 2786 1060 2866 Et
1079 2787 1202 2867 quia
1223 2787 1290 2839 ad
1322 2788 1490 2865 vicem
1519 2787 1570 2837 ei
1618 2786 1805 2872 matris

203 2866 415 2911 nostra:
445 2856 700 2912 Ecclesiae
737 2856 904 2909 forma
935 2856 1298 2917 constituitur,
1349 2856 1463 2922 ipsa
1493 2869 1612 2907 eam
1666 2856 1806 2906 inter

202 2926 479 2994 procellas
506 2927 682 2980 szeculi
730 2926 998 2978 ferventes
1049 2923 1449 2994 aspiciatiipsa
1475 2923 1637 2994 etiam
1666 2922 1807 2974 inter

202 2991 400 3049 cursus
454 2995 772 3061 mundiales,
826 2991 1135 3063 quotidiana
1190 2993 1436 3063 oratione
1474 2991 1800 3063 confoveat:

205 3043 397 3132 ῑιξξιῑῑέ
414 3043 806 3118 amissaa
829 3043 1183 3132 ξιιῑιῑιῑεςῑέιιῖεςε
1197 3043 1525 3132 ﬁneﬁne?
1569 3059 1803 3132 "be—“"-
1831 3043 1877 3104 ο

205 3128 574 3202 dis—pretium,
598 3133 768 3202 possit
791 3128 1048 3202 impertiri
1076 3128 1405 3202 suifragium.
1453 3129 1643 3181 Nostra
1665 3129 1804 3202 inter

209 3148 292 3186 OIS
312 3148 574 3201 prettum,
598 3148 768 3202 p055".
791 3148 858 3184 1111
899 3148 1048 3184 erurt
1076 3148 1405 3196 suuraglum.
1453 3148 1643 3181 Ποδιτῖι
1665 3148 1804 3182 ιιιιθι·

209 3200 327 3255 haec
349 3204 528 3276 oratio
557 3202 727 3276 magis
755 3201 826 3276 ad
856 3148 1140 3253 Bominum
1169 3199 1447 3276 dirigatur,
1473 3206 1530 3249 ut
1558 3212 1658 3276 pro
1708 3197 1806 3276 ho-

207 3285 346 3324 nore
367 3272 452 3324 sui
475 3267 705 3325 nominis
734 3271 940 3322 viscera
961 3284 1081 3338 quas
1101 3267 1536 3338 sanctiﬁcaturus
1565 3267 1801 3338 intravit,

207 3339 499 3393 sedulitate
526 3340 704 3393 debita
727 3335 1066 3391 veneremur.
1101 3335 1278 3390 Prosit
1324 3336 1478 3389 nobis
1526 3335 1592 3387 ad
1622 3349 1803 3388 reme-

207 3408 383 3476 dium,
406 3409 552 3476 quod
591 3424 688 3476 per
714 3422 832 3461 eam
863 3421 922 3459 se
952 3406 1116 3476 nobis
1144 3405 1575 3476 deditpretium.
1608 3403 1804 3457 Merito

209 3475 400 3544 itaque
425 3474 605 3530 'beata‘
640 3476 896 3543 singulari
947 3475 1114 3528 Maria
1144 3489 1175 3526 a
1197 3475 1352 3544 nobis
1376 3474 1804 3544 attollitur,iquae

210 3542 488 3614 singulare
516 3542 900 3599 commercium
927 3544 1130 3597 mundo
1155 3543 1633 3614 prtebuit;4merito
1663 3542 1806 3614 inter

211 3612 443 3668 feminas
467 3623 576 3668 tum
597 3615 760 3668 etiam
785 3615 1085 3675 ketabatur,
1117 3628 1239 3666 cum
1260 3612 1582 3679 singularem
1631 3613 1804 3665 medi-

211 3685 393 3738 cinam
423 3685 618 3752 pudica
647 3684 767 3737 alvo
805 3683 1071 3750 gestabat.
1121 3681 1400 3752 Sentiebat
1424 3681 1648 3752 quidem,
1669 3696 1807 3749 pon-

211 3754 344 3806 dera
365 3750 586 3816 ventris,
613 3769 729 3822 qua:
752 3752 1010 3820 pudorem
1051 3767 1157 3806 non
1190 3750 1496 3822 perdiderat
1522 3751 1801 3822 castitatis;

214 3822 515 3875 mirabatur
537 3820 726 3889 partus
772 3822 1024 3889 insignia,
1052 3835 1172 3889 qua:
1210 3820 1354 3874 nulla
1384 3828 1609 3874 noverat
1653 3821 1805 3887 virgo

214 3837 515 3875 mirabatur
579 3837 726 3874 artus
772 3837 1024 3889 inStgma,
1052 3837 1172 3889 qua:
1210 3837 1354 3874 nuna
1384 3837 1609 3874 noverat
1653 3837 1803 3887 vngo

212 3891 486 3958 contagia.
517 3837 575 3943 δ’
591 3892 728 3944 bene
752 3889 978 3944 fecunda
1005 3890 1298 3957 virginitas,
1321 3904 1441 3957 quae
1466 3905 1607 3942 novo
1634 3891 1803 3958 inau-

213 3957 441 4027 ditoqne
461 3973 659 4026 genere
679 3967 734 4013 et
758 3970 931 4014 mater
957 3959 1095 4014 efﬁci
1119 3960 1310 4028 possit,
1333 3969 1387 4011 et
1415 3958 1596 4024 virgo!
1629 3957 1804 4028 Pepe-

214 4030 285 4082 rit
313 4029 460 4083 enim
507 4037 670 4096 atque
708 4031 961 4097 portavit,
990 4030 1043 4082 in
1068 4043 1175 4096 quo
1204 4036 1384 4083 creata
1411 4028 1609 4092 existit,
1642 4029 1807 4096 siqui-

214 4099 342 4152 dem
391 4098 505 4166 ipse
534 4106 617 4152 est
661 4107 872 4167 auctor,
900 4097 1081 4150 Maria:
1107 4098 1198 4167 qui
1235 4105 1392 4151 natus
1420 4105 1504 4150 est
1528 4112 1593 4151 ex
1616 4097 1801 4151 Maria.

214 4167 306 4221 Sic
358 4167 705 4221 inenarrabili
753 4166 913 4220 modo
969 4166 1140 4220 beata’
1156 4167 1319 4220 Maria
1350 4176 1523 4219 mater
1549 4175 1607 4220 et
1634 4168 1804 4234 virgo,

216 4235 604 4316 dumufructum
638 4236 1299 4316 pngnatiqnis_cxcepit,_
1337 4235 1661 4316 integritatis
1698 4238 1807 4316 dis-

215 4306 474 4375 pendium
500 4321 605 4359 non
637 4304 875 4359 incurrit.
899 4304 1054 4374 Apud
1084 4304 1244 4372 quam
1264 4306 1339 4375 ita
1366 4305 1599 4358 caelestis
1623 4307 1804 4374 provi-

1900 1633 2035 1673 cana
2064 1619 2325 1687 viscerum
2355 1633 2506 1672 sacra
2535 1617 2767 1687 Spiritus
2789 1618 3115 1673 fecunditate
3143 1618 3370 1686 repleta,
3429 1627 3488 1672 et

2190 1686 2243 1738 in
2273 1695 2449 1754 partu,
2473 1686 2615 1754 quod
2642 1698 2746 1741 non
2778 1687 2938 1741 fuerit
2964 1689 3206 1754 voluptas
3237 1689 3289 1740 in
3320 1689 3485 1741 coitu.

1902 1754 2171 1826 Stupebat
2191 1757 2574 1826 pretiosissima
2593 1754 2863 1822 Genitrix,
2886 1765 2940 1812 et
2971 1754 3109 1826 apud
3132 1773 3190 1810 se
3214 1758 3373 1810 tacita
3404 1773 3489 1810 re—

1903 1841 2021 1878 rum
2052 1825 2292 1877 novitate
2315 1825 2630 1878 mirabatur.
2665 1825 2964 1879 Verebatur
2983 1825 3116 1878 (estu
3145 1827 3490 1893 cogitationis

1901 1894 2166 1960 ambigua:
2193 1901 2249 1945 et
2271 1894 2516 1960 perculsa
2563 1896 2817 1959 angelica:
2864 1895 3200 1948 salutationis
3248 1895 3490 1960 magniﬁ-

1903 1963 2080 2017 centia
2127 1961 2542 2030 obstupescebat
2568 1963 2926 2017 mirabiliter.‘
2947 1963 3137 2017 Sciens
3163 1965 3302 2017 enim
3334 1979 3489 2017 suam

1905 2031 2289 2098 integritatem,
2341 2030 2636 2084 mirabatur
2688 2033 2888 2085 ventris
2938 2033 3258 2086 ubertatem.
3294 2032 3490 2086 Ofelix

1905 2100 2105 2154 Maria!
2134 2115 2167 2153 ο
2196 2100 2423 2170 genitrix
2457 2101 2718 2167 gloriosa!
2753 2117 2786 2155 ο
2814 2116 3079 2170 puerpera
3108 2101 3369 2162 sublimis,
3399 2115 3493 2170 cu;

1899 2170 1990 2239 jus
2040 2169 2333 2239 visceribus
2373 2178 2568 2239 auctor
2605 2170 2724 2224 caeli
2758 2169 3019 2238 terraique
3041 2170 3414 2224 committitur.
3446 2169 3491 2223 0

1905 2238 2083 2293 felicia
2112 2239 2294 2292 oscula
2319 2238 2481 2292 labris
2511 2239 2768 2306 impressa
2800 2240 3148 2294 lactentibus!
3183 2255 3304 2293 cum
3352 2240 3492 2294 inter

1905 2316 2052 2362 certa
2079 2307 2273 2378 indicia
2299 2311 2598 2378 reputantis
2624 2307 2880 2372 infantite,
2911 2317 2970 2362 ut
2991 2317 3121 2378 pote
3142 2323 3299 2378 verus
3338 2323 3404 2362 ex
3437 2317 3492 2362 te

1909 2378 2047 2431 ﬁlius
2097 2377 2191 2429 tibi
2233 2376 2394 2429 matri
2435 2377 2696 2431 alluderet
2726 2395 2738 2430 :
2770 2393 2890 2432 cum
2919 2375 3077 2432 verus
3104 2393 3171 2432 ex
3193 2375 3354 2430 Patre
3382 2378 3492 2432 Do-

1906 2447 2084 2500 minus
2131 2446 2436 2516 imperaret.
2485 2446 2617 2498 Nam
2660 2457 2937 2502 auctorem
2987 2455 3136 2501 tuum
3168 2449 3280 2516 ipsa
3309 2447 3493 2500 conci~

1907 2517 2060 2584 piens
2087 2515 2321 2578 edidisti,
2349 2515 2402 2567 in
2432 2522 2676 2586 tempore
2700 2533 3015 2586 pauperem,
3039 2515 3199 2584 quem
3228 2516 3493 2586 habueras

1907 2584 2762 2656 antetempora.conditorem.'0
2807 2584 2932 2640 felix
2978 2587 3336 2656 puerperium,
3372 2584 3492 2637 lau-

1907 2653 2085 2735 dabile
2116 2653 2347 2735 sanctis,
2380 2653 2740 2735 necessarium
2770 2653 3013 2735 perditis,
3045 2653 3337 2735 congruum
3367 2669 3492 2735 pro:

1908 2721 2128 2792 ﬂigatis!
2155 2720 2255 2786 Qui
2283 2730 2407 2792 post
2428 2723 2625 2792 multas
2652 2720 2941 2792 assumpta:
2961 2725 3136 2778 carnis
3157 2720 3398 2790 injurias,
3423 2722 3492 2775 ad

1907 2791 2154 2861 uitjmnm
2201 2791 2514 2844 verberatus
2559 2791 2804 2859 ﬂagellis,
2837 2791 3057 2861 potatus
3080 2793 3222 2857 felle,
3251 2791 3493 2860 patibulo

1907 2858 2117 2920 affixus,
2150 2867 2208 2910 ut
2233 2873 2416 2910 veram
2460 2858 2685 2912 matrem
2715 2858 3043 2925 ostenderet,
3074 2858 3265 2914 verum
3307 2876 3365 2913 se
3395 2861 3493 2913 ho-

1907 2928 2108 3007 minem
2131 2926 2381 3007 patiendo
2411 2934 2677 3007 tormenta
2697 2931 3044 3007 monstravit.
3076 2928 3157 3007 Tu
3184 2943 3315 3007 vero
3335 2929 3493 3007 beata

1908 3005 1964 3068 et
2011 2995 2244 3068 gloriosa
2297 2995 2445 3068 virgo
2501 2995 2666 3068 Maria
2683 2998 2748 3068 in
2779 3000 2893 3052 istis
2921 3008 2978 3051 et
3003 3006 3224 3068 propter
3244 2999 3347 3052 ista
3377 2998 3493 3068 lau-

1907 3061 2117 3126 dabilis,
2142 3078 2260 3132 quae
2281 3063 2358 3117 sic
2382 3061 2724 3118 fecunditatis
2751 3061 3244 3131 meruisti'donum,
3277 3074 3337 3120 ut
3390 3066 3494 3120 vir-

1906 3133 2146 3200 ginitatis
2176 3147 2283 3186 non
2313 3133 2588 3203 amitteres
2613 3136 2968 3203 privilegium.
3013 3136 3092 3190 Tu
3143 3138 3287 3190 enim
3332 3137 3494 3190 bene-

1904 3202 2046 3256 dicta
2095 3203 2233 3255 inter
2286 3201 2555 3262 mulieres,
2601 3201 2657 3256 t'u
2685 3201 2966 3273 praelecta
2990 3208 3197 3259 cunctis
3225 3207 3276 3258 vi
3344 3205 3490 3258 inum

1905 3271 2156 3326 catervis.
2185 3279 2241 3323 tu
2262 3272 2502 3326 sequeris
2523 3271 2730 3326 Aunum
2762 3289 3083 3326 uuoeunune
3110 3275 3250 3326 ierit.
3281 3219 3362 3326 Eign
3386 3275 3490 3326 vir-

1905 3271 2162 3342 catervis,
2185 3279 2241 3323 tu
2262 3272 2502 3342 sequeris
2523 3271 2730 3338 Agnum
2762 3289 3083 3342 quocunque
3110 3275 3250 3328 ierit.
3282 3271 3362 3327 Tu
3386 3275 3491 3328 vir-

1905 3341 2091 3407 gineos
2119 3341 2315 3394 choros
2338 3339 2405 3393 ab
2434 3340 2715 3396 incentivis
2741 3339 2920 3398 carnis
2948 3339 3212 3398 illecebris
3259 3345 3485 3406 alienos,

1906 3425 2005 3479 per
2032 3410 2270 3480 albentia
2299 3408 2408 3461 lilia
2449 3425 2708 3480 rosasque
2754 3421 3041 3466 vernantes
3078 3414 3144 3466 ad
3175 3412 3374 3466 fontem
3397 3425 3493 3480 pe-

1905 3478 2090 3531 rennis
2134 3479 2256 3531 vita:
2302 3478 2568 3546 potandus
2599 3480 2810 3534 invitas.
2853 3481 2931 3534 Tu
2974 3483 3027 3535 in
3066 3483 3153 3535 illa
3183 3478 3490 3535 felicissima

1904 3549 2126 3629 regione
2148 3549 2428 3629 beatorum
2465 3549 2692 3629 primam
2721 3550 3032 3629 dignitatem
3056 3552 3273 3629 adepta,
3293 3550 3493 3618 plantis

1905 3617 2131 3671 roscidis
2156 3617 2432 3686 oberrans,
2464 3617 2605 3671 inter
2631 3619 2863 3686 paradisi
2887 3617 3244 3684 amoenitates,
3276 3617 3331 3672 et
3368 3631 3493 3685 gra-

1905 3685 2329 3770 mineoschoros
2352 3685 2771 3770 teneronpo’plite
2790 3705 3037 3770 perge-ns,
3070 3690 3320 3770 felicique
3350 3689 3487 3770 pal-

1906 3771 1992 3828 ma
2025 3756 2190 3828 violas
2220 3756 2688 3828 immarcescibiles
2717 3756 2912 3828 carpis.
2943 3759 3022 3812 Tu
3049 3761 3191 3814 enim
3223 3756 3493 3828 mentibus

1906 3826 2023 3878 sine
2072 3824 2176 3879 line
2204 3826 2403 3894 sanctis
2447 3825 2754 3892 conjuncta,
2805 3824 3009 3894 angelis
3052 3827 3492 3894 archangelisque

1907 3895 2111 3948 sociata
2135 3893 2497 3948 indesinenter
2522 3910 2657 3949 voce
2703 3893 2965 3952 indefessa
3012 3893 3310 3959 clamitare,
3349 3893 3492 3948 Sin-

1907 3971 2043 4027 ctus,
2072 3962 2319 4026 Sanctus,
2348 3963 2594 4033 Sanctus,
2629 3980 2736 4019 non
2763 3967 2982 4020 desinis.
3007 3967 3113 4020 Sed
3149 3967 3278 4033 quid
3315 3966 3492 4019 dicam

1907 4048 2108 4105 pauper
2137 4033 2385 4100 ingenio?
2411 4047 2541 4105 cum
2559 4032 2628 4087 de
2656 4043 2709 4088 te
2753 4035 3012 4105 quidquid
3057 4032 3267 4105 dixero,
3315 4035 3492 4089 minus

1907 4102 2150 4170 profecto
2179 4110 2283 4169 est,
2305 4117 2468 4170 quam
2491 4102 2720 4169 dignitas
2743 4113 2831 4158 tua
2862 4102 3118 4159 meretur.
3162 4104 3220 4158 Si
3263 4111 3492 4158 matrem

1908 4171 2145 4243 gentium
2165 4185 2379 4243 vocem,
2398 4173 2688 4243 prrecellis;
2720 4175 2766 4228 si
2790 4173 3017 4227 formam
3059 4175 3153 4228 Dei
3197 4174 3488 4243 appellem,

1908 4241 2305 4312 dignaexistis;
2339 4242 2383 4294 si
2415 4242 2675 4312 nutricem
2699 4244 2938 4298 emlestis
2965 4244 3119 4312 panis
3166 4241 3374 4306 vocent,
3408 4243 3490 4295 la-

1909 4309 2009 4363 ctis
2054 4309 2336 4380 dulcedine
2380 4310 2576 4378 reples.
2619 4311 2782 4366 Laeta
2811 4309 3178 4380 ergofmater,
3202 4314 3378 4368 cibum
3402 4327 3494 4365 no-

217 4374 404 4450 d_ent_i_a
437 4375 635 4450 negotii
665 4375 830 4450 ipsius
850 4375 1214 4450 conditioiiem
1244 4374 1524 4450 disposuit,
1551 4377 1806 4450 utinagis
1833 4390 1881 4450 ι)
1908 4387 2098 4450 strum,
2150 4379 2283 4433 laeta
2320 4374 2513 4448 panem
2539 4383 2834 4447 omlestem,
2867 4374 3001 4438 iacta
3051 4374 3229 4437 cibum
3269 4381 3490 4450 angelo-

216 4444 586 4498 obedientiam
636 4442 916 4497 ekhiberet
953 4443 1226 4508 mandato,
1257 4459 1417 4508 quam
1444 4442 1802 4498 honoriﬁcen-

217 4513 350 4566 tiam
396 4527 548 4565 suam
589 4521 902 4580 agnosceret
921 4527 988 4566 ex
1019 4513 1229 4579 angelo.
1260 4513 1443 4580 Neque
1471 4514 1612 4566 enim
1644 4513 1802 4568 ﬁdem

216 4582 450 4647 derogat
481 4583 669 4646 nuntii,
701 4597 823 4650 quae
870 4583 1184 4650 dignitatem
1213 4581 1459 4649 intelligit
1514 4583 1806 4638 nuntiantis

216 4651 322 4704 sibi
343 4651 522 4716 angeli
543 4667 608 4705 ac
628 4650 853 4705 dicentis
880 4652 1148 4721 :7Spiritus
1178 4654 1730 4721 sanctussuperveniet
1749 4655 1805 4706 in

219 4729 289 4782 te,
322 4729 373 4773 et
401 4721 561 4773 virtus
581 4721 832 4773 Altiuimi
859 4719 1182 4774 obumbrabit
1203 4721 1313 4791 tibi.
1340 4719 1564 4790 Ideoque
1595 4729 1643 4791 et
1671 4723 1807 4791 quod

220 4799 466 4860 tinuetur
493 4805 558 4860 ea
602 4799 650 4843 te
687 4798 923 4860 sanctum
962 4791 1222 4860 vocabitur
1251 4789 1421 4842 Filius
1452 4789 1547 4844 Dei
1567 4789 1717 4860 (Luc.
1741 4791 1800 4860 ι).

220 4857 464 4912 Credidit
487 4857 762 4927 admonita
809 4871 928 4927 qua:
966 4859 1191 4922 audivit,
1236 4859 1431 4912 meruit
1475 4857 1804 4914 sanctiﬁcata

220 4927 367 4994 quod
388 4927 636 4996 credidit.
659 4926 898 4996 Denique
921 4935 1128 4981 tantum
1147 4942 1206 4981 se
1227 4928 1294 4981 ad
1310 4928 1428 4982 caali
1451 4927 1661 4996 fastigia
1679 4930 1805 4983 sub-

220 4993 545 5065 ljzvavittut
561 4993 794 5051 Verbum
812 4993 884 5049 ’in
913 4997 1179 5065 principio
1207 4996 1348 5065 apud
1395 4993 1600 5065 Deum,
1645 4999 1695 5053 id
1723 5007 1806 5054 est

221 5063 417 5138 Filium
446 5063 518 5138 de
539 5079 750 5138 summa
773 5066 896 5120 cmli
913 5063 1047 5120 arce
1073 5063 1389 5138 susceperit.
1421 5064 1661 5138 Quinque
1686 5082 1806 5138 my-

222 5135 417 5188 sticum
445 5133 736 5204 divinitatis
759 5148 1013 5204 arcanum
1035 5135 1183 5204 carni
1210 5133 1405 5188 nosti-1e
1426 5133 1805 5204 fragilitatique

221 5203 619 5265 commisceret,
654 5201 808 5256 latuit
835 5203 888 5256 in
918 5203 1135 5256 homine
1155 5203 1421 5269 divinitas,
1473 5201 1533 5258 ut
1583 5206 1637 5258 in
1666 5201 1802 5260 divi-

225 5274 394 5325 nitate
417 5287 526 5326 non
554 5273 755 5341 periret
771 5271 1094 5341 humanitas.
1129 5271 1197 5326 Et
1222 5274 1320 5341 sub
1366 5276 1670 5328 velamento

225 5341 521 5410 absumptae
555 5339 762 5410 hamis
807 5340 1174 5410 absconditur.
1215 5339 1523 5410 ,Pretiosius
1575 5339 1804 5399 redemit

224 5407 489 5480 perditos,
524 5425 688 5480 quam
733 5407 983 5480 defensos
1009 5417 1066 5463 et
1114 5410 1181 5463 ab
1210 5409 1510 5464 imminenti
1538 5413 1692 5468 hoste
1713 5429 1803 5468 ca-

224 5481 419 5551 ptivos.
471 5478 730 5551 [utiueiisa
759 5478 963 5551 pietas,
1002 5486 1057 5532 et
1085 5493 1246 5547 super
1267 5495 1426 5551 quam
1466 5480 1563 5535 fari
1610 5485 1797 5551 possit,

225 5546 566 5616 pnedicanda
611 5546 883 5618 maiestas,
915 5548 1122 5618 viscera
1149 5546 1361 5616 ’puellte
1389 5549 1588 5618 Spiritu
1611 5546 1802 5608 sancto

222 5618 589 5700 replebantur,
618 5625 780 5700 atque
810 5616 1296 5700 inpupttenVirginis
1313 5616 1502 5700 uterus
1534 5621 1690 5675 Verbi
1717 5637 1803 5676 se-

223 5685 363 5747 mine
403 5693 688 5746 crescente
718 5686 979 5755 turgebat.
1031 5685 1413 5758 Replebantur,
1444 5689 1680 5761 inquam,
1713 5705 1798 5746 ar-

1907 4449 2214 4521 rum,_ia_cta
2237 4464 2358 4503 eum
2380 4451 2470 4521 qui
2500 4451 2665 4521 talem
2696 4451 2823 4506 [θοὴ
2847 4459 2917 4515 te,
2950 4461 3009 4506 ut
3026 4453 3140 4521 ipse
3170 4451 3323 4505 fieret
3347 4449 3490 4521 inte.

1909 4517 2010 4583 Qui
2038 4519 2131 4590 tibi
2161 4533 2352 4590 munus
2382 4518 2724 4574 fecunditatis
2751 4523 2929 4575 attulit
2950 4517 3269 4590 conceptus,
3301 4528 3354 4574 et
3391 4520 3493 4572 de-

1908 4603 2004 4641 cus
2043 4588 2361 4654 virgiuitatis
2415 4604 2522 4642 non
2573 4591 2793 4645 abstulit
2838 4601 3016 4645 natus.
3053 4588 3154 4657 Qui
3179 4593 3492 4660 priusquam

1911 4666 2243 4729 nasceretur,
2278 4668 2330 4711 te
2358 4665 2584 4711 matrem
2632 4661 2854 4726 creavit,
2885 4669 2945 4715 ut
2984 4661 3131 4715 illinc
3173 4661 3495 4729 procederet

1907 4726 1974 4798 de
2006 4726 2241 4798 thalamo
2271 4741 2387 4798 suo,
2413 4742 2522 4798 quo
2545 4731 2860 4784 mortalibus
2889 4731 3060 4784 oculis
3089 4726 3272 4798 posset
3298 4728 3489 4798 videri.

1908 4794 2119 4858 Quanta
2168 4795 2266 4848 fuit
2314 4794 2442 4850 hac
2473 4797 2734 4864 dignatio,
2769 4809 2826 4852 ut
2855 4794 3132 4854 crearetur
3159 4815 3228 4853 ex
3257 4807 3312 4851 te
3354 4796 3490 4860 Rex,

1907 4877 2068 4930 qnam
2100 4865 2344 4936 _c:eavit;
2377 4873 2683 4933 portaretur
2718 4869 2967 4923 manibus
2993 4883 3122 4936 quas
3149 4866 3370 4929 creavit,
3398 4881 3493 4936 suo

1908 4931 2191 5012 geret
2229 4931 2402 5012 ubera
2430 4951 2549 5004 qum.
2579 4937 2853 5012 implevit;l
2903 4931 3048 5012 Qua's
3075 4937 3256 5006 itaque
3309 4933 3495 5012 laudes

1907 5001 2118 5074 caritati
2150 5001 2243 5074 Dici
2263 5001 2518 5069 dicemus,
2549 5001 2682 5073 quas
2709 5001 2908 5073 gr'atias
2930 5001 2984 5060 ei
3027 5001 3265 5074 agemus,
3297 5006 3387 5073 qui
3418 5004 3492 5058 ita

1906 5085 2006 5124 nos
2029 5072 2251 5150 ‘dilexit,
2305 5081 2364 5125 ut
2409 5072 2631 5150 propter
2668 5072 2767 5131 nus
2796 5077 2961 5132 homo
2991 5072 3250 5150 fieret,_ut
3274 5072 3489 5150 uterum

1907 5140 2230 5212 conditionis
2281 5140 2753 5212 nostratiutraret,
2787 5154 2846 5200 ut
2891 5145 3246 5201 contumelias
3269 5143 3380 5198 nati
3408 5143 3492 5195 in-

1908 5208 2067 5262 fantis
2092 5211 2313 5275 subiret,
2345 5221 2405 5265 ut
2431 5221 2622 5268 cuncta
2658 5208 3008 5270 humanitatis
3036 5214 3338 5269 necessaria
3367 5227 3491 5266 sus-

1910 5278 2138 5331 tineret?
2179 5279 2412 5351 Agentes
2436 5297 2565 5351 ergo
2605 5293 2864 5351 quantum
2903 5283 3198 5339 sufﬁcimus
3242 5281 3491 5338 Creatori

1911 5354 2098 5420 nostro
2127 5350 2346 5420 gratias,
2373 5350 2606 5405 natalem
2625 5350 3030 5420 pretiosissima
3056 5353 3344 5408 Genitricis
3367 5366 3490 5405 cum

1910 5415 2102 5484 gaudio
2139 5415 2491 5491 celebremus.
2523 5415 2750 5488 Dignum
2799 5439 3032 5491 namque
3077 5431 3160 5477 est
3186 5431 3245 5478 ut
3285 5423 3335 5476 ei
3363 5435 3490 5476 cum

1909 5499 2130 5562 summa
2146 5485 2804 5562 devotioneifamulcmur,
2827 5509 2924 5562 per
2943 5485 3111 5561 quam
3135 5493 3292 5549 nobis
3329 5491 3491 5558 virgi-

1910 5554 2095 5638 nitatis
2118 5556 2344 5638 insignia
2370 5559 2704 5638 pullularunt
2728 5580 2739 5613 :
2773 5554 3039 5638 siquidem
3068 5562 3181 5638 ipsa
3213 5563 3380 5638 _virgo
3402 5554 3493 5613 ἐι-

1909 5624 2047 5677 stitit
2088 5624 2585 5705 ante’conjugium,
2614 5632 2766 5705 virgo
2797 5624 2856 5705 in'
2876 5624 3144 5705 coniugio,
3176 5624 3491 5699 virgo'pm-

1909 5707 2103 5764 gnans,
2151 5699 2302 5764 virgo
2350 5699 2586 5765 pariens,
2628 5700 2780 5771 virgo
2819 5701 2944 5757 data
2987 5702 3207 5775 marito,
3231 5711 3287 5760 et
3315 5707 3492 5757 mater
