3912 6226
562 350 669 411 887

1401 343 1731 398 APPENDIX
1767 341 2037 396 OPERUII
2076 337 2130 392 S.
2174 340 2409 395 ΜΑΧΙΜΙ
2449 341 2906 398 τΑυπιΜῖΝδιδ.

3670 339 3768 401 833

563 473 660 530 ω,
687 463 778 518 sed
798 464 853 516 in
878 461 1058 530 virttis
1080 458 1132 528 (1
1158 458 1273 530 Cor.
1297 455 1391 521 iv).
1421 455 1562 522 Ergo
1582 457 1648 508 ad
1668 456 1989 530 merita_ejus
2015 455 2110 530 ali:
2139 459 2186 514 Α
2212 458 2340 530 geri.
2374 455 2482 510 Vos
2505 456 2688 530 enim,
2720 455 2918 522 inquit,
2961 455 3050 524 qui
3073 455 3246 510 dicitis
3288 455 3479 530 [ilium
3510 455 3602 508 Dei
3632 457 3761 510 Patri

561 523 690 601 quid
734 530 925 583 addere
951 523 1119 592 velle,
1141 526 1429 601 decerpere
1454 533 1557 588 est,
1596 525 1994 601 mepraacipue,
2021 523 2112 590 qui

563 591 618 654 e't
645 601 856 665 ignarus
883 609 1059 650 rerum
1086 591 1351 665 gestarum
1377 593 1476 646 sim
1495 633 1514 665 ,_
1541 602 1598 645 et
1612 591 1922 665 litterarum
1946 592 2112 658 impe-

561 657 695 720 ritus
735 678 1004 718 sacrarum
1030 703 1045 724 .
1073 657 1126 716 et
1169 661 1313 715 rudis
1335 657 1739 714 saeerdotalium
1759 657 2108 712 functionum.

563 731 862 786 Potuissent
902 740 1078 783 autem
1124 729 1393 796 prmdieari
1430 728 1544 782 haec
1583 727 1750 796 sancti
1777 727 2112 796 praeessoris

560 801 669 854 mei
704 814 800 853 usu
839 798 1078 860 facilius,
1109 794 1473 865 experimento
1514 795 1788 865 probatius
1812 833 1827 857 ,
1869 794 2110 865 doctrina

602 867 870 922 raeelarius
912 883 924 918 :
955 862 1203 918 domuum
1255 872 1309 918 et
1336 862 1541 931 patrem
1570 863 1871 931 specialiter
1895 862 2111 916 beatum

608 934 972 1001 imperantium
1025 933 1234 999 loquor,
1279 930 1370 1001 qui
1398 931 1496 984 fuit
1533 930 1649 1001 ejus
1675 930 1916 1001 minister
1936 931 1990 983 in
2018 944 2110 1001 sa-

557 998 1027 1078 cerdotio.-comes
1065 998 1119 1078 in
1146 998 1420 1068 martyrio,
1449 999 1715 1078 particeps
1737 999 1790 1052 iu
1818 999 2018 1078 labore.
2050 998 2108 1052 lu

556 1071 707 1138 cujus
748 1072 894 1124 vultu
939 1077 1182 1138 sanctum
1227 1065 1762 1138 quoque'Eusebium
1802 1067 2110 1138 viderenos

555 1134 838 1214 erodimus,
868 1145 922 1190 et
941 1136 1091 1214 quasi
1115 1137 1169 1188 in
1195 1134 1423 1214 quodam
1450 1135 1665 1214 speculo
1689 1135 1943 1214 bonitatis
1971 1134 2111 1189 illius

555 1206 834 1272 imaginem
862 1203 1201 1272 continemur;
1216 1203 1384 1257 ’facile
1404 1203 1553 1272 enim
1579 1205 1950 1272 cognoscimus
1969 1217 2108 1272 qua-

552 1273 617 1326 lis
643 1270 891 1340 magister
927 1271 1108 1334 fuerit,
1157 1272 1306 1337 cujus
1337 1271 1503 1340 talem
1532 1270 1923 1340 ,videmus
1950 1270 2109 1340 disci~

550 1338 750 1408 pulum;
799 1340 902 1394 Sed
929 1341 1180 1407 quoniam
1223 1338 1570 1408 confessionis
1598 1339 1736 1408 iilius
1762 1338 1945 1392 similis
1967 1338 2108 1391 hunc

549 1405 716 1477 gloria
755 1405 1058 1473 comitatu,
1106 1407 1307 1477 mavult
1349 1409 1577 1477 reticere
1619 1405 1802 1477 laudes
1829 1415 2104 1477 paternas,

551 1473 617 1530 ne
639 1477 882 1544 proprias
927 1477 1126 1544 pariter
1165 1475 1368 1542 jactare
1404 1475 1664 1544 videatur.
1708 1473 1851 1544 Quid
1883 1488 2012 1544 ergo
2039 1474 2107 1544 de

549 1540 806 1624 εηειὲιῐέίε.
841 1540 1055 1624 Eusebi
1105 1540 1272 1624 ειδτίξ
1294 1543 1612 1624 mdium,
1636 1540 1926 1624 cuius»?
1954 1540 2105 1624 ustas

549 1612 648 1664 ista
669 1606 738 1664 sit
757 1612 960 1677 gloria?
980 1610 1048 1662 Et
1072 1606 1190 1664 cum
1219 1606 1362 1665 dicat
1383 1606 1662 1677 Scriptura
1681 1606 1715 1661 :_
1741 1606 1919 1663 Gloria
1939 1606 2102 1677 patris

546 1688 632 1757 est.
644 1676 783 1758 filius
803 1677 1204 1758 εαρὶεηξ-(Ρνου.
1231 1680 1306 1746 x);
1337 1676 1548 1758 quanta:
1576 1676 1734 1758 hujus
1756 1686 1880 1758 sunt
1898 1676 2098 1758 gloriae,

544 1745 932 1815 qui’tantorum
982 1745 1206 1815 illiorum
1230 1745 1537 1815 isapientia_
1555 1753 1610 1799 et
1644 1745 1928 1815 devotione
1956 1745 2100 1798 laeta-

546 1815 673 1867 tur?
713 1813 770 1867 in
799 1813 1022 1883 Christo
1050 1814 1191 1868 enim
1220 1813 1344 1868 Jesu
1377 1830 1472 1883 per
1500 1813 1840 1883 Evangelium
1863 1814 1975 1881 ipse
2001 1829 2100 1867 nos

543 1883 742 1946 genuit.
782 1881 1048 1950 Quidquid
1095 1897 1220 1949 ergo
1267 1883 1318 1934 in
1366 1880 1465 1950 hac
1513 1889 1695 1935 sancta
1740 1880 1896 1949 plebe
1925 1888 2102 1949 potest

544 1965 662 2002 esse
686 1949 952 2003 virtutum
979 1958 1035 2003 et
1061 1953 1259 2016 gratim,
1289 1952 1341 2002 in
1363 1949 1417 2002 8.
1443 1950 1656 2003 Eusebii
1684 1951 1987 2016 magisterio
2010 1965 2099 2004 re-

544 2021 762 2084 peritur.
791 2017 871 2070 Ex
899 2019 1004 2071 hoc
1030 2025 1206 2071 autem
1235 2019 1386 2085 quasi
1423 2019 1674 2070 virtutum
1703 2016 1851 2071 fonte
1878 2016 2099 2071 lucidis-

539 2086 676 2138 simo
711 2085 1000 2138 rivulorum
1035 2087 1238 2152 puritas
1283 2086 1567 2138 emanavit.
1618 2085 1750 2137 Nam
1785 2085 1908 2153 quia
1939 2086 2101 2139 casti-

543 2153 665 2205 tatis
687 2154 867 2218 vigore
883 2153 1137 2222 pollebat,
1162 2155 1487 2222 propositum
1510 2154 1826 2218 virginitatis
1851 2155 2096 2217 instituit;

538 2222 662 2288 quia
689 2222 1024 2274 abstinentia:
1051 2221 1375 2286 gloriabatur
1401 2222 1654 2288 angustiis
1671 2259 1685 2279 .
1719 2222 2098 2275 monachorum

542 2289 834 2341 introduxit
875 2289 1014 2344 forte
1063 2291 1366 2354 servitium;
1404 2289 1527 2356 quia
1569 2289 1942 2342 blandimentis
1984 2297 2102 2342 erat

540 2357 788 2423 prmditus
827 2357 1060 2410 lenitatis
1081 2397 1095 2420 ,
1137 2367 1448 2411 cunctorum
1478 2357 1670 2410 civium
1700 2358 1751 2410 in
1781 2357 1946 2410 Deum
1971 2372 2100 2425 pro—

538 2425 750 2478 vocavit
797 2425 1070 2488 allectum;
1138 2427 1259 2493 quia
1325 2425 1579 2493 pontiﬁcii
1645 2425 2101 2478 administratione

539 2494 802 2558 fulgebat,
847 2493 1026 2561 plures
1067 2509 1132 2546 ex
1160 2494 1429 2561 discipulis
1468 2493 1751 2546 sacerdotii
1779 2494 1858 2546 sui
1889 2493 2102 2559 reliquit

540 2561 803 2624 limredes;
846 2563 1087 2628 quamvis
1134 2562 1371 2614 nonnulli
1426 2561 1607 2614 liberis
1644 2561 1753 2614 suis
1799 2561 2100 2629 relinquant

537 2629 651 2680 auri
698 2627 1009 2696 argentique
1055 2631 1350 2691 thesauros,
1401 2643 1556 2682 nemo
1585 2638 1760 2681 tamen
1782 2627 1968 2682 sancto
1995 2627 2100 2681 Eu-

537 2696 688 2749 sebio
717 2696 937 2750 ditiores
964 2697 1174 2765 reliquit
1202 2715 1214 2749 :
1243 2696 1504 2764 siquidem
1551 2712 1738 2750 omnes
1781 2697 2097 2749 exstiterunt

536 2769 629 2816 aut
655 2765 960 2834 sacerdotes
980 2807 996 2827 ,
1041 2775 1132 2818 aut
1171 2775 1449 2834 martyres.
1499 2765 1649 2824 Nam,
1696 2774 1752 2834 u_t
1780 2772 1987 2834 cmtera
2015 2774 2098 2816 ta-

536 2846 724 2901 ceam_,
746 2832 874 2884 illud
901 2848 1112 2901 quoque
1141 2832 1451 2886 admirabile
1479 2843 1579 2894 est,
1606 2832 1747 2900 quod
1776 2832 1831 2884 in
1861 2832 1960 2885 hac
1983 2847 2103 2886 san-

534 2908 620 2968 cta
654 2898 1159 2968 Ecclesia—eosdem
1202 2901 1492 2955 monachos
1539 2898 1765 2953 instituit
1810 2914 1928 2954 esse
1963 2915 2099 2968 quos

536 2967 778 3037 clericos,
809 2977 968 3036 atque
997 2969 1184 3022 iisdem
1212 2969 1569 3037 penetralibus
1597 2969 1949 3022 sacerdotalia
1979 2967 2099 3020 offi-

535 3036 616 3089 cia
645 3037 907 3090 contineri
929 3077 943 3100 ,
993 3039 1183 3104 quibus
1215 3036 1279 3090 iet
1317 3038 1598 3104 singularis
1625 3037 1939 3091 castimonia
1969 3051 2098 3089 con-

2215 524 2324 577 Deo
2351 524 2608 590 aequalem
2634 538 2752 579 esse
2772 539 2878 578 non
2909 539 3093 592 posse,
3120 539 3218 577 cur
3243 524 3376 592 mihi
3409 524 3763 592 tilium_meum

2212 592 2554 672 prietulisiis?
2589 592 2703 672 Qu_a
2743 590 3062 672 illi_r_atione
3099 591 3327 672 permoti
3355 592 3535 672 statim
3563 590 3621 642 S.
3655 591 3761 672 Dio.

2210 660 3761 792 ῗὲἶίῗρῗιἯῖθξέἓιὶδΕωῗῖἓᾝὲἓςιεεέ⁰⁹ὄῗι⁰ω¹ῗτῗέ¹ῗιὲζ

2211 812 2345 864 pans
2367 804 2421 851 et
2437 797 2683 861 irridens,
2709 797 2784 865 ait
2805 813 2818 825 ’
2843 795 3023 865 Neque
3043 810 3142 864 ego
3160 809 3247 849 me
3265 797 3458 848 vestris
3484 795 3758 865 sceleribus

2209 862 2392 932 polluo
2413 905 2428 928 ,
2474 879 2648 932 neque
2704 862 2866 917 illium
2912 862 3096 917 meum
3135 865 3407 932 vobiscum
3455 864 3759 930 participare

2209 930 2481 1000 permitto.
2531 930 2682 988 [inde
2723 947 2844 986 cum
2889 932 3032 986 dicat
3057 932 3165 1000 39
3191 930 3540 999 Evangelium
3580 932 3633 983 in
3674 931 3759 985 hac

2209 1001 2554 1070 generatione
2580 1000 2950 1070 prudentiores
2978 1000 3114 1070 filios
3139 1000 3482 1070 tenebrarum
3493 1013 3666 1070 quam
3695 1000 3759 1070 lu-

2209 1068 2320 1122 cis:
2353 1084 2478 1124 ecce
2524 1066 2606 1123 his
2647 1069 2774 1136 ipsis
2820 1069 3055 1122 tenebris
3097 1067 3410 1136 prudentior
3454 1066 3597 1118 [ilius
3644 1069 3758 1121 lucis

2210 1136 2452 1192 inventus
2500 1145 2600 1190 est.
2645 1135 2793 1190 Tunc
2839 1136 2911 1189 illi
2941 1135 3173 1203 graviter
3201 1135 3538 1200 indignantes
3573 1136 3756 1203 ita_ne-

2207 1205 2425 1272 quitiam
2471 1219 2621 1259 suam
2648 1205 2806 1257 fuisse
2849 1201 3118 1265 delusam,
3161 1204 3314 1256 novis
3350 1217 3471 1255 eum
3500 1217 3602 1268 per
3624 1201 3757 1254 Con-

2207 1274 2456 1326 stantium
2502 1273 2792 1340 principem
2839 1272 3172 1340 passionibus
3225 1279 3610 1340 vexaverant;
3646 1285 3755 1321 nam

2204 1349 2330 1459 rost
2356 1337 2547 1421 multas
2575 1337 2793 1407 injurias
2833 1337 3064 1394 Orientis
3087 1341 3253 1408 plagae
3280 1339 3428 1391 illum
3458 1337 3649 1417 exsilio
3678 1354 3754 1416 re-

2227 1417 2448 1459 eaarunt
2468 1449 2484 1459 .
2517 1424 2568 1459 in
2589 1423 2698 1459 auo
2725 1417 2867 1459 tanta
2894 1423 3083 1459 uassus
3119 1417 3228 1459 est.
3267 1415 3326 1459 ut
3352 1413 3594 1459 martvru
3634 1421 3754 1457 ιπη-

2227 1417 2484 1478 egerunt,
2517 1410 2568 1478 in
2589 1406 2698 1474 quo
2725 1417 2867 1460 tanta
2894 1406 3228 1478 passus—est,
3267 1415 3327 1478 ut
3352 1406 3594 1478 martyrii
3634 1406 3756 1457 invi-

2204 1474 2344 1528 ctam
2369 1476 2647 1530 victoriam
2669 1474 2982 1544 reportaret.
3016 1475 3218 1530 Dicitur
3243 1474 3388 1544 enim
3413 1474 3555 1526 inter

2203 1545 2507 1612 passionum
2544 1542 2743 1612 genera
2783 1544 2887 1597 hoc.
2911 1544 3120 1612 poenale
3159 1542 3421 1612 passionis
3437 1542 3755 1612 supplicium

2203 1609 2513 1679 pertulisse,
2559 1609 2618 1664 ut
2657 1611 2780 1665 dum
2822 1609 3237 1678 interrogaretur
3264 1609 3330 1663 ab
3359 1609 3606 1679 Arianis,
3629 1618 3681 1661 et
3703 1623 3757 1661 se

2204 1693 2386 1748 eorum
2428 1678 2820 1734 communicare
2849 1679 3080 1748 perﬁdim
3116 1679 3452 1745 denegasset,
3495 1678 3755 1731 scalarum

2203 1747 2424 1816 proclivi
2461 1756 2632 1801 tractu
2658 1747 2876 1816 supinis
2904 1747 3127 1816 pedibus
3155 1748 3231 1816 ad
3253 1747 3415 1799 imum
3443 1761 3615 1816 Inun
3644 1759 3755 1810 Ρετ-

2204 1815 2531 1876 traheretur;
2572 1825 2628 1868 et
2651 1813 2842 1869 iterum
2867 1813 3146 1869 revocatus
3174 1815 3238 1868 ad
3262 1829 3562 1873 summum,
3596 1813 3754 1865 inter-

2200 1891 2416 1949 rogatus
2441 1882 2647 1951 denuo,
2675 1899 2796 1937 cum
2823 1883 3009 1937 eadem
3035 1883 3415 1951 respondisset,
3442 1881 3631 1951 eadem
3661 1895 3750 1946 pa-

2201 1948 2426 2031 _ter_etur;
2459 1965 2536 2031 ‘ac
2580 1949 2906 2031 frequentem
2952 1948 3418 2031 interrogationem
3437 1948 3754 2031 frequenter

2198 2017 2498 2086 hujusmodi
2523 2016 2835 2086 supplicium
2863 2018 3020 2072 fuerit
3047 2020 3404 2086 subsecutum.
3437 2016 3493 2070 ln
3514 2033 3620 2085 qua
3643 2032 3755 2085 pas-

2199 2034 3752 2156 2333πὲωέἕὲῗῖ¹⁰ἓ.Ὓι;2ἴ¹ιὲἒε¹ἱ⁰ἲὲἓι¹ἒὶ⁰ἔι“ιίιε¹¹ἐ.ἶινζ

2199 2162 2311 2220 put,
2335 2155 2522 2208 elisum
2543 2170 2755 2222 corpus,
2777 2153 3014 2222 membra
3036 2153 3324 2216 confracta,
3356 2155 3566 2222 animus
3586 2161 3753 2205 nmen

2199 2219 2320 2290 lidei
2358 2223 2550 2275 mansit
2579 2219 2822 2290 invictus.
2869 2219 3001 2277 Nam
3035 2227 3235 2289 querito
3263 2223 3384 2290 plus
3411 2221 3608 2273 Ariana
3638 2236 3750 2290 per-

2200 2287 2320 2343 l‘ulia
2349 2289 2698 2358 corporaliter
2723 2290 3012 2353 lacerabat,
3050 2287 3201 2343 tanto
3225 2287 3391 2358 magis
3422 2304 3546 2342 eum
3572 2287 3752 2358 catho-

2200 2359 2301 2411 lica
2330 2356 2607 2425 integritas
2632 2359 2977 2425 spiritualiter
2999 2359 3290 2414 refovebat.
3331 2357 3504 2422 Quem
3541 2356 3748 2424 quidem

2199 2426 2458 2480 scalarum
2509 2440 2784 2495 ascensum
2831 2435 2991 2495 atque
3029 2427 3338 2495 descensum
3368 2425 3749 2495 possumusdi-

2199 2509 2319 2548 cere
2401 2509 2521 2547 nem
2567 2493 2738 2548 Jacob
2785 2493 3055 2548 somnians
3145 2494 3484 2562 rophetavit:
3537 2502 3594 2545 et
3627 2494 3750 2545 sicut

2200 2562 2287 2614 ille
2313 2511 2443 2614 vidit
2485 2562 2644 2614 etiam
2690 2562 2816 2614 istas
2859 2564 3029 2614 scalas
3067 2511 3140 2614 ag
3171 2563 3276 2614 imo
3306 2561 3370 2614 ad
3397 2562 3641 2614 caelestia
3657 2561 3750 2614 '10

2200 2562 2287 2615 ille
2313 2561 2443 2615 vidit
2485 2562 2644 2642 etiam
2690 2562 3029 2642 istas.scaias
3067 2561 3136 2614 ab
3171 2561 3276 2642 imo
3306 2561 3370 2614 ad
3397 2561 3752 2642 cinlestiajo

2201 2645 2366 2697 usque
2403 2631 2744 2709 pertingere;
2801 2630 3058 2710 siquidem
3105 2645 3200 2710 per
3248 2629 3349 2708 itas
3397 2637 3453 2681 et
3499 2629 3750 2682 Eusebius

2201 2696 2442 2751 ascendit
2488 2697 2555 2750 ad
2581 2699 2773 2752 omium
2791 2735 2806 2758 ,
2848 2706 2902 2752 et
2941 2697 3122 2751 Ariani
3151 2697 3218 2750 ad
3246 2697 3447 2750 inferos
3472 2697 3754 2750 descende-

2199 2773 2338 2818 runt.
2376 2764 2542 2829 Unde,
2566 2765 2772 2829 fratres,
2795 2765 2850 2818 S.
2876 2765 3158 2819 Eusebium
3181 2765 3606 2819 Machabmoruui
3628 2781 3751 2817 mar-

2199 2840 2370 2902 tyrum
2400 2834 2566 2902 choro
2592 2834 3047 2902 annumerandum
3073 2842 3220 2901 puto.
3252 2831 3526 2902 Siquidem
3557 2834 3630 2886 illi
3654 2836 3751 2886 si».

2197 2901 2333 2966 gulis
2380 2901 2632 2971 membris
2683 2902 2992 2971 martyrium
3039 2900 3408 2968 pertulerunt;
3440 2900 3546 2971 _hic
3591 2911 3754 2952 autem

2199 2971 2359 3037 totius
2386 2970 2624 3037 corporis
2651 2967 2896 3037 passione
2927 2967 3201 3022 Dominum
3230 2971 3297 3023 sit
3325 2967 3604 3022 confessus
3621 3007 3636 3029 ,
3666 2984 3754 3037 nec

2199 3035 2465 3104 diSparem
2482 3035 2675 3090 eorum
2707 3052 2824 3090 esse
2852 3037 3108 3104 gratiam,
3139 3051 3274 3102 quos
3309 3037 3473 3092 etiam
3517 3052 3621 3088 una
3648 3035 3754 3088 dies

533 3112 796 3174 servatur,
841 3113 897 3158 ut
921 3114 1060 3158 esset
1087 3107 1137 3158 in
1164 3105 1290 3174 ipsis
1319 3106 1442 3160 viris
1469 3113 1804 3174 contemptus
1832 3119 2010 3174 rerum
2039 3113 2095 3157 et
2120 3114 2164 3174 (ζ
2197 3105 2248 3157 in
2277 3105 2841 3174 martyrio_c0pulavit.

535 3173 801 3226 accuratio
828 3174 1102 3226 levitarum
1124 3193 1134 3225 :
1155 3172 1211 3226 u't
1235 3175 1277 3227 si
1304 3175 1510 3228 videres
1525 3172 1830 3227 monasterii
1850 3172 2089 3236 lectulos,

535 3241 709 3310 instar
735 3242 1006 3294 orientalis
1052 3243 1307 3310 propositi
1345 3242 1640 3309 judicares;
1683 3243 1728 3294 si
1757 3241 2098 3294 devotionem

535 3308 712 3362 clerici
736 3308 1082 3376 perspiceres,
1116 3308 1558 3376 angeliciordinis
1577 3309 1948 3363 observatione
1969 3323 2099 3375 gau-

537 3325 712 3362 crencn
773 3325 858 3363 ers
898 3326 1082 3373 Iccres,
1116 3325 1338 3376 angencn
1359 3325 1558 3364 oruuns
1577 3325 1948 3363 observatione
1969 3325 2098 3375 gau-

537 3377 711 3430 deres.
736 3325 892 3431 ἣΙυῖ
901 3387 1076 3432 autem
1105 3388 1282 3432 tacere
1310 3380 1525 3431 omnino
1554 3393 1658 3430 non
1690 3377 1937 3439 arbitror,
1955 3376 2098 3444 quod

533 3460 654 3498 cum
683 3446 996 3515 Arianorum
1031 3447 1360 3501 detestabilis
1386 3444 1602 3515 perfidia
1636 3454 1800 3498 totam
1829 3459 1948 3515 cum
1981 3445 2098 3515 uni-

535 3524 689 3567 verso
736 3513 935 3568 mundo
976 3515 1179 3568 italiam
1227 3511 1622 3584 perturbasset,
1671 3523 1829 3633 salsae
1857 3511 2095 3575 ejusdem

535 3582 847 3633 Destilentiaa
921 3585 1228 3633 sacerdotes
1291 3583 1681 3633 simnlicitatem
1794 3620 1806 3631 .
1864 3580 2095 3633 Dionvsii

534 3582 847 3650 pestilentiae
921 3580 1241 3638 sacerdotes
1291 3583 1681 3650 simplicitatem
1749 3580 1806 3633 8.
1864 3580 2099 3650 Dionysii

535 3649 780 3718 martyris
822 3654 1216 3718 captivassent,
1268 3653 1337 3704 ita
1388 3649 1446 3704 ut
1492 3650 1931 3717 subscriptionem
1981 3649 2096 3715 ejus

535 3701 798 3787 vinctilum
829 3701 1134 3783 relinerent,
1166 3701 1267 3787 qua
1296 3721 1435 3772 illum
1466 3736 1496 3773 e
1525 3701 1766 3771 manibiis
1795 3701 2096 3787 eorumsa-

567 3786 732 3856 rientla
761 3787 1018 3856 liberavit.
1053 3783 1198 3841 Sicut
1227 3790 1364 3841 enim
1396 3789 1468 3840 ait
1496 3788 1550 3840 S.
1577 3789 1848 3856 apostolus
1870 3783 2090 3856 Paulus:

584 3865 725 3936 actus
765 3870 876 3936 sum
892 3854 1115 3936 'J‘uda'is
1149 3865 1396 3936 tanquam
1425 3851 1650 3936 Judaeui,
1694 3865 1748 3905 ut
1773 3851 1983 3936 iudieiis
2013 3854 2093 3905 lu-

530 3924 832 3992 crifacerem
859 3921 912 3989 (1
941 3923 1059 3978 Cor.
1091 3925 1164 3989 ix)
1190 3941 1204 3988 ;
1249 3921 1317 3977 ita
1349 3924 1605 3978 Eusebius
1633 3921 1897 3992 haereticis
1923 3924 2092 3992 ligure-

532 3989 692 4044 ticum
729 4006 786 4046 se
815 4006 931 4044 esse
965 3994 1213 4045 mentitus
1241 4003 1340 4054 est,
1375 4003 1430 4044 ut
1458 3993 1524 4046 de
1550 3993 1735 4045 haeresi
1764 3989 1926 4042 filium
1955 3989 2092 4041 libe-

529 4068 689 4112 raret.
724 4057 864 4112 Dixit
897 4062 1036 4112 enim
1075 4077 1132 4113 se
1174 4076 1355 4113 eorum
1387 4063 1685 4113 consentire
1713 4055 1962 4119 perﬁdiae,
1991 4059 2092 4110 hoc

529 4076 689 4112 raret.
725 4076 864 4112 unxit
897 4076 1036 4112 enim
1075 4077 1132 4113 se
1174 4076 1355 4113 eorum
1387 4076 1685 4113 consentire
1749 4076 1962 4119 ernuue,
1991 4076 2090 4110 noc

528 4127 627 4196 sibi
674 4128 884 4196 placere
931 4130 1071 4195 quod
1120 4130 1250 4191 illis;
1284 4129 1376 4180 sed
1403 4129 1542 4196 quod
1573 4129 1668 4182 sibi
1697 4076 1860 4179 illium
1892 4127 2090 4192 Diony-

529 4195 682 4251 sium’
706 4197 759 4249 in
799 4195 1178 4253 subscribendo
1224 4195 1593 4266 prmponcrent
1631 4197 1862 4263 graviter
1889 4209 1947 4247 se
1977 4210 2092 4246 mo-

2274 3170 2492 3242 (Monet
2525 3170 2831 3242 Gallandius
2868 3174 3100 3242 mutilum
3135 3189 3245 3226 esse
3278 3174 3414 3242 [nunc
3441 3187 3751 3242 meum.

2203 3257 2262 3294 eo
2284 3239 2422 3311 'quod
2449 3243 2504 3292 in
2534 3241 2706 3293 codice
2721 3242 2998 3311 archetypo
3032 3241 3200 3311 desint
3231 3241 3418 3296 alim
3452 3239 3686 3308 pagina,
3711 3247 3756 3290 et

2204 3309 2427 3378 annectit
2455 3325 2664 3378 sequens
2702 3309 3093 3378 fragmentum.)

2272 3377 2413 3430 inter
2441 3375 2560 3437 ista,
2593 3375 2870 3440 carissimi,
2899 3377 2966 3429 de
2994 3375 3310 3430 Machabmis
3337 3375 3588 3428 fratribus
3607 3388 3756 3441 quam

2202 3446 2431 3498 maxime
2459 3445 2726 3499 exsultare
2754 3460 2850 3498 nos
2869 3445 3140 3510 convenit,
3169 3459 3397 3510 quorum
3427 3452 3615 3495 masta
3643 3443 3755 3508 qui-

2200 3512 2321 3565 dem
2347 3514 2543 3579 passio,
2572 3513 2664 3565 sed
2695 3513 2810 3566 lmta
2836 3512 3058 3565 victoria
3083 3512 3398 3565 hodiernam
3430 3511 3583 3564 nobis
3615 3510 3753 3579 festi-

2201 3577 2416 3633 vitatém
2447 3581 2720 3648 multiplici
2749 3580 2940 3647 gaudio
2968 3581 3274 3648 cumulavit.
3321 3577 3753 3646 Quandoquidem

2197 3658 2620 3769 propugnatores
2649 3649 2966 3728 evangelium2
2993 3647 3112 3702 ﬁdei
3141 3648 3496 3726 custodesque
3523 3655 3749 3726 paterin:

2215 3731 2328 3769 eius
2357 3732 2516 3769 unum
2544 3715 2772 3769 confcssr
2819 3716 3099 3769 Dominum
3138 3717 3235 3769 sub
3265 3730 3422 3768 unius
3449 3715 3544 3769 Dei
3591 3722 3749 3767 certa-

2215 3715 2328 3783 egis
2357 3732 2516 3770 unum
2544 3715 2772 3772 confessi
2819 3716 3099 3769 Dominum
3138 3717 3235 3769 sub
3265 3717 3422 3768 unius
3449 3715 3544 3769 Dei
3591 3722 3752 3767 certa-

2197 3787 2337 3839 mine
2360 3785 2768 3853 triumpharunt.
2812 3783 2962 3838 Sicut
2989 3785 3130 3838 enim
3174 3784 3463 3837 Machabaei
3490 3783 3560 3836 ob
3587 3784 3749 3853 bono-

2195 3869 2310 3906 rem
2343 3854 2434 3906 Dei
2457 3850 2837 3921 omnipotentis
2867 3853 3140 3921 tyrannica
3165 3854 3658 3921 virereitormenta,
3685 3850 3748 3901 ita

2196 3923 2407 3975 beatum
2444 3921 2727 3974 Eusebium
2763 3920 2855 3973 Dei
2882 3920 2962 3973 sui
3003 3921 3246 3986 injuriam
3277 3920 3607 3973 refellentem
3633 3932 3748 3985 per-

2195 3990 2528 4056 sequentium
2580 4004 2685 4042 non
2729 3996 2952 4057 potuere
2980 4001 3235 4056 superare
3280 3989 3562 4056 supplicia.
3587 3987 3748 4057 Atque

2196 4054 2314 4110 ideo
2345 4074 2441 4110 nos
2469 4054 2828 4125 praesenti—die
2864 4054 3171 4111 sanctorum
3216 4057 3282 4111 de
3328 4054 3501 4110 morte
3529 4054 3747 4122 gaudea-

2195 4141 2330 4185 mus,
2359 4127 2479 4194 quia
2511 4135 2823 4194 perpetuam
2849 4140 2958 4180 non
2995 4125 3299 4183 dubitamus
3338 4140 3433 4180 eos
3459 4125 3622 4181 vitam
3643 4135 3747 4175 uie-

2193 4195 2359 4247 ruisse
2387 4201 2509 4263 post
2543 4203 2792 4250 mortem.

1904 4307 2170 4368 SERMO
2214 4307 2389 4366 XXI.

1334 4408 1464 4460 Item
1493 4409 1555 4460 de
1577 4409 1636 4461 S.
1668 4407 1889 4461 Eusebio
1920 4413 2154 4478 episcopo
2187 4418 2233 4460 et
2259 4415 2483 4475 martyre
2510 4407 2817 4462 Vercellensi
2855 4408 2937 4461 ll.

530 4495 917 4567 Augurius-ruit.
947 4527 1016 4536 -—
1055 4494 1115 4567 ις.
1143 4495 1411 4567 Eusebith
1459 4498 1729 4549 indivisam
1774 4497 1932 4567 Verbi
1972 4514 2084 4550 cum
2117 4501 2159 4556 D
2190 4496 2402 4551 Eusebii
2432 4498 2748 4567 suspicimus
2793 4499 3004 4562 merita,
3046 4514 3203 4567 quem
3249 4513 3350 4566 pro
3395 4499 3740 4553 retributione

597 4563 756 4614 Patre
787 4566 1035 4634 unitatem
1063 4565 1306 4632 defendit.
1355 4565 1582 4634 Ecclesia
1622 4565 1853 4617 manibus
1883 4568 2082 4634 iniquo-

595 4647 709 4682 rum
735 4633 930 4702 piilsus,
963 4647 1152 4702 secum,
1171 4649 1463 4702 quocunque
1483 4633 1607 4693 ibat,
1641 4635 1874 4697 portabat
1904 4633 2082 4685 Escle-

594 4701 746 4752 sium.
773 4699 847 4751 De
869 4699 1112 4767 agonibus
1136 4699 1484 4769 laboribusque
1511 4718 1634 4769 quos
1656 4702 1741 4753 ille
1756 4705 1990 4766 pertulit;
2023 4702 2085 4753 de

599 4769 895 4840 fortitudine
925 4770 1103 4840 triatria
1144 4768 1558 4840 Maeliabmorum
1595 4781 1892 4840 martyrum,
1927 4771 2083 4840 deque

597 4835 906 4907 gravissimis
928 4835 1105 4906 quibus
1145 4838 1196 4888 hi
1219 4840 1384 4890 necati
1413 4847 1527 4889 sunt
1555 4835 1835 4906 suppliciis.

597 4965 728 5019 Dum
769 4965 835 5017 ad
863 4965 1116 5033 obsequia
1141 4967 1455 5020 veneranda:
1503 4965 1886 5021 recordationis
1932 4984 2080 5022 com-

527 5036 699 5089 munis
725 5034 890 5102 patris
914 5035 1079 5086 nostri
1111 5034 1319 5088 Eusebii
1358 5036 1704 5088 confessionis
1734 5037 1848 5102 ejus
1877 5038 2080 5091 honore

525 5105 908 5174 concurrimus,
941 5103 1243 5174 religiosum
1265 5102 1532 5174 reddimus
1557 5103 1864 5158 famulatum
1895 5118 2082 5174 perpe-

529 5181 618 5224 tuo
647 5172 1007 5241 confessorum
1030 5173 1251 5225 auctori.
1279 5172 1538 5240 Quidquid
1567 5175 1706 5227 enim
1728 5189 1851 5241 erga
1881 5172 2082 5229 electos

530 5242 618 5292 vei
648 5240 942 5312 devotionis
977 5240 1348 5312 impendimus,
1390 5243 1498 5312 Deo
1527 5251 1696 5296 totum
1719 5285 1731 5308 ,
1763 5240 1850 5312 qui
1884 5245 2082 5298 electos

525 5323 650 5360 suos
677 5308 990 5372 sanctiﬁcat,
1022 5310 1348 5361 exhibemus.
1396 5310 1521 5373 Quis
1552 5321 1728 5364 autem
1778 5308 2082 5366 sanctorum

526 5375 809 5428 memorias
837 5375 1195 5457 cqnfessorum
1217 5392 1322 5457 ξροη
1351 5377 1510 5457 pleno
1531 5378 1874 5457 perfectoque
1901 5395 2081 5433 amore

523 5453 827 5506 veneretur,
871 5442 939 5496 de
979 5445 1170 5510 quibus
1213 5442 1466 5500 Dominus
1513 5442 1574 5501 ac
1611 5442 1856 5500 Salvator
1901 5457 2084 5502 noster

523 5513 598 5585 ait
621 5530 633 5564 :
669 5511 768 5574 Qui
792 5527 870 5564 me
889 5516 1147 5582 confessus
1169 5516 1321 5585 fuerit
1346 5531 1516 5568 coram
1537 5517 1842 5581 hominibus,
1869 5518 2083 5585 conﬁte-

520 5581 616 5653 bor
661 5589 710 5653 et
755 5581 1000 5653 ego
1033 5581 1202 5635 coram
1253 5582 1412 5636 Patre
1447 5601 1580 5648 meo,
1616 5587 1698 5653 qui
1734 5594 1808 5637 est
1845 5587 1904 5653 in;
1946 5581 2084 5638 italis

517 5646 736 5722 (Matth.
761 5646 835 5719 ι’).
865 5649 1026 5703 Valde
1057 5664 1181 5719 ergo
1207 5653 1358 5706 nobis
1387 5663 1464 5708 est
1485 5646 1734 5717 salutare,
1767 5651 1910 5717 quod
1940 5654 2081 5710 beati

2187 4573 2408 4634 servata:
2455 4565 2573 4634 lidei
2613 4570 2749 4634 apud
2779 4565 3158 4634 sempitern—um
3204 4565 3417 4620 Patrem
3461 4577 3744 4621 comternus

2188 4633 2352 4686 Filius
2380 4633 2677 4702 conﬁtetur.
2715 4633 2987 4688 Advertite
3027 4637 3204 4702 itaque
3225 4675 3239 4698 ,
3271 4636 3550 4699 carissimi,
3579 4651 3741 4702 quan-

2186 4711 2294 4754 tam
2335 4703 2492 4755 beato
2527 4701 2754 4756 Eusebio
2774 4704 3041 4770 paraverit
3051 4704 3282 4825 (gloriam
3304 4703 3502 4756 vixisse
3522 4701 3741 4766 Christo,

2189 4779 2243 4822 et
2265 4779 2494 4822 mortem
2525 4785 2631 4822 non
2662 4771 2900 4824 timuisse
2929 4786 3026 4825 pro
3097 4772 3261 4823 bristo
3285 4812 3299 4825 .
3333 4781 3392 4823 ut
3419 4772 3494 4823 ait
3525 4773 3741 4825 Aposto-

2189 4779 2243 4822 et
2265 4779 2494 4822 mortem
2525 4785 2631 4822 non
2662 4771 2900 4824 timuisse
2929 4786 3026 4835 pro
3051 4771 3261 4825 Christo
3285 4812 3299 4835 ,
3333 4781 3392 4823 ut
3419 4772 3494 4823 ait
3525 4773 3744 4838 Aposto-

2190 4839 2286 4889 lus.
2323 4838 2456 4890 Mihi
2494 4849 2662 4891 autem
2693 4841 2854 4892 viuere
2897 4838 3128 4892 Christus
3167 4849 3267 4899 est,
3311 4849 3360 4891 et
3401 4843 3532 4892 mori
3559 4843 3743 4892 lucrum

2193 4906 2420 4976 (Philip.
2445 4907 2506 4976 ι).
2557 4906 2684 4960 Erat
2727 4909 2908 4976 utique
2937 4908 3042 4961 vita
3087 4908 3160 4961 illi
3189 4907 3437 4961 Christus
3461 4947 3476 4971 ,
3508 4910 3628 4976 quia
3657 4923 3744 4975 per

2187 4975 2539 5044 spiritualiUm
2586 4975 2839 5029 virtutum
2895 4977 3162 5030 tramitem
3206 4977 3492 5044 gradiens,
3525 4975 3742 5042 absque

2186 5041 2397 5095 Christo
2431 5045 2608 5098 vivere
2659 5045 2946 5097 nesciebat.
2987 5045 3116 5097 Erat
3155 5041 3299 5098 ei'et
3345 5047 3482 5097 mori
3527 5041 3737 5104 lucrum,

2225 5113 2308 5164 uia
2337 5112 2382 5164 si
2411 5112 2605 5166 damno
2651 5114 2927 5180 praesentis
2947 5114 3066 5165 vita:
3104 5113 3417 5180 transirete
3439 5114 3652 5171 saeculo.
3682 5111 3742 5163 al

2225 5127 2308 5164 uia
2337 5127 2382 5164 s1
2411 5127 2605 5166 uamno
2651 5127 2927 5180 pnesenus
2947 5127 3066 5165 VILB
3104 5127 3355 5164 transiret
3380 5127 3412 5164 e
3439 5127 3652 5171 saeculo.
3682 5127 3741 5163 al

2185 5127 2452 5234 Christum
2483 5194 2726 5248 pergens,
2759 5181 2891 5248 εαξΙί
2914 5195 2972 5232 se
3007 5189 3228 5233 noverat
3273 5178 3486 5248 divitias
3506 5181 3741 5248 lucratu-

2186 5266 2322 5302 rum.
2350 5246 2499 5302 Unde
2528 5246 3016 5315 et‘gloriosissimus
3057 5248 3156 5300 iste
3183 5246 3460 5301 confessor
3487 5247 3740 5301 Christum

2187 5318 2468 5369 Dominum
2499 5327 2552 5370 et
2573 5319 2751 5384 vivens
2779 5316 3050 5384 qumsivit,
3098 5323 3152 5368 et
3179 5316 3419 5384 moriens
3449 5315 3736 5384 acquisivit.

2186 5385 2438 5449 Qumsivit
2466 5385 2648 5437 vivens
2676 5383 2973 5446 Christum,
3005 5396 3125 5436 cum
3171 5383 3424 5450 salutaria
3467 5383 3580 5450 ejus
3615 5395 3738 5450 pne-

2186 5448 2338 5521 cepta
2367 5453 2671 5508 custodiens
2700 5452 2978 5505 indivisam
3005 5451 3162 5504 Verbi
3185 5465 3305 5504 cum
3341 5448 3506 5521 Patre
3525 5448 3736 5521 asseruit

2187 5518 2778 5594 un'itatem._Acquisivit
2809 5535 2929 5594 eum
2960 5521 3230 5583 moriens,
3264 5531 3396 5594 cum
3431 5519 3496 5572 ad
3523 5518 3734 5594 societa-

2190 5598 2294 5640 tem
2341 5590 2487 5657 regni
2537 5588 2651 5651 ejus
2689 5589 2929 5657 corporis
2974 5599 3146 5641 morte
3175 5588 3423 5657 transivit
3470 5605 3482 5637 :
3532 5596 3583 5639 et
3622 5588 3733 5651 quia

2188 5671 2344 5710 unam
2377 5653 2547 5709 Patris
2571 5653 2808 5718 Filiique',
2839 5657 2975 5710 sicut
2999 5664 3106 5713 est.
3135 5656 3484 5709 substantiam
3515 5670 3617 5708 non
3645 5668 3732 5704 ne—
