3912 6226
528 323 627 382 ΜΗ

1374 316 1707 372 APPENDIX
1743 317 2020 371 OPERUM
2059 318 2114 372 S.
2156 317 2393 373 MAXIM!
2433 317 2894 373 TAURINENSIS.

3667 319 3767 376 892

533 445 740 505 septum
767 433 945 488 varios
972 431 1610 505 cobabitantin_m__mo[es
1641 433 1689 484 in
1742 447 1901 485 uuam
1947 433 2091 505 coire
2123 439 2163 491 Α
2196 433 2450 505 Ecclesia.
2483 435 2768 505 Machabzei
2807 433 3115 505 multimoda
3147 441 3541 505 tormentorum
3577 449 3771 505 genera

534 500 902 566 concordiam;
934 510 1186 568 tantaque
1205 501 1343 568 apud
1363 501 1508 553 illum
1530 500 1627 553 fuit
1656 514 1897 552 mensura
1930 509 1984 554 et
2011 500 2092 553 di-

536 573 760 640 sciplina
790 569 1016 640 vivendi,
1033 578 1113 640 _nt
1157 568 1466 640 quotidiauo
1493 576 1826 622 accrescente
1853 568 2095 640 profectu

534 636 894 695 habitaculum
922 636 1051 692 illud
1091 653 1194 691 non
1238 637 1347 704 jam
1376 637 1707 690 diversorum
1752 638 2095 704 congregatio

538 709 874 771 clericorum,
902 705 998 760 sed
1020 703 1457 762 consacerdotum
1496 704 1774 769 collegium
1804 703 2094 766 videretur,

539 779 592 831 in
622 785 824 829 tantum
853 783 911 829 ut
939 784 1187 842 tanquam
1214 772 1282 825 de
1305 773 1591 842 seminario
1629 772 1819 839 optimi
1845 772 2097 842 germinis

540 859 636 913 per
658 844 1029 913 complurimas
1049 840 1300 913 civitates
1329 841 1700 913 expetentibus
1737 840 1946 907 populis
1971 840 2094 913 _l_ar-

539 907 740 978 giretur
764 907 1078 965 icctissimns
1101 910 1168 963 de
1209 924 1302 962 sua
1332 907 1661 962 institutione
1690 917 1948 978 pastores.
1971 907 2100 978 Erat

541 977 683 1034 enim
711 980 761 1031 in
791 979 1054 1042 omnibus,
1089 983 1237 1035 tanto
1284 978 1519 1044 principe
1566 977 1922 1044 praecedente,
1945 977 2098 1043 spiri-

543 1048 726 1100 talium
772 1045 1066 1100 ciliciorum
1113 1044 1373 1099 indefessa
1419 1045 1710 1107 sedulitas,
1756 1044 2098 1112 parcimoniae

541 1115 948 1180 sobrietatisque
984 1113 1200 1176 sanitas,
1240 1114 1477 1166 caritatis
1504 1111 1730 1167 dulcedo
1751 1111 1770 1178 ,ί
1795 1121 2098 1180 mansuetu—

543 1183 681 1236 dinis
707 1179 892 1248 gratia,
915 1180 1151 1234 custodia
1193 1182 1471 1234 castitatis.
1504 1181 1630 1244 Quze
1659 1181 1854 1238 omnia,
1886 1179 2097 1240 fratres,

544 1251 643 1304 etsi
671 1249 943 1316 generatio
983 1255 1165 1301 nostra
1194 1249 1482 1316 adimplere
1511 1263 1615 1302 non
1645 1248 1914 1316 praevalet,
1942 1248 2102 1316 habet

544 1315 721 1370 tamen
745 1318 795 1370 in
827 1325 975 1384 patre
1003 1317 1205 1384 Optimo
1231 1315 1513 1383 posteritas
1541 1315 1666 1383 quid
1696 1316 1933 1373 miretur.
1965 1315 2102 1384 Quid

543 1385 668 1439 illud
699 1383 906 1438 dicam?
934 1383 1084 1448 Quod
1115 1385 1592 1450 peregrinationem
1640 1383 1863 1452 perpeti,
1915 1383 2102 1452 exsilia

544 1468 833 1522 primasque
908 1452 1226 1522 multiplices
1297 1452 1557 1522 salutaris
1615 1451 1733 1522 lidei
1808 1451 2104 1504 assertione

540 1519 874 1593 promeruit;
940 1519 1087 1586 quod
1136 1519 1456 1593 jejuniorum
1504 1519 1915 1593 vigiliarumque
1951 1533 2106 1572 exer-

540 1587 680 1643 citiis
715 1591 1027 1649 roboratus,
1067 1603 1167 1642 nec
1207 1605 1235 1639 a
1273 1589 1354 1640 via
1404 1590 1645 1641 veritatis
1675 1587 1934 1651 i'utlexus,
1976 1601 2107 1640 con-

541 1657 863 1711 stantissimo
886 1658 988 1724 73
1010 1657 1191 1723 vigore
1211 1657 1444 1722 pectoris
1465 1657 1530 1708 de
1555 1654 1784 1722 perﬁdia:
1804 1656 2108 1724 auctoribus

543 1723 913 1791 triumphavit:
948 1724 1010 1776 Et
1039 1726 1162 1777 inde
1190 1732 1300 1780 est.
1334 1724 1622 1786 carissimi,
1651 1725 1789 1789 quod
1820 1739 1964 1776 mors
1992 1723 2106 1790 ejus

543 1794 686 1844 omni
717 1793 822 1844 vita
853 1801 935 1844 est
961 1793 1176 1857 clarior,
1208 1791 1328 1844 inde
1372 1791 1513 1858 quod
1544 1791 1898 1844 sacerdotium
1941 1792 2106 1858 ipsius

543 1859 829 1912 devotione
852 1860 1078 1913 ﬁdeliqu
1102 1860 1424 1928 perdurante
1445 1874 1780 1928 communem
1802 1860 2103 1913 mortalium

541 1942 649 1980 non
671 1930 832 1982 sentit
850 1923 1116 1986 occasum.
1136 1928 1274 1993 Quid
1297 1929 1457 1981 etiam
1475 1923 1542 1981 de
1565 1928 1884 1980 beatissimis
1905 1937 2104 1995 septem

541 1996 795 2065 fratribus
842 1996 1151 2050 Machabreis
1196 1997 1526 2065 potissimum
1569 1996 1745 2065 dicam
1770 1997 1927 2065 ?_qui
1981 1997 2107 2065 dum

541 2064 766 2120 [tuentis
791 2066 1037 2119 Antiochi
1080 2063 1282 2118 terrore
1309 2065 1532 2127 calcato,
1566 2064 1752 2130 legalia
1784 2063 2108 2116 Testamenti

542 2134 752 2188 Veteris
779 2142 1040 2202 przecepta
1070 2148 1174 2202 n_on
1203 2132 1508 2202 deserunt,
1529 2132 1595 2185 ad
1634 2132 1904 2186 consortia
1951 2130 2108 2202 Regis

543 2203 727 2257 interni
768 2200 823 2255 et
849 2200 1056 2255 beatam
1082 2200 1352 2268 Evangelii
1381 2201 1602 2267 gloriam
1632 2207 2007 2268 pervenerunt.
2043 2200 2110 2253 Et

543 2271 680 2325 sicut
706 2271 803 2323 fuit
827 2270 927 2323 illis
953 2269 1105 2322 unius
1135 2265 1269 2321 uteri
1291 2265 1541 2333 germana
1567 2265 1836 2331 nativitas,
1867 2269 1936 2320 ita
1969 2266 2106 2323 facta

543 2345 628 2394 est
653 2341 731 2393 eis
758 2340 911 2403 unius
956 2337 1077 2391 ﬁdei
1122 2335 1355 2391 fraterna
1395 2338 1635 2391 victoria.
1685 2337 1783 2402 Qui
1813 2338 1864 2390 in
1892 2337 2108 2390 modum

544 2407 848 2462 candelabri
877 2407 1017 2459 illius
1034 2407 1175 2473 quod
1205 2413 1428 2474 septeno
1450 2406 1647 2459 lumine
1667 2406 1936 2473 quondam
1962 2406 2109 2460 luce-

546 2477 636 2530 bat
657 2477 721 2552 iu_
738 2476 954 2552 templo,
981 2481 1186 2552 septem
1207 2476 1519 2552 passionum
1537 2490 1754 2552 suarum
1778 2474 2108 2552 lampadibus

545 2544 722 2597 mundi
752 2542 921 2597 facem
947 2542 1237 2596 radiarunt.
1282 2542 1346 2596 Et
1372 2543 1506 2597 sicut
1535 2544 1608 2596 illi
1638 2551 1763 2595 tunc
1789 2543 2108 2596 candelabro

544 2611 834 2666 sacerdotis
860 2627 986 2665 cura
1014 2612 1188 2665 oleum
1219 2627 1316 2680 pro
1344 2612 1557 2664 luminis
1583 2611 1976 2680 perseverantia
2007 2612 2108 2663 mi-

545 2681 804 2734 nistrabat
822 2721 834 2745 ,
864 2681 937 2733 ita
967 2681 1051 2733 his
1072 2679 1412 2746 omnipotens
1433 2679 1684 2733 Dominus
1712 2679 1778 2732 ad
1805 2679 2108 2732 illuminan-

546 2747 666 2800 dam
695 2746 1065 2802 eorumﬁdem
1093 2748 1160 2801 de
1187 2749 1437 2801 thesauro
1456 2748 1636 2814 gloriae
1662 2762 1770 2800 sua:
1796 2747 1850 2801 S.
1884 2747 2110 2814 Spiritus

545 2814 777 2883 profudit
828 2825 1170 2883 unguentum.
1226 2816 1370 2869 Inter
1422 2817 1534 2869 haec
1581 2824 1750 2869 mater
1795 2815 2111 2869 venerabilis

546 2882 727 2936 talium
753 2882 979 2939 ﬁliorum
1000 2893 1174 2938 morte
1204 2883 1468 2938 laetissima
1508 2899 1611 2937 una
1637 2893 1691 2938 et
1718 2884 1829 2938 sola
1855 2885 2112 2936 mmrebat

545 2951 775 3015 tristitia,
805 2969 872 3006 ne
899 2954 1017 3021 quis
1042 2953 1275 3006 dulcium
1302 2953 1581 3021 pignorum
1610 2967 1829 3006 suorum
1857 2966 1956 3020 pro
1985 2967 2113 3021 san-

545 2969 775 3015 ll'lStllla,
805 2969 872 3006 ne
897 2969 1017 3073 quis
1042 2969 1275 3006 (tutorum
1302 2969 1581 3021 pignorum
1610 2969 1829 3006 suorum
1857 2969 1956 3020 pI'O
1985 2969 2102 3005 san-

545 3021 869 3087 ctiﬁcatione
932 3021 1245 3087 ivinaelegis
1272 3028 1365 3074 aut
1383 3021 1549 3074 nollet
1570 3028 1662 3074 aut
1683 3021 1894 3074 timeret
1914 3019 2102 3074 occidi.

545 3086 637 3140 Illa
659 3103 785 3141 vero
805 3089 987 3154 quanti
1009 3086 1247 3142 miraculi
1269 3103 1357 3142 res
1383 3095 1480 3150 est,
1504 3089 1646 3156 quod
1674 3089 1736 3142 ad
1766 3096 2104 3154 augmentum

545 3156 822 3274 Erasmus
875 3157 1068 3209 lmtitiae
1121 3159 1174 3210 in
1221 3172 1381 3209 unum
1425 3157 1564 3210 diem
1609 3157 1898 3225 assumptio
1942 3156 2110 3211 sancti

593 3224 758 3274 usebii
779 3226 941 3274 nostri
959 3233 1013 3274 et
1028 3224 1450 3274 Machabaeornm
1464 3226 1698 3274 victorizn
1712 3233 2076 3274 convenerunt
2091 3224 2103 3274 !

593 3224 758 3277 usebii
779 3226 941 3278 nostri
959 3233 1013 3279 et
1028 3224 1450 3279 Machabzeorum
1464 3226 1698 3280 victoria:
1712 3224 2076 3278 convenerunt
2091 3224 2103 3275 !

545 3290 716 3363 Quam
757 3293 943 3363 similis
988 3309 1172 3348 eorum
1219 3301 1394 3363 pugna
1420 3293 1637 3363 ifQuam
1680 3293 1985 3363 indifferens
2030 3300 2113 3363 est

546 3360 845 3430 triumphus
869 3363 881 3413 !
913 3362 1034 3416 illos
1071 3360 1236 3416 enim'
1259 3362 1520 3416 Antiocho
1565 3362 1800 3416 saevienti
1829 3362 1984 3415 anxia
2012 3362 2110 3414 oh-

547 3429 666 3482 tulit
693 3429 892 3497 mater;
925 3433 1062 3484 hunc
1090 3432 1622 3486 insanientediabolo
1651 3431 1702 3483 in
1733 3431 1968 3498 spiritale
1990 3445 2108 3498 cer-

547 3505 725 3553 tamen
752 3501 1078 3556 credentium
1106 3501 1341 3554 omnium
1382 3507 1554 3554 mater
1596 3497 1820 3554 sollicita
1859 3497 2110 3568 produxit

2196 504 2458 569 patienter
2478 518 2540 556 ac
2559 502 2769 556 fortiter
2785 503 3135 570 pertulerunt,
3157 516 3224 554 ne
3242 503 3481 570 porcinis
3502 504 3769 564 carnibus,

2196 585 2314 636 quae
2341 577 2466 624 tunc
2493 571 2827 623 habebantur
2849 572 3067 635 illicitae,
3098 571 3292 638 degota
3323 570 3434 623 Deo
3459 572 3623 624 corda
3656 574 3770 638 pol-

2198 637 2423 692 luerent.
2448 638 2792 692 Beatissimus
2811 647 2988 692 autem
3009 647 3160 706 pater
3181 637 3443 691 Eusebius
3464 637 3766 692 innumeros

2196 707 2638 774 gravissimosque
2683 706 3056 761 haereticorum
3098 707 3346 760 sustinuit
3385 709 3676 770 cruciatus,
3711 724 3764 760 ne

2194 776 2404 827 Arianae
2433 776 2835 841 inquinamento
2863 775 3098 843 perﬁdia:
3127 776 3396 842 purissimi
3428 779 3665 842 pectoris
3693 781 3761 828 sui

2194 843 2578 897 conscientiam
2606 842 2923 897 macularet.
2963 842 3171 896 Primus
3198 859 3266 896 ex
3294 843 3400 895 illis
3427 852 3635 911 septem
3666 845 3761 895 fn-

2197 912 2386 974 tribus,
2413 920 2473 964 ut
2501 912 2741 972 audistis,
2773 912 2896 978 quia
2929 912 3214 965 immobilis
3239 912 3502 979 perstitit,
3533 913 3766 964 manibus

2198 981 2522 1050 pedibusque
2556 979 2673 1050 74
2716 988 2990 1050 truncatus
3037 988 3153 1050 est.
3189 979 3455 1050 Eusebius
3496 988 3692 1050 autem
3718 982 3764 1050 in

2199 1049 2421 1100 veritate
2449 1047 2948 1115 ﬁdei'perseveraus
2976 1049 3236 1102 haeretica:
3263 1048 3528 1099 voluntati
3559 1062 3658 1100 nec
3683 1047 3765 1097 iti-

2199 1129 2326 1183 nere
2367 1116 2581 1182 pedum,
2613 1131 2713 1170 nec
2751 1132 3004 1169 manuum
3050 1116 3439 1183 subscriptione
3485 1117 3765 1167 consentit.

2200 1181 2471 1236 Secundus
2499 1198 2562 1236 ex
2610 1184 2706 1247 eis,
2755 1199 2822 1236 ne
2866 1193 3024 1252 caput
3063 1199 3201 1237 vera:
3245 1181 3432 1236 salutis
3481 1184 3764 1252 amitteret.

2202 1258 2485 1320 contentus
2514 1259 2597 1320 est
2623 1253 2813 1320 capitis
2848 1249 3080 1305 sui—cute
3109 1252 3314 1305 nudari.
3347 1252 3415 1302 At
3440 1249 3770 1320 venerandus

2204 1316 2487 1381 Eusebius,
2519 1387 2523 1388 ί
2534 1319 2661 1388 dum
2691 1316 2869 1388 'caput
2914 1336 3068 1374 suum
3113 1336 3210 1388 pro
3239 1320 3492 1388 membris
3525 1319 3769 1388 Ecclesiae

2201 1385 2631 1455 persecutoribus
2674 1385 2877 1454 objicit,
2925 1385 3253 1455 tegmentum
3299 1387 3552 1455 ctelestis,
3586 1387 3771 1452 capitis

2205 1469 2310 1505 non
2334 1453 2761 1523 amisiLATertius
2783 1453 3206 1509 Machabasorum
3226 1456 3525 1523 postulatus
3544 1454 3768 1520 linguam

2204 1521 2634 1591 constantissime
2652 1524 2874 1590 protulit
2898 1525 3182 1591 impiorum
3206 1521 3446 1576 manibus
3467 1524 3770 1577 abscinden-

2204 1590 2348 1656 dam,
2366 1598 2424 1644 ut
2442 1605 2560 1657 qua:
2579 1605 2678 1657 pro
2700 1597 2816 1644 toto
2835 1590 3062 1658 corpore
3083 1590 3255 1645 fuerat
3275 1591 3577 1658 prolocuta,
3608 1599 3771 1644 totum

2207 1673 2399 1727 corpus
2418 1673 2570 1727 suum
2592 1659 2804 1726 praeiret
2822 1659 2889 1713 ad
2909 1658 3095 1727 Deum.
3114 1658 3372 1712 Eusebius
3401 1673 3528 1711 vero
3551 1660 3772 1726 linguam

2208 1726 2376 1796 suam
2409 1726 2662 1796 adversus
2708 1733 2993 1796 tyrannum
3043 1726 3166 1781 ﬁdei
3221 1735 3276 1780 et
3328 1728 3772 1796 expugnationem

2140 1775 2182 1832 Β
2207 1775 2683 1850 asinarii-iss.
2707 1775 3113 1861 ὥᾶὗῖἷῖηόιῖ
3123 1775 3774 1861 ἱῖωὲξιεῖἆιῖιὲἕέᾇῖιέὶιῖ

2206 1862 2406 1917 sciebat
2450 1861 2550 1932 sibi
2578 1869 2638 1916 et
2677 1865 2923 1917 amissam
2970 1864 3147 1932 perire
3175 1878 3281 1917 non
3326 1877 3504 1932 posse.
3554 1863 3776 1932 Quartus

2209 1938 2408 1996 autem,
2437 1930 2674 1998 quintus,
2702 1938 2757 1985 et
2784 1930 2986 1993 sextus,
3016 1940 3075 1984 ut
3095 1931 3288 1986 lectum
3316 1939 3418 1991 est,
3453 1931 3569 1984 sine
3589 1931 3778 1983 descri-

2206 1999 2388 2078 ptione
2409 2013 2707 2078 pugnarum,
2736 1999 3061 2078 A_utiochu_m_
3078 2014 3260 2078 regem
3281 1999 3458 2078 verbis
3482 1999 3778 2078 acrioribus

2207 2066 2571 2134 iucreparunt.
2626 2066 2885 2122 Eusebius
2935 2066 3277 2122 nihilominus
3321 2068 3460 2121 inter
3501 2068 3778 2120 innumera

2209 2141 2474 2205 tormenta
2495 2149 2560 2188 ac
2577 2135 2787 2189 diversa
2808 2137 3088 2205 supplicia,
3111 2147 3218 2189 tam
3241 2135 3420 2200 fortia,
3442 2144 3553 2205 tam
3576 2135 3776 2205 magni-

2210 2200 2424 2273 ﬁcaest
2446 2203 2673 2265 locutus,
2698 2211 2757 2257 ut
2777 2200 3140 2273 increpatione
3161 2205 3446 2273 verborum
3475 2203 3604 2273 ejus
3620 2203 3776 2273 impia

2210 2269 2533 2352 perﬁdorum
2557 2280 2783 2352 pectora
2810 2269 3209 2352 torquerentur.
3240 2270 3511 2352 Septimus
3538 2271 3701 2352 etiam
3728 2271 3775 2352 ut

2209 2337 2601 2414 paternaalegis
2623 2337 2956 2414 defensione
2972 2341 3279 2414 persistens,
3304 2337 3624 2414 Antiochum
3670 2337 3775 2414 doti

2207 2406 2707 2478 plenum,'honores
2748 2424 2812 2463 ac
2853 2406 3071 2478 divitias
3106 2409 3510 2478 promittentem
3555 2406 3776 2478 mirabili

2207 2476 2642 2542 magnanimitate
2668 2477 3008 2545 contempsit.
3032 2476 3315 2531 Eusebium
3343 2483 3526 2529 autem
3557 2491 3656 2529 nec
3680 2476 3774 2545 ho-

2207 2545 2354 2598 noris
2391 2545 2734 2614 sacerdotalis
2779 2544 3025 2612 ambitio,
3067 2560 3166 2598 nec
3191 2553 3492 2614 paupertas
3537 2544 3710 2598 exsilii
3746 2558 3774 2596 ι

2209 2629 2349 2667 vera:
2394 2612 2514 2667 ﬁdei
2543 2614 2968 2681 propugnatione
3013 2613 3254 2676 divertit;
3286 2612 3377 2666 sed
3419 2625 3519 2681 per
3546 2621 3773 2681 sanctam

2210 2681 2445 2749 inopiam
2485 2680 2779 2751 ineffabiles
2816 2682 3030 2751 divitias
3057 2680 3498 2751 conquisivit,’et
3522 2680 3770 2751 sacerdo-

2211 2747 2341 2820 tium
2369 2764 2522 2820 suum
2549 2750 2835 2820 sacerdotii
2865 2751 3028 2820 ipsius
3054 2747 3341 2820 amissione
3367 2749 3620 2820 servavit.
3651 2747 3773 2802 Glo-

2211 2817 2499 2871 riosissima
2526 2818 2687 2870 etiam
2716 2816 2900 2873 mater
2934 2833 3040 2873 non
3070 2818 3385 2872 cedentibus
3431 2816 3774 2870 ﬁliis'iratum

2212 2885 2480 2954 superavit
2509 2884 2858 2954 Antiochum,
2907 2895 2963 2941 et
3007 2885 3243 2940 Ecclesia
3283 2885 3516 2951 Christi,
3557 2883 3777 2954 Eusebio

2211 2951 2456 3008 vincente
2480 2953 2778 3022 perﬁdiam,
2807 2955 2981 3022 ipsum
3029 2954 3319 3022 impietatis
3361 2962 3634 3022 anetorgm
3665 2951 3777 3006 dia-

2212 3024 2413 3084 bolum,
2444 3020 2651 3075 reddita
2696 3020 2896 3077 mundo
2941 3020 3200 3085 veritate,
3245 3021 3492 3076 calcavit.
3542 3020 3662 3075 Haec
3705 3027 3779 3073 est

2138 3110 2183 3172 ο
2213 3091 2370 3172 igitur
2395 3090 2702 3172 beatissimo
2727 3088 3022 3146 confessori
3049 3105 3168 3171 cum
3199 3089 3502 3172 ﬂachabeis.
3537 3088 3779 3172 fratribus

2211 3156 2515 3213 certaminis
2533 3159 2822 3227 gloriaeque
2845 3160 3171 3214 communio.
3203 3157 3370 3226 Hujus
3397 3157 3503 3227 diei
3513 3156 3681 3227 nobis
3704 3161 3780 3208 est

2213 3229 2365 3282 annis
2392 3227 2642 3281 omnibus
2669 3225 3070 3297 multiplicanda
3091 3235 3146 3280 et
3164 3225 3479 3280 honeranda
3503 3225 3775 3297 festivitas,

2214 3298 2268 3349 in
2297 3312 2402 3365 quo
2432 3297 2483 3365 in
2504 3303 2760 3350 aeternam
2788 3292 3171 3350 beatitudinem
3201 3302 3254 3348 et
3276 3292 3778 3365 assertorestfl'esta—

2211 3359 2380 3418 menti
2409 3364 2618 3419 Veteris
2660 3366 3017 3433 transierunt.
3066 3372 3121 3418 et
3166 3363 3292 3418 novi
3333 3359 3611 3432 Evangelii
3656 3376 3776 3431 pro-

2209 3441 2474 3502 pugnator
2505 3441 2808 3502 assumptus
2836 3441 2938 3488 est.

1897 3585 2164 3648 SERMO
2206 3585 2445 3647 XXIII.

1568 3686 1703 3741 Item
1731 3685 1793 3740 de
1827 3686 1889 3740 S.
1924 3684 2142 3748 Eusebio
2169 3691 2217 3736 et
2247 3680 2308 3737 de
2338 3682 2650 3736 Machabteis
2679 3679 2783 3734 IV.

551 3774 1234 3830 Assanitarum—Rursum
1254 3778 1498 3844 praeclare
1517 3776 1580 3829 ab
1596 3775 1823 3831 Eusebio
1839 3792 1918 3830 res
1939 3782 2115 3844 gesta;

619 3844 882 3912 collegium
922 3845 1172 3911 imprimis
1200 3845 1519 3897 sacerdotum
1564 3845 1674 3913 ejus
1718 3844 2114 3913 operainstitu-

619 3910 762 3984 tum,
789 3929 848 3963 ac
871 3913 995 3984 ﬁdei
1024 3914 1278 3982 confessio
1307 3910 1650 3984 supplicioque
1676 3910 1992 3966 Mochabwis
2032 3912 2116 3965 in-

619 3980 758 4046 ﬂicta
780 3981 1076 4033 recitantur.

619 4066 950 4150 Quanquam2
981 4067 1305 4150 dilectissimi
1335 4067 1554 4150 fratres,
1748 4067 1916 4150 patris
1948 4067 2120 4146 nostri

550 4136 740 4189 summi
767 4135 1059 4189 sacerdotis
1087 4145 1142 4190 et
1169 4137 1489 4192 cnnfessoris
1514 4136 1725 4190 Eusebii
1749 4135 1993 4204 indignus
2013 4137 2116 4190 sim

555 4205 689 4274 lilius
717 4211 769 4258 et
797 4204 1046 4274 minimus
1088 4221 1300 4269 servus,
1351 4205 1643 4274 insignibus
1692 4212 1868 4274 tamen
1912 4204 2118 4274 meritis

553 4288 617 4326 ac
641 4272 922 4342 virtutibus
944 4273 1034 4342 yel
1062 4274 1308 4342 exiguam
1328 4272 1569 4342 dependo
1598 4287 1694 4342 pro
1716 4272 1916 4327 viribus
1947 4272 2115 4342 servi:

555 4349 741 4410 tutein.
791 4339 901 4393 Etsi
943 4339 1054 4395 haec
1100 4339 1189 4394 ille
1233 4341 1285 4394 in
1321 4339 1626 4395 coelestibus
1653 4356 1846 4410 agens,
1874 4349 1928 4394 et
1953 4341 2117 4410 ςαξιυὶ

554 4408 849 4462 associatus
878 4410 1184 4476 evangelica
1212 4425 1316 4463 non
1346 4410 1587 4477 requirit,
1618 4408 1922 4477 nostamen
1949 4409 2117 4463 nostri

554 4490 818 4546 memores
865 4476 1153 4544 ingerimus
1196 4477 1340 4546 quod
1385 4476 1656 4532 debemus.
1704 4476 1855 4543 Quod
1901 4478 2118 4546 quidem

554 4543 642 4598 illa
669 4556 830 4612 quam
850 4543 1078 4600 maxime
1097 4543 1412 4600 confidentia
1440 4547 1630 4611 audeo,
1654 4547 1777 4612 quia
1803 4543 2118 4601 non—dubito

2219 3775 2286 3828 ab
2316 3773 2561 3828 omnibus
2605 3771 2876 3824 discerent
2912 3783 3056 3837 quon
3102 3769 3156 3822 in
3185 3783 3244 3824 se
3268 3766 3459 3835 singuli
3486 3782 3591 3821 non
3618 3765 3774 3819 hdie-

2215 3851 2367 3904 bant.
2397 3848 2524 3914 Quae
2550 3862 2672 3901 cum
2718 3846 2793 3899 ita
2837 3852 3046 3910 essent,
3096 3845 3149 3898 in
3196 3844 3566 3898 universorum
3610 3848 3778 3895 tamen

2215 3934 2440 3996 pectora
2489 3924 2754 3980 bonorum
2810 3923 3047 3976 omnium
3113 3920 3389 3996 plenitudo
3440 3919 3617 3986 magni
3669 3917 3776 3996 eius

2218 3995 2433 4057 Eusebii
2461 4001 2526 4056 de
2553 4002 2700 4056 fonte
2727 4000 3008 4063 manabat;
3047 4006 3207 4067 atque
3255 3995 3540 4067 itaﬁebat
3567 4004 3620 4050 ut
3659 3995 3775 4067 dum

2219 4071 2273 4143 in
2299 4071 2476 4143 divina
2504 4078 2768 4143 prgccepta
2812 4067 3073 4143 exemplis
3185 4066 3380 4122 mutuis
3425 4065 3685 4127 excitant,
3715 4063 3776 4143 in

2219 4137 2521 4193 diversorio
2553 4137 2645 4192 illo
2678 4137 2795 4192 'nou
2840 4146 2951 4190 tam
2979 4137 3254 4190 hominum
3281 4143 3424 4190 esset
3451 4137 3777 4201 congregatio

2216 4222 2376 4278 quam
2394 4207 2665 4261 virtutum.
2685 4204 2818 4259 Cum
2838 4220 2966 4278 vero
2985 4203 3346 4278 Christianam
3364 4203 3529 4278 ﬁdem
3544 4211 3598 4257 et
3614 4201 3776 4278 eccle-

2215 4271 2481 4330 siasticam
2508 4288 2692 4343 pacem
2723 4280 2838 4327 toto
2866 4273 2996 4327 orbe
3023 4273 3217 4326 Ariana
3247 4273 3487 4325 turbaret
3515 4271 3771 4338 impietas,

2218 4353 2274 4395 et
2304 4342 2601 4395 Divinitatis
2627 4340 2871 4395 rebelles.
2894 4348 3101 4395 terrore
3125 4342 3289 4395 regio.
3314 4339 3518 4393 exsiliis
3536 4337 3771 4391 diversis-

2218 4353 2274 4399 et
2304 4344 2601 4398 Divinitatis
2627 4344 2871 4405 rebelles,
2894 4348 3101 4395 terrore
3125 4344 3289 4461 regio,
3314 4344 3518 4393 exsiliis
3536 4344 3777 4415 diversis-

2218 4429 2322 4482 que
2350 4410 2622 4481 suppliciis
2649 4410 2701 4463 in
2729 4423 3047 4482 consensum
3087 4423 3156 4482 pg
3221 4408 3320 4482 dite
3365 4421 3475 4461 suae
3520 4405 3776 4473 simplices

2220 4475 2468 4549 quosque
2503 4485 2722 4547 cogeret
2748 4476 3056 4549 sacerdotes
3059 4475 3374 4549 {Eusebius
3415 4482 3599 4530 noster
3622 4486 3775 4541 supra

2221 4543 2428 4616 petram
2472 4543 2624 4602 suum
2675 4547 3004 4616 constituens
3034 4543 3471 4616 fundamentum,
3519 4549 3693 4596 tantus
3707 4553 3777 4616 _ac

556 4592 704 4676 sui;
713 4592 1636 4684 h‘liéqifvii'al'e'iiam‘gasxa
1655 4592 1916 4684 araora;
1938 4592 2121 4684 ῖεῖιῖιῦιῖ
2150 4592 2197 4651 1⁷
2221 4592 3004 4684 ἴθῖἷὲ“ὲὶἰιίὲἷιῖίῖιιῐὲὖὶιῖἶῖιᾷιῖ
3024 4592 3777 4684 ῑιῖὲιῖιῖῐῐε’ᾶιίἆῆξιιιῗιῆἁιὶάεὲ

555 4681 853 4752 ξςηιιυιήιίἱ
886 4683 967 4752 sui
993 4696 1236 4752 sermone
1262 4699 1368 4737 non
1397 4681 1750 4737 examinantis
1771 4682 1992 4752 judicio,
2026 4683 2122 4737 sed

556 4749 827 4820 diligentis
861 4748 1139 4820 affectione
1175 4765 1431 4820 pensare.
1451 4752 1623 4820 Atque
1651 4748 1787 4806 ideo'
1813 4753 1956 4807 omni
1981 4748 2119 4806 cum

556 4817 752 4887 gaudio
779 4817 1090 4887 obsequium
1115 4817 1272 4887 patri,
1297 4817 1838 4887 oﬂlcium'sacerdoti,
1859 4822 2118 4875 honorem

556 4884 844 4955 deferimus
888 4884 1198 4955 confessori.
1229 4885 1328 4955 llic
1356 4888 1533 4955 itaque
1579 4903 1700 4955 cum
1745 4889 1800 4942 iu
1824 4884 1944 4943 hac
1987 4889 2120 4943 urbe

558 4953 900 5026 dispensante
919 4954 1030 5026 D_eo
1049 4954 1241 5009 summi
1260 4953 1482 5026 gradum
1504 4954 1759 5026 pontiﬁcii
1779 4957 2115 5026 suscepisset,

561 5031 617 5074 ut
630 5023 893 5094 universo
920 5022 1066 5094 clero
1106 5036 1203 5078 suo
1228 5022 1554 5094 spiritalium
1583 5022 1970 5094 institutionum
1996 5039 2119 5093 spe-

558 5089 736 5145 culum
773 5105 834 5146 se
868 5091 1086 5161 calcate
1119 5089 1398 5161 praeberet,
1427 5108 1615 5149 omnes
1636 5093 1756 5150 illos
1779 5109 1955 5149 secum
1981 5089 2121 5148 intra

561 5161 717 5214 unius
744 5167 952 5232 septum
970 5159 1259 5232 habitaculi
1278 5159 1641 5232 congregavit,
1670 5169 1729 5216 ut
1751 5169 2122 5232 quorumterat

561 5229 908 5312 optimam
931 5229 1212 5312 indivisum
1233 5230 1290 5311 in
1316 5229 1572 5312 Leligidne
1595 5229 1958 5312 propositum,
1973 5231 2124 5311 ﬁeret

561 5297 671 5376 vita
691 5297 964 5377 victusque
981 5299 1296 5353 communis.
1319 5297 1667 5364 Quatenus—in
1687 5297 1774 5354 illa
1795 5299 2124 5354 sanctissima

560 5371 819 5419 socretate
845 5367 1055 5421 τινοηῶ
1099 5367 1324 5422 invicem
1365 5368 1467 5422 sibi
1506 5377 1683 5424 essent
1709 5368 2126 5423 conversationis

559 5446 670 5485 sine
707 5442 764 5487 et
796 5433 1009 5500 indices
1051 5443 1107 5490 et
1149 5436 1434 5493 custodes:
1466 5445 1522 5492 et
1561 5437 1686 5493 dum
1724 5438 1859 5493 alter
1901 5437 2120 5492 alterius

561 5500 912 5580 humilitatem
958 5503 1185 5580 prefert,
1234 5506 1616 5580 continentiam
1661 5515 1878 5580 stupet,_
1903 5505 2122 5580 suspicit

559 5573 882 5648 castitatem,
910 5573 1222 5648 patientiam
1247 5576 1460 5648 laudat,
1479 5573 1774 5648 miserantis
1796 5575 1955 5628 animi
1985 5573 2118 5642 prie-

558 5637 703 5695 dicat
728 5637 1018 5700 bonitatem
1038 5685 1056 5712 ,
1093 5641 1293 5714 ieiunia
1323 5637 1629 5715 vigiliasque
1657 5645 1902 5712 miratur;
1933 5637 2118 5699 omnes

2220 4700 2408 4740 norum
2432 4685 2606 4739 nullus
2619 4698 2769 4738 error
2787 4682 3100 4748 involveret,
3114 4689 3353 4750 potestas
3370 4679 3515 4750 nulla

2219 4754 2375 4822 Nam,
2401 4762 2461 4808 ut
2486 4751 2684 4808 relatio
2702 4759 2924 4822 paterna
2953 4765 3052 4804 nos
3079 4747 3277 4814 docuit,
3301 4748 3376 4801 ita
3404 4747 3588 4801 humili
3613 4758 3774 4812 angu—

2217 4820 2432 4897 stoque.
2453 4835 2673 4897 carcere
2691 4820 2931 4897 plausus
2975 4827 3266 4897 reseratur,
3315 4824 3375 4871 ut
3420 4822 3775 4897 stum

2217 4882 2394 4960 neqixe
2412 4889 2596 4960 iacens
2621 4889 2848 4960 habere!
2863 4885 3164 4960 parvisa!!!“
3183 4882 3265 4960 sui
3293 4883 3545 4960 corporis.
3564 4882 3771 4960 πίδαξι-

2217 4952 2344 5014 teni.
2377 4952 2724 5028 Premebatur
2761 4952 2976 5026 quidem
2998 4952 3326 5028 habitatione
3350 4952 3577 5028 poenali,
3605 4965 3673 5003 ne
3698 4952 3776 5028 in—

2220 5029 2419 5098 clinum
2446 5028 2622 5095 caput
2651 5020 2907 5098 erigeret,
2955 5023 3048 5098 sed
3087 5020 3558 5098 passiouis'
3596 5020 3776 5098 merito

2218 5096 2475 5151 verticem
2496 5085 2653 5150 suum
2674 5085 2952 5146 attollebat
2965 5092 3019 5146 in
3038 5085 3251 5146 ctiiltnn.
3267 5085 3584 5156 Arctabatur
3602 5085 3778 5156 nihilo-

2221 5166 2397 5219 minus
2423 5161 2656 5236 carceris
2700 5160 2981 5236 brevitate,
3031 5174 3100 5236 n_e
3143 5159 3410 5236 lassantia,
3444 5157 3498 5211 in
3545 5155 3770 5236 requiem

2221 5246 2395 5302 genua
2423 5232 2719 5294 relaxaret;
2867 5227 3107 5302 veritatis
3137 5226 3426 5302 gradiendo
3450 5226 3773 5302 semitas”!

2222 5297 3233 5423 lassasmlscmm
3247 5295 3368 5423 Ϋῗιῗ
3390 5308 3556 5423 ίιξῗέε
3566 5299 3771 5423 ’ἓξὲξ

2260 5363 2494 5423 ilatabat.
2526 5363 2923 5422 Subtrahuntur
2960 5363 3118 5429 etiam
3156 5365 3262 5434 illi,
3291 5371 3371 5434 ut,
3390 5363 3770 5434 ipsiustgeripta

2226 5446 2504 5500 testantur,
2526 5436 2631 5506 cibi
2654 5443 2919 5506 potusque
2941 5427 3264 5506 ministeria;
3284 5433 3380 5506 sed
3401 5427 3544 5506 nulla
3563 5427 3647 5483 ille
3662 5441 3771 5506 cat:-

2225 5507 2360 5561 nalis
2382 5499 2516 5560 escae
2543 5499 2864 5573 fatigabat-ur
2889 5502 3084 5564 inedia,
3111 5502 3204 5571 qui
3232 5499 3537 5555 conﬁtendo
3573 5499 3768 5572 aitet-ui;

2223 5583 2386 5630 tatem
2414 5573 2607 5628 Christi
2651 5572 2855 5629 ccelesti
2882 5570 3041 5640 Verbi
3076 5569 3473 5640 panevivebat.
3517 5566 3620 5621 Nec

2224 5658 2454 5714 unquam
2503 5642 2678 5713 potuit
2730 5650 2788 5698 ut
2831 5639 3056 5712 imperio
3079 5633 3427 5709 'pertldorum
3469 5633 3766 5692 necessitate
