3912 6226
93 356 177 411 895
1454 347 1680 405 SERMO
1718 347 1895 405 XXIV.

3180 337 3294 409 894

92 479 311 533 corporea
330 470 525 533 statum
550 461 724 517 ﬁdelis
742 461 934 533 anima;
951 460 1271 533 subjugaret.
1296 457 1364 512 Et
1385 459 1624 533 quamvis
1653 462 1701 520 Α
1726 459 1938 533 Eusebii
1968 460 2162 530 quippe
2189 460 2535 533 suspicientes
2556 439 2904 533 triumphum,
2933 468 2986 514 et
3011 459 3288 533 victricuin

95 528 249 588 beatus
272 531 525 585 Eusebius
553 533 610 584 in
641 539 790 585 tanto
817 531 937 584 ﬁdei
959 528 1139 599 praelio
1169 529 1388 583 adversa
1418 528 1620 593 omnia,

92 607 198 662 Deo,
222 603 297 654 cui
325 600 610 661 militabat,
629 599 868 664 juvante,
899 606 1218 665 superaret,_
1232 601 1418 649 Omnes
1445 604 1623 665 tamen

91 673 187 726 illas
220 668 414 735 jacendi
460 663 756 733 angustias,
807 663 980 733 atque
1008 667 1150 718 illam
1195 663 1349 735 famis
1390 663 1623 735 inopiam

92 732 381 790 tolerabilius
402 732 713 803 perferebat
734 737 751 755 '
771 736 862 802 qui
882 732 1236 803 exercuerant
1260 733 1434 803 illum;
1465 732 1628 803 lectu.

92 809 154 857 lus
175 804 339 858 durior
365 799 418 856 et
436 803 728 856 sanctioris
753 799 1011 868 propositi
1041 801 1346 868 continuata
1363 799 1563 868 jejunis
1583 801 1618 850 '.

93 873 168 926 llic
193 887 304 926 vere
330 887 446 924 cum
477 872 729 939 apostolo
757 865 923 922 Paulo
945 878 1000 922 et
1025 869 1151 939 dicit
1175 876 1244 939 et
1266 865 1428 921 docet
1451 885 1463 918 :
1499 865 1624 939 Qui;

93 959 163 992 nos
183 941 418 1008 separabit
439 957 470 990 α
491 935 710 991 caritate
724 939 907 1008 Chrieti
922 940 944 989 ?
959 936 1215 1008 tribulatio
1230 938 1251 987 ?
1265 952 1332 987 an
1352 935 1626 1008 anguslig?

91 1027 142 1058 an
169 1001 461 1073 persecutio?
501 1024 571 1058 an
619 1009 782 1074 {ames
814 1005 989 1074 (Rom.
1025 1007 1176 1074 vin)i
1212 1011 1265 1057 et
1305 1001 1526 1070 reliqua.
1559 1001 1625 1074 Et

91 1072 210 1130 recte
229 1092 326 1128 non
353 1076 524 1143 potuit
548 1091 578 1127 a
600 1072 1351 1143 Christo'tribulatignibus_et_
1368 1072 1625 1137 angustiis

93 1146 313 1215 separari.
337 1139 423 1210 qui
455 1159 564 1196 non
595 1143 770 1215 potuit
788 1143 905 1215 cogi
929 1150 987 1193 ut
1015 1155 1043 1192 a
1074 1139 1230 1193 Patre
1259 1139 1450 1215 Eilium
1479 1148 1629 1215 sepe-

93 1208 224 1264 raret.
249 1211 309 1262 Et
328 1208 637 1279 quanquam
666 1211 731 1264 de
757 1209 1020 1279 suavitate
1047 1208 1317 1279 gestorum
1336 1208 1458 1279 ejus
1481 1208 1624 1260 nulla

93 1283 147 1332 sit
172 1279 376 1332 invicem
407 1277 564 1332 nobis
593 1278 804 1332 dicendi
853 1278 1204 1344 audiendlque
1245 1277 1494 1340 satietas,
1527 1291 1627 1328 nec

93 1350 477 1400 beatissimorum
511 1356 691 1399 tamen
714 1346 1134 1399 Machabmorum
1160 1344 1374 1398 silentio
1396 1354 1476 1398 est
1499 1357 1629 1412 prae-

93 1416 309 1467 tereunda
339 1415 567 1468 victoria
600 1414 700 1480 (ΙΙ
728 1414 903 1466 Maeli.
943 1429 1013 1465 vn
1033 1414 1070 1478 ),
1117 1413 1240 1479 quia
1273 1421 1327 1465 et
1354 1413 1496 1480 ipsos
1542 1413 1627 1466 hic

95 1485 206 1536 idem
227 1483 332 1537 dies
349 1491 564 1550 ereptos
586 1484 783 1536 saeculo
807 1495 1001 1547 magno
1021 1496 1139 1534 cum
1162 1481 1428 1550 triumpho
1459 1488 1627 1533 trans-

93 1553 212 1602 misit
235 1553 294 1602 ad
321 1549 533 1604 calum.
567 1550 635 1603 Et
662 1552 903 1617 quamvis
944 1550 1138 1602 chorus
1186 1549 1272 1601 ille
1312 1549 1627 1602 fortissimus

92 1620 146 1670 ad
172 1619 317 1672 Deum
343 1634 495 1670 suum
528 1621 670 1672 inter
698 1626 960 1671 tormenta
991 1617 1279 1680 transierit,
1313 1632 1419 1669 non
1449 1626 1622 1670 tamen

94 1688 235 1765 impar
252 1696 326 1764 est
347 1687 625 1765 Eusebius,
649 1687 737 1754 qui
758 1685 1028 1765 confutata
1046 1684 1270 1765 perfidia
1291 1685 1358 1738 ad
1379 1685 1624 1765 eumdem

97 1750 235 1807 Deum
259 1756 390 1807 victa
414 1764 536 1820 post
559 1750 823 1809 tonitenta
844 1750 1107 1820 migravit.
1131 1750 1198 1805 Et
1220 1761 1276 1805 ut
1299 1755 1626 1807 manifestius

95 1824 393 1874 advertamus
413 1821 630 1876 Eusebii
652 1824 818 1876 nostri
841 1823 1143 1875 inferiorem
1164 1837 1270 1875 non
1286 1821 1448 1877 fuisse
1464 1823 1628 1875 victo-

97 1892 234 1959 riam,
280 1891 348 1942 illi
381 1893 546 1945 veteri
595 1907 696 1959 pro
744 1892 861 1957 lege
908 1898 1197 1950 certarunt,
1240 1890 1326 1943 hic
1351 1905 1491 1944 novo
1529 1907 1627 1959 pro

96 1955 346 2028 Evangelia
389 1955 693 2023 dimicavit,
724 1955 924 2028 illi-pro
971 1959 1252 2026 praeceptis
1291 1959 1503 2028 quidem
1531 1955 1626 2028 Dei

95 2027 370 2096 subiacuene
415 2027 708 2096 suppliciis,
751 2026 1008 2081 Eusebius
1051 2034 1234 2096 autem,
1267 2042 1365 2094 pro
1410 2027 1628 2080 Deitatis

98 2095 233 2160 ipsius
254 2095 759 2156 veritateconllixit;
786 2096 1095 2150 restiterunt
1116 2096 1189 2147 illi
1212 2095 1474 2148 Antiocho
1496 2097 1625 2160 regi,

97 2177 150 2212 ne
193 2162 370 2217 illicitis
416 2172 546 2218 tunc
589 2165 838 2218 carnibus
882 2173 1245 2225 vescerentur,
1290 2164 1496 2216 obstitit
1542 2165 1629 2216 ille

97 2229 297 2300 diabolo,
323 2247 385 2284 ne
415 2233 651 2286 hmretici
678 2231 939 2300 sermonis
968 2231 1447 2300 ferniento,panem
1477 2234 1629 2300 nobis

97 2297 380 2352 dominicum
413 2301 523 2367 76
551 2301 860 2355 macularet.
903 2297 1479 2366 Exsultemus'itaque,
1521 2299 1629 2352 fra-

99 2375 201 2428 tres,
240 2367 341 2420 Deo
383 2378 569 2422 nostro
599 2376 816 2434 agentes
843 2369 1058 2433 gratias,
1083 2369 1206 2434 quia
1229 2369 1325 2421 sub
1356 2370 1456 2420 hac
1489 2384 1628 2434 pra:-

99 2434 242 2488 tentis
280 2434 380 2490 diei
427 2436 719 2491 devotione
772 2437 981 2505 gemina
1027 2435 1314 2491 festivitate
1365 2435 1628 2500 laetamur,

1724 528 2152 582 Machabmoru'm
2177 528 2438 584 tormenta
2467 528 2738 584 mirantes.
2771 530 2851 582 An
2881 543 2986 583 non
3022 528 3290 584 mirabiles

1726 595 2032 666 Machabaei,
2062 599 2510 666 quosnativitatis
2536 613 2644 652 suze
2673 598 3038 666 passionisque
3065 608 3288 666 consor-

1722 665 1800 717 tio
1825 671 1880 718 et
1903 665 2039 732 apud
2060 665 2307 720 saeculum
2331 667 2518 719 fratres
2540 664 2724 731 fuisse,
2746 674 2800 719 et
2822 667 2875 719 in
2897 664 3031 721 caelo
3049 664 3288 719 videmus

1724 746 1841 802 esse
1869 746 2169 799 germanos,
2199 735 2286 800 qui
2334 735 2676 802 pinguissimo
2729 735 2950 800 egregia:
2995 734 3180 802 matris
3219 734 3286 785 ab

1724 799 1889 853 ubere
1935 808 1990 853 et
2034 799 2379 854 substantiam
2429 799 2662 862 vivendi,
2715 799 2780 855 et
2808 801 3049 856 vincendi
3095 815 3288 854 auxere

1724 868 1973 938 virtutem
1991 869 2022 938 ?r
2042 869 2098 922 ln
2129 878 2327 924 tantam
2357 871 2496 924 enim
2526 870 2900 938 perfectionem
2932 870 3067 922 lacte
3094 877 3148 920 et
3168 884 3284 938 ser-

1725 951 1883 1006 mone
1912 936 2190 991 adolevere
2215 948 2475 1001 materno,
2508 936 2565 991 ut
2593 939 2958 1006 inseparabilis
2982 943 3202 1006 essetet
3231 937 3285 990 in

1725 1005 1887 1057 corde
1914 1019 2096 1074 eorum
2125 1007 2382 1074 sapientia
2411 1015 2464 1060 et
2487 1007 2540 1060 in
2568 1005 2791 1074 corpdre
2819 1005 3092 1059 fortitudo.
3120 1005 3281 1057 Deni-

1725 1087 1831 1140 que
1879 1073 2530 1130 Antiochus'lectissimos
2570 1073 2790 1140 juvenes
2831 1074 2950 1126 fidei
2991 1073 3202 1141 propria
3233 1081 3288 1125 et

1725 1149 1967 1207 materna
2013 1141 2383 1200 adhortatione
2431 1151 2767 1204 constantes,
2819 1151 2876 1194 ut
2920 1157 2948 1194 a
2986 1141 3286 1194 reverentia

1726 1216 1961 1276 paternae
1989 1211 2116 1276 legis
2146 1219 2407 1264 averteret
2431 1227 2536 1263 non
2567 1212 2839 1264 acerrimis
2871 1220 3070 1263 terrere
3094 1209 3287 1275 suppli-

1725 1278 1843 1341 ciis,
1891 1293 1995 1330 non
2039 1280 2244 1344 magnis
2287 1279 2460 1345 potuit
2500 1293 2725 1332 avocare
2764 1278 3053 1346 promissis.
3089 1276 3288 1346 Tantus

1726 1346 1868 1398 enim
1896 1346 1947 1398 in
1973 1348 2224 1400 membris
2251 1344 2434 1400 eorum
2463 1346 2629 1412 vigor,
2659 1344 2836 1399 tantus
2864 1348 2912 1398 in
2940 1353 3153 1412 pectore
3181 1344 3288 1411 spi-

1725 1414 1879 1476 ritus,
1911 1421 2058 1467 tanta
2103 1415 2294 1468 eratin
2335 1416 2684 1482 reSponsione
2729 1415 2990 1473 doctrina,
3039 1421 3098 1465 ut
3136 1427 3286 1480 sper-

1727 1483 1902 1535 nendo
1927 1497 2130 1550 poenas,
2154 1494 2208 1536 et
2234 1481 2556 1536 confutando
2578 1483 2850 1551 perfidiam
2874 1483 3018 1551 impii
3045 1482 3203 1546 regis,
3235 1486 3289 1532 et

1726 1559 1987 1603 terrorem
2019 1551 2306 1604 'vincerent
2352 1559 2406 1604 et
2452 1550 2704 1603 furorem.
2736 1550 3064 1602 Venerabilis
3109 1556 3288 1600 autem

1722 1627 1899 1672 mater
1919 1619 2252 1672 confessione
2263 1621 2446 1686 parili,
2469 1626 2524 1672 et
2551 1618 2811 1671 consimili
2837 1626 3005 1686 morte
3025 1616 3290 1686 defuncta,

1730 1686 1914 1763 laitior'.
1927 1687 1993 1740 ad
2020 1688 2240 1763 pignora
2270 1685 2362 1763 sua
2392 1688 2590 1763 delioc
2617 1687 2810 1763 δαείω-10
2833 1685 3067 1763 profecta
3097 1685 3292 1763 migra-

1729 1755 1821 1807 vit.
1872 1753 1981 1808 Nec
2024 1753 2215 1808 mirum
2263 1756 2307 1809 si
2354 1756 2606 1808 saevitiam
2655 1755 2794 1820 regis
2843 1753 2893 1805 in
2954 1753 3289 1818 semetipsum

1660 1798 1703 1855 Β
1729 1798 2424 1890 ἑέξιέπῐςὲῖιῖω’ί’ἰὲὶ“ξ)ὶτῐίιιίῖῖ
2435 1798 2936 1890 ξῶἔῖειπίἶῗὲἷτιὶίὲτ
2954 1798 3096 1874 Eii)"
3105 1798 3253 1890 $2.11;
3255 1798 3272 1870 ἶ
3275 1798 3293 1871 ἰ

1728 1899 1782 1943 et
1812 1892 1864 1942 in
1895 1891 2014 1943 filiis
2033 1888 2312 1945 sustinere.
2333 1888 2470 1944 Vere
2490 1891 2644 1944 beata
2671 1891 2860 1943 mulier
2881 1899 3038 1956 atque
3059 1888 3292 1940 omnium

1729 1957 2096 2026 prosequenda
2125 1961 2431 2026 praeconiis,
2464 1974 2620 2025 quam
2649 1974 2747 2025 pro
2777 1957 2877 2009 fide
2907 1958 2998 2009 Dei
3028 1957 3129 2026 sui,
3159 1963 3212 2007 et
3243 1956 3293 2004 in

1722 2025 2006 2100 pecasibus
2050 2025 2276 2100 filibrum
2298 2070 2313 2093 ,
2363 2028 2502 2100 nulla
2532 2028 2706 2079 carnis
2737 2026 2890 2091 fregit
2919 2025 3151 2088 affectio,
3183 2032 3292 2100 etla

1730 2097 2010 2148 tormentis
2038 2097 2238 2167 proprii
2259 2097 2497 2162 corporis
2526 2111 2625 2149 nec
2652 2109 2808 2167 sexus
2847 2106 3098 2167 revocare
3126 2097 3295 2167 potuit

1733 2179 1831 2216 nec
1851 2159 2090 2235 senecta.
2140 2159 2290 2235 Haec
2315 2159 2632 2235 ergo__sunt,
2681 2161 2960 2235 carissimi,
2987 2159 3096 2235 diei
3128 2159 3296 2235 hujus

1731 2231 1918 2298 gaudia
1949 2233 2125 2285 votiva
2156 2227 2407 2285 fidelium.
2435 2231 2555 2285 Hrec
2577 2245 2787 2298 semper
2807 2229 2965 2298 beato
2986 2227 3214 2298 Eusebio
3243 2232 3296 2277 et

1736 2296 2127 2378 gloriosissimis
2152 2301 2463 2378 Machabzeis
2492 2296 2835 2378 exhibeemus
2860 2296 3132 2378 obsequia,
3163 2307 3297 2378 quos

1736 2360 1789 2420 in
1817 2376 2072 2422 aeternum
2120 2383 2336 2488 regnum
2385 2376 2591 2435 tempus
2621 2367 2835 2435 quidem
2881 2360 3173 2428 diversum,
3203 2360 3295 2416 sed

1737 2436 1853 2488 dies
1881 2437 2070 2488 eadem
2096 2446 2151 2488 et
2215 2435 2308 2488 des
2340 2451 2442 2488 una
2472 2437 2735 2488 provexit.

1737 2436 1853 2490 dies
1881 2437 2070 2490 eadem
2096 2446 2151 2492 et
2178 2435 2308 2490 ﬁdes
2340 2451 2442 2490 una
2472 2437 2735 2505 provexit.

1407 2525 1676 2586 SERMO
1722 2526 1958 2586 XXIV.

1131 2623 1211 2678 De
1239 2624 1402 2678 natali
1427 2625 1579 2677 unius
1606 2626 1912 2694 confessoris
1942 2626 2221 2705 pontiﬁcis.

1475 2710 1866 2767 ADMONITIO.

192 2805 254 2860 De
275 2806 425 2875 huius
453 2806 720 2862 sermonis
746 2805 1054 2861 auctoribus
1078 2806 1262 2860 confer
1289 2819 1407 2873 quae
1435 2802 1825 2877 inappeudicis
1855 2803 2163 2872 przefatione
2191 2803 2520 2873 scripsimus.

103 2896 446 2966 AHGUIBN'I'UI.
467 2931 542 2941 ——
561 2898 686 2951 Cum
713 2896 963 2950 Dominus
1003 2897 1219 2966 singulis
1258 2897 1453 2949 dividat
1479 2903 1628 2966 prout
1655 2895 1700 2955 C
1733 2895 1819 2961 qui
1847 2894 1947 2946 duo
1977 2894 2168 2946 talenta
2196 2903 2478 2961 acceperat,
2503 2900 2554 2946 et
2580 2895 2655 2946 ait
2676 2909 2694 2945 :
2717 2891 2956 2957 Domine,
2982 2892 3083 2946 duo
3109 2893 3300 2946 talenta

158 2965 245 3016 vult
269 2983 470 3018 munera
498 2983 593 3019 sua
613 3006 626 3029 ,
658 2983 761 3019 non
789 2966 1046 3032 quantitas
1067 2965 1098 3026 ,7
1124 2965 1217 3016 sed
1253 2981 1374 3016 usus
1416 2965 1627 3016 caelestis

158 3035 317 3099 gratia
333 3036 383 3087 in
403 3035 668 3088 reddenda
687 3031 888 3086 ratiune
915 3048 947 3083 a
974 3031 1083 3086 Deo
1105 3032 1363 3101 penditur.

159 3117 399 3187 Scriptum
425 3129 509 3174 est
537 3121 590 3174 in
620 3120 850 3174 lectione
875 3120 1176 3186 evangelica
1197 3119 1319 3187 quia
1342 3120 1489 3171 homo
1518 3119 1630 3186 qui-

105 3185 201 3258 dam
217 3185 407 3258 peregre
425 3190 752 3258 proﬁciscens
771 3190 964 3258 vocavit
995 3185 1166 3240 servos
1180 3185 1326 3258 suos,
1349 3195 1397 3239 et
1419 3185 1629 3258 tradidit

106 3254 186 3325 illis
210 3254 461 3309 bona'sua.
493 3254 564 3308 Et
591 3258 680 3308 uni
706 3256 846 3309 dedit
869 3257 1086 3325 quinque
1113 3256 1307 3325 talenta
1325 3293 1339 3318 ,
1385 3256 1478 3325 alii
1507 3255 1626 3318 duo,

105 3323 178 3373 alii
195 3341 294 3376 vero
313 3342 463 3377 unum
479 3342 495 3377 :
511 3323 1080 3394 unicuiquesecundum
1096 3324 1358 3393 propriam
1378 3324 1629 3388 virtutem;

106 3399 143 3439 et
166 3395 392 3460 profectus
420 3404 494 3447 est
523 3392 709 3446 statim
726 3392 936 3460 (Matth.
967 3393 1112 3459 xxv).

207 3459 315 3513 omo
341 3462 436 3516 iste
464 3459 846 3530 paterfamilias
869 3461 1126 3514 Dominus
1147 3459 1389 3514 Christus
1413 3467 1512 3530 est,
1539 3461 1630 3528 qui

106 3525 160 3577 ad
183 3525 374 3596 Patrem
402 3525 522 3596 post
547 3530 1001 3596 resurrectionem
1029 3530 1201 3581 victor
1237 3528 1500 3596 ascendit,
1531 3525 1630 3582 vo-

109 3595 219 3648 catis
243 3595 484 3664 apostolis
510 3597 807 3652 doctrinam
844 3595 1218 3664 Evangelicam
1249 3595 1484 3649 tradidit.
1513 3596 1629 3650 Non

107 3672 185 3735 pre
216 3664 450 3735 largitate
469 3673 524 3720 et
547 3665 809 3735 parcitate
836 3665 990 3735 alteri
1021 3665 1156 3735 plus,
1187 3673 1242 3718 et
1273 3665 1428 3717 alteri
1457 3665 1632 3735 minus

108 3730 338 3806 tribuens;
366 3734 458 3788 sed
485 3730 588 3806 pre
613 3734 987 3806 accipientium
1015 3730 1216 3806 viribus
1243 3750 1255 3784 :
1286 3732 1555 3799 quomodo
1577 3741 1633 3786 et

110 3796 358 3872 Apostelus
384 3796 591 3872 eos‘qui
615 3796 843 3872 solidum
869 3802 1048 3872 cibum
1074 3796 1322 3872 accipere
1343 3816 1449 3854 non
1472 3810 1630 3872 pote-

108 3875 224 3942 rant,
251 3868 613 3942 lactepota—sse
639 3884 700 3924 se
727 3870 870 3942 dicit.
902 3869 1143 3942 Denique
1181 3868 1236 3923 et
1260 3869 1418 3942 ‘illtim
1442 3869 1546 3942 qui
1565 3868 1632 3923 de

108 3937 304 4003 quinque
331 3937 540 3992 talentis
581 3939 766 3992 decem
809 3937 1139 4003 fecerat,’et
1184 3937 1275 4006 qui
1302 3937 1386 4006 de
1425 3937 1633 3992 duobus

108 4007 499 4075 Quatuor,isimili
528 4007 734 4075 recepit
759 4006 972 4072 gaudio,
996 4022 1103 4060 non
1132 4005 1470 4061 considerata
1499 4006 1630 4060 lucri

109 4071 452 4141 magnitudine,
495 4075 591 4129 sed
617 4071 793 4129 studio
838 4075 1144 4129 voluntatis.
1195 4075 1254 4127 In
1293 4075 1546 4141 quinque,
1578 4084 1632 4128 et

110 4133 304 4204 duobus,
327 4151 377 4195 et
405 4133 511 4197 uno
539 4143 741 4196 talento
768 4143 855 4196 vel
882 4143 1120 4198 diversas
1147 4133 1346 4210 gratias
1371 4133 1630 4210 intelliga-

111 4216 223 4268 ωας.
242 4223 349 4275 qua:
368 4212 650 4279 unicuique
670 4210 876 4264 tradita:
895 4221 1046 4276 sunt;
1070 4211 1155 4264 vel
1177 4211 1228 4264 in
1251 4211 1423 4277 primo
1445 4225 1629 4264 omnes

109 4280 594 4349 §eusus_examinato,
617 4280 669 4332 in
689 4279 922 4349 secundo
943 4279 1346 4349 intelligentiam
1369 4285 1424 4331 et
1444 4293 1628 4347 Opera,

111 4345 161 4420 in.
173 4345 310 4420 tertio
336 4348 614 4420 rationem,
637 4363 741 4417 qua
770 4348 1012 4420 homines
1039 4362 1068 4400 a
1091 4345 1626 4415 bestiis'separa‘mur.

111 4405 222 4487 ᾼὺξὶξ
243 4421 397 4487 autem
419 4405 960 4487 qui-quinquetalenta
980 4427 1261 4487 acceperat,
1293 4405 1532 4487 operatus
1561 4426 1635 4487 est

112 4478 254 4563 faeie,
284 4491 327 4532 et
353 4478 576 4563 luc'ratiés
603 4478 680 4536 est
712 4483 818 4563 alia
850 4478 1110 4563 guinquef
1135 4478 1378 4563 Aecepiis
1407 4485 1634 4563 terrenis

111 4545 316 4627 {ensibus
352 4552 645 4627 emlestium
689 4551 790 4627 sibi
835 4545 1132 4606 doctrinam
1181 4545 1470 4627 duplicavit
1492 4593 1510 4618 ,
1550 4568 1634 4627 _ex

112 4619 332 4690 creaturis
359 4620 656 4690 intelligens
683 4619 992 4690 Creatorem
1013 4661 1028 4684 ,
1058 4619 1520 4690 excorporalibus
1537 4621 1632 4690 in-

112 4685 382 4750 corporalia,
433 4704 497 4744 ex
529 4685 845 4743 'visibilibus
899 4689 1214 4752 invisibilia,
1249 4685 1338 4743 "ex
1386 4689 1634 4743 brevibus

114 4757 296 4827 {item}
319 4753 569 4827 Similiter
594 4758 688 4827 qui
709 4756 816 4810 duo
843 4767 1124 4827 aceeperat
1163 4757 1399 4827 lucratus
1424 4765 1504 4810 est
1532 4757 1633 4811 alia

117 4813 218 4896 duo.
245 4818 544 4896 Et‘iste‘pro
575 4813 775 4896 viribus
797 4813 1064 4896 quidquid
1085 4826 1137 4878 in
1161 4826 1276 4896 lege
1298 4826 1552 4879 didicerat
1580 4827 1633 4879 in

116 4878 361 4963 Evangelio
403 4878 720 4963 duplicavit,
759 4878 878 4963 sive
901 4878 967 4963 ei
991 4878 1300 4963 scientiam,
1346 4878 1440 4946 seu
1470 4878 1631 4963 opera

287 4958 349 5032 tis
387 4958 504 5016 vitae
554 4961 745 5015 futurae
768 4961 1322 5032 beatitudirnisdtypum
1351 4958 1629 5015 intellexit.

120 5029 219 5098 KP“
252 5029 450 5087 Nam
483 5034 601 5083 vero
640 5031 881 5098 temporis
922 5031 1056 5082 venit
1097 5029 1334 5098 dominus
1375 5046 1634 5082 servorum

351 5106 399 5150 et
424 5099 598 5169 posuit
637 5086 891 5169 Μείζπῴ
921 5114 1036 5169 cum
1060 5100 1155 5152 eis.
1185 5097 1398 5169 Grande
1428 5107 1635 5169 tempus

120 5163 183 5232 est
203 5163 323 5216 inter
347 5163 707 5222 ascensionem
751 5164 1078 5232 Salvatoris,
1124 5174 1179 5220 et
1205 5167 1490 5221 secundum
1521 5163 1635 5232 ejus

405 5233 471 5288 Et
497 5233 742 5304 “cedens
769 5233 858 5304 qui
1129 5235 1320 5304 telenta
1348 5224 1632 5302 (receperat,

119 5290 264 5382 filii}
286 5290 863 5382 95¢.uiw..'9‘ém
894 5290 1119 5382 ’έὲοελιε
1151 5301 1386 5367 Domi“.
1417 5290 1635 5382 φάίηφιέ

123 5360 278 5440 tutatur
293 5360 556 5440 tradidisti
572 5370 717 5437 mihi,
744 5385 861 5440 ecce
1015 5373 1234 5439 quinque
1259 5360 1634 5440 superlecra'tus

121 5439 222 5509 ξιιμ.
247 5435 323 5488 Ait
346 5437 419 5491 illi
444 5440 682 5509 dom
826 5454 848 5509 _:
869 5435 1039 5509 Euge,
1062 5435 1200 5492 serue
1219 5435 1347 5492 bone
1373 5451 1421 5493 et
1439 5440 1632 5508 ﬁdelis,

122 5508 217 5577 φη
238 5516 372 5577 super
390 5523 554 5577 pauca
580 5507 734 5577 fuieti
758 5507 1146 5577 ﬁdeliysupra
1173 5508 1332 5561 multa
1362 5517 1409 5561 te
1441 5507 1634 5561 consti-

123 5567 235 5618 ιιωκ
255 5585 272 5620 :
291 5567 424 5628 intre
446 5576 498 5630 in
526 5567 771 5645 gaudium
795 5567 989 5628 domini
1019 5567 1108 5629 tui.
1140 5578 1363 5630 Accessit
1389 5587 1556 5630 autem
1584 5587 1635 5633 et

1733 2971 1992 3023 tradidisti
2022 2973 2162 3034 mihi,
2194 2987 2306 3023 ecce
2331 2972 2434 3023 alia
2462 2972 2561 3024 duo
2591 2972 2816 3022 lucratus
2836 2986 2968 3022 sum.
2999 2968 3082 3021 Ait
3105 2970 3180 3021 illi
3209 2970 3300 3022 do-

1730 3049 1899 3101 minus
1943 3048 2053 3122 ejus
2095 3064 2112 3100 :
2162 3047 2333 3117 Euge,
2366 3063 2506 3107 serpe
2554 3046 2681 3100 bone
2706 3054 2755 3099 et
2786 3047 2973 3115 ﬁdelis,
3005 3038 3122 3116 quia
3150 3062 3301 3113 super

1731 3139 1895 3191 pauca
1925 3125 2065 3192 fuisti
2094 3124 2278 3192 ﬁdelis,
2309 3130 2466 3191 supra‘
2486 3125 2651 3192 multa
2684 3132 2731 3175 te
2759 3126 3064 3176 constituam
3100 3140 3118 3175 :
3161 3125 3300 3192 intra

1730 3194 1784 3244 in
1813 3191 2058 3260 gaudium
2095 3191 2298 3246 domini
2349 3194 2437 3244 tui.
2484 3191 2708 3260 Utrique
2750 3206 2926 3260 servo,
2961 3200 3018 3243 ut
3046 3199 3168 3245 ante
3189 3191 3299 3257 jam

1731 3259 1860 3329 dixi,
1891 3269 1945 3313 et
1969 3261 2061 3329 qui
2087 3261 2152 3314 de
2173 3261 2404 3327 quinque
2432 3261 2642 3313 talentis
2666 3259 2850 3329 decem
2881 3259 3106 3322 fecerat,
3138 3260 3192 3312 id
3220 3269 3302 3313 est

1729 3328 1796 3398 de
1825 3328 2058 3398 quinque
2079 3330 2318 3398 corporis
2345 3329 2584 3398 sensibus
2602 3328 2908 3398 spiritaliter
2933 3341 3094 3394 agens
3118 3330 3301 3380 multi-

1729 3396 2038 3465 plicaverat,
2063 3406 2117 3451 et
2145 3397 2305 3450 vitam
2335 3397 2592 3450 actualem
2622 3396 2758 3449 bene
2778 3405 3086 3465 peregerat;
3117 3399 3217 3465 77
3244 3404 3302 3450 et

1730 3464 1822 3533 qui
1851 3465 1918 3518 de
1944 3466 2149 3518 duobus
2179 3474 2435 3530 quatuor,
2463 3465 2512 3516 id
2535 3473 2616 3517 est
2637 3465 2726 3530 qui
2750 3466 2852 3533 hoc
2871 3464 3012 3533 quod
3041 3464 3302 3533 intellexit

1730 3531 1979 3586 fratribus
2008 3533 2345 3601 pmdicavit,
2379 3541 2431 3586 et
2460 3546 2623 3598 opera
2653 3531 3058 3601 coinplevitihet
3086 3531 3300 3601 eosdem

1769 3597 2024 3662 roximos,
2056 3616 2150 3667 per
2174 3600 2370 3654 bonum
2393 3597 2543 3653 suuin
2566 3597 2866 3667 exemplum
2887 3600 2950 3651 ad
2968 3597 3129 3667 itidem
3151 3600 3301 3652 duxit

1777 3669 1950 3736 hristi,
1981 3666 2156 3723 eidem
2183 3668 2577 3737 patrisfamilias
2604 3666 2780 3722 serum
2815 3666 3111 3737 Dialldlllll‘,
3142 3676 3301 3737 atque

1732 3737 1926 3790 dicitur
1938 3733 1992 3790 ei
2019 3755 2031 3786 :
2055 3733 2222 3802 Euge,
2245 3737 2385 3803 quod
2409 3743 2510 3803 est,
2532 3736 2668 3790 bene
2695 3735 2882 3802 gaude.
2916 3733 2984 3786 Et
3010 3733 3300 3789 notandum

1731 3805 1874 3871 quod
1902 3806 2077 3860 omnia
2107 3820 2224 3872 quae
2254 3807 2304 3857 in
2349 3804 2597 3873 praesenti
2633 3803 2916 3873 habentur,
2945 3803 3070 3873 licet
3111 3818 3301 3869 magna

1730 3874 2011 3927 videantur
2029 3882 2082 3928 et
2109 3871 2363 3943 plurima,
2386 3880 2560 3943 tamen
2583 3871 3300 3943 comparationefutugorum

1732 3957 1900 4010 pauca
1929 3950 1982 3996 et
2009 3938 2171 4020 parva
2201 3950 2355 4020 sunt.
2369 3941 2507 4020 Quia
2537 3938 2719 4020 super
2738 3954 2906 4020 pauca
2923 3939 3078 4020 fuisti
3109 3938 3299 4020 ﬁdelis,

1732 4009 1893 4078 supra
1921 4009 2088 4063 multa
2117 4019 2170 4064 te
2211 4009 2529 4063 constituam
2552 4050 2566 4075 ,
2598 4009 2648 4078 id
2671 4016 2759 4078 est
2790 4009 2841 4060 in
2870 4016 3066 4060 aitema
3097 4010 3298 4076 quiete.

1733 4076 1868 4142 Quid
1894 4085 2069 4132 autem
2095 4079 2262 4143 magis
2286 4085 2460 4144 potest
2483 4078 2595 4130 dari
2618 4076 2758 4130 fideli
2785 4090 2962 4140 servo,
2993 4092 3154 4142 quam
3183 4091 3302 4130 esse

1731 4161 1852 4199 cum
1869 4145 2113 4209 Domino,
2133 4156 2188 4200 et
2205 4143 2378 4199 videre
2399 4145 2644 4211 gaudium
2661 4143 2867 4198 Domini
2891 4145 3006 4199 sui?
3025 4144 3083 4197 ln
3097 4153 3299 4199 aeterna

1735 4215 1931 4267 etenim
1959 4215 2284 4268 beatitudine
2312 4215 2621 4278 collocatus,
2654 4212 2798 4281 quod
2838 4228 2944 4265 non
2972 4213 3218 4266 habuerit
3246 4214 3301 4266 in

1733 4283 1926 4336 merito
1944 4322 1957 4344 ,
1989 4282 2206 4336 habebit
2233 4284 2284 4335 in
2315 4284 2564 4346 caritate;
2597 4289 2652 4334 et
2680 4282 2786 4334 tale
2811 4281 3060 4347 gaudium
3088 4281 3300 4335 habitu-

1734 4366 1826 4404 rus
1852 4352 1953 4404 erit
1981 4351 2046 4404 de
2073 4351 2288 4404 alterius
2313 4351 2478 4416 gloria
2500 4350 2869 4411 eminentiore,
2899 4363 2962 4404 ac
2989 4350 3032 4404 si
3057 4365 3152 4403 sua
3181 4364 3300 4406 esse

1732 4419 1993 4472 videatur.
2027 4418 2195 4482 Intra,
2227 4419 2415 4487 inquit,
2443 4420 2494 4470 in
2527 4419 2769 4488 gaudium
2810 4417 3002 4471 domini
3032 4420 3132 4482 tui;
3163 4433 3227 4473 ac
3254 4420 3300 4480 si

1733 4488 1872 4540 dicat
1897 4505 1908 4539 :
1934 4488 2152 4556 Suscipe
2181 4503 2298 4555 quae
2327 4503 2425 4540 nec
2451 4487 2821 4556 .oculusrvidit,
2851 4501 2948 4556 nec
2966 4489 3122 4556 auris
3145 4488 3300 4542 audi-

1729 4557 1838 4620 vit,
1872 4571 1970 4610 nec
1997 4558 2050 4610 in
2087 4547 2440 4609 hor-hominis
2469 4547 2842 4610 ascenderunt.
2873 4553 2977 4609 Sed
3009 4547 3170 4610 homo
3199 4558 3301 4611 iste

1769 4638 1860 4677 ere
1926 4639 1958 4678 e
2004 4623 2552 4693 proficiscens‘servis
2595 4624 2704 4677 suis
2730 4625 2868 4677 bona
2898 4623 3148 4690 tradidit,
3175 4628 3299 4694 quia

1733 4637 1974 4743 ﬁdeligus
2017 4693 2214 4743 sanctis
2259 4692 2551 4743 sniritualia
2591 4692 2730 4743 dona
2777 4692 3059 4743 concessit.
3101 4691 3168 4743 Et
3208 4696 3298 4743 uni

1769 4691 1974 4747 delibus
2005 4691 2214 4746 sanctis
2259 4692 2551 4760 spiritualia
2591 4692 2730 4746 dona
2777 4692 3059 4760 concessit.
3101 4691 3168 4746 Et
3196 4691 3298 4748 'uni

1733 4759 1879 4814 dedit
1906 4762 2138 4829 quinque
2169 4759 2386 4823 talenta,
2436 4760 2524 4813 alii
2569 4761 2694 4824 duo,
2744 4759 2833 4829 alii
2878 4775 3008 4814 vero
3035 4763 3302 4817 commisit

1733 4841 1918 4882 unum.
1950 4828 2195 4896 Quinque
2223 4830 2362 4883 enim
2397 4831 2524 4883 sunt
2548 4828 2789 4896 corporis
2815 4842 3023 4895 sensus,
3054 4829 3304 4885 videlicet

1732 4896 1899 4966 visus,
1923 4897 2169 4964 auditus,
2199 4906 2413 4964 gustus,
2441 4897 2697 4951 odoratus
2737 4904 2793 4950 et
2832 4903 3026 4966 tactus.
3055 4896 3303 4966 Quinque

1734 4965 1894 5030 igitur
1922 4967 2135 5021 talentis
2153 4967 2351 5020 donum
2378 4966 2616 5033 quinque
2641 4979 2913 5026 sensuum,
2946 4964 2997 5016 id
3025 4975 3107 5019 est
3146 4964 3302 5021 exte-

1730 5035 1844 5087 rior
1866 5035 2088 5093 scientia
2134 5035 2470 5102 exprimitur,
2499 5034 2704 5088 duobus
2729 5047 2860 5086 vero
2900 5033 3205 5102 intellectus
3248 5046 3303 5089 et

1733 5103 1976 5170 operatio
2030 5101 2358 5170 designatur.
2409 5101 2576 5156 Unius
2629 5101 3040 5170 autemitalenti
3085 5105 3303 5158 nomine

1734 5169 2034 5240 intellectus
2071 5169 2444 5240 tan’tunnnodo
2457 5170 2794 5240 designatur.
2819 5169 2924 5224 Sed
2950 5171 2996 5224 is
3023 5173 3113 5239 qui
3141 5174 3299 5240 quin—

1732 5251 1838 5304 que
1858 5239 2056 5310 talenta
2077 5247 2376 5310 acceperat,
2401 5239 2501 5310 alia
2523 5241 2757 5306 quinque
2782 5239 3016 5310 lucratus
3035 5249 3117 5294 est
3139 5239 3300 5310 {quia

1733 5307 1972 5378 nonnulli
1999 5317 2124 5363 sunt
2156 5307 2276 5378 qui.
2313 5307 2413 5378 etsi
2443 5307 2650 5361 interna
2678 5322 2742 5362 ac
2768 5307 2990 5376 mystica
3018 5307 3302 5376 penetrare

1733 5377 2002 5456 nesciunt,
2033 5393 2130 5446 pro
2161 5377 2454 5456 intentione
2481 5385 2657 5456 tamen
2685 5389 2928 5456 superna
2949 5378 3172 5456 pagis),
3199 5379 3301 5434 do-

1733 5452 1858 5498 cent
1895 5443 2050 5524 rectai
2077 5461 2194 5524 quae
2231 5452 2474 5514 possunt,
2518 5443 2585 5498 de
2790 5443 3147 5524 exterioribus
3184 5461 3302 5514 qua

1735 5523 2054 5581 acceperunt
2070 5511 2343 5581 {dumque
2369 5527 2428 5567 se
2452 5527 2483 5567 ι
2513 5511 2690 5567 carnis
2715 5511 3041 5581 petulantia,
3069 5528 3098 5567 ι
3128 5511 3300 5568 terrea

1734 5579 1920 5635 narum
1972 5599 2149 5638 rerum
2196 5579 2430 5648 ambitu,
2482 5588 2644 5657 atque
2697 5579 2978 5637 visibilium
3027 5581 3301 5652 voluptate

221 5650 336 5714 Tota
362 5659 469 5722 bsic
493 5661 702 5732 phrasis
726 5675 914 5717 manca
939 5660 1150 5719 videtur
1178 5680 1276 5720 nec
1300 5663 1452 5720 facile
1473 5665 1678 5720 restitui
1698 5670 1918 5736 posseti.
1951 5668 2102 5726 Eutr.
