3912 6226
139 341 234 397 901

1558 341 1785 396 SEBMO
1827 341 2004 396 XXVI.

3285 340 3393 399 90‘!

138 458 329 513 fratres
355 456 648 521 carisSIm.,
677 470 747 510 ne
769 464 956 510 contra
985 463 1182 509 statuta
1203 454 1298 508 SS.
1326 453 1542 507 Patrum
1563 453 1715 506 facia-
1742 460 1788 514 Α
1817 454 1977 518 guine
2009 465 2107 521 suo
2139 450 2382 521 redemit,
2414 452 2581 504 multo
2625 452 2791 518 magis
2828 466 2950 505 eum
2979 451 3195 506 laudare
3223 453 3388 509 debo-

139 542 276 580 mus.
305 525 603 578 Curramus
625 538 759 592 ergo
785 525 851 576 ad
882 525 1134 578 ecclesias
1173 524 1282 577 Deo
1309 523 1530 585 dicatas,
1558 530 1612 574 et
1641 523 1712 574 ibi

139 609 373 655 oremus,
419 592 606 661 ibique
651 593 1026 654 sacriﬁcemus,
1069 601 1327 659 quatenus
1372 599 1715 659 peccatorum

140 672 453 715 nostrorum
483 660 854 714 remissionem
881 661 1008 713 inibi
1037 660 1410 727 percipiamus.
1439 669 1493 712 et
1525 673 1718 714 conso-

138 731 398 806 lationem
428 728 726 806 denostris
753 729 1125 806 anxietatibus,
1158 728 1565 806 deprecantibus
1592 727 1721 806 ipsis

137 798 340 850 sanctis
364 797 458 862 qui
490 797 561 848 ibi
598 797 867 861 coluntur,
902 797 1252 861 inveniamus,
1278 805 1334 848 ut
1358 803 1539 848 nostra
1564 795 1724 847 mini-

137 868 301 920 stet-ia
331 866 384 918 in
415 865 646 919 sacratis
670 865 800 917 locis
822 865 1014 930 jnstius
1045 872 1101 915 et
1125 866 1358 917 sanctius
1387 877 1719 931 peragamus,

140 948 212 986 ne
251 941 674 1000 contemptores,
708 932 802 984 sed
849 933 1159 985 obedientes
1199 933 1475 1000 prmceptis
1513 931 1719 1000 Domini

139 998 500 1054 inveniamur.
553 999 886 1053 Festinemus
935 1009 1111 1052 autem
1165 998 1387 1054 currere
1425 999 1618 1052 devote
1656 998 1722 1050 ad

139 1070 426 1133 ecclesias,
473 1069 813 1133 colamusque
854 1069 1230 1120 venerabiliter
1257 1082 1437 1120 earum
1467 1067 1720 1129 enczenia,

141 1145 196 1189 et
226 1139 355 1190 totis
385 1137 592 1189 nisibus
636 1135 910 1189 laudemus
947 1135 1228 1188 Dominum
1263 1136 1318 1188 in
1344 1135 1601 1188 hodierna
1627 1135 1722 1186 de-

141 1205 434 1259 dicationis
466 1204 772 1266 festivitate,
815 1212 872 1255 ut
907 1204 1129 1269 gratiam
1170 1203 1263 1256 Dei
1294 1203 1514 1271 adipisci
1542 1202 1722 1255 valea-

141 1272 470 1349 musszam
514 1273 944 1349 antiqui_paires
996 1272 1164 1349 nostri
1209 1270 1409 1349 templa
1459 1270 1724 1349 destructa

140 1339 566 1400 resediﬁcabant,
602 1349 656 1393 et
698 1340 884 1392 altaria
929 1347 1139 1392 vetusta
1178 1340 1291 1393 sive
1330 1339 1604 1392 imminuta
1640 1352 1725 1390 re-

140 1409 498 1470 staurabant,
543 1421 835 1470 eorumque
888 1408 1322 1461 consecrationes
1373 1405 1625 1460 decenter
1671 1413 1726 1458 et

141 1477 466 1530 solemniter
495 1477 673 1530 multis
704 1475 806 1528 sibi
829 1475 989 1530 sociis
1019 1476 1439 1527 convocantibus
1462 1482 1516 1526 et
1543 1475 1724 1526 adhic-

141 1546 392 1622 rentibus
439 1545 781 1622 devotissime
828 1544 1073 1622 agebant,
1127 1543 1346 1622 ipsaque
1389 1542 1483 1596 Dei
1529 1541 1725 1622 templa

142 1613 364 1666 coronis
392 1614 573 1665 aureis
602 1613 883 1673 ornabant,
907 1620 962 1664 et
990 1613 1102 1678 ipsa
1131 1610 1316 1663 altaria
1337 1626 1469 1663 auro
1491 1610 1727 1678 mundis-

143 1681 280 1733 simo
324 1689 382 1733 et
427 1681 648 1746 gemmis
693 1676 1093 1747 pretiosissimis
1133 1679 1476 1732 decorabant.
1526 1676 1726 1747 Eorum

138 1747 304 1813 igitur
327 1749 476 1801 bono
504 1746 706 1808 studio,
723 1750 836 1802 sive
854 1747 1249 1816 promptissima
1270 1747 1545 1816 voluntate
1566 1746 1724 1816 etiam

147 1819 387 1883 parietes
412 1831 546 1868 auro
565 1815 1220 1882 purissimofabricabant,
1243 1824 1297 1869 et
1317 1824 1425 1868 tam
1455 1815 1726 1880 laquearia

144 1882 307 1950 quam
336 1892 396 1936 et
423 1885 747 1950 pavimenta,
777 1899 871 1937 seu
901 1885 1056 1946 ostia,
1095 1898 1227 1937 auro
1266 1882 1615 1935 mundissimo
1642 1883 1725 1950 in-

144 1949 486 2004 staurabant.
519 1952 888 2019 Dedicationes
923 1966 1151 2019 namque
1177 1952 1495 2019 templorum
1525 1950 1578 2002 in
1603 1949 1727 2016 qui-

144 2019 246 2072 bus
275 2020 520 2072 divinum
551 2020 776 2086 agebant
801 2018 1030 2074 ofﬁcium
1061 2018 1156 2087 per
1193 2018 1318 2073 octo
1354 2019 1469 2072 dies
1499 2033 1726 2071 venera-

144 2087 326 2140 biliter
356 2096 414 2141 et
437 2097 622 2140 sancte
647 2089 887 2142 viventes
909 2087 1323 2151 venerabantur,
1352 2096 1406 2139 et
1427 2087 1478 2139 in
1506 2087 1583 2140 eis
1604 2094 1728 2139 octo

145 2155 336 2226 diebus
384 2170 600 2226 semper
644 2156 874 2226 hymnis,
914 2155 1254 2226 et_canticis,
1285 2162 1340 2208 et
1379 2154 1497 2207 aliis
1536 2154 1728 2226 divinis

145 2222 394 2276 laudibus
452 2222 518 2276 in'
562 2222 908 2277 veneratione
965 2223 1729 2290 dedicationum,templorum

147 2291 500 2359 insistebant;
531 2292 946 2359 solemniterque
981 2292 1035 2343 in
1065 2290 1312 2359 omnibus
1351 2291 1578 2343 cultibus
1606 2299 1730 2343 octo

146 2357 265 2412 dics
295 2360 575 2424 degentes,
607 2361 804 2425 gratias
824 2357 875 2413 ei
906 2360 1091 2412 laudes
1117 2358 1343 2410 Domino
1369 2373 1579 2425 semper
1606 2371 1729 2424 age-

147 2427 300 2489 bant,
332 2435 390 2480 et
419 2443 515 2493 pro
544 2442 728 2481 eorum
757 2428 1066 2490 sceleribus,
1081 2427 1206 2494 Asive
1235 2427 1397 2479 totius
1424 2427 1730 2494 populihu-

146 2495 350 2563 militer
377 2491 686 2563 poscebant,
712 2496 1030 2562 veniamque
1071 2491 1396 2563 ﬂagitabant,
1426 2491 1728 2563 atriueDo-

146 2562 771 2630 minum’sununopere,
813 2562 1045 2616 extentis
1095 2562 1162 2615 ad
1215 2563 1408 2616 caelum
1441 2562 1726 2630 inanibus,

147 2629 506 2684 intentissime
553 2629 998 2686 et’devotissime
1055 2630 1358 2684 laudabant.
1411 2629 1521 2682 Nos
1567 2643 1726 2694 vero,

146 2711 287 2765 quos
332 2698 664 2768 Redemer
705 2700 886 2753 mundi
925 2697 1137 2753 demum
1176 2697 1564 2766 pretiosissima
1605 2711 1728 2750 san-

1818 535 1954 581 mus,
1988 528 2042 572 et
2071 519 2429 572 dedicationes
2451 529 2750 572 nostrarum
2779 521 3122 575 ecclesiarum
3147 538 3390 577 summo—

1818 603 1946 657 pere
1971 588 2237 646 venerari,
2268 589 2423 654 eique
2451 603 2664 656 semper
2691 590 2889 657 gratias
2919 603 3076 655 agere
3107 589 3386 656 debemus,

1819 656 1916 726 pro
1956 657 2147 726 quibus
2186 658 2496 726 sanguinem
2545 669 2697 710 suum
2727 656 2878 720 fudit,
2909 666 2963 710 et
3002 672 3137 725 quos
3164 673 3194 726 a
3223 661 3390 726 portis

1819 724 2164 778 infernalibus
2191 725 2433 793 redemit,
2468 735 2520 778 et
2548 726 2710 777 vitam
2739 724 3045 793 praedicavit
3081 735 3134 779 et
3171 724 3392 781 donavit

1820 794 2216 860 sempiternam.
2263 792 2318 846 Si
2355 795 2494 845 enim
2527 809 2624 846 nos
2650 795 2700 845 in
2733 792 2997 861 prmdictis
3019 795 3194 856 rebus,
3219 803 3273 846 et
3301 811 3391 848 ve-
3473 811 3476 814 ·

1787 895 1798 906 ι
1823 861 2204 923 nerationibns,
2236 863 2346 915 sive
2371 862 2788 915 institutionibus
2817 863 3178 924 ecclesiarum,
3206 864 3394 916 remis-

1823 931 1994 999 siores
2025 937 2078 999 et
2109 931 2406 999 inutiliores
2432 932 2538 999 85
2571 931 2670 984 illis
2700 931 2895 999 inventi
2940 930 3210 994 fuerimus,
3249 933 3392 985 nullo

1821 997 1982 1066 modo
2010 998 2075 1049 ad
2108 998 2248 1050 illam
2278 997 2500 1063 glori-ain
2531 1013 2689 1063 quam
2722 997 2795 1052 illi
2820 1007 3174 1066 perceperunt
3203 1013 3394 1066 perve-

1824 1016 1982 1050 mouo
2010 1016 2075 1049 au
2108 1016 2248 1050 mam
2278 1016 2500 1063 gIorIam
2531 1016 2689 1063 quam
2722 1016 3174 1118 IIuJierceperunt
3203 1016 3394 1066 perve-

1824 1065 1939 1118 nire
1969 1067 2279 1134 poterimus,
2316 1076 2514 1134 quanto
2561 1066 2730 1130 magis
2764 1083 2791 1118 a
2869 1067 3010 1118 illam
3050 1082 3208 1133 quam
3241 1069 3394 1119 nobis

1823 1143 2010 1202 postea
2036 1133 2288 1186 Dominus
2315 1133 2558 1202 promisit
2590 1136 2868 1201 pervenire
2896 1135 3205 1195 valebimus,
3235 1151 3395 1202 quam

1824 1201 1998 1254 oculus
2029 1217 2129 1252 non
2156 1201 2421 1266 vidit,’nec
2444 1204 2585 1253 auris
2612 1204 2824 1263 audivit,
2858 1219 2950 1254 nec
2978 1204 3028 1253 in
3059 1218 3146 1254 cor
3175 1201 3396 1256 hominis

1825 1269 2075 1339 ascendit,
2112 1286 2223 1339 quia
2251 1273 2553 1339 prwpararit
2584 1269 2742 1339 Deus
2768 1271 3094 1338 diligentibus
3117 1288 3171 1322 se
3193 1270 3244 1339 (l
3272 1270 3394 1326 Cor.

1825 1337 1922 1404 II)?
1948 1335 2090 1397 ideo,
2125 1335 2314 1390 fratres
2342 1335 2687 1400 dilectissimi,
2713 1335 3104 1391 dedicationem
3146 1335 3397 1391 ecclesia-

1826 1420 1941 1458 rum
1970 1413 2025 1457 et
2050 1407 2414 1459 solemnitates
2453 1421 2633 1458 earum
2662 1422 2997 1473 summopere
3029 1408 3270 1459 venerari
3300 1407 3396 1460 dc-

1827 1474 2032 1537 bemus,
2065 1489 2129 1525 ne
2151 1489 2267 1525 cum
2302 1475 2682 1541 negligentibus
2712 1474 2853 1526 illam
2884 1477 3223 1539 sententiam,
3251 1477 3397 1541 quod

1828 1540 1983 1612 absit,
2013 1542 2287 1612 audiamus
2321 1559 2332 1591 :
2365 1540 2671 1612 Maledictus
2704 1543 2852 1594 homo
2882 1543 2965 1612 qui
2995 1559 3122 1612 opus
3150 1541 3248 1595 Dei
3272 1540 3400 1611 facit

1827 1608 2138 1678 negligenter
2171 1609 2380 1678 (Jerem.
2414 1610 2615 1675 XLVIII),
2659 1613 2757 1672 ait;
2805 1608 2948 1678 illam
2978 1608 3162 1664 audire
3191 1608 3400 1663 merea-

1830 1676 2005 1746 mura
2036 1676 2280 1746 Domino,
2309 1692 2464 1743 quam
2499 1678 2895 1746 ipsefDominus
2925 1677 3167 1731 ﬁdelibus
3203 1688 3400 1732 sancta:

1831 1744 1925 1796 Dei
1954 1743 2200 1798 Ecclesia:
2229 1755 2284 1797 et
2315 1743 2589 1799 animabus
2612 1745 2789 1811 justis,
2817 1748 2928 1800 sive
2956 1746 3146 1800 divinis
3173 1747 3400 1801 cultibus

1833 1813 2134 1864 amabiliter
2172 1814 2646 1882 insistentibus,in
2687 1814 2973 1882 Evangelio
3019 1816 3281 1881 promisit,
3315 1815 3398 1868 di-

1833 1895 1959 1952 cens
1993 1882 2151 1952 :_86_
2185 1879 2344 1952 Euge,
2369 1899 2528 1952 _s_erve
2567 1881 2694 1952 bone
2723 1891 2788 1952 et_
2801 1879 2992 1950 ﬁdelis,
3022 1879 3164 1934 intra
3191 1884 3244 1934 in
3271 1899 3400 1952 gau-

1833 1948 1974 2019 dium
2003 1947 2209 2001 Domini
2241 1947 2312 2000 tui
2337 1948 2550 2019 (Matth.
2580 1951 2728 2019 xxv).
2756 1947 2983 2017 O'quam
3007 1947 3401 2019 maguum'my-

1832 2017 2052 2087 sier-ium
2097 2027 2151 2070 et
2195 2017 2723 2087 quamnadmirabile
2773 2027 3161 2072 sacramentum
3209 2017 3402 2072 colitur

1834 2084 1993 2137 hodie
2042 2085 2094 2136 in
2143 2085 2324 2138 terris!
2373 2085 2481 2138 Nos
2517 2087 2644 2154 quip
2683 2101 2714 2138 e
2743 2101 2928 2140 omnes
2957 2101 3274 2140 veneramur
3297 2087 3400 2139 ho-

1834 2151 2020 2204 dierna
2048 2153 2133 2206 die
2162 2153 2394 2206 eucaania
2421 2163 2620 2206 sancta:
2641 2101 2735 2206 Dei
2757 2155 3028 2206 Ecclesia}.
3049 2163 3105 2206 et
3126 2155 3399 2206 nsallimus

1834 2151 2020 2222 dierna
2048 2153 2133 2222 die
2162 2153 2394 2222 encaenia
2421 2151 2623 2207 sanctai
2641 2151 2735 2206 Dei
2757 2155 3028 2219 Ecclesia},
3049 2163 3105 2207 et
3126 2155 3399 2222 psallimus

1833 2219 2061 2273 Domino
2091 2221 2200 2274 Deo
2239 2221 2457 2274 vocibus
2502 2222 2744 2275 humanis
2769 2223 2820 2275 in
2867 2224 3041 2283 terris,
3083 2219 3175 2276 sed
3224 2222 3401 2288 angeli

1833 2297 2034 2359 canunt
2063 2290 2287 2359 hymnos
2315 2289 2560 2359 caelestes
2581 2290 2642 2359 in
2672 2291 2898 2359 superis.
2937 2289 3046 2359 Nos
3087 2291 3250 2359 etiam
3279 2305 3402 2359 ora-

1835 2370 1953 2409 mus
1982 2358 2036 2409 in
2067 2357 2242 2419 terris,
2273 2358 2446 2424 angeli
2478 2357 2691 2411 laudant
2713 2357 2992 2412 Dominum
3019 2357 3070 2411 in
3099 2358 3265 2414 cmlis.
3295 2357 3404 2412 Nos

1875 2438 2047 2495 noque
2079 2425 2318 2478 laetamur
2347 2429 2398 2478 in
2431 2428 2603 2489 terris,
2636 2428 2808 2495 angeli
2837 2438 2890 2481 et
2925 2427 3095 2480 sancti
3137 2427 3228 2480 Dei
3267 2441 3402 2493 gau-

1869 2500 1961 2563 ent
2006 2493 2071 2563 de
2117 2501 2263 2563 tanta
2306 2495 2640 2563 solemnitate
2666 2493 2908 2550 in'cmlis.
2937 2495 3161 2548 Oremus
3187 2509 3316 2563 ergo
3347 2495 3400 2548 in

1834 2562 1993 2614 terris
2027 2561 2340 2614 hodiernam
2380 2561 2771 2616 dedicationem
2817 2564 3127 2618 solemniter
3163 2561 3404 2616 coleIItes

1833 2629 2220 2698 cumpsalmis,
2250 2635 2321 2698 et
2343 2630 2664 2696 gaudeamus
2700 2632 2769 2686 de
2812 2638 2959 2684 tanta
3005 2629 3314 2698 festivitate,
3345 2639 3404 2685 ut

1834 2696 2120 2764 participes
2144 2697 2199 2750 in
2227 2697 2375 2752 caelis
2397 2698 2622 2752 inveniri
2644 2713 2962 2754 mereamur.
2992 2698 3240 2770 Explicit.

1509 2785 1776 2846 SERMO
1818 2784 2054 2845 XXVI.

1449 2885 1526 2938 De
1553 2884 1790 2952 primitiis
1818 2892 1866 2936 et
1889 2884 2117 2936 decimis.

1595 2970 1978 3027 ADMONITIO.

217 3061 357 3139 Cum
379 3064 837 3142 _l_iuj_us__sermonis_
861 3065 913 3119 in
942 3065 1127 3142 codice
1153 3064 1532 3142 Beneventano
1559 3078 1596 3129 ι,
1624 3077 1747 3133 pag.
1783 3063 1872 3132 ll,
1911 3063 1968 3116 S.
2013 3062 2246 3118 Maximo
2283 3065 2525 3121 attributi
2556 3073 2722 3138 stylus
2759 3077 2917 3138 longe
2953 3071 3022 3126 sit
3057 3071 3199 3142 stylo
3237 3072 3404 3128 Maxi-

150 3132 330 3186 miano
360 3132 650 3200 dissimilis,
682 3135 930 3188 eumdem
955 3135 1010 3187 in
1037 3133 1392 3202 supposititiis
1423 3132 1786 3187 numeramus.

150 3245 542 3321 hcuumpu.
576 3272 647 3282 —
673 3243 756 3297 Ea:
797 3244 1162 3321 Scriptura_et
1207 3261 1272 3298 ea:
1312 3246 1512 3321 ratione
1551 3244 1732 3321 nititur
1760 3245 1804 3308 C
1834 3242 1990 3313 ligas,
2021 3260 2172 3300 meus
2217 3246 2343 3300 solis
2372 3247 2556 3302 calor?
2586 3245 2652 3300 Et
2672 3264 2793 3303 cum
2834 3251 3014 3304 omnia
3047 3266 3166 3306 mea
3195 3254 3322 3321 sint,
3351 3265 3406 3314 tu

218 3322 402 3367 auctor
428 3314 782 3393 demonstrare
802 3315 1054 3393 primitias
1075 3315 1283 3393 frugum
1309 3314 1534 3393 omnium
1548 3322 1602 3393 et
1622 3313 1733 3382 fru-

218 3392 394 3436 ctuum
420 3381 548 3445 Deo,
572 3383 646 3433 uti
669 3381 904 3450 supremo
933 3381 1177 3445 Domino,
1198 3398 1309 3434 esse
1330 3381 1641 3448 offerendas.

217 3474 484 3535 Petimus,
515 3472 795 3535 carissimi,
825 3472 1104 3526 caritatem
1142 3478 1378 3524 vestram
1408 3479 1468 3523 ut
1495 3485 1613 3538 quae
1635 3485 1732 3538 pro

149 3543 328 3598 salute
371 3549 550 3595 vestra
583 3540 832 3594 dicuntur
859 3540 1113 3593 attentius
1151 3539 1398 3592 audiatis.
1436 3537 1492 3591 In
1523 3537 1734 3604 longum

148 3611 372 3680 quidem
399 3608 688 3680 Scriptum
714 3606 851 3662 ordo
877 3607 1168 3680 digeritur;
1197 3607 1292 3661 sed
1319 3606 1736 3680 velut_aliquaI_I-

150 3675 322 3734 tulum
355 3678 409 3731 in
437 3675 754 3730 memoriam
782 3677 1030 3740 teneatis,
1059 3691 1226 3743 pauca
1267 3675 1420 3729 vobis
1459 3676 1525 3728 de
1569 3675 1735 3743 pluri-

149 3747 248 3801 bus
276 3745 738 3801 eommendamus.
768 3743 1024 3800 Dominus
1049 3743 1179 3797 dicit
1199 3744 1252 3796 in
1275 3743 1563 3812 Evangelia
1585 3761 1598 3794 :
1617 3759 1736 3796 om-

150 3831 275 3870 nem
329 3812 744 3867 decimationem
799 3820 1034 3866 vestram
1086 3812 1406 3866 distribuite.
1463 3812 1581 3879 ipse
1639 3827 1736 3878 per

150 3882 476 3953 prophetam
505 3881 742 3953 loquitur
761 3898 791 3953 ;_
811 3880 1230 3953 Inferteomnem
1259 3880 1503 3933 decimam
1517 3882 1585 3953 in
1612 3881 1734 3934 hor-

151 3949 296 4005 reum
323 3967 517 4016 meum,
546 3958 602 4001 ut
632 3950 697 4002 sit
724 3949 864 4002 cibus
883 3949 950 4002 in
983 3949 1133 4002 domo
1161 3965 1306 4012 mea;
1337 3957 1387 4001 et
1414 3949 1628 4016 probate
1655 3965 1737 4002 me

151 4021 206 4073 in
237 4021 342 4118 hi‘s,
376 4017 778 4118 digitobp'minus
803 4017 1059 4118 (Maloea;
1083 4016 1271 4118 1:1)..El
1288 4018 1348 4118 in
1378 4015 1737 4118 Ειοάἳιὶσίιιρζ

154 4089 306 4153 xxm)
345 4105 357 4138 :
387 4088 403 4118 ¹
429 4085 698 4139 Primitias
725 4085 874 4140 terre
898 4095 998 4140 tua
1025 4085 1166 4156 defer
1192 4087 1246 4138 in
1287 4085 1494 4138 domum
1527 4085 1738 4138 Domini

154 4155 370 4238 Dei-tui.
399 4153 596 4238 Paulus
621 4154 894 4238 apostolus
908 4154 1043 4238 dicit
1062 4172 1081 4238 ,ε
1105 4153 1233 4236 ilii
1255 4153 1376 4207 Levi
1396 4156 1736 4238 sacerdotium

156 4226 488 4300 accipientes,
514 4223 814 4276 mandatum
834 4223 1020 4302 habent
1039 4223 1264 4276 decimas
1282 4239 1480 4302 sumere
1499 4240 1537 4303 ιι
1551 4223 1736 4343 populo

151 4292 432 4370 secundum
452 4291 612 4370 legem
625 4290 969 4370 (Hebrlvuh
971 4291 1026 4344 Id
1043 4299 1179 4370 est}.
1195 4291 1442 4370 fratribus
1459 4306 1588 4370 suis;
1639 4292 1740 4344 ila-

159 4377 267 4430 rem
299 4362 452 4430 enim
472 4358 705 4430 datorem
725 4358 1063 4430 ’diligitDeus
1093 4358 1179 4430 (II
1212 4359 1331 4414 Cor.
1361 4363 1458 4430 Ix).
1487 4360 1738 4414 Salomon

153 4429 293 4484 dixit
320 4445 336 4481 :
367 4429 387 4460 ³
419 4427 522 4482 Alii
554 4428 784 4482 dividunt
821 4427 1006 4497 Spolia,
1035 4439 1084 4481 et
1104 4427 1301 4482 'ditiora
1329 4427 1494 4498 ﬁunt;
1525 4430 1617 4483 alii
1651 4445 1739 4481 ra-

150 4498 299 4620 ἶέιιδηι
327 4513 433 4576 non
465 4513 588 4577 sua,
609 4506 658 4550 et
683 4513 882 4577 semper
920 4499 975 4551 in
1017 4507 1240 4579 egestate
1277 4497 1396 4551 sunt
1426 4497 1604 4578 (ιρι-ου.
1638 4501 1733 4566 xI).

243 4582 306 4620 us
356 4565 499 4618 illius
537 4564 721 4619 SIrach
750 4565 928 4619 dixit:
963 4564 1028 4618 In
1059 4582 1198 4619 omni
1241 4567 1362 4618 dato
1405 4566 1616 4618 hilarem
1655 4568 1733 4620 fac

1831 3323 1923 3402 qui
1947 3336 2136 3375 manus
2163 3323 2555 3402 accommodas,
2570 3324 2753 3402 _solam
2779 3324 3043 3380 decimam
3083 3331 3405 3402 merebaris;

1831 3398 1925 3452 sed
1953 3413 2166 3453 reserva
2197 3399 2288 3452 tibi
2317 3414 2530 3465 novem,
2553 3400 2618 3452 da
2647 3402 2777 3454 mihi
2797 3403 3092 3470 decimam;
3123 3408 3169 3460 si
3196 3398 3409 3464 dederis

1831 3476 1963 3545 mihi
2010 3475 2294 3545 decimam,
2343 3477 2710 3545 multiplicabo
2754 3495 2966 3534 novem.
3026 3482 3196 3538 Etiam
3236 3489 3407 3543 sancti

1832 3542 2020 3612 Patres
2068 3552 2192 3598 ante
2238 3543 2418 3598 datam
2459 3542 2626 3612 legem
2663 3546 2980 3603 studuerunt
3006 3551 3269 3607 decimam
3294 3542 3407 3610 Deo

1831 3611 2047 3677 oﬂ'erre,
2077 3614 2214 3667 sicut
2241 3611 2606 3666 Abraham’de
2639 3615 2884 3670 omnibus
2911 3620 3020 3672 suis
3043 3620 3283 3679 decimas
3306 3625 3406 3678 ob-

1832 3681 1954 3734 tulit
1983 3681 2402 3745 Melchisedech;
2434 3690 2486 3735 et
2510 3680 2674 3756 Jacob
2699 3683 2774 3756 ait
2798 3701 2810 3734 :
2841 3685 2903 3756 Si
2923 3688 3079 3756 fuerit
3106 3687 3248 3743 Deus
3267 3708 3408 3746 meus

1830 3766 2044 3827 mecum,
2078 3759 2522 3827 cunctorumﬂua:
2559 3751 2759 3827 dederis
2786 3751 3163 3827 mihi'decimas
3188 3759 3407 3827 oﬂ'eram

1834 3817 2100 3898 tibi.(Gen.
2131 3819 2337 3898 xxvm).
2362 3817 2497 3898 Hinc
2523 3819 2681 3898 etiam
2703 3821 2931 3898 dicitur;
2957 3822 3200 3898 Decimus
3218 3817 3273 3882 '9':
3297 3830 3408 3898 ρνε-

1832 3887 2002 3963 miiias
2024 3897 2137 3940 tuas
2159 3902 2260 3940 non
2291 3887 2731 3963 tardabis_9ﬂ'erre
2769 3887 2990 3963 Domino
3022 3891 3217 3963 (Exod.
3250 3887 3402 3963 xin).

1835 3898 2002 3939 mitias
2024 3898 2137 3940 tuas
2159 3902 2260 3940 non
2291 3898 2521 3940 tardabis
2547 3898 2731 3955 o/[erre
2769 3898 2990 3945 Domino
3022 3898 3217 3963 (Exod.
3250 3898 3381 4016 ιιιιῖ

1835 3953 2086 4008 Salomon
2116 3970 2329 4024 quoque
2357 3957 2430 4008 ait
2462 3974 2473 4007 :
2509 3954 2725 4010 Honora
2765 3957 3046 4014 Dominum
3075 3963 3137 4014 de
3174 3973 3260 4016 tua
3288 3982 3345 4018 su

1835 4024 2029 4104 itantia
2065 4032 2117 4104 et
2159 4025 2220 4076 de
2257 4025 2496 4104 primitiis
2532 4027 2734 4104 frugum
2765 4034 2987 4104 tuarum,
3013 4040 3070 4081 ut
3095 4032 3408 4104 impleantur

1837 4092 2020 4144 horrea
2056 4101 2142 4145 tua
2184 4095 2470 4154 saturitate,
2502 4092 2551 4146 et
2577 4092 2692 4146 vino
2732 4096 3011 4150 toreularia
3051 4092 3409 4154 redundabant

1839 4158 2016 4237 (Prov.
2041 4160 2141 4237 tu).
2162 4160 2276 4237 Non
2298 4170 2418 4227 eget
2440 4161 2690 4237 Dominus
2707 4162 2866 4237 Deus,
2889 4180 2994 4218 non
3017 4168 3292 4237 praemium
3311 4184 3410 4237 po-

1839 4229 2022 4294 stulat,
2052 4229 2144 4283 sed
2169 4231 2461 4304 honorem;
2494 4229 2636 4284 Deus
2653 4229 3033 4304 enim_no_s_ter,'
3045 4235 3137 4302 qui
3164 4229 3410 4304 dignatus

1841 4304 1926 4351 est
1954 4304 2122 4377 totum
2153 4297 2302 4377 dare,
2323 4298 2601 4377 decimam
2625 4312 2655 4377 a
2681 4299 2838 4377 nobis
2866 4297 3113 4377 dignatur
3139 4297 3407 4377 repetere,

1841 4379 1946 4419 non
1974 4365 2097 4442 sibi,
2127 4367 2401 4442 sedunobis
2414 4366 2542 4442 sine
2562 4366 2731 4442 dubio
2758 4365 3110 4436 profuturam.
3142 4365 3292 4426 Unde
3311 4365 3410 4442 per

1837 4435 2152 4502 pr0phetam
2190 4435 2366 4488 dixit:
2406 4435 2674 4490 Primitias
2715 4435 2852 4491 area:
2898 4446 2999 4493 tua:
3045 4450 3094 4492 et
3137 4435 3412 4498 torculiris

1838 4518 1942 4580 non
1973 4503 2198 4580 tardabis
2227 4505 2412 4571 θίγεν-νε
2439 4504 2583 4580 mihi.
2629 4504 2686 4558 Si
2720 4505 2921 4580 tardius
2955 4508 3186 4580 dederis,
3218 4521 3413 4580 peace-

243 4582 306 4646 us
356 4565 499 4646 illius
537 4564 721 4646 Sirach
750 4564 885 4619 dixit
915 4564 1198 4646 {indomiti
1241 4564 1624 4646 dationliilarem‘
1654 4564 1737 4635 [ac
1767 4581 1812 4640 D
1838 4577 2054 4646 tum_es_t
2087 4590 2098 4623 :
2131 4564 2331 4646 quanto
2360 4573 2528 4646 magis
2566 4588 2672 4646 non
2711 4573 2939 4646 dedisse.
2973 4577 3048 4646 De
3078 4564 3414 4646 negoiiopde

152 4637 362 4703 mttunt
393 4642 556 4703 tuum,
603 4643 651 4686 et
697 4636 751 4686 in
803 4635 1146 4703 exsultatione
1190 4636 1459 4703 sancti/ica
1513 4635 1738 4703 decimas

156 4711 286 4756 tatas.
324 4701 708 4772 DahAltissimo
735 4703 1015 4772 secundum
1054 4702 1230 4755 datum
1272 4701 1416 4772 ejus;
1447 4711 1497 4755 et
1523 4705 1576 4756 in
1605 4701 1739 4772 bona

155 4772 304 4839 oculo
353 4770 765 4839 adiuventionem
796 4771 954 4839 facito
981 4787 1222 4824 manuum
1249 4770 1467 4831 tuarum,
1499 4771 1738 4838 quoniam

156 4838 418 4908 Dominus
464 4838 745 4908 retribuens
783 4847 879 4908 est,
922 4847 972 4891 et
1007 4842 1190 4908 septies
1220 4849 1416 4891 tantum
1450 4839 1624 4891 reddet
1652 4841 1738 4892 tibi

160 4905 350 4975 (Eccli.
401 4907 587 4975 xxxv).
634 4907 957 4974 Augustinus
994 4905 1127 4961 dixit
1157 4924 1170 4960 :
1204 4908 1413 4960 decima:
1440 4908 1521 4961 hae
1554 4909 1737 4962 etenim

162 4978 353 5045 tributa
399 4985 520 5028 sunt
555 4977 812 5045 egentium
847 4978 1154 5045 animarum.
1189 4975 1345 5045 Quod
1389 4976 1434 5029 si
1479 4976 1740 5030 decimam

161 5042 397 5106 dederis,
432 5058 539 5096 non
567 5042 740 5098 solum
767 5043 1144 5098 abundantiam
1181 5044 1445 5098 lructuum
1494 5045 1740 5112 recipies,

161 5113 252 5181 sed
301 5112 467 5165 etiam
508 5113 793 5181 sanitatem
821 5114 1070 5181 corporis
1102 5113 1462 5180 consequeris.
1514 5113 1741 5166 Decimae

163 5180 382 5301 quidem
407 5193 476 5234 ex
499 5179 680 5234 debito
705 5179 1084 5258 requiruntur:
1109 5182 1237 5251 quid
1262 5179 1306 5234 si
1337 5181 1539 5235 diceret
1561 5181 1700 5260 Deus
1725 5198 1736 5232 :

205 5262 367 5301 emne
396 5264 549 5301 meus
575 5264 655 5301 es.
683 5263 718 5301 ο
746 5250 934 5301 homo:
966 5264 1085 5301 mea
1114 5259 1196 5301 est
1229 5259 1367 5301 terra
1398 5264 1555 5301 uuam
1587 5250 1736 5301 colis.

205 5250 367 5318 empe
396 5264 549 5303 meus
575 5264 655 5315 es,
683 5263 718 5303 ο
746 5250 934 5314 homo;
966 5255 1085 5303 mea
1114 5250 1196 5304 est
1229 5259 1367 5303 terra
1398 5264 1555 5316 quam
1587 5250 1738 5318 colis,

165 5329 282 5372 mea
301 5317 439 5372 "sunt
469 5319 674 5373 semina
702 5331 820 5386 quae
847 5318 1073 5388 spargis,
1105 5333 1221 5372 mea
1251 5319 1498 5372 animalia
1523 5333 1640 5387 quae
1665 5317 1742 5371 fa-

235 5431 252 5463 '
283 5428 513 5500 Vulgata
540 5429 670 5498 legit
700 5448 712 5482 ε
739 5429 1107 5500 fraudulenter.
1138 5428 1360 5500 Vulgata
1385 5428 1546 5483 habet
1553 5445 1586 5500 _:
1619 5427 1743 5500 Prig

169 5499 346 5580 εάιέαε
365 5496 614 5580 frugem;
636 5496 787 5580 τεῖνά
831 5508 932 5580 tm
949 5498 1172 5580 .44"?
1207 5498 1513 5580 ἐθεηάοῑηυςη
1541 5496 1748 5580 Domini

170 5565 286 5621 Dei.
316 5565 488 5622 Aliter
508 5567 731 5634 Vulgata
761 5585 774 5620 :
802 5579 851 5621 et
874 5565 1080 5638 quidem
1113 5566 1174 5619 de
1203 5567 1327 5634 ﬁliis
1358 5565 1478 5620 Levi
1508 5567 1746 5621 sacerdo-

173 5638 294 5689 tium
323 5638 652 5708 accipientes,
685 5645 790 5690 etc.

1841 4638 2066 4693 artiﬁcio
2094 4638 2257 4694 redde
2296 4638 2546 4695 decimas.
2589 4641 2720 4695 Cum
2769 4645 2912 4698 enim
2953 4638 3189 4700 decimas
3233 4638 3414 4704 dando

1842 4714 1895 4759 et
1924 4715 2134 4761 terrena
2165 4719 2218 4784 et
2245 4710 2476 4784 cmlesiia
2503 4711 2680 4784 possis
2701 4727 2922 4784 munera
2946 4717 3261 4784 promereri,
3284 4731 3415 4784 qua-

1843 4789 1900 4845 re
1941 4790 2036 4843 per
2070 4778 2347 4830 avaritiam
2392 4778 2592 4845 duplici
2630 4778 3002 4836 benedictione
3049 4778 3416 4839 defraudaris?

1841 4842 1975 4922 ibeo
1989 4845 2130 4922 enim
2159 4854 2241 4899 est
2267 4842 2479 4922 Domini
2495 4847 2786 4922 justissima
2817 4852 3171 4922 consuetudo,
3198 4861 3255 4906 ut
3282 4854 3326 4906 si
3354 4863 3410 4907 tu

1843 4911 1916 4979 illi
1945 4912 2207 4967 decimam
2237 4930 2342 4967 non
2371 4911 2597 4979 dederis,
2630 4924 2688 4970 tu
2717 4916 2786 4969 ad
2824 4918 3083 4972 decimam
3123 4911 3412 4976 revoceris.

1842 4978 1999 5052 Dabis
2030 4981 2192 5049 impio
2221 4984 2372 5037 militi
2402 4985 2542 5052 quod
2572 4978 2678 5038 non
2708 4986 2788 5039 vis
2818 4986 2944 5040 dare
2982 4989 3286 5042 sacerdoti?
3314 4990 3416 5046 Be-

1842 5048 2085 5126 nefacere
2102 5048 2252 5126 Deus
2280 5048 2490 5126 semper
2509 5062 2726 5122 paratus
2743 5063 2854 5126 est,
2881 5055 2975 5126 sed
2998 5057 3271 5126 hominum
3295 5074 3411 5113 ma-

1841 5115 1954 5169 litia
1985 5119 2330 5238 lprohibetur.
2362 5115 2586 5192 D‘ecimze
2614 5123 2811 5176 etenim
2835 5115 2899 5176 ex
2928 5123 3108 5178 debito
3131 5127 3416 5194 requirun-

1843 5192 1947 5237 tur.
2031 5194 2051 5238 1,
2076 5189 2165 5238 aui
2199 5205 2290 5238 eas
2317 5191 2442 5238 dare
2473 5191 2731 5238 noluerit-
2762 5207 2850 5238 res.
2877 5194 3078 5238 alienae
3109 5195 3297 5238 invasit
3318 5213 3329 5223 -
3358 5205 3415 5238 nt

1843 5192 1947 5237 tur.
1985 5189 2051 5266 fit
2076 5189 2165 5256 qui
2199 5205 2290 5243 eas
2317 5189 2442 5266 dare
2473 5191 2732 5266 noluerit,
2762 5207 2850 5266 res
2877 5194 3080 5266 alienas
3092 5189 3329 5266 invasit;
3358 5205 3415 5249 et

1843 5259 2027 5328 quanti
2048 5272 2311 5328 pauperes
2339 5259 2390 5311 in
2420 5259 2549 5312 locis
2571 5260 2659 5328 ubi
2691 5261 2802 5328 ipse
2823 5262 3043 5325 habitat,
3073 5264 3160 5316 illo
3182 5264 3414 5317 decimas

1843 5336 1951 5376 non
1975 5322 2320 5393 dante-fame
2344 5329 2540 5382 mortui
2562 5322 2776 5395 fuerint,
2809 5322 3079 5387 tantorum
3104 5331 3415 5385 homicidio-

1921 5433 1942 5464 ’
1971 5433 2294 5490 Emendatur
2325 5445 2498 5491 textus
2524 5452 2592 5491 ex
2617 5437 2840 5502 Vulgata
2874 5454 2888 5489 :
2920 5439 3021 5491 Alii
3051 5440 3275 5491 dividunt
3304 5455 3417 5501 pro-

1853 5503 1987 5575 pria,
2018 5513 2064 5556 et
2093 5506 2300 5559 ditiores
2327 5508 2488 5575 ﬁunt;
2520 5506 2611 5560 alii
2639 5507 2843 5574 rapiunt
2873 5522 2971 5560 non
3001 5523 3114 5571 sua,
3143 5515 3191 5559 et
3219 5519 3416 5574 semper

1851 5574 1905 5626 in
1930 5583 2152 5642 egestate
2179 5585 2318 5629 sunt.
