  <div class='ocr_page' id='page_1' title='image "/cluster/home/n/w/nwhite01/storage/ocr_20150623/57/uva.x000827099/470.png"; bbox 0 0 3912 6226; ppageno 0'>
   <div class='ocr_carea' id='block_1_1' title="bbox 93 365 1922 426">
    <p class='ocr_par' dir='ltr' id='par_1_1' title="bbox 93 365 1922 426">
     <span class='ocr_line' id='line_1_1' title="bbox 93 365 1922 426; baseline -0.002 -1"><span class='ocrx_word' id='word_1_1' title='bbox 93 371 180 426; x_wconf 75' lang='lat'><strong>955</strong></span> <span class='ocrx_word' id='word_1_2' title='bbox 1495 365 1821 422; x_wconf 72' lang='lat' dir='ltr'><strong>Ei’lSTOLA</strong></span> <span class='ocrx_word' id='word_1_3' title='bbox 1861 367 1922 422; x_wconf 92' lang='lat' dir='ltr'><strong>ll.</strong></span> 
     </span>
    </p>
   </div>
   <div class='ocr_carea' id='block_1_2' title="bbox 3242 363 3347 423">
    <p class='ocr_par' dir='ltr' id='par_1_2' title="bbox 3242 363 3347 423">
     <span class='ocr_line' id='line_1_2' title="bbox 3242 363 3347 423; baseline 0.067 -7"><span class='ocrx_word' id='word_1_4' title='bbox 3242 363 3347 423; x_wconf 67' lang='lat'><strong>95$</strong></span> 
     </span>
    </p>
   </div>
   <div class='ocr_carea' id='block_1_3' title="bbox 91 475 3341 551">
    <p class='ocr_par' dir='ltr' id='par_1_3' title="bbox 91 475 3341 551">
     <span class='ocr_line' id='line_1_3' title="bbox 91 475 3341 551; baseline 0.003 -21"><span class='ocrx_word' id='word_1_5' title='bbox 91 481 160 530; x_wconf 84' lang='lat' dir='ltr'><strong>illa</strong></span> <span class='ocrx_word' id='word_1_6' title='bbox 187 477 466 551; x_wconf 78' lang='lat' dir='ltr'><strong>commoda</strong></span> <span class='ocrx_word' id='word_1_7' title='bbox 497 493 620 551; x_wconf 65' lang='lat' dir='ltr'><strong>quae</strong></span> <span class='ocrx_word' id='word_1_8' title='bbox 660 485 916 551; x_wconf 76' lang='lat' dir='ltr'><strong>vocantur</strong></span> <span class='ocrx_word' id='word_1_9' title='bbox 943 476 1184 551; x_wconf 74' lang='lat' dir='ltr'><strong>adversa.</strong></span> <span class='ocrx_word' id='word_1_10' title='bbox 1213 475 1527 551; x_wconf 62' lang='lat' dir='ltr'><strong>interipsas</strong></span> <span class='ocrx_word' id='word_1_11' title='bbox 1554 492 1650 530; x_wconf 87' lang='lat' dir='ltr'><strong>an-</strong></span> <span class='ocrx_word' id='word_1_12' title='bbox 1683 487 1729 542; x_wconf 77' lang='grc' dir='ltr'>Α</span> <span class='ocrx_word' id='word_1_13' title='bbox 1758 479 1848 540; x_wconf 89' lang='lat' dir='ltr'><strong>ris,</strong></span> <span class='ocrx_word' id='word_1_14' title='bbox 1873 492 2097 551; x_wconf 68' lang='lat' dir='ltr'><strong>quaeque</strong></span> <span class='ocrx_word' id='word_1_15' title='bbox 2115 477 2260 551; x_wconf 85' lang='lat' dir='ltr'><strong>jacet</strong></span> <span class='ocrx_word' id='word_1_16' title='bbox 2288 477 2454 551; x_wconf 83' lang='lat' dir='ltr'><strong>totius</strong></span> <span class='ocrx_word' id='word_1_17' title='bbox 2473 480 2717 551; x_wconf 85' lang='lat' dir='ltr'><strong>corporis</strong></span> <span class='ocrx_word' id='word_1_18' title='bbox 2757 493 2938 551; x_wconf 77' lang='lat' dir='ltr'><strong>massa</strong></span> <span class='ocrx_word' id='word_1_19' title='bbox 2957 482 3191 551; x_wconf 87' lang='lat' dir='ltr'><strong>captiva.</strong></span> <span class='ocrx_word' id='word_1_20' title='bbox 3233 483 3341 540; x_wconf 85' lang='lat' dir='ltr'><strong>Sed</strong></span> 
     </span>
    </p>
   </div>
   <div class='ocr_carea' id='block_1_4' title="bbox 94 545 1654 626">
    <p class='ocr_par' dir='ltr' id='par_1_4' title="bbox 94 545 1654 626">
     <span class='ocr_line' id='line_1_4' title="bbox 94 545 1654 626; baseline 0 -29"><span class='ocrx_word' id='word_1_21' title='bbox 94 545 531 626; x_wconf 53' lang='lat' dir='ltr'><strong>gustiassapiens&#39;</strong></span> <span class='ocrx_word' id='word_1_22' title='bbox 554 546 875 626; x_wconf 77' lang='lat' dir='ltr'><strong>adminiculo</strong></span> <span class='ocrx_word' id='word_1_23' title='bbox 904 546 1333 626; x_wconf 34' lang='lat' dir='ltr'><strong>.solaininis_pari</strong></span> <span class='ocrx_word' id='word_1_24' title='bbox 1363 545 1573 624; x_wconf 60' lang='lat' dir='ltr'><strong>laetatur</strong></span> <span class='ocrx_word' id='word_1_25' title='bbox 1593 555 1654 626; x_wconf 80' lang='lat' dir='ltr'><strong>_et</strong></span> 
     </span>
    </p>
   </div>
   <div class='ocr_carea' id='block_1_5' title="bbox 109 614 1651 682">
    <p class='ocr_par' dir='ltr' id='par_1_5' title="bbox 109 614 1651 682">
     <span class='ocr_line' id='line_1_5' title="bbox 109 614 1651 682; baseline -0.001 -15"><span class='ocrx_word' id='word_1_26' title='bbox 109 617 334 677; x_wconf 67' lang='lat' dir='ltr'><strong>iubescit,</strong></span> <span class='ocrx_word' id='word_1_27' title='bbox 367 614 442 669; x_wconf 15' lang='lat' dir='ltr'><strong>iet</strong></span> <span class='ocrx_word' id='word_1_28' title='bbox 487 615 768 669; x_wconf 88' lang='lat' dir='ltr'><strong>ambitiosa</strong></span> <span class='ocrx_word' id='word_1_29' title='bbox 818 615 1026 668; x_wconf 76' lang='lat' dir='ltr'><strong>ratione</strong></span> <span class='ocrx_word' id='word_1_30' title='bbox 1071 614 1357 682; x_wconf 89' lang='lat' dir='ltr'><strong>ampliatur</strong></span> <span class='ocrx_word' id='word_1_31' title='bbox 1399 623 1456 667; x_wconf 86' lang='lat' dir='ltr'><strong>et</strong></span> <span class='ocrx_word' id='word_1_32' title='bbox 1500 614 1651 667; x_wconf 90' lang='lat' dir='ltr'><strong>vivit.</strong></span> 
     </span>
    </p>
   </div>
   <div class='ocr_carea' id='block_1_6' title="bbox 94 630 1655 752">
    <p class='ocr_par' dir='ltr' id='par_1_6' title="bbox 94 630 1655 752">
     <span class='ocr_line' id='line_1_6' title="bbox 109 630 1651 682; baseline -0.001 -15"><span class='ocrx_word' id='word_1_33' title='bbox 109 630 334 677; x_wconf 72' lang='lat' dir='ltr'><strong>iuDCSCll,</strong></span> <span class='ocrx_word' id='word_1_34' title='bbox 387 630 442 669; x_wconf 89' lang='lat' dir='ltr'><strong>et</strong></span> <span class='ocrx_word' id='word_1_35' title='bbox 487 630 768 669; x_wconf 81' lang='lat' dir='ltr'><strong>ambitiosa</strong></span> <span class='ocrx_word' id='word_1_36' title='bbox 818 630 1026 668; x_wconf 83' lang='lat' dir='ltr'><strong>ratione</strong></span> <span class='ocrx_word' id='word_1_37' title='bbox 1071 630 1357 682; x_wconf 82' lang='lat' dir='ltr'><strong>ampliatur</strong></span> <span class='ocrx_word' id='word_1_38' title='bbox 1399 630 1456 667; x_wconf 86' lang='lat' dir='ltr'><strong>et</strong></span> <span class='ocrx_word' id='word_1_39' title='bbox 1500 630 1651 667; x_wconf 82' lang='lat' dir='ltr'><strong>vivit.</strong></span> 
     </span>
     <span class='ocr_line' id='line_1_7' title="bbox 94 630 1655 752; baseline -0.002 -14"><span class='ocrx_word' id='word_1_40' title='bbox 94 630 290 750; x_wconf 71' lang='lat' dir='ltr'><strong>ignorat</strong></span> <span class='ocrx_word' id='word_1_41' title='bbox 318 684 550 752; x_wconf 88' lang='lat' dir='ltr'><strong>denique</strong></span> <span class='ocrx_word' id='word_1_42' title='bbox 574 699 691 751; x_wconf 75' lang='lat' dir='ltr'><strong>qua:</strong></span> <span class='ocrx_word' id='word_1_43' title='bbox 721 685 934 752; x_wconf 90' lang='lat' dir='ltr'><strong>patitur,</strong></span> <span class='ocrx_word' id='word_1_44' title='bbox 960 685 1052 750; x_wconf 89' lang='lat' dir='ltr'><strong>qui</strong></span> <span class='ocrx_word' id='word_1_45' title='bbox 1088 700 1296 737; x_wconf 90' lang='lat' dir='ltr'><strong>memor</strong></span> <span class='ocrx_word' id='word_1_46' title='bbox 1333 691 1418 736; x_wconf 92' lang='lat' dir='ltr'><strong>est</strong></span> <span class='ocrx_word' id='word_1_47' title='bbox 1445 684 1655 736; x_wconf 69' lang='lat' dir='ltr'><strong>invicta:</strong></span> 
     </span>
    </p>
   </div>
   <div class='ocr_carea' id='block_1_7' title="bbox 97 753 1655 821">
    <p class='ocr_par' dir='ltr' id='par_1_7' title="bbox 97 753 1655 821">
     <span class='ocr_line' id='line_1_8' title="bbox 97 753 1655 821; baseline -0.001 -15"><span class='ocrx_word' id='word_1_48' title='bbox 97 755 326 817; x_wconf 80' lang='lat' dir='ltr'><strong>virtutis,</strong></span> <span class='ocrx_word' id='word_1_49' title='bbox 369 754 460 820; x_wconf 85' lang='lat' dir='ltr'><strong>qui</strong></span> <span class='ocrx_word' id='word_1_50' title='bbox 512 754 712 807; x_wconf 85' lang='lat' dir='ltr'><strong>ducatu</strong></span> <span class='ocrx_word' id='word_1_51' title='bbox 759 753 1011 817; x_wconf 82' lang='lat' dir='ltr'><strong>rationis,</strong></span> <span class='ocrx_word' id='word_1_52' title='bbox 1064 753 1347 821; x_wconf 89' lang='lat' dir='ltr'><strong>plerosque</strong></span> <span class='ocrx_word' id='word_1_53' title='bbox 1392 754 1655 820; x_wconf 88' lang='lat' dir='ltr'><strong>comperit</strong></span> 
     </span>
    </p>
   </div>
   <div class='ocr_carea' id='block_1_8' title="bbox 97 821 1657 890">
    <p class='ocr_par' dir='ltr' id='par_1_8' title="bbox 97 821 1657 890">
     <span class='ocr_line' id='line_1_9' title="bbox 97 821 1657 890; baseline -0.001 -16"><span class='ocrx_word' id='word_1_54' title='bbox 97 823 239 876; x_wconf 80' lang='lat' dir='ltr'><strong>fuisse</strong></span> <span class='ocrx_word' id='word_1_55' title='bbox 265 823 422 875; x_wconf 89' lang='lat' dir='ltr'><strong>malis</strong></span> <span class='ocrx_word' id='word_1_56' title='bbox 450 837 759 890; x_wconf 84' lang='lat' dir='ltr'><strong>oppressos,</strong></span> <span class='ocrx_word' id='word_1_57' title='bbox 790 829 844 890; x_wconf 82' lang='lat' dir='ltr'><strong>et</strong></span> <span class='ocrx_word' id='word_1_58' title='bbox 873 823 1013 875; x_wconf 92' lang='lat' dir='ltr'><strong>malo</strong></span> <span class='ocrx_word' id='word_1_59' title='bbox 1042 837 1140 876; x_wconf 91' lang='lat' dir='ltr'><strong>suo</strong></span> <span class='ocrx_word' id='word_1_60' title='bbox 1170 821 1419 888; x_wconf 89' lang='lat' dir='ltr'><strong>magistra</strong></span> <span class='ocrx_word' id='word_1_61' title='bbox 1449 822 1657 874; x_wconf 84' lang='lat' dir='ltr'><strong>ratione</strong></span> 
     </span>
    </p>
   </div>
   <div class='ocr_carea' id='block_1_9' title="bbox 96 889 1656 960">
    <p class='ocr_par' dir='ltr' id='par_1_9' title="bbox 96 889 1656 960">
     <span class='ocr_line' id='line_1_10' title="bbox 96 889 1656 960; baseline -0.001 -17"><span class='ocrx_word' id='word_1_62' title='bbox 96 900 265 949; x_wconf 81' lang='lat' dir='ltr'><strong>auctos</strong></span> <span class='ocrx_word' id='word_1_63' title='bbox 287 900 450 960; x_wconf 86' lang='lat' dir='ltr'><strong>atque</strong></span> <span class='ocrx_word' id='word_1_64' title='bbox 491 889 742 944; x_wconf 88' lang='lat' dir='ltr'><strong>nutritos.</strong></span> <span class='ocrx_word' id='word_1_65' title='bbox 771 889 910 958; x_wconf 81' lang='lat' dir='ltr'><strong>Ergo</strong></span> <span class='ocrx_word' id='word_1_66' title='bbox 937 890 1032 944; x_wconf 86' lang='lat' dir='ltr'><strong>tibi</strong></span> <span class='ocrx_word' id='word_1_67' title='bbox 1060 899 1244 960; x_wconf 85' lang='lat' dir='ltr'><strong>patent</strong></span> <span class='ocrx_word' id='word_1_68' title='bbox 1270 891 1459 943; x_wconf 88' lang='lat' dir='ltr'><strong>solatia</strong></span> <span class='ocrx_word' id='word_1_69' title='bbox 1488 890 1656 942; x_wconf 87' lang='lat' dir='ltr'><strong>ratio-</strong></span> 
     </span>
    </p>
   </div>
   <div class='ocr_carea' id='block_1_10' title="bbox 97 959 1658 1031">
    <p class='ocr_par' dir='ltr' id='par_1_10' title="bbox 97 959 1658 1031">
     <span class='ocr_line' id='line_1_11' title="bbox 97 959 1658 1031; baseline -0.001 -18"><span class='ocrx_word' id='word_1_70' title='bbox 97 961 180 1026; x_wconf 86' lang='lat' dir='ltr'><strong>nis,</strong></span> <span class='ocrx_word' id='word_1_71' title='bbox 212 969 268 1012; x_wconf 89' lang='lat' dir='ltr'><strong>ut</strong></span> <span class='ocrx_word' id='word_1_72' title='bbox 291 959 404 1029; x_wconf 88' lang='lat' dir='ltr'><strong>jam</strong></span> <span class='ocrx_word' id='word_1_73' title='bbox 429 975 528 1031; x_wconf 90' lang='lat' dir='ltr'><strong>pro</strong></span> <span class='ocrx_word' id='word_1_74' title='bbox 560 960 853 1015; x_wconf 84' lang='lat' dir='ltr'><strong>commodis</strong></span> <span class='ocrx_word' id='word_1_75' title='bbox 882 961 1142 1014; x_wconf 82' lang='lat' dir='ltr'><strong>habeatur</strong></span> <span class='ocrx_word' id='word_1_76' title='bbox 1165 959 1440 1013; x_wconf 84' lang='lat' dir='ltr'><strong>calamitas</strong></span> <span class='ocrx_word' id='word_1_77' title='bbox 1465 974 1658 1026; x_wconf 87' lang='lat' dir='ltr'><strong>corpo-</strong></span> 
     </span>
    </p>
   </div>
   <div class='ocr_carea' id='block_1_11' title="bbox 1763 548 3345 620">
    <p class='ocr_par' dir='ltr' id='par_1_11' title="bbox 1763 548 3345 620">
     <span class='ocr_line' id='line_1_12' title="bbox 1763 548 3345 620; baseline 0.004 -19"><span class='ocrx_word' id='word_1_78' title='bbox 1763 550 1940 620; x_wconf 84' lang='lat' dir='ltr'><strong>veniet</strong></span> <span class='ocrx_word' id='word_1_79' title='bbox 1967 548 2303 620; x_wconf 84' lang='lat' dir='ltr'><strong>resurrectio,</strong></span> <span class='ocrx_word' id='word_1_80' title='bbox 2333 557 2386 601; x_wconf 91' lang='lat' dir='ltr'><strong>te</strong></span> <span class='ocrx_word' id='word_1_81' title='bbox 2431 549 2752 604; x_wconf 80' lang='lat' dir='ltr'><strong>incolumem</strong></span> <span class='ocrx_word' id='word_1_82' title='bbox 2794 548 3086 620; x_wconf 67' lang='lat' dir='ltr'><strong>redditura,</strong></span> <span class='ocrx_word' id='word_1_83' title='bbox 3116 566 3345 620; x_wconf 65' lang='lat' dir='ltr'><strong>queque</strong></span> 
     </span>
    </p>
   </div>
   <div class='ocr_carea' id='block_1_12' title="bbox 1764 617 3349 686">
    <p class='ocr_par' dir='ltr' id='par_1_12' title="bbox 1764 617 3349 686">
     <span class='ocr_line' id='line_1_13' title="bbox 1764 617 3349 686; baseline 0.003 -17"><span class='ocrx_word' id='word_1_84' title='bbox 1764 626 1874 670; x_wconf 86' lang='lat' dir='ltr'><strong>tota</strong></span> <span class='ocrx_word' id='word_1_85' title='bbox 1899 618 1957 686; x_wconf 81' lang='lat' dir='ltr'><strong>in</strong></span> <span class='ocrx_word' id='word_1_86' title='bbox 1991 627 2041 670; x_wconf 89' lang='lat' dir='ltr'><strong>te</strong></span> <span class='ocrx_word' id='word_1_87' title='bbox 2067 618 2303 670; x_wconf 87' lang='lat' dir='ltr'><strong>membra</strong></span> <span class='ocrx_word' id='word_1_88' title='bbox 2345 625 2468 670; x_wconf 91' lang='lat' dir='ltr'><strong>sunt</strong></span> <span class='ocrx_word' id='word_1_89' title='bbox 2495 627 2775 686; x_wconf 88' lang='lat' dir='ltr'><strong>occupata.</strong></span> <span class='ocrx_word' id='word_1_90' title='bbox 2806 617 2914 672; x_wconf 86' lang='lat' dir='ltr'><strong>Sed</strong></span> <span class='ocrx_word' id='word_1_91' title='bbox 2941 619 3118 686; x_wconf 86' lang='lat' dir='ltr'><strong>lingua</strong></span> <span class='ocrx_word' id='word_1_92' title='bbox 3134 617 3202 675; x_wconf 76' lang='lat' dir='ltr'><strong>in</strong></span> <span class='ocrx_word' id='word_1_93' title='bbox 3228 617 3349 674; x_wconf 79' lang='lat' dir='ltr'><strong>lau-</strong></span> 
     </span>
    </p>
   </div>
   <div class='ocr_carea' id='block_1_13' title="bbox 1763 680 3343 759">
    <p class='ocr_par' dir='ltr' id='par_1_13' title="bbox 1763 680 3343 759">
     <span class='ocr_line' id='line_1_14' title="bbox 1763 680 3343 759; baseline 0.003 -19"><span class='ocrx_word' id='word_1_94' title='bbox 1763 680 2104 759; x_wconf 84' lang='lat' dir='ltr'><strong>des__Domini</strong></span> <span class='ocrx_word' id='word_1_95' title='bbox 2127 686 2440 759; x_wconf 81' lang='lat' dir='ltr'><strong>quotidiano</strong></span> <span class='ocrx_word' id='word_1_96' title='bbox 2464 680 2729 759; x_wconf 76' lang='lat' dir='ltr'><strong>nutriatur</strong></span> <span class='ocrx_word' id='word_1_97' title='bbox 2754 680 3091 759; x_wconf 68' lang='lat' dir='ltr'><strong>argumento,</strong></span> <span class='ocrx_word' id='word_1_98' title='bbox 3131 692 3343 759; x_wconf 86' lang='lat' dir='ltr'><strong>copiam</strong></span> 
     </span>
    </p>
   </div>
   <div class='ocr_carea' id='block_1_14' title="bbox 1764 753 3348 821">
    <p class='ocr_par' dir='ltr' id='par_1_14' title="bbox 1764 753 3348 821">
     <span class='ocr_line' id='line_1_15' title="bbox 1764 753 3348 821; baseline 0.004 -13"><span class='ocrx_word' id='word_1_99' title='bbox 1764 756 1936 808; x_wconf 87' lang='lat' dir='ltr'><strong>laudis</strong></span> <span class='ocrx_word' id='word_1_100' title='bbox 1982 757 2033 807; x_wconf 91' lang='lat' dir='ltr'><strong>in</strong></span> <span class='ocrx_word' id='word_1_101' title='bbox 2078 754 2254 821; x_wconf 81' lang='lat' dir='ltr'><strong>regnis</strong></span> <span class='ocrx_word' id='word_1_102' title='bbox 2297 753 2603 810; x_wconf 68' lang='lat' dir='ltr'><strong>cmlestibus</strong></span> <span class='ocrx_word' id='word_1_103' title='bbox 2641 753 2942 809; x_wconf 89' lang='lat' dir='ltr'><strong>narratura.</strong></span> <span class='ocrx_word' id='word_1_104' title='bbox 2986 753 3243 813; x_wconf 80' lang='lat' dir='ltr'><strong>Dominus</strong></span> <span class='ocrx_word' id='word_1_105' title='bbox 3274 759 3348 815; x_wconf 71' lang='grc' dir='ltr'>ἰθ</span> 
     </span>
    </p>
   </div>
   <div class='ocr_carea' id='block_1_15' title="bbox 1766 822 3343 896">
    <p class='ocr_par' dir='ltr' id='par_1_15' title="bbox 1766 822 3343 896">
     <span class='ocr_line' id='line_1_16' title="bbox 1766 822 3343 896; baseline 0.004 -19"><span class='ocrx_word' id='word_1_106' title='bbox 1766 825 2028 896; x_wconf 79' lang='lat' dir='ltr'><strong>medicina</strong></span> <span class='ocrx_word' id='word_1_107' title='bbox 2050 824 2262 896; x_wconf 77' lang='lat' dir='ltr'><strong>ccclesti</strong></span> <span class='ocrx_word' id='word_1_108' title='bbox 2289 822 2591 886; x_wconf 81' lang='lat' dir='ltr'><strong>confoveat,</strong></span> <span class='ocrx_word' id='word_1_109' title='bbox 2609 832 2677 896; x_wconf 88' lang='lat' dir='ltr'><strong>_et</strong></span> <span class='ocrx_word' id='word_1_110' title='bbox 2703 824 2806 878; x_wconf 89' lang='lat' dir='ltr'><strong>sub</strong></span> <span class='ocrx_word' id='word_1_111' title='bbox 2835 825 2927 880; x_wconf 88' lang='lat' dir='ltr'><strong>tali</strong></span> <span class='ocrx_word' id='word_1_112' title='bbox 2973 828 3210 896; x_wconf 86' lang='lat' dir='ltr'><strong>pondere</strong></span> <span class='ocrx_word' id='word_1_113' title='bbox 3257 829 3343 884; x_wconf 85' lang='lat' dir='ltr'><strong>in-</strong></span> 
     </span>
    </p>
   </div>
   <div class='ocr_carea' id='block_1_16' title="bbox 1766 891 2745 961">
    <p class='ocr_par' dir='ltr' id='par_1_16' title="bbox 1766 891 2745 961">
     <span class='ocr_line' id='line_1_17' title="bbox 1766 891 2745 961; baseline 0 -15"><span class='ocrx_word' id='word_1_114' title='bbox 1766 894 1986 948; x_wconf 82' lang='lat' dir='ltr'><strong>ﬂexibili</strong></span> <span class='ocrx_word' id='word_1_115' title='bbox 2013 893 2206 946; x_wconf 86' lang='lat' dir='ltr'><strong>virtute</strong></span> <span class='ocrx_word' id='word_1_116' title='bbox 2233 891 2427 946; x_wconf 88' lang='lat' dir='ltr'><strong>durare</strong></span> <span class='ocrx_word' id='word_1_117' title='bbox 2453 893 2745 961; x_wconf 85' lang='lat' dir='ltr'><strong>permittat.</strong></span> 
     </span>
    </p>
   </div>
   <div class='ocr_carea' id='block_1_17' title="bbox 1473 1047 1974 1110">
    <p class='ocr_par' dir='ltr' id='par_1_17' title="bbox 1473 1047 1974 1110">
     <span class='ocr_line' id='line_1_18' title="bbox 1473 1047 1974 1110; baseline -0.004 -2"><span class='ocrx_word' id='word_1_118' title='bbox 1473 1048 1849 1110; x_wconf 83' lang='lat' dir='ltr'><strong>EPISTOLA</strong></span> <span class='ocrx_word' id='word_1_119' title='bbox 1895 1047 1974 1106; x_wconf 88' lang='lat' dir='ltr'><strong>ll.</strong></span> 
     </span>
    </p>
   </div>
   <div class='ocr_carea' id='block_1_18' title="bbox 1159 1147 2254 1217">
    <p class='ocr_par' dir='ltr' id='par_1_18' title="bbox 1159 1147 2254 1217">
     <span class='ocr_line' id='line_1_19' title="bbox 1159 1147 2254 1217; baseline 0.001 -17"><span class='ocrx_word' id='word_1_120' title='bbox 1159 1149 1236 1202; x_wconf 75' lang='lat' dir='ltr'><strong>Ad</strong></span> <span class='ocrx_word' id='word_1_121' title='bbox 1263 1151 1482 1203; x_wconf 85' lang='lat' dir='ltr'><strong>amicum</strong></span> <span class='ocrx_word' id='word_1_122' title='bbox 1512 1157 1757 1217; x_wconf 74' lang='lat' dir='ltr'><strong>a’grotum</strong></span> <span class='ocrx_word' id='word_1_123' title='bbox 1787 1148 1848 1199; x_wconf 85' lang='lat' dir='ltr'><strong>de</strong></span> <span class='ocrx_word' id='word_1_124' title='bbox 1874 1148 1981 1200; x_wconf 76' lang='lat' dir='ltr'><strong>viro</strong></span> <span class='ocrx_word' id='word_1_125' title='bbox 2010 1147 2254 1217; x_wconf 66' lang='lat' dir='ltr'><strong>perfecto.</strong></span> 
     </span>
    </p>
   </div>
   <div class='ocr_carea' id='block_1_19' title="bbox 1411 1236 2045 1294">
    <p class='ocr_par' dir='ltr' id='par_1_19' title="bbox 1411 1236 2045 1294">
     <span class='ocr_line' id='line_1_20' title="bbox 1411 1236 2045 1294; baseline 0 -2"><span class='ocrx_word' id='word_1_126' title='bbox 1411 1236 1779 1294; x_wconf 82' lang='lat' dir='ltr'><strong>ADMONlTIO</strong></span> <span class='ocrx_word' id='word_1_127' title='bbox 1816 1236 2045 1292; x_wconf 66' lang='lat' dir='ltr'><strong>PRIMA.</strong></span> 
     </span>
    </p>
   </div>
   <div class='ocr_carea' id='block_1_20' title="bbox 163 1330 3381 1404">
    <p class='ocr_par' dir='ltr' id='par_1_20' title="bbox 163 1330 3381 1404">
     <span class='ocr_line' id='line_1_21' title="bbox 163 1330 3381 1404; baseline 0.002 -19"><span class='ocrx_word' id='word_1_128' title='bbox 163 1332 314 1404; x_wconf 74' lang='lat'><strong>123</strong></span> <span class='ocrx_word' id='word_1_129' title='bbox 339 1332 515 1404; x_wconf 52' lang='lat' dir='ltr'><strong>hujus</strong></span> <span class='ocrx_word' id='word_1_130' title='bbox 536 1331 795 1404; x_wconf 60' lang='lat' dir='ltr'><strong>Epistolis</strong></span> <span class='ocrx_word' id='word_1_131' title='bbox 826 1341 1087 1385; x_wconf 79' lang='lat' dir='ltr'><strong>auctorem</strong></span> <span class='ocrx_word' id='word_1_132' title='bbox 1108 1347 1222 1404; x_wconf 64' lang='lat' dir='ltr'><strong>esse</strong></span> <span class='ocrx_word' id='word_1_133' title='bbox 1244 1330 1621 1404; x_wconf 63' lang='lat' dir='ltr'><strong>S._Maaimum</strong></span> <span class='ocrx_word' id='word_1_134' title='bbox 1651 1332 2037 1404; x_wconf 72' lang='lat' dir='ltr'><strong>Taurinensem.</strong></span> <span class='ocrx_word' id='word_1_135' title='bbox 2068 1331 2218 1404; x_wconf 68' lang='lat' dir='ltr'><strong>idem</strong></span> <span class='ocrx_word' id='word_1_136' title='bbox 2239 1332 2529 1388; x_wconf 79' lang='lat' dir='ltr'><strong>Vallarsius</strong></span> <span class='ocrx_word' id='word_1_137' title='bbox 2551 1335 2660 1404; x_wconf 86' lang='lat' dir='ltr'><strong>loco</strong></span> <span class='ocrx_word' id='word_1_138' title='bbox 2687 1349 2843 1403; x_wconf 82' lang='lat' dir='ltr'><strong>supra</strong></span> <span class='ocrx_word' id='word_1_139' title='bbox 2871 1335 3098 1404; x_wconf 79' lang='lat' dir='ltr'><strong>indicato</strong></span> <span class='ocrx_word' id='word_1_140' title='bbox 3129 1337 3302 1391; x_wconf 81' lang='lat' dir='ltr'><strong>scribit</strong></span> <span class='ocrx_word' id='word_1_141' title='bbox 3325 1377 3338 1390; x_wconf 95' lang='lat'><strong>.</strong></span> <span class='ocrx_word' id='word_1_142' title='bbox 3372 1388 3381 1399; x_wconf 81' lang='grc'><em>,</em></span> 
     </span>
    </p>
   </div>
   <div class='ocr_carea' id='block_1_21' title="bbox 99 1400 3342 1471">
    <p class='ocr_par' dir='ltr' id='par_1_21' title="bbox 99 1400 3342 1471">
     <span class='ocr_line' id='line_1_22' title="bbox 99 1400 3342 1471; baseline 0.002 -18"><span class='ocrx_word' id='word_1_143' title='bbox 99 1400 309 1456; x_wconf 62' lang='lat' dir='ltr'><strong>Net—nine</strong></span> <span class='ocrx_word' id='word_1_144' title='bbox 331 1400 444 1469; x_wconf 82' lang='lat' dir='ltr'><strong>jam</strong></span> <span class='ocrx_word' id='word_1_145' title='bbox 469 1400 749 1471; x_wconf 80' lang='lat' dir='ltr'><strong>diﬂitente,</strong></span> <span class='ocrx_word' id='word_1_146' title='bbox 780 1416 1085 1470; x_wconf 86' lang='lat' dir='ltr'><strong>quanquam</strong></span> <span class='ocrx_word' id='word_1_147' title='bbox 1115 1400 1172 1454; x_wconf 89' lang='lat' dir='ltr'><strong>S.</strong></span> <span class='ocrx_word' id='word_1_148' title='bbox 1197 1401 1509 1471; x_wconf 83' lang='lat' dir='ltr'><strong>Agobardus</strong></span> <span class='ocrx_word' id='word_1_149' title='bbox 1538 1402 1662 1471; x_wconf 73' lang='lat' dir='ltr'><strong>noni</strong></span> <span class='ocrx_word' id='word_1_150' title='bbox 1704 1401 2141 1471; x_wconf 71' lang='lat' dir='ltr'><strong>sazculiscriptor</strong></span> <span class='ocrx_word' id='word_1_151' title='bbox 2169 1402 2259 1455; x_wconf 91' lang='lat' dir='ltr'><strong>lib.</strong></span> <span class='ocrx_word' id='word_1_152' title='bbox 2291 1412 2477 1456; x_wconf 84' lang='lat' dir='ltr'><strong>contra</strong></span> <span class='ocrx_word' id='word_1_153' title='bbox 2529 1400 2757 1457; x_wconf 81' lang='lat' dir='ltr'><strong>Felicem</strong></span> <span class='ocrx_word' id='word_1_154' title='bbox 2805 1419 2922 1471; x_wconf 88' lang='lat' dir='ltr'><strong>cap.</strong></span> <span class='ocrx_word' id='word_1_155' title='bbox 2959 1403 3060 1470; x_wconf 73' lang='grc' dir='ltr'><strong>ΞΟ,</strong></span> <span class='ocrx_word' id='word_1_156' title='bbox 3093 1405 3342 1462; x_wconf 84' lang='lat' dir='ltr'><strong>laciniam</strong></span> 
     </span>
    </p>
   </div>
   <div class='ocr_carea' id='block_1_22' title="bbox 99 1467 3344 1539">
    <p class='ocr_par' dir='ltr' id='par_1_22' title="bbox 99 1467 3344 1539">
     <span class='ocr_line' id='line_1_23' title="bbox 99 1467 3344 1539; baseline 0.001 -15"><span class='ocrx_word' id='word_1_157' title='bbox 99 1485 244 1538; x_wconf 83' lang='lat' dir='ltr'><strong>quam</strong></span> <span class='ocrx_word' id='word_1_158' title='bbox 270 1467 386 1525; x_wconf 83' lang='lat' dir='ltr'><strong>suis</strong></span> <span class='ocrx_word' id='word_1_159' title='bbox 413 1469 548 1525; x_wconf 77' lang='lat' dir='ltr'><strong>infra</strong></span> <span class='ocrx_word' id='word_1_160' title='bbox 577 1472 711 1525; x_wconf 86' lang='lat' dir='ltr'><strong>locis</strong></span> <span class='ocrx_word' id='word_1_161' title='bbox 733 1467 1037 1526; x_wconf 75' lang='lat' dir='ltr'><strong>notabimus</strong></span> <span class='ocrx_word' id='word_1_162' title='bbox 1060 1484 1128 1522; x_wconf 81' lang='lat' dir='ltr'><strong>ex</strong></span> <span class='ocrx_word' id='word_1_163' title='bbox 1150 1485 1212 1525; x_wconf 89' lang='lat' dir='ltr'><strong>ea</strong></span> <span class='ocrx_word' id='word_1_164' title='bbox 1241 1467 1566 1534; x_wconf 69' lang='lat' dir='ltr'><strong>describens,</strong></span> <span class='ocrx_word' id='word_1_165' title='bbox 1600 1467 1904 1537; x_wconf 82' lang='lat' dir='ltr'><strong>Hieronymi</strong></span> <span class='ocrx_word' id='word_1_166' title='bbox 1936 1467 2054 1523; x_wconf 82' lang='lat' dir='ltr'><strong>esse</strong></span> <span class='ocrx_word' id='word_1_167' title='bbox 2082 1485 2188 1522; x_wconf 89' lang='lat' dir='ltr'><strong>non</strong></span> <span class='ocrx_word' id='word_1_168' title='bbox 2211 1471 2434 1524; x_wconf 82' lang='lat' dir='ltr'><strong>dubitet.</strong></span> <span class='ocrx_word' id='word_1_169' title='bbox 2462 1472 2652 1537; x_wconf 81' lang='lat' dir='ltr'><strong>Habet,</strong></span> <span class='ocrx_word' id='word_1_170' title='bbox 2677 1467 2882 1539; x_wconf 58' lang='lat' dir='ltr'><strong>inquit,</strong></span> <span class='ocrx_word' id='word_1_171' title='bbox 2899 1467 3055 1525; x_wconf 79' lang='lat' dir='ltr'><strong>lector</strong></span> <span class='ocrx_word' id='word_1_172' title='bbox 3077 1474 3139 1525; x_wconf 81' lang='lat' dir='ltr'><strong>de</strong></span> <span class='ocrx_word' id='word_1_173' title='bbox 3165 1476 3344 1528; x_wconf 83' lang='lat' dir='ltr'><strong>eadem</strong></span> 
     </span>
    </p>
   </div>
   <div class='ocr_carea' id='block_1_23' title="bbox 99 1538 3345 1613">
    <p class='ocr_par' dir='ltr' id='par_1_23' title="bbox 99 1538 3345 1613">
     <span class='ocr_line' id='line_1_24' title="bbox 99 1538 3345 1613; baseline 0.001 -22"><span class='ocrx_word' id='word_1_174' title='bbox 99 1556 146 1613; x_wconf 75' lang='lat' dir='ltr'><strong>re</strong></span> <span class='ocrx_word' id='word_1_175' title='bbox 168 1538 301 1593; x_wconf 68' lang='lat' dir='ltr'><strong>beati</strong></span> <span class='ocrx_word' id='word_1_176' title='bbox 329 1539 638 1613; x_wconf 69' lang='lat' dir='ltr'><strong>Hiergnymi</strong></span> <span class='ocrx_word' id='word_1_177' title='bbox 685 1542 812 1594; x_wconf 72' lang='lat' dir='ltr'><strong>satis</strong></span> <span class='ocrx_word' id='word_1_178' title='bbox 854 1539 1065 1613; x_wconf 57' lang='lat' dir='ltr'><strong>editam</strong></span> <span class='ocrx_word' id='word_1_179' title='bbox 1113 1547 1162 1591; x_wconf 88' lang='lat' dir='ltr'><strong>et</strong></span> <span class='ocrx_word' id='word_1_180' title='bbox 1203 1539 1522 1613; x_wconf 79' lang='lat' dir='ltr'><strong>enucleatam</strong></span> <span class='ocrx_word' id='word_1_181' title='bbox 1553 1540 1888 1613; x_wconf 76' lang='lat' dir='ltr'><strong>_sententi_am,</strong></span> <span class='ocrx_word' id='word_1_182' title='bbox 1921 1555 2036 1613; x_wconf 73' lang='lat' dir='ltr'><strong>cum</strong></span> <span class='ocrx_word' id='word_1_183' title='bbox 2085 1540 2148 1613; x_wconf 72' lang='lat' dir='ltr'><strong>de</strong></span> <span class='ocrx_word' id='word_1_184' title='bbox 2187 1539 2278 1613; x_wconf 80' lang='lat' dir='ltr'><strong>illo</strong></span> <span class='ocrx_word' id='word_1_185' title='bbox 2318 1541 2506 1594; x_wconf 72' lang='lat' dir='ltr'><strong>divinae</strong></span> <span class='ocrx_word' id='word_1_186' title='bbox 2547 1538 2837 1613; x_wconf 65' lang='lat' dir='ltr'><strong>§cﬁpturnr</strong></span> <span class='ocrx_word' id='word_1_187' title='bbox 2863 1540 3214 1613; x_wconf 12' lang='lat' dir='ltr'><strong>locpiageren</strong></span> <span class='ocrx_word' id='word_1_188' title='bbox 3259 1543 3345 1596; x_wconf 75' lang='lat' dir='ltr'><strong>ubi</strong></span> 
     </span>
    </p>
   </div>
   <div class='ocr_carea' id='block_1_24' title="bbox 99 1609 813 1676">
    <p class='ocr_par' dir='ltr' id='par_1_24' title="bbox 99 1609 813 1676">
     <span class='ocr_line' id='line_1_25' title="bbox 99 1609 813 1676; baseline 0.004 -17"><span class='ocrx_word' id='word_1_189' title='bbox 99 1609 278 1662; x_wconf 77' lang='lat' dir='ltr'><strong>dictum</strong></span> <span class='ocrx_word' id='word_1_190' title='bbox 304 1621 381 1662; x_wconf 79' lang='lat' dir='ltr'><strong>est</strong></span> <span class='ocrx_word' id='word_1_191' title='bbox 411 1626 430 1662; x_wconf 92' lang='lat'><strong><em>:</em></strong></span> <span class='ocrx_word' id='word_1_192' title='bbox 453 1609 680 1676; x_wconf 77' lang='lat' dir='ltr'><strong>Ponant,</strong></span> <span class='ocrx_word' id='word_1_193' title='bbox 709 1616 813 1663; x_wconf 85' lang='lat' dir='ltr'><strong>etc.</strong></span> 
     </span>
    </p>
   </div>
   <div class='ocr_carea' id='block_1_25' title="bbox 903 1608 3032 1676">
    <p class='ocr_par' dir='ltr' id='par_1_25' title="bbox 903 1608 3032 1676">
     <span class='ocr_line' id='line_1_26' title="bbox 903 1608 3032 1676; baseline 0 -14"><span class='ocrx_word' id='word_1_194' title='bbox 903 1623 1106 1662; x_wconf 83' lang='lat' dir='ltr'><strong>rasmus</strong></span> <span class='ocrx_word' id='word_1_195' title='bbox 1135 1622 1166 1661; x_wconf 92' lang='lat' dir='ltr'><strong>e</strong></span> <span class='ocrx_word' id='word_1_196' title='bbox 1193 1608 1484 1671; x_wconf 88' lang='lat' dir='ltr'><strong>contrario,</strong></span> <span class='ocrx_word' id='word_1_197' title='bbox 1517 1608 1817 1676; x_wconf 88' lang='lat' dir='ltr'><strong>eloquentis</strong></span> <span class='ocrx_word' id='word_1_198' title='bbox 1844 1608 2079 1676; x_wconf 86' lang='lat' dir='ltr'><strong>quidem,</strong></span> <span class='ocrx_word' id='word_1_199' title='bbox 2111 1608 2301 1676; x_wconf 85' lang='lat' dir='ltr'><strong>inquit,</strong></span> <span class='ocrx_word' id='word_1_200' title='bbox 2333 1620 2387 1663; x_wconf 90' lang='lat' dir='ltr'><strong>et</strong></span> <span class='ocrx_word' id='word_1_201' title='bbox 2431 1610 2627 1663; x_wconf 84' lang='lat' dir='ltr'><strong>eruditi</strong></span> <span class='ocrx_word' id='word_1_202' title='bbox 2674 1609 2906 1663; x_wconf 87' lang='lat' dir='ltr'><strong>hominis</strong></span> <span class='ocrx_word' id='word_1_203' title='bbox 2935 1608 3032 1662; x_wconf 80' lang='lat' dir='ltr'><strong>fuit</strong></span> 
     </span>
    </p>
   </div>
   <div class='ocr_carea' id='block_1_26' title="bbox 99 1676 1808 1755">
    <p class='ocr_par' dir='ltr' id='par_1_26' title="bbox 99 1676 1808 1755">
     <span class='ocr_line' id='line_1_27' title="bbox 99 1676 1808 1755; baseline -0.001 -24"><span class='ocrx_word' id='word_1_204' title='bbox 99 1678 246 1755; x_wconf 73' lang='lat' dir='ltr'><strong>stola,</strong></span> <span class='ocrx_word' id='word_1_205' title='bbox 269 1693 337 1755; x_wconf 86' lang='lat' dir='ltr'><strong>_ac</strong></span> <span class='ocrx_word' id='word_1_206' title='bbox 361 1679 649 1755; x_wconf 75' lang='lat' dir='ltr'><strong>diligenter</strong></span> <span class='ocrx_word' id='word_1_207' title='bbox 675 1677 981 1755; x_wconf 75' lang='lat' dir='ltr'><strong>elaborata;</strong></span> <span class='ocrx_word' id='word_1_208' title='bbox 1016 1676 1111 1755; x_wconf 76' lang='lat' dir='ltr'><strong>sed</strong></span> <span class='ocrx_word' id='word_1_209' title='bbox 1140 1676 1212 1755; x_wconf 69' lang='lat' dir='ltr'><strong>ita</strong></span> <span class='ocrx_word' id='word_1_210' title='bbox 1234 1676 1546 1755; x_wconf 70' lang='lat' dir='ltr'><strong>discrepans</strong></span> <span class='ocrx_word' id='word_1_211' title='bbox 1574 1692 1604 1729; x_wconf 89' lang='lat' dir='ltr'><strong>a</strong></span> <span class='ocrx_word' id='word_1_212' title='bbox 1628 1676 1808 1755; x_wconf 63' lang='grc' dir='ltr'><strong>[ψηᾳεί</strong></span> 
     </span>
    </p>
   </div>
   <div class='ocr_carea' id='block_1_27' title="bbox 1889 1626 3347 1747">
    <p class='ocr_par' dir='ltr' id='par_1_27' title="bbox 1889 1626 3347 1747">
     <span class='ocr_line' id='line_1_28' title="bbox 1889 1626 3346 1680; baseline 0.004 -22"><span class='ocrx_word' id='word_1_213' title='bbox 1889 1626 2079 1668; x_wconf 77' lang='lat' dir='ltr'><strong>limem,</strong></span> <span class='ocrx_word' id='word_1_214' title='bbox 2111 1626 2301 1676; x_wconf 80' lang='lat' dir='ltr'><strong>inquit,</strong></span> <span class='ocrx_word' id='word_1_215' title='bbox 2333 1626 2387 1663; x_wconf 81' lang='lat' dir='ltr'><strong>et</strong></span> <span class='ocrx_word' id='word_1_216' title='bbox 2431 1626 2627 1663; x_wconf 87' lang='lat' dir='ltr'><strong>erumu</strong></span> <span class='ocrx_word' id='word_1_217' title='bbox 2674 1626 2906 1663; x_wconf 89' lang='lat' dir='ltr'><strong>nonnms</strong></span> <span class='ocrx_word' id='word_1_218' title='bbox 2935 1626 3032 1662; x_wconf 84' lang='lat' dir='ltr'><strong>mu</strong></span> <span class='ocrx_word' id='word_1_219' title='bbox 3069 1626 3182 1666; x_wconf 80' lang='lat' dir='ltr'><strong>meo</strong></span> <span class='ocrx_word' id='word_1_220' title='bbox 3227 1628 3346 1680; x_wconf 49' lang='lat' dir='ltr'><strong>epiw</strong></span> 
     </span>
     <span class='ocr_line' id='line_1_29' title="bbox 1889 1677 3347 1747; baseline 0.004 -19"><span class='ocrx_word' id='word_1_221' title='bbox 1889 1679 2272 1747; x_wconf 74' lang='lat' dir='ltr'><strong>ieronymiana,</strong></span> <span class='ocrx_word' id='word_1_222' title='bbox 2306 1685 2364 1731; x_wconf 91' lang='lat' dir='ltr'><strong>ut</strong></span> <span class='ocrx_word' id='word_1_223' title='bbox 2389 1693 2490 1732; x_wconf 89' lang='lat' dir='ltr'><strong>nec</strong></span> <span class='ocrx_word' id='word_1_224' title='bbox 2517 1677 2602 1732; x_wconf 90' lang='lat' dir='ltr'><strong>hic</strong></span> <span class='ocrx_word' id='word_1_225' title='bbox 2631 1679 2769 1732; x_wconf 88' lang='lat' dir='ltr'><strong>illius</strong></span> <span class='ocrx_word' id='word_1_226' title='bbox 2797 1678 3083 1732; x_wconf 80' lang='lat' dir='ltr'><strong>dictionem</strong></span> <span class='ocrx_word' id='word_1_227' title='bbox 3113 1681 3347 1746; x_wconf 91' lang='lat' dir='ltr'><strong>potuerit</strong></span> 
     </span>
    </p>
   </div>
   <div class='ocr_carea' id='block_1_28' title="bbox 99 1744 3345 1816">
    <p class='ocr_par' dir='ltr' id='par_1_28' title="bbox 99 1744 3345 1816">
     <span class='ocr_line' id='line_1_30' title="bbox 99 1744 3345 1816; baseline 0.002 -18"><span class='ocrx_word' id='word_1_228' title='bbox 99 1744 307 1816; x_wconf 79' lang='lat' dir='ltr'><strong>imitari,</strong></span> <span class='ocrx_word' id='word_1_229' title='bbox 333 1748 378 1803; x_wconf 90' lang='lat' dir='ltr'><strong>si</strong></span> <span class='ocrx_word' id='word_1_230' title='bbox 404 1744 682 1812; x_wconf 77' lang='lat' dir='ltr'><strong>voluisset,</strong></span> <span class='ocrx_word' id='word_1_231' title='bbox 711 1762 810 1816; x_wconf 82' lang='lat' dir='ltr'><strong>nec</strong></span> <span class='ocrx_word' id='word_1_232' title='bbox 848 1747 1002 1813; x_wconf 87' lang='lat' dir='ltr'><strong>hujus</strong></span> <span class='ocrx_word' id='word_1_233' title='bbox 1030 1745 1136 1799; x_wconf 88' lang='lat' dir='ltr'><strong>ille.</strong></span> <span class='ocrx_word' id='word_1_234' title='bbox 1168 1744 1226 1816; x_wconf 86' lang='lat' dir='ltr'><strong>in</strong></span> <span class='ocrx_word' id='word_1_235' title='bbox 1252 1744 1518 1816; x_wconf 85' lang='lat' dir='ltr'><strong>plerisque</strong></span> <span class='ocrx_word' id='word_1_236' title='bbox 1564 1744 1834 1816; x_wconf 74' lang='lat' dir='ltr'><strong>codicibus</strong></span> <span class='ocrx_word' id='word_1_237' title='bbox 1880 1744 2082 1816; x_wconf 78' lang='lat' dir='ltr'><strong>nullum</strong></span> <span class='ocrx_word' id='word_1_238' title='bbox 2108 1745 2425 1815; x_wconf 75' lang='lat' dir='ltr'><strong>pmferebat</strong></span> <span class='ocrx_word' id='word_1_239' title='bbox 2453 1763 2648 1802; x_wconf 82' lang='lat' dir='ltr'><strong>nomen</strong></span> <span class='ocrx_word' id='word_1_240' title='bbox 2680 1765 2693 1798; x_wconf 92' lang='lat'>:</span> <span class='ocrx_word' id='word_1_241' title='bbox 2727 1748 2780 1800; x_wconf 92' lang='lat' dir='ltr'><strong>in</strong></span> <span class='ocrx_word' id='word_1_242' title='bbox 2821 1744 3140 1815; x_wconf 84' lang='lat' dir='ltr'><strong>quibusdam</strong></span> <span class='ocrx_word' id='word_1_243' title='bbox 3168 1749 3345 1804; x_wconf 87' lang='lat' dir='ltr'><strong>Ctesi-</strong></span> 
     </span>
    </p>
   </div>
   <div class='ocr_carea' id='block_1_29' title="bbox 100 1813 3346 1887">
    <p class='ocr_par' dir='ltr' id='par_1_29' title="bbox 100 1813 3346 1887">
     <span class='ocr_line' id='line_1_31' title="bbox 100 1813 3346 1887; baseline 0.002 -19"><span class='ocrx_word' id='word_1_244' title='bbox 100 1815 309 1887; x_wconf 85' lang='lat' dir='ltr'><strong>phontis</strong></span> <span class='ocrx_word' id='word_1_245' title='bbox 328 1824 446 1887; x_wconf 86' lang='lat' dir='ltr'><strong>erat</strong></span> <span class='ocrx_word' id='word_1_246' title='bbox 467 1817 724 1870; x_wconf 86' lang='lat' dir='ltr'><strong>additum.</strong></span> <span class='ocrx_word' id='word_1_247' title='bbox 758 1815 866 1887; x_wconf 73' lang='lat' dir='ltr'><strong>Nec</strong></span> <span class='ocrx_word' id='word_1_248' title='bbox 894 1816 1086 1887; x_wconf 15' lang='lat' dir='ltr'><strong>iniipsa</strong></span> <span class='ocrx_word' id='word_1_249' title='bbox 1115 1813 1341 1883; x_wconf 88' lang='lat' dir='ltr'><strong>epistola</strong></span> <span class='ocrx_word' id='word_1_250' title='bbox 1374 1813 1492 1887; x_wconf 58' lang='lat' dir='ltr'><strong>ulla</strong></span> <span class='ocrx_word' id='word_1_251' title='bbox 1526 1815 1643 1887; x_wconf 67' lang='lat' dir='ltr'><strong>eius</strong></span> <span class='ocrx_word' id='word_1_252' title='bbox 1666 1813 1724 1868; x_wconf 85' lang='lat' dir='ltr'><strong>lit</strong></span> <span class='ocrx_word' id='word_1_253' title='bbox 1752 1816 1974 1887; x_wconf 77' lang='lat' dir='ltr'><strong>mentio,</strong></span> <span class='ocrx_word' id='word_1_254' title='bbox 2019 1813 2271 1887; x_wconf 22' lang='lat' dir='ltr'><strong>aduqueui</strong></span> <span class='ocrx_word' id='word_1_255' title='bbox 2300 1819 2498 1887; x_wconf 88' lang='lat' dir='ltr'><strong>scripta</strong></span> <span class='ocrx_word' id='word_1_256' title='bbox 2525 1825 2627 1870; x_wconf 91' lang='lat' dir='ltr'><strong>est.</strong></span> <span class='ocrx_word' id='word_1_257' title='bbox 2669 1813 2911 1872; x_wconf 77' lang='lat' dir='ltr'><strong>Meminit</strong></span> <span class='ocrx_word' id='word_1_258' title='bbox 2938 1824 3117 1870; x_wconf 90' lang='lat' dir='ltr'><strong>autem</strong></span> <span class='ocrx_word' id='word_1_259' title='bbox 3157 1827 3346 1873; x_wconf 83' lang='lat' dir='ltr'><strong>auctor</strong></span> 
     </span>
    </p>
   </div>
   <div class='ocr_carea' id='block_1_30' title="bbox 99 1883 1517 1955">
    <p class='ocr_par' dir='ltr' id='par_1_30' title="bbox 99 1883 1517 1955">
     <span class='ocr_line' id='line_1_32' title="bbox 99 1883 1517 1955; baseline -0.002 -15"><span class='ocrx_word' id='word_1_260' title='bbox 99 1885 255 1940; x_wconf 78' lang='lat' dir='ltr'><strong>sancti</strong></span> <span class='ocrx_word' id='word_1_261' title='bbox 283 1885 554 1942; x_wconf 78' lang='lat' dir='ltr'><strong>Ambrosii</strong></span> <span class='ocrx_word' id='word_1_262' title='bbox 581 1893 742 1955; x_wconf 84' lang='lat' dir='ltr'><strong>atque</strong></span> <span class='ocrx_word' id='word_1_263' title='bbox 769 1884 1092 1939; x_wconf 86' lang='lat' dir='ltr'><strong>inventionis</strong></span> <span class='ocrx_word' id='word_1_264' title='bbox 1115 1898 1401 1954; x_wconf 83' lang='lat' dir='ltr'><strong>corporum</strong></span> <span class='ocrx_word' id='word_1_265' title='bbox 1422 1883 1517 1938; x_wconf 90' lang='lat' dir='ltr'><strong>SS.</strong></span> 
     </span>
    </p>
   </div>
   <div class='ocr_carea' id='block_1_31' title="bbox 1598 1882 2138 1938">
    <p class='ocr_par' dir='ltr' id='par_1_31' title="bbox 1598 1882 2138 1938">
     <span class='ocr_line' id='line_1_33' title="bbox 1598 1882 2138 1938; baseline -0.002 0"><span class='ocrx_word' id='word_1_266' title='bbox 1598 1885 1789 1938; x_wconf 85' lang='lat' dir='ltr'><strong>ervasii</strong></span> <span class='ocrx_word' id='word_1_267' title='bbox 1817 1892 1872 1937; x_wconf 92' lang='lat' dir='ltr'><strong>et</strong></span> <span class='ocrx_word' id='word_1_268' title='bbox 1893 1882 2138 1938; x_wconf 74' lang='lat' dir='ltr'><strong>Protasii.</strong></span> 
     </span>
    </p>
   </div>
   <div class='ocr_carea' id='block_1_32' title="bbox 1369 1992 2112 2051">
    <p class='ocr_par' dir='ltr' id='par_1_32' title="bbox 1369 1992 2112 2051">
     <span class='ocr_line' id='line_1_34' title="bbox 1369 1992 2112 2051; baseline -0.007 0"><span class='ocrx_word' id='word_1_269' title='bbox 1369 1993 1739 2051; x_wconf 78' lang='lat' dir='ltr'><strong>ADMONlTlO</strong></span> <span class='ocrx_word' id='word_1_270' title='bbox 1775 1992 2112 2050; x_wconf 77' lang='lat' dir='ltr'><strong>SECUNDA.</strong></span> 
     </span>
    </p>
   </div>
   <div class='ocr_carea' id='block_1_33' title="bbox 160 2083 3342 2159">
    <p class='ocr_par' dir='ltr' id='par_1_33' title="bbox 160 2083 3342 2159">
     <span class='ocr_line' id='line_1_35' title="bbox 160 2083 3342 2159; baseline -0.001 -16"><span class='ocrx_word' id='word_1_271' title='bbox 160 2089 326 2155; x_wconf 83' lang='lat' dir='ltr'><strong>Quam</strong></span> <span class='ocrx_word' id='word_1_272' title='bbox 352 2096 533 2143; x_wconf 82' lang='lat' dir='ltr'><strong>autem</strong></span> <span class='ocrx_word' id='word_1_273' title='bbox 557 2089 672 2144; x_wconf 68' lang='lat' dir='ltr'><strong>hinc</strong></span> <span class='ocrx_word' id='word_1_274' title='bbox 697 2088 861 2144; x_wconf 87' lang='lat' dir='ltr'><strong>etiam</strong></span> <span class='ocrx_word' id='word_1_275' title='bbox 887 2087 1115 2159; x_wconf 87' lang='lat' dir='ltr'><strong>epistola</strong></span> <span class='ocrx_word' id='word_1_276' title='bbox 1146 2087 1371 2159; x_wconf 82' lang='lat' dir='ltr'><strong>indigna</strong></span> <span class='ocrx_word' id='word_1_277' title='bbox 1393 2088 1462 2141; x_wconf 89' lang='lat' dir='ltr'><strong>sit</strong></span> <span class='ocrx_word' id='word_1_278' title='bbox 1501 2086 2066 2159; x_wconf 74' lang='lat' dir='ltr'><strong>hlaximo_,_os_tensum</strong></span> <span class='ocrx_word' id='word_1_279' title='bbox 2107 2099 2137 2138; x_wconf 92' lang='lat' dir='ltr'><strong>a</strong></span> <span class='ocrx_word' id='word_1_280' title='bbox 2177 2084 2332 2138; x_wconf 87' lang='lat' dir='ltr'><strong>nobis</strong></span> <span class='ocrx_word' id='word_1_281' title='bbox 2353 2093 2435 2138; x_wconf 88' lang='lat' dir='ltr'><strong>est</strong></span> <span class='ocrx_word' id='word_1_282' title='bbox 2465 2083 2516 2138; x_wconf 91' lang='lat' dir='ltr'><strong>in</strong></span> <span class='ocrx_word' id='word_1_283' title='bbox 2545 2083 2943 2159; x_wconf 63' lang='lat' dir='ltr'><strong>prmisitionead</strong></span> <span class='ocrx_word' id='word_1_284' title='bbox 2968 2084 3342 2159; x_wconf 74' lang='lat' dir='ltr'><strong>appendicem.</strong></span> 
     </span>
    </p>
   </div>
   <div class='ocr_carea' id='block_1_34' title="bbox 100 2152 3345 2246">
    <p class='ocr_par' dir='ltr' id='par_1_34' title="bbox 100 2152 3345 2246">
     <span class='ocr_line' id='line_1_36' title="bbox 100 2152 3345 2246; baseline -0 -36"><span class='ocrx_word' id='word_1_285' title='bbox 100 2152 204 2246; x_wconf 56' lang='lat'><strong>13.1}</strong></span> <span class='ocrx_word' id='word_1_286' title='bbox 233 2175 364 2246; x_wconf 65' lang='lat' dir='ltr'><strong>vero</strong></span> <span class='ocrx_word' id='word_1_287' title='bbox 389 2159 663 2239; x_wconf 78' lang='lat' dir='ltr'><strong>variantes</strong></span> <span class='ocrx_word' id='word_1_288' title='bbox 689 2152 961 2246; x_wconf 52' lang='lat' dir='ltr'><strong>Lectiones</strong></span> <span class='ocrx_word' id='word_1_289' title='bbox 1003 2152 1449 2246; x_wconf 42' lang='lat' dir='ltr'><strong>liuju&#39;sqépistolfe,</strong></span> <span class='ocrx_word' id='word_1_290' title='bbox 1488 2172 1624 2226; x_wconf 90' lang='lat' dir='ltr'><strong>quas</strong></span> <span class='ocrx_word' id='word_1_291' title='bbox 1663 2155 2014 2224; x_wconf 71' lang='lat' dir='ltr'><strong>sul-iecimus,</strong></span> <span class='ocrx_word' id='word_1_292' title='bbox 2040 2163 2308 2223; x_wconf 71' lang='lat' dir='ltr'><strong>excerpta:</strong></span> <span class='ocrx_word' id='word_1_293' title='bbox 2335 2163 2460 2209; x_wconf 89' lang='lat' dir='ltr'><strong>sunt</strong></span> <span class='ocrx_word' id='word_1_294' title='bbox 2486 2152 2559 2209; x_wconf 80' lang='lat' dir='ltr'><strong>ex</strong></span> <span class='ocrx_word' id='word_1_295' title='bbox 2582 2154 2767 2210; x_wconf 88' lang='lat' dir='ltr'><strong>codice</strong></span> <span class='ocrx_word' id='word_1_296' title='bbox 2795 2154 2828 2209; x_wconf 89' lang='lat'><strong>9</strong></span> <span class='ocrx_word' id='word_1_297' title='bbox 2859 2152 3123 2209; x_wconf 56' lang='lat' dir='ltr'><strong>Plutfxtx</strong></span> <span class='ocrx_word' id='word_1_298' title='bbox 3151 2155 3345 2209; x_wconf 79' lang='lat' dir='ltr'><strong>biblio-</strong></span> 
     </span>
    </p>
   </div>
   <div class='ocr_carea' id='block_1_35' title="bbox 102 2226 1243 2296">
    <p class='ocr_par' dir='ltr' id='par_1_35' title="bbox 102 2226 1243 2296">
     <span class='ocr_line' id='line_1_37' title="bbox 102 2226 1243 2296; baseline -0.002 -16"><span class='ocrx_word' id='word_1_299' title='bbox 102 2228 258 2282; x_wconf 61' lang='lat' dir='ltr'><strong>theca</strong></span> <span class='ocrx_word' id='word_1_300' title='bbox 286 2228 662 2282; x_wconf 74' lang='lat' dir='ltr'><strong>Laurentiautn</strong></span> <span class='ocrx_word' id='word_1_301' title='bbox 689 2226 948 2290; x_wconf 83' lang='lat' dir='ltr'><strong>Floreul.,</strong></span> <span class='ocrx_word' id='word_1_302' title='bbox 974 2241 1092 2296; x_wconf 83' lang='lat' dir='ltr'><strong>pag.</strong></span> <span class='ocrx_word' id='word_1_303' title='bbox 1120 2226 1243 2279; x_wconf 77' lang='grc'>557.</span> 
     </span>
    </p>
   </div>
   <div class='ocr_carea' id='block_1_36' title="bbox 161 2347 3346 2436">
    <p class='ocr_par' dir='ltr' id='par_1_36' title="bbox 161 2347 3346 2436">
     <span class='ocr_line' id='line_1_38' title="bbox 161 2347 3346 2436; baseline 0 -22"><span class='ocrx_word' id='word_1_304' title='bbox 161 2358 287 2414; x_wconf 71' lang='lat' dir='ltr'><strong>Car.</strong></span> <span class='ocrx_word' id='word_1_305' title='bbox 314 2358 357 2414; x_wconf 83' lang='lat' dir='ltr'><strong>l.</strong></span> <span class='ocrx_word' id='word_1_306' title='bbox 397 2390 471 2436; x_wconf 73' lang='grc' dir='ltr'><strong>τ-</strong></span> <span class='ocrx_word' id='word_1_307' title='bbox 498 2357 638 2436; x_wconf 76' lang='lat' dir='ltr'><strong>Ecce</strong></span> <span class='ocrx_word' id='word_1_308' title='bbox 681 2359 878 2436; x_wconf 87' lang='lat' dir='ltr'><strong>iterum</strong></span> <span class='ocrx_word' id='word_1_309' title='bbox 925 2359 1010 2436; x_wconf 88' lang='lat' dir='ltr'><strong>ad_</strong></span> <span class='ocrx_word' id='word_1_310' title='bbox 1033 2367 1086 2414; x_wconf 88' lang='lat' dir='ltr'><strong>te</strong></span> <span class='ocrx_word' id='word_1_311' title='bbox 1124 2360 1320 2436; x_wconf 80' lang='lat' dir='ltr'><strong>scribo,</strong></span> <span class='ocrx_word' id='word_1_312' title='bbox 1349 2355 1405 2436; x_wconf 73' lang='lat' dir='ltr'><strong>et</strong></span> <span class='ocrx_word' id='word_1_313' title='bbox 1430 2347 1560 2436; x_wconf 78' lang='lat' dir='ltr'><strong>nihil</strong></span> <span class='ocrx_word' id='word_1_314' title='bbox 1588 2360 1667 2436; x_wconf 88' lang='lat' dir='ltr'><strong>di-</strong></span> <span class='ocrx_word' id='word_1_315' title='bbox 1700 2378 1744 2436; x_wconf 77' lang='grc' dir='ltr'>Β</span> <span class='ocrx_word' id='word_1_316' title='bbox 1772 2369 1948 2414; x_wconf 89' lang='lat' dir='ltr'><strong>tamus</strong></span> <span class='ocrx_word' id='word_1_317' title='bbox 1973 2399 1988 2424; x_wconf 91' lang='lat'><strong>,</strong></span> <span class='ocrx_word' id='word_1_318' title='bbox 2019 2367 2082 2436; x_wconf 81' lang='lat' dir='ltr'><strong>et</strong></span> <span class='ocrx_word' id='word_1_319' title='bbox 2104 2359 2275 2436; x_wconf 81' lang='lat' dir='ltr'><strong>lucem</strong></span> <span class='ocrx_word' id='word_1_320' title='bbox 2312 2359 2634 2436; x_wconf 77' lang='lat' dir='ltr'><strong>arbitramur</strong></span> <span class='ocrx_word' id='word_1_321' title='bbox 2673 2372 2790 2413; x_wconf 89' lang='lat' dir='ltr'><strong>esse</strong></span> <span class='ocrx_word' id='word_1_322' title='bbox 2815 2373 2975 2427; x_wconf 88' lang='lat' dir='ltr'><strong>quam</strong></span> <span class='ocrx_word' id='word_1_323' title='bbox 3003 2359 3346 2436; x_wconf 74' lang='lat' dir='ltr'><strong>oculis_vide~</strong></span> 
     </span>
    </p>
   </div>
   <div class='ocr_carea' id='block_1_37' title="bbox 133 2427 1663 2497">
    <p class='ocr_par' dir='ltr' id='par_1_37' title="bbox 133 2427 1663 2497">
     <span class='ocr_line' id='line_1_39' title="bbox 133 2427 1663 2497; baseline 0.001 -15"><span class='ocrx_word' id='word_1_324' title='bbox 133 2444 250 2482; x_wconf 85' lang='lat' dir='ltr'><strong>num</strong></span> <span class='ocrx_word' id='word_1_325' title='bbox 278 2427 426 2497; x_wconf 90' lang='lat' dir='ltr'><strong>quod</strong></span> <span class='ocrx_word' id='word_1_326' title='bbox 455 2429 791 2497; x_wconf 88' lang='lat' dir='ltr'><strong>prudentiam</strong></span> <span class='ocrx_word' id='word_1_327' title='bbox 824 2437 967 2482; x_wconf 90' lang='lat' dir='ltr'><strong>tuam</strong></span> <span class='ocrx_word' id='word_1_328' title='bbox 997 2428 1175 2496; x_wconf 77' lang='lat' dir='ltr'><strong>legere</strong></span> <span class='ocrx_word' id='word_1_329' title='bbox 1219 2428 1407 2483; x_wconf 88' lang='lat' dir='ltr'><strong>deceat</strong></span> <span class='ocrx_word' id='word_1_330' title='bbox 1433 2429 1663 2484; x_wconf 85' lang='lat' dir='ltr'><strong>invenio.</strong></span> 
     </span>
    </p>
   </div>
   <div class='ocr_carea' id='block_1_38' title="bbox 143 2498 1669 2567">
    <p class='ocr_par' dir='ltr' id='par_1_38' title="bbox 143 2498 1669 2567">
     <span class='ocr_line' id='line_1_40' title="bbox 143 2498 1669 2567; baseline 0.001 -16"><span class='ocrx_word' id='word_1_331' title='bbox 143 2508 163 2551; x_wconf 92' lang='lat' dir='ltr'><strong>t</strong></span> <span class='ocrx_word' id='word_1_332' title='bbox 187 2498 315 2567; x_wconf 88' lang='lat' dir='ltr'><strong>quid</strong></span> <span class='ocrx_word' id='word_1_333' title='bbox 343 2498 560 2567; x_wconf 81' lang='lat' dir='ltr'><strong>mirum,</strong></span> <span class='ocrx_word' id='word_1_334' title='bbox 591 2498 634 2550; x_wconf 88' lang='lat' dir='ltr'><strong>si</strong></span> <span class='ocrx_word' id='word_1_335' title='bbox 662 2507 702 2567; x_wconf 52' lang='grc' dir='ltr'><strong>ι.</strong></span> <span class='ocrx_word' id='word_1_336' title='bbox 717 2506 770 2551; x_wconf 88' lang='lat' dir='ltr'><strong>te</strong></span> <span class='ocrx_word' id='word_1_337' title='bbox 797 2498 1017 2567; x_wconf 83' lang='lat' dir='ltr'><strong>absente</strong></span> <span class='ocrx_word' id='word_1_338' title='bbox 1044 2498 1190 2552; x_wconf 90' lang='lat' dir='ltr'><strong>velut</strong></span> <span class='ocrx_word' id='word_1_339' title='bbox 1216 2512 1248 2551; x_wconf 92' lang='lat' dir='ltr'><strong>a</strong></span> <span class='ocrx_word' id='word_1_340' title='bbox 1284 2498 1398 2552; x_wconf 91' lang='lat' dir='ltr'><strong>sole</strong></span> <span class='ocrx_word' id='word_1_341' title='bbox 1442 2498 1669 2552; x_wconf 91' lang='lat' dir='ltr'><strong>destitu-</strong></span> 
     </span>
    </p>
   </div>
   <div class='ocr_carea' id='block_1_39' title="bbox 104 2565 1664 2635">
    <p class='ocr_par' dir='ltr' id='par_1_39' title="bbox 104 2565 1664 2635">
     <span class='ocr_line' id='line_1_41' title="bbox 104 2565 1664 2635; baseline 0.003 -18"><span class='ocrx_word' id='word_1_342' title='bbox 104 2565 219 2623; x_wconf 75' lang='lat' dir='ltr'><strong>tum</strong></span> <span class='ocrx_word' id='word_1_343' title='bbox 234 2565 406 2634; x_wconf 81' lang='lat' dir='ltr'><strong>frigidi</strong></span> <span class='ocrx_word' id='word_1_344' title='bbox 450 2567 626 2620; x_wconf 88' lang='lat' dir='ltr'><strong>cordis</strong></span> <span class='ocrx_word' id='word_1_345' title='bbox 654 2566 795 2634; x_wconf 87' lang='lat' dir='ltr'><strong>alget</strong></span> <span class='ocrx_word' id='word_1_346' title='bbox 830 2566 1114 2635; x_wconf 86' lang='lat' dir='ltr'><strong>ingenium,</strong></span> <span class='ocrx_word' id='word_1_347' title='bbox 1146 2575 1201 2621; x_wconf 92' lang='lat' dir='ltr'><strong>et</strong></span> <span class='ocrx_word' id='word_1_348' title='bbox 1228 2581 1378 2621; x_wconf 85' lang='lat' dir='ltr'><strong>mens</strong></span> <span class='ocrx_word' id='word_1_349' title='bbox 1406 2582 1436 2621; x_wconf 89' lang='lat' dir='ltr'><strong>a</strong></span> <span class='ocrx_word' id='word_1_350' title='bbox 1465 2567 1664 2622; x_wconf 87' lang='lat' dir='ltr'><strong>lumine</strong></span> 
     </span>
    </p>
   </div>
   <div class='ocr_carea' id='block_1_40' title="bbox 105 2635 1671 2706">
    <p class='ocr_par' dir='ltr' id='par_1_40' title="bbox 105 2635 1671 2706">
     <span class='ocr_line' id='line_1_42' title="bbox 105 2635 1671 2706; baseline 0 -18"><span class='ocrx_word' id='word_1_351' title='bbox 105 2638 370 2704; x_wconf 86' lang='lat' dir='ltr'><strong>peregrina</strong></span> <span class='ocrx_word' id='word_1_352' title='bbox 417 2635 657 2706; x_wconf 68' lang='lat' dir='ltr'><strong>stultitim</strong></span> <span class='ocrx_word' id='word_1_353' title='bbox 702 2636 884 2690; x_wconf 90' lang='lat' dir='ltr'><strong>nubilo</strong></span> <span class='ocrx_word' id='word_1_354' title='bbox 914 2637 938 2673; x_wconf 74' lang='grc' dir='ltr'>δ</span> <span class='ocrx_word' id='word_1_355' title='bbox 969 2635 1228 2706; x_wconf 83' lang='lat' dir='ltr'><strong>sul&#39;focata</strong></span> <span class='ocrx_word' id='word_1_356' title='bbox 1277 2638 1557 2706; x_wconf 70' lang='lat' dir='ltr'><strong>torpescit,</strong></span> <span class='ocrx_word' id='word_1_357' title='bbox 1608 2651 1671 2706; x_wconf 86' lang='lat' dir='ltr'><strong>ac</strong></span> 
     </span>
    </p>
   </div>
   <div class='ocr_carea' id='block_1_41' title="bbox 103 2704 1670 2774">
    <p class='ocr_par' dir='ltr' id='par_1_41' title="bbox 103 2704 1670 2774">
     <span class='ocr_line' id='line_1_43' title="bbox 103 2704 1670 2774; baseline -0.001 -16"><span class='ocrx_word' id='word_1_358' title='bbox 103 2713 242 2774; x_wconf 88' lang='lat' dir='ltr'><strong>tanto</strong></span> <span class='ocrx_word' id='word_1_359' title='bbox 263 2706 440 2758; x_wconf 89' lang='lat' dir='ltr'><strong>minus</strong></span> <span class='ocrx_word' id='word_1_360' title='bbox 466 2705 618 2773; x_wconf 90' lang='lat' dir='ltr'><strong>sapio</strong></span> <span class='ocrx_word' id='word_1_361' title='bbox 642 2713 846 2772; x_wconf 90' lang='lat' dir='ltr'><strong>quanto</strong></span> <span class='ocrx_word' id='word_1_362' title='bbox 872 2719 901 2758; x_wconf 93' lang='lat' dir='ltr'><strong>a</strong></span> <span class='ocrx_word' id='word_1_363' title='bbox 940 2712 993 2759; x_wconf 89' lang='lat' dir='ltr'><strong>te</strong></span> <span class='ocrx_word' id='word_1_364' title='bbox 1032 2705 1190 2758; x_wconf 88' lang='lat' dir='ltr'><strong>latius</strong></span> <span class='ocrx_word' id='word_1_365' title='bbox 1216 2704 1474 2774; x_wconf 55' lang='lat' dir='ltr'><strong>separ&#39;or?</strong></span> <span class='ocrx_word' id='word_1_366' title='bbox 1517 2704 1670 2770; x_wconf 87' lang='lat' dir='ltr'><strong>Quod</strong></span> 
     </span>
    </p>
   </div>
   <div class='ocr_carea' id='block_1_42' title="bbox 103 2773 1671 2843">
    <p class='ocr_par' dir='ltr' id='par_1_42' title="bbox 103 2773 1671 2843">
     <span class='ocr_line' id='line_1_44' title="bbox 103 2773 1671 2843; baseline -0.001 -14"><span class='ocrx_word' id='word_1_367' title='bbox 103 2774 141 2829; x_wconf 90' lang='lat' dir='ltr'><strong>si</strong></span> <span class='ocrx_word' id='word_1_368' title='bbox 171 2773 644 2843; x_wconf 67' lang='lat' dir='ltr'><strong>impraesentiarum</strong></span> <span class='ocrx_word' id='word_1_369' title='bbox 673 2784 696 2812; x_wconf 70' lang='grc' dir='ltr'><strong>ι</strong></span> <span class='ocrx_word' id='word_1_370' title='bbox 733 2773 862 2843; x_wconf 89' lang='lat' dir='ltr'><strong>quid</strong></span> <span class='ocrx_word' id='word_1_371' title='bbox 891 2775 986 2827; x_wconf 84' lang='lat' dir='ltr'><strong>tibi</strong></span> <span class='ocrx_word' id='word_1_372' title='bbox 1027 2773 1080 2826; x_wconf 92' lang='lat' dir='ltr'><strong>in</strong></span> <span class='ocrx_word' id='word_1_373' title='bbox 1126 2788 1251 2843; x_wconf 88' lang='lat' dir='ltr'><strong>meo</strong></span> <span class='ocrx_word' id='word_1_374' title='bbox 1285 2788 1532 2827; x_wconf 84' lang='lat' dir='ltr'><strong>sermone</strong></span> <span class='ocrx_word' id='word_1_375' title='bbox 1559 2774 1671 2843; x_wconf 85' lang='lat' dir='ltr'><strong>pla-</strong></span> 
     </span>
    </p>
   </div>
   <div class='ocr_carea' id='block_1_43' title="bbox 103 2841 1671 2912">
    <p class='ocr_par' dir='ltr' id='par_1_43' title="bbox 103 2841 1671 2912">
     <span class='ocr_line' id='line_1_45' title="bbox 103 2841 1671 2912; baseline -0.001 -15"><span class='ocrx_word' id='word_1_376' title='bbox 103 2841 288 2908; x_wconf 78' lang='lat' dir='ltr'><strong>cuerit,</strong></span> <span class='ocrx_word' id='word_1_377' title='bbox 314 2844 421 2896; x_wconf 88' lang='lat' dir='ltr'><strong>tuis</strong></span> <span class='ocrx_word' id='word_1_378' title='bbox 443 2842 572 2912; x_wconf 84' lang='lat' dir='ltr'><strong>mihi</strong></span> <span class='ocrx_word' id='word_1_379' title='bbox 599 2841 932 2897; x_wconf 80' lang='lat' dir='ltr'><strong>orationibus</strong></span> <span class='ocrx_word' id='word_1_380' title='bbox 943 2842 1303 2912; x_wconf 55' lang='lat' dir='ltr'><strong>praestabitur.</strong></span> <span class='ocrx_word' id='word_1_381' title='bbox 1329 2841 1585 2912; x_wconf 83' lang='lat' dir='ltr'><strong>Denique,</strong></span> <span class='ocrx_word' id='word_1_382' title='bbox 1615 2851 1671 2895; x_wconf 90' lang='lat' dir='ltr'><strong>ut</strong></span> 
     </span>
    </p>
   </div>
   <div class='ocr_carea' id='block_1_44' title="bbox 104 2910 1666 2980">
    <p class='ocr_par' dir='ltr' id='par_1_44' title="bbox 104 2910 1666 2980">
     <span class='ocr_line' id='line_1_46' title="bbox 104 2910 1666 2980; baseline 0 -16"><span class='ocrx_word' id='word_1_383' title='bbox 104 2926 308 2965; x_wconf 87' lang='lat' dir='ltr'><strong>omnem</strong></span> <span class='ocrx_word' id='word_1_384' title='bbox 362 2910 646 2965; x_wconf 87' lang='lat' dir='ltr'><strong>stultitiam</strong></span> <span class='ocrx_word' id='word_1_385' title='bbox 694 2925 870 2964; x_wconf 86' lang='lat' dir='ltr'><strong>meam</strong></span> <span class='ocrx_word' id='word_1_386' title='bbox 924 2910 1226 2980; x_wconf 88' lang='lat' dir='ltr'><strong>diligentius</strong></span> <span class='ocrx_word' id='word_1_387' title='bbox 1275 2910 1666 2980; x_wconf 74' lang='lat' dir='ltr'><strong>recognbscas,</strong></span> 
     </span>
    </p>
   </div>
   <div class='ocr_carea' id='block_1_45' title="bbox 105 2979 1671 3048">
    <p class='ocr_par' dir='ltr' id='par_1_45' title="bbox 105 2979 1671 3048">
     <span class='ocr_line' id='line_1_47' title="bbox 105 2979 1671 3048; baseline -0.001 -15"><span class='ocrx_word' id='word_1_388' title='bbox 105 2981 256 3035; x_wconf 84' lang='lat' dir='ltr'><strong>etiam</strong></span> <span class='ocrx_word' id='word_1_389' title='bbox 283 2980 623 3048; x_wconf 85' lang='lat' dir='ltr'><strong>stomachum</strong></span> <span class='ocrx_word' id='word_1_390' title='bbox 649 2995 822 3033; x_wconf 89' lang='lat' dir='ltr'><strong>meum</strong></span> <span class='ocrx_word' id='word_1_391' title='bbox 845 2986 965 3047; x_wconf 90' lang='lat' dir='ltr'><strong>post</strong></span> <span class='ocrx_word' id='word_1_392' title='bbox 994 2979 1121 3033; x_wconf 90' lang='lat' dir='ltr'><strong>illud</strong></span> <span class='ocrx_word' id='word_1_393' title='bbox 1148 2979 1449 3048; x_wconf 85' lang='lat' dir='ltr'><strong>susceptum</strong></span> <span class='ocrx_word' id='word_1_394' title='bbox 1472 2979 1496 3015; x_wconf 74' lang='grc' dir='ltr'><em>ά</em></span> <span class='ocrx_word' id='word_1_395' title='bbox 1519 2995 1671 3036; x_wconf 82' lang='lat' dir='ltr'><strong>cera-</strong></span> 
     </span>
    </p>
   </div>
   <div class='ocr_carea' id='block_1_46' title="bbox 109 3047 1672 3118">
    <p class='ocr_par' dir='ltr' id='par_1_46' title="bbox 109 3047 1672 3118">
     <span class='ocr_line' id='line_1_48' title="bbox 109 3047 1672 3118; baseline 0.001 -17"><span class='ocrx_word' id='word_1_396' title='bbox 109 3058 232 3113; x_wconf 86' lang='lat' dir='ltr'><strong>tum,</strong></span> <span class='ocrx_word' id='word_1_397' title='bbox 259 3057 386 3103; x_wconf 71' lang='lat' dir='ltr'><strong>tunc</strong></span> <span class='ocrx_word' id='word_1_398' title='bbox 432 3057 485 3103; x_wconf 92' lang='lat' dir='ltr'><strong>te</strong></span> <span class='ocrx_word' id='word_1_399' title='bbox 532 3047 753 3102; x_wconf 86' lang='lat' dir='ltr'><strong>absente</strong></span> <span class='ocrx_word' id='word_1_400' title='bbox 800 3048 1004 3118; x_wconf 88' lang='lat' dir='ltr'><strong>curavi,</strong></span> <span class='ocrx_word' id='word_1_401' title='bbox 1047 3063 1079 3118; x_wconf 87' lang='lat' dir='ltr'><strong>a</strong></span> <span class='ocrx_word' id='word_1_402' title='bbox 1127 3062 1234 3118; x_wconf 92' lang='lat' dir='ltr'><strong>quo</strong></span> <span class='ocrx_word' id='word_1_403' title='bbox 1263 3047 1413 3116; x_wconf 84' lang='lat' dir='ltr'><strong>pejus</strong></span> <span class='ocrx_word' id='word_1_404' title='bbox 1461 3063 1672 3102; x_wconf 89' lang='lat' dir='ltr'><strong>mereor</strong></span> 
     </span>
    </p>
   </div>
   <div class='ocr_carea' id='block_1_47' title="bbox 106 3117 1670 3187">
    <p class='ocr_par' dir='ltr' id='par_1_47' title="bbox 106 3117 1670 3187">
     <span class='ocr_line' id='line_1_49' title="bbox 106 3117 1670 3187; baseline -0.001 -15"><span class='ocrx_word' id='word_1_405' title='bbox 106 3120 206 3186; x_wconf 83' lang='lat' dir='ltr'><strong>pati</strong></span> <span class='ocrx_word' id='word_1_406' title='bbox 238 3136 251 3171; x_wconf 88' lang='lat'>:</span> <span class='ocrx_word' id='word_1_407' title='bbox 278 3119 362 3171; x_wconf 88' lang='lat' dir='ltr'><strong>cui</strong></span> <span class='ocrx_word' id='word_1_408' title='bbox 393 3125 516 3187; x_wconf 90' lang='lat' dir='ltr'><strong>post</strong></span> <span class='ocrx_word' id='word_1_409' title='bbox 543 3125 786 3170; x_wconf 90' lang='lat' dir='ltr'><strong>sanctum</strong></span> <span class='ocrx_word' id='word_1_410' title='bbox 813 3117 1164 3187; x_wconf 85' lang='lat' dir='ltr'><strong>ministerium</strong></span> <span class='ocrx_word' id='word_1_411' title='bbox 1195 3123 1343 3170; x_wconf 90' lang='lat' dir='ltr'><strong>tuum</strong></span> <span class='ocrx_word' id='word_1_412' title='bbox 1388 3123 1442 3170; x_wconf 89' lang='lat' dir='ltr'><strong>et</strong></span> <span class='ocrx_word' id='word_1_413' title='bbox 1470 3118 1670 3187; x_wconf 85' lang='lat' dir='ltr'><strong>angeli-</strong></span> 
     </span>
    </p>
   </div>
   <div class='ocr_carea' id='block_1_48' title="bbox 105 3185 1672 3254">
    <p class='ocr_par' dir='ltr' id='par_1_48' title="bbox 105 3185 1672 3254">
     <span class='ocr_line' id='line_1_50' title="bbox 105 3185 1672 3254; baseline -0.001 -14"><span class='ocrx_word' id='word_1_414' title='bbox 105 3185 215 3240; x_wconf 84' lang='lat' dir='ltr'><strong>cam</strong></span> <span class='ocrx_word' id='word_1_415' title='bbox 241 3185 552 3242; x_wconf 74' lang='lat' dir='ltr'><strong>servitutem</strong></span> <span class='ocrx_word' id='word_1_416' title='bbox 585 3199 774 3254; x_wconf 84' lang='lat' dir='ltr'><strong>manus</strong></span> <span class='ocrx_word' id='word_1_417' title='bbox 813 3186 964 3238; x_wconf 88' lang='lat' dir='ltr'><strong>intuli</strong></span> <span class='ocrx_word' id='word_1_418' title='bbox 992 3185 1337 3248; x_wconf 89' lang='lat' dir='ltr'><strong>medicorum,</strong></span> <span class='ocrx_word' id='word_1_419' title='bbox 1369 3186 1521 3254; x_wconf 89' lang='lat' dir='ltr'><strong>quasi</strong></span> <span class='ocrx_word' id='word_1_420' title='bbox 1547 3200 1672 3254; x_wconf 88' lang='lat' dir='ltr'><strong>pro-</strong></span> 
     </span>
    </p>
   </div>
   <div class='ocr_carea' id='block_1_49' title="bbox 137 3253 1666 3323">
    <p class='ocr_par' dir='ltr' id='par_1_49' title="bbox 137 3253 1666 3323">
     <span class='ocr_line' id='line_1_51' title="bbox 137 3253 1666 3323; baseline -0.002 -13"><span class='ocrx_word' id='word_1_421' title='bbox 137 3256 255 3310; x_wconf 88' lang='lat' dir='ltr'><strong>heta</strong></span> <span class='ocrx_word' id='word_1_422' title='bbox 283 3271 391 3310; x_wconf 91' lang='lat' dir='ltr'><strong>non</strong></span> <span class='ocrx_word' id='word_1_423' title='bbox 419 3263 563 3310; x_wconf 88' lang='lat' dir='ltr'><strong>esset</strong></span> <span class='ocrx_word' id='word_1_424' title='bbox 599 3254 651 3307; x_wconf 92' lang='lat' dir='ltr'><strong>in</strong></span> <span class='ocrx_word' id='word_1_425' title='bbox 693 3253 874 3323; x_wconf 86' lang='lat' dir='ltr'><strong>lsrael,</strong></span> <span class='ocrx_word' id='word_1_426' title='bbox 917 3261 975 3307; x_wconf 93' lang='lat' dir='ltr'><strong>ut</strong></span> <span class='ocrx_word' id='word_1_427' title='bbox 1001 3255 1152 3320; x_wconf 89' lang='lat' dir='ltr'><strong>mihi,</strong></span> <span class='ocrx_word' id='word_1_428' title='bbox 1195 3253 1240 3307; x_wconf 90' lang='lat' dir='ltr'><strong>si</strong></span> <span class='ocrx_word' id='word_1_429' title='bbox 1270 3253 1397 3322; x_wconf 90' lang='lat' dir='ltr'><strong>quid</strong></span> <span class='ocrx_word' id='word_1_430' title='bbox 1437 3253 1666 3323; x_wconf 86' lang='lat' dir='ltr'><strong>paterer,</strong></span> 
     </span>
    </p>
   </div>
   <div class='ocr_carea' id='block_1_50' title="bbox 122 3322 1670 3392">
    <p class='ocr_par' dir='ltr' id='par_1_50' title="bbox 122 3322 1670 3392">
     <span class='ocr_line' id='line_1_52' title="bbox 122 3322 1670 3392; baseline -0.001 -15"><span class='ocrx_word' id='word_1_431' title='bbox 122 3325 299 3378; x_wconf 78' lang='lat' dir='ltr'><strong>acilius</strong></span> <span class='ocrx_word' id='word_1_432' title='bbox 339 3339 462 3379; x_wconf 88' lang='lat' dir='ltr'><strong>esse</strong></span> <span class='ocrx_word' id='word_1_433' title='bbox 503 3323 750 3377; x_wconf 87' lang='lat' dir='ltr'><strong>debuerit</strong></span> <span class='ocrx_word' id='word_1_434' title='bbox 793 3322 870 3392; x_wconf 86' lang='lat' dir='ltr'><strong>ad</strong></span> <span class='ocrx_word' id='word_1_435' title='bbox 890 3330 941 3392; x_wconf 83' lang='lat' dir='ltr'><strong>te</strong></span> <span class='ocrx_word' id='word_1_436' title='bbox 968 3326 1186 3392; x_wconf 86' lang='lat' dir='ltr'><strong>reverti,</strong></span> <span class='ocrx_word' id='word_1_437' title='bbox 1217 3337 1376 3390; x_wconf 91' lang='lat' dir='ltr'><strong>quam</strong></span> <span class='ocrx_word' id='word_1_438' title='bbox 1405 3322 1670 3392; x_wconf 71' lang='lat' dir='ltr'><strong>gentiliter</strong></span> 
     </span>
    </p>
   </div>
   <div class='ocr_carea' id='block_1_51' title="bbox 103 3391 1669 3460">
    <p class='ocr_par' dir='ltr' id='par_1_51' title="bbox 103 3391 1669 3460">
     <span class='ocr_line' id='line_1_53' title="bbox 103 3391 1669 3460; baseline -0.003 -12"><span class='ocrx_word' id='word_1_439' title='bbox 103 3394 362 3460; x_wconf 85' lang='lat' dir='ltr'><strong>cogitare;</strong></span> <span class='ocrx_word' id='word_1_440' title='bbox 390 3403 448 3448; x_wconf 91' lang='lat' dir='ltr'><strong>et</strong></span> <span class='ocrx_word' id='word_1_441' title='bbox 484 3393 676 3446; x_wconf 91' lang='lat' dir='ltr'><strong>melius</strong></span> <span class='ocrx_word' id='word_1_442' title='bbox 719 3392 800 3445; x_wconf 91' lang='lat' dir='ltr'><strong>vel</strong></span> <span class='ocrx_word' id='word_1_443' title='bbox 845 3391 1137 3446; x_wconf 85' lang='lat' dir='ltr'><strong>dii&#39;licillimi</strong></span> <span class='ocrx_word' id='word_1_444' title='bbox 1182 3392 1387 3446; x_wconf 90' lang='lat' dir='ltr'><strong>itineris</strong></span> <span class='ocrx_word' id='word_1_445' title='bbox 1416 3391 1669 3445; x_wconf 78' lang='lat' dir='ltr'><strong>laborem</strong></span> 
     </span>
    </p>
   </div>
   <div class='ocr_carea' id='block_1_52' title="bbox 133 3461 1673 3532">
    <p class='ocr_par' dir='ltr' id='par_1_52' title="bbox 133 3461 1673 3532">
     <span class='ocr_line' id='line_1_54' title="bbox 133 3461 1673 3532; baseline -0.001 -16"><span class='ocrx_word' id='word_1_446' title='bbox 133 3464 507 3532; x_wconf 83' lang='lat' dir='ltr'><strong>erpetiquam</strong></span> <span class='ocrx_word' id='word_1_447' title='bbox 552 3468 871 3532; x_wconf 86' lang='lat' dir='ltr'><strong>conspectus</strong></span> <span class='ocrx_word' id='word_1_448' title='bbox 920 3462 994 3514; x_wconf 92' lang='lat' dir='ltr'><strong>tui</strong></span> <span class='ocrx_word' id='word_1_449' title='bbox 1040 3469 1150 3513; x_wconf 90' lang='lat' dir='ltr'><strong>tam</strong></span> <span class='ocrx_word' id='word_1_450' title='bbox 1194 3461 1428 3532; x_wconf 87' lang='lat' dir='ltr'><strong>pretiosa</strong></span> <span class='ocrx_word' id='word_1_451' title='bbox 1471 3461 1673 3515; x_wconf 88' lang='lat' dir='ltr'><strong>visione</strong></span> 
     </span>
    </p>
   </div>
   <div class='ocr_carea' id='block_1_53' title="bbox 123 3531 1667 3609">
    <p class='ocr_par' dir='ltr' id='par_1_53' title="bbox 123 3531 1667 3609">
     <span class='ocr_line' id='line_1_55' title="bbox 123 3531 1667 3609; baseline -0.002 -25"><span class='ocrx_word' id='word_1_452' title='bbox 123 3531 348 3609; x_wconf 74' lang='lat' dir='ltr'><strong>&#39;ratidari,</strong></span> <span class='ocrx_word' id='word_1_453' title='bbox 381 3540 439 3584; x_wconf 94' lang='lat' dir='ltr'><strong>ut</strong></span> <span class='ocrx_word' id='word_1_454' title='bbox 474 3531 673 3599; x_wconf 70' lang='lat' dir='ltr'><strong>qumvis</strong></span> <span class='ocrx_word' id='word_1_455' title='bbox 695 3531 889 3609; x_wconf 65' lang='lat' dir='ltr'><strong>potius</strong></span> <span class='ocrx_word' id='word_1_456' title='bbox 929 3531 1296 3609; x_wconf 76' lang='lat' dir='ltr'><strong>compensatio</strong></span> <span class='ocrx_word' id='word_1_457' title='bbox 1338 3539 1667 3609; x_wconf 52' lang='lat' dir='ltr'><strong>sequeretur,</strong></span> 
     </span>
    </p>
   </div>
   <div class='ocr_carea' id='block_1_54' title="bbox 104 3598 1672 3669">
    <p class='ocr_par' dir='ltr' id='par_1_54' title="bbox 104 3598 1672 3669">
     <span class='ocr_line' id='line_1_56' title="bbox 104 3598 1672 3669; baseline 0.001 -16"><span class='ocrx_word' id='word_1_458' title='bbox 104 3615 255 3669; x_wconf 87' lang='lat' dir='ltr'><strong>quam</strong></span> <span class='ocrx_word' id='word_1_459' title='bbox 276 3601 342 3654; x_wconf 90' lang='lat' dir='ltr'><strong>ad</strong></span> <span class='ocrx_word' id='word_1_460' title='bbox 365 3598 604 3654; x_wconf 79' lang='lat' dir='ltr'><strong>muscam</strong></span> <span class='ocrx_word' id='word_1_461' title='bbox 631 3598 903 3666; x_wconf 77' lang='lat' dir='ltr'><strong>religionis</strong></span> <span class='ocrx_word' id='word_1_462' title='bbox 924 3599 1163 3653; x_wconf 82' lang='lat' dir='ltr'><strong>Accaron</strong></span> <span class='ocrx_word' id='word_1_463' title='bbox 1194 3599 1520 3669; x_wconf 83' lang='lat' dir='ltr'><strong>devenirem.</strong></span> <span class='ocrx_word' id='word_1_464' title='bbox 1549 3598 1672 3654; x_wconf 67' lang='lat' dir='ltr'><strong>HLDC</strong></span> 
     </span>
    </p>
   </div>
   <div class='ocr_carea' id='block_1_55' title="bbox 104 3667 1666 3737">
    <p class='ocr_par' dir='ltr' id='par_1_55' title="bbox 104 3667 1666 3737">
     <span class='ocr_line' id='line_1_57' title="bbox 104 3667 1666 3737; baseline 0 -16"><span class='ocrx_word' id='word_1_465' title='bbox 104 3667 224 3722; x_wconf 77' lang='lat' dir='ltr'><strong>mihi</strong></span> <span class='ocrx_word' id='word_1_466' title='bbox 255 3678 308 3723; x_wconf 88' lang='lat' dir='ltr'><strong>te</strong></span> <span class='ocrx_word' id='word_1_467' title='bbox 354 3671 578 3724; x_wconf 89' lang='lat' dir='ltr'><strong>absente</strong></span> <span class='ocrx_word' id='word_1_468' title='bbox 605 3671 831 3721; x_wconf 89' lang='lat' dir='ltr'><strong>mundus</strong></span> <span class='ocrx_word' id='word_1_469' title='bbox 871 3669 970 3722; x_wconf 91' lang='lat' dir='ltr'><strong>iste</strong></span> <span class='ocrx_word' id='word_1_470' title='bbox 1007 3667 1407 3737; x_wconf 55' lang='lat' dir='ltr'><strong>suggessitLqui</strong></span> <span class='ocrx_word' id='word_1_471' title='bbox 1449 3675 1503 3721; x_wconf 82' lang='lat' dir='ltr'><strong>te.</strong></span> <span class='ocrx_word' id='word_1_472' title='bbox 1531 3683 1666 3737; x_wconf 68' lang='lat' dir='ltr'><strong>prae-</strong></span> 
     </span>
    </p>
   </div>
   <div class='ocr_carea' id='block_1_56' title="bbox 1775 2429 3343 2495">
    <p class='ocr_par' dir='ltr' id='par_1_56' title="bbox 1775 2429 3343 2495">
     <span class='ocr_line' id='line_1_58' title="bbox 1775 2429 3343 2495; baseline 0.001 -12"><span class='ocrx_word' id='word_1_473' title='bbox 1775 2445 1921 2494; x_wconf 89' lang='lat' dir='ltr'><strong>mus;</strong></span> <span class='ocrx_word' id='word_1_474' title='bbox 1977 2439 2031 2483; x_wconf 92' lang='lat' dir='ltr'><strong>et</strong></span> <span class='ocrx_word' id='word_1_475' title='bbox 2071 2429 2341 2483; x_wconf 91' lang='lat' dir='ltr'><strong>hominem</strong></span> <span class='ocrx_word' id='word_1_476' title='bbox 2375 2429 2672 2495; x_wconf 67' lang='lat' dir='ltr'><strong>iudicamus</strong></span> <span class='ocrx_word' id='word_1_477' title='bbox 2701 2443 2818 2482; x_wconf 90' lang='lat' dir='ltr'><strong>esse</strong></span> <span class='ocrx_word' id='word_1_478' title='bbox 2860 2443 3015 2495; x_wconf 89' lang='lat' dir='ltr'><strong>quem</strong></span> <span class='ocrx_word' id='word_1_479' title='bbox 3045 2431 3343 2495; x_wconf 81' lang='lat' dir='ltr'><strong>cernimus,</strong></span> 
     </span>
    </p>
   </div>
   <div class='ocr_carea' id='block_1_57' title="bbox 1777 2496 3341 2564">
    <p class='ocr_par' dir='ltr' id='par_1_57' title="bbox 1777 2496 3341 2564">
     <span class='ocr_line' id='line_1_59' title="bbox 1777 2496 3341 2564; baseline -0.001 -11"><span class='ocrx_word' id='word_1_480' title='bbox 1777 2507 1832 2553; x_wconf 87' lang='lat' dir='ltr'><strong>et</strong></span> <span class='ocrx_word' id='word_1_481' title='bbox 1870 2498 2124 2552; x_wconf 90' lang='lat' dir='ltr'><strong>mundum</strong></span> <span class='ocrx_word' id='word_1_482' title='bbox 2173 2497 2440 2551; x_wconf 88' lang='lat' dir='ltr'><strong>credimus</strong></span> <span class='ocrx_word' id='word_1_483' title='bbox 2489 2496 2666 2552; x_wconf 76' lang='lat' dir='ltr'><strong>facere</strong></span> <span class='ocrx_word' id='word_1_484' title='bbox 2706 2512 2827 2551; x_wconf 92' lang='lat' dir='ltr'><strong>cum</strong></span> <span class='ocrx_word' id='word_1_485' title='bbox 2874 2497 3000 2560; x_wconf 90' lang='lat' dir='ltr'><strong>vita,</strong></span> <span class='ocrx_word' id='word_1_486' title='bbox 3033 2498 3341 2564; x_wconf 78' lang='lat' dir='ltr'><strong>ignorantes</strong></span> 
     </span>
    </p>
   </div>
   <div class='ocr_carea' id='block_1_58' title="bbox 1770 2564 3346 2634">
    <p class='ocr_par' dir='ltr' id='par_1_58' title="bbox 1770 2564 3346 2634">
     <span class='ocr_line' id='line_1_60' title="bbox 1770 2564 3346 2634; baseline 0 -13"><span class='ocrx_word' id='word_1_487' title='bbox 1770 2568 1858 2621; x_wconf 91' lang='lat' dir='ltr'><strong>ubi</strong></span> <span class='ocrx_word' id='word_1_488' title='bbox 1886 2568 1955 2620; x_wconf 86' lang='lat' dir='ltr'><strong>sit</strong></span> <span class='ocrx_word' id='word_1_489' title='bbox 1984 2569 2164 2630; x_wconf 90' lang='lat' dir='ltr'><strong>homo,</strong></span> <span class='ocrx_word' id='word_1_490' title='bbox 2209 2573 2263 2619; x_wconf 91' lang='lat' dir='ltr'><strong>et</strong></span> <span class='ocrx_word' id='word_1_491' title='bbox 2288 2564 2417 2633; x_wconf 91' lang='lat' dir='ltr'><strong>quid</strong></span> <span class='ocrx_word' id='word_1_492' title='bbox 2445 2569 2514 2619; x_wconf 84' lang='lat' dir='ltr'><strong>sit</strong></span> <span class='ocrx_word' id='word_1_493' title='bbox 2537 2566 2718 2631; x_wconf 85' lang='lat' dir='ltr'><strong>homo,</strong></span> <span class='ocrx_word' id='word_1_494' title='bbox 2747 2573 2802 2619; x_wconf 94' lang='lat' dir='ltr'><strong>et</strong></span> <span class='ocrx_word' id='word_1_495' title='bbox 2821 2579 2942 2634; x_wconf 81' lang='lat' dir='ltr'><strong>quae</strong></span> <span class='ocrx_word' id='word_1_496' title='bbox 2969 2566 3084 2634; x_wconf 90' lang='lat' dir='ltr'><strong>ejus</strong></span> <span class='ocrx_word' id='word_1_497' title='bbox 3112 2567 3346 2621; x_wconf 88' lang='lat' dir='ltr'><strong>hominis</strong></span> 
     </span>
    </p>
   </div>
   <div class='ocr_carea' id='block_1_59' title="bbox 1772 2635 3343 2703">
    <p class='ocr_par' dir='ltr' id='par_1_59' title="bbox 1772 2635 3343 2703">
     <span class='ocr_line' id='line_1_61' title="bbox 1772 2635 3343 2703; baseline -0.001 -14"><span class='ocrx_word' id='word_1_498' title='bbox 1772 2638 1878 2689; x_wconf 89' lang='lat' dir='ltr'><strong>vita</strong></span> <span class='ocrx_word' id='word_1_499' title='bbox 1902 2637 1972 2689; x_wconf 89' lang='lat' dir='ltr'><strong>sit</strong></span> <span class='ocrx_word' id='word_1_500' title='bbox 1999 2654 2010 2688; x_wconf 92' lang='lat'>:</span> <span class='ocrx_word' id='word_1_501' title='bbox 2036 2636 2179 2703; x_wconf 93' lang='lat' dir='ltr'><strong>quod</strong></span> <span class='ocrx_word' id='word_1_502' title='bbox 2207 2636 2251 2687; x_wconf 90' lang='lat' dir='ltr'><strong>si</strong></span> <span class='ocrx_word' id='word_1_503' title='bbox 2275 2635 2714 2701; x_wconf 86' lang='lat' dir='ltr'><strong>intelligeremus,</strong></span> <span class='ocrx_word' id='word_1_504' title='bbox 2746 2650 2853 2688; x_wconf 93' lang='lat' dir='ltr'><strong>non</strong></span> <span class='ocrx_word' id='word_1_505' title='bbox 2895 2635 3035 2688; x_wconf 85' lang='lat' dir='ltr'><strong>aliud</strong></span> <span class='ocrx_word' id='word_1_506' title='bbox 3079 2637 3343 2703; x_wconf 76' lang='lat' dir='ltr'><strong>generati,</strong></span> 
     </span>
    </p>
   </div>
   <div class='ocr_carea' id='block_1_60' title="bbox 1772 2703 3347 2770">
    <p class='ocr_par' dir='ltr' id='par_1_60' title="bbox 1772 2703 3347 2770">
     <span class='ocr_line' id='line_1_62' title="bbox 1772 2703 3347 2770; baseline 0.001 -12"><span class='ocrx_word' id='word_1_507' title='bbox 1772 2705 1913 2758; x_wconf 86' lang='lat' dir='ltr'><strong>aliud</strong></span> <span class='ocrx_word' id='word_1_508' title='bbox 1959 2706 2277 2758; x_wconf 86' lang='lat' dir='ltr'><strong>viveremus.</strong></span> <span class='ocrx_word' id='word_1_509' title='bbox 2322 2703 2400 2756; x_wconf 89' lang='lat' dir='ltr'><strong>ita</strong></span> <span class='ocrx_word' id='word_1_510' title='bbox 2445 2704 2568 2756; x_wconf 68' lang='lat' dir='ltr'><strong>vita:</strong></span> <span class='ocrx_word' id='word_1_511' title='bbox 2616 2704 2823 2770; x_wconf 90' lang='lat' dir='ltr'><strong>origine</strong></span> <span class='ocrx_word' id='word_1_512' title='bbox 2869 2704 3102 2766; x_wconf 87' lang='lat' dir='ltr'><strong>deserta,</strong></span> <span class='ocrx_word' id='word_1_513' title='bbox 3134 2704 3347 2760; x_wconf 84' lang='lat' dir='ltr'><strong>vivendi</strong></span> 
     </span>
    </p>
   </div>
   <div class='ocr_carea' id='block_1_61' title="bbox 1770 2772 3347 2843">
    <p class='ocr_par' dir='ltr' id='par_1_61' title="bbox 1770 2772 3347 2843">
     <span class='ocr_line' id='line_1_63' title="bbox 1770 2772 3347 2843; baseline 0.001 -17"><span class='ocrx_word' id='word_1_514' title='bbox 1770 2788 1983 2842; x_wconf 83' lang='lat' dir='ltr'><strong>quoque</strong></span> <span class='ocrx_word' id='word_1_515' title='bbox 2019 2773 2346 2843; x_wconf 84' lang='lat' dir='ltr'><strong>perdidimus</strong></span> <span class='ocrx_word' id='word_1_516' title='bbox 2374 2772 2667 2843; x_wconf 83' lang='lat' dir='ltr'><strong>rationem.</strong></span> <span class='ocrx_word' id='word_1_517' title='bbox 2716 2774 2791 2827; x_wconf 83' lang='lat' dir='ltr'><strong>Ac</strong></span> <span class='ocrx_word' id='word_1_518' title='bbox 2841 2774 3016 2843; x_wconf 90' lang='lat' dir='ltr'><strong>primo</strong></span> <span class='ocrx_word' id='word_1_519' title='bbox 3063 2773 3152 2826; x_wconf 90' lang='lat' dir='ltr'><strong>ubi</strong></span> <span class='ocrx_word' id='word_1_520' title='bbox 3179 2773 3347 2828; x_wconf 86' lang='lat' dir='ltr'><strong>homo</strong></span> 
     </span>
    </p>
   </div>
   <div class='ocr_carea' id='block_1_62' title="bbox 1769 2841 2830 2910">
    <p class='ocr_par' dir='ltr' id='par_1_62' title="bbox 1769 2841 2830 2910">
     <span class='ocr_line' id='line_1_64' title="bbox 1769 2841 2830 2910; baseline -0.001 -15"><span class='ocrx_word' id='word_1_521' title='bbox 1769 2841 1840 2896; x_wconf 82' lang='lat' dir='ltr'><strong>sit</strong></span> <span class='ocrx_word' id='word_1_522' title='bbox 1880 2843 1981 2897; x_wconf 89' lang='lat' dir='ltr'><strong>iste</strong></span> <span class='ocrx_word' id='word_1_523' title='bbox 2010 2841 2077 2910; x_wconf 87' lang='lat' dir='ltr'><strong>de</strong></span> <span class='ocrx_word' id='word_1_524' title='bbox 2104 2857 2218 2910; x_wconf 92' lang='lat' dir='ltr'><strong>quo</strong></span> <span class='ocrx_word' id='word_1_525' title='bbox 2239 2841 2830 2910; x_wconf 88' lang='lat' dir='ltr'><strong>loquimur_audiamus.</strong></span> 
     </span>
    </p>
   </div>
   <div class='ocr_carea' id='block_1_63' title="bbox 1841 2908 3347 2978">
    <p class='ocr_par' dir='ltr' id='par_1_63' title="bbox 1841 2908 3347 2978">
     <span class='ocr_line' id='line_1_65' title="bbox 1841 2908 3347 2978; baseline 0.002 -15"><span class='ocrx_word' id='word_1_526' title='bbox 1841 2911 1968 2963; x_wconf 65' lang='lat' dir='ltr'><strong>Car.</strong></span> <span class='ocrx_word' id='word_1_527' title='bbox 2011 2909 2072 2962; x_wconf 92' lang='lat' dir='ltr'><strong>ll.</strong></span> <span class='ocrx_word' id='word_1_528' title='bbox 2101 2908 2171 2952; x_wconf 68' lang='grc' dir='ltr'><strong>-ῐ-</strong></span> <span class='ocrx_word' id='word_1_529' title='bbox 2198 2908 2459 2974; x_wconf 79' lang='lat' dir='ltr'><strong>Quoniam</strong></span> <span class='ocrx_word' id='word_1_530' title='bbox 2494 2908 2908 2978; x_wconf 84' lang='lat' dir='ltr'><strong>disputationem</strong></span> <span class='ocrx_word' id='word_1_531' title='bbox 2937 2912 3218 2978; x_wconf 83' lang='lat' dir='ltr'><strong>quamdam</strong></span> <span class='ocrx_word' id='word_1_532' title='bbox 3248 2927 3347 2966; x_wconf 85' lang='lat' dir='ltr'><strong>no-</strong></span> 
     </span>
    </p>
   </div>
   <div class='ocr_carea' id='block_1_64' title="bbox 1770 2977 3344 3050">
    <p class='ocr_par' dir='ltr' id='par_1_64' title="bbox 1770 2977 3344 3050">
     <span class='ocr_line' id='line_1_66' title="bbox 1770 2977 3344 3050; baseline 0.001 -16"><span class='ocrx_word' id='word_1_533' title='bbox 1770 2979 1852 3034; x_wconf 89' lang='lat' dir='ltr'><strong>bis</strong></span> <span class='ocrx_word' id='word_1_534' title='bbox 1882 2981 1993 3050; x_wconf 76' lang='lat' dir='ltr'><strong>ipsa</strong></span> <span class='ocrx_word' id='word_1_535' title='bbox 2022 2979 2212 3050; x_wconf 85' lang='lat' dir='ltr'><strong>divisio</strong></span> <span class='ocrx_word' id='word_1_536' title='bbox 2237 2979 2261 3050; x_wconf 50' lang='grc' dir='ltr'>ἐι</span> <span class='ocrx_word' id='word_1_537' title='bbox 2290 2977 2629 3050; x_wconf 77' lang='lat' dir='ltr'><strong>generavit,_i</strong></span> <span class='ocrx_word' id='word_1_538' title='bbox 2658 2993 2816 3046; x_wconf 85' lang='lat' dir='ltr'><strong>quem</strong></span> <span class='ocrx_word' id='word_1_539' title='bbox 2846 2977 2982 3050; x_wconf 78' lang='lat' dir='ltr'><strong>intra</strong></span> <span class='ocrx_word' id='word_1_540' title='bbox 3005 2981 3107 3035; x_wconf 55' lang='lat' dir='ltr'><strong>huc</strong></span> <span class='ocrx_word' id='word_1_541' title='bbox 3128 2997 3344 3050; x_wconf 85' lang='lat' dir='ltr'><strong>corpus,</strong></span> 
     </span>
    </p>
   </div>
   <div class='ocr_carea' id='block_1_65' title="bbox 1771 3047 3345 3116">
    <p class='ocr_par' dir='ltr' id='par_1_65' title="bbox 1771 3047 3345 3116">
     <span class='ocr_line' id='line_1_67' title="bbox 1771 3047 3345 3116; baseline 0.002 -15"><span class='ocrx_word' id='word_1_542' title='bbox 1771 3047 1914 3116; x_wconf 92' lang='lat' dir='ltr'><strong>quod</strong></span> <span class='ocrx_word' id='word_1_543' title='bbox 1945 3047 2038 3101; x_wconf 86' lang='lat' dir='ltr'><strong>Dei</strong></span> <span class='ocrx_word' id='word_1_544' title='bbox 2066 3047 2284 3103; x_wconf 77' lang='lat' dir='ltr'><strong>artiﬁcis</strong></span> <span class='ocrx_word' id='word_1_545' title='bbox 2323 3063 2484 3100; x_wconf 89' lang='lat' dir='ltr'><strong>manu</strong></span> <span class='ocrx_word' id='word_1_546' title='bbox 2512 3062 2544 3101; x_wconf 91' lang='lat' dir='ltr'><strong>e</strong></span> <span class='ocrx_word' id='word_1_547' title='bbox 2573 3047 2700 3100; x_wconf 90' lang='lat' dir='ltr'><strong>limo</strong></span> <span class='ocrx_word' id='word_1_548' title='bbox 2730 3055 2883 3102; x_wconf 70' lang='lat' dir='ltr'><strong>terra:</strong></span> <span class='ocrx_word' id='word_1_549' title='bbox 2930 3047 3345 3116; x_wconf 63' lang='lat' dir='ltr'><strong>formatuni&#39;est,</strong></span> 
     </span>
    </p>
   </div>
   <div class='ocr_carea' id='block_1_66' title="bbox 1769 3117 3346 3183">
    <p class='ocr_par' dir='ltr' id='par_1_66' title="bbox 1769 3117 3346 3183">
     <span class='ocr_line' id='line_1_68' title="bbox 1769 3117 3346 3183; baseline 0.001 -13"><span class='ocrx_word' id='word_1_550' title='bbox 1769 3118 1916 3170; x_wconf 90' lang='lat' dir='ltr'><strong>velut</strong></span> <span class='ocrx_word' id='word_1_551' title='bbox 1962 3117 2191 3183; x_wconf 88' lang='lat' dir='ltr'><strong>quodam</strong></span> <span class='ocrx_word' id='word_1_552' title='bbox 2239 3117 2458 3170; x_wconf 90' lang='lat' dir='ltr'><strong>vasculo</strong></span> <span class='ocrx_word' id='word_1_553' title='bbox 2504 3117 2739 3183; x_wconf 87' lang='lat' dir='ltr'><strong>intellige</strong></span> <span class='ocrx_word' id='word_1_554' title='bbox 2793 3118 3074 3181; x_wconf 83' lang='lat' dir='ltr'><strong>contineri,</strong></span> <span class='ocrx_word' id='word_1_555' title='bbox 3130 3117 3346 3173; x_wconf 85' lang='lat' dir='ltr'><strong>dicente</strong></span> 
     </span>
    </p>
   </div>
   <div class='ocr_carea' id='block_1_67' title="bbox 1772 3184 3348 3255">
    <p class='ocr_par' dir='ltr' id='par_1_67' title="bbox 1772 3184 3348 3255">
     <span class='ocr_line' id='line_1_69' title="bbox 1772 3184 3348 3255; baseline 0.001 -17"><span class='ocrx_word' id='word_1_556' title='bbox 1772 3184 2028 3255; x_wconf 75' lang='lat' dir='ltr'><strong>Apostolo</strong></span> <span class='ocrx_word' id='word_1_557' title='bbox 2060 3203 2073 3237; x_wconf 91' lang='lat'><strong>:</strong></span> <span class='ocrx_word' id='word_1_558' title='bbox 2105 3184 2367 3255; x_wconf 73' lang='lat' dir='ltr'><strong>Habemus</strong></span> <span class='ocrx_word' id='word_1_559' title='bbox 2399 3186 2689 3238; x_wconf 76' lang='lat' dir='ltr'><strong>thesaurum</strong></span> <span class='ocrx_word' id='word_1_560' title='bbox 2731 3186 2883 3238; x_wconf 81' lang='lat' dir='ltr'><strong>istum</strong></span> <span class='ocrx_word' id='word_1_561' title='bbox 2925 3186 2978 3239; x_wconf 84' lang='lat' dir='ltr'><strong>in</strong></span> <span class='ocrx_word' id='word_1_562' title='bbox 3017 3190 3151 3241; x_wconf 48' lang='lat' dir='ltr'><strong>vasis</strong></span> <span class='ocrx_word' id='word_1_563' title='bbox 3173 3188 3348 3255; x_wconf 82' lang='lat' dir='ltr'><strong>ﬁctili-</strong></span> 
     </span>
    </p>
   </div>
   <div class='ocr_carea' id='block_1_68' title="bbox 1771 3253 3347 3334">
    <p class='ocr_par' dir='ltr' id='par_1_68' title="bbox 1771 3253 3347 3334">
     <span class='ocr_line' id='line_1_70' title="bbox 1771 3253 3347 3334; baseline -0.001 -26"><span class='ocrx_word' id='word_1_564' title='bbox 1771 3253 1862 3334; x_wconf 62' lang='lat' dir='ltr'><strong>bds</strong></span> <span class='ocrx_word' id='word_1_565' title='bbox 1885 3254 1957 3334; x_wconf 87' lang='lat' dir='ltr'><strong>_(ll</strong></span> <span class='ocrx_word' id='word_1_566' title='bbox 1985 3253 2106 3308; x_wconf 87' lang='lat' dir='ltr'><strong>Cor.</strong></span> <span class='ocrx_word' id='word_1_567' title='bbox 2138 3254 2225 3322; x_wconf 69' lang='lat'><strong>4);</strong></span> <span class='ocrx_word' id='word_1_568' title='bbox 2256 3255 2569 3334; x_wconf 61' lang='lat' dir='ltr'><strong>quiubique</strong></span> <span class='ocrx_word' id='word_1_569' title='bbox 2611 3269 2707 3334; x_wconf 69' lang='lat' dir='ltr'><strong>per</strong></span> <span class='ocrx_word' id='word_1_570' title='bbox 2738 3255 2843 3334; x_wconf 68' lang='lat' dir='ltr'><strong>hoc</strong></span> <span class='ocrx_word' id='word_1_571' title='bbox 2884 3270 3078 3323; x_wconf 89' lang='lat' dir='ltr'><strong>corpus</strong></span> <span class='ocrx_word' id='word_1_572' title='bbox 3120 3253 3347 3320; x_wconf 74' lang='lat' dir='ltr'><strong>inlusus,</strong></span> 
     </span>
    </p>
   </div>
   <div class='ocr_carea' id='block_1_69' title="bbox 1771 3321 3350 3391">
    <p class='ocr_par' dir='ltr' id='par_1_69' title="bbox 1771 3321 3350 3391">
     <span class='ocr_line' id='line_1_71' title="bbox 1771 3321 3350 3391; baseline 0.001 -15"><span class='ocrx_word' id='word_1_573' title='bbox 1771 3321 1984 3376; x_wconf 88' lang='lat' dir='ltr'><strong>vitalem</strong></span> <span class='ocrx_word' id='word_1_574' title='bbox 2011 3321 2246 3386; x_wconf 86' lang='lat' dir='ltr'><strong>sensum,</strong></span> <span class='ocrx_word' id='word_1_575' title='bbox 2274 3321 2366 3391; x_wconf 78' lang='lat' dir='ltr'><strong>qui</strong></span> <span class='ocrx_word' id='word_1_576' title='bbox 2395 3321 2498 3377; x_wconf 87' lang='lat' dir='ltr'><strong>sibi</strong></span> <span class='ocrx_word' id='word_1_577' title='bbox 2527 3321 2631 3376; x_wconf 82' lang='lat' dir='ltr'><strong>non</strong></span> <span class='ocrx_word' id='word_1_578' title='bbox 2663 3321 2862 3388; x_wconf 88' lang='lat' dir='ltr'><strong>delicit,</strong></span> <span class='ocrx_word' id='word_1_579' title='bbox 2894 3321 3013 3377; x_wconf 83' lang='lat' dir='ltr'><strong>cum</strong></span> <span class='ocrx_word' id='word_1_580' title='bbox 3039 3339 3199 3377; x_wconf 86' lang='lat' dir='ltr'><strong>carne</strong></span> <span class='ocrx_word' id='word_1_581' title='bbox 3229 3341 3350 3377; x_wconf 84' lang='lat' dir='ltr'><strong>mu-</strong></span> 
     </span>
    </p>
   </div>
   <div class='ocr_carea' id='block_1_70' title="bbox 1773 3392 3347 3461">
    <p class='ocr_par' dir='ltr' id='par_1_70' title="bbox 1773 3392 3347 3461">
     <span class='ocr_line' id='line_1_72' title="bbox 1773 3392 3347 3461; baseline 0.001 -15"><span class='ocrx_word' id='word_1_582' title='bbox 1773 3400 1950 3447; x_wconf 90' lang='lat' dir='ltr'><strong>tuatus</strong></span> <span class='ocrx_word' id='word_1_583' title='bbox 1979 3401 2080 3447; x_wconf 87' lang='lat' dir='ltr'><strong>est.</strong></span> <span class='ocrx_word' id='word_1_584' title='bbox 2127 3392 2284 3459; x_wconf 81' lang='lat' dir='ltr'><strong>Regit</strong></span> <span class='ocrx_word' id='word_1_585' title='bbox 2325 3393 2456 3461; x_wconf 86' lang='lat' dir='ltr'><strong>ipse,</strong></span> <span class='ocrx_word' id='word_1_586' title='bbox 2487 3407 2599 3445; x_wconf 91' lang='lat' dir='ltr'><strong>non</strong></span> <span class='ocrx_word' id='word_1_587' title='bbox 2636 3393 2855 3458; x_wconf 85' lang='lat' dir='ltr'><strong>regitur,</strong></span> <span class='ocrx_word' id='word_1_588' title='bbox 2887 3401 2943 3446; x_wconf 90' lang='lat' dir='ltr'><strong>et</strong></span> <span class='ocrx_word' id='word_1_589' title='bbox 2970 3392 3132 3461; x_wconf 85' lang='lat' dir='ltr'><strong>habet</strong></span> <span class='ocrx_word' id='word_1_590' title='bbox 3167 3394 3347 3460; x_wconf 86' lang='lat' dir='ltr'><strong>potius</strong></span> 
     </span>
    </p>
   </div>
   <div class='ocr_carea' id='block_1_71' title="bbox 1811 3460 3346 3529">
    <p class='ocr_par' dir='ltr' id='par_1_71' title="bbox 1811 3460 3346 3529">
     <span class='ocr_line' id='line_1_73' title="bbox 1811 3460 3346 3529; baseline 0.002 -16"><span class='ocrx_word' id='word_1_591' title='bbox 1811 3476 1930 3514; x_wconf 89' lang='lat' dir='ltr'><strong>nam</strong></span> <span class='ocrx_word' id='word_1_592' title='bbox 1961 3462 2203 3524; x_wconf 90' lang='lat' dir='ltr'><strong>habetur,</strong></span> <span class='ocrx_word' id='word_1_593' title='bbox 2236 3469 2292 3514; x_wconf 94' lang='lat' dir='ltr'><strong>ut</strong></span> <span class='ocrx_word' id='word_1_594' title='bbox 2322 3460 2483 3514; x_wconf 78' lang='lat' dir='ltr'><strong>vitam</strong></span> <span class='ocrx_word' id='word_1_595' title='bbox 2517 3477 2626 3516; x_wconf 91' lang='lat' dir='ltr'><strong>non</strong></span> <span class='ocrx_word' id='word_1_596' title='bbox 2654 3461 2904 3529; x_wconf 83' lang='lat' dir='ltr'><strong>accipiat,</strong></span> <span class='ocrx_word' id='word_1_597' title='bbox 2936 3460 3030 3515; x_wconf 87' lang='lat' dir='ltr'><strong>sed</strong></span> <span class='ocrx_word' id='word_1_598' title='bbox 3055 3461 3346 3516; x_wconf 87' lang='lat' dir='ltr'><strong>ministret.</strong></span> 
     </span>
    </p>
   </div>
   <div class='ocr_carea' id='block_1_72' title="bbox 1771 3476 3347 3610">
    <p class='ocr_par' dir='ltr' id='par_1_72' title="bbox 1771 3476 3347 3610">
     <span class='ocr_line' id='line_1_74' title="bbox 1771 3476 3346 3583; baseline 0.002 -70"><span class='ocrx_word' id='word_1_599' title='bbox 1771 3476 1930 3583; x_wconf 51' lang='lat' dir='ltr'><strong>gnam</strong></span> <span class='ocrx_word' id='word_1_600' title='bbox 1961 3476 2203 3524; x_wconf 87' lang='lat' dir='ltr'><strong>nanetur,</strong></span> <span class='ocrx_word' id='word_1_601' title='bbox 2236 3476 2292 3514; x_wconf 83' lang='lat' dir='ltr'><strong>ut</strong></span> <span class='ocrx_word' id='word_1_602' title='bbox 2322 3476 2483 3514; x_wconf 78' lang='lat' dir='ltr'><strong>vitam</strong></span> <span class='ocrx_word' id='word_1_603' title='bbox 2517 3477 2626 3516; x_wconf 91' lang='lat' dir='ltr'><strong>non</strong></span> <span class='ocrx_word' id='word_1_604' title='bbox 2654 3476 2904 3529; x_wconf 72' lang='lat' dir='ltr'><strong>accupiat,</strong></span> <span class='ocrx_word' id='word_1_605' title='bbox 2936 3476 3030 3515; x_wconf 84' lang='lat' dir='ltr'><strong>seu</strong></span> <span class='ocrx_word' id='word_1_606' title='bbox 3055 3476 3346 3516; x_wconf 77' lang='lat' dir='ltr'><strong>mthtret.</strong></span> 
     </span>
     <span class='ocr_line' id='line_1_75' title="bbox 1820 3530 3347 3610; baseline 0.001 -28"><span class='ocrx_word' id='word_1_607' title='bbox 1820 3546 1902 3582; x_wconf 92' lang='lat' dir='ltr'><strong>am</strong></span> <span class='ocrx_word' id='word_1_608' title='bbox 1940 3545 2080 3610; x_wconf 39' lang='lat' dir='ltr'><strong>cum.</strong></span> <span class='ocrx_word' id='word_1_609' title='bbox 2104 3539 2371 3610; x_wconf 79' lang='lat' dir='ltr'><strong>terrenam</strong></span> <span class='ocrx_word' id='word_1_610' title='bbox 2417 3531 2574 3610; x_wconf 88' lang='lat' dir='ltr'><strong>istam</strong></span> <span class='ocrx_word' id='word_1_611' title='bbox 2622 3530 3250 3610; x_wconf 75' lang='lat' dir='ltr'><strong>pigramque_materiam</strong></span> <span class='ocrx_word' id='word_1_612' title='bbox 3291 3533 3347 3610; x_wconf 79' lang='lat' dir='ltr'><strong>in</strong></span> 
     </span>
    </p>
   </div>
   <div class='ocr_carea' id='block_1_73' title="bbox 1774 3598 3342 3667">
    <p class='ocr_par' dir='ltr' id='par_1_73' title="bbox 1774 3598 3342 3667">
     <span class='ocr_line' id='line_1_76' title="bbox 1774 3598 3342 3667; baseline 0.003 -18"><span class='ocrx_word' id='word_1_613' title='bbox 1774 3615 1925 3653; x_wconf 90' lang='lat' dir='ltr'><strong>usum</strong></span> <span class='ocrx_word' id='word_1_614' title='bbox 1957 3599 2232 3653; x_wconf 88' lang='lat' dir='ltr'><strong>ministerii</strong></span> <span class='ocrx_word' id='word_1_615' title='bbox 2257 3608 2523 3667; x_wconf 88' lang='lat' dir='ltr'><strong>sumptam</strong></span> <span class='ocrx_word' id='word_1_616' title='bbox 2562 3598 2779 3667; x_wconf 89' lang='lat' dir='ltr'><strong>spiritus</strong></span> <span class='ocrx_word' id='word_1_617' title='bbox 2808 3598 3034 3666; x_wconf 88' lang='lat' dir='ltr'><strong>liquidus</strong></span> <span class='ocrx_word' id='word_1_618' title='bbox 3061 3601 3342 3665; x_wconf 85' lang='lat' dir='ltr'><strong>animaret,</strong></span> 
     </span>
    </p>
   </div>
   <div class='ocr_carea' id='block_1_74' title="bbox 1775 3666 3348 3736">
    <p class='ocr_par' dir='ltr' id='par_1_74' title="bbox 1775 3666 3348 3736">
     <span class='ocr_line' id='line_1_77' title="bbox 1775 3666 3348 3736; baseline 0.001 -16"><span class='ocrx_word' id='word_1_619' title='bbox 1775 3666 1834 3720; x_wconf 85' lang='lat' dir='ltr'><strong>ﬁt</strong></span> <span class='ocrx_word' id='word_1_620' title='bbox 1861 3667 2108 3723; x_wconf 89' lang='lat' dir='ltr'><strong>dominus</strong></span> <span class='ocrx_word' id='word_1_621' title='bbox 2137 3666 2408 3736; x_wconf 64' lang='lat' dir='ltr'><strong>corporis,</strong></span> <span class='ocrx_word' id='word_1_622' title='bbox 2437 3684 2543 3722; x_wconf 91' lang='lat' dir='ltr'><strong>non</strong></span> <span class='ocrx_word' id='word_1_623' title='bbox 2573 3666 2733 3722; x_wconf 82' lang='lat' dir='ltr'><strong>homo</strong></span> <span class='ocrx_word' id='word_1_624' title='bbox 2773 3668 2872 3722; x_wconf 87' lang='lat' dir='ltr'><strong>sub</strong></span> <span class='ocrx_word' id='word_1_625' title='bbox 2901 3683 3145 3735; x_wconf 88' lang='lat' dir='ltr'><strong>corpore.</strong></span> <span class='ocrx_word' id='word_1_626' title='bbox 3188 3669 3348 3722; x_wconf 82' lang='lat' dir='ltr'><strong>Deni-</strong></span> 
     </span>
    </p>
   </div>
   <div class='ocr_carea' id='block_1_75' title="bbox 103 3727 3348 3806">
    <p class='ocr_par' dir='ltr' id='par_1_75' title="bbox 103 3727 3348 3806">
     <span class='ocr_line' id='line_1_78' title="bbox 103 3727 3348 3806; baseline -0 -14"><span class='ocrx_word' id='word_1_627' title='bbox 103 3748 248 3792; x_wconf 80' lang='lat' dir='ltr'><strong>sente</strong></span> <span class='ocrx_word' id='word_1_628' title='bbox 279 3749 302 3775; x_wconf 77' lang='grc' dir='ltr'>ε</span> <span class='ocrx_word' id='word_1_629' title='bbox 331 3739 383 3791; x_wconf 91' lang='lat' dir='ltr'><strong>in</strong></span> <span class='ocrx_word' id='word_1_630' title='bbox 430 3752 516 3792; x_wconf 91' lang='lat' dir='ltr'><strong>me</strong></span> <span class='ocrx_word' id='word_1_631' title='bbox 556 3752 663 3791; x_wconf 91' lang='lat' dir='ltr'><strong>non</strong></span> <span class='ocrx_word' id='word_1_632' title='bbox 705 3737 902 3790; x_wconf 91' lang='lat' dir='ltr'><strong>habeat</strong></span> <span class='ocrx_word' id='word_1_633' title='bbox 945 3727 1247 3792; x_wconf 74' lang='lat' dir='ltr'><strong>consilium.</strong></span> <span class='ocrx_word' id='word_1_634' title='bbox 1274 3727 1374 3806; x_wconf 48' lang='lat' dir='ltr'><strong>&#39;Tu</strong></span> <span class='ocrx_word' id='word_1_635' title='bbox 1398 3751 1484 3789; x_wconf 92' lang='lat' dir='ltr'><strong>me</strong></span> <span class='ocrx_word' id='word_1_636' title='bbox 1530 3727 1671 3790; x_wconf 76' lang='lat' dir='ltr'><strong>enim</strong></span> <span class='ocrx_word' id='word_1_637' title='bbox 1699 3727 1740 3786; x_wconf 87' lang='lat' dir='ltr'><strong>C</strong></span> <span class='ocrx_word' id='word_1_638' title='bbox 1773 3752 1877 3805; x_wconf 87' lang='lat' dir='ltr'><strong>que</strong></span> <span class='ocrx_word' id='word_1_639' title='bbox 1903 3737 2005 3791; x_wconf 91' lang='lat' dir='ltr'><strong>hoc</strong></span> <span class='ocrx_word' id='word_1_640' title='bbox 2031 3738 2170 3806; x_wconf 90' lang='lat' dir='ltr'><strong>quod</strong></span> <span class='ocrx_word' id='word_1_641' title='bbox 2200 3727 2308 3790; x_wconf 82' lang='lat' dir='ltr'><strong>dixi</strong></span> <span class='ocrx_word' id='word_1_642' title='bbox 2334 3727 2603 3806; x_wconf 78' lang='lat' dir='ltr'><strong>vasculum</strong></span> <span class='ocrx_word' id='word_1_643' title='bbox 2638 3739 2651 3786; x_wconf 89' lang='lat' dir='ltr'><strong>l</strong></span> <span class='ocrx_word' id='word_1_644' title='bbox 2692 3737 2808 3806; x_wconf 92' lang='lat' dir='ltr'><strong>ipso</strong></span> <span class='ocrx_word' id='word_1_645' title='bbox 2835 3737 2964 3806; x_wconf 84' lang='lat' dir='ltr'><strong>vivit</strong></span> <span class='ocrx_word' id='word_1_646' title='bbox 2986 3727 3268 3805; x_wconf 56' lang='lat' dir='ltr'><strong>prasente,</strong></span> <span class='ocrx_word' id='word_1_647' title='bbox 3291 3747 3348 3792; x_wconf 90' lang='lat' dir='ltr'><strong>et</strong></span> 
     </span>
    </p>
   </div>
   <div class='ocr_carea' id='block_1_76' title="bbox 105 3805 1672 3875">
    <p class='ocr_par' dir='ltr' id='par_1_76' title="bbox 105 3805 1672 3875">
     <span class='ocr_line' id='line_1_79' title="bbox 105 3805 1672 3875; baseline -0.002 -14"><span class='ocrx_word' id='word_1_648' title='bbox 105 3808 298 3862; x_wconf 83' lang='lat' dir='ltr'><strong>curiam</strong></span> <span class='ocrx_word' id='word_1_649' title='bbox 329 3809 534 3862; x_wconf 82' lang='lat' dir='ltr'><strong>feceras</strong></span> <span class='ocrx_word' id='word_1_650' title='bbox 565 3806 965 3875; x_wconf 85' lang='lat' dir='ltr'><strong>pr0phetarum,</strong></span> <span class='ocrx_word' id='word_1_651' title='bbox 999 3821 1102 3875; x_wconf 92' lang='lat' dir='ltr'><strong>non</strong></span> <span class='ocrx_word' id='word_1_652' title='bbox 1131 3805 1562 3860; x_wconf 88' lang='lat' dir='ltr'><strong>conventiculum</strong></span> <span class='ocrx_word' id='word_1_653' title='bbox 1600 3806 1672 3860; x_wconf 87' lang='lat' dir='ltr'><strong>si-</strong></span> 
     </span>
    </p>
   </div>
   <div class='ocr_carea' id='block_1_77' title="bbox 106 3874 1671 3930">
    <p class='ocr_par' dir='ltr' id='par_1_77' title="bbox 106 3874 1671 3930">
     <span class='ocr_line' id='line_1_80' title="bbox 106 3874 1671 3930; baseline -0.001 0"><span class='ocrx_word' id='word_1_654' title='bbox 106 3891 365 3930; x_wconf 89' lang='lat' dir='ltr'><strong>renarum.</strong></span> <span class='ocrx_word' id='word_1_655' title='bbox 406 3875 476 3928; x_wconf 81' lang='lat' dir='ltr'><strong>At</strong></span> <span class='ocrx_word' id='word_1_656' title='bbox 517 3874 676 3930; x_wconf 80' lang='lat' dir='ltr'><strong>nunc</strong></span> <span class='ocrx_word' id='word_1_657' title='bbox 702 3876 756 3928; x_wconf 92' lang='lat' dir='ltr'><strong>in</strong></span> <span class='ocrx_word' id='word_1_658' title='bbox 803 3889 890 3930; x_wconf 90' lang='lat' dir='ltr'><strong>me</strong></span> <span class='ocrx_word' id='word_1_659' title='bbox 930 3875 996 3928; x_wconf 92' lang='lat' dir='ltr'><strong>ad</strong></span> <span class='ocrx_word' id='word_1_660' title='bbox 1037 3874 1456 3929; x_wconf 89' lang='lat' dir='ltr'><strong>destructionem</strong></span> <span class='ocrx_word' id='word_1_661' title='bbox 1502 3876 1671 3929; x_wconf 89' lang='lat' dir='ltr'><strong>sancti</strong></span> 
     </span>
    </p>
   </div>
   <div class='ocr_carea' id='block_1_78' title="bbox 105 3944 1673 4013">
    <p class='ocr_par' dir='ltr' id='par_1_78' title="bbox 105 3944 1673 4013">
     <span class='ocr_line' id='line_1_81' title="bbox 105 3944 1673 4013; baseline 0 -15"><span class='ocrx_word' id='word_1_662' title='bbox 105 3955 284 3999; x_wconf 86' lang='lat' dir='ltr'><strong>contra</strong></span> <span class='ocrx_word' id='word_1_663' title='bbox 327 3960 415 3999; x_wconf 89' lang='lat' dir='ltr'><strong>me</strong></span> <span class='ocrx_word' id='word_1_664' title='bbox 444 3945 623 4013; x_wconf 88' lang='lat' dir='ltr'><strong>operis</strong></span> <span class='ocrx_word' id='word_1_665' title='bbox 669 3944 745 4013; x_wconf 81' lang='lat' dir='ltr'><strong>tui</strong></span> <span class='ocrx_word' id='word_1_666' title='bbox 773 3945 946 3998; x_wconf 91' lang='lat' dir='ltr'><strong>omnis</strong></span> <span class='ocrx_word' id='word_1_667' title='bbox 985 3944 1222 3997; x_wconf 64' lang='lat' dir='ltr'><strong>stultitiae</strong></span> <span class='ocrx_word' id='word_1_668' title='bbox 1251 3950 1470 4013; x_wconf 84' lang='lat' dir='ltr'><strong>senatus</strong></span> <span class='ocrx_word' id='word_1_669' title='bbox 1498 3944 1673 4011; x_wconf 89' lang='lat' dir='ltr'><strong>ingre-</strong></span> 
     </span>
    </p>
   </div>
   <div class='ocr_carea' id='block_1_79' title="bbox 104 4011 1674 4084">
    <p class='ocr_par' dir='ltr' id='par_1_79' title="bbox 104 4011 1674 4084">
     <span class='ocr_line' id='line_1_82' title="bbox 104 4011 1674 4084; baseline 0 -18"><span class='ocrx_word' id='word_1_670' title='bbox 104 4013 271 4082; x_wconf 88' lang='lat' dir='ltr'><strong>diens,</strong></span> <span class='ocrx_word' id='word_1_671' title='bbox 300 4011 634 4084; x_wconf 80' lang='lat' dir='ltr'><strong>quadruplici</strong></span> <span class='ocrx_word' id='word_1_672' title='bbox 665 4011 836 4084; x_wconf 81' lang='lat' dir='ltr'><strong>forma</strong></span> <span class='ocrx_word' id='word_1_673' title='bbox 877 4028 1084 4066; x_wconf 90' lang='lat' dir='ltr'><strong>mecum</strong></span> <span class='ocrx_word' id='word_1_674' title='bbox 1114 4014 1240 4081; x_wconf 85' lang='lat' dir='ltr'><strong>agit.</strong></span> <span class='ocrx_word' id='word_1_675' title='bbox 1268 4011 1402 4066; x_wconf 83' lang='lat' dir='ltr'><strong>Nam</strong></span> <span class='ocrx_word' id='word_1_676' title='bbox 1427 4013 1578 4084; x_wconf 81' lang='lat' dir='ltr'><strong>fenus</strong></span> <span class='ocrx_word' id='word_1_677' title='bbox 1606 4013 1674 4066; x_wconf 86' lang='lat' dir='ltr'><strong>de</strong></span> 
     </span>
    </p>
   </div>
   <div class='ocr_carea' id='block_1_80' title="bbox 104 4082 1674 4162">
    <p class='ocr_par' dir='ltr' id='par_1_80' title="bbox 104 4082 1674 4162">
     <span class='ocr_line' id='line_1_83' title="bbox 104 4082 1674 4162; baseline -0.002 -25"><span class='ocrx_word' id='word_1_678' title='bbox 104 4082 530 4162; x_wconf 35' lang='lat' dir='ltr'><strong>absente‘exigit,</strong></span> <span class='ocrx_word' id='word_1_679' title='bbox 558 4082 700 4162; x_wconf 71' lang='lat' dir='ltr'><strong>quod</strong></span> <span class='ocrx_word' id='word_1_680' title='bbox 725 4089 782 4162; x_wconf 82' lang='lat' dir='ltr'><strong>te_</strong></span> <span class='ocrx_word' id='word_1_681' title='bbox 795 4090 1057 4162; x_wconf 64' lang='lat' dir='ltr'><strong>praesente</strong></span> <span class='ocrx_word' id='word_1_682' title='bbox 1086 4097 1192 4162; x_wconf 64' lang='lat' dir='ltr'><strong>ndn</strong></span> <span class='ocrx_word' id='word_1_683' title='bbox 1222 4082 1586 4162; x_wconf 61' lang='lat' dir='ltr'><strong>praesumpsit,</strong></span> <span class='ocrx_word' id='word_1_684' title='bbox 1615 4088 1674 4134; x_wconf 94' lang='lat' dir='ltr'><strong>ut</strong></span> 
     </span>
    </p>
   </div>
   <div class='ocr_carea' id='block_1_81' title="bbox 105 4150 1672 4221">
    <p class='ocr_par' dir='ltr' id='par_1_81' title="bbox 105 4150 1672 4221">
     <span class='ocr_line' id='line_1_84' title="bbox 105 4150 1672 4221; baseline 0.001 -18"><span class='ocrx_word' id='word_1_685' title='bbox 105 4153 361 4221; x_wconf 81' lang='lat' dir='ltr'><strong>intelligas</strong></span> <span class='ocrx_word' id='word_1_686' title='bbox 389 4152 434 4221; x_wconf 86' lang='lat' dir='ltr'><strong>si</strong></span> <span class='ocrx_word' id='word_1_687' title='bbox 479 4151 608 4221; x_wconf 87' lang='lat' dir='ltr'><strong>quid</strong></span> <span class='ocrx_word' id='word_1_688' title='bbox 645 4150 807 4221; x_wconf 74' lang='lat' dir='ltr'><strong>apud‘</strong></span> <span class='ocrx_word' id='word_1_689' title='bbox 829 4158 883 4221; x_wconf 89' lang='lat' dir='ltr'><strong>te</strong></span> <span class='ocrx_word' id='word_1_690' title='bbox 923 4150 1093 4221; x_wconf 63' lang='lat' dir='ltr'><strong>juxta</strong></span> <span class='ocrx_word' id='word_1_691' title='bbox 1119 4150 1284 4204; x_wconf 89' lang='lat' dir='ltr'><strong>Deum</strong></span> <span class='ocrx_word' id='word_1_692' title='bbox 1323 4150 1494 4221; x_wconf 83' lang='lat' dir='ltr'><strong>sapui,</strong></span> <span class='ocrx_word' id='word_1_693' title='bbox 1516 4159 1672 4221; x_wconf 76' lang='lat' dir='ltr'><strong>tuum</strong></span> 
     </span>
    </p>
   </div>
   <div class='ocr_carea' id='block_1_82' title="bbox 106 4218 1675 4289">
    <p class='ocr_par' dir='ltr' id='par_1_82' title="bbox 106 4218 1675 4289">
     <span class='ocr_line' id='line_1_85' title="bbox 106 4218 1675 4289; baseline -0.001 -15"><span class='ocrx_word' id='word_1_694' title='bbox 106 4219 262 4289; x_wconf 57' lang='lat' dir='ltr'><strong>iubae</strong></span> <span class='ocrx_word' id='word_1_695' title='bbox 275 4218 432 4289; x_wconf 80' lang='lat' dir='ltr'><strong>quod</strong></span> <span class='ocrx_word' id='word_1_696' title='bbox 454 4218 634 4289; x_wconf 71' lang='lat' dir='ltr'><strong>sapui.</strong></span> <span class='ocrx_word' id='word_1_697' title='bbox 665 4218 756 4274; x_wconf 90' lang='lat' dir='ltr'><strong>Sic</strong></span> <span class='ocrx_word' id='word_1_698' title='bbox 798 4220 1020 4289; x_wconf 77' lang='lat' dir='ltr'><strong>absente</strong></span> <span class='ocrx_word' id='word_1_699' title='bbox 1046 4218 1228 4289; x_wconf 83' lang='lat' dir='ltr'><strong>Moyse</strong></span> <span class='ocrx_word' id='word_1_700' title='bbox 1258 4218 1485 4289; x_wconf 72' lang='lat' dir='ltr'><strong>pppqus</strong></span> <span class='ocrx_word' id='word_1_701' title='bbox 1513 4219 1675 4289; x_wconf 79' lang='lat' dir='ltr'><strong>Israel</strong></span> 
     </span>
    </p>
   </div>
   <div class='ocr_carea' id='block_1_83' title="bbox 105 4287 1674 4359">
    <p class='ocr_par' dir='ltr' id='par_1_83' title="bbox 105 4287 1674 4359">
     <span class='ocr_line' id='line_1_86' title="bbox 105 4287 1674 4359; baseline 0.001 -19"><span class='ocrx_word' id='word_1_702' title='bbox 105 4287 393 4344; x_wconf 77' lang='lat' dir='ltr'><strong>fornicatur</strong></span> <span class='ocrx_word' id='word_1_703' title='bbox 420 4287 614 4359; x_wconf 70' lang='lat' dir='ltr'><strong>(Exod.</strong></span> <span class='ocrx_word' id='word_1_704' title='bbox 657 4287 860 4356; x_wconf 86' lang='lat' dir='ltr'><strong>xxxu);</strong></span> <span class='ocrx_word' id='word_1_705' title='bbox 890 4289 968 4343; x_wconf 92' lang='lat' dir='ltr'><strong>sic</strong></span> <span class='ocrx_word' id='word_1_706' title='bbox 996 4289 1051 4342; x_wconf 87' lang='lat' dir='ltr'><strong>in</strong></span> <span class='ocrx_word' id='word_1_707' title='bbox 1077 4287 1498 4359; x_wconf 31' lang='lat' dir='ltr'><strong>_navi,’DoI_nino</strong></span> <span class='ocrx_word' id='word_1_708' title='bbox 1545 4288 1674 4359; x_wconf 84' lang='lat' dir='ltr'><strong>dor-</strong></span> 
     </span>
    </p>
   </div>
   <div class='ocr_carea' id='block_1_84' title="bbox 106 4356 1671 4426">
    <p class='ocr_par' dir='ltr' id='par_1_84' title="bbox 106 4356 1671 4426">
     <span class='ocr_line' id='line_1_87' title="bbox 106 4356 1671 4426; baseline -0.001 -16"><span class='ocrx_word' id='word_1_709' title='bbox 106 4359 319 4420; x_wconf 86' lang='lat' dir='ltr'><strong>miente,</strong></span> <span class='ocrx_word' id='word_1_710' title='bbox 364 4356 597 4426; x_wconf 84' lang='lat' dir='ltr'><strong>apostoli</strong></span> <span class='ocrx_word' id='word_1_711' title='bbox 624 4364 942 4426; x_wconf 87' lang='lat' dir='ltr'><strong>tempestate</strong></span> <span class='ocrx_word' id='word_1_712' title='bbox 988 4357 1269 4412; x_wconf 89' lang='lat' dir='ltr'><strong>turbantur</strong></span> <span class='ocrx_word' id='word_1_713' title='bbox 1294 4356 1509 4426; x_wconf 65' lang='lat' dir='ltr'><strong>(Matth.</strong></span> <span class='ocrx_word' id='word_1_714' title='bbox 1537 4357 1671 4426; x_wconf 88' lang='lat' dir='ltr'><strong>vm).</strong></span> 
     </span>
    </p>
   </div>
   <div class='ocr_carea' id='block_1_85' title="bbox 105 4425 1675 4496">
    <p class='ocr_par' dir='ltr' id='par_1_85' title="bbox 105 4425 1675 4496">
     <span class='ocr_line' id='line_1_88' title="bbox 105 4425 1675 4496; baseline 0.001 -17"><span class='ocrx_word' id='word_1_715' title='bbox 105 4426 188 4482; x_wconf 83' lang='lat' dir='ltr'><strong>Sic</strong></span> <span class='ocrx_word' id='word_1_716' title='bbox 226 4429 281 4482; x_wconf 89' lang='lat' dir='ltr'><strong>in</strong></span> <span class='ocrx_word' id='word_1_717' title='bbox 327 4425 611 4482; x_wconf 86' lang='lat' dir='ltr'><strong>Bethsaide</strong></span> <span class='ocrx_word' id='word_1_718' title='bbox 649 4425 941 4496; x_wconf 80' lang='lat' dir='ltr'><strong>porticibus</strong></span> <span class='ocrx_word' id='word_1_719' title='bbox 967 4427 1239 4496; x_wconf 90' lang='lat' dir='ltr'><strong>hominem</strong></span> <span class='ocrx_word' id='word_1_720' title='bbox 1285 4425 1310 4462; x_wconf 31' lang='grc' dir='ltr'><strong>τί</strong></span> <span class='ocrx_word' id='word_1_721' title='bbox 1337 4441 1445 4496; x_wconf 84' lang='lat' dir='ltr'><strong>non</strong></span> <span class='ocrx_word' id='word_1_722' title='bbox 1473 4425 1675 4496; x_wconf 88' lang='lat' dir='ltr'><strong>haben-</strong></span> 
     </span>
    </p>
   </div>
   <div class='ocr_carea' id='block_1_86' title="bbox 107 4493 1671 4566">
    <p class='ocr_par' dir='ltr' id='par_1_86' title="bbox 107 4493 1671 4566">
     <span class='ocr_line' id='line_1_89' title="bbox 107 4493 1671 4566; baseline -0.003 -15"><span class='ocrx_word' id='word_1_723' title='bbox 107 4502 208 4566; x_wconf 78' lang='lat' dir='ltr'><strong>tem</strong></span> <span class='ocrx_word' id='word_1_724' title='bbox 261 4511 458 4564; x_wconf 85' lang='lat' dir='ltr'><strong>aquam</strong></span> <span class='ocrx_word' id='word_1_725' title='bbox 499 4493 717 4566; x_wconf 73' lang='lat' dir='ltr'><strong>piscinae</strong></span> <span class='ocrx_word' id='word_1_726' title='bbox 765 4495 1016 4566; x_wconf 78' lang='lat' dir='ltr'><strong>salutaris</strong></span> <span class='ocrx_word' id='word_1_727' title='bbox 1064 4496 1289 4566; x_wconf 75' lang='lat' dir='ltr'><strong>ignorat</strong></span> <span class='ocrx_word' id='word_1_728' title='bbox 1325 4493 1521 4566; x_wconf 79' lang='lat' dir='ltr'><strong>(Joun.</strong></span> <span class='ocrx_word' id='word_1_729' title='bbox 1554 4511 1607 4566; x_wconf 92' lang='lat' dir='ltr'><strong>_v</strong></span> <span class='ocrx_word' id='word_1_730' title='bbox 1632 4494 1671 4564; x_wconf 93' lang='lat'><strong>).</strong></span> 
     </span>
    </p>
   </div>
   <div class='ocr_carea' id='block_1_87' title="bbox 107 4563 1678 4633">
    <p class='ocr_par' dir='ltr' id='par_1_87' title="bbox 107 4563 1678 4633">
     <span class='ocr_line' id='line_1_90' title="bbox 107 4563 1678 4633; baseline -0.001 -15"><span class='ocrx_word' id='word_1_731' title='bbox 107 4571 131 4609; x_wconf 77' lang='grc' dir='ltr'>ι</span> <span class='ocrx_word' id='word_1_732' title='bbox 149 4563 417 4630; x_wconf 79' lang='lat' dir='ltr'><strong>Quantum</strong></span> <span class='ocrx_word' id='word_1_733' title='bbox 444 4563 517 4619; x_wconf 59' lang='lat' dir='ltr'><strong>et&#39;</strong></span> <span class='ocrx_word' id='word_1_734' title='bbox 528 4565 614 4619; x_wconf 92' lang='lat' dir='ltr'><strong>hic</strong></span> <span class='ocrx_word' id='word_1_735' title='bbox 636 4563 782 4619; x_wconf 88' lang='lat' dir='ltr'><strong>aliud</strong></span> <span class='ocrx_word' id='word_1_736' title='bbox 824 4579 992 4632; x_wconf 89' lang='lat' dir='ltr'><strong>genus</strong></span> <span class='ocrx_word' id='word_1_737' title='bbox 1017 4563 1189 4633; x_wconf 67' lang='lat' dir='ltr'><strong>culpa:</strong></span> <span class='ocrx_word' id='word_1_738' title='bbox 1229 4563 1522 4618; x_wconf 82' lang='lat' dir='ltr'><strong>advertam.</strong></span> <span class='ocrx_word' id='word_1_739' title='bbox 1545 4563 1678 4617; x_wconf 87' lang='lat' dir='ltr'><strong>Cor-</strong></span> 
     </span>
    </p>
   </div>
   <div class='ocr_carea' id='block_1_88' title="bbox 235 4632 1675 4702">
    <p class='ocr_par' dir='ltr' id='par_1_88' title="bbox 235 4632 1675 4702">
     <span class='ocr_line' id='line_1_91' title="bbox 235 4632 1675 4702; baseline -0.002 -14"><span class='ocrx_word' id='word_1_740' title='bbox 235 4635 384 4688; x_wconf 87' lang='lat' dir='ltr'><strong>ulnm</strong></span> <span class='ocrx_word' id='word_1_741' title='bbox 409 4634 626 4702; x_wconf 82' lang='lat' dir='ltr'><strong>curavi,</strong></span> <span class='ocrx_word' id='word_1_742' title='bbox 657 4648 778 4689; x_wconf 90' lang='lat' dir='ltr'><strong>cum</strong></span> <span class='ocrx_word' id='word_1_743' title='bbox 808 4635 984 4687; x_wconf 88' lang='lat' dir='ltr'><strong>anima</strong></span> <span class='ocrx_word' id='word_1_744' title='bbox 1011 4632 1324 4702; x_wconf 77' lang='lat' dir='ltr'><strong>langueret;</strong></span> <span class='ocrx_word' id='word_1_745' title='bbox 1353 4633 1675 4686; x_wconf 80' lang='lat' dir='ltr'><strong>exteriorem</strong></span> 
     </span>
    </p>
   </div>
   <div class='ocr_carea' id='block_1_89' title="bbox 141 4701 1681 4769">
    <p class='ocr_par' dir='ltr' id='par_1_89' title="bbox 141 4701 1681 4769">
     <span class='ocr_line' id='line_1_92' title="bbox 141 4701 1681 4769; baseline -0.001 -13"><span class='ocrx_word' id='word_1_746' title='bbox 141 4701 373 4756; x_wconf 85' lang='lat' dir='ltr'><strong>nminem</strong></span> <span class='ocrx_word' id='word_1_747' title='bbox 396 4701 525 4765; x_wconf 80' lang='lat' dir='ltr'><strong>fovi,</strong></span> <span class='ocrx_word' id='word_1_748' title='bbox 548 4718 668 4758; x_wconf 89' lang='lat' dir='ltr'><strong>cum</strong></span> <span class='ocrx_word' id='word_1_749' title='bbox 698 4703 920 4756; x_wconf 89' lang='lat' dir='ltr'><strong>interior</strong></span> <span class='ocrx_word' id='word_1_750' title='bbox 939 4701 1223 4769; x_wconf 77' lang='lat' dir='ltr'><strong>:egrotaret</strong></span> <span class='ocrx_word' id='word_1_751' title='bbox 1249 4719 1261 4754; x_wconf 89' lang='lat'><strong>:</strong></span> <span class='ocrx_word' id='word_1_752' title='bbox 1288 4702 1535 4755; x_wconf 89' lang='lat' dir='ltr'><strong>humanis</strong></span> <span class='ocrx_word' id='word_1_753' title='bbox 1561 4702 1681 4755; x_wconf 83' lang='lat' dir='ltr'><strong>sub-</strong></span> 
     </span>
    </p>
   </div>
   <div class='ocr_carea' id='block_1_90' title="bbox 110 4770 1681 4840">
    <p class='ocr_par' dir='ltr' id='par_1_90' title="bbox 110 4770 1681 4840">
     <span class='ocr_line' id='line_1_93' title="bbox 110 4770 1681 4840; baseline -0.003 -15"><span class='ocrx_word' id='word_1_754' title='bbox 110 4771 242 4840; x_wconf 76' lang='lat' dir='ltr'><strong>veni,</strong></span> <span class='ocrx_word' id='word_1_755' title='bbox 273 4786 406 4840; x_wconf 76' lang='lat' dir='ltr'><strong>cum</strong></span> <span class='ocrx_word' id='word_1_756' title='bbox 436 4770 614 4824; x_wconf 83' lang='lat' dir='ltr'><strong>divina</strong></span> <span class='ocrx_word' id='word_1_757' title='bbox 638 4770 963 4838; x_wconf 88' lang='lat' dir='ltr'><strong>laborarent,</strong></span> <span class='ocrx_word' id='word_1_758' title='bbox 993 4771 1120 4825; x_wconf 84' lang='lat' dir='ltr'><strong>vitio</strong></span> <span class='ocrx_word' id='word_1_759' title='bbox 1144 4771 1366 4840; x_wconf 74' lang='lat' dir='ltr'><strong>publica:</strong></span> <span class='ocrx_word' id='word_1_760' title='bbox 1393 4777 1681 4840; x_wconf 87' lang='lat' dir='ltr'><strong>consuetu-</strong></span> 
     </span>
    </p>
   </div>
   <div class='ocr_carea' id='block_1_91' title="bbox 109 4838 1675 4908">
    <p class='ocr_par' dir='ltr' id='par_1_91' title="bbox 109 4838 1675 4908">
     <span class='ocr_line' id='line_1_94' title="bbox 109 4838 1675 4908; baseline -0.003 -13"><span class='ocrx_word' id='word_1_761' title='bbox 109 4839 240 4895; x_wconf 77' lang='lat' dir='ltr'><strong>dinis</strong></span> <span class='ocrx_word' id='word_1_762' title='bbox 268 4838 573 4905; x_wconf 82' lang='lat' dir='ltr'><strong>inclinatus,</strong></span> <span class='ocrx_word' id='word_1_763' title='bbox 604 4854 711 4908; x_wconf 89' lang='lat' dir='ltr'><strong>quo</strong></span> <span class='ocrx_word' id='word_1_764' title='bbox 739 4855 926 4894; x_wconf 89' lang='lat' dir='ltr'><strong>omnes</strong></span> <span class='ocrx_word' id='word_1_765' title='bbox 952 4838 1157 4894; x_wconf 53' lang='lat' dir='ltr'><strong>sumus&#39;</strong></span> <span class='ocrx_word' id='word_1_766' title='bbox 1175 4840 1227 4892; x_wconf 92' lang='lat' dir='ltr'><strong>in</strong></span> <span class='ocrx_word' id='word_1_767' title='bbox 1256 4841 1489 4894; x_wconf 88' lang='lat' dir='ltr'><strong>minimis</strong></span> <span class='ocrx_word' id='word_1_768' title='bbox 1515 4839 1675 4904; x_wconf 86' lang='lat' dir='ltr'><strong>cauti,</strong></span> 
     </span>
    </p>
   </div>
   <div class='ocr_carea' id='block_1_92' title="bbox 110 4908 1678 4978">
    <p class='ocr_par' dir='ltr' id='par_1_92' title="bbox 110 4908 1678 4978">
     <span class='ocr_line' id='line_1_95' title="bbox 110 4908 1678 4978; baseline 0 -16"><span class='ocrx_word' id='word_1_769' title='bbox 110 4917 160 4962; x_wconf 82' lang='lat' dir='ltr'><strong>et</strong></span> <span class='ocrx_word' id='word_1_770' title='bbox 185 4909 239 4964; x_wconf 84' lang='lat' dir='ltr'><strong>in</strong></span> <span class='ocrx_word' id='word_1_771' title='bbox 267 4909 518 4962; x_wconf 79' lang='lat' dir='ltr'><strong>maximis</strong></span> <span class='ocrx_word' id='word_1_772' title='bbox 547 4910 891 4978; x_wconf 82' lang='lat' dir='ltr'><strong>negligentes.</strong></span> <span class='ocrx_word' id='word_1_773' title='bbox 924 4908 1143 4978; x_wconf 83' lang='lat' dir='ltr'><strong>Hocque</strong></span> <span class='ocrx_word' id='word_1_774' title='bbox 1168 4909 1290 4962; x_wconf 91' lang='lat' dir='ltr'><strong>ideo</strong></span> <span class='ocrx_word' id='word_1_775' title='bbox 1319 4908 1406 4978; x_wconf 83' lang='lat' dir='ltr'><strong>lit,</strong></span> <span class='ocrx_word' id='word_1_776' title='bbox 1437 4911 1561 4978; x_wconf 84' lang='lat' dir='ltr'><strong>quia</strong></span> <span class='ocrx_word' id='word_1_777' title='bbox 1590 4909 1678 4962; x_wconf 91' lang='lat' dir='ltr'><strong>ubi</strong></span> 
     </span>
    </p>
   </div>
   <div class='ocr_carea' id='block_1_93' title="bbox 112 4976 1682 5048">
    <p class='ocr_par' dir='ltr' id='par_1_93' title="bbox 112 4976 1682 5048">
     <span class='ocr_line' id='line_1_96' title="bbox 112 4976 1682 5048; baseline -0.001 -15"><span class='ocrx_word' id='word_1_778' title='bbox 112 4991 228 5048; x_wconf 65' lang='lat' dir='ltr'><strong>vera</strong></span> <span class='ocrx_word' id='word_1_779' title='bbox 257 4978 367 5048; x_wconf 81' lang='lat' dir='ltr'><strong>vita</strong></span> <span class='ocrx_word' id='word_1_780' title='bbox 388 4977 467 5048; x_wconf 82' lang='lat' dir='ltr'><strong>sit</strong></span> <span class='ocrx_word' id='word_1_781' title='bbox 490 4976 812 5048; x_wconf 81' lang='lat' dir='ltr'><strong>ignoramus.</strong></span> <span class='ocrx_word' id='word_1_782' title='bbox 851 4976 1007 5048; x_wconf 61' lang='lat'><strong>125.</strong></span> <span class='ocrx_word' id='word_1_783' title='bbox 1023 4977 1176 5031; x_wconf 84' lang='lat' dir='ltr'><strong>Fallit</strong></span> <span class='ocrx_word' id='word_1_784' title='bbox 1203 4993 1301 5032; x_wconf 91' lang='lat' dir='ltr'><strong>nos</strong></span> <span class='ocrx_word' id='word_1_785' title='bbox 1325 4976 1573 5033; x_wconf 84' lang='lat' dir='ltr'><strong>videlicet</strong></span> <span class='ocrx_word' id='word_1_786' title='bbox 1600 4978 1682 5031; x_wconf 88' lang='lat' dir='ltr'><strong>sol</strong></span> 
     </span>
    </p>
   </div>
   <div class='ocr_carea' id='block_1_94' title="bbox 113 5046 1677 5115">
    <p class='ocr_par' dir='ltr' id='par_1_94' title="bbox 113 5046 1677 5115">
     <span class='ocr_line' id='line_1_97' title="bbox 113 5046 1677 5115; baseline -0.001 -15"><span class='ocrx_word' id='word_1_787' title='bbox 113 5047 258 5115; x_wconf 67' lang='lat' dir='ltr'><strong>iste,</strong></span> <span class='ocrx_word' id='word_1_788' title='bbox 279 5046 481 5115; x_wconf 83' lang='lat' dir='ltr'><strong>decipit</strong></span> <span class='ocrx_word' id='word_1_789' title='bbox 524 5047 642 5115; x_wconf 86' lang='lat' dir='ltr'><strong>dies</strong></span> <span class='ocrx_word' id='word_1_790' title='bbox 682 5047 804 5112; x_wconf 88' lang='lat' dir='ltr'><strong>ista,</strong></span> <span class='ocrx_word' id='word_1_791' title='bbox 854 5046 1055 5101; x_wconf 61' lang='lat' dir='ltr'><strong>tractus</strong></span> <span class='ocrx_word' id='word_1_792' title='bbox 1078 5057 1174 5101; x_wconf 77' lang='lat' dir='ltr'><strong>nes</strong></span> <span class='ocrx_word' id='word_1_793' title='bbox 1194 5048 1295 5101; x_wconf 87' lang='lat' dir='ltr'><strong>iste</strong></span> <span class='ocrx_word' id='word_1_794' title='bbox 1313 5047 1677 5103; x_wconf 87' lang='lat' dir='ltr'><strong>circumvenit.</strong></span> 
     </span>
    </p>
   </div>
   <div class='ocr_carea' id='block_1_95' title="bbox 1774 3805 3344 3874">
    <p class='ocr_par' dir='ltr' id='par_1_95' title="bbox 1774 3805 3344 3874">
     <span class='ocr_line' id='line_1_98' title="bbox 1774 3805 3344 3874; baseline 0 -15"><span class='ocrx_word' id='word_1_795' title='bbox 1774 3807 1890 3874; x_wconf 86' lang='lat' dir='ltr'><strong>ipso</strong></span> <span class='ocrx_word' id='word_1_796' title='bbox 1913 3805 2137 3860; x_wconf 84' lang='lat' dir='ltr'><strong>moritur</strong></span> <span class='ocrx_word' id='word_1_797' title='bbox 2159 3807 2407 3860; x_wconf 89' lang='lat' dir='ltr'><strong>abeunte.</strong></span> <span class='ocrx_word' id='word_1_798' title='bbox 2437 3805 2531 3860; x_wconf 89' lang='lat' dir='ltr'><strong>Hic</strong></span> <span class='ocrx_word' id='word_1_799' title='bbox 2558 3817 2684 3872; x_wconf 85' lang='lat' dir='ltr'><strong>ergo</strong></span> <span class='ocrx_word' id='word_1_800' title='bbox 2705 3813 2758 3859; x_wconf 92' lang='lat' dir='ltr'><strong>et</strong></span> <span class='ocrx_word' id='word_1_801' title='bbox 2779 3805 2998 3860; x_wconf 86' lang='lat' dir='ltr'><strong>visibilis</strong></span> <span class='ocrx_word' id='word_1_802' title='bbox 3017 3815 3071 3859; x_wconf 91' lang='lat' dir='ltr'><strong>et</strong></span> <span class='ocrx_word' id='word_1_803' title='bbox 3093 3806 3344 3868; x_wconf 79' lang='lat' dir='ltr'><strong>caducus,</strong></span> 
     </span>
    </p>
   </div>
   <div class='ocr_carea' id='block_1_96' title="bbox 1774 3875 3354 3942">
    <p class='ocr_par' dir='ltr' id='par_1_96' title="bbox 1774 3875 3354 3942">
     <span class='ocr_line' id='line_1_99' title="bbox 1774 3875 3354 3942; baseline 0.001 -14"><span class='ocrx_word' id='word_1_804' title='bbox 1774 3875 1912 3928; x_wconf 90' lang='lat' dir='ltr'><strong>illius</strong></span> <span class='ocrx_word' id='word_1_805' title='bbox 1943 3875 2209 3929; x_wconf 87' lang='lat' dir='ltr'><strong>interioris</strong></span> <span class='ocrx_word' id='word_1_806' title='bbox 2236 3876 2318 3928; x_wconf 92' lang='lat' dir='ltr'><strong>vel</strong></span> <span class='ocrx_word' id='word_1_807' title='bbox 2343 3876 2621 3937; x_wconf 88' lang='lat' dir='ltr'><strong>habitatio,</strong></span> <span class='ocrx_word' id='word_1_808' title='bbox 2653 3875 2734 3930; x_wconf 87' lang='lat' dir='ltr'><strong>vel</strong></span> <span class='ocrx_word' id='word_1_809' title='bbox 2764 3875 3020 3935; x_wconf 88' lang='lat' dir='ltr'><strong>minister,</strong></span> <span class='ocrx_word' id='word_1_810' title='bbox 3045 3875 3129 3929; x_wconf 86' lang='lat' dir='ltr'><strong>vel</strong></span> <span class='ocrx_word' id='word_1_811' title='bbox 3158 3875 3354 3942; x_wconf 76' lang='lat' dir='ltr'><strong>vagina</strong></span> 
     </span>
    </p>
   </div>
   <div class='ocr_carea' id='block_1_97' title="bbox 1775 3942 3350 4023">
    <p class='ocr_par' dir='ltr' id='par_1_97' title="bbox 1775 3942 3350 4023">
     <span class='ocr_line' id='line_1_100' title="bbox 1775 3942 3350 4023; baseline 0 -25"><span class='ocrx_word' id='word_1_812' title='bbox 1775 3952 1876 3998; x_wconf 87' lang='lat' dir='ltr'><strong>est.</strong></span> <span class='ocrx_word' id='word_1_813' title='bbox 1896 3944 2194 4023; x_wconf 75' lang='lat' dir='ltr'><strong>ipse_vero,</strong></span> <span class='ocrx_word' id='word_1_814' title='bbox 2222 3945 2315 4023; x_wconf 77' lang='lat' dir='ltr'><strong>qui</strong></span> <span class='ocrx_word' id='word_1_815' title='bbox 2343 3959 2470 4023; x_wconf 72' lang='lat' dir='ltr'><strong>vere</strong></span> <span class='ocrx_word' id='word_1_816' title='bbox 2502 3951 2584 3998; x_wconf 68' lang='lat' dir='ltr'><strong>Cal</strong></span> <span class='ocrx_word' id='word_1_817' title='bbox 2612 3943 2797 4023; x_wconf 79' lang='lat' dir='ltr'><strong>homo,</strong></span> <span class='ocrx_word' id='word_1_818' title='bbox 2827 3942 2851 3980; x_wconf 73' lang='grc' dir='ltr'><strong>ιι</strong></span> <span class='ocrx_word' id='word_1_819' title='bbox 2881 3944 3350 4023; x_wconf 58' lang='lat' dir='ltr'><strong>quoniam_s_i_t__sc-</strong></span> 
     </span>
    </p>
   </div>
   <div class='ocr_carea' id='block_1_98' title="bbox 1773 4012 3348 4081">
    <p class='ocr_par' dir='ltr' id='par_1_98' title="bbox 1773 4012 3348 4081">
     <span class='ocr_line' id='line_1_101' title="bbox 1773 4012 3348 4081; baseline 0.001 -15"><span class='ocrx_word' id='word_1_820' title='bbox 1773 4014 1998 4076; x_wconf 88' lang='lat' dir='ltr'><strong>cundus,</strong></span> <span class='ocrx_word' id='word_1_821' title='bbox 2022 4012 2173 4067; x_wconf 66' lang='lat' dir='ltr'><strong>facte</strong></span> <span class='ocrx_word' id='word_1_822' title='bbox 2202 4013 2477 4067; x_wconf 90' lang='lat' dir='ltr'><strong>divisionis</strong></span> <span class='ocrx_word' id='word_1_823' title='bbox 2502 4023 2583 4066; x_wconf 90' lang='lat' dir='ltr'><strong>est</strong></span> <span class='ocrx_word' id='word_1_824' title='bbox 2614 4013 2788 4075; x_wconf 86' lang='lat' dir='ltr'><strong>locus;</strong></span> <span class='ocrx_word' id='word_1_825' title='bbox 2816 4029 2877 4066; x_wconf 80' lang='lat' dir='ltr'><strong>ut</strong></span> <span class='ocrx_word' id='word_1_826' title='bbox 2904 4012 3016 4081; x_wconf 89' lang='lat' dir='ltr'><strong>ipse</strong></span> <span class='ocrx_word' id='word_1_827' title='bbox 3044 4013 3348 4081; x_wconf 80' lang='lat' dir='ltr'><strong>invisibilis,</strong></span> 
     </span>
    </p>
   </div>
   <div class='ocr_carea' id='block_1_99' title="bbox 1775 4079 3352 4150">
    <p class='ocr_par' dir='ltr' id='par_1_99' title="bbox 1775 4079 3352 4150">
     <span class='ocr_line' id='line_1_102' title="bbox 1775 4079 3352 4150; baseline 0 -15"><span class='ocrx_word' id='word_1_828' title='bbox 1775 4081 1846 4135; x_wconf 90' lang='lat' dir='ltr'><strong>ita</strong></span> <span class='ocrx_word' id='word_1_829' title='bbox 1876 4084 2055 4136; x_wconf 90' lang='lat' dir='ltr'><strong>omnia</strong></span> <span class='ocrx_word' id='word_1_830' title='bbox 2084 4081 2196 4150; x_wconf 84' lang='lat' dir='ltr'><strong>ejus</strong></span> <span class='ocrx_word' id='word_1_831' title='bbox 2227 4082 2511 4135; x_wconf 87' lang='lat' dir='ltr'><strong>invisibilia</strong></span> <span class='ocrx_word' id='word_1_832' title='bbox 2531 4083 2635 4134; x_wconf 90' lang='lat' dir='ltr'><strong>sint</strong></span> <span class='ocrx_word' id='word_1_833' title='bbox 2668 4096 2885 4135; x_wconf 89' lang='lat' dir='ltr'><strong>necesse</strong></span> <span class='ocrx_word' id='word_1_834' title='bbox 2913 4079 3015 4135; x_wconf 71' lang='lat' dir='ltr'><strong>est.</strong></span> <span class='ocrx_word' id='word_1_835' title='bbox 3041 4079 3157 4150; x_wconf 85' lang='lat' dir='ltr'><strong>Non</strong></span> <span class='ocrx_word' id='word_1_836' title='bbox 3187 4081 3256 4134; x_wconf 88' lang='lat' dir='ltr'><strong>ad</strong></span> <span class='ocrx_word' id='word_1_837' title='bbox 3285 4082 3352 4136; x_wconf 79' lang='lat' dir='ltr'><strong>il-</strong></span> 
     </span>
    </p>
   </div>
   <div class='ocr_carea' id='block_1_100' title="bbox 1775 4149 3344 4218">
    <p class='ocr_par' dir='ltr' id='par_1_100' title="bbox 1775 4149 3344 4218">
     <span class='ocr_line' id='line_1_103' title="bbox 1775 4149 3344 4218; baseline -0.001 -14"><span class='ocrx_word' id='word_1_838' title='bbox 1775 4151 1902 4213; x_wconf 90' lang='lat' dir='ltr'><strong>lum,</strong></span> <span class='ocrx_word' id='word_1_839' title='bbox 1935 4152 1978 4205; x_wconf 92' lang='lat' dir='ltr'><strong>si</strong></span> <span class='ocrx_word' id='word_1_840' title='bbox 2004 4149 2244 4218; x_wconf 60' lang='lat' dir='ltr'><strong>aegretat,</strong></span> <span class='ocrx_word' id='word_1_841' title='bbox 2289 4165 2478 4204; x_wconf 90' lang='lat' dir='ltr'><strong>manus</strong></span> <span class='ocrx_word' id='word_1_842' title='bbox 2504 4153 2647 4218; x_wconf 87' lang='lat' dir='ltr'><strong>valet</strong></span> <span class='ocrx_word' id='word_1_843' title='bbox 2673 4149 2956 4217; x_wconf 82' lang='lat' dir='ltr'><strong>pervenire</strong></span> <span class='ocrx_word' id='word_1_844' title='bbox 2986 4149 3344 4218; x_wconf 83' lang='lat' dir='ltr'><strong>medicorum;</strong></span> 
     </span>
    </p>
   </div>
   <div class='ocr_carea' id='block_1_101' title="bbox 1776 4217 3349 4286">
    <p class='ocr_par' dir='ltr' id='par_1_101' title="bbox 1776 4217 3349 4286">
     <span class='ocr_line' id='line_1_104' title="bbox 1776 4217 3349 4286; baseline -0.001 -13"><span class='ocrx_word' id='word_1_845' title='bbox 1776 4235 1883 4274; x_wconf 90' lang='lat' dir='ltr'><strong>non</strong></span> <span class='ocrx_word' id='word_1_846' title='bbox 1913 4217 2196 4274; x_wconf 88' lang='lat' dir='ltr'><strong>herbarum</strong></span> <span class='ocrx_word' id='word_1_847' title='bbox 2237 4221 2441 4284; x_wconf 84' lang='lat' dir='ltr'><strong>succis,</strong></span> <span class='ocrx_word' id='word_1_848' title='bbox 2473 4220 2517 4274; x_wconf 90' lang='lat' dir='ltr'><strong>si</strong></span> <span class='ocrx_word' id='word_1_849' title='bbox 2548 4217 2756 4283; x_wconf 83' lang='lat' dir='ltr'><strong>deﬁcit,</strong></span> <span class='ocrx_word' id='word_1_850' title='bbox 2786 4229 3085 4286; x_wconf 82' lang='lat' dir='ltr'><strong>reparatur.</strong></span> <span class='ocrx_word' id='word_1_851' title='bbox 3115 4217 3253 4272; x_wconf 85' lang='lat' dir='ltr'><strong>Nihil</strong></span> <span class='ocrx_word' id='word_1_852' title='bbox 3282 4220 3349 4272; x_wconf 90' lang='lat' dir='ltr'><strong>ad</strong></span> 
     </span>
    </p>
   </div>
   <div class='ocr_carea' id='block_1_102' title="bbox 1775 4287 3353 4358">
    <p class='ocr_par' dir='ltr' id='par_1_102' title="bbox 1775 4287 3353 4358">
     <span class='ocr_line' id='line_1_105' title="bbox 1775 4287 3353 4358; baseline -0.001 -15"><span class='ocrx_word' id='word_1_853' title='bbox 1775 4303 1896 4343; x_wconf 90' lang='lat' dir='ltr'><strong>eum</strong></span> <span class='ocrx_word' id='word_1_854' title='bbox 1937 4304 2256 4358; x_wconf 89' lang='lat' dir='ltr'><strong>corporeum</strong></span> <span class='ocrx_word' id='word_1_855' title='bbox 2304 4291 2504 4343; x_wconf 88' lang='lat' dir='ltr'><strong>intrare</strong></span> <span class='ocrx_word' id='word_1_856' title='bbox 2550 4297 2756 4358; x_wconf 87' lang='lat' dir='ltr'><strong>potest;</strong></span> <span class='ocrx_word' id='word_1_857' title='bbox 2787 4287 3098 4342; x_wconf 70' lang='lat' dir='ltr'><strong>substantia:</strong></span> <span class='ocrx_word' id='word_1_858' title='bbox 3143 4295 3353 4358; x_wconf 83' lang='lat' dir='ltr'><strong>tantum</strong></span> 
     </span>
    </p>
   </div>
   <div class='ocr_carea' id='block_1_103' title="bbox 1775 4357 3359 4422">
    <p class='ocr_par' dir='ltr' id='par_1_103' title="bbox 1775 4357 3359 4422">
     <span class='ocr_line' id='line_1_106' title="bbox 1775 4357 3359 4422; baseline 0 -11"><span class='ocrx_word' id='word_1_859' title='bbox 1775 4374 1885 4412; x_wconf 72' lang='lat' dir='ltr'><strong>sua:</strong></span> <span class='ocrx_word' id='word_1_860' title='bbox 1926 4358 2000 4410; x_wconf 90' lang='lat' dir='ltr'><strong>illi</strong></span> <span class='ocrx_word' id='word_1_861' title='bbox 2038 4357 2336 4413; x_wconf 84' lang='lat' dir='ltr'><strong>similitudo</strong></span> <span class='ocrx_word' id='word_1_862' title='bbox 2386 4357 2677 4422; x_wconf 89' lang='lat' dir='ltr'><strong>descendit,</strong></span> <span class='ocrx_word' id='word_1_863' title='bbox 2727 4359 2891 4411; x_wconf 91' lang='lat' dir='ltr'><strong>verbo</strong></span> <span class='ocrx_word' id='word_1_864' title='bbox 2939 4366 3174 4420; x_wconf 89' lang='lat' dir='ltr'><strong>curatur,</strong></span> <span class='ocrx_word' id='word_1_865' title='bbox 3218 4357 3359 4411; x_wconf 72' lang='lat' dir='ltr'><strong>obe-r</strong></span> 
     </span>
    </p>
   </div>
   <div class='ocr_carea' id='block_1_104' title="bbox 1775 4425 3357 4494">
    <p class='ocr_par' dir='ltr' id='par_1_104' title="bbox 1775 4425 3357 4494">
     <span class='ocr_line' id='line_1_107' title="bbox 1775 4425 3357 4494; baseline 0 -15"><span class='ocrx_word' id='word_1_866' title='bbox 1775 4427 1972 4480; x_wconf 81' lang='lat' dir='ltr'><strong>dientia</strong></span> <span class='ocrx_word' id='word_1_867' title='bbox 2016 4427 2359 4482; x_wconf 89' lang='lat' dir='ltr'><strong>convalescit.</strong></span> <span class='ocrx_word' id='word_1_868' title='bbox 2409 4427 2648 4494; x_wconf 87' lang='lat' dir='ltr'><strong>Denique</strong></span> <span class='ocrx_word' id='word_1_869' title='bbox 2695 4441 2816 4480; x_wconf 89' lang='lat' dir='ltr'><strong>cum</strong></span> <span class='ocrx_word' id='word_1_870' title='bbox 2858 4426 2960 4480; x_wconf 89' lang='lat' dir='ltr'><strong>sibi</strong></span> <span class='ocrx_word' id='word_1_871' title='bbox 3005 4427 3059 4480; x_wconf 91' lang='lat' dir='ltr'><strong>in</strong></span> <span class='ocrx_word' id='word_1_872' title='bbox 3107 4425 3357 4481; x_wconf 77' lang='lat' dir='ltr'><strong>Ecclesia</strong></span> 
     </span>
    </p>
   </div>
   <div class='ocr_carea' id='block_1_105' title="bbox 1777 4494 3360 4560">
    <p class='ocr_par' dir='ltr' id='par_1_105' title="bbox 1777 4494 3360 4560">
     <span class='ocr_line' id='line_1_108' title="bbox 1777 4494 3360 4560; baseline 0 -12"><span class='ocrx_word' id='word_1_873' title='bbox 1777 4494 2093 4550; x_wconf 84' lang='lat' dir='ltr'><strong>Laodicensi</strong></span> <span class='ocrx_word' id='word_1_874' title='bbox 2123 4503 2177 4550; x_wconf 93' lang='lat' dir='ltr'><strong>et</strong></span> <span class='ocrx_word' id='word_1_875' title='bbox 2221 4496 2409 4549; x_wconf 90' lang='lat' dir='ltr'><strong>beatus</strong></span> <span class='ocrx_word' id='word_1_876' title='bbox 2448 4503 2502 4550; x_wconf 89' lang='lat' dir='ltr'><strong>et</strong></span> <span class='ocrx_word' id='word_1_877' title='bbox 2526 4495 2692 4560; x_wconf 81' lang='lat' dir='ltr'><strong>dives,</strong></span> <span class='ocrx_word' id='word_1_878' title='bbox 2718 4503 2772 4548; x_wconf 91' lang='lat' dir='ltr'><strong>et</strong></span> <span class='ocrx_word' id='word_1_879' title='bbox 2799 4495 2938 4548; x_wconf 87' lang='lat' dir='ltr'><strong>bene</strong></span> <span class='ocrx_word' id='word_1_880' title='bbox 2985 4495 3250 4559; x_wconf 80' lang='lat' dir='ltr'><strong>oculatus,</strong></span> <span class='ocrx_word' id='word_1_881' title='bbox 3295 4501 3360 4548; x_wconf 85' lang='lat' dir='ltr'><strong>et</strong></span> 
     </span>
    </p>
   </div>
   <div class='ocr_carea' id='block_1_106' title="bbox 1776 4564 3355 4619">
    <p class='ocr_par' dir='ltr' id='par_1_106' title="bbox 1776 4564 3355 4619">
     <span class='ocr_line' id='line_1_109' title="bbox 1776 4564 3355 4619; baseline -0.001 -1"><span class='ocrx_word' id='word_1_882' title='bbox 1776 4565 1913 4618; x_wconf 89' lang='lat' dir='ltr'><strong>bene</strong></span> <span class='ocrx_word' id='word_1_883' title='bbox 1937 4566 2160 4618; x_wconf 89' lang='lat' dir='ltr'><strong>vestitus</strong></span> <span class='ocrx_word' id='word_1_884' title='bbox 2185 4565 2474 4619; x_wconf 88' lang='lat' dir='ltr'><strong>secundum</strong></span> <span class='ocrx_word' id='word_1_885' title='bbox 2504 4565 2825 4618; x_wconf 80' lang='lat' dir='ltr'><strong>exteriorem</strong></span> <span class='ocrx_word' id='word_1_886' title='bbox 2850 4564 3121 4616; x_wconf 88' lang='lat' dir='ltr'><strong>hominem</strong></span> <span class='ocrx_word' id='word_1_887' title='bbox 3149 4566 3355 4617; x_wconf 73' lang='lat' dir='ltr'><strong>videre~</strong></span> 
     </span>
    </p>
   </div>
   <div class='ocr_carea' id='block_1_107' title="bbox 1778 4630 3351 4702">
    <p class='ocr_par' dir='ltr' id='par_1_107' title="bbox 1778 4630 3351 4702">
     <span class='ocr_line' id='line_1_110' title="bbox 1778 4630 3351 4702; baseline 0 -18"><span class='ocrx_word' id='word_1_888' title='bbox 1778 4640 1882 4698; x_wconf 91' lang='lat' dir='ltr'><strong>tur,</strong></span> <span class='ocrx_word' id='word_1_889' title='bbox 1925 4633 2230 4702; x_wconf 90' lang='lat' dir='ltr'><strong>increpatur</strong></span> <span class='ocrx_word' id='word_1_890' title='bbox 2271 4649 2302 4687; x_wconf 92' lang='lat' dir='ltr'><strong>a</strong></span> <span class='ocrx_word' id='word_1_891' title='bbox 2351 4634 2608 4699; x_wconf 90' lang='lat' dir='ltr'><strong>Domino,</strong></span> <span class='ocrx_word' id='word_1_892' title='bbox 2639 4633 2936 4700; x_wconf 90' lang='lat' dir='ltr'><strong>diciturque</strong></span> <span class='ocrx_word' id='word_1_893' title='bbox 2979 4633 3053 4699; x_wconf 83' lang='lat' dir='ltr'><strong>illi</strong></span> <span class='ocrx_word' id='word_1_894' title='bbox 3099 4649 3113 4684; x_wconf 93' lang='lat'><strong>:</strong></span> <span class='ocrx_word' id='word_1_895' title='bbox 3160 4630 3351 4685; x_wconf 71' lang='lat' dir='ltr'><strong>Nescis</strong></span> 
     </span>
    </p>
   </div>
   <div class='ocr_carea' id='block_1_108' title="bbox 1776 4702 3365 4773">
    <p class='ocr_par' dir='ltr' id='par_1_108' title="bbox 1776 4702 3365 4773">
     <span class='ocr_line' id='line_1_111' title="bbox 1776 4702 3365 4773; baseline -0.001 -17"><span class='ocrx_word' id='word_1_896' title='bbox 1776 4705 1894 4773; x_wconf 85' lang='lat' dir='ltr'><strong>quia</strong></span> <span class='ocrx_word' id='word_1_897' title='bbox 1920 4711 1970 4754; x_wconf 87' lang='lat' dir='ltr'><strong>tu</strong></span> <span class='ocrx_word' id='word_1_898' title='bbox 1997 4719 2049 4755; x_wconf 82' lang='lat' dir='ltr'><strong>ea</strong></span> <span class='ocrx_word' id='word_1_899' title='bbox 2078 4702 2253 4773; x_wconf 65' lang='lat' dir='ltr'><strong>miser,</strong></span> <span class='ocrx_word' id='word_1_900' title='bbox 2284 4712 2338 4773; x_wconf 57' lang='lat' dir='ltr'><strong>ei</strong></span> <span class='ocrx_word' id='word_1_901' title='bbox 2355 4702 2680 4773; x_wconf 75' lang='lat' dir='ltr'><strong>miserabilis,</strong></span> <span class='ocrx_word' id='word_1_902' title='bbox 2709 4710 2768 4773; x_wconf 77' lang='lat' dir='ltr'><strong>et</strong></span> <span class='ocrx_word' id='word_1_903' title='bbox 2782 4718 2997 4773; x_wconf 83' lang='lat' dir='ltr'><strong>pauper,</strong></span> <span class='ocrx_word' id='word_1_904' title='bbox 3027 4711 3077 4773; x_wconf 85' lang='lat' dir='ltr'><strong>et</strong></span> <span class='ocrx_word' id='word_1_905' title='bbox 3100 4716 3283 4764; x_wconf 72' lang='lat' dir='ltr'><strong>cacus,</strong></span> <span class='ocrx_word' id='word_1_906' title='bbox 3305 4710 3365 4754; x_wconf 84' lang='lat' dir='ltr'><strong>et‘</strong></span> 
     </span>
    </p>
   </div>
   <div class='ocr_carea' id='block_1_109' title="bbox 1777 4771 3356 4841">
    <p class='ocr_par' dir='ltr' id='par_1_109' title="bbox 1777 4771 3356 4841">
     <span class='ocr_line' id='line_1_112' title="bbox 1777 4771 3356 4841; baseline 0.002 -18"><span class='ocrx_word' id='word_1_907' title='bbox 1777 4771 1942 4824; x_wconf 77' lang='lat' dir='ltr'><strong>nudus</strong></span> <span class='ocrx_word' id='word_1_908' title='bbox 1966 4772 2147 4841; x_wconf 84' lang='lat' dir='ltr'><strong>(Apoc.</strong></span> <span class='ocrx_word' id='word_1_909' title='bbox 2169 4771 2282 4840; x_wconf 78' lang='lat' dir='ltr'><strong>ut)?</strong></span> <span class='ocrx_word' id='word_1_910' title='bbox 2311 4772 2412 4836; x_wconf 91' lang='lat' dir='ltr'><strong>Qui</strong></span> <span class='ocrx_word' id='word_1_911' title='bbox 2435 4773 2640 4840; x_wconf 90' lang='lat' dir='ltr'><strong>utique,</strong></span> <span class='ocrx_word' id='word_1_912' title='bbox 2664 4779 2720 4841; x_wconf 87' lang='lat' dir='ltr'><strong>ut</strong></span> <span class='ocrx_word' id='word_1_913' title='bbox 2741 4771 2872 4841; x_wconf 75' lang='lat' dir='ltr'><strong>dixi,</strong></span> <span class='ocrx_word' id='word_1_914' title='bbox 2904 4786 3006 4841; x_wconf 79' lang='lat' dir='ltr'><strong>nec</strong></span> <span class='ocrx_word' id='word_1_915' title='bbox 3036 4771 3153 4823; x_wconf 84' lang='lat' dir='ltr'><strong>sine</strong></span> <span class='ocrx_word' id='word_1_916' title='bbox 3181 4779 3356 4841; x_wconf 72' lang='lat' dir='ltr'><strong>veste,</strong></span> 
     </span>
    </p>
   </div>
   <div class='ocr_carea' id='block_1_110' title="bbox 1777 4837 3354 4919">
    <p class='ocr_par' dir='ltr' id='par_1_110' title="bbox 1777 4837 3354 4919">
     <span class='ocr_line' id='line_1_113' title="bbox 1777 4837 3354 4919; baseline -0.002 -24"><span class='ocrx_word' id='word_1_917' title='bbox 1777 4849 1896 4919; x_wconf 60' lang='lat' dir='ltr'><strong>nec</strong></span> <span class='ocrx_word' id='word_1_918' title='bbox 2077 4837 2397 4919; x_wconf 55' lang='lat' dir='ltr'><strong>s_i_neoculis,</strong></span> <span class='ocrx_word' id='word_1_919' title='bbox 2417 4837 2654 4919; x_wconf 43' lang='lat' dir='ltr'><strong>nec-sine</strong></span> <span class='ocrx_word' id='word_1_920' title='bbox 2681 4839 3223 4919; x_wconf 44' lang='lat' dir='ltr'><strong>divitiisﬂhabebatur.</strong></span> <span class='ocrx_word' id='word_1_921' title='bbox 3245 4837 3354 4919; x_wconf 72' lang='lat' dir='ltr'><strong>sed</strong></span> 
     </span>
    </p>
   </div>
   <div class='ocr_carea' id='block_1_111' title="bbox 1780 4907 3368 4964">
    <p class='ocr_par' dir='ltr' id='par_1_111' title="bbox 1780 4907 3368 4964">
     <span class='ocr_line' id='line_1_114' title="bbox 1780 4907 3368 4964; baseline -0.001 -2"><span class='ocrx_word' id='word_1_922' title='bbox 1780 4909 1868 4964; x_wconf 91' lang='lat' dir='ltr'><strong>ille</strong></span> <span class='ocrx_word' id='word_1_923' title='bbox 1884 4907 2163 4964; x_wconf 71' lang='lat' dir='ltr'><strong>iiTvisibilis</strong></span> <span class='ocrx_word' id='word_1_924' title='bbox 2172 4909 2311 4963; x_wconf 90' lang='lat' dir='ltr'><strong>Deus</strong></span> <span class='ocrx_word' id='word_1_925' title='bbox 2324 4909 2662 4963; x_wconf 77' lang='lat' dir='ltr'><strong>uosterillum</strong></span> <span class='ocrx_word' id='word_1_926' title='bbox 2681 4907 3000 4961; x_wconf 80' lang='lat' dir='ltr'><strong>iuvisibilem</strong></span> <span class='ocrx_word' id='word_1_927' title='bbox 3018 4908 3286 4962; x_wconf 88' lang='lat' dir='ltr'><strong>hominem</strong></span> <span class='ocrx_word' id='word_1_928' title='bbox 3301 4908 3368 4961; x_wconf 65' lang='lat' dir='ltr'><strong>ita</strong></span> 
     </span>
    </p>
   </div>
   <div class='ocr_carea' id='block_1_112' title="bbox 1777 4976 3367 5047">
    <p class='ocr_par' dir='ltr' id='par_1_112' title="bbox 1777 4976 3367 5047">
     <span class='ocr_line' id='line_1_115' title="bbox 1777 4976 3367 5047; baseline -0.003 -16"><span class='ocrx_word' id='word_1_929' title='bbox 1777 4987 2113 5047; x_wconf 88' lang='lat' dir='ltr'><strong>paupertate,</strong></span> <span class='ocrx_word' id='word_1_930' title='bbox 2142 4978 2196 5032; x_wconf 92' lang='lat' dir='ltr'><strong>in</strong></span> <span class='ocrx_word' id='word_1_931' title='bbox 2242 4978 2500 5041; x_wconf 60' lang='lat' dir='ltr'><strong>caecitate,</strong></span> <span class='ocrx_word' id='word_1_932' title='bbox 2543 4978 2596 5031; x_wconf 90' lang='lat' dir='ltr'><strong>in</strong></span> <span class='ocrx_word' id='word_1_933' title='bbox 2626 4979 2864 5047; x_wconf 86' lang='lat' dir='ltr'><strong>nuditate</strong></span> <span class='ocrx_word' id='word_1_934' title='bbox 2910 4987 3030 5031; x_wconf 79' lang='lat' dir='ltr'><strong>esse</strong></span> <span class='ocrx_word' id='word_1_935' title='bbox 3067 4976 3367 5041; x_wconf 67' lang='lat' dir='ltr'><strong>cernebat;</strong></span> 
     </span>
    </p>
   </div>
   <div class='ocr_carea' id='block_1_113' title="bbox 1781 5046 3361 5114">
    <p class='ocr_par' dir='ltr' id='par_1_113' title="bbox 1781 5046 3361 5114">
     <span class='ocr_line' id='line_1_116' title="bbox 1781 5046 3361 5114; baseline -0.001 -13"><span class='ocrx_word' id='word_1_936' title='bbox 1781 5046 1866 5101; x_wconf 83' lang='lat' dir='ltr'><strong>cui</strong></span> <span class='ocrx_word' id='word_1_937' title='bbox 1895 5049 2055 5101; x_wconf 90' lang='lat' dir='ltr'><strong>etiam</strong></span> <span class='ocrx_word' id='word_1_938' title='bbox 2081 5049 2305 5101; x_wconf 83' lang='lat' dir='ltr'><strong>suadere</strong></span> <span class='ocrx_word' id='word_1_939' title='bbox 2331 5047 2580 5114; x_wconf 86' lang='lat' dir='ltr'><strong>dignatur</strong></span> <span class='ocrx_word' id='word_1_940' title='bbox 2610 5055 2668 5099; x_wconf 90' lang='lat' dir='ltr'><strong>ut</strong></span> <span class='ocrx_word' id='word_1_941' title='bbox 2695 5046 2763 5099; x_wconf 90' lang='lat' dir='ltr'><strong>ab</strong></span> <span class='ocrx_word' id='word_1_942' title='bbox 2791 5048 2905 5114; x_wconf 88' lang='lat' dir='ltr'><strong>ipso</strong></span> <span class='ocrx_word' id='word_1_943' title='bbox 2926 5060 3112 5099; x_wconf 90' lang='lat' dir='ltr'><strong>aurum</strong></span> <span class='ocrx_word' id='word_1_944' title='bbox 3146 5060 3361 5099; x_wconf 78' lang='lat' dir='ltr'><strong>merce~</strong></span> 
     </span>
    </p>
   </div>
   <div class='ocr_carea' id='block_1_114' title="bbox 113 5113 3366 5185">
    <p class='ocr_par' dir='ltr' id='par_1_114' title="bbox 113 5113 3366 5185">
     <span class='ocr_line' id='line_1_117' title="bbox 113 5113 3366 5185; baseline 0 -17"><span class='ocrx_word' id='word_1_945' title='bbox 113 5113 335 5170; x_wconf 69' lang='lat' dir='ltr'><strong>Mundus</strong></span> <span class='ocrx_word' id='word_1_946' title='bbox 367 5113 590 5183; x_wconf 86' lang='lat' dir='ltr'><strong>inducit,</strong></span> <span class='ocrx_word' id='word_1_947' title='bbox 617 5114 742 5169; x_wconf 88' lang='lat' dir='ltr'><strong>dum</strong></span> <span class='ocrx_word' id='word_1_948' title='bbox 780 5125 836 5170; x_wconf 90' lang='lat' dir='ltr'><strong>et</strong></span> <span class='ocrx_word' id='word_1_949' title='bbox 860 5116 975 5171; x_wconf 88' lang='lat' dir='ltr'><strong>sole</strong></span> <span class='ocrx_word' id='word_1_950' title='bbox 1009 5116 1236 5185; x_wconf 89' lang='lat' dir='ltr'><strong>amplius</strong></span> <span class='ocrx_word' id='word_1_951' title='bbox 1262 5131 1381 5172; x_wconf 87' lang='lat' dir='ltr'><strong>esse</strong></span> <span class='ocrx_word' id='word_1_952' title='bbox 1415 5117 1546 5170; x_wconf 88' lang='lat' dir='ltr'><strong>nihil</strong></span> <span class='ocrx_word' id='word_1_953' title='bbox 1585 5131 1678 5185; x_wconf 87' lang='lat' dir='ltr'><strong>pu-</strong></span> <span class='ocrx_word' id='word_1_954' title='bbox 1710 5113 1758 5173; x_wconf 92' lang='lat' dir='ltr'><strong>D</strong></span> <span class='ocrx_word' id='word_1_955' title='bbox 1785 5124 1868 5170; x_wconf 84' lang='lat' dir='ltr'><strong>tur</strong></span> <span class='ocrx_word' id='word_1_956' title='bbox 1897 5117 2140 5185; x_wconf 88' lang='lat' dir='ltr'><strong>ignitum,</strong></span> <span class='ocrx_word' id='word_1_957' title='bbox 2170 5124 2226 5170; x_wconf 91' lang='lat' dir='ltr'><strong>et</strong></span> <span class='ocrx_word' id='word_1_958' title='bbox 2251 5123 2457 5171; x_wconf 88' lang='lat' dir='ltr'><strong>vestem</strong></span> <span class='ocrx_word' id='word_1_959' title='bbox 2498 5116 2697 5182; x_wconf 89' lang='lat' dir='ltr'><strong>albam,</strong></span> <span class='ocrx_word' id='word_1_960' title='bbox 2725 5113 2829 5183; x_wconf 86' lang='lat' dir='ltr'><strong>qua</strong></span> <span class='ocrx_word' id='word_1_961' title='bbox 2855 5114 3238 5183; x_wconf 86' lang='lat' dir='ltr'><strong>gloriosissime</strong></span> <span class='ocrx_word' id='word_1_962' title='bbox 3265 5129 3366 5170; x_wconf 84' lang='lat' dir='ltr'><strong>ve-~</strong></span> 
     </span>
    </p>
   </div>
   <div class='ocr_carea' id='block_1_115' title="bbox 175 5249 647 5306">
    <p class='ocr_par' dir='ltr' id='par_1_115' title="bbox 175 5249 647 5306">
     <span class='ocr_line' id='line_1_118' title="bbox 175 5249 647 5306; baseline 0 -1"><span class='ocrx_word' id='word_1_963' title='bbox 175 5263 200 5293; x_wconf 79' lang='grc' dir='ltr'>ι</span> <span class='ocrx_word' id='word_1_964' title='bbox 229 5249 322 5306; x_wconf 80' lang='grc' dir='ltr'><strong>ΔΙ.</strong></span> <span class='ocrx_word' id='word_1_965' title='bbox 345 5257 556 5306; x_wconf 85' lang='lat' dir='ltr'><strong>tacetur</strong></span> <span class='ocrx_word' id='word_1_966' title='bbox 581 5262 647 5306; x_wconf 80' lang='lat' dir='ltr'><strong>te.</strong></span> 
     </span>
    </p>
   </div>
   <div class='ocr_carea' id='block_1_116' title="bbox 176 5320 739 5390">
    <p class='ocr_par' dir='ltr' id='par_1_116' title="bbox 176 5320 739 5390">
     <span class='ocr_line' id='line_1_119' title="bbox 176 5320 739 5390; baseline 0.009 -17"><span class='ocrx_word' id='word_1_967' title='bbox 176 5321 202 5361; x_wconf 72' lang='grc' dir='ltr'>δ</span> <span class='ocrx_word' id='word_1_968' title='bbox 229 5320 438 5390; x_wconf 66' lang='lat' dir='ltr'><strong>Codex,</strong></span> <span class='ocrx_word' id='word_1_969' title='bbox 465 5321 739 5389; x_wconf 68' lang='lat' dir='ltr'><strong>oﬁ&#39;uscata.</strong></span> 
     </span>
    </p>
   </div>
   <div class='ocr_carea' id='block_1_117' title="bbox 179 5388 1451 5462">
    <p class='ocr_par' dir='ltr' id='par_1_117' title="bbox 179 5388 1451 5462">
     <span class='ocr_line' id='line_1_120' title="bbox 179 5388 1451 5462; baseline 0.005 -22"><span class='ocrx_word' id='word_1_970' title='bbox 179 5401 206 5462; x_wconf 48' lang='grc' dir='ltr'>ἦ</span> <span class='ocrx_word' id='word_1_971' title='bbox 230 5388 378 5462; x_wconf 49' lang='lat' dir='ltr'><strong>idem</strong></span> <span class='ocrx_word' id='word_1_972' title='bbox 407 5388 554 5462; x_wconf 62' lang='lat'><strong>90¢,</strong></span> <span class='ocrx_word' id='word_1_973' title='bbox 578 5393 714 5462; x_wconf 69' lang='lat' dir='ltr'><strong>quod</strong></span> <span class='ocrx_word' id='word_1_974' title='bbox 738 5392 828 5445; x_wconf 81' lang='lat' dir='ltr'><strong>tibi</strong></span> <span class='ocrx_word' id='word_1_975' title='bbox 854 5408 966 5448; x_wconf 83' lang='lat' dir='ltr'><strong>meo</strong></span> <span class='ocrx_word' id='word_1_976' title='bbox 988 5407 1222 5445; x_wconf 74' lang='lat' dir='ltr'><strong>sermone</strong></span> <span class='ocrx_word' id='word_1_977' title='bbox 1241 5392 1451 5462; x_wconf 75' lang='lat' dir='ltr'><strong>placuit.</strong></span> 
     </span>
    </p>
   </div>
   <div class='ocr_carea' id='block_1_118' title="bbox 175 5456 996 5528">
    <p class='ocr_par' dir='ltr' id='par_1_118' title="bbox 175 5456 996 5528">
     <span class='ocr_line' id='line_1_121' title="bbox 175 5456 996 5528; baseline 0.001 -17"><span class='ocrx_word' id='word_1_978' title='bbox 175 5459 201 5497; x_wconf 73' lang='grc'><strong><em>⁸</em></strong></span> <span class='ocrx_word' id='word_1_979' title='bbox 230 5457 374 5528; x_wconf 53' lang='lat' dir='ltr'><strong>ﬁdit.</strong></span> <span class='ocrx_word' id='word_1_980' title='bbox 410 5456 568 5512; x_wconf 76' lang='lat' dir='ltr'><strong>Rom.</strong></span> <span class='ocrx_word' id='word_1_981' title='bbox 597 5456 730 5528; x_wconf 84' lang='lat' dir='ltr'><strong>legit</strong></span> <span class='ocrx_word' id='word_1_982' title='bbox 751 5469 996 5514; x_wconf 79' lang='lat' dir='ltr'><strong>ceratum.</strong></span> 
     </span>
    </p>
   </div>
   <div class='ocr_carea' id='block_1_119' title="bbox 178 5526 1677 5592">
    <p class='ocr_par' dir='ltr' id='par_1_119' title="bbox 178 5526 1677 5592">
     <span class='ocr_line' id='line_1_122' title="bbox 178 5526 1677 5592; baseline -0.001 -10"><span class='ocrx_word' id='word_1_983' title='bbox 178 5540 202 5567; x_wconf 78' lang='grc' dir='ltr'><strong><em>ο</em></strong></span> <span class='ocrx_word' id='word_1_984' title='bbox 233 5526 440 5582; x_wconf 82' lang='lat' dir='ltr'><strong>Eadem</strong></span> <span class='ocrx_word' id='word_1_985' title='bbox 468 5528 598 5581; x_wconf 83' lang='lat' dir='ltr'><strong>edit.</strong></span> <span class='ocrx_word' id='word_1_986' title='bbox 625 5526 808 5592; x_wconf 73' lang='lat' dir='ltr'><strong>Rom.,</strong></span> <span class='ocrx_word' id='word_1_987' title='bbox 838 5532 890 5583; x_wconf 89' lang='lat' dir='ltr'><strong>in</strong></span> <span class='ocrx_word' id='word_1_988' title='bbox 911 5547 992 5583; x_wconf 91' lang='lat' dir='ltr'><strong>me</strong></span> <span class='ocrx_word' id='word_1_989' title='bbox 1018 5532 1287 5584; x_wconf 74' lang='lat' dir='ltr'><strong>consilium</strong></span> <span class='ocrx_word' id='word_1_990' title='bbox 1321 5546 1421 5583; x_wconf 88' lang='lat' dir='ltr'><strong>non</strong></span> <span class='ocrx_word' id='word_1_991' title='bbox 1442 5528 1677 5583; x_wconf 80' lang='lat' dir='ltr'><strong>habebat.</strong></span> 
     </span>
    </p>
   </div>
   <div class='ocr_carea' id='block_1_120' title="bbox 179 5596 1336 5670">
    <p class='ocr_par' dir='ltr' id='par_1_120' title="bbox 179 5596 1336 5670">
     <span class='ocr_line' id='line_1_123' title="bbox 179 5596 1336 5670; baseline 0.002 -21"><span class='ocrx_word' id='word_1_992' title='bbox 179 5597 196 5636; x_wconf 76' lang='lat'>‘</span> <span class='ocrx_word' id='word_1_993' title='bbox 227 5597 372 5670; x_wconf 60' lang='lat' dir='ltr'><strong>Edit.</strong></span> <span class='ocrx_word' id='word_1_994' title='bbox 405 5596 584 5670; x_wconf 71' lang='lat' dir='ltr'><strong>Roni.,</strong></span> <span class='ocrx_word' id='word_1_995' title='bbox 617 5615 720 5670; x_wconf 63' lang='lat' dir='ltr'><strong>non</strong></span> <span class='ocrx_word' id='word_1_996' title='bbox 749 5600 1024 5658; x_wconf 66' lang='lat' dir='ltr'><strong>amentem</strong></span> <span class='ocrx_word' id='word_1_997' title='bbox 1050 5608 1336 5670; x_wconf 9' lang='lat' dir='ltr'><strong>aqua,retc.</strong></span> 
     </span>
    </p>
   </div>
   <div class='ocr_carea' id='block_1_121' title="bbox 113 5665 1679 5791">
    <p class='ocr_par' dir='ltr' id='par_1_121' title="bbox 113 5665 1679 5791">
     <span class='ocr_line' id='line_1_124' title="bbox 113 5665 1679 5791; baseline 0.001 -73"><span class='ocrx_word' id='word_1_998' title='bbox 113 5677 202 5791; x_wconf 59' lang='grc' dir='ltr'><strong>ωε</strong></span> <span class='ocrx_word' id='word_1_999' title='bbox 231 5666 367 5788; x_wconf 52' lang='lat' dir='ltr'><strong>Qad.</strong></span> <span class='ocrx_word' id='word_1_1000' title='bbox 397 5675 452 5722; x_wconf 90' lang='lat' dir='ltr'><strong>et</strong></span> <span class='ocrx_word' id='word_1_1001' title='bbox 478 5667 632 5735; x_wconf 85' lang='lat' dir='ltr'><strong>edit.,</strong></span> <span class='ocrx_word' id='word_1_1002' title='bbox 667 5665 969 5739; x_wconf 78' lang='lat' dir='ltr'><strong>Quanquam</strong></span> <span class='ocrx_word' id='word_1_1003' title='bbox 999 5670 1080 5721; x_wconf 85' lang='lat' dir='ltr'><strong>hic</strong></span> <span class='ocrx_word' id='word_1_1004' title='bbox 1095 5665 1150 5722; x_wconf 76' lang='grc' dir='ltr'><strong>ἐι</strong></span> <span class='ocrx_word' id='word_1_1005' title='bbox 1173 5668 1315 5722; x_wconf 81' lang='lat' dir='ltr'><strong>aliud</strong></span> <span class='ocrx_word' id='word_1_1006' title='bbox 1336 5670 1498 5740; x_wconf 68' lang='grc' dir='ltr'><strong>σαίρω</strong></span> <span class='ocrx_word' id='word_1_1007' title='bbox 1527 5684 1679 5740; x_wconf 73' lang='lat' dir='ltr'><strong>genus</strong></span> 
     </span>
     <span class='ocr_line' id='line_1_125' title="bbox 180 5752 390 5791; baseline 0.01 -2"><span class='ocrx_word' id='word_1_1008' title='bbox 180 5752 262 5790; x_wconf 78' lang='lat' dir='ltr'><strong>rer</strong></span> <span class='ocrx_word' id='word_1_1009' title='bbox 324 5752 390 5791; x_wconf 71' lang='lat' dir='ltr'><strong>at.</strong></span> 
     </span>
    </p>
   </div>
   <div class='ocr_carea' id='block_1_122' title="bbox 180 5746 390 5792">
    <p class='ocr_par' dir='ltr' id='par_1_122' title="bbox 180 5746 390 5792">
     <span class='ocr_line' id='line_1_126' title="bbox 180 5746 390 5792; baseline 0.01 -2"><span class='ocrx_word' id='word_1_1010' title='bbox 180 5746 390 5792; x_wconf 73' lang='grc' dir='ltr'><strong>ιιινιαειι.</strong></span> 
     </span>
    </p>
   </div>
   <div class='ocr_carea' id='block_1_123' title="bbox 1858 5252 2379 5310">
    <p class='ocr_par' dir='ltr' id='par_1_123' title="bbox 1858 5252 2379 5310">
     <span class='ocr_line' id='line_1_127' title="bbox 1858 5252 2379 5310; baseline -0.006 -1"><span class='ocrx_word' id='word_1_1011' title='bbox 1858 5252 1885 5292; x_wconf 82' lang='grc' dir='ltr'><strong>¹ι</strong></span> <span class='ocrx_word' id='word_1_1012' title='bbox 1914 5255 2075 5310; x_wconf 87' lang='lat' dir='ltr'><strong>Forte</strong></span> <span class='ocrx_word' id='word_1_1013' title='bbox 2104 5255 2379 5308; x_wconf 78' lang='lat' dir='ltr'><strong>hominem.</strong></span> 
     </span>
    </p>
   </div>
   <div class='ocr_carea' id='block_1_124' title="bbox 1865 5319 3361 5393">
    <p class='ocr_par' dir='ltr' id='par_1_124' title="bbox 1865 5319 3361 5393">
     <span class='ocr_line' id='line_1_128' title="bbox 1865 5319 3361 5393; baseline -0.003 -15"><span class='ocrx_word' id='word_1_1014' title='bbox 1865 5323 1879 5361; x_wconf 79' lang='grc' dir='ltr'><strong>ί</strong></span> <span class='ocrx_word' id='word_1_1015' title='bbox 1911 5324 2042 5379; x_wconf 90' lang='lat' dir='ltr'><strong>Cod.</strong></span> <span class='ocrx_word' id='word_1_1016' title='bbox 2072 5333 2125 5378; x_wconf 90' lang='lat' dir='ltr'><strong>et</strong></span> <span class='ocrx_word' id='word_1_1017' title='bbox 2152 5325 2302 5388; x_wconf 91' lang='lat' dir='ltr'><strong>edit.,</strong></span> <span class='ocrx_word' id='word_1_1018' title='bbox 2335 5323 2471 5393; x_wconf 87' lang='lat' dir='ltr'><strong>quod</strong></span> <span class='ocrx_word' id='word_1_1019' title='bbox 2494 5323 2634 5376; x_wconf 88' lang='lat' dir='ltr'><strong>intra</strong></span> <span class='ocrx_word' id='word_1_1020' title='bbox 2668 5322 2762 5375; x_wconf 83' lang='lat' dir='ltr'><strong>hoc</strong></span> <span class='ocrx_word' id='word_1_1021' title='bbox 2803 5336 2987 5393; x_wconf 68' lang='lat' dir='ltr'><strong>corpus</strong></span> <span class='ocrx_word' id='word_1_1022' title='bbox 3016 5319 3112 5374; x_wconf 79' lang='lat' dir='ltr'><strong>Dei</strong></span> <span class='ocrx_word' id='word_1_1023' title='bbox 3140 5321 3361 5390; x_wconf 71' lang='lat' dir='ltr'><strong>artiﬁcia</strong></span> 
     </span>
    </p>
   </div>
   <div class='ocr_carea' id='block_1_125' title="bbox 1787 5389 3359 5462">
    <p class='ocr_par' dir='ltr' id='par_1_125' title="bbox 1787 5389 3359 5462">
     <span class='ocr_line' id='line_1_129' title="bbox 1787 5389 3359 5462; baseline -0.003 -15"><span class='ocrx_word' id='word_1_1024' title='bbox 1787 5410 1940 5447; x_wconf 88' lang='lat' dir='ltr'><strong>manu</strong></span> <span class='ocrx_word' id='word_1_1025' title='bbox 1969 5411 1996 5447; x_wconf 87' lang='lat' dir='ltr'><strong>e</strong></span> <span class='ocrx_word' id='word_1_1026' title='bbox 2042 5395 2162 5447; x_wconf 89' lang='lat' dir='ltr'><strong>limo</strong></span> <span class='ocrx_word' id='word_1_1027' title='bbox 2191 5389 2653 5462; x_wconf 55' lang='lat' dir='ltr'><strong>terrtc&#39;formatum</strong></span> <span class='ocrx_word' id='word_1_1028' title='bbox 2679 5399 2774 5456; x_wconf 70' lang='lat' dir='ltr'><strong>est,</strong></span> <span class='ocrx_word' id='word_1_1029' title='bbox 2805 5389 3025 5444; x_wconf 70' lang='lat' dir='ltr'><strong>euadunt</strong></span> <span class='ocrx_word' id='word_1_1030' title='bbox 3074 5399 3226 5443; x_wconf 64' lang='lat' dir='ltr'><strong>tem?</strong></span> <span class='ocrx_word' id='word_1_1031' title='bbox 3247 5389 3252 5390; x_wconf 52' lang='grc'><strong><em>⁷</em></strong></span> <span class='ocrx_word' id='word_1_1032' title='bbox 3270 5404 3359 5443; x_wconf 73' lang='lat' dir='ltr'><strong>m-</strong></span> 
     </span>
    </p>
   </div>
   <div class='ocr_carea' id='block_1_126' title="bbox 1786 5462 2475 5532">
    <p class='ocr_par' dir='ltr' id='par_1_126' title="bbox 1786 5462 2475 5532">
     <span class='ocr_line' id='line_1_130' title="bbox 1786 5462 2475 5532; baseline 0 -17"><span class='ocrx_word' id='word_1_1033' title='bbox 1786 5465 1926 5516; x_wconf 71' lang='lat' dir='ltr'><strong>sculo</strong></span> <span class='ocrx_word' id='word_1_1034' title='bbox 1954 5463 2178 5532; x_wconf 83' lang='lat' dir='ltr'><strong>intellige</strong></span> <span class='ocrx_word' id='word_1_1035' title='bbox 2206 5462 2475 5515; x_wconf 76' lang='lat' dir='ltr'><strong>contineri.</strong></span> 
     </span>
    </p>
   </div>
   <div class='ocr_carea' id='block_1_127' title="bbox 1862 5525 3362 5600">
    <p class='ocr_par' dir='ltr' id='par_1_127' title="bbox 1862 5525 3362 5600">
     <span class='ocr_line' id='line_1_131' title="bbox 1862 5525 3362 5600; baseline 0.001 -19"><span class='ocrx_word' id='word_1_1036' title='bbox 1862 5533 1875 5581; x_wconf 83' lang='lat' dir='ltr'><strong>i</strong></span> <span class='ocrx_word' id='word_1_1037' title='bbox 1916 5533 2022 5593; x_wconf 87' lang='lat' dir='ltr'><strong>AL,</strong></span> <span class='ocrx_word' id='word_1_1038' title='bbox 2055 5525 2148 5598; x_wconf 73' lang='lat' dir='ltr'><strong>prb</strong></span> <span class='ocrx_word' id='word_1_1039' title='bbox 2175 5533 2306 5600; x_wconf 74' lang='lat' dir='ltr'><strong>ipso,</strong></span> <span class='ocrx_word' id='word_1_1040' title='bbox 2334 5543 2452 5598; x_wconf 68' lang='lat' dir='ltr'><strong>qua:</strong></span> <span class='ocrx_word' id='word_1_1041' title='bbox 2499 5538 2679 5584; x_wconf 88' lang='lat' dir='ltr'><strong>tamen</strong></span> <span class='ocrx_word' id='word_1_1042' title='bbox 2716 5529 2879 5584; x_wconf 85' lang='lat' dir='ltr'><strong>verba</strong></span> <span class='ocrx_word' id='word_1_1043' title='bbox 2921 5525 3122 5582; x_wconf 82' lang='lat' dir='ltr'><strong>desunt</strong></span> <span class='ocrx_word' id='word_1_1044' title='bbox 3151 5534 3260 5581; x_wconf 86' lang='lat' dir='ltr'><strong>tam</strong></span> <span class='ocrx_word' id='word_1_1045' title='bbox 3303 5527 3362 5582; x_wconf 83' lang='lat' dir='ltr'><strong>iu</strong></span> 
     </span>
    </p>
   </div>
   <div class='ocr_carea' id='block_1_128' title="bbox 1786 5600 2388 5668">
    <p class='ocr_par' dir='ltr' id='par_1_128' title="bbox 1786 5600 2388 5668">
     <span class='ocr_line' id='line_1_132' title="bbox 1786 5600 2388 5668; baseline -0.007 -13"><span class='ocrx_word' id='word_1_1046' title='bbox 1786 5601 1969 5656; x_wconf 90' lang='lat' dir='ltr'><strong>codice</strong></span> <span class='ocrx_word' id='word_1_1047' title='bbox 1996 5615 2154 5668; x_wconf 90' lang='lat' dir='ltr'><strong>quam</strong></span> <span class='ocrx_word' id='word_1_1048' title='bbox 2179 5603 2232 5654; x_wconf 91' lang='lat' dir='ltr'><strong>in</strong></span> <span class='ocrx_word' id='word_1_1049' title='bbox 2260 5600 2388 5654; x_wconf 89' lang='lat' dir='ltr'><strong>edit.</strong></span> 
     </span>
    </p>
   </div>
   <div class='ocr_carea' id='block_1_129' title="bbox 1857 5665 3368 5740">
    <p class='ocr_par' dir='ltr' id='par_1_129' title="bbox 1857 5665 3368 5740">
     <span class='ocr_line' id='line_1_133' title="bbox 1857 5665 3368 5740; baseline -0.005 -16"><span class='ocrx_word' id='word_1_1050' title='bbox 1857 5670 1880 5707; x_wconf 66' lang='grc' dir='ltr'>ι</span> <span class='ocrx_word' id='word_1_1051' title='bbox 1911 5669 1993 5724; x_wconf 77' lang='lat' dir='ltr'><strong>AI.</strong></span> <span class='ocrx_word' id='word_1_1052' title='bbox 2013 5665 2167 5724; x_wconf 64' lang='lat' dir='ltr'><strong>tacet</strong></span> <span class='ocrx_word' id='word_1_1053' title='bbox 2194 5671 2452 5740; x_wconf 73' lang='lat' dir='ltr'><strong>quoniam.</strong></span> <span class='ocrx_word' id='word_1_1054' title='bbox 2478 5667 2611 5723; x_wconf 86' lang='lat' dir='ltr'><strong>Cod.</strong></span> <span class='ocrx_word' id='word_1_1055' title='bbox 2635 5676 2690 5722; x_wconf 89' lang='lat' dir='ltr'><strong>et</strong></span> <span class='ocrx_word' id='word_1_1056' title='bbox 2719 5666 2871 5732; x_wconf 85' lang='lat' dir='ltr'><strong>edit.,</strong></span> <span class='ocrx_word' id='word_1_1057' title='bbox 2897 5666 3139 5736; x_wconf 84' lang='lat' dir='ltr'><strong>quoniam</strong></span> <span class='ocrx_word' id='word_1_1058' title='bbox 3165 5665 3238 5718; x_wconf 71' lang='lat' dir='ltr'><strong>sic</strong></span> <span class='ocrx_word' id='word_1_1059' title='bbox 3279 5682 3368 5724; x_wconf 74' lang='grc' dir='ltr'><strong>ει·-</strong></span> 
     </span>
    </p>
   </div>
   <div class='ocr_carea' id='block_1_130' title="bbox 1787 5742 2134 5801">
    <p class='ocr_par' dir='ltr' id='par_1_130' title="bbox 1787 5742 2134 5801">
     <span class='ocr_line' id='line_1_134' title="bbox 1787 5742 2134 5801; baseline 0.003 -11"><span class='ocrx_word' id='word_1_1060' title='bbox 1787 5742 2001 5801; x_wconf 82' lang='lat' dir='ltr'><strong>cundus,</strong></span> <span class='ocrx_word' id='word_1_1061' title='bbox 2033 5747 2134 5793; x_wconf 87' lang='lat' dir='ltr'><strong>etc.</strong></span> 
     </span>
    </p>
   </div>
  </div>
