3912 6226
538 372 644 430 9'55

1358 360 1696 418 APPENDIX
1734 357 2018 416 OPERUM
2057 357 2096 413 S
2159 355 2400 412 MAXIMI
2441 354 2908 412 TAUIUNENSlS.

3682 355 3769 412 956

537 488 750 547 stiatnr,
780 485 834 535 et
856 477 1158 549 collyrium,
1183 491 1292 548 quo
1318 477 1542 549 recipiat
1561 475 1752 530 visum.
1781 475 1955 532 liabet
1982 490 2114 549 ergo
2146 482 2189 540 Α
2220 478 2353 543 rius,
2389 485 2446 530 ut
2473 475 2607 549 disi,
2637 483 2757 549 διιιΔ
2783 474 3042 549 infectum
3065 473 3240 549 vitiis,
3287 479 3381 527 aut
3408 472 3662 549 deiet-sunt
3685 476 3774 526 vir-

537 563 592 609 et
615 568 743 608 suos
766 547 1174 618 oculos'praater
1202 547 1334 600 istos
1365 547 1628 618 carnales,
1658 561 1795 614 quos
1823 555 2000 618 potest
2030 548 2115 599 vel

539 623 787 677 amittere
832 618 916 671 vel
943 615 1164 681 curare;
1190 623 1246 687 et
1272 626 1356 687 est
1389 615 1540 687 juxta
1570 631 1628 670 se
1654 615 2022 687 nudus,adeq
2063 624 2122 668 ιιι

541 699 698 760 egeat
729 689 1049 760 vestimento
1076 703 1103 760 εΔ
1121 686 1380 760 sed_miro
1409 685 1567 760 modo
1592 695 1616 721 ι
1641 687 1706 760 ad
1747 685 2035 760 medicum,
2064 693 2122 760 ut

542 753 655 830 ipse
683 760 777 821 ait,
810 756 1073 830 Dominus
1091 755 1358 830 loquitur,
1387 763 1442 830 e_t_
1464 754 1616 830 jubet
1645 756 1791 808 illum
1811 771 1849 830 _a
1881 770 1939 807 se
1987 753 2124 807 divi-

544 823 646 885 tias
673 841 1005 895 comparare.
1036 823 1240 890 Quibus
1259 824 1548 895 mercibus,
1573 825 1618 877 si
1647 833 1702 877 et
1721 824 1897 895 nudius
1909 833 1967 895 et
1983 838 2122 895 pau-

543 916 641 970 per
668 907 769 961 est,
801 892 886 948 vel
917 895 1058 970 illam
1085 898 1286 970 vestem
1315 892 1728 970 nobilissimam,
1752 893 1837 970 vel
1868 893 1993 945 illud
2025 907 2122 945 au-

542 962 661 1042 rum
687 975 974 1042 purgatum
993 963 1104 1030 jam
1133 963 1252 1042 igne
1278 962 1640 1042 mercabitur}
1674 962 1823 1042 Unde
1852 976 2125 1016 commer-

544 1039 613 1094 cii
637 1030 756 1088 talis
785 1030 982 1104 poterit
1020 1046 1140 1104 esse
1163 1030 1446 1099 impensa?
1470 1030 1727 1104 Videlicet
1757 1032 1801 1085 si
1832 1039 1924 1104 aut
1951 1038 2127 1104 exte-

545 1108 705 1162 rioris
733 1099 962 1158 hominis
981 1101 1344 1155 emolumenta
1373 1099 1721 1165 transfoveat,
1747 1110 1838 1154 aut
1867 1101 1994 1168 ipsis
2015 1100 2128 1166 qui-

546 1179 646 1230 bus
674 1175 787 1243 ipse
829 1172 975 1225 dives
1021 1169 1316 1243 forinsecus
1359 1169 1652 1243 videbatur,
1681 1186 1786 1243 non
1809 1172 2015 1243 utendo
2044 1169 2126 1243 d_i-

548 1238 747 1305 tescat;
773 1243 1064 1307 oculosque
1093 1240 1353 1307 corporis,
1374 1241 1568 1306 quibus
1591 1239 1940 1293 mundialium
1963 1238 2130 1307 rapie-

550 1315 710 1368 batur
738 1312 950 1372 ardore,
981 1310 1234 1376 despectu
1265 1317 1529 1377 corruptaa
1560 1309 1923 1363 universitatis
1952 1309 2130 1361 obete-

548 1391 654 1437 cet.
686 1381 762 1434 lta
811 1379 898 1432 ille
945 1378 1222 1433 invisibilis
1263 1377 1444 1433 homo.
1475 1379 1566 1445 qui
1610 1393 1757 1443 vere,
1788 1386 1846 1431 ut
1875 1377 2126 1435 diximus,

550 1453 714 1505 homo
734 1457 836 1510 est,
865 1455 920 1501 et
943 1448 994 1500 in
1024 1455 1333 1515 contemptu
1361 1445 1516 1514 hujus
1543 1448 1829 1502 exterioris
1849 1446 2128 1515 attollitur,

553 1530 610 1574 et
641 1518 884 1573 nuditate
913 1516 1156 1580 vestitur,
1188 1512 1256 1569 et'
1289 1512 1531 1569 aeeitate
1561 1517 1905 1570 illuminatur.
1931 1514 2021 1569 Sic
2043 1512 2134 1567 Ja-

551 1591 672 1652 cob,
690 1586 960 1656 Ephraim,
977 1594 1029 1638 et
1042 1584 1322 1638 Manassen
1336 1582 1544 1652 (Cenes.
1561 1591 2004 1692 summepotum
2017 1599 2136 1638 suo-

552 1674 670 1692 luam
701 1674 803 1692 nnn
834 1656 1003 1692 cnlllrn
1032 1655 1144 1692 Inoa
1195 1669 1377 1692 vol-nm
1410 1655 1569 1692 aliam
1601 1656 1788 1692 mna-ila
1873 1669 2132 1692 nnrnnrnn

552 1674 670 1714 rum
700 1655 804 1711 non
834 1656 1004 1709 solum
1032 1655 1167 1722 loca,
1195 1669 1378 1707 verum
1410 1655 1570 1706 etiam
1601 1656 1790 1722 merita
1821 1655 1853 1722 b_
1873 1669 2133 1722 corporea

553 1729 793 1782 excitate
821 1723 1089 1777 cernebat.
1121 1721 1253 1774 Nam
1276 1736 1396 1792 cum
1429 1721 1575 1792 illum
1601 1721 1799 1792 Joseph
1829 1720 2130 1786 lilius'suus,

553 1799 642 1864 qui
673 1792 1284 1864 supradictosparvulos
1314 1789 1574 1864 olTerebat
1599 1830 1614 1852 ,
1661 1804 1681 1830 ε
1717 1789 1785 1847 ne
1814 1801 1938 1845 ante
1967 1792 2128 1864 pedes

553 1859 680 1920 suos
701 1859 920 1918 eernere
945 1859 1230 1927 judicaret,
1260 1861 1428 1914 sensit
1458 1861 1508 1913 in
1521 1864 1764 1928 parentis
1785 1859 2136 1928 responsione

555 1933 580 1972 ⁴¹
643 1937 789 1988 illum
845 1933 1019 2000 etiam!
1063 1944 1179 1997 qua:
1226 1939 1406 2000 essent
1447 1930 1641 1994 futura,
1673 1932 2002 2000 prospicere.
2031 1930 2136 1983 Sed

558 2014 615 2058 ut
645 2005 733 2056 ille
764 2003 986 2054 interior
1008 1998 1172 2051 homo
1211 1999 1535 2052 exteriorem
1566 1998 1722 2052 istuin
1751 2001 1877 2053 facit
1902 2014 1996 2052 sua
2029 2001 2136 2052 vita

557 2075 850 2135 viventem,
873 2078 928 2122 et
956 2069 1023 2122 de
1053 2067 1198 2120 lonte
1237 2076 1442 2122 naturae
1466 2082 1574 2122 sua:
1597 2070 1793 2123 animat
1818 2068 2088 2134 irrigando
2120 2086 2134 2120 :

556 2143 636 2197 sic
665 2155 873 2194 rursum
905 2137 1140 2190 exterior
1162 2152 1257 2205 per
1283 2138 1642 2205 corruptelam
1666 2137 1952 2192 mortifera:
1971 2145 2141 2192 mate-

558 2213 656 2266 riei
685 2225 811 2270 sum,
839 2208 1006 2272 illum,
1036 2208 1079 2258 si
1102 2207 1223 2273 cupi
1246 2206 1480 2259 Iitatibus
1503 2207 1699 2262 illicitis
1720 2208 1967 2275 alligarit,
1993 2208 2139 2261 occi-

557 2281 653 2333 dit.
690 2278 901 2331 Etcum
929 2276 1063 2328 alter
1099 2287 1299 2328 natura:
1331 2276 1571 2328 videatur
1597 2277 1834 2341 alterius,
1869 2276 2058 2329 transit
2087 2277 2141 2329 in

561 2349 779 2403 victoris
806 2345 1167 2411 unusquisque
1196 2347 1566 2407 substantiam,
1611 2362 1631 2382 ι
1668 2357 1723 2400 ιιι
1753 2355 1843 2399 aut
1871 2346 2140 2400 carnalem

560 2431 775 2486 quoque
803 2415 1091 2486 spiritualis
1111 2414 1442 2482 Spiritualem
1471 2415 1584 2486 suis
1601 2417 1882 2486 virtutibus
1904 2423 2139 2486 pnesiet,

562 2483 655 2539 aut
675 2483 945 2554 carnalem
994 2483 1250 2554 animam,
1279 2499 1405 2554 caro
1437 2485 1626 2538 victrix
1657 2486 1774 2554 ejus
1796 2483 2007 2538 eﬂieiat.
2042 2484 2144 2537 De-

563 2557 724 2624 nique
751 2569 870 2624 cuin
893 2551 1151 2605 Dominus
1171 2553 1350 2624 delere
1373 2553 1662 2624 humauum
1689 2551 1857 2621 genus
1881 2554 2144 2619 cogitaret

563 2620 731 2679 iratus
757 2641 769 2672 :
805 2620 853 2672 Ν
862 2639 926 2674 οη
949 2620 1282 2692 permrmebit,
1317 2621 1505 2692 inquit,
1538 2620 1767 2692 Spiritus
1797 2639 1936 2676 meus
1965 2624 2019 2674 in
2048 2624 2144 2675 Ito-

563 2693 806 2753 minibus,
824 2691 1064 2760 quoniam
1085 2707 1207 2742 caro
1229 2701 1346 2742 sunt
1369 2690 1588 2757 (Cenes.
1603 2693 1699 2761 vt).
1725 2693 1801 2756 Et
1817 2693 1941 2760 quia
1964 2692 2147 2758 utique

565 2778 754 2815 omnes
782 2774 942 2813 carne
994 2761 1284 2824 vestimur,
1327 2769 1381 2812 et
1410 2762 1526 2814 sine
1567 2763 1730 2815 dubio
1761 2763 1812 2814 in
1841 2776 2004 2814 carne
2040 2776 2147 2814 non

564 2846 767 2890 smnus,
799 2829 890 2896 qui
919 2843 1026 2880 non
1057 2828 1347 2882 secundum
1376 2845 1590 2884 carnem
1621 2831 1954 2884 ambulamus
1975 2871 1989 2894 ,
2023 2828 2148 2884 hinc

564 2901 728 2954 etiam
756 2899 1008 2966 gignitur,
1040 2907 1097 2950 ut
1127 2912 1231 2949 non
1275 2912 1486 2969 semper
1510 2900 1671 2952 homo
1701 2900 1805 2954 isto
1826 2899 2147 2969 appellatio-

567 2971 651 3023 nis
681 2969 897 3036 nomine
927 2977 1226 3020 censeatur.
1284 2966 1414 3019 Nam
1463 2983 1560 3036 pro
1590 2966 1874 3022 virtutibus
1897 2966 2028 3024 'suis
2058 2977 2151 3022 aut

565 3038 729 3101 vitiis,
762 3035 1041 3106 etl'ormas
1067 3037 1229 3089 sumit
1266 3042 1322 3089 et
1353 3035 1587 3090 nomina.
1621 3037 1859 3103 Denique
1900 3039 1974 3091 ait
2022 3053 2149 3106 pro-

568 3109 733 3231 gheta
767 3121 780 3160 :
817 3102 994 3159 Nolite
1013 3106 1128 3184 ﬁeri
1157 3107 1288 3184 sicut
1311 3120 1466 3174 equus
1488 3117 1536 3159 et
1565 3109 1732 3186 malus
1767 3102 1940 3175 (Psal.
1973 3102 2144 3187 nisi).

613 3186 706 3230 unt
730 3190 859 3231 ergo
889 3175 1134 3229 homines
1181 3189 1272 3231 (ιιιι
1297 3176 1436 3231 apud
1485 3177 1764 3230 Dominum
1793 3186 1916 3230 sunt
1943 3192 2065 3231 euut
2096 3184 2144 3230 et

613 3186 706 3230 unt
730 3190 859 3241 ergo
889 3175 1134 3229 homines
1181 3175 1272 3242 qui
1297 3189 1326 3227 a

568 3192 706 3231 bunt
730 3192 859 3241 ergo
890 3192 1134 3229 nomines
1181 3192 1272 3242 qui
1297 3192 1436 3296 axina
1485 3192 1764 3230 ummnum
1793 3192 1916 3230 sunt
1943 3192 2065 3245 equi
2096 3192 2150 3230 et

568 3247 718 3300 muli.
751 3244 817 3297 Et
865 3244 1120 3297 Dominus
1168 3247 1280 3315 ait:
1375 3246 1494 3298 alite
1537 3248 1788 3315 projicere
1839 3247 2150 3315 margaritas

567 3325 762 3369 vestras
801 3323 922 3366 ante
951 3329 1135 3382 porcos
1166 3312 1380 3382 (Matth.
1410 3312 1692 3382 vu).'Sunt
1733 3329 1860 3382 ergo
1908 3312 2152 3368 homines

572 3397 627 3439 et
659 3384 824 3455 porci.
857 3381 923 3435 Et
953 3381 1162 3455 iterum
1211 3383 1324 3455 ipse
1351 3381 1606 3455 Dominus
1637 3381 1818 3455 ;_Ecce
1863 3401 1957 3455 ego
2003 3385 2150 3455 mitto

569 3451 676 3513 vos,
709 3453 839 3505 sicut
887 3453 1096 3522 cresin
1128 3451 1295 3504 medio
1345 3454 1583 3521 luporum
1631 3453 1848 3522 (Matth.
1885 3451 1963 3522 ί).
2017 3452 2154 3507 Sunt

569 3537 699 3588 ergo
728 3523 968 3574 homines
989 3529 1043 3572 et
1087 3521 1232 3588 lupi;
1265 3529 1320 3573 et
1346 3524 1648 3576 econtrario
1679 3523 1924 3576 homines
1952 3531 2074 3575 sunt
2097 3533 2153 3577 et

568 3608 718 3645 oves.
751 3589 817 3642 Et
843 3591 916 3643 ait
945 3588 1119 3643 adhuc
1159 3589 1415 3643 Dominus
1457 3588 1617 3645 Petro
1643 3609 1654 3643 :
1690 3591 1856 3645 Pasce
1875 3608 1987 3644 oves
2012 3607 2153 3645 meas

570 3662 748 3726 (Joan.
776 3662 922 3731 ut);
952 3667 1006 3712 et
1032 3660 1146 3731 ipse
1166 3659 1316 3731 prius
1343 3676 1379 3731 :_
1398 3658 1521 3712 Veni
1553 3670 1667 3731 post
1697 3677 1794 3724 me,
1817 3669 1866 3714 et
1895 3661 2087 3731 faciam
2109 3672 2155 3714 te

570 3729 1168 3800 piscatoremjiontinuni
1193 3727 1411 3795 (Matth.
1455 3727 1560 3796 tv).
1591 3729 1728 3800 sunt
1754 3727 2156 3799 ergo'homiues

570 3795 624 3853 et
656 3800 846 3868 pisces.
879 3797 985 3868 Sed
1021 3799 1102 3849 hae
1144 3795 1328 3868 forma:
1358 3806 1572 3851 actuum
1603 3795 1850 3852 videntur
1877 3815 2016 3864 esse,
2048 3816 2153 3853 non

570 3865 880 3936 corporum.
911 3865 1040 3918 Nam
1071 3867 1526 3936 corporisnostri
1557 3878 1736 3922 certus
1771 3877 1854 3921 est
1877 3878 2066 3934 status,
2097 3878 2155 3922 ut

571 3935 811 3991 omnium
843 3936 1222 3999 animantium;
1254 3935 1348 3989 sed
1393 3939 1645 4006 quoniam
1677 3937 1815 4006 apud
1851 3937 2016 3991 Deum
2049 3954 2156 3991 non

571 3951 811 3991 omnium
843 3951 1222 3999 animantium;
1254 3951 1348 3989 seu
1393 3951 1645 4056 quoniam
1677 3951 1815 4006 apud
1851 3951 2016 3991 Deum
2049 3954 2154 3991 non

571 4010 638 4059 de
663 4015 804 4058 statu
835 4007 1078 4066 corporis
1111 4007 1299 4068 nostri,
1332 4021 1408 4057 sei
1451 4006 1516 4059 de
1549 4006 1672 4058 vita:
1701 4008 1904 4060 meritis
1943 4007 2154 4073 judica-

572 4090 710 4136 mnr,
736 4081 959 4142 apparet
985 4088 1199 4145 omnem
1233 4075 1503 4145 hominem
1561 4083 1739 4129 mente
1765 4092 1859 4129 sua
1907 4077 2007 4129 sibi
2055 4077 2154 4145 ipsi

571 4152 768 4197 statum
800 4158 1102 4211 nomenque
1152 4144 1402 4196 formare.
1435 4143 1586 4208 Quod
1646 4146 1828 4212 utique
1876 4161 1943 4198 ex
1993 4143 2154 4209 illius,

572 4229 734 4280 quem
774 4213 1143 4273 describimus,
1171 4213 1449 4284 invisibilis
1491 4214 1719 4267 hominis
1741 4223 1832 4267 aut
1857 4216 2031 4284 culpa,
2065 4225 2160 4269 aut

573 4284 771 4360 virtute
819 4291 1131 4360 pr.estatur._
1172 4281 1342 4350 Ipsius
1396 4283 1660 4360 siquidem
1692 4284 1876 4360 vitium
1921 4281 2072 4360 e—st,_f
2111 4285 2156 4360 si

573 4352 844 4419 subjectus
874 4367 1061 4419 passus
1091 4353 1160 4403 sit
1200 4367 1317 4404 esse
1354 4351 1658 4417 subjectus;
1691 4353 1735 4405 si
1778 4362 1967 4407 contra
2018 4354 2157 4408 divi-

573 4437 696 4476 nam
717 4421 1120 4488 dispositionem
1143 4422 1210 4472 sit
1232 4422 1282 4473 in
1315 4420 1590 4474 dominatu
1616 4423 1864 4486 servitus,
1893 4433 1947 4475 et
1970 4424 2020 4476 in
2043 4439 2158 4478 ser-

574 4492 740 4561 vitute
777 4493 932 4560 123
959 4490 1284 4561 dominatus.
1307 4489 1410 4542 Sed
1432 4506 1498 4561 ne
1521 4492 1705 4544 videar
1727 4493 2002 4560 (quoniam
2025 4509 2157 4561 pau-

575 4559 740 4612 lulum
771 4556 979 4625 deﬂeto
1007 4560 1151 4611 velut
1178 4560 1379 4626 pariete
1409 4559 1477 4611 ad
1528 4561 1673 4614 illum
1706 4556 2154 4616 invisibilem'ho-
2185 4556 2236 4616 D

577 4630 775 4682 minem
794 4629 1151 4696 disputatione
1170 4629 1406 4696 perveni)
1439 4644 1634 4697 corpus
1664 4632 1882 4686 omnino
1911 4632 2158 4686 destrue-

575 4713 656 4770 re,
687 4697 830 4770 quod
860 4697 996 4749 adeo
1027 4698 1315 4770 magniﬂest
1341 4701 1686 4770 saciamenti,
1727 4708 1783 4753 ut
1808 4702 1860 4752 in
1890 4700 1993 4755 hoc
2019 4702 2154 4770 ipso,

576 4767 627 4820 id
668 4775 752 4838 est
781 4768 832 4819 in
862 4775 1046 4838 nostro
1086 4766 1254 4838 fragili
1284 4775 1338 4819 et
1369 4765 1862 4838 infirmo.Dominus
1909 4765 2154 4838 vene-rit,

576 4851 683 4889 non
709 4836 811 4889 hoc
842 4835 948 4901 egi,
979 4843 1070 4887 aut
1099 4837 1202 4888 hoc
1231 4850 1358 4902 ago;
1393 4839 1484 4890 sel
1518 4838 1645 4891 illud
1676 4837 1960 4892 ostendere
1987 4835 2156 4895 tenta;

576 4907 625 4957 vi
672 4905 827 4972 hujus
874 4905 1157 4958 exterioris
1187 4906 1350 4957 vitam
1382 4907 1522 4960 illius
1559 4907 1782 4961 interius
1833 4909 1944 4960 vita
1975 4912 2155 4964 consi-

575 4984 750 5037 stere;
785 4975 975 5046 iterum
1007 4974 1273 5046 interioris
1299 4983 1525 5028 mortem
1549 4976 1878 5031 descendere
1904 4978 2063 5046 hujus
2087 4979 2158 5033 de

577 5054 796 5115 morte:
831 5045 915 5115 ubi
974 5045 1313 5115 propinatum
1337 5059 1605 5115 venenum
1663 5061 1760 5115 per
1803 5048 1930 5100 vitia
1974 5045 2154 5115 luerit,

578 5112 717 5185 niihil
759 5113 958 5185 habere
999 5113 1155 5165 istum
1195 5114 1260 5168 de
1299 5113 1438 5185 vita;
1490 5116 1586 5167 nisi
1637 5112 1702 5167 ab
1757 5116 1848 5170 illo
1905 5112 2155 5185 irrigatus

587 5182 765 5247 fuerit,
812 5182 941 5235 nihil
988 5190 1198 5246 tenere;
1260 5184 1592 5252 alterumque
1648 5186 1700 5238 in
1746 5182 2163 5241 naturam'alte-

650 5320 677 5350 ⁸
709 5311 838 5366 Cod.
872 5321 926 5366 et
953 5312 1105 5374 edil.,
1137 5313 1208 5365 ad
1233 5315 1544 5368 mendicum.

649 5379 676 5419 δ
704 5381 838 5452 Cod.
870 5393 924 5435 et
945 5384 1094 5446 edit.,
1121 5385 1424 5452 incorporea
1445 5387 1694 5439 caecitate.

653 5463 678 5523 ς
706 5451 839 5523 Cod.
871 5461 924 5505 et
955 5453 1105 5523 ediL,
1137 5469 1228 5505 nec
1251 5451 1370 5506 ante
1392 5457 1544 5523 pedes
1567 5473 1685 5508 suos
1715 5473 1938 5509 cernere.

652 5519 679 5556 ἀ
708 5522 838 5592 t_lo-_l.
871 5529 928 5592 et
946 5521 1097 5585 edit.,
1128 5524 1232 5575 illa!
1259 5519 1416 5576 etiam
1437 5540 1570 5592 quit,
1594 5534 1697 5578 etc.

656 5589 858 5664 illud”
875 5590 928 5641 id
953 5599 1045 5652 est,
1073 5589 1680 5664 atanimaisubstantiam
1699 5596 1980 5660 carnalem,
2003 5596 2160 5664 spiri-

580 5653 985 5730 tualeiuqnoqne
1005 5661 1108 5711 suis
1139 5661 1402 5714 virtutibus
1431 5673 1657 5730 praestet.

654 5725 671 5761 ι
707 5724 748 5776 Ε
769 5724 869 5784 ιιι..
900 5724 942 5779 si
973 5729 1210 5797 subjectis
1241 5724 1516 5798 passus'sit
1557 5749 1666 5784 esse
1696 5733 1966 5803 subjectus.
2020 5733 2154 5788 Cod.

2223 554 2338 600 tute
2385 546 2636 600 transire.
2687 545 2849 611 igitur
2878 544 3132 614 quoniam
3169 543 3281 611 jam
3311 552 3366 597 et
3407 543 3493 614 ubi
3520 545 3586 596 sit
3611 543 3775 611 homo,

2222 627 2277 693 e_t
2299 615 2428 693 quid
2472 615 2753 693 s_it_hor_no,
2786 611 3023 693 breviter
3052 613 3196 680 licet,
3239 611 3468 693 ostendi,
3499 627 3611 693 qua:
3656 629 3777 668 nunc

2221 681 2338 753 ejus
2366 684 2597 738 hominis
2623 684 2733 736 vita
2781 684 2850 737 sit
2879 682 3186 753 videamus._
3207 693 3231 728 κ
3257 681 3314 753 Si
3357 685 3503 753 enim
3531 683 3626 738 ista
3653 693 3777 737 certe

2225 751 2509 808 mundialis
2536 754 2664 816 vita,
2696 768 2816 821 qua:
2863 752 3000 805 mala
3032 766 3130 820 pro
3173 751 3330 805 bonis
3355 751 3516 805 habet
3538 791 3553 812 .
3581 761 3632 806 et
3658 754 3775 804 bona

2263 840 2326 879 ro
2372 823 2550 888 malis,
2577 837 2738 892 quain
2772 829 2934 892 totus
2985 821 3131 874 orbis
3157 822 3399 892 sequitur
3442 830 3496 892 ei
3523 821 3661 892 exilit,
3689 838 3775 874 non

2263 841 2326 879 ro
2372 841 2550 888 maus,
2577 841 2738 892 quam
2789 841 2934 876 tatus
2985 841 3131 874 orms
3157 841 3399 890 sequitur
3442 841 3496 874 et
3523 841 3661 882 mm,
3689 841 3774 874 non

2224 841 2339 948 Raso
2368 893 2420 945 in
2450 892 2722 946 al‘lluentia
2751 891 3054 945 divitiarum
3084 899 3189 956 est,
3219 905 3325 943 non
3374 891 3426 942 in
3475 889 3669 956 fastigio
3696 907 3774 959 po-

2228 963 2429 1024 tentiaz,
2454 977 2561 1016 non
2585 961 2637 1014 in
2654 960 3041 1028 jurisdictionis
3058 967 3209 1018 astu.
3232 974 3348 1028 non
3371 960 3422 1012 in
3450 962 3775 1028 pompositate

2229 1031 2507 1096 facundiae,
2536 1027 2716 1084 nonin
2745 1030 2946 1083 viribus
2972 1043 3066 1098 per
3098 1029 3276 1097 praelia
3303 1027 3584 1096 gloriasis,
3607 1044 3701 1080 non
3736 1030 3775 1080 in

2229 1101 2500 1156 mercibus
2549 1099 2944 1170 provinciarum
2983 1099 3289 1170 mutatione
3312 1098 3473 1170 et‘sui
3502 1099 3775 1166 peregrinu-

2230 1173 2378 1225 tione
2405 1165 2794 1231 crescentibus,
2825 1183 2933 1222 non
2981 1168 3031 1220 in
3064 1167 3330 1221 lenocinio
3362 1165 3662 1228 formarum,
3688 1181 3774 1218 non

2232 1240 2287 1294 in
2317 1241 2518 1292 amhitu
2548 1252 2852 1302 munerum,
2878 1253 2982 1291 non
3016 1238 3068 1290 in
3091 1237 3172 1290 his
3193 1245 3275 1290 est
3295 1236 3526 1303 denique
3563 1235 3777 1290 omnibus

2230 1323 2350 1377 quae
2376 1309 2652 1372 videmus;
2681 1309 2930 1377 quoniam
2961 1313 3154 1377 cuncta
3174 1305 3290 1360 haec
3318 1303 3584 1377 occidunt,
3598 1313 3661 1377 _et
3674 1304 3775 1377 siue

2233 1373 2347 1432 istis
2396 1379 2552 1430 beate
2604 1373 2767 1429 etiam
2824 1376 2976 1443 juxta
3002 1376 3252 1428 saeculum
3282 1374 3384 1426 vivi
3412 1374 3568 1428 solet.
3593 1373 3690 1427 Sed
3710 1375 3778 1427 illa

2233 1457 2316 1501 est
2345 1447 2450 1499 vita
2479 1459 2628 1511 vera,
2657 1443 2682 1482 δ
2715 1445 2821 1497 vita
2864 1444 3187 1508 veneranda,
3218 1443 3382 1497 Deum
3417 1459 3599 1504 nosse,
3622 1445 3779 1497 timere

2235 1517 2352 1595 ejus
2393 1515 2715 1595 potentiam,
2735 1527 2916 1595 amare
2943 1513 3218 1595 pietatem,
3250 1513 3504 1566 mundum
3535 1511 3776 1595 opilio:

2236 1584 2438 1647 mirari,
2471 1584 3325 1654 interpellatoremcontemnere,
3356 1598 3478 1637 esse
3505 1584 3780 1654 victuma:

2236 1656 2357 1710 dico
2386 1669 2482 1724 pro
2512 1651 2720 1724 natur-te
2741 1653 3060 1724 necessitate
3087 1660 3423 1724 contentum,
3448 1659 3599 1724 veste
3619 1652 3696 1704 vili
3714 1651 3785 1704 vel

2237 1739 2336 1794 pro
2375 1721 2604 1794 pudoris
2625 1723 2852 1794 ratione,
2880 1722 2965 1776 vel
3013 1738 3113 1791 pro
3143 1721 3400 1790 temporis
3451 1722 3632 1794 injuria
3656 1737 3786 1794 ωιιι-

2238 1791 2521 1847 inunitum.
2554 1793 2644 1847 Sic
2670 1792 2935 1860 reliquam,
2959 1800 3395 1860 creaturaminon
3427 1807 3491 1844 ex
3531 1792 3606 1845 sui
3632 1791 3790 1860 copia,

2237 1863 2324 1917 vel
2352 1877 2451 1932 pro
2480 1862 2626 1914 vitali
2656 1859 2889 1932 ratione,
2909 1859 2939 1932 _'
2975 1860 3072 1932 sed
3098 1876 3194 1929 pro
3221 1859 3527 1932 adjumento
3557 1859 3696 1932 hujus
3717 1859 3793 1910 lu-

2240 1935 2316 1988 cis
2341 1929 2623 1997 attingere.
2655 1930 2921 1998 Quidquid
2945 1930 3086 1983 enim
3112 1929 3339 1998 amplius
3359 1939 3507 1995 est,a
3532 1930 3661 1982 malo
3679 1937 3746 1998 est
3773 1945 3786 1977 ε

2241 2017 2456 2056 omnem
2489 1996 2775 2054 hominem
2814 1996 3010 2053 amare
3035 1999 3188 2066 quasi
3202 1996 3436 2052 'fratrem
3455 2040 3470 2062 ,
3499 1999 3684 2051 nullum
3709 1996 3794 2051 ke-

2240 2072 2389 2133 dere,
2421 2071 2624 2124 servire
2653 2069 2917 2133 omnibus,
2949 2067 3175 2121 formam
3223 2068 3364 2122 servi
3409 2069 3662 2121 sustinere
3686 2082 3798 2120 cum

2247 2142 2494 2203 Domino,
2526 2139 2619 2207 qui
2646 2139 2800 2208 nobis
2827 2146 3020 2208 prmter
3045 2137 3402 2208 ministerium
3432 2139 3572 2206 quod
3596 2137 3801 2208 interius

2243 2205 2565 2271 continetur,
2600 2205 2842 2276 quotidie
2888 2209 3054 2260 servit
3099 2207 3151 2260 in
3202 2207 3428 2276 mundo,
3483 2205 3802 2276 producendo

2243 2281 2435 2342 solem,
2465 2275 2760 2331 emittendo
2809 2277 3005 2343 lucem,
3052 2276 3259 2345 pluvias
3304 2275 3646 2339 inlundendo,
3673 2284 3800 2345 tetu-

2282 2364 2379 2403 ora
2429 2346 2708 2411 variando,
2739 2345 2917 2412 fruges
2941 2347 3027 2399 vel
3056 2344 3342 2412 gignendo,
3372 2346 3456 2399 vel
3487 2344 3799 2397 maturanda.

2277 2419 2410 2472 iobis
2438 2417 2580 2471 enim
2605 2417 2657 2470 in
2686 2416 2850 2469 totius
2869 2423 3126 2469 creaturae
3151 2413 3285 2468 facie
3303 2455 3316 2477 ,
3343 2415 3430 2468 vel
3462 2415 3688 2467 ubertate
3709 2413 3801 2466 de—

2246 2489 2431 2553 servit,
2449 2486 2705 2554 quoniam
2736 2500 2833 2554 pro
2865 2484 3018 2537 nobis
3031 2482 3222 2538 cuncta
3239 2485 3532 2550 generavit.
3557 2483 3650 2554 Sed
3675 2490 3721 2536 ιιι
3741 2479 3803 2534 ad

2247 2557 2479 2611 hominis
2507 2553 2684 2609 oflicia
2715 2553 3067 2620 revertamur,
3098 2555 3296 2607 nudum
3325 2562 3527 2621 tegere,
3557 2553 3685 2606 alere
3698 2567 3804 2605 esu-

2247 2628 2498 2688 rientem,
2527 2625 2799 2678 sitientem
2829 2632 3034 2692 potare,
3067 2622 3306 2676 infirmos
3331 2624 3567 2685 visitare,
3591 2623 3806 2692 tristibus

2244 2694 2538 2749 condolere
2563 2735 2579 2760 ,
2609 2691 2853 2762 mortuos
2899 2694 3150 2762 sepelire,
3195 2692 3326 2745 nihil
3357 2693 3497 2762 apud
3532 2691 3807 2762 se_haberc

2249 2764 2402 2831 quasi
2430 2759 2608 2830 suum,
2636 2761 2732 2816 sed
2759 2763 2938 2817 omnia
2962 2759 3088 2816 'sua
3135 2777 3254 2816 eum
3303 2759 3552 2815 omnibus
3591 2759 3808 2828 judicare

2251 2832 2580 2899 communia,
2611 2847 2675 2886 ac
2700 2841 2829 2885 tunc
2855 2831 3025 2898 magis
3069 2831 3169 2884 sibi
3219 2832 3400 2885 vivere
3432 2873 3447 2896 ,
3494 2845 3610 2885 eum
3646 2831 3811 2899 vivere

2249 2903 2542 2956 aestimatur
2568 2896 2712 2967 aliis,
2739 2896 3259 2968 sibiqueitecondere
3283 2915 3404 2954 eum
3438 2900 3554 2953 aliis
3593 2896 3812 2953 creditur

2252 2985 2497 3038 erogare.
2532 2968 2600 3022 Et
2628 2971 2743 3023 haec
2771 2977 2950 3023 tamen
2978 2971 3151 3023 adhuc
3177 2970 3465 3024 exterioris
3493 2968 3709 3023 hominis
3752 2968 3812 3019 li-

2253 3049 2537 3094 neamenta
2569 3039 2908 3105 contingunt.

2322 3107 2453 3163 Cn.
2484 3107 2569 3162 Ill.
2601 3140 2673 3150 -—
2692 3107 2957 3162 Caeterum
2987 3107 3072 3161 illa
3098 3106 3371 3161 interioris
3397 3107 3628 3162 hominis
3650 3111 3748 3160 vita
3769 3110 3814 3158 in

1370 3176 1441 3257 uti
1485 3177 1764 3257 Dominum
1793 3186 1916 3230 sunt
1943 3177 2150 3257 equiet
2175 3193 2222 3257 ρ
2253 3179 2550 3257 divinarum
2591 3193 2773 3257 rerum
2803 3178 3107 3257 cognitione
3134 3178 3424 3257 eonsistit_.
3459 3192 3562 3257 non
3591 3192 3689 3245 qua
3716 3191 3815 3254 eo;-

2256 3250 2363 3303 lum
2393 3259 2552 3302 terrae
2580 3255 2732 3316 parte
2757 3247 3021 3316 volvatur,
3055 3261 3160 3300 non
3191 3261 3257 3300 an
3284 3247 3558 3302 contrario
3579 3262 3727 3301 cursu
3754 3245 3817 3297 si-

2257 3319 2383 3373 dera
2408 3314 2702 3387 rapiantur,
2736 3333 2842 3371 non
2867 3332 2933 3370 an
2963 3314 3177 3387 Oceano
3204 3326 3426 3384 generet
3456 3316 3724 3387 plenitudo
3749 3316 3816 3366 in-

2253 3390 2399 3442 naris
2427 3385 2828 3454 augumentum,
2852 3401 2960 3440 non
2991 3401 3058 3454 an
3097 3385 3282 3440 orbem
3313 3387 3494 3439 mundi
3543 3385 3819 3439 rotunditas

2255 3459 2367 3527 ipsa
2396 3453 2704 3525 suspendat,
2737 3470 2802 3508 an
2828 3453 3191 3527 quadriforma
3217 3456 3426 3527 angulis
3454 3455 3820 3527 promineittio-

2254 3523 2400 3580 ribus
2450 3523 2728 3594 astringat,
2780 3541 2848 3578 an
2892 3541 3028 3578 unus
3055 3525 3168 3594 ipse
3194 3524 3424 3579 mundus
3449 3523 3536 3590 sit,
3566 3541 3631 3578 an
3658 3523 3819 3592 plures

2255 3597 2380 3650 sint.
2420 3595 2432 3644 i
2471 3594 2603 3648 Nam
2626 3595 2738 3648 haec
2766 3594 2834 3647 ad
2859 3595 3053 3648 anima:
3080 3610 3186 3647 non
3209 3596 3439 3651 tendunt
3461 3594 3754 3656 utilitatem,
3775 3601 3820 3644 et

2255 3664 2395 3735 apud
2426 3664 2595 3718 Deum
2635 3663 2802 3735 stulta
2826 3663 3166 3735 judicantur;
3189 3663 3282 3718 sed
3306 3663 3360 3719 in
3402 3664 3510 3735 iliis
3535 3664 3673 3717 sanis
3692 3662 3818 3735 cogi-

2256 3730 2572 3800 tationibus,
2605 3733 2649 3786 si
2674 3730 2888 3801 quando
2931 3742 3198 3800 versatur,
3227 3741 3355 3787 tunc
3410 3733 3557 3796 vivit,
3591 3742 3642 3802 et
3667 3730 3820 3802 pasci-

2258 3813 2362 3856 tur.
2393 3802 2522 3868 Quae
2542 3811 2666 3856 sunt
2690 3810 2868 3856 autem
2895 3802 3007 3857 ista:
3029 3818 3172 3856 sana:
3190 3803 3581 3870 cogitationes?
3601 3801 3703 3855 Illa:
3721 3802 3822 3853 sine

2256 3873 2440 3935 dubio,
2470 3887 2595 3926 eum
2653 3886 2803 3926 mens
2843 3881 3028 3926 nostra
3075 3872 3157 3928 sui
3210 3872 3530 3926 recordatur
3575 3871 3816 3928 auctoris:

2257 3957 2378 3996 eum
2410 3942 2744 4013 illumilg']
2786 3942 2932 3995 velut
2962 3956 3058 4011 per
3085 3941 3370 4010 quamdam
3417 3940 3817 4011 resipiscentiam

2258 4026 2433 4080 suam,
2465 4010 2724 4080 opificem
2763 4026 2916 4065 suum
2969 4010 3258 4065 veneratur
3284 4025 3346 4065 ac
3376 4010 3691 4075 contuetur,
3716 4023 3817 4062 cum

2258 4079 2372 4148 ejus
2421 4079 2605 4149 opera.
2641 4081 2811 4148 ipsum
2841 4080 2894 4133 in
2923 4080 3038 4149 ejus
3064 4081 3314 4149 operibus
3353 4081 3534 4134 visura
3589 4080 3816 4133 miratur.

2259 4152 2470 4205 dicente
2499 4150 2658 4204 beato
2689 4149 2853 4204 Paulo
2886 4167 2898 4201 :
2934 4149 3222 4204 lnvisibilia
3247 4152 3381 4202 enim
3409 4150 3522 4220 ejus
3551 4167 3583 4202 a
3609 4157 3820 4220 creatura

2258 4219 2436 4273 mundi
2462 4237 2551 4289 per
2577 4237 2636 4272 ea
2666 4236 2778 4290 qua:
2799 4221 2936 4289 facta
2959 4228 3100 4286 sunt,
3129 4221 3412 4286 intellecta,
3436 4219 3817 4290 conspiciuntur,

2259 4300 2306 4360 et
2336 4288 2646 4357 sempiterna
2668 4288 2862 4360 quoque
2890 4291 3004 4360 ejus
3024 4291 3193 4360 uirtus
3208 4299 3258 4360 et
3287 4291 3533 4342 divinitas
3561 4288 3726 4360 (Rout.
3751 4293 3814 4360 1)]

2261 4359 2314 4412 id
2344 4367 2444 4422 est,
2477 4373 2599 4412 eum
2629 4358 2694 4412 es
2724 4358 2997 4412 immensis
3026 4358 3323 4412 visibilibns
3349 4367 3608 4414 creaturae
3637 4358 3695 4410 ad
3721 4358 3818 4406 uni-

2260 4427 2570 4482 versitatem
2600 4427 2878 4481 invisibilis
2907 4427 3180 4481 Creatoris
3224 4427 3585 4494 estendimur,
3613 4429 3662 4481 el
3691 4424 3815 4478 illum

2261 4513 2358 4567 per
2387 4496 2500 4567 luce
2527 4495 2653 4550 dum
2701 4496 3125 4567 inaestimabilem
3175 4497 3429 4567 discimus
3453 4539 3467 4560 ,
3497 4497 3815 4567 aestimatum.

2261 4559 2382 4622 eum
2407 4566 2524 4634 ejus
2549 4566 2883 4620 altitudinem
2911 4580 3007 4635 per
3024 4565 3226 4635 donum
3244 4559 3475 4634 Spiritus
3503 4565 3670 4620 sancti
3688 4559 3814 4635 evol-

2261 4632 2452 4708 ventes
2479 4637 2753 4708 (quoniam
2784 4635 2896 4704 ipse
2912 4632 3074 4708 isolus
3095 4649 3194 4708 nos
3210 4634 3272 4708 in
3286 4632 3494 4703 ipsum,
3520 4637 3612 4703 qui
3638 4649 3697 4688 es
3719 4632 3815 4708 ipso

2263 4715 2368 4768 est,
2395 4705 2754 4774 intromittit),
2787 4704 2966 4758 omnia
2996 4704 3256 4774 principia
3277 4713 3541 4774 creature
3560 4704 3816 4766 surgentis,

2262 4769 2569 4844 quasiilaeii
2591 4843 2599 4844 ί
2619 4774 2685 4844 ab
2706 4769 2845 4844 'ipso
2887 4769 3200 4844 anteriores
3223 4773 3532 4844 aspicimus,
3562 4784 3740 4827 etcum
3765 4782 3815 4817 ea

2411 4843 2552 4897 Deus
2581 4843 2726 4922 fecit,
2747 4841 2902 4922 quasi
2926 4841 3095 4922 iaciat
3121 4841 3315 4922 adhuc,
3344 4842 3662 4922 intuemur.
3691 4853 3818 4922 lilutl:

2264 4910 2426 4982 dique
2451 4922 2615 4967 totam
2639 4910 2899 4980 originem
2924 4920 3374 4978 transcurrentes,
3396 4928 3498 4968 ceu
3519 4910 3818 4982 antiquiores

2264 4978 2526 5037 ellieimur
2553 4998 2711 5052 quam
2731 4978 3136 5052 isumusizctate;
3168 4991 3223 5035 et
3249 4998 3372 5036 eum
3403 4978 3818 5047 universaprins-

2265 5068 2425 5120 quam
2457 5068 2554 5105 nos
2573 5051 2820 5106 essemus
2865 5051 3051 5106 ell‘ecta
3083 5052 3210 5115 sint,
3242 5061 3492 5106 naturam
3526 5062 3695 5120 tamen
3721 5059 3815 5096 um-

2266 5117 2433 5181 nium,
2458 5121 2609 5188 quasi
2639 5137 2736 5191 per
2765 5135 2863 5176 nos
2883 5121 3136 5191 genitam,
3159 5121 3286 5175 dum
3307 5123 3516 5177 auctori
3546 5117 3814 5191 inscrimglr.

2271 5181 2582 5260 reputainus
2610 5181 2710 5245 :'in
2750 5181 2913 5261 quani
2941 5207 3046 5244 non
3079 5181 3137 5244 ut
3165 5191 3514 5258 serviremus,
3543 5190 3635 5245 sed
3663 5194 3714 5240 ut
3734 5181 3813 5234 du-

2270 5335 2432 5392 vero,
2451 5322 2496 5374 si
2525 5323 2770 5392 subjectis
2792 5322 2940 5392 sciuit
2963 5337 3072 5374 esse
3100 5319 3378 5392 subjectus.

2341 5401 2366 5436 κ
2383 5391 2527 5512 foci.
2561 5383 2794 5454 et'edit.,
2822 5391 2952 5445 Sion
2980 5400 3114 5443 certe
3134 5383 3233 5442 ἰδία
3259 5389 3564 5460 mundialis,
3589 5404 3687 5462 qu
3702 5383 3812 5438 mula

2341 5476 2361 5512 9
2416 5477 2550 5512 οηιι.

2268 5476 2361 5528 pro
2383 5476 2550 5514 conss.
2929 5523 2932 5526 ,

2341 5527 2365 5566 δ
2395 5528 2528 5584 Cod.
2563 5537 2619 5583 et
2647 5528 2801 5594 edit.,
2828 5530 2930 5582 vita
2959 5527 3298 5591 numeranda,
3331 5527 3502 5583 Datus
3527 5543 3688 5585 naue.

2347 5598 2360 5636 ί
2396 5599 2527 5653 Cod.
2558 5608 2612 5655 et
2640 5589 2798 5663 edit".
2822 5601 2899 5653 sel
2927 5615 3019 5669 pro
3042 5589 3342 5670 adjumeuto
3388 5599 3546 5670 Itassz
3573 5598 3686 5654 lucis
3709 5589 3808 5643 atti-

2269 5685 2388 5739 gero
2397 5709 2409 5739 ._

2346 5741 2357 5787 i
2389 5737 2522 5791 Cod.
2552 5746 2605 5792 et
2635 5738 2787 5801 edit.,
2823 5736 2962 5791 Nam
2993 5737 3097 5792 lucc
3127 5749 3175 5793 et
3195 5737 3404 5793 anima.
