4060 6156
346 424 3588 470 W

1602 578 1828 633 SANCTI
1866 578 2092 630 PATRIS
2125 578 2357 630 NOSTRI

819 811 1627 972 JOANNIS
1754 807 3126 970 CHRYSOSTOMI

1359 1116 1822 1162 ARCHIEPISCOPI
1867 1115 2585 1164 CONSTANTINOPOLITANI

968 1337 1690 1466 HOMILI/E
1769 1340 1929 1464 IN
2021 1335 2571 1464 MATTH

1384 1338 1690 1466 [ΜΕ
1769 1340 1929 1464 IN
2021 1335 2985 1467 ΜΑΤΤΗλἘνΜ

886 1597 1168 1648 ΤΕΧΤῨΜ
1201 1597 1290 1647 ΑΒ
1323 1597 1539 1648 FIDEM
1575 1598 1881 1652 CODICVM
1915 1597 2065 1650 MSS.
2100 1601 2184 1649 ET
2224 1597 2489 1648 VERSIOI

1471 1599 1539 1647 ΞΜ
1575 1598 1881 1652 CODICVM
1915 1597 2065 1650 MSS.
2100 1601 2184 1649 ET
2224 1597 2632 1648 VERSIONVM
2667 1594 3074 1647 Ε’ΜΕΝΠΔΥΙΤ

1088 1685 1512 1737 ΡΗΔΞΟΙΡΥΑΜ
1564 1687 1930 1739 LECTIONIS
1967 1685 2410 1736 VARIETATEM
2445 1682 2855 1736 ADSCRIPSIT

1324 1770 1950 1822 ADNOTATIONIBVS
1985 1771 2109 1820 VBI
2165 1770 2346 1820 OPVS
2384 1770 2550 1818 ERAT
2587 1769 2670 1818 ET

1479 1854 1695 1905 NOVIS
1732 1854 2103 1906 INDICIBVS
2137 1852 2526 1903 INSTRVXIT

403 2048 864 2111 FRIDERICVS
904 2049 1125 2111 FIELD
1162 2051 1281 2110 ΛΑ.
1335 2051 1412 2110 Μ.
1459 2049 1806 2112 COLLEGII
1846 2052 1949 2118 SS.
1991 2052 2428 2113 TRINITATIS
2469 2055 2518 2113 A
2555 2053 2759 2114 REGE
2802 2053 2981 2116 HEN.
3028 2054 3162 2116 VIII
3195 2056 3530 2120 FVNDATI

1591 2156 1695 2217 UN
1703 2158 1794 2218 US
1835 2160 1880 2218 E
1922 2158 2336 2219 SODALITIO.

983 2340 1308 2407 Cantabrigize
1337 2343 1385 2392 in
1421 2341 1622 2393 Ollicina
1658 2341 1977 2403 Academica,
2014 2343 2251 2396 svmtibvs
2282 2343 2487 2397 editoris
2543 2344 2955 2398 MDCCCXXXIX.

1645 2534 2271 2566 -α-ιψ--ι

1605 2715 2323 2827 ΡΒιΈΡΑΤΙΟ.

418 3134 593 3210 Quod
630 3133 1072 3215 Chrysostomo
1102 3133 1246 3216 ipsi,
1271 3133 1420 3198 dum
1450 3133 1514 3196 in
1541 3131 1690 3195 vivis
1715 3139 1867 3208 erat,
1899 3149 1934 3196 a
1965 3129 2352 3200 lividioribus
2384 3135 2793 3218 objiciebatur
2816 3141 2923 3224 (a),
2943 3121 3384 3225 eum‘prolixis
3411 3155 3596 3204 exor-

338 3237 457 3302 diis
487 3237 803 3299 auditores
831 3236 1082 3311 morari,
1123 3235 1186 3298 id
1217 3253 1294 3297 ne
1331 3234 1486 3298 mihi
1532 3250 1788 3315 quoque
1841 3234 2091 3297 crimini
2122 3234 2326 3312 detur,
2365 3237 2670 3316 praefandi
2716 3233 3181 3320 negotioi'intra
3217 3243 3596 3308 arctissimos

334 3334 565 3398 limites
595 3335 918 3410 concluso,
949 3335 1028 3397 ad
1079 3331 1556 3396 disertissimum
1604 3332 1849 3393 Patrem
1911 3334 2236 3395 Lectorem
2285 3332 2617 3396 remittam.
2665 3338 3016 3421 Antequam
3076 3357 3225 3404 vero
3282 3340 3360 3402 ad
3415 3355 3597 3402 novae

336 3435 632 3496 editionis
657 3434 1010 3496 institutum
1039 3434 1472 3512 rationemque
1503 3429 1982 3500 describendam
2017 3431 2334 3510 accingor,
2367 3449 2578 3512 opera)
2619 3433 2892 3514 pretium
2926 3431 3065 3514 erit,
3090 3437 3241 3519 quid
3279 3443 3422 3501 ante
3481 3453 3597 3498 nos

333 3535 402 3597 in
433 3534 553 3596 hac
587 3540 758 3616 parte
799 3534 1120 3595 immensae
1158 3533 1533 3614 scriptorum
1557 3530 2206 3611 Chrysostomicorum
2237 3531 2426 3610 sylvaa
2467 3532 2810 3615 excolenda
2841 3537 3114 3599 editores
3162 3535 3594 3618 praestiterint,

336 3631 607 3696 breviter
633 3649 983 3696 recensere.
1004 3633 1159 3695 Nam
1190 3637 1251 3693 et
1281 3648 1412 3693 non
1439 3631 1656 3693 leviter
1687 3630 1932 3708 erravit,
1967 3632 2078 3712 qui
2103 3631 2269 3694 idem
2300 3633 2622 3710 negotium
2649 3633 2712 3696 in
2743 3631 3114 3698 Praefatione
3141 3653 3252 3698 sua
3297 3635 3596 3716 suscepit,

335 3737 906 3814 Montefalconius,
951 3743 1012 3800 et
1067 3737 1147 3800 de
1192 3736 1355 3799 veris
1409 3735 1607 3798 nostri
1643 3735 1839 3798 Patris
1896 3735 2242 3814 editionum
2273 3741 2405 3798 tum
2435 3734 2714 3800 fontibus
2769 3743 2903 3800 tum
2939 3737 3178 3802 meritis
3217 3738 3382 3801 viros
3413 3736 3596 3800 etiam

338 3838 736 3902 doctissimos
762 3841 827 3901 in
861 3856 1103 3901 summa
1136 3836 1489 3917 ignorantia
1526 3835 1756 3897 versari
1781 3835 1990 3899 video.
2095 3807 2166 3918 ..δ’

318 3952 326 4014 ι
413 3941 464 4000 I.
514 3940 729 4001 Statim
765 3939 828 4001 in
876 3938 1188 4020 principio
1249 3937 1434 4018 hujus
1489 3935 1862 4015 argumenti,
1895 3925 2171 4023 notanda
2203 3945 2298 4002 est
2337 3939 2495 4003 mira
2529 3940 3000 4005 Montefalconii
3027 3940 3454 4014 hallucinatio,
3487 3939 3595 4020 qui

340 4041 614 4104 editione
655 4040 981 4115 Saviliana,
1003 4057 1169 4102 anno
1197 4033 1647 4120 1612'vulgata,
1677 4037 2054 4130 primotloco
2086 4040 2310 4119 posita,
2343 4039 2870 4104 Commelinianae
2906 4038 3256 4104 secundum
3284 4039 3595 4110 tribuerit,

338 4141 435 4204 bis
479 4141 684 4204 verbis
735 4159 748 4202 :
793 4165 821 4198 «
861 4145 1042 4205 Anno
1094 4140 1240 4204 1617
1282 4142 1474 4204 altera
1535 4141 1769 4222 prodiit
1837 4129 2030 4225 editio
2058 4143 2528 4205 Grteco-Latina
2578 4141 2992 4203 Homiliarum
3047 4140 3474 4221 Chrysostomi
3531 4140 3594 4200 in

338 4241 690 4303 Matthaeum
722 4247 909 4322 atque
933 4240 1000 4302 in
1037 4243 1342 4302 Joannem
1391 4257 1468 4302 ex
1497 4239 1744 4302 ofﬁcina
1768 4237 2258 4302 Commeliniana
2295 4239 2752 4318 Heidelbergre.
2785 4239 2899 4315 Qui
2939 4246 3148 4305 autem
3185 4241 3354 4304 illam
3382 4240 3594 4321 publi-

340 4343 596 4405 candam
630 4349 946 4416 curarunt,
978 4341 1343 4404 Savilianam
1366 4340 1492 4420 jam
1549 4340 1831 4420 quinque
1861 4345 2005 4402 ante
2048 4341 2230 4403 annis
2271 4340 2560 4403 emissam
2590 4357 2672 4402 ne
2711 4341 2959 4404 novisse
2983 4341 3239 4422 quidem
3269 4341 3594 4429 videntur;

336 4443 439 4506 illa
469 4449 636 4507 certe
666 4461 795 4506 non
823 4445 917 4504 usi
944 4445 1110 4516 sunt,
1147 4458 1265 4503 nec
1287 4440 1420 4520 ejus
1449 4440 1694 4521 uspiam
1721 4439 2166 4503 meminerunt.
2203 4459 2230 4496 »
2253 4441 2382 4502 Nec
2407 4438 2658 4500 mirum.
2693 4439 2847 4501 Nam
2875 4439 3217 4502 editionem
3259 4456 3436 4502 suam
3465 4457 3590 4512 non

338 4544 602 4624 quinque
640 4545 1005 4622 annispost,
1047 4541 1155 4603 sed
1195 4541 1401 4601 decem
1455 4541 1640 4602 annis
1681 4550 1822 4602 ante
1861 4540 2171 4618 vulgatam
2200 4539 2593 4615 Savilianam,
2624 4539 2914 4602 videlicet
2939 4558 3107 4604 anno
3142 4541 3314 4617 1602,
3356 4539 3590 4622 publici

325 4643 485 4725 juris
504 4643 836 4717 fecerunt;
874 4658 1138 4722 eamque
1158 4641 1378 4722 ipsam,
1405 4647 1474 4702 ut
1505 4659 1653 4703 mox
1699 4641 2070 4715 videbimus,
2101 4639 2361 4702 Savilius
2395 4640 2738 4720 typothetaa
2777 4658 2892 4704 suo
2917 4641 3386 4723 exprimendam
3406 4640 3592 4701 tradi-

335 4745 448 4808 dit.
481 4746 603 4806 Res
630 4752 838 4807 autem
869 4750 962 4806 est
985 4743 1120 4805 haec
1147 4761 1159 4804 :
1191 4742 1445 4805 Prodito
1475 4741 1818 4823 exemplari
1838 4741 2203 4818 Anglicano,
2234 4740 2822 4820 Heidelbergenses,
2855 4760 2935 4805 ne
2967 4761 3078 4806 sua
3120 4743 3313 4805 editio
3335 4761 3591 4823 prorsus

335 4849 779 4923 obsolesceret,
810 4849 1004 4911 libros
1037 4863 1201 4910 novo
1250 4845 1451 4922 titulo,
1473 4863 1708 4908 annum
1737 4845 2149 4926 posteriorem
2169 4843 2326 4906 falso
2357 4844 2620 4921 ferente,
2658 4846 2997 4910 instructos
3029 4847 3400 4923 emiserunt;
3427 4866 3589 4929 quo-

332 4967 470 5016 rum
503 4964 696 5009 unum
730 4946 977 5009 incaute
1006 4945 1334 5026 descripsit
1367 4943 1906 5007 Montefalconius.
1938 4943 2054 5018 Qui
2078 4949 2289 5006 tamen
2317 4960 2398 5005 ne
2441 4943 2529 5006 sic
2566 4944 2822 5024 quidem
2871 4947 3266 5009 excusandus
3287 4958 3402 5010 est.
3437 4948 3588 5011 Nam

337 5051 600 5116 Savilius
620 5047 757 5129 ipse
799 5047 866 5108 in
895 5049 1061 5111 notis
1089 5050 1165 5112 ad
1195 5046 1582 5110 Homiliasin
1610 5046 1970 5109 Matthaeutn
1998 5046 2085 5110 sic
2111 5047 2410 5128 prazfatus
2439 5054 2569 5110 erat
2602 5064 2617 5108 :
2656 5071 2683 5105 «
2716 5049 2902 5111 Hisce
2925 5049 3292 5132 (codicibus)
3323 5053 3590 5115 accessit

339 5155 528 5220 editio
563 5152 822 5233 vulgata
853 5148 1508 5229 Heidelbergensis,de
1538 5165 1661 5228 qua
1692 5148 1975 5228 quamvis
2000 5147 2350 5210 innumeris
2379 5154 2611 5212 scateat
2639 5149 2980 5225 erroribus,
3005 5168 3276 5232 quorum
3297 5169 3588 5233 magnam

337 5257 398 5315 et
431 5258 595 5314 certe
631 5250 965 5313 maximam
994 5255 1231 5326 partem
1261 5262 1380 5310 nos
1427 5248 1929 5328 expurgavimus,
1959 5252 2170 5308 tamen
2209 5247 2401 5326 gratia
2430 5247 2695 5312 debetur
2735 5250 2920 5312 bonis
2961 5250 3082 5312 illis
3118 5251 3302 5327 viris,
3342 5254 3489 5334 quia
3531 5261 3586 5314 et

334 5353 510 5438 prius
537 5353 771 5416 inedita
810 5351 1000 5414 edere
1028 5353 1380 5428 voluerunt,
1415 5354 1607 5435 idque
1639 5354 1810 5417 libris
1839 5371 1968 5417 non
1995 5354 2530 5433 negligentissimc
2558 5356 2882 5438 inspectis.
2919 5380 2948 5414 ao
2977 5361 3218 5439 Itaque,
3246 5365 3317 5422 ut
3344 5359 3422 5421 ad
3452 5375 3582 5420 rem

331 5455 684 5530 redeanms,
715 5453 1143 5533 Chrysostomi
1164 5452 1463 5518 Homilias
1482 5455 1548 5517 in
1570 5456 1924 5518 Matthaaum
1949 5457 2032 5541 (b)
2056 5455 2295 5536 primus
2323 5457 2529 5520 Graece
2569 5457 2763 5520 edidit
2803 5456 2968 5540 (nam
2997 5457 3077 5522 de
3105 5459 3335 5522 Latinis
3351 5456 3582 5520 editio-

398 5643 478 5783 ἔα)
496 5644 616 5702 Vid.
639 5645 777 5718 Opp.
810 5655 942 5702 tom.
963 5642 1051 5708 Ill,
1093 5661 1148 5716 p.
1183 5647 1302 5702 HS.
2298 5678 2320 5690 ε

421 5721 469 5783 b)
505 5716 705 5772 llarum
734 5717 1082 5772 llomiliarum
1109 5733 1215 5772 una
1246 5728 1301 5774 et
1316 5718 1484 5776 altera
1513 5735 1757 5778 seorsum
1779 5718 1890 5783 iam
1920 5725 2044 5774 ante
2070 5717 2320 5783 prodicra

421 5721 469 5785 υ)
505 5716 705 5772 llaruni
727 5716 1082 5772 llomillarum
1109 5733 1215 5772 una
1246 5728 1301 5774 et
1316 5718 1484 5776 altera
1513 5735 1757 5778 seorsum
1779 5718 1890 5791 jam
1920 5725 2044 5774 ante
2070 5717 2410 5790 prodierant.

648 5811 919 5874 ΡΑτιιοι.
953 5812 1069 5874 (in.
1100 5812 1296 5876 LVII.
