  <div class='ocr_page' id='page_1' title='image "/cluster/home/n/w/nwhite01/storage/ocr_20150623/57/mdp.39015008622600/013.png"; bbox 0 0 4060 6156; ppageno 0'>
   <div class='ocr_carea' id='block_1_1' title="bbox 459 294 2514 352">
    <p class='ocr_par' dir='ltr' id='par_1_1' title="bbox 459 294 2514 352">
     <span class='ocr_line' id='line_1_1' title="bbox 459 294 2514 352; baseline -0.001 0"><span class='ocrx_word' id='word_1_1' title='bbox 459 312 508 352; x_wconf 65' lang='grc' dir='ltr'><strong><em>ιιι</em></strong></span> <span class='ocrx_word' id='word_1_2' title='bbox 1678 295 1856 352; x_wconf 77' lang='lat' dir='ltr'><strong><em>FRID.</em></strong></span> <span class='ocrx_word' id='word_1_3' title='bbox 1901 295 2102 351; x_wconf 83' lang='lat' dir='ltr'><strong><em>FIEI.D</em></strong></span> <span class='ocrx_word' id='word_1_4' title='bbox 2141 294 2514 352; x_wconf 62' lang='lat' dir='ltr'><strong><em>PREFATIO</em></strong></span> 
     </span>
    </p>
   </div>
   <div class='ocr_carea' id='block_1_2' title="bbox 468 389 3718 478">
    <p class='ocr_par' dir='ltr' id='par_1_2' title="bbox 468 389 3718 478">
     <span class='ocr_line' id='line_1_2' title="bbox 468 389 3718 478; baseline -0.002 -18"><span class='ocrx_word' id='word_1_5' title='bbox 468 399 649 460; x_wconf 80' lang='lat' dir='ltr'><strong><em>nibus</em></strong></span> <span class='ocrx_word' id='word_1_6' title='bbox 686 415 854 462; x_wconf 90' lang='lat' dir='ltr'><strong><em>nunc</em></strong></span> <span class='ocrx_word' id='word_1_7' title='bbox 885 415 1012 460; x_wconf 89' lang='lat' dir='ltr'><strong><em>non</em></strong></span> <span class='ocrx_word' id='word_1_8' title='bbox 1059 396 1282 478; x_wconf 79' lang='lat' dir='ltr'><strong><em>dicam)</em></strong></span> <span class='ocrx_word' id='word_1_9' title='bbox 1319 396 1740 458; x_wconf 81' lang='lat' dir='ltr'><strong><em>Commelinus</em></strong></span> <span class='ocrx_word' id='word_1_10' title='bbox 1773 393 2200 476; x_wconf 76' lang='lat' dir='ltr'><strong><em>typographus</em></strong></span> <span class='ocrx_word' id='word_1_11' title='bbox 2229 395 2795 475; x_wconf 71' lang='lat' dir='ltr'><strong><em>Heidelbergcnsis,</em></strong></span> <span class='ocrx_word' id='word_1_12' title='bbox 2834 389 2902 458; x_wconf 83' lang='lat' dir='ltr'><strong><em>in</em></strong></span> <span class='ocrx_word' id='word_1_13' title='bbox 2938 395 3250 458; x_wconf 83' lang='lat' dir='ltr'><strong><em>volumine</em></strong></span> <span class='ocrx_word' id='word_1_14' title='bbox 3281 393 3458 476; x_wconf 80' lang='lat' dir='ltr'><strong><em>cujus</em></strong></span> <span class='ocrx_word' id='word_1_15' title='bbox 3486 391 3718 456; x_wconf 80' lang='lat' dir='ltr'><strong><em>inscri-</em></strong></span> 
     </span>
    </p>
   </div>
   <div class='ocr_carea' id='block_1_3' title="bbox 467 483 3717 581">
    <p class='ocr_par' dir='ltr' id='par_1_3' title="bbox 467 483 3717 581">
     <span class='ocr_line' id='line_1_3' title="bbox 467 483 3717 581; baseline 0 -23"><span class='ocrx_word' id='word_1_16' title='bbox 467 503 597 578; x_wconf 78' lang='lat' dir='ltr'><strong><em>ptio</em></strong></span> <span class='ocrx_word' id='word_1_17' title='bbox 631 500 763 562; x_wconf 74' lang='lat' dir='ltr'><strong><em>haec</em></strong></span> <span class='ocrx_word' id='word_1_18' title='bbox 795 509 888 562; x_wconf 87' lang='lat' dir='ltr'><strong><em>est</em></strong></span> <span class='ocrx_word' id='word_1_19' title='bbox 920 519 934 560; x_wconf 86' lang='lat'><em>:</em></span> <span class='ocrx_word' id='word_1_20' title='bbox 967 508 1073 561; x_wconf 78' lang='grc' dir='ltr'><strong><em>Τοῦ</em></strong></span> <span class='ocrx_word' id='word_1_21' title='bbox 1090 511 1147 561; x_wconf 84' lang='grc' dir='ltr'><strong><em>ὲν</em></strong></span> <span class='ocrx_word' id='word_1_22' title='bbox 1177 507 1350 576; x_wconf 75' lang='grc' dir='ltr'>ἁγίοις</span> <span class='ocrx_word' id='word_1_23' title='bbox 1378 508 1590 581; x_wconf 73' lang='grc' dir='ltr'>Πατρὸς</span> <span class='ocrx_word' id='word_1_24' title='bbox 1619 510 1774 580; x_wconf 78' lang='grc' dir='ltr'><strong><em>ἡμῶν</em></strong></span> <span class='ocrx_word' id='word_1_25' title='bbox 1815 509 2058 563; x_wconf 81' lang='grc' dir='ltr'><strong><em>Ἰωάννου</em></strong></span> <span class='ocrx_word' id='word_1_26' title='bbox 2087 507 2182 560; x_wconf 84' lang='grc' dir='ltr'><strong><em>τοῦ</em></strong></span> <span class='ocrx_word' id='word_1_27' title='bbox 2219 509 2602 580; x_wconf 78' lang='grc' dir='ltr'><strong><em>Χρυσοστόμου</em></strong></span> <span class='ocrx_word' id='word_1_28' title='bbox 2631 483 3061 580; x_wconf 62' lang='grc' dir='ltr'><strong><em>ἀρχιὲπισκόπου</em></strong></span> <span class='ocrx_word' id='word_1_29' title='bbox 3094 506 3717 569; x_wconf 76' lang='grc' dir='ltr'><strong><em>Κωνπαντινουπόλεως</em></strong></span> 
     </span>
    </p>
   </div>
   <div class='ocr_carea' id='block_1_4' title="bbox 479 601 2082 682">
    <p class='ocr_par' dir='ltr' id='par_1_4' title="bbox 479 608 2082 682">
     <span class='ocr_line' id='line_1_4' title="bbox 479 608 2082 682; baseline 0.002 -22"><span class='ocrx_word' id='word_1_30' title='bbox 479 610 774 680; x_wconf 71' lang='grc' dir='ltr'><strong><em>Ἰοίρμηνεὶα</em></strong></span> <span class='ocrx_word' id='word_1_31' title='bbox 807 613 886 676; x_wconf 78' lang='grc' dir='ltr'><strong><em>εἰς</em></strong></span> <span class='ocrx_word' id='word_1_32' title='bbox 919 613 980 665; x_wconf 83' lang='grc' dir='ltr'><strong><em>τὸ</em></strong></span> <span class='ocrx_word' id='word_1_33' title='bbox 1010 613 1150 666; x_wconf 78' lang='grc' dir='ltr'><strong>κατὰ</strong></span> <span class='ocrx_word' id='word_1_34' title='bbox 1174 613 1449 665; x_wconf 62' lang='grc' dir='ltr'><strong><em>Ματοαῖῡν</em></strong></span> <span class='ocrx_word' id='word_1_35' title='bbox 1479 612 1632 682; x_wconf 77' lang='grc' dir='ltr'>ἅγιον</span> <span class='ocrx_word' id='word_1_36' title='bbox 1672 611 2022 682; x_wconf 76' lang='grc' dir='ltr'><strong><em>Εὑαγγέλιον.</em></strong></span> <span class='ocrx_word' id='word_1_37' title='bbox 2065 608 2082 663; x_wconf 65' lang='grc' dir='ltr'><em>ἐ</em></span> 
     </span>
    </p>
   </div>
   <div class='ocr_carea' id='block_1_5' title="bbox 2117 601 3720 682">
    <p class='ocr_par' dir='ltr' id='par_1_5' title="bbox 2117 601 3720 680">
     <span class='ocr_line' id='line_1_5' title="bbox 2117 601 3720 680; baseline -0.004 -18"><span class='ocrx_word' id='word_1_38' title='bbox 2117 605 2286 664; x_wconf 89' lang='lat' dir='ltr'><strong><em>ancti</em></strong></span> <span class='ocrx_word' id='word_1_39' title='bbox 2328 604 2540 664; x_wconf 78' lang='lat' dir='ltr'><strong><em>Patris</em></strong></span> <span class='ocrx_word' id='word_1_40' title='bbox 2587 605 2789 664; x_wconf 79' lang='lat' dir='ltr'><strong><em>nostri</em></strong></span> <span class='ocrx_word' id='word_1_41' title='bbox 2817 603 3081 664; x_wconf 79' lang='lat' dir='ltr'><strong><em>Joannis</em></strong></span> <span class='ocrx_word' id='word_1_42' title='bbox 3138 601 3562 680; x_wconf 81' lang='lat' dir='ltr'><strong><em>Chrysostomi</em></strong></span> <span class='ocrx_word' id='word_1_43' title='bbox 3606 616 3720 657; x_wconf 74' lang='lat' dir='ltr'><strong><em>ar-</em></strong></span> 
     </span>
    </p>
   </div>
   <div class='ocr_carea' id='block_1_6' title="bbox 463 701 3722 784">
    <p class='ocr_par' dir='ltr' id='par_1_6' title="bbox 463 701 3722 784">
     <span class='ocr_line' id='line_1_6' title="bbox 463 701 3722 784; baseline -0.001 -24"><span class='ocrx_word' id='word_1_44' title='bbox 463 701 844 782; x_wconf 75' lang='lat' dir='ltr'><strong><em>chiepiscopi</em></strong></span> <span class='ocrx_word' id='word_1_45' title='bbox 874 703 1497 784; x_wconf 73' lang='lat' dir='ltr'><strong><em>Constantinopoleos</em></strong></span> <span class='ocrx_word' id='word_1_46' title='bbox 1558 705 1894 783; x_wconf 71' lang='lat' dir='ltr'><strong><em>Expositio</em></strong></span> <span class='ocrx_word' id='word_1_47' title='bbox 1933 704 2001 763; x_wconf 80' lang='lat' dir='ltr'><strong><em>in</em></strong></span> <span class='ocrx_word' id='word_1_48' title='bbox 2057 703 2470 782; x_wconf 80' lang='lat' dir='ltr'><strong><em>Evangelium</em></strong></span> <span class='ocrx_word' id='word_1_49' title='bbox 2513 703 2847 765; x_wconf 73' lang='lat' dir='ltr'><strong><em>secundum</em></strong></span> <span class='ocrx_word' id='word_1_50' title='bbox 2888 703 3271 767; x_wconf 76' lang='lat' dir='ltr'><strong><em>Matthamm.</em></strong></span> <span class='ocrx_word' id='word_1_51' title='bbox 3313 702 3518 764; x_wconf 70' lang='lat' dir='ltr'><strong><em>Greece</em></strong></span> <span class='ocrx_word' id='word_1_52' title='bbox 3554 713 3722 758; x_wconf 85' lang='lat' dir='ltr'><strong><em>nunc</em></strong></span> 
     </span>
    </p>
   </div>
   <div class='ocr_carea' id='block_1_7' title="bbox 463 803 3723 887">
    <p class='ocr_par' dir='ltr' id='par_1_7' title="bbox 463 803 3723 887">
     <span class='ocr_line' id='line_1_7' title="bbox 463 803 3723 887; baseline -0.002 -25"><span class='ocrx_word' id='word_1_53' title='bbox 463 803 735 881; x_wconf 83' lang='lat' dir='ltr'><strong><em>primum</em></strong></span> <span class='ocrx_word' id='word_1_54' title='bbox 783 806 1156 883; x_wconf 79' lang='lat' dir='ltr'><strong><em>producitur</em></strong></span> <span class='ocrx_word' id='word_1_55' title='bbox 1195 827 1224 868; x_wconf 91' lang='lat' dir='ltr'><strong><em>e</em></strong></span> <span class='ocrx_word' id='word_1_56' title='bbox 1260 825 1404 869; x_wconf 77' lang='lat' dir='ltr'><strong><em>mu.</em></strong></span> <span class='ocrx_word' id='word_1_57' title='bbox 1451 807 1768 869; x_wconf 74' lang='lat' dir='ltr'><strong><em>illustriss.</em></strong></span> <span class='ocrx_word' id='word_1_58' title='bbox 1807 806 1887 887; x_wconf 81' lang='grc' dir='ltr'><strong><em>(α)</em></strong></span> <span class='ocrx_word' id='word_1_59' title='bbox 1924 805 2435 867; x_wconf 82' lang='lat' dir='ltr'><strong><em>bibliothecarum</em></strong></span> <span class='ocrx_word' id='word_1_60' title='bbox 2486 805 2812 880; x_wconf 61' lang='lat' dir='ltr'><strong><em>Palatinae,</em></strong></span> <span class='ocrx_word' id='word_1_61' title='bbox 2846 808 3129 881; x_wconf 69' lang='lat' dir='ltr'><strong><em>Bavaraa,</em></strong></span> <span class='ocrx_word' id='word_1_62' title='bbox 3156 805 3556 883; x_wconf 71' lang='lat' dir='ltr'><strong><em>Augustame,</em></strong></span> <span class='ocrx_word' id='word_1_63' title='bbox 3585 817 3723 860; x_wconf 80' lang='lat' dir='ltr'><strong><em>cum</em></strong></span> 
     </span>
    </p>
   </div>
   <div class='ocr_carea' id='block_1_8' title="bbox 468 899 3728 982">
    <p class='ocr_par' dir='ltr' id='par_1_8' title="bbox 468 899 3728 982">
     <span class='ocr_line' id='line_1_8' title="bbox 468 899 3728 982; baseline -0.001 -20"><span class='ocrx_word' id='word_1_64' title='bbox 468 904 985 981; x_wconf 77' lang='lat' dir='ltr'><strong><em>interpretatione</em></strong></span> <span class='ocrx_word' id='word_1_65' title='bbox 1027 905 1282 968; x_wconf 79' lang='lat' dir='ltr'><strong><em>Aniani.</em></strong></span> <span class='ocrx_word' id='word_1_66' title='bbox 1314 907 1568 968; x_wconf 84' lang='lat' dir='ltr'><strong><em>Accedit</em></strong></span> <span class='ocrx_word' id='word_1_67' title='bbox 1589 907 2084 969; x_wconf 82' lang='lat' dir='ltr'><strong><em>Commentarius</em></strong></span> <span class='ocrx_word' id='word_1_68' title='bbox 2118 926 2281 968; x_wconf 84' lang='lat' dir='ltr'><strong><em>mere</em></strong></span> <span class='ocrx_word' id='word_1_69' title='bbox 2313 909 2572 969; x_wconf 80' lang='lat' dir='ltr'><strong><em>Latinus</em></strong></span> <span class='ocrx_word' id='word_1_70' title='bbox 2619 910 2686 970; x_wconf 87' lang='lat' dir='ltr'><strong><em>in</em></strong></span> <span class='ocrx_word' id='word_1_71' title='bbox 2729 905 3115 980; x_wconf 73' lang='lat' dir='ltr'><strong><em>Matthwum,</em></strong></span> <span class='ocrx_word' id='word_1_72' title='bbox 3149 903 3332 982; x_wconf 73' lang='lat' dir='ltr'><strong><em>vulgo</em></strong></span> <span class='ocrx_word' id='word_1_73' title='bbox 3379 899 3728 962; x_wconf 78' lang='lat' dir='ltr'><strong><em>attributus</em></strong></span> 
     </span>
    </p>
   </div>
   <div class='ocr_carea' id='block_1_9' title="bbox 471 999 3724 1092">
    <p class='ocr_par' dir='ltr' id='par_1_9' title="bbox 471 999 3724 1092">
     <span class='ocr_line' id='line_1_9' title="bbox 471 999 3724 1092; baseline -0.002 -24"><span class='ocrx_word' id='word_1_74' title='bbox 471 1004 665 1068; x_wconf 78' lang='lat' dir='ltr'><strong><em>eidem</em></strong></span> <span class='ocrx_word' id='word_1_75' title='bbox 694 1007 768 1066; x_wconf 87' lang='lat' dir='ltr'><strong><em>D.</em></strong></span> <span class='ocrx_word' id='word_1_76' title='bbox 803 1006 1387 1085; x_wconf 74' lang='lat' dir='ltr'><strong><em>Chrysostomo.Ex</em></strong></span> <span class='ocrx_word' id='word_1_77' title='bbox 1415 1012 1670 1090; x_wconf 79' lang='lat' dir='ltr'><strong><em>ofﬁcina</em></strong></span> <span class='ocrx_word' id='word_1_78' title='bbox 1703 1011 2215 1074; x_wconf 82' lang='lat' dir='ltr'><strong><em>Commeliniano.</em></strong></span> <span class='ocrx_word' id='word_1_79' title='bbox 2236 1012 2387 1074; x_wconf 84' lang='lat' dir='ltr'><strong><em>Cum</em></strong></span> <span class='ocrx_word' id='word_1_80' title='bbox 2425 1011 2801 1092; x_wconf 72' lang='lat' dir='ltr'><strong><em>privilegiis.</em></strong></span> <span class='ocrx_word' id='word_1_81' title='bbox 2824 1010 3053 1071; x_wconf 75' lang='lat' dir='ltr'><strong><em>MDCI‘I.</em></strong></span> <span class='ocrx_word' id='word_1_82' title='bbox 3075 1005 3252 1079; x_wconf 86' lang='lat' dir='ltr'><strong><em>Quod</em></strong></span> <span class='ocrx_word' id='word_1_83' title='bbox 3283 1004 3385 1066; x_wconf 88' lang='lat' dir='ltr'><strong><em>hic</em></strong></span> <span class='ocrx_word' id='word_1_84' title='bbox 3405 1003 3483 1064; x_wconf 90' lang='lat' dir='ltr'><strong><em>de</em></strong></span> <span class='ocrx_word' id='word_1_85' title='bbox 3500 999 3724 1063; x_wconf 82' lang='lat' dir='ltr'><strong><em>Aniani</em></strong></span> 
     </span>
    </p>
   </div>
   <div class='ocr_carea' id='block_1_10' title="bbox 475 1101 3726 1196">
    <p class='ocr_par' dir='ltr' id='par_1_10' title="bbox 475 1101 3726 1196">
     <span class='ocr_line' id='line_1_10' title="bbox 475 1101 3726 1196; baseline -0.001 -31"><span class='ocrx_word' id='word_1_86' title='bbox 475 1106 988 1186; x_wconf 81' lang='lat' dir='ltr'><strong><em>interpretatione</em></strong></span> <span class='ocrx_word' id='word_1_87' title='bbox 1041 1113 1356 1186; x_wconf 88' lang='lat' dir='ltr'><strong><em>asseritur,</em></strong></span> <span class='ocrx_word' id='word_1_88' title='bbox 1394 1113 1456 1174; x_wconf 89' lang='lat' dir='ltr'><strong><em>id</em></strong></span> <span class='ocrx_word' id='word_1_89' title='bbox 1490 1113 1741 1176; x_wconf 87' lang='lat' dir='ltr'><strong><em>nonnisi</em></strong></span> <span class='ocrx_word' id='word_1_90' title='bbox 1772 1114 1850 1177; x_wconf 90' lang='lat' dir='ltr'><strong><em>de</em></strong></span> <span class='ocrx_word' id='word_1_91' title='bbox 1895 1122 2036 1180; x_wconf 88' lang='lat' dir='ltr'><strong><em>octo</em></strong></span> <span class='ocrx_word' id='word_1_92' title='bbox 2097 1114 2412 1196; x_wconf 83' lang='lat' dir='ltr'><strong><em>prioribus</em></strong></span> <span class='ocrx_word' id='word_1_93' title='bbox 2454 1113 2728 1176; x_wconf 90' lang='lat' dir='ltr'><strong><em>homiliis</em></strong></span> <span class='ocrx_word' id='word_1_94' title='bbox 2773 1109 3248 1189; x_wconf 90' lang='lat' dir='ltr'><strong><em>intelligendum</em></strong></span> <span class='ocrx_word' id='word_1_95' title='bbox 3288 1111 3428 1168; x_wconf 86' lang='lat' dir='ltr'><strong><em>est:</em></strong></span> <span class='ocrx_word' id='word_1_96' title='bbox 3466 1121 3609 1167; x_wconf 88' lang='lat' dir='ltr'><strong><em>nam</em></strong></span> <span class='ocrx_word' id='word_1_97' title='bbox 3659 1101 3726 1163; x_wconf 90' lang='lat' dir='ltr'><strong><em>in</em></strong></span> 
     </span>
    </p>
   </div>
   <div class='ocr_carea' id='block_1_11' title="bbox 477 1204 3730 1296">
    <p class='ocr_par' dir='ltr' id='par_1_11' title="bbox 477 1204 3730 1296">
     <span class='ocr_line' id='line_1_11' title="bbox 477 1204 3730 1296; baseline -0.002 -30"><span class='ocrx_word' id='word_1_98' title='bbox 477 1204 680 1268; x_wconf 76' lang='lat' dir='ltr'><strong><em>fronte</em></strong></span> <span class='ocrx_word' id='word_1_99' title='bbox 710 1206 881 1270; x_wconf 87' lang='lat' dir='ltr'><strong><em>hom.</em></strong></span> <span class='ocrx_word' id='word_1_100' title='bbox 932 1228 1002 1272; x_wconf 74' lang='lat' dir='ltr'><strong><em>rx</em></strong></span> <span class='ocrx_word' id='word_1_101' title='bbox 1053 1211 1281 1274; x_wconf 79' lang='lat' dir='ltr'><strong><em>diserte</em></strong></span> <span class='ocrx_word' id='word_1_102' title='bbox 1333 1212 1580 1289; x_wconf 77' lang='lat' dir='ltr'><strong><em>legitur,</em></strong></span> <span class='ocrx_word' id='word_1_103' title='bbox 1617 1215 1883 1294; x_wconf 84' lang='lat' dir='ltr'><strong><em>Georgio</em></strong></span> <span class='ocrx_word' id='word_1_104' title='bbox 1929 1217 2342 1296; x_wconf 80' lang='lat' dir='ltr'><strong><em>Trapezuntio</em></strong></span> <span class='ocrx_word' id='word_1_105' title='bbox 2396 1216 2756 1293; x_wconf 83' lang='lat' dir='ltr'><strong><em>interprete.</em></strong></span> <span class='ocrx_word' id='word_1_106' title='bbox 2787 1208 3281 1274; x_wconf 88' lang='lat' dir='ltr'><strong><em>Commentarius</em></strong></span> <span class='ocrx_word' id='word_1_107' title='bbox 3325 1211 3534 1267; x_wconf 91' lang='lat' dir='ltr'><strong><em>autem</em></strong></span> <span class='ocrx_word' id='word_1_108' title='bbox 3561 1221 3730 1262; x_wconf 86' lang='lat' dir='ltr'><strong><em>mere</em></strong></span> 
     </span>
    </p>
   </div>
   <div class='ocr_carea' id='block_1_12' title="bbox 477 1305 3732 1398">
    <p class='ocr_par' dir='ltr' id='par_1_12' title="bbox 477 1305 3732 1398">
     <span class='ocr_line' id='line_1_12' title="bbox 477 1305 3732 1398; baseline -0 -26"><span class='ocrx_word' id='word_1_109' title='bbox 477 1311 734 1372; x_wconf 82' lang='lat' dir='ltr'><strong><em>Latinus</em></strong></span> <span class='ocrx_word' id='word_1_110' title='bbox 769 1313 821 1375; x_wconf 89' lang='lat' dir='ltr'><strong><em>is</em></strong></span> <span class='ocrx_word' id='word_1_111' title='bbox 843 1321 960 1388; x_wconf 87' lang='lat' dir='ltr'><strong><em>est,</em></strong></span> <span class='ocrx_word' id='word_1_112' title='bbox 987 1315 1096 1395; x_wconf 87' lang='lat' dir='ltr'><strong><em>qui</em></strong></span> <span class='ocrx_word' id='word_1_113' title='bbox 1144 1315 1328 1392; x_wconf 80' lang='lat' dir='ltr'><strong><em>vulgo</em></strong></span> <span class='ocrx_word' id='word_1_114' title='bbox 1366 1315 1792 1395; x_wconf 77' lang='lat' dir='ltr'><strong><em>Chrysostomi</em></strong></span> <span class='ocrx_word' id='word_1_115' title='bbox 1829 1342 1858 1375; x_wconf 73' lang='grc' dir='ltr'><strong>α</strong></span> <span class='ocrx_word' id='word_1_116' title='bbox 1902 1319 2072 1398; x_wconf 84' lang='lat' dir='ltr'><strong><em>Opus</em></strong></span> <span class='ocrx_word' id='word_1_117' title='bbox 2109 1318 2535 1398; x_wconf 81' lang='lat' dir='ltr'><strong><em>imperfectum</em></strong></span> <span class='ocrx_word' id='word_1_118' title='bbox 2593 1317 2660 1377; x_wconf 88' lang='lat' dir='ltr'><strong><em>in</em></strong></span> <span class='ocrx_word' id='word_1_119' title='bbox 2699 1315 3062 1379; x_wconf 75' lang='lat' dir='ltr'><strong><em>Matthwum</em></strong></span> <span class='ocrx_word' id='word_1_120' title='bbox 3107 1335 3135 1368; x_wconf 85' lang='lat'><strong>»</strong></span> <span class='ocrx_word' id='word_1_121' title='bbox 3185 1315 3606 1388; x_wconf 85' lang='lat' dir='ltr'><strong><em>nuncupatur,</em></strong></span> <span class='ocrx_word' id='word_1_122' title='bbox 3647 1305 3732 1368; x_wconf 83' lang='lat' dir='ltr'><strong><em>de</em></strong></span> 
     </span>
    </p>
   </div>
   <div class='ocr_carea' id='block_1_13' title="bbox 476 1404 3736 1498">
    <p class='ocr_par' dir='ltr' id='par_1_13' title="bbox 476 1404 3736 1498">
     <span class='ocr_line' id='line_1_13' title="bbox 476 1404 3736 1498; baseline -0.002 -23"><span class='ocrx_word' id='word_1_123' title='bbox 476 1429 604 1493; x_wconf 77' lang='lat' dir='ltr'><strong><em>quo</em></strong></span> <span class='ocrx_word' id='word_1_124' title='bbox 664 1422 892 1492; x_wconf 64' lang='lat' dir='ltr'><strong><em>praeter</em></strong></span> <span class='ocrx_word' id='word_1_125' title='bbox 924 1415 1082 1476; x_wconf 89' lang='lat' dir='ltr'><strong><em>alios</em></strong></span> <span class='ocrx_word' id='word_1_126' title='bbox 1129 1417 1254 1493; x_wconf 83' lang='lat' dir='ltr'><strong><em>egit</em></strong></span> <span class='ocrx_word' id='word_1_127' title='bbox 1306 1415 1553 1493; x_wconf 88' lang='lat' dir='ltr'><strong><em>Millius,</em></strong></span> <span class='ocrx_word' id='word_1_128' title='bbox 1584 1419 1936 1498; x_wconf 89' lang='lat' dir='ltr'><strong><em>Prolegom.</em></strong></span> <span class='ocrx_word' id='word_1_129' title='bbox 1971 1437 2143 1482; x_wconf 88' lang='lat' dir='ltr'><strong><em>num.</em></strong></span> <span class='ocrx_word' id='word_1_130' title='bbox 2181 1419 2352 1480; x_wconf 87' lang='lat'><strong>1037.</strong></span> <span class='ocrx_word' id='word_1_131' title='bbox 2390 1420 2476 1481; x_wconf 93' lang='lat' dir='ltr'><strong><em>De</em></strong></span> <span class='ocrx_word' id='word_1_132' title='bbox 2524 1419 2742 1480; x_wconf 69' lang='lat' dir='ltr'><strong><em>Graeco</em></strong></span> <span class='ocrx_word' id='word_1_133' title='bbox 2798 1415 2984 1495; x_wconf 80' lang='lat' dir='ltr'><strong><em>hujus</em></strong></span> <span class='ocrx_word' id='word_1_134' title='bbox 3037 1409 3330 1474; x_wconf 85' lang='lat' dir='ltr'><strong><em>editionis</em></strong></span> <span class='ocrx_word' id='word_1_135' title='bbox 3385 1404 3736 1486; x_wconf 78' lang='lat' dir='ltr'><strong><em>exemplari</em></strong></span> 
     </span>
    </p>
   </div>
   <div class='ocr_carea' id='block_1_14' title="bbox 480 1509 3736 1601">
    <p class='ocr_par' dir='ltr' id='par_1_14' title="bbox 480 1509 3736 1601">
     <span class='ocr_line' id='line_1_14' title="bbox 480 1509 3736 1601; baseline -0.002 -29"><span class='ocrx_word' id='word_1_136' title='bbox 480 1519 703 1592; x_wconf 63' lang='lat' dir='ltr'><strong><em>praeter</em></strong></span> <span class='ocrx_word' id='word_1_137' title='bbox 725 1513 932 1575; x_wconf 84' lang='lat' dir='ltr'><strong><em>Savilii</em></strong></span> <span class='ocrx_word' id='word_1_138' title='bbox 961 1515 1384 1578; x_wconf 89' lang='lat' dir='ltr'><strong><em>testimonium</em></strong></span> <span class='ocrx_word' id='word_1_139' title='bbox 1410 1535 1600 1598; x_wconf 78' lang='lat' dir='ltr'><strong><em>supra</em></strong></span> <span class='ocrx_word' id='word_1_140' title='bbox 1649 1519 1904 1582; x_wconf 85' lang='lat' dir='ltr'><strong><em>allatum</em></strong></span> <span class='ocrx_word' id='word_1_141' title='bbox 1941 1537 2140 1601; x_wconf 81' lang='lat' dir='ltr'><strong><em>pauca</em></strong></span> <span class='ocrx_word' id='word_1_142' title='bbox 2167 1518 2478 1582; x_wconf 83' lang='lat' dir='ltr'><strong><em>mouenda</em></strong></span> <span class='ocrx_word' id='word_1_143' title='bbox 2513 1525 2678 1581; x_wconf 90' lang='lat' dir='ltr'><strong><em>sunt.</em></strong></span> <span class='ocrx_word' id='word_1_144' title='bbox 2704 1517 3002 1580; x_wconf 89' lang='lat' dir='ltr'><strong><em>Codicum</em></strong></span> <span class='ocrx_word' id='word_1_145' title='bbox 3025 1509 3433 1577; x_wconf 86' lang='lat' dir='ltr'><strong><em>dissensionis</em></strong></span> <span class='ocrx_word' id='word_1_146' title='bbox 3480 1509 3544 1570; x_wconf 91' lang='lat' dir='ltr'><strong><em>in</em></strong></span> <span class='ocrx_word' id='word_1_147' title='bbox 3594 1513 3736 1569; x_wconf 88' lang='lat' dir='ltr'><strong><em>toto</em></strong></span> 
     </span>
    </p>
   </div>
   <div class='ocr_carea' id='block_1_15' title="bbox 478 1607 3734 1692">
    <p class='ocr_par' dir='ltr' id='par_1_15' title="bbox 478 1607 3734 1692">
     <span class='ocr_line' id='line_1_15' title="bbox 478 1607 3734 1692; baseline -0.002 -18"><span class='ocrx_word' id='word_1_148' title='bbox 478 1628 670 1692; x_wconf 81' lang='lat' dir='ltr'><strong><em>apere</em></strong></span> <span class='ocrx_word' id='word_1_149' title='bbox 718 1613 886 1675; x_wconf 90' lang='lat' dir='ltr'><strong><em>nulla</em></strong></span> <span class='ocrx_word' id='word_1_150' title='bbox 939 1615 1198 1677; x_wconf 86' lang='lat' dir='ltr'><strong><em>mentio.</em></strong></span> <span class='ocrx_word' id='word_1_151' title='bbox 1241 1618 1456 1681; x_wconf 83' lang='lat' dir='ltr'><strong><em>Plures</em></strong></span> <span class='ocrx_word' id='word_1_152' title='bbox 1485 1625 1694 1682; x_wconf 86' lang='lat' dir='ltr'><strong><em>autem</em></strong></span> <span class='ocrx_word' id='word_1_153' title='bbox 1721 1620 1914 1684; x_wconf 91' lang='lat' dir='ltr'><strong><em>libros</em></strong></span> <span class='ocrx_word' id='word_1_154' title='bbox 1938 1621 2006 1682; x_wconf 90' lang='lat' dir='ltr'><strong><em>in</em></strong></span> <span class='ocrx_word' id='word_1_155' title='bbox 2031 1621 2264 1683; x_wconf 65' lang='lat' dir='ltr'><strong><em>Graecis</em></strong></span> <span class='ocrx_word' id='word_1_156' title='bbox 2291 1618 2748 1682; x_wconf 85' lang='lat' dir='ltr'><strong><em>constituendis</em></strong></span> <span class='ocrx_word' id='word_1_157' title='bbox 2785 1615 3070 1680; x_wconf 83' lang='lat' dir='ltr'><strong><em>evolutos</em></strong></span> <span class='ocrx_word' id='word_1_158' title='bbox 3097 1628 3233 1676; x_wconf 90' lang='lat' dir='ltr'><strong><em>esse</em></strong></span> <span class='ocrx_word' id='word_1_159' title='bbox 3254 1659 3269 1684; x_wconf 98' lang='lat'><strong><em>,</em></strong></span> <span class='ocrx_word' id='word_1_160' title='bbox 3302 1607 3572 1673; x_wconf 90' lang='lat' dir='ltr'><strong><em>dubitari</em></strong></span> <span class='ocrx_word' id='word_1_161' title='bbox 3598 1624 3734 1672; x_wconf 88' lang='lat' dir='ltr'><strong><em>non</em></strong></span> 
     </span>
    </p>
   </div>
   <div class='ocr_carea' id='block_1_16' title="bbox 483 1713 3738 1804">
    <p class='ocr_par' dir='ltr' id='par_1_16' title="bbox 483 1713 3738 1804">
     <span class='ocr_line' id='line_1_16' title="bbox 483 1713 3738 1804; baseline -0.002 -26"><span class='ocrx_word' id='word_1_162' title='bbox 483 1721 722 1796; x_wconf 86' lang='lat' dir='ltr'><strong><em>potest;</em></strong></span> <span class='ocrx_word' id='word_1_163' title='bbox 754 1716 820 1777; x_wconf 92' lang='lat' dir='ltr'><strong><em>in</em></strong></span> <span class='ocrx_word' id='word_1_164' title='bbox 844 1717 1072 1797; x_wconf 89' lang='lat' dir='ltr'><strong><em>quibus</em></strong></span> <span class='ocrx_word' id='word_1_165' title='bbox 1097 1722 1430 1783; x_wconf 83' lang='lat' dir='ltr'><strong><em>tractandis</em></strong></span> <span class='ocrx_word' id='word_1_166' title='bbox 1451 1724 1654 1787; x_wconf 85' lang='lat' dir='ltr'><strong><em>editor</em></strong></span> <span class='ocrx_word' id='word_1_167' title='bbox 1689 1724 1851 1788; x_wconf 90' lang='lat' dir='ltr'><strong><em>hanc</em></strong></span> <span class='ocrx_word' id='word_1_168' title='bbox 1892 1724 2099 1803; x_wconf 80' lang='lat' dir='ltr'><strong><em>legem</em></strong></span> <span class='ocrx_word' id='word_1_169' title='bbox 2138 1724 2259 1786; x_wconf 90' lang='lat' dir='ltr'><strong><em>sibi</em></strong></span> <span class='ocrx_word' id='word_1_170' title='bbox 2317 1723 2694 1804; x_wconf 89' lang='lat' dir='ltr'><strong><em>imposuisse</em></strong></span> <span class='ocrx_word' id='word_1_171' title='bbox 2723 1720 2988 1795; x_wconf 86' lang='lat' dir='ltr'><strong><em>videtur,</em></strong></span> <span class='ocrx_word' id='word_1_172' title='bbox 3025 1724 3094 1780; x_wconf 88' lang='lat' dir='ltr'><strong><em>ut</em></strong></span> <span class='ocrx_word' id='word_1_173' title='bbox 3137 1715 3424 1797; x_wconf 88' lang='lat' dir='ltr'><strong><em>pleniore</em></strong></span> <span class='ocrx_word' id='word_1_174' title='bbox 3461 1713 3738 1776; x_wconf 82' lang='lat' dir='ltr'><strong><em>lectione</em></strong></span> 
     </span>
    </p>
   </div>
   <div class='ocr_carea' id='block_1_17' title="bbox 483 1817 3736 1909">
    <p class='ocr_par' dir='ltr' id='par_1_17' title="bbox 483 1817 3736 1909">
     <span class='ocr_line' id='line_1_17' title="bbox 483 1817 3736 1909; baseline -0.001 -29"><span class='ocrx_word' id='word_1_175' title='bbox 483 1818 545 1880; x_wconf 85' lang='lat' dir='ltr'><strong><em>in</em></strong></span> <span class='ocrx_word' id='word_1_176' title='bbox 580 1821 814 1879; x_wconf 89' lang='lat' dir='ltr'><strong><em>textum</em></strong></span> <span class='ocrx_word' id='word_1_177' title='bbox 851 1819 1378 1888; x_wconf 86' lang='lat' dir='ltr'><strong><em>relata.vocabula</em></strong></span> <span class='ocrx_word' id='word_1_178' title='bbox 1399 1842 1540 1904; x_wconf 64' lang='lat' dir='ltr'><strong><em>qua;</em></strong></span> <span class='ocrx_word' id='word_1_179' title='bbox 1567 1824 1633 1888; x_wconf 91' lang='lat' dir='ltr'><strong><em>in</em></strong></span> <span class='ocrx_word' id='word_1_180' title='bbox 1660 1844 1790 1890; x_wconf 89' lang='lat' dir='ltr'><strong><em>uno</em></strong></span> <span class='ocrx_word' id='word_1_181' title='bbox 1820 1833 1926 1890; x_wconf 89' lang='lat' dir='ltr'><strong><em>aut</em></strong></span> <span class='ocrx_word' id='word_1_182' title='bbox 1947 1827 2230 1909; x_wconf 88' lang='lat' dir='ltr'><strong><em>pluribus</em></strong></span> <span class='ocrx_word' id='word_1_183' title='bbox 2275 1827 2597 1890; x_wconf 89' lang='lat' dir='ltr'><strong><em>codicibus</em></strong></span> <span class='ocrx_word' id='word_1_184' title='bbox 2625 1842 2755 1888; x_wconf 90' lang='lat' dir='ltr'><strong><em>non</em></strong></span> <span class='ocrx_word' id='word_1_185' title='bbox 2786 1819 3315 1896; x_wconf 84' lang='lat' dir='ltr'><strong><em>exstarent,uncis</em></strong></span> <span class='ocrx_word' id='word_1_186' title='bbox 3343 1817 3736 1880; x_wconf 86' lang='lat' dir='ltr'><strong><em>includeret:</em></strong></span> 
     </span>
    </p>
   </div>
   <div class='ocr_carea' id='block_1_18' title="bbox 482 1919 3741 2009">
    <p class='ocr_par' dir='ltr' id='par_1_18' title="bbox 482 1919 3741 2009">
     <span class='ocr_line' id='line_1_18' title="bbox 482 1919 3741 2009; baseline 0.001 -28"><span class='ocrx_word' id='word_1_187' title='bbox 482 1935 670 2000; x_wconf 88' lang='lat' dir='ltr'><strong><em>quam</em></strong></span> <span class='ocrx_word' id='word_1_188' title='bbox 721 1920 975 2000; x_wconf 87' lang='lat' dir='ltr'><strong><em>quidem</em></strong></span> <span class='ocrx_word' id='word_1_189' title='bbox 1032 1923 1309 2002; x_wconf 88' lang='lat' dir='ltr'><strong><em>regulam</em></strong></span> <span class='ocrx_word' id='word_1_190' title='bbox 1353 1942 1428 1989; x_wconf 85' lang='lat' dir='ltr'><strong><em>eo</em></strong></span> <span class='ocrx_word' id='word_1_191' title='bbox 1470 1945 1673 2009; x_wconf 86' lang='lat' dir='ltr'><strong><em>usque</em></strong></span> <span class='ocrx_word' id='word_1_192' title='bbox 1725 1929 2115 2004; x_wconf 89' lang='lat' dir='ltr'><strong><em>observavit,</em></strong></span> <span class='ocrx_word' id='word_1_193' title='bbox 2155 1936 2249 1993; x_wconf 50' lang='lat' dir='ltr'><strong><em>.ut</em></strong></span> <span class='ocrx_word' id='word_1_194' title='bbox 2293 1928 2832 1992; x_wconf 80' lang='lat' dir='ltr'><strong><em>manifestissimos</em></strong></span> <span class='ocrx_word' id='word_1_195' title='bbox 2871 1933 3131 2007; x_wconf 86' lang='lat' dir='ltr'><strong><em>propter</em></strong></span> <span class='ocrx_word' id='word_1_196' title='bbox 3191 1919 3741 1986; x_wconf 71' lang='lat' dir='ltr'><strong><em>hommoteleuton</em></strong></span> 
     </span>
    </p>
   </div>
   <div class='ocr_carea' id='block_1_19' title="bbox 484 2017 3741 2110">
    <p class='ocr_par' dir='ltr' id='par_1_19' title="bbox 484 2017 3741 2110">
     <span class='ocr_line' id='line_1_19' title="bbox 484 2017 3741 2110; baseline -0 -26"><span class='ocrx_word' id='word_1_197' title='bbox 484 2017 761 2085; x_wconf 70' lang='lat' dir='ltr'><strong><em>defectus</em></strong></span> <span class='ocrx_word' id='word_1_198' title='bbox 786 2023 1007 2086; x_wconf 91' lang='lat' dir='ltr'><strong><em>iisdem</em></strong></span> <span class='ocrx_word' id='word_1_199' title='bbox 1035 2026 1197 2087; x_wconf 77' lang='lat' dir='ltr'><strong><em>notis</em></strong></span> <span class='ocrx_word' id='word_1_200' title='bbox 1240 2026 1670 2107; x_wconf 83' lang='lat' dir='ltr'><strong><em>distingueret.</em></strong></span> <span class='ocrx_word' id='word_1_201' title='bbox 1701 2030 1787 2092; x_wconf 92' lang='lat' dir='ltr'><strong><em>De</em></strong></span> <span class='ocrx_word' id='word_1_202' title='bbox 1814 2029 1911 2092; x_wconf 92' lang='lat' dir='ltr'><strong><em>his</em></strong></span> <span class='ocrx_word' id='word_1_203' title='bbox 1939 2030 2104 2092; x_wconf 87' lang='lat' dir='ltr'><strong><em>notis</em></strong></span> <span class='ocrx_word' id='word_1_204' title='bbox 2132 2031 2299 2092; x_wconf 85' lang='lat' dir='ltr'><strong><em>aliud</em></strong></span> <span class='ocrx_word' id='word_1_205' title='bbox 2332 2046 2524 2110; x_wconf 88' lang='lat' dir='ltr'><strong><em>porro</em></strong></span> <span class='ocrx_word' id='word_1_206' title='bbox 2555 2028 2944 2091; x_wconf 90' lang='lat' dir='ltr'><strong><em>monendum</em></strong></span> <span class='ocrx_word' id='word_1_207' title='bbox 2983 2034 3098 2101; x_wconf 85' lang='lat' dir='ltr'><strong><em>est,</em></strong></span> <span class='ocrx_word' id='word_1_208' title='bbox 3148 2025 3438 2088; x_wconf 82' lang='lat' dir='ltr'><strong><em>videlicet</em></strong></span> <span class='ocrx_word' id='word_1_209' title='bbox 3461 2039 3576 2104; x_wconf 87' lang='lat' dir='ltr'><strong><em>per</em></strong></span> <span class='ocrx_word' id='word_1_210' title='bbox 3600 2021 3741 2083; x_wconf 65' lang='lat' dir='ltr'><strong><em>H0.</em></strong></span> 
     </span>
    </p>
   </div>
   <div class='ocr_carea' id='block_1_20' title="bbox 486 2122 3743 2209">
    <p class='ocr_par' dir='ltr' id='par_1_20' title="bbox 486 2122 3743 2209">
     <span class='ocr_line' id='line_1_20' title="bbox 486 2122 3743 2209; baseline -0.002 -23"><span class='ocrx_word' id='word_1_211' title='bbox 486 2122 686 2188; x_wconf 82' lang='lat' dir='ltr'><strong><em>(nilias</em></strong></span> <span class='ocrx_word' id='word_1_212' title='bbox 716 2143 818 2199; x_wconf 78' lang='lat' dir='ltr'><strong><em>XL,</em></strong></span> <span class='ocrx_word' id='word_1_213' title='bbox 848 2144 955 2187; x_wconf 78' lang='lat' dir='ltr'><strong><em>xu</em></strong></span> <span class='ocrx_word' id='word_1_214' title='bbox 983 2132 1044 2188; x_wconf 93' lang='lat' dir='ltr'><strong><em>et</em></strong></span> <span class='ocrx_word' id='word_1_215' title='bbox 1071 2143 1197 2188; x_wconf 79' lang='lat' dir='ltr'><strong><em>xm</em></strong></span> <span class='ocrx_word' id='word_1_216' title='bbox 1223 2145 1327 2190; x_wconf 86' lang='lat' dir='ltr'><strong><em>eas</em></strong></span> <span class='ocrx_word' id='word_1_217' title='bbox 1362 2130 1608 2209; x_wconf 85' lang='lat' dir='ltr'><strong><em>parcius</em></strong></span> <span class='ocrx_word' id='word_1_218' title='bbox 1638 2131 2060 2207; x_wconf 88' lang='lat' dir='ltr'><strong><em>disseminari;</em></strong></span> <span class='ocrx_word' id='word_1_219' title='bbox 2117 2130 2182 2192; x_wconf 91' lang='lat' dir='ltr'><strong><em>in</em></strong></span> <span class='ocrx_word' id='word_1_220' title='bbox 2242 2128 2440 2191; x_wconf 86' lang='lat' dir='ltr'><strong><em>tribus</em></strong></span> <span class='ocrx_word' id='word_1_221' title='bbox 2495 2134 2703 2192; x_wconf 88' lang='lat' dir='ltr'><strong><em>autem</em></strong></span> <span class='ocrx_word' id='word_1_222' title='bbox 2753 2126 3165 2209; x_wconf 84' lang='lat' dir='ltr'><strong><em>sequentibus</em></strong></span> <span class='ocrx_word' id='word_1_223' title='bbox 3201 2123 3406 2186; x_wconf 89' lang='lat' dir='ltr'><strong><em>nullas</em></strong></span> <span class='ocrx_word' id='word_1_224' title='bbox 3452 2128 3698 2184; x_wconf 78' lang='lat' dir='ltr'><strong><em>exstare</em></strong></span> <span class='ocrx_word' id='word_1_225' title='bbox 3728 2138 3743 2181; x_wconf 89' lang='lat'><strong>:</strong></span> 
     </span>
    </p>
   </div>
   <div class='ocr_carea' id='block_1_21' title="bbox 488 2223 3748 2310">
    <p class='ocr_par' dir='ltr' id='par_1_21' title="bbox 488 2223 3748 2310">
     <span class='ocr_line' id='line_1_21' title="bbox 488 2223 3748 2310; baseline -0.001 -22"><span class='ocrx_word' id='word_1_226' title='bbox 488 2224 654 2288; x_wconf 89' lang='lat' dir='ltr'><strong><em>unde</em></strong></span> <span class='ocrx_word' id='word_1_227' title='bbox 686 2225 986 2288; x_wconf 88' lang='lat' dir='ltr'><strong><em>Homilias</em></strong></span> <span class='ocrx_word' id='word_1_228' title='bbox 1012 2226 1160 2288; x_wconf 87' lang='lat' dir='ltr'><strong><em>istas</em></strong></span> <span class='ocrx_word' id='word_1_229' title='bbox 1181 2245 1257 2288; x_wconf 86' lang='lat' dir='ltr'><strong><em>ex</em></strong></span> <span class='ocrx_word' id='word_1_230' title='bbox 1295 2229 1483 2291; x_wconf 89' lang='lat' dir='ltr'><strong><em>unico</em></strong></span> <span class='ocrx_word' id='word_1_231' title='bbox 1524 2229 1742 2292; x_wconf 88' lang='lat' dir='ltr'><strong><em>codice</em></strong></span> <span class='ocrx_word' id='word_1_232' title='bbox 1771 2230 2116 2310; x_wconf 88' lang='lat' dir='ltr'><strong><em>descriptas</em></strong></span> <span class='ocrx_word' id='word_1_233' title='bbox 2155 2247 2316 2306; x_wconf 91' lang='lat' dir='ltr'><strong><em>esse,</em></strong></span> <span class='ocrx_word' id='word_1_234' title='bbox 2347 2229 2558 2308; x_wconf 81' lang='lat' dir='ltr'><strong><em>colligi</em></strong></span> <span class='ocrx_word' id='word_1_235' title='bbox 2587 2234 2816 2310; x_wconf 87' lang='lat' dir='ltr'><strong><em>potest.</em></strong></span> <span class='ocrx_word' id='word_1_236' title='bbox 2845 2228 2990 2289; x_wconf 90' lang='lat' dir='ltr'><strong><em>Post</em></strong></span> <span class='ocrx_word' id='word_1_237' title='bbox 3014 2223 3337 2286; x_wconf 88' lang='lat' dir='ltr'><strong><em>homiliam</em></strong></span> <span class='ocrx_word' id='word_1_238' title='bbox 3373 2240 3496 2283; x_wconf 80' lang='lat' dir='ltr'><strong><em>XLV</em></strong></span> <span class='ocrx_word' id='word_1_239' title='bbox 3526 2240 3748 2285; x_wconf 88' lang='lat' dir='ltr'><strong><em>rursus</em></strong></span> 
     </span>
    </p>
   </div>
   <div class='ocr_carea' id='block_1_22' title="bbox 489 2319 3747 2410">
    <p class='ocr_par' dir='ltr' id='par_1_22' title="bbox 489 2319 3747 2410">
     <span class='ocr_line' id='line_1_22' title="bbox 489 2319 3747 2410; baseline -0.001 -23"><span class='ocrx_word' id='word_1_240' title='bbox 489 2332 784 2389; x_wconf 85' lang='lat' dir='ltr'><strong><em>notantur</em></strong></span> <span class='ocrx_word' id='word_1_241' title='bbox 830 2327 1117 2391; x_wconf 90' lang='lat' dir='ltr'><strong><em>codicum</em></strong></span> <span class='ocrx_word' id='word_1_242' title='bbox 1174 2326 1478 2403; x_wconf 88' lang='lat' dir='ltr'><strong><em>defectus,</em></strong></span> <span class='ocrx_word' id='word_1_243' title='bbox 1511 2329 1621 2391; x_wconf 90' lang='lat' dir='ltr'><strong><em>sed</em></strong></span> <span class='ocrx_word' id='word_1_244' title='bbox 1661 2319 2006 2410; x_wconf 85' lang='lat' dir='ltr'><strong><em>aliquanto,</em></strong></span> <span class='ocrx_word' id='word_1_245' title='bbox 2038 2331 2103 2392; x_wconf 89' lang='lat' dir='ltr'><strong><em>ni</em></strong></span> <span class='ocrx_word' id='word_1_246' title='bbox 2149 2329 2354 2404; x_wconf 84' lang='lat' dir='ltr'><strong><em>fallor,</em></strong></span> <span class='ocrx_word' id='word_1_247' title='bbox 2388 2329 2739 2410; x_wconf 85' lang='lat' dir='ltr'><strong><em>pauciores.</em></strong></span> <span class='ocrx_word' id='word_1_248' title='bbox 2778 2329 3101 2389; x_wconf 89' lang='lat' dir='ltr'><strong><em>Postremo</em></strong></span> <span class='ocrx_word' id='word_1_249' title='bbox 3129 2326 3207 2387; x_wconf 88' lang='lat' dir='ltr'><strong><em>ab</em></strong></span> <span class='ocrx_word' id='word_1_250' title='bbox 3238 2324 3498 2386; x_wconf 85' lang='lat' dir='ltr'><strong><em>bomilia</em></strong></span> <span class='ocrx_word' id='word_1_251' title='bbox 3527 2341 3747 2384; x_wconf 80' lang='lat' dir='ltr'><strong><em>Lxxxv</em></strong></span> 
     </span>
    </p>
   </div>
   <div class='ocr_carea' id='block_1_23' title="bbox 490 2422 3753 2510">
    <p class='ocr_par' dir='ltr' id='par_1_23' title="bbox 490 2422 3753 2510">
     <span class='ocr_line' id='line_1_23' title="bbox 490 2422 3753 2510; baseline -0.001 -23"><span class='ocrx_word' id='word_1_252' title='bbox 490 2424 568 2488; x_wconf 83' lang='lat' dir='ltr'><strong><em>ad</em></strong></span> <span class='ocrx_word' id='word_1_253' title='bbox 593 2422 875 2488; x_wconf 90' lang='lat' dir='ltr'><strong><em>ultimam</em></strong></span> <span class='ocrx_word' id='word_1_254' title='bbox 906 2431 1110 2488; x_wconf 85' lang='lat' dir='ltr'><strong><em>textus</em></strong></span> <span class='ocrx_word' id='word_1_255' title='bbox 1139 2424 1502 2506; x_wconf 87' lang='lat' dir='ltr'><strong><em>hujusmodi</em></strong></span> <span class='ocrx_word' id='word_1_256' title='bbox 1530 2425 1725 2503; x_wconf 85' lang='lat' dir='ltr'><strong><em>signis</em></strong></span> <span class='ocrx_word' id='word_1_257' title='bbox 1759 2428 2022 2489; x_wconf 90' lang='lat' dir='ltr'><strong><em>omnino</em></strong></span> <span class='ocrx_word' id='word_1_258' title='bbox 2073 2445 2300 2510; x_wconf 80' lang='lat' dir='ltr'><strong><em>expers</em></strong></span> <span class='ocrx_word' id='word_1_259' title='bbox 2365 2434 2480 2490; x_wconf 92' lang='lat' dir='ltr'><strong><em>est.</em></strong></span> <span class='ocrx_word' id='word_1_260' title='bbox 2513 2428 2697 2507; x_wconf 84' lang='lat' dir='ltr'><strong><em>Cujus</em></strong></span> <span class='ocrx_word' id='word_1_261' title='bbox 2735 2425 2851 2500; x_wconf 83' lang='lat' dir='ltr'><strong><em>rei,</em></strong></span> <span class='ocrx_word' id='word_1_262' title='bbox 2909 2443 3052 2489; x_wconf 89' lang='lat' dir='ltr'><strong><em>cum</em></strong></span> <span class='ocrx_word' id='word_1_263' title='bbox 3083 2424 3162 2487; x_wconf 92' lang='lat' dir='ltr'><strong><em>de</em></strong></span> <span class='ocrx_word' id='word_1_264' title='bbox 3208 2424 3532 2487; x_wconf 89' lang='lat' dir='ltr'><strong><em>codicibus</em></strong></span> <span class='ocrx_word' id='word_1_265' title='bbox 3555 2441 3753 2487; x_wconf 87' lang='lat' dir='ltr'><strong><em>manu</em></strong></span> 
     </span>
    </p>
   </div>
   <div class='ocr_carea' id='block_1_24' title="bbox 491 2523 3750 2606">
    <p class='ocr_par' dir='ltr' id='par_1_24' title="bbox 491 2523 3750 2606">
     <span class='ocr_line' id='line_1_24' title="bbox 491 2523 3750 2606; baseline -0.001 -17"><span class='ocrx_word' id='word_1_266' title='bbox 491 2525 739 2606; x_wconf 87' lang='lat' dir='ltr'><strong><em>scriptis</em></strong></span> <span class='ocrx_word' id='word_1_267' title='bbox 765 2524 1104 2588; x_wconf 89' lang='lat' dir='ltr'><strong><em>dicendum</em></strong></span> <span class='ocrx_word' id='word_1_268' title='bbox 1143 2523 1352 2598; x_wconf 87' lang='lat' dir='ltr'><strong><em>fuerit,</em></strong></span> <span class='ocrx_word' id='word_1_269' title='bbox 1392 2525 1548 2587; x_wconf 84' lang='lat' dir='ltr'><strong><em>ratio</em></strong></span> <span class='ocrx_word' id='word_1_270' title='bbox 1577 2525 1905 2588; x_wconf 86' lang='lat' dir='ltr'><strong><em>constabit.</em></strong></span> <span class='ocrx_word' id='word_1_271' title='bbox 1939 2527 2146 2590; x_wconf 88' lang='lat' dir='ltr'><strong><em>Unum</em></strong></span> <span class='ocrx_word' id='word_1_272' title='bbox 2183 2527 2430 2602; x_wconf 81' lang='lat' dir='ltr'><strong><em>addam,</em></strong></span> <span class='ocrx_word' id='word_1_273' title='bbox 2463 2525 2820 2606; x_wconf 90' lang='lat' dir='ltr'><strong><em>exemplum</em></strong></span> <span class='ocrx_word' id='word_1_274' title='bbox 2845 2525 3034 2606; x_wconf 88' lang='lat' dir='ltr'><strong><em>hujus</em></strong></span> <span class='ocrx_word' id='word_1_275' title='bbox 3061 2524 3375 2600; x_wconf 88' lang='lat' dir='ltr'><strong><em>editionis,</em></strong></span> <span class='ocrx_word' id='word_1_276' title='bbox 3397 2525 3568 2606; x_wconf 90' lang='lat' dir='ltr'><strong><em>quod</em></strong></span> <span class='ocrx_word' id='word_1_277' title='bbox 3597 2525 3750 2588; x_wconf 91' lang='lat' dir='ltr'><strong><em>olim</em></strong></span> 
     </span>
    </p>
   </div>
   <div class='ocr_carea' id='block_1_25' title="bbox 497 2625 3757 2707">
    <p class='ocr_par' dir='ltr' id='par_1_25' title="bbox 497 2625 3757 2707">
     <span class='ocr_line' id='line_1_25' title="bbox 497 2625 3757 2707; baseline -0.001 -17"><span class='ocrx_word' id='word_1_278' title='bbox 497 2626 686 2690; x_wconf 86' lang='lat' dir='ltr'><strong><em>lsaaci</em></strong></span> <span class='ocrx_word' id='word_1_279' title='bbox 715 2625 1060 2688; x_wconf 90' lang='lat' dir='ltr'><strong><em>Casauboni</em></strong></span> <span class='ocrx_word' id='word_1_280' title='bbox 1097 2625 1244 2701; x_wconf 86' lang='lat' dir='ltr'><strong><em>fuit,</em></strong></span> <span class='ocrx_word' id='word_1_281' title='bbox 1276 2625 1545 2687; x_wconf 90' lang='lat' dir='ltr'><strong><em>Londini</em></strong></span> <span class='ocrx_word' id='word_1_282' title='bbox 1591 2625 1658 2688; x_wconf 91' lang='lat' dir='ltr'><strong><em>in</em></strong></span> <span class='ocrx_word' id='word_1_283' title='bbox 1687 2628 1901 2690; x_wconf 90' lang='lat' dir='ltr'><strong><em>Museo</em></strong></span> <span class='ocrx_word' id='word_1_284' title='bbox 1931 2627 2291 2692; x_wconf 85' lang='lat' dir='ltr'><strong><em>Britannico</em></strong></span> <span class='ocrx_word' id='word_1_285' title='bbox 2340 2633 2608 2701; x_wconf 75' lang='lat' dir='ltr'><strong><em>exstare,</em></strong></span> <span class='ocrx_word' id='word_1_286' title='bbox 2652 2627 2830 2707; x_wconf 89' lang='lat' dir='ltr'><strong><em>cujus</em></strong></span> <span class='ocrx_word' id='word_1_287' title='bbox 2855 2625 2921 2687; x_wconf 88' lang='lat' dir='ltr'><strong><em>in</em></strong></span> <span class='ocrx_word' id='word_1_288' title='bbox 2951 2625 3166 2686; x_wconf 90' lang='lat' dir='ltr'><strong><em>limine</em></strong></span> <span class='ocrx_word' id='word_1_289' title='bbox 3201 2642 3396 2705; x_wconf 90' lang='lat' dir='ltr'><strong><em>pauca</em></strong></span> <span class='ocrx_word' id='word_1_290' title='bbox 3435 2626 3757 2705; x_wconf 63' lang='lat' dir='ltr'><strong><em>quaedam,</em></strong></span> 
     </span>
    </p>
   </div>
   <div class='ocr_carea' id='block_1_26' title="bbox 495 2731 3758 2812">
    <p class='ocr_par' dir='ltr' id='par_1_26' title="bbox 495 2731 3758 2812">
     <span class='ocr_line' id='line_1_26' title="bbox 495 2731 3758 2812; baseline -0.001 -16"><span class='ocrx_word' id='word_1_291' title='bbox 495 2731 572 2796; x_wconf 80' lang='lat' dir='ltr'><strong><em>ad</em></strong></span> <span class='ocrx_word' id='word_1_292' title='bbox 601 2749 701 2795; x_wconf 91' lang='lat' dir='ltr'><strong><em>res</em></strong></span> <span class='ocrx_word' id='word_1_293' title='bbox 728 2732 792 2794; x_wconf 91' lang='lat' dir='ltr'><strong><em>in</em></strong></span> <span class='ocrx_word' id='word_1_294' title='bbox 825 2731 1045 2812; x_wconf 89' lang='lat' dir='ltr'><strong><em>primis</em></strong></span> <span class='ocrx_word' id='word_1_295' title='bbox 1075 2732 1478 2812; x_wconf 75' lang='lat' dir='ltr'><strong><em>pertinentia,</em></strong></span> <span class='ocrx_word' id='word_1_296' title='bbox 1513 2733 1748 2796; x_wconf 85' lang='lat' dir='ltr'><strong><em>notavit</em></strong></span> <span class='ocrx_word' id='word_1_297' title='bbox 1781 2733 1875 2795; x_wconf 83' lang='lat' dir='ltr'><strong><em>vir</em></strong></span> <span class='ocrx_word' id='word_1_298' title='bbox 1901 2750 2187 2811; x_wconf 88' lang='lat' dir='ltr'><strong><em>magnus,</em></strong></span> <span class='ocrx_word' id='word_1_299' title='bbox 2218 2733 2440 2795; x_wconf 88' lang='lat' dir='ltr'><strong><em>harum</em></strong></span> <span class='ocrx_word' id='word_1_300' title='bbox 2485 2731 2910 2808; x_wconf 85' lang='lat' dir='ltr'><strong><em>homiliarum,</em></strong></span> <span class='ocrx_word' id='word_1_301' title='bbox 2942 2737 3012 2793; x_wconf 90' lang='lat' dir='ltr'><strong><em>ut</em></strong></span> <span class='ocrx_word' id='word_1_302' title='bbox 3031 2748 3108 2793; x_wconf 87' lang='lat' dir='ltr'><strong><em>ex</em></strong></span> <span class='ocrx_word' id='word_1_303' title='bbox 3138 2731 3588 2794; x_wconf 91' lang='lat' dir='ltr'><strong><em>commentario</em></strong></span> <span class='ocrx_word' id='word_1_304' title='bbox 3619 2731 3758 2810; x_wconf 83' lang='lat' dir='ltr'><strong><em>ejus</em></strong></span> 
     </span>
    </p>
   </div>
   <div class='ocr_carea' id='block_1_27' title="bbox 497 2829 2346 2911">
    <p class='ocr_par' dir='ltr' id='par_1_27' title="bbox 497 2829 2346 2911">
     <span class='ocr_line' id='line_1_27' title="bbox 497 2829 2346 2911; baseline -0.001 -16"><span class='ocrx_word' id='word_1_305' title='bbox 497 2829 578 2895; x_wconf 84' lang='lat' dir='ltr'><strong><em>ad</em></strong></span> <span class='ocrx_word' id='word_1_306' title='bbox 605 2830 800 2892; x_wconf 90' lang='lat' dir='ltr'><strong><em>Persii</em></strong></span> <span class='ocrx_word' id='word_1_307' title='bbox 826 2838 1064 2909; x_wconf 85' lang='lat' dir='ltr'><strong><em>satyras</em></strong></span> <span class='ocrx_word' id='word_1_308' title='bbox 1088 2830 1252 2892; x_wconf 81' lang='lat' dir='ltr'><strong><em>facto</em></strong></span> <span class='ocrx_word' id='word_1_309' title='bbox 1277 2837 1560 2911; x_wconf 88' lang='lat' dir='ltr'><strong><em>apparet,</em></strong></span> <span class='ocrx_word' id='word_1_310' title='bbox 1591 2832 1792 2894; x_wconf 90' lang='lat' dir='ltr'><strong><em>lector</em></strong></span> <span class='ocrx_word' id='word_1_311' title='bbox 1827 2832 2346 2895; x_wconf 90' lang='lat' dir='ltr'><strong><em>studiosissimus.</em></strong></span> 
     </span>
    </p>
   </div>
   <div class='ocr_carea' id='block_1_28' title="bbox 580 2929 3761 3011">
    <p class='ocr_par' dir='ltr' id='par_1_28' title="bbox 580 2929 3761 3011">
     <span class='ocr_line' id='line_1_28' title="bbox 580 2929 3761 3011; baseline -0 -17"><span class='ocrx_word' id='word_1_312' title='bbox 580 2933 654 2994; x_wconf 82' lang='grc' dir='ltr'><strong><em>Π.</em></strong></span> <span class='ocrx_word' id='word_1_313' title='bbox 701 2930 1125 3010; x_wconf 80' lang='lat' dir='ltr'><strong><em>Chrysostomi</em></strong></span> <span class='ocrx_word' id='word_1_314' title='bbox 1153 2933 1354 3011; x_wconf 87' lang='lat' dir='ltr'><strong><em>Opera</em></strong></span> <span class='ocrx_word' id='word_1_315' title='bbox 1401 2931 1615 2995; x_wconf 89' lang='lat' dir='ltr'><strong><em>omnia</em></strong></span> <span class='ocrx_word' id='word_1_316' title='bbox 1647 2933 1863 2996; x_wconf 68' lang='lat' dir='ltr'><strong><em>Graace</em></strong></span> <span class='ocrx_word' id='word_1_317' title='bbox 1901 2933 2096 2995; x_wconf 91' lang='lat' dir='ltr'><strong><em>edidit</em></strong></span> <span class='ocrx_word' id='word_1_318' title='bbox 2139 2933 2446 2996; x_wconf 84' lang='lat' dir='ltr'><strong><em>Henricus</em></strong></span> <span class='ocrx_word' id='word_1_319' title='bbox 2509 2931 2793 3006; x_wconf 89' lang='lat' dir='ltr'><strong><em>Savilius,</em></strong></span> <span class='ocrx_word' id='word_1_320' title='bbox 2841 2933 3058 2995; x_wconf 67' lang='lat' dir='ltr'><strong><em>Etonai</em></strong></span> <span class='ocrx_word' id='word_1_321' title='bbox 3111 2948 3278 2994; x_wconf 89' lang='lat' dir='ltr'><strong><em>anno</em></strong></span> <span class='ocrx_word' id='word_1_322' title='bbox 3311 2929 3483 3005; x_wconf 79' lang='lat'><strong><em>1612,</em></strong></span> <span class='ocrx_word' id='word_1_323' title='bbox 3517 2931 3582 2991; x_wconf 90' lang='lat' dir='ltr'><strong><em>in</em></strong></span> <span class='ocrx_word' id='word_1_324' title='bbox 3613 2937 3761 2994; x_wconf 83' lang='lat' dir='ltr'><strong><em>octo</em></strong></span> 
     </span>
    </p>
   </div>
   <div class='ocr_carea' id='block_1_29' title="bbox 504 3034 3760 3116">
    <p class='ocr_par' dir='ltr' id='par_1_29' title="bbox 504 3034 3760 3116">
     <span class='ocr_line' id='line_1_29' title="bbox 504 3034 3760 3116; baseline -0 -19"><span class='ocrx_word' id='word_1_325' title='bbox 504 3039 709 3097; x_wconf 82' lang='lat' dir='ltr'><strong><em>tomos</em></strong></span> <span class='ocrx_word' id='word_1_326' title='bbox 736 3034 1083 3112; x_wconf 86' lang='lat' dir='ltr'><strong><em>distributa,</em></strong></span> <span class='ocrx_word' id='word_1_327' title='bbox 1118 3052 1390 3116; x_wconf 87' lang='lat' dir='ltr'><strong><em>quorum</em></strong></span> <span class='ocrx_word' id='word_1_328' title='bbox 1439 3035 1756 3099; x_wconf 91' lang='lat' dir='ltr'><strong><em>secundus</em></strong></span> <span class='ocrx_word' id='word_1_329' title='bbox 1796 3037 2100 3099; x_wconf 88' lang='lat' dir='ltr'><strong><em>Homilias</em></strong></span> <span class='ocrx_word' id='word_1_330' title='bbox 2146 3036 2212 3098; x_wconf 91' lang='lat' dir='ltr'><strong><em>in</em></strong></span> <span class='ocrx_word' id='word_1_331' title='bbox 2242 3036 2600 3099; x_wconf 69' lang='lat' dir='ltr'><strong><em>Matthaeum</em></strong></span> <span class='ocrx_word' id='word_1_332' title='bbox 2631 3044 2693 3098; x_wconf 92' lang='lat' dir='ltr'><strong><em>et</em></strong></span> <span class='ocrx_word' id='word_1_333' title='bbox 2719 3038 3024 3098; x_wconf 87' lang='lat' dir='ltr'><strong><em>Joannem</em></strong></span> <span class='ocrx_word' id='word_1_334' title='bbox 3071 3034 3528 3116; x_wconf 86' lang='lat' dir='ltr'><strong><em>complectitur.</em></strong></span> <span class='ocrx_word' id='word_1_335' title='bbox 3561 3035 3760 3115; x_wconf 73' lang='lat' dir='ltr'><strong><em>Hujus</em></strong></span> 
     </span>
    </p>
   </div>
   <div class='ocr_carea' id='block_1_30' title="bbox 502 3129 3761 3216">
    <p class='ocr_par' dir='ltr' id='par_1_30' title="bbox 502 3129 3761 3216">
     <span class='ocr_line' id='line_1_30' title="bbox 502 3129 3761 3216; baseline 0 -22"><span class='ocrx_word' id='word_1_336' title='bbox 502 3129 740 3196; x_wconf 68' lang='lat' dir='ltr'><strong><em>ultimae</em></strong></span> <span class='ocrx_word' id='word_1_337' title='bbox 793 3133 1039 3213; x_wconf 62' lang='lat' dir='ltr'><strong><em>pagina</em></strong></span> <span class='ocrx_word' id='word_1_338' title='bbox 1076 3133 1418 3213; x_wconf 88' lang='lat' dir='ltr'><strong><em>ascriptum</em></strong></span> <span class='ocrx_word' id='word_1_339' title='bbox 1466 3139 1584 3207; x_wconf 90' lang='lat' dir='ltr'><strong><em>est,</em></strong></span> <span class='ocrx_word' id='word_1_340' title='bbox 1615 3135 1834 3195; x_wconf 71' lang='lat' dir='ltr'><strong><em>Etona:</em></strong></span> <span class='ocrx_word' id='word_1_341' title='bbox 1875 3153 2164 3197; x_wconf 73' lang='lat' dir='ltr'><strong><em>excusum</em></strong></span> <span class='ocrx_word' id='word_1_342' title='bbox 2205 3135 2272 3196; x_wconf 88' lang='lat' dir='ltr'><strong><em>in</em></strong></span> <span class='ocrx_word' id='word_1_343' title='bbox 2313 3134 2586 3216; x_wconf 83' lang='lat' dir='ltr'><strong><em>Collegia</em></strong></span> <span class='ocrx_word' id='word_1_344' title='bbox 2617 3134 2838 3215; x_wconf 81' lang='lat' dir='ltr'><strong><em>Reguli</em></strong></span> <span class='ocrx_word' id='word_1_345' title='bbox 2893 3136 3160 3198; x_wconf 81' lang='lat' dir='ltr'><strong><em>MDCX.</em></strong></span> <span class='ocrx_word' id='word_1_346' title='bbox 3185 3135 3666 3216; x_wconf 87' lang='lat' dir='ltr'><strong><em>Typographus,</em></strong></span> <span class='ocrx_word' id='word_1_347' title='bbox 3695 3141 3761 3196; x_wconf 81' lang='lat' dir='ltr'><strong><em>ut</em></strong></span> 
     </span>
    </p>
   </div>
   <div class='ocr_carea' id='block_1_31' title="bbox 503 3231 3762 3316">
    <p class='ocr_par' dir='ltr' id='par_1_31' title="bbox 503 3231 3762 3316">
     <span class='ocr_line' id='line_1_31' title="bbox 503 3231 3762 3316; baseline 0.001 -20"><span class='ocrx_word' id='word_1_348' title='bbox 503 3251 692 3314; x_wconf 83' lang='lat' dir='ltr'><strong><em>supra</em></strong></span> <span class='ocrx_word' id='word_1_349' title='bbox 718 3232 1010 3304; x_wconf 84' lang='lat' dir='ltr'><strong><em>diximus,</em></strong></span> <span class='ocrx_word' id='word_1_350' title='bbox 1050 3231 1394 3312; x_wconf 89' lang='lat' dir='ltr'><strong><em>exemplari</em></strong></span> <span class='ocrx_word' id='word_1_351' title='bbox 1425 3231 1919 3296; x_wconf 89' lang='lat' dir='ltr'><strong><em>Commeliniano</em></strong></span> <span class='ocrx_word' id='word_1_352' title='bbox 1955 3253 2108 3298; x_wconf 86' lang='lat' dir='ltr'><strong><em>usus</em></strong></span> <span class='ocrx_word' id='word_1_353' title='bbox 2141 3242 2258 3309; x_wconf 88' lang='lat' dir='ltr'><strong><em>est,</em></strong></span> <span class='ocrx_word' id='word_1_354' title='bbox 2290 3236 2368 3299; x_wconf 90' lang='lat' dir='ltr'><strong><em>ab</em></strong></span> <span class='ocrx_word' id='word_1_355' title='bbox 2395 3236 2593 3316; x_wconf 90' lang='lat' dir='ltr'><strong><em>ipsius</em></strong></span> <span class='ocrx_word' id='word_1_356' title='bbox 2622 3236 2829 3306; x_wconf 86' lang='lat' dir='ltr'><strong><em>Savilii</em></strong></span> <span class='ocrx_word' id='word_1_357' title='bbox 2849 3253 3040 3298; x_wconf 91' lang='lat' dir='ltr'><strong><em>manu</em></strong></span> <span class='ocrx_word' id='word_1_358' title='bbox 3077 3235 3547 3313; x_wconf 89' lang='lat' dir='ltr'><strong><em>diligentissime</em></strong></span> <span class='ocrx_word' id='word_1_359' title='bbox 3578 3253 3762 3298; x_wconf 89' lang='lat' dir='ltr'><strong><em>reco-</em></strong></span> 
     </span>
    </p>
   </div>
   <div class='ocr_carea' id='block_1_32' title="bbox 507 3335 3761 3420">
    <p class='ocr_par' dir='ltr' id='par_1_32' title="bbox 507 3335 3761 3420">
     <span class='ocr_line' id='line_1_32' title="bbox 507 3335 3761 3420; baseline 0.002 -24"><span class='ocrx_word' id='word_1_360' title='bbox 507 3336 703 3415; x_wconf 85' lang='lat' dir='ltr'><strong><em>gnito,</em></strong></span> <span class='ocrx_word' id='word_1_361' title='bbox 738 3335 906 3416; x_wconf 91' lang='lat' dir='ltr'><strong><em>quod</em></strong></span> <span class='ocrx_word' id='word_1_362' title='bbox 936 3337 1145 3418; x_wconf 88' lang='lat' dir='ltr'><strong><em>ipsum</em></strong></span> <span class='ocrx_word' id='word_1_363' title='bbox 1181 3336 1384 3398; x_wconf 83' lang='lat' dir='ltr'><strong><em>adhuc</em></strong></span> <span class='ocrx_word' id='word_1_364' title='bbox 1408 3337 1631 3398; x_wconf 85' lang='lat' dir='ltr'><strong><em>Oxonii</em></strong></span> <span class='ocrx_word' id='word_1_365' title='bbox 1657 3337 1723 3400; x_wconf 90' lang='lat' dir='ltr'><strong><em>in</em></strong></span> <span class='ocrx_word' id='word_1_366' title='bbox 1751 3337 2134 3404; x_wconf 88' lang='lat' dir='ltr'><strong><em>bibliotheca</em></strong></span> <span class='ocrx_word' id='word_1_367' title='bbox 2159 3339 2499 3404; x_wconf 87' lang='lat' dir='ltr'><strong><em>Bodleiana</em></strong></span> <span class='ocrx_word' id='word_1_368' title='bbox 2527 3340 2818 3420; x_wconf 85' lang='lat' dir='ltr'><strong><em>religiose</em></strong></span> <span class='ocrx_word' id='word_1_369' title='bbox 2839 3346 3139 3402; x_wconf 86' lang='lat' dir='ltr'><strong><em>servatur.</em></strong></span> <span class='ocrx_word' id='word_1_370' title='bbox 3162 3339 3277 3402; x_wconf 87' lang='lat' dir='ltr'><strong><em>Hic</em></strong></span> <span class='ocrx_word' id='word_1_371' title='bbox 3298 3338 3448 3415; x_wconf 89' lang='lat' dir='ltr'><strong><em>illic,</em></strong></span> <span class='ocrx_word' id='word_1_372' title='bbox 3469 3339 3534 3400; x_wconf 91' lang='lat' dir='ltr'><strong><em>in</em></strong></span> <span class='ocrx_word' id='word_1_373' title='bbox 3558 3347 3761 3420; x_wconf 88' lang='lat' dir='ltr'><strong><em>poste-</em></strong></span> 
     </span>
    </p>
   </div>
   <div class='ocr_carea' id='block_1_33' title="bbox 507 3440 3768 3526">
    <p class='ocr_par' dir='ltr' id='par_1_33' title="bbox 507 3440 3768 3526">
     <span class='ocr_line' id='line_1_33' title="bbox 507 3440 3768 3526; baseline 0.001 -24"><span class='ocrx_word' id='word_1_374' title='bbox 507 3442 673 3503; x_wconf 84' lang='lat' dir='ltr'><strong><em>riore</em></strong></span> <span class='ocrx_word' id='word_1_375' title='bbox 705 3442 1071 3521; x_wconf 65' lang='lat' dir='ltr'><strong><em>praesertim,</em></strong></span> <span class='ocrx_word' id='word_1_376' title='bbox 1105 3440 1157 3502; x_wconf 92' lang='lat' dir='ltr'><strong><em>si</em></strong></span> <span class='ocrx_word' id='word_1_377' title='bbox 1189 3441 1350 3504; x_wconf 90' lang='lat' dir='ltr'><strong><em>bene</em></strong></span> <span class='ocrx_word' id='word_1_378' title='bbox 1373 3441 1654 3516; x_wconf 89' lang='lat' dir='ltr'><strong><em>memini,</em></strong></span> <span class='ocrx_word' id='word_1_379' title='bbox 1694 3441 2028 3506; x_wconf 86' lang='lat' dir='ltr'><strong><em>voluminis</em></strong></span> <span class='ocrx_word' id='word_1_380' title='bbox 2084 3452 2288 3526; x_wconf 88' lang='lat' dir='ltr'><strong><em>parte,</em></strong></span> <span class='ocrx_word' id='word_1_381' title='bbox 2323 3461 2442 3525; x_wconf 86' lang='lat' dir='ltr'><strong><em>pro</em></strong></span> <span class='ocrx_word' id='word_1_382' title='bbox 2491 3460 2724 3507; x_wconf 88' lang='lat' dir='ltr'><strong><em>excuso</em></strong></span> <span class='ocrx_word' id='word_1_383' title='bbox 2770 3443 3185 3523; x_wconf 84' lang='lat' dir='ltr'><strong><em>archetypum</em></strong></span> <span class='ocrx_word' id='word_1_384' title='bbox 3218 3459 3411 3504; x_wconf 86' lang='lat' dir='ltr'><strong><em>manu</em></strong></span> <span class='ocrx_word' id='word_1_385' title='bbox 3437 3441 3768 3522; x_wconf 91' lang='lat' dir='ltr'><strong><em>scriptum,</em></strong></span> 
     </span>
    </p>
   </div>
   <div class='ocr_carea' id='block_1_34' title="bbox 509 3543 3768 3624">
    <p class='ocr_par' dir='ltr' id='par_1_34' title="bbox 509 3543 3768 3624">
     <span class='ocr_line' id='line_1_34' title="bbox 509 3543 3768 3624; baseline -0.001 -18"><span class='ocrx_word' id='word_1_386' title='bbox 509 3543 910 3606; x_wconf 87' lang='lat' dir='ltr'><strong><em>emendatum</em></strong></span> <span class='ocrx_word' id='word_1_387' title='bbox 970 3549 1031 3604; x_wconf 87' lang='lat' dir='ltr'><strong><em>et</em></strong></span> <span class='ocrx_word' id='word_1_388' title='bbox 1074 3543 1252 3618; x_wconf 88' lang='lat' dir='ltr'><strong><em>illud,</em></strong></span> <span class='ocrx_word' id='word_1_389' title='bbox 1290 3559 1501 3623; x_wconf 68' lang='lat' dir='ltr'><strong><em>Opera)</em></strong></span> <span class='ocrx_word' id='word_1_390' title='bbox 1557 3552 2023 3624; x_wconf 89' lang='lat' dir='ltr'><strong><em>expresserunt.</em></strong></span> <span class='ocrx_word' id='word_1_391' title='bbox 2065 3547 2152 3608; x_wconf 91' lang='lat' dir='ltr'><strong><em>De</em></strong></span> <span class='ocrx_word' id='word_1_392' title='bbox 2208 3546 2502 3609; x_wconf 88' lang='lat' dir='ltr'><strong><em>subsidiis</em></strong></span> <span class='ocrx_word' id='word_1_393' title='bbox 2560 3563 2690 3608; x_wconf 64' lang='lat' dir='ltr'><strong><em>sua)</em></strong></span> <span class='ocrx_word' id='word_1_394' title='bbox 2733 3545 3120 3607; x_wconf 88' lang='lat' dir='ltr'><strong><em>recensionis</em></strong></span> <span class='ocrx_word' id='word_1_395' title='bbox 3163 3560 3363 3624; x_wconf 90' lang='lat' dir='ltr'><strong><em>pauca</em></strong></span> <span class='ocrx_word' id='word_1_396' title='bbox 3403 3560 3518 3605; x_wconf 89' lang='lat' dir='ltr'><strong><em>nos</em></strong></span> <span class='ocrx_word' id='word_1_397' title='bbox 3555 3543 3768 3606; x_wconf 88' lang='lat' dir='ltr'><strong><em>docuit</em></strong></span> 
     </span>
    </p>
   </div>
   <div class='ocr_carea' id='block_1_35' title="bbox 510 3645 3768 3730">
    <p class='ocr_par' dir='ltr' id='par_1_35' title="bbox 510 3645 3768 3730">
     <span class='ocr_line' id='line_1_35' title="bbox 510 3645 3768 3730; baseline -0.002 -18"><span class='ocrx_word' id='word_1_398' title='bbox 510 3647 714 3712; x_wconf 88' lang='lat' dir='ltr'><strong><em>editor</em></strong></span> <span class='ocrx_word' id='word_1_399' title='bbox 742 3648 1052 3727; x_wconf 86' lang='lat' dir='ltr'><strong><em>egregius,</em></strong></span> <span class='ocrx_word' id='word_1_400' title='bbox 1093 3665 1235 3728; x_wconf 83' lang='lat' dir='ltr'><strong><em>quae</em></strong></span> <span class='ocrx_word' id='word_1_401' title='bbox 1273 3647 1375 3710; x_wconf 91' lang='lat' dir='ltr'><strong><em>hic</em></strong></span> <span class='ocrx_word' id='word_1_402' title='bbox 1406 3648 1762 3711; x_wconf 81' lang='lat' dir='ltr'><strong><em>exscribere</em></strong></span> <span class='ocrx_word' id='word_1_403' title='bbox 1800 3666 1929 3712; x_wconf 91' lang='lat' dir='ltr'><strong><em>non</em></strong></span> <span class='ocrx_word' id='word_1_404' title='bbox 1949 3649 2273 3730; x_wconf 85' lang='lat' dir='ltr'><strong><em>gravabor.</em></strong></span> <span class='ocrx_word' id='word_1_405' title='bbox 2305 3675 2334 3708; x_wconf 79' lang='grc' dir='ltr'><strong><em>α</em></strong></span> <span class='ocrx_word' id='word_1_406' title='bbox 2357 3652 2594 3713; x_wconf 86' lang='lat' dir='ltr'><strong><em>Harum</em></strong></span> <span class='ocrx_word' id='word_1_407' title='bbox 2624 3648 2966 3712; x_wconf 88' lang='lat' dir='ltr'><strong><em>editionem</em></strong></span> <span class='ocrx_word' id='word_1_408' title='bbox 2992 3646 3406 3710; x_wconf 84' lang='lat' dir='ltr'><strong><em>Homiliarum</em></strong></span> <span class='ocrx_word' id='word_1_409' title='bbox 3435 3645 3768 3709; x_wconf 85' lang='lat' dir='ltr'><strong><em>adornavi-</em></strong></span> 
     </span>
    </p>
   </div>
   <div class='ocr_carea' id='block_1_36' title="bbox 512 3749 3771 3836">
    <p class='ocr_par' dir='ltr' id='par_1_36' title="bbox 512 3749 3771 3836">
     <span class='ocr_line' id='line_1_36' title="bbox 512 3749 3771 3836; baseline -0.002 -22"><span class='ocrx_word' id='word_1_410' title='bbox 512 3770 672 3827; x_wconf 88' lang='lat' dir='ltr'><strong><em>mus,</em></strong></span> <span class='ocrx_word' id='word_1_411' title='bbox 722 3755 965 3827; x_wconf 87' lang='lat' dir='ltr'><strong><em>Lector,</em></strong></span> <span class='ocrx_word' id='word_1_412' title='bbox 1006 3769 1080 3813; x_wconf 91' lang='lat' dir='ltr'><strong><em>ex</em></strong></span> <span class='ocrx_word' id='word_1_413' title='bbox 1113 3753 1396 3832; x_wconf 89' lang='lat' dir='ltr'><strong><em>quinque</em></strong></span> <span class='ocrx_word' id='word_1_414' title='bbox 1422 3750 1597 3814; x_wconf 86' lang='lat' dir='ltr'><strong><em>libris</em></strong></span> <span class='ocrx_word' id='word_1_415' title='bbox 1641 3769 1832 3815; x_wconf 89' lang='lat' dir='ltr'><strong><em>manu</em></strong></span> <span class='ocrx_word' id='word_1_416' title='bbox 1883 3755 2153 3836; x_wconf 83' lang='lat' dir='ltr'><strong><em>scriptis.</em></strong></span> <span class='ocrx_word' id='word_1_417' title='bbox 2209 3756 2493 3818; x_wconf 82' lang='lat' dir='ltr'><strong><em>Primum</em></strong></span> <span class='ocrx_word' id='word_1_418' title='bbox 2531 3753 2715 3818; x_wconf 90' lang='lat' dir='ltr'><strong><em>nobis</em></strong></span> <span class='ocrx_word' id='word_1_419' title='bbox 2767 3751 3050 3816; x_wconf 75' lang='lat' dir='ltr'><strong><em>exhibuit</em></strong></span> <span class='ocrx_word' id='word_1_420' title='bbox 3096 3749 3476 3815; x_wconf 85' lang='lat' dir='ltr'><strong><em>bibliotheca</em></strong></span> <span class='ocrx_word' id='word_1_421' title='bbox 3521 3750 3771 3831; x_wconf 78' lang='lat' dir='ltr'><strong><em>collegii</em></strong></span> 
     </span>
    </p>
   </div>
   <div class='ocr_carea' id='block_1_37' title="bbox 512 3852 3771 3939">
    <p class='ocr_par' dir='ltr' id='par_1_37' title="bbox 512 3852 3771 3939">
     <span class='ocr_line' id='line_1_37' title="bbox 512 3852 3771 3939; baseline -0.001 -24"><span class='ocrx_word' id='word_1_422' title='bbox 512 3856 805 3936; x_wconf 87' lang='lat' dir='ltr'><strong><em>Corporis</em></strong></span> <span class='ocrx_word' id='word_1_423' title='bbox 841 3856 1063 3918; x_wconf 88' lang='lat' dir='ltr'><strong><em>Christi</em></strong></span> <span class='ocrx_word' id='word_1_424' title='bbox 1107 3853 1356 3928; x_wconf 88' lang='lat' dir='ltr'><strong><em>Oxonii,</em></strong></span> <span class='ocrx_word' id='word_1_425' title='bbox 1387 3872 1423 3916; x_wconf 91' lang='lat' dir='ltr'><strong><em>a</em></strong></span> <span class='ocrx_word' id='word_1_426' title='bbox 1470 3855 1824 3936; x_wconf 83' lang='lat' dir='ltr'><strong><em>SerbOpulo</em></strong></span> <span class='ocrx_word' id='word_1_427' title='bbox 1851 3857 2150 3939; x_wconf 89' lang='lat' dir='ltr'><strong><em>quodam,</em></strong></span> <span class='ocrx_word' id='word_1_428' title='bbox 2181 3857 2441 3921; x_wconf 89' lang='lat' dir='ltr'><strong><em>homine</em></strong></span> <span class='ocrx_word' id='word_1_429' title='bbox 2466 3858 2708 3932; x_wconf 64' lang='lat' dir='ltr'><strong><em>Graeco,</em></strong></span> <span class='ocrx_word' id='word_1_430' title='bbox 2738 3872 2907 3918; x_wconf 88' lang='lat' dir='ltr'><strong><em>anno</em></strong></span> <span class='ocrx_word' id='word_1_431' title='bbox 2937 3854 3355 3916; x_wconf 82' lang='lat' dir='ltr'><strong><em>MCCCCXCIX</em></strong></span> <span class='ocrx_word' id='word_1_432' title='bbox 3397 3853 3543 3915; x_wconf 86' lang='lat' dir='ltr'><strong><em>satis</em></strong></span> <span class='ocrx_word' id='word_1_433' title='bbox 3568 3852 3771 3931; x_wconf 86' lang='lat' dir='ltr'><strong><em>negli-</em></strong></span> 
     </span>
    </p>
   </div>
   <div class='ocr_carea' id='block_1_38' title="bbox 515 3955 3772 4039">
    <p class='ocr_par' dir='ltr' id='par_1_38' title="bbox 515 3955 3772 4039">
     <span class='ocr_line' id='line_1_38' title="bbox 515 3955 3772 4039; baseline -0.001 -24"><span class='ocrx_word' id='word_1_434' title='bbox 515 3960 734 4033; x_wconf 84' lang='lat' dir='ltr'><strong><em>genter</em></strong></span> <span class='ocrx_word' id='word_1_435' title='bbox 761 3963 817 4017; x_wconf 90' lang='lat' dir='ltr'><strong><em>et</em></strong></span> <span class='ocrx_word' id='word_1_436' title='bbox 859 3956 1146 4036; x_wconf 88' lang='lat' dir='ltr'><strong><em>imperite</em></strong></span> <span class='ocrx_word' id='word_1_437' title='bbox 1176 3955 1500 4034; x_wconf 87' lang='lat' dir='ltr'><strong><em>scriptum,</em></strong></span> <span class='ocrx_word' id='word_1_438' title='bbox 1556 3955 1857 4036; x_wconf 71' lang='lat' dir='ltr'><strong><em>Redingaa</em></strong></span> <span class='ocrx_word' id='word_1_439' title='bbox 1889 3958 1956 4018; x_wconf 90' lang='lat' dir='ltr'><strong><em>in</em></strong></span> <span class='ocrx_word' id='word_1_440' title='bbox 1988 3959 2231 4039; x_wconf 80' lang='lat' dir='ltr'><strong><em>Anglia,</em></strong></span> <span class='ocrx_word' id='word_1_441' title='bbox 2257 3958 2408 4018; x_wconf 84' lang='lat' dir='ltr'><strong><em>XLV</em></strong></span> <span class='ocrx_word' id='word_1_442' title='bbox 2450 3963 2687 4020; x_wconf 90' lang='lat' dir='ltr'><strong><em>tantum</em></strong></span> <span class='ocrx_word' id='word_1_443' title='bbox 2716 3956 2960 4037; x_wconf 88' lang='lat' dir='ltr'><strong><em>priores</em></strong></span> <span class='ocrx_word' id='word_1_444' title='bbox 2987 3955 3289 4018; x_wconf 86' lang='lat' dir='ltr'><strong><em>Homilias</em></strong></span> <span class='ocrx_word' id='word_1_445' title='bbox 3318 3956 3772 4017; x_wconf 86' lang='lat' dir='ltr'><strong><em>continentem.</em></strong></span> 
     </span>
    </p>
   </div>
   <div class='ocr_carea' id='block_1_39' title="bbox 516 4053 3776 4148">
    <p class='ocr_par' dir='ltr' id='par_1_39' title="bbox 516 4053 3776 4148">
     <span class='ocr_line' id='line_1_39' title="bbox 516 4053 3776 4148; baseline -0.002 -26"><span class='ocrx_word' id='word_1_446' title='bbox 516 4058 868 4122; x_wconf 83' lang='lat' dir='ltr'><strong><em>Secundum</em></strong></span> <span class='ocrx_word' id='word_1_447' title='bbox 903 4056 1283 4120; x_wconf 84' lang='lat' dir='ltr'><strong><em>bibliotheca</em></strong></span> <span class='ocrx_word' id='word_1_448' title='bbox 1306 4057 1704 4121; x_wconf 84' lang='lat' dir='ltr'><strong><em>illustrissimi</em></strong></span> <span class='ocrx_word' id='word_1_449' title='bbox 1747 4061 1974 4148; x_wconf 72' lang='lat' dir='ltr'><strong><em>Caecilii</em></strong></span> <span class='ocrx_word' id='word_1_450' title='bbox 2027 4061 2272 4124; x_wconf 89' lang='lat' dir='ltr'><strong><em>comitis</em></strong></span> <span class='ocrx_word' id='word_1_451' title='bbox 2314 4059 2710 4134; x_wconf 85' lang='lat' dir='ltr'><strong><em>Oxoniensis,</em></strong></span> <span class='ocrx_word' id='word_1_452' title='bbox 2737 4058 2819 4121; x_wconf 90' lang='lat' dir='ltr'><strong><em>ab</em></strong></span> <span class='ocrx_word' id='word_1_453' title='bbox 2855 4059 3081 4122; x_wconf 84' lang='lat' dir='ltr'><strong><em>eodem</em></strong></span> <span class='ocrx_word' id='word_1_454' title='bbox 3142 4054 3494 4137; x_wconf 91' lang='lat' dir='ltr'><strong><em>Serbopulo</em></strong></span> <span class='ocrx_word' id='word_1_455' title='bbox 3537 4053 3776 4117; x_wconf 89' lang='lat' dir='ltr'><strong><em>ibidem</em></strong></span> 
     </span>
    </p>
   </div>
   <div class='ocr_carea' id='block_1_40' title="bbox 517 4153 3774 4240">
    <p class='ocr_par' dir='ltr' id='par_1_40' title="bbox 517 4153 3774 4240">
     <span class='ocr_line' id='line_1_40' title="bbox 517 4153 3774 4240; baseline -0.004 -14"><span class='ocrx_word' id='word_1_456' title='bbox 517 4163 738 4226; x_wconf 82' lang='lat' dir='ltr'><strong><em>eadem</em></strong></span> <span class='ocrx_word' id='word_1_457' title='bbox 764 4161 885 4223; x_wconf 85' lang='lat' dir='ltr'><strong><em>ﬁde</em></strong></span> <span class='ocrx_word' id='word_1_458' title='bbox 919 4165 981 4222; x_wconf 86' lang='lat' dir='ltr'><strong><em>et</em></strong></span> <span class='ocrx_word' id='word_1_459' title='bbox 1007 4159 1322 4238; x_wconf 88' lang='lat' dir='ltr'><strong><em>diligentia</em></strong></span> <span class='ocrx_word' id='word_1_460' title='bbox 1352 4159 1654 4240; x_wconf 90' lang='lat' dir='ltr'><strong><em>scriptum</em></strong></span> <span class='ocrx_word' id='word_1_461' title='bbox 1683 4176 1850 4223; x_wconf 90' lang='lat' dir='ltr'><strong><em>anno</em></strong></span> <span class='ocrx_word' id='word_1_462' title='bbox 1878 4167 2208 4240; x_wconf 88' lang='lat' dir='ltr'><strong><em>sequente,</em></strong></span> <span class='ocrx_word' id='word_1_463' title='bbox 2243 4176 2333 4223; x_wconf 90' lang='lat' dir='ltr'><strong><em>se.</em></strong></span> <span class='ocrx_word' id='word_1_464' title='bbox 2364 4158 2495 4234; x_wconf 84' lang='lat' dir='ltr'><strong><em>MD,</em></strong></span> <span class='ocrx_word' id='word_1_465' title='bbox 2521 4158 2793 4238; x_wconf 89' lang='lat' dir='ltr'><strong><em>reliquas</em></strong></span> <span class='ocrx_word' id='word_1_466' title='bbox 2819 4158 3199 4239; x_wconf 88' lang='lat' dir='ltr'><strong><em>posteriores</em></strong></span> <span class='ocrx_word' id='word_1_467' title='bbox 3225 4153 3774 4236; x_wconf 85' lang='lat' dir='ltr'><strong><em>complectentem-</em></strong></span> 
     </span>
    </p>
   </div>
   <div class='ocr_carea' id='block_1_41' title="bbox 527 4256 3776 4343">
    <p class='ocr_par' dir='ltr' id='par_1_41' title="bbox 527 4256 3776 4343">
     <span class='ocr_line' id='line_1_41' title="bbox 527 4256 3776 4343; baseline -0.004 -16"><span class='ocrx_word' id='word_1_468' title='bbox 527 4266 805 4327; x_wconf 87' lang='lat' dir='ltr'><strong><em>Tertium</em></strong></span> <span class='ocrx_word' id='word_1_469' title='bbox 841 4265 1024 4326; x_wconf 91' lang='lat' dir='ltr'><strong><em>nobis</em></strong></span> <span class='ocrx_word' id='word_1_470' title='bbox 1044 4265 1325 4328; x_wconf 88' lang='lat' dir='ltr'><strong><em>codicem</em></strong></span> <span class='ocrx_word' id='word_1_471' title='bbox 1349 4263 1521 4327; x_wconf 90' lang='lat' dir='ltr'><strong><em>dedit</em></strong></span> <span class='ocrx_word' id='word_1_472' title='bbox 1548 4263 1933 4328; x_wconf 86' lang='lat' dir='ltr'><strong><em>bibliotheca</em></strong></span> <span class='ocrx_word' id='word_1_473' title='bbox 1957 4263 2214 4343; x_wconf 89' lang='lat' dir='ltr'><strong><em>Collegii</em></strong></span> <span class='ocrx_word' id='word_1_474' title='bbox 2240 4263 2399 4327; x_wconf 87' lang='lat' dir='ltr'><strong><em>Novi</em></strong></span> <span class='ocrx_word' id='word_1_475' title='bbox 2426 4263 2672 4336; x_wconf 92' lang='lat' dir='ltr'><strong><em>Oxonii,</em></strong></span> <span class='ocrx_word' id='word_1_476' title='bbox 2705 4267 2768 4324; x_wconf 87' lang='lat' dir='ltr'><strong><em>et</em></strong></span> <span class='ocrx_word' id='word_1_477' title='bbox 2799 4270 3090 4342; x_wconf 84' lang='lat' dir='ltr'><strong><em>quartum</em></strong></span> <span class='ocrx_word' id='word_1_478' title='bbox 3116 4256 3496 4320; x_wconf 87' lang='lat' dir='ltr'><strong><em>bibliotheca</em></strong></span> <span class='ocrx_word' id='word_1_479' title='bbox 3525 4256 3776 4317; x_wconf 86' lang='lat' dir='ltr'><strong><em>Univer-</em></strong></span> 
     </span>
    </p>
   </div>
   <div class='ocr_carea' id='block_1_42' title="bbox 520 4359 3778 4450">
    <p class='ocr_par' dir='ltr' id='par_1_42' title="bbox 520 4359 3778 4450">
     <span class='ocr_line' id='line_1_42' title="bbox 520 4359 3778 4450; baseline -0.003 -21"><span class='ocrx_word' id='word_1_480' title='bbox 520 4367 714 4430; x_wconf 90' lang='lat' dir='ltr'><strong><em>sitatis</em></strong></span> <span class='ocrx_word' id='word_1_481' title='bbox 770 4368 1164 4444; x_wconf 85' lang='lat' dir='ltr'><strong><em>Oxoniensis,</em></strong></span> <span class='ocrx_word' id='word_1_482' title='bbox 1218 4368 1758 4450; x_wconf 88' lang='lat' dir='ltr'><strong><em>Constantinopoli</em></strong></span> <span class='ocrx_word' id='word_1_483' title='bbox 1786 4385 1992 4449; x_wconf 89' lang='lat' dir='ltr'><strong><em>nuper</em></strong></span> <span class='ocrx_word' id='word_1_484' title='bbox 2043 4369 2395 4443; x_wconf 87' lang='lat' dir='ltr'><strong><em>advectum,</em></strong></span> <span class='ocrx_word' id='word_1_485' title='bbox 2437 4366 2717 4431; x_wconf 89' lang='lat' dir='ltr'><strong><em>melioris</em></strong></span> <span class='ocrx_word' id='word_1_486' title='bbox 2769 4373 2936 4429; x_wconf 68' lang='lat' dir='ltr'><strong><em>nota:</em></strong></span> <span class='ocrx_word' id='word_1_487' title='bbox 2984 4370 3045 4428; x_wconf 89' lang='lat' dir='ltr'><strong><em>et</em></strong></span> <span class='ocrx_word' id='word_1_488' title='bbox 3089 4363 3418 4444; x_wconf 86' lang='lat' dir='ltr'><strong><em>antiquum</em></strong></span> <span class='ocrx_word' id='word_1_489' title='bbox 3448 4359 3621 4434; x_wconf 89' lang='lat' dir='ltr'><strong><em>satis,</em></strong></span> <span class='ocrx_word' id='word_1_490' title='bbox 3651 4374 3778 4420; x_wconf 89' lang='lat' dir='ltr'><strong><em>non</em></strong></span> 
     </span>
    </p>
   </div>
   <div class='ocr_carea' id='block_1_43' title="bbox 524 4461 3778 4552">
    <p class='ocr_par' dir='ltr' id='par_1_43' title="bbox 524 4461 3778 4552">
     <span class='ocr_line' id='line_1_43' title="bbox 524 4461 3778 4552; baseline -0.003 -24"><span class='ocrx_word' id='word_1_491' title='bbox 524 4467 738 4548; x_wconf 86' lang='lat' dir='ltr'><strong><em>plures</em></strong></span> <span class='ocrx_word' id='word_1_492' title='bbox 800 4475 1009 4533; x_wconf 88' lang='lat' dir='ltr'><strong><em>tamen</em></strong></span> <span class='ocrx_word' id='word_1_493' title='bbox 1070 4487 1362 4551; x_wconf 85' lang='lat' dir='ltr'><strong><em>quemque</em></strong></span> <span class='ocrx_word' id='word_1_494' title='bbox 1393 4487 1584 4551; x_wconf 87' lang='lat' dir='ltr'><strong><em>quam</em></strong></span> <span class='ocrx_word' id='word_1_495' title='bbox 1634 4487 1776 4532; x_wconf 84' lang='lat' dir='ltr'><strong><em>xLIv</em></strong></span> <span class='ocrx_word' id='word_1_496' title='bbox 1810 4477 1917 4533; x_wconf 90' lang='lat' dir='ltr'><strong><em>aut</em></strong></span> <span class='ocrx_word' id='word_1_497' title='bbox 1945 4487 2073 4532; x_wconf 77' lang='lat' dir='ltr'><strong><em>XLV</em></strong></span> <span class='ocrx_word' id='word_1_498' title='bbox 2110 4469 2354 4552; x_wconf 88' lang='lat' dir='ltr'><strong><em>priores</em></strong></span> <span class='ocrx_word' id='word_1_499' title='bbox 2401 4474 2978 4550; x_wconf 65' lang='lat' dir='ltr'><strong><em>repraesentantem.</em></strong></span> <span class='ocrx_word' id='word_1_500' title='bbox 3043 4466 3342 4542; x_wconf 82' lang='lat' dir='ltr'><strong><em>Quintum</em></strong></span> <span class='ocrx_word' id='word_1_501' title='bbox 3380 4470 3441 4524; x_wconf 89' lang='lat' dir='ltr'><strong><em>et</em></strong></span> <span class='ocrx_word' id='word_1_502' title='bbox 3489 4461 3778 4523; x_wconf 84' lang='lat' dir='ltr'><strong><em>ultimum</em></strong></span> 
     </span>
    </p>
   </div>
   <div class='ocr_carea' id='block_1_44' title="bbox 527 4559 3780 4650">
    <p class='ocr_par' dir='ltr' id='par_1_44' title="bbox 527 4559 3780 4650">
     <span class='ocr_line' id='line_1_44' title="bbox 527 4559 3780 4650; baseline -0.004 -21"><span class='ocrx_word' id='word_1_503' title='bbox 527 4569 906 4648; x_wconf 88' lang='lat' dir='ltr'><strong><em>posteriores</em></strong></span> <span class='ocrx_word' id='word_1_504' title='bbox 945 4568 1256 4645; x_wconf 90' lang='lat' dir='ltr'><strong><em>homilias,</em></strong></span> <span class='ocrx_word' id='word_1_505' title='bbox 1285 4587 1516 4650; x_wconf 89' lang='lat' dir='ltr'><strong><em>easque</em></strong></span> <span class='ocrx_word' id='word_1_506' title='bbox 1547 4587 1678 4633; x_wconf 89' lang='lat' dir='ltr'><strong><em>non</em></strong></span> <span class='ocrx_word' id='word_1_507' title='bbox 1705 4570 1894 4650; x_wconf 90' lang='lat' dir='ltr'><strong><em>plene</em></strong></span> <span class='ocrx_word' id='word_1_508' title='bbox 1925 4570 2377 4642; x_wconf 88' lang='lat' dir='ltr'><strong><em>continentem,</em></strong></span> <span class='ocrx_word' id='word_1_509' title='bbox 2409 4568 2519 4630; x_wconf 90' lang='lat' dir='ltr'><strong><em>sed</em></strong></span> <span class='ocrx_word' id='word_1_510' title='bbox 2557 4568 2810 4647; x_wconf 68' lang='lat' dir='ltr'><strong><em>Optimae</em></strong></span> <span class='ocrx_word' id='word_1_511' title='bbox 2848 4583 2992 4630; x_wconf 92' lang='lat' dir='ltr'><strong><em>cum</em></strong></span> <span class='ocrx_word' id='word_1_512' title='bbox 3020 4563 3240 4646; x_wconf 90' lang='lat' dir='ltr'><strong><em>primis</em></strong></span> <span class='ocrx_word' id='word_1_513' title='bbox 3268 4567 3436 4625; x_wconf 75' lang='lat' dir='ltr'><strong><em>notae</em></strong></span> <span class='ocrx_word' id='word_1_514' title='bbox 3471 4559 3780 4628; x_wconf 88' lang='lat' dir='ltr'><strong><em>codicem,</em></strong></span> 
     </span>
    </p>
   </div>
   <div class='ocr_carea' id='block_1_45' title="bbox 525 4657 3779 4750">
    <p class='ocr_par' dir='ltr' id='par_1_45' title="bbox 525 4657 3779 4750">
     <span class='ocr_line' id='line_1_45' title="bbox 525 4657 3779 4750; baseline -0.002 -19"><span class='ocrx_word' id='word_1_515' title='bbox 525 4687 715 4750; x_wconf 87' lang='lat' dir='ltr'><strong><em>supra</em></strong></span> <span class='ocrx_word' id='word_1_516' title='bbox 749 4687 1253 4734; x_wconf 57' lang='lat' dir='ltr'><strong><em>commemorata;</em></strong></span> <span class='ocrx_word' id='word_1_517' title='bbox 1284 4672 1710 4736; x_wconf 84' lang='lat' dir='ltr'><strong><em>Universitatis</em></strong></span> <span class='ocrx_word' id='word_1_518' title='bbox 1737 4671 2135 4734; x_wconf 69' lang='lat' dir='ltr'><strong><em>bibliothecae</em></strong></span> <span class='ocrx_word' id='word_1_519' title='bbox 2165 4672 2491 4734; x_wconf 88' lang='lat' dir='ltr'><strong><em>debemus.</em></strong></span> <span class='ocrx_word' id='word_1_520' title='bbox 2522 4693 2549 4728; x_wconf 68' lang='grc' dir='ltr'><strong><em>υ</em></strong></span> <span class='ocrx_word' id='word_1_521' title='bbox 2572 4671 2811 4731; x_wconf 86' lang='lat' dir='ltr'><strong><em>Horum</em></strong></span> <span class='ocrx_word' id='word_1_522' title='bbox 2842 4676 2967 4730; x_wconf 90' lang='lat' dir='ltr'><strong><em>tres</em></strong></span> <span class='ocrx_word' id='word_1_523' title='bbox 2997 4666 3240 4748; x_wconf 89' lang='lat' dir='ltr'><strong><em>priores</em></strong></span> <span class='ocrx_word' id='word_1_524' title='bbox 3281 4680 3410 4725; x_wconf 89' lang='lat' dir='ltr'><strong><em>non</em></strong></span> <span class='ocrx_word' id='word_1_525' title='bbox 3457 4657 3779 4739; x_wconf 83' lang='lat' dir='ltr'><strong><em>indagavi;</em></strong></span> 
     </span>
    </p>
   </div>
   <div class='ocr_carea' id='block_1_46' title="bbox 526 4757 3781 4857">
    <p class='ocr_par' dir='ltr' id='par_1_46' title="bbox 526 4757 3781 4857">
     <span class='ocr_line' id='line_1_46' title="bbox 526 4757 3781 4857; baseline -0.005 -21"><span class='ocrx_word' id='word_1_526' title='bbox 526 4784 784 4855; x_wconf 88' lang='lat' dir='ltr'><strong><em>quartus</em></strong></span> <span class='ocrx_word' id='word_1_527' title='bbox 804 4777 1004 4842; x_wconf 80' lang='lat' dir='ltr'><strong><em>codex</em></strong></span> <span class='ocrx_word' id='word_1_528' title='bbox 1035 4779 1086 4839; x_wconf 92' lang='lat' dir='ltr'><strong><em>is</em></strong></span> <span class='ocrx_word' id='word_1_529' title='bbox 1109 4784 1224 4852; x_wconf 87' lang='lat' dir='ltr'><strong><em>est,</em></strong></span> <span class='ocrx_word' id='word_1_530' title='bbox 1253 4778 1320 4840; x_wconf 91' lang='lat' dir='ltr'><strong><em>ni</em></strong></span> <span class='ocrx_word' id='word_1_531' title='bbox 1349 4776 1554 4850; x_wconf 85' lang='lat' dir='ltr'><strong><em>fallor,</em></strong></span> <span class='ocrx_word' id='word_1_532' title='bbox 1593 4776 1704 4857; x_wconf 91' lang='lat' dir='ltr'><strong><em>qui</em></strong></span> <span class='ocrx_word' id='word_1_533' title='bbox 1731 4761 1922 4837; x_wconf 82' lang='lat' dir='ltr'><strong><em>hodie</em></strong></span> <span class='ocrx_word' id='word_1_534' title='bbox 1951 4775 2127 4836; x_wconf 89' lang='lat' dir='ltr'><strong><em>Bodl.</em></strong></span> <span class='ocrx_word' id='word_1_535' title='bbox 2164 4772 2272 4835; x_wconf 85' lang='lat'><strong><em>160</em></strong></span> <span class='ocrx_word' id='word_1_536' title='bbox 2304 4779 2592 4836; x_wconf 89' lang='lat' dir='ltr'><strong><em>notatur:</em></strong></span> <span class='ocrx_word' id='word_1_537' title='bbox 2633 4772 2743 4852; x_wconf 87' lang='lat' dir='ltr'><strong><em>qui</em></strong></span> <span class='ocrx_word' id='word_1_538' title='bbox 2768 4777 2975 4832; x_wconf 87' lang='lat' dir='ltr'><strong><em>tamen</em></strong></span> <span class='ocrx_word' id='word_1_539' title='bbox 3007 4785 3134 4830; x_wconf 90' lang='lat' dir='ltr'><strong><em>non</em></strong></span> <span class='ocrx_word' id='word_1_540' title='bbox 3162 4785 3310 4828; x_wconf 82' lang='lat' dir='ltr'><strong><em>xuv</em></strong></span> <span class='ocrx_word' id='word_1_541' title='bbox 3342 4774 3448 4828; x_wconf 87' lang='lat' dir='ltr'><strong><em>aut</em></strong></span> <span class='ocrx_word' id='word_1_542' title='bbox 3484 4781 3631 4838; x_wconf 87' lang='lat' dir='ltr'><strong><em>va,</em></strong></span> <span class='ocrx_word' id='word_1_543' title='bbox 3673 4757 3781 4822; x_wconf 88' lang='lat' dir='ltr'><strong><em>sed</em></strong></span> 
     </span>
    </p>
   </div>
   <div class='ocr_carea' id='block_1_47' title="bbox 529 4860 3778 4956">
    <p class='ocr_par' dir='ltr' id='par_1_47' title="bbox 529 4860 3778 4956">
     <span class='ocr_line' id='line_1_47' title="bbox 529 4860 3778 4956; baseline -0.008 -10"><span class='ocrx_word' id='word_1_544' title='bbox 529 4893 654 4946; x_wconf 76' lang='lat' dir='ltr'><strong><em>xui</em></strong></span> <span class='ocrx_word' id='word_1_545' title='bbox 683 4885 924 4941; x_wconf 87' lang='lat' dir='ltr'><strong><em>tantum</em></strong></span> <span class='ocrx_word' id='word_1_546' title='bbox 967 4877 1258 4940; x_wconf 87' lang='lat' dir='ltr'><strong><em>homilias</em></strong></span> <span class='ocrx_word' id='word_1_547' title='bbox 1288 4877 1590 4939; x_wconf 88' lang='lat' dir='ltr'><strong><em>continet.</em></strong></span> <span class='ocrx_word' id='word_1_548' title='bbox 1630 4875 1753 4938; x_wconf 82' lang='lat' dir='ltr'><strong><em>Sed</em></strong></span> <span class='ocrx_word' id='word_1_549' title='bbox 1787 4881 2207 4956; x_wconf 61' lang='lat' dir='ltr'><strong><em>praeterquam</em></strong></span> <span class='ocrx_word' id='word_1_550' title='bbox 2269 4871 2441 4953; x_wconf 89' lang='lat' dir='ltr'><strong><em>quod</em></strong></span> <span class='ocrx_word' id='word_1_551' title='bbox 2493 4871 2705 4934; x_wconf 64' lang='lat' dir='ltr'><strong><em>caeteri</em></strong></span> <span class='ocrx_word' id='word_1_552' title='bbox 2767 4888 2990 4933; x_wconf 89' lang='lat' dir='ltr'><strong><em>omnes</em></strong></span> <span class='ocrx_word' id='word_1_553' title='bbox 3045 4867 3432 4929; x_wconf 90' lang='lat' dir='ltr'><strong><em>Oxonienses</em></strong></span> <span class='ocrx_word' id='word_1_554' title='bbox 3476 4863 3676 4928; x_wconf 87' lang='lat' dir='ltr'><strong><em>serius</em></strong></span> <span class='ocrx_word' id='word_1_555' title='bbox 3718 4860 3778 4920; x_wconf 89' lang='lat' dir='ltr'><strong><em>in</em></strong></span> 
     </span>
    </p>
   </div>
   <div class='ocr_carea' id='block_1_48' title="bbox 531 4966 3783 5057">
    <p class='ocr_par' dir='ltr' id='par_1_48' title="bbox 531 4966 3783 5057">
     <span class='ocr_line' id='line_1_48' title="bbox 531 4966 3783 5057; baseline -0.008 -11"><span class='ocrx_word' id='word_1_556' title='bbox 531 4981 973 5046; x_wconf 84' lang='lat' dir='ltr'><strong><em>bibliothecam</em></strong></span> <span class='ocrx_word' id='word_1_557' title='bbox 1012 4985 1338 5050; x_wconf 88' lang='lat' dir='ltr'><strong><em>venerunt,</em></strong></span> <span class='ocrx_word' id='word_1_558' title='bbox 1383 4977 1690 5040; x_wconf 90' lang='lat' dir='ltr'><strong><em>lectiones</em></strong></span> <span class='ocrx_word' id='word_1_559' title='bbox 1719 4975 2020 5056; x_wconf 88' lang='lat' dir='ltr'><strong><em>quasdam</em></strong></span> <span class='ocrx_word' id='word_1_560' title='bbox 2051 4993 2308 5057; x_wconf 90' lang='lat' dir='ltr'><strong><em>prorsus</em></strong></span> <span class='ocrx_word' id='word_1_561' title='bbox 2342 4973 2713 5053; x_wconf 89' lang='lat' dir='ltr'><strong><em>singulares,</em></strong></span> <span class='ocrx_word' id='word_1_562' title='bbox 2741 4989 2777 5034; x_wconf 89' lang='lat' dir='ltr'><strong><em>a</em></strong></span> <span class='ocrx_word' id='word_1_563' title='bbox 2806 4970 3031 5032; x_wconf 85' lang='lat' dir='ltr'><strong><em>Savilio</em></strong></span> <span class='ocrx_word' id='word_1_564' title='bbox 3059 4968 3126 5030; x_wconf 90' lang='lat' dir='ltr'><strong><em>in</em></strong></span> <span class='ocrx_word' id='word_1_565' title='bbox 3169 4968 3334 5030; x_wconf 90' lang='lat' dir='ltr'><strong><em>notis</em></strong></span> <span class='ocrx_word' id='word_1_566' title='bbox 3372 4985 3449 5028; x_wconf 86' lang='lat' dir='ltr'><strong><em>ex</em></strong></span> <span class='ocrx_word' id='word_1_567' title='bbox 3479 4966 3640 5027; x_wconf 87' lang='lat' dir='ltr'><strong><em>libro</em></strong></span> <span class='ocrx_word' id='word_1_568' title='bbox 3669 4975 3783 5025; x_wconf 87' lang='lat' dir='ltr'><strong><em>suo</em></strong></span> 
     </span>
    </p>
   </div>
   <div class='ocr_carea' id='block_1_49' title="bbox 533 5070 3780 5162">
    <p class='ocr_par' dir='ltr' id='par_1_49' title="bbox 533 5070 3780 5162">
     <span class='ocr_line' id='line_1_49' title="bbox 533 5070 3780 5162; baseline -0.009 -13"><span class='ocrx_word' id='word_1_569' title='bbox 533 5080 1227 5162; x_wconf 80' lang='lat' dir='ltr'><strong><em>Constantinopolitano</em></strong></span> <span class='ocrx_word' id='word_1_570' title='bbox 1259 5085 1610 5159; x_wconf 81' lang='lat' dir='ltr'><strong><em>excerptas,</em></strong></span> <span class='ocrx_word' id='word_1_571' title='bbox 1650 5078 1717 5140; x_wconf 88' lang='lat' dir='ltr'><strong><em>in</em></strong></span> <span class='ocrx_word' id='word_1_572' title='bbox 1756 5077 1922 5140; x_wconf 93' lang='lat' dir='ltr'><strong><em>dicto</em></strong></span> <span class='ocrx_word' id='word_1_573' title='bbox 1952 5077 2170 5140; x_wconf 91' lang='lat' dir='ltr'><strong><em>codice</em></strong></span> <span class='ocrx_word' id='word_1_574' title='bbox 2200 5076 2542 5139; x_wconf 88' lang='lat' dir='ltr'><strong><em>Bodleiano</em></strong></span> <span class='ocrx_word' id='word_1_575' title='bbox 2569 5073 2784 5136; x_wconf 85' lang='lat' dir='ltr'><strong><em>inveni</em></strong></span> <span class='ocrx_word' id='word_1_576' title='bbox 2813 5070 2922 5153; x_wconf 78' lang='grc' dir='ltr'><strong><em>(ὸ).</em></strong></span> <span class='ocrx_word' id='word_1_577' title='bbox 2949 5072 3252 5132; x_wconf 66' lang='lat' dir='ltr'><strong><em>Craterum</em></strong></span> <span class='ocrx_word' id='word_1_578' title='bbox 3279 5075 3484 5132; x_wconf 89' lang='lat' dir='ltr'><strong><em>utrum</em></strong></span> <span class='ocrx_word' id='word_1_579' title='bbox 3530 5071 3780 5146; x_wconf 85' lang='lat' dir='ltr'><strong><em>quartus</em></strong></span> 
     </span>
    </p>
   </div>
   <div class='ocr_carea' id='block_1_50' title="bbox 532 5171 3780 5260">
    <p class='ocr_par' dir='ltr' id='par_1_50' title="bbox 532 5171 3780 5260">
     <span class='ocr_line' id='line_1_50' title="bbox 532 5171 3780 5260; baseline -0.008 -9"><span class='ocrx_word' id='word_1_580' title='bbox 532 5190 644 5251; x_wconf 79' lang='lat' dir='ltr'><strong><em>iste</em></strong></span> <span class='ocrx_word' id='word_1_581' title='bbox 675 5187 875 5252; x_wconf 78' lang='lat' dir='ltr'><strong><em>codex</em></strong></span> <span class='ocrx_word' id='word_1_582' title='bbox 897 5185 1146 5260; x_wconf 84' lang='lat' dir='ltr'><strong><em>Savilio,</em></strong></span> <span class='ocrx_word' id='word_1_583' title='bbox 1181 5184 1332 5246; x_wconf 90' lang='lat' dir='ltr'><strong><em>dum</em></strong></span> <span class='ocrx_word' id='word_1_584' title='bbox 1361 5190 1600 5245; x_wconf 88' lang='lat' dir='ltr'><strong><em>textum</em></strong></span> <span class='ocrx_word' id='word_1_585' title='bbox 1658 5181 1880 5245; x_wconf 88' lang='lat' dir='ltr'><strong><em>harum</em></strong></span> <span class='ocrx_word' id='word_1_586' title='bbox 1912 5181 2308 5244; x_wconf 86' lang='lat' dir='ltr'><strong><em>homiliarum</em></strong></span> <span class='ocrx_word' id='word_1_587' title='bbox 2358 5180 2788 5250; x_wconf 88' lang='lat' dir='ltr'><strong><em>concinnaret,</em></strong></span> <span class='ocrx_word' id='word_1_588' title='bbox 2818 5176 2896 5239; x_wconf 88' lang='lat' dir='ltr'><strong><em>ad</em></strong></span> <span class='ocrx_word' id='word_1_589' title='bbox 2918 5192 3171 5238; x_wconf 82' lang='lat' dir='ltr'><strong><em>manum</em></strong></span> <span class='ocrx_word' id='word_1_590' title='bbox 3200 5173 3410 5246; x_wconf 88' lang='lat' dir='ltr'><strong><em>fuerit,</em></strong></span> <span class='ocrx_word' id='word_1_591' title='bbox 3446 5189 3526 5235; x_wconf 89' lang='lat' dir='ltr'><strong><em>an</em></strong></span> <span class='ocrx_word' id='word_1_592' title='bbox 3564 5171 3780 5240; x_wconf 88' lang='lat' dir='ltr'><strong><em>serius,</em></strong></span> 
     </span>
    </p>
   </div>
   <div class='ocr_carea' id='block_1_51' title="bbox 603 5405 2206 5499">
    <p class='ocr_par' dir='ltr' id='par_1_51' title="bbox 603 5419 2109 5499">
     <span class='ocr_line' id='line_1_51' title="bbox 603 5419 2109 5499; baseline -0.005 -19"><span class='ocrx_word' id='word_1_593' title='bbox 603 5427 682 5499; x_wconf 65' lang='grc' dir='ltr'><strong><em>(ῃ)</em></strong></span> <span class='ocrx_word' id='word_1_594' title='bbox 713 5424 868 5499; x_wconf 78' lang='lat' dir='ltr'><strong><em>Unde</em></strong></span> <span class='ocrx_word' id='word_1_595' title='bbox 896 5439 1040 5477; x_wconf 77' lang='lat' dir='ltr'><strong><em>novo</em></strong></span> <span class='ocrx_word' id='word_1_596' title='bbox 1065 5428 1391 5499; x_wconf 9' lang='lat' dir='ltr'><strong><em>argumentor</em></strong></span> <span class='ocrx_word' id='word_1_597' title='bbox 1407 5419 1621 5489; x_wconf 83' lang='lat' dir='ltr'><strong><em>probari</em></strong></span> <span class='ocrx_word' id='word_1_598' title='bbox 1646 5428 1849 5499; x_wconf 59' lang='lat' dir='ltr'><strong><em>potest,</em></strong></span> <span class='ocrx_word' id='word_1_599' title='bbox 1882 5434 1980 5499; x_wconf 80' lang='lat' dir='ltr'><strong><em>pro</em></strong></span> <span class='ocrx_word' id='word_1_600' title='bbox 2006 5419 2109 5499; x_wconf 71' lang='lat' dir='ltr'><strong><em>lipc</em></strong></span> 
     </span>
    </p>
   </div>
   <div class='ocr_carea' id='block_1_52' title="bbox 2181 5405 3784 5499">
    <p class='ocr_par' dir='ltr' id='par_1_52' title="bbox 2287 5405 3784 5499">
     <span class='ocr_line' id='line_1_52' title="bbox 2287 5405 3784 5499; baseline 0 0"><span class='ocrx_word' id='word_1_601' title='bbox 2287 5421 2363 5499; x_wconf 68' lang='grc' dir='ltr'><strong><em>(θ)</em></strong></span> <span class='ocrx_word' id='word_1_602' title='bbox 2401 5419 2520 5476; x_wconf 74' lang='lat' dir='ltr'><strong><em>Vid-</em></strong></span> <span class='ocrx_word' id='word_1_603' title='bbox 2553 5417 2754 5499; x_wconf 65' lang='grc' dir='ltr'><strong><em>Λείηριι</em></strong></span> <span class='ocrx_word' id='word_1_604' title='bbox 2775 5417 2844 5499; x_wconf 70' lang='lat' dir='ltr'><strong><em>.ad</em></strong></span> <span class='ocrx_word' id='word_1_605' title='bbox 2870 5432 2962 5488; x_wconf 73' lang='lat' dir='ltr'><strong><em>w</em></strong></span> <span class='ocrx_word' id='word_1_606' title='bbox 2981 5416 3117 5499; x_wconf 67' lang='grc' dir='ltr'><strong><em>,ειοε</em></strong></span> <span class='ocrx_word' id='word_1_607' title='bbox 3150 5405 3784 5499; x_wconf 10' lang='grc' dir='ltr'><strong><em>ἓῆε-ἓᾴδέ,-ςὲί¹,,ςεὶ¹εξξ¹ἐ</em></strong></span> 
     </span>
    </p>
   </div>
   <div class='ocr_carea' id='block_1_53' title="bbox 535 5473 3780 5564">
    <p class='ocr_par' dir='ltr' id='par_1_53' title="bbox 535 5473 3780 5564">
     <span class='ocr_line' id='line_1_53' title="bbox 535 5473 3780 5564; baseline -0.007 -14"><span class='ocrx_word' id='word_1_608' title='bbox 535 5473 699 5552; x_wconf 64' lang='grc' dir='ltr'><strong>ιίιῖίίί)</strong></span> <span class='ocrx_word' id='word_1_609' title='bbox 720 5473 1495 5564; x_wconf 48' lang='lat' dir='ltr'><strong><em>E’I&#39;iﬁln&quot;ﬁagtéi&quot;g‘dﬁgbsitinxi</em></strong></span> <span class='ocrx_word' id='word_1_610' title='bbox 1509 5473 1664 5564; x_wconf 55' lang='lat' dir='ltr'><strong><em>esse:</em></strong></span> <span class='ocrx_word' id='word_1_611' title='bbox 1711 5473 1848 5564; x_wconf 67' lang='lat' dir='ltr'><strong><em>Nam</em></strong></span> <span class='ocrx_word' id='word_1_612' title='bbox 1876 5473 2107 5564; x_wconf 42' lang='lat' dir='ltr'><strong><em>desub;</em></strong></span> <span class='ocrx_word' id='word_1_613' title='bbox 2214 5473 2386 5564; x_wconf 57' lang='grc' dir='ltr'><strong><em>νεῖ-ἦε</em></strong></span> <span class='ocrx_word' id='word_1_614' title='bbox 2412 5473 2665 5564; x_wconf 63' lang='lat' dir='ltr'><strong><em>secunda;</em></strong></span> <span class='ocrx_word' id='word_1_615' title='bbox 2695 5473 2889 5558; x_wconf 50' lang='lat' dir='ltr'><strong><em>hujus.</em></strong></span> <span class='ocrx_word' id='word_1_616' title='bbox 2911 5473 3502 5564; x_wconf 41' lang='lat' dir='ltr'><strong><em>voluminis).&#39;Paginas</em></strong></span> <span class='ocrx_word' id='word_1_617' title='bbox 3525 5473 3780 5564; x_wconf 51' lang='grc' dir='ltr'><strong><em>Δἰιιιεξιξξὲςθ</em></strong></span> 
     </span>
    </p>
   </div>
   <div class='ocr_carea' id='block_1_54' title="bbox 531 5556 3777 5634">
    <p class='ocr_par' dir='ltr' id='par_1_54' title="bbox 531 5556 3777 5634">
     <span class='ocr_line' id='line_1_54' title="bbox 531 5556 3777 5634; baseline -0.006 -13"><span class='ocrx_word' id='word_1_618' title='bbox 531 5567 690 5622; x_wconf 87' lang='lat' dir='ltr'><strong><em>sidiis</em></strong></span> <span class='ocrx_word' id='word_1_619' title='bbox 732 5565 897 5634; x_wconf 78' lang='lat' dir='ltr'><strong><em>huius</em></strong></span> <span class='ocrx_word' id='word_1_620' title='bbox 935 5556 1196 5634; x_wconf 61' lang='lat' dir='ltr'><strong><em>&#39;editionis</em></strong></span> <span class='ocrx_word' id='word_1_621' title='bbox 1225 5556 1692 5634; x_wconf 51' lang='lat' dir='ltr'><strong><em>Ilqntel&#39;alconius</em></strong></span> <span class='ocrx_word' id='word_1_622' title='bbox 1713 5560 1791 5614; x_wconf 93' lang='lat' dir='ltr'><strong><em>sic</em></strong></span> <span class='ocrx_word' id='word_1_623' title='bbox 1821 5583 1834 5614; x_wconf 82' lang='grc'>;</span> <span class='ocrx_word' id='word_1_624' title='bbox 1865 5579 1882 5612; x_wconf 84' lang='grc'><em>‹</em></span> <span class='ocrx_word' id='word_1_625' title='bbox 1920 5559 2107 5614; x_wconf 71' lang='lat' dir='ltr'><strong><em>Grmca</em></strong></span> <span class='ocrx_word' id='word_1_626' title='bbox 2215 5556 2468 5634; x_wconf 72' lang='lat' dir='ltr'><strong><em>editionis</em></strong></span> <span class='ocrx_word' id='word_1_627' title='bbox 2498 5556 2913 5634; x_wconf 45' lang='lat' dir='ltr'><strong><em>Mayrinhquas</em></strong></span> <span class='ocrx_word' id='word_1_628' title='bbox 2956 5558 3099 5613; x_wconf 84' lang='lat' dir='ltr'><strong><em>inter</em></strong></span> <span class='ocrx_word' id='word_1_629' title='bbox 3146 5556 3317 5610; x_wconf 78' lang='lat' dir='ltr'><strong><em>uncos</em></strong></span> <span class='ocrx_word' id='word_1_630' title='bbox 3343 5556 3398 5608; x_wconf 85' lang='lat' dir='ltr'><strong><em>in</em></strong></span> <span class='ocrx_word' id='word_1_631' title='bbox 3429 5558 3579 5606; x_wconf 83' lang='lat' dir='ltr'><strong><em>textu</em></strong></span> <span class='ocrx_word' id='word_1_632' title='bbox 3600 5556 3777 5618; x_wconf 63' lang='lat' dir='ltr'><strong><em>p050!“</em></strong></span> 
     </span>
    </p>
   </div>
   <div class='ocr_carea' id='block_1_55' title="bbox 534 5629 2766 5700">
    <p class='ocr_par' dir='ltr' id='par_1_55' title="bbox 534 5629 2766 5700">
     <span class='ocr_line' id='line_1_55' title="bbox 534 5629 2766 5700; baseline -0.003 -10"><span class='ocrx_word' id='word_1_633' title='bbox 534 5651 598 5690; x_wconf 78' lang='lat' dir='ltr'><strong><em>ex</em></strong></span> <span class='ocrx_word' id='word_1_634' title='bbox 626 5648 782 5696; x_wconf 84' lang='lat' dir='ltr'><strong><em>mss.,</em></strong></span> <span class='ocrx_word' id='word_1_635' title='bbox 810 5629 870 5687; x_wconf 77' lang='lat' dir='ltr'><strong><em>ut</em></strong></span> <span class='ocrx_word' id='word_1_636' title='bbox 923 5632 1144 5687; x_wconf 88' lang='lat' dir='ltr'><strong><em>credere</em></strong></span> <span class='ocrx_word' id='word_1_637' title='bbox 1186 5639 1290 5692; x_wconf 88' lang='lat' dir='ltr'><strong><em>est,</em></strong></span> <span class='ocrx_word' id='word_1_638' title='bbox 1316 5629 1572 5684; x_wconf 83' lang='lat' dir='ltr'><strong><em>Palatinis</em></strong></span> <span class='ocrx_word' id='word_1_639' title='bbox 1605 5639 1863 5685; x_wconf 78' lang='lat' dir='ltr'><strong><em>eruerant</em></strong></span> <span class='ocrx_word' id='word_1_640' title='bbox 1895 5649 1906 5684; x_wconf 88' lang='lat'><strong>:</strong></span> <span class='ocrx_word' id='word_1_641' title='bbox 1942 5645 2107 5699; x_wconf 77' lang='lat' dir='ltr'><strong><em>neque</em></strong></span> <span class='ocrx_word' id='word_1_642' title='bbox 2215 5650 2354 5688; x_wconf 86' lang='lat' dir='ltr'><strong><em>mus.</em></strong></span> <span class='ocrx_word' id='word_1_643' title='bbox 2394 5633 2547 5686; x_wconf 79' lang='grc' dir='ltr'><strong>Ευιτ.</strong></span> <span class='ocrx_word' id='word_1_644' title='bbox 2576 5629 2766 5700; x_wconf 71' lang='lat' dir='ltr'><strong><em>Pun.)</em></strong></span> 
     </span>
    </p>
   </div>
   <div class='ocr_carea' id='block_1_56' title="bbox 540 5702 1652 5767">
    <p class='ocr_par' dir='ltr' id='par_1_56' title="bbox 540 5702 1652 5767">
     <span class='ocr_line' id='line_1_56' title="bbox 540 5702 1652 5767; baseline -0.007 -7"><span class='ocrx_word' id='word_1_645' title='bbox 540 5722 675 5760; x_wconf 64' lang='lat' dir='ltr'><strong><em>tuam</em></strong></span> <span class='ocrx_word' id='word_1_646' title='bbox 717 5711 1049 5758; x_wconf 76' lang='lat' dir='ltr'><strong><em>monuerunt.</em></strong></span> <span class='ocrx_word' id='word_1_647' title='bbox 1089 5707 1224 5755; x_wconf 74' lang='lat' dir='ltr'><strong><em>unde</em></strong></span> <span class='ocrx_word' id='word_1_648' title='bbox 1254 5702 1652 5767; x_wconf 72' lang='lat' dir='ltr'><strong><em>desumpserint.</em></strong></span> 
     </span>
    </p>
   </div>
   <div class='ocr_carea' id='block_1_57' title="bbox 3947 1382 3961 1964">
    <p class='ocr_par' dir='ltr' id='par_1_57' title="bbox 3949 1615 3957 1964">
     <span class='ocr_line' id='line_1_57' title="bbox 3949 1615 3957 1964; baseline 0 -36"><span class='ocrx_word' id='word_1_649' title='bbox 3949 1615 3956 1830; x_wconf 50' lang='grc' dir='ltr'><strong>ε</strong></span> 
     </span>
    </p>
   </div>
  </div>
