4060 6156
1685 274 1869 331 FRID.
1907 272 2106 328 Fili”)
2147 266 2532 326 PILEFtTlO.
3664 283 3720 318 tu

484 380 628 430 cum
676 364 753 427 ad
808 369 984 427 notas
1026 368 1281 427 ventum
1325 368 1508 436 esset,
1541 363 1597 424 ei
1658 362 2024 435 innotuerit,
2057 361 2210 423 mihi
2268 362 2523 443 quidem
2555 378 2683 423 non
2730 362 2945 440 liquet.
2979 368 3191 430 Restat
3219 368 3474 448 quimus
3505 365 3730 437 codex,

488 459 882 541 Bodleianus,
920 465 1208 528 homilias
1238 467 1616 546 posteriores
1660 485 1883 546 easque
1912 483 2034 525 non
2062 463 2240 544 plene
2293 465 2644 532 continens;
2673 482 2862 545 quem
2892 466 2997 529 diu
3022 469 3414 550 multumque
3445 483 3735 548 quaerens

481 565 709 629 frustra
737 567 850 642 fui,
881 567 1084 631 donec
1112 568 1346 642 inveni,
1379 585 1522 630 eum
1581 567 1644 628 in
1675 567 1966 645 Catalogo
1987 583 2165 628 num.
2199 564 2351 627 3019
2375 565 2495 627 sub
2523 566 2728 629 indice
2765 570 3186 647 tenebricoso,
3217 574 3278 632 J.
3308 570 3736 649 Chrysostomi

484 668 771 729 Homiliar
792 666 1057 747 aliquot,
1088 668 1301 730 latere.
1332 669 1530 749 Hujus
1556 684 1700 748 pars
1745 669 1999 748 antiqua
2030 673 2090 730 et
2121 666 2596 730 membranacea
2640 685 2766 730 non
2808 669 2949 749 plus
2980 689 3166 751 quam
3197 691 3310 734 xxx
3330 672 3640 747 homilias,
3672 671 3733 732 id

483 770 597 838 est,
628 782 665 826 ι
710 783 777 844 p.
811 764 928 825 564
965 766 1011 825 Β
1047 765 1123 826 ad
1165 784 1230 845 p.
1276 765 1388 826 ⁷141
1432 769 1478 826 Α
1534 765 2012 844 complectitur;
2067 774 2134 827 et
2172 763 2379 845 quoad
2419 770 2625 828 textus
2656 770 3087 832 recensionem
3139 773 3543 836 arctissimam
3587 791 3733 835 cum

480 865 679 944 Regio
702 864 815 926 688
855 866 1116 945 posthac
1137 865 1548 928 describendo
1571 866 1929 929 afﬁnitatem
1956 884 2087 948 prae
2105 883 2174 928 se
2200 866 2621 947 fert.Reliqua
2645 868 2921 947 ejusdem
2953 872 3286 935 voluminis
3314 885 3459 954 pars
3491 873 3730 935 nullum

483 981 745 1045 prorsus
800 966 876 1028 ad
921 965 1176 1027 criticeu
1203 983 1383 1027 usum
1418 967 1630 1028 habet.
1663 968 1879 1044 Itaque
1909 970 2173 1038 constat,
2199 971 2426 1045 praeter
2458 965 2686 1030 librum
2719 969 3175 1049 Redingianum
3229 971 3733 1035 recentissimum

485 1071 544 1126 et
574 1083 610 1127 a
630 1065 833 1127 scriba
867 1063 1160 1144 imperito
1181 1065 1593 1144 descriptum,
1617 1071 1746 1127 tres
1773 1069 2009 1126 tantum
2041 1064 2294 1128 codices
2322 1063 2548 1126 Savilio
2586 1075 2814 1146 praesto
2844 1068 3059 1144 fuisse,
3097 1071 3224 1135 duo
3249 1072 3532 1135 videlicet
3572 1074 3737 1153 prio-

484 1167 571 1230 ris
603 1167 816 1248 partis,
843 1173 911 1229 et
937 1185 1159 1241 unum,
1188 1183 1466 1246 eumque
1498 1165 1672 1228 valde
1701 1166 2010 1240 mutilum,
2033 1165 2416 1246 posterioris.
2441 1166 2627 1229 Hisce
2656 1168 2950 1231 subsidiis
2979 1188 3128 1233 sane
3147 1174 3540 1236 tenuioribus
3568 1192 3732 1253 quo-

483 1271 674 1333 modo
717 1288 872 1332 usus
897 1269 1108 1345 fuerit,
1141 1285 1312 1330 nunc
1344 1267 1706 1329 videndum.
1746 1266 2076 1347 Exemplar
2123 1265 2679 1344 Heidelbergense,
2711 1269 2817 1347 qui
2848 1269 2905 1331 ei
2951 1272 3162 1333 Codex
3189 1292 3448 1334 excusas
3471 1280 3584 1346 est,
3619 1281 3735 1353 pro‘

480 1372 888 1435 fundamento
940 1389 1118 1433 novae
1175 1370 1467 1433 editionis
1525 1368 1754 1449 posuit.
1804 1370 1938 1431 Hoc
1966 1383 2211 1430 summa
2259 1368 2577 1447 diligentia
2611 1375 2673 1433 et
2707 1371 2830 1432 ﬁde
2859 1370 2940 1432 ad
2973 1371 3224 1434 codices
3253 1391 3422 1447 suos,
3453 1373 3732 1436 adhibito

483 1489 738 1551 quoque
769 1477 976 1532 vetere
1029 1469 1400 1547 interpretes;
1419 1464 1812 1544 recognovit;
1854 1478 2100 1527 errores
2128 1465 2643 1546 typographicos,
2676 1468 2727 1529 si
2759 1482 2886 1530 non
2918 1485 3161 1544 omnes,
3201 1478 3369 1533 certe
3399 1475 3728 1537 maximam

481 1581 746 1654 partem,
791 1572 1164 1653 plerumque
1214 1587 1342 1631 non
1382 1567 1622 1630 monito
1676 1565 1934 1642 lectore,
1967 1567 2228 1641 exemit;
2284 1567 2772 1644 distinctionem,
2804 1585 2946 1649 quae
2997 1571 3171 1650 prius
3197 1573 3425 1634 misere
3458 1574 3729 1652 jacebat,

481 1677 702 1739 sedulo
739 1675 1058 1754 castigavit
1086 1691 1100 1748 ;
1127 1689 1324 1735 uncos
1379 1669 1928 1744 Commelinianos,
1957 1669 2036 1731 de
2081 1669 2312 1750 quibus
2343 1668 2531 1750 paulo
2581 1677 2726 1731 ante
2755 1670 2988 1732 dictum
3021 1678 3136 1745 est,
3170 1671 3476 1751 plurimos
3509 1675 3732 1738 merito

480 1778 751 1852 sustulit,
790 1777 1009 1858 paucis
1061 1773 1294 1837 relictis
1321 1772 1499 1847 alios,
1530 1771 1642 1833 sed
1688 1771 2042 1852 pauciores,
2083 1771 2162 1834 de
2195 1787 2313 1833 suo
2351 1771 2416 1833 in
2442 1779 2682 1834 textum
2712 1772 2942 1834 intulit.
2974 1774 3151 1847 Quod
3173 1773 3248 1836 ad
3269 1775 3558 1840 ordinem
3593 1796 3730 1840 ver-

477 1881 702 1943 borum
731 1880 970 1954 attinet,
992 1879 1057 1940 in
1087 1893 1216 1958 quo
1244 1874 1687 1938 constituendo
1712 1872 1944 1937 librarii
1975 1872 2238 1935 multum
2297 1873 2462 1935 inter
2505 1890 2573 1935 se
2601 1873 2996 1949 dissentiunt,
3030 1875 3092 1936 in
3124 1875 3435 1956 prioribus
3461 1876 3734 1940 homiliis

472 1981 890 2060 archetypum
916 1995 1056 2041 raro
1087 1977 1358 2050 deserit;
1390 1977 1456 2038 in
1490 1974 1942 2057 posterioribus
1968 1988 2118 2036 vero
2143 2021 2159 2048 ,
2187 1990 2334 2053 ope,
2360 1979 2429 2035 ut
2458 1973 2722 2049 videtur,
2755 1975 2990 2039 codicis
3015 1977 3139 2052 sui,
3164 1978 3430 2058 plurima
3460 1982 3730 2044 novavit.

477 2085 781 2143 Praeterea
807 2080 1002 2140 varias
1046 2069 1367 2150 lectiones,
1396 2074 1505 2137 sed
1536 2091 1666 2136 non
1705 2074 1789 2135 ita
1837 2073 2223 2151 frequentes,
2248 2089 2375 2133 orae
2409 2071 2552 2133 libri
2568 2073 2879 2152 ascripsit,
2909 2086 3087 2136 more
3117 2074 3226 2154 qui
3256 2082 3403 2139 tunc
3431 2079 3734 2158 temporis

473 2181 738 2243 usitatus
775 2185 925 2241 erat.
949 2177 1216 2250 Scilicet,
1250 2175 1418 2238 nulla
1447 2173 1834 2251 singulorum
1858 2171 2147 2234 codicum
2173 2171 2492 2233 mentione
2512 2170 2696 2246 facta,
2725 2172 2779 2234 si
2803 2173 2954 2250 quid
2981 2175 3174 2237 textui
3197 2175 3278 2238 ab
3306 2177 3446 2256 ipso
3475 2185 3730 2261 recepto

475 2280 615 2344 libri
676 2278 1081 2361 probabiliter
1133 2276 1528 2356 adjiciebant,
1561 2271 1859 2335 asterisco
1909 2271 1976 2332 in
2011 2270 2172 2332 serie
2204 2270 2434 2350 posito,
2467 2270 2652 2332 verba
2681 2271 2981 2346 addititia,
3007 2273 3288 2335 eamdem
3322 2285 3533 2337 notam
3563 2295 3730 2355 prae-

476 2384 818 2457 tendentia,
847 2381 1112 2460 margini
1142 2378 1366 2453 illevit;
1395 2377 1448 2439 si
1501 2375 1652 2456 quid
1688 2376 2031 2447 mutabant,
2063 2373 2304 2435 duabus
2345 2372 2593 2434 lineolis
2623 2373 2989 2434 transversis
3023 2373 3042 2454 (
3071 2373 3144 2454 ")
3170 2374 3250 2437 ad
3284 2375 3528 2438 initium
3559 2377 3729 2442 verbi

478 2485 570 2546 vel
603 2487 1112 2564 verborum,qum
1141 2497 1177 2544 e
1213 2486 1388 2543 textu
1425 2476 1731 2540 movenda
1759 2481 1956 2550 erant,
1986 2473 2257 2548 insertis,
2293 2474 2551 2562 verbum
2573 2473 2668 2534 vel
2695 2473 2903 2548 verba,
2927 2489 3069 2554 quae
3103 2491 3180 2537 ex
3205 2475 3528 2538 codicibus
3553 2476 3730 2539 sufﬁ-

476 2585 699 2649 cienda
743 2591 940 2658 erant,
990 2585 1052 2646 in
1084 2583 1429 2662 marginem
1477 2582 1656 2660 signo
1685 2606 1779 2659 γρ.
1813 2577 2153 2659 praeposito
2200 2575 2435 2638 retulit.
2474 2576 2610 2637 Hoc
2645 2591 2794 2638 vero
2849 2576 2907 2637 ei
2959 2575 3292 2639 infeliciter
3324 2577 3535 2652 cessit,
3559 2578 3727 2658 quod

475 2686 711 2748 nullam
759 2685 1038 2748 notulam
1069 2682 1359 2755 habebat,
1400 2699 1523 2763 qua
1553 2677 2132 2760 significaretur,“
2175 2683 2329 2756 quot
2352 2674 2652 2738 vocabula
2678 2692 2819 2737 sese
2857 2678 3148 2740 extendat
3177 2679 3545 2742 lineolarum
3578 2683 3728 2744 ista-

479 2806 614 2851 rum
657 2788 748 2850 vis
803 2808 818 2848 :
850 2802 996 2867 quae
1033 2803 1133 2849 res
1170 2785 1527 2847 Editoribus
1578 2781 1997 2846 Ben-edictinis
2033 2795 2491 2858 nonnunquam
2533 2780 2782 2841 errandi
2834 2780 3087 2842 occasio
3127 2782 3368 2844 exstitit
3392 2782 3498 2864 (α).
3532 2784 3726 2846 [idem

474 2905 606 2952 non
635 2905 765 2951 uno
811 2888 953 2950 loco
1008 2894 1189 2950 notas
1235 2886 1585 2948 additionie
1619 2891 1680 2948 et
1724 2883 2090 2946 mutationis
2139 2882 2303 2944 inter
2336 2899 2408 2945 se
2453 2881 2932 2956 confundendo,
2967 2899 3161 2946 novas
3197 2882 3500 2948 lectiones
3537 2885 3727 2948 ﬁnxee

476 2995 620 3051 runt
653 2988 757 3070 (ὁ).
789 2985 1061 3050 Tertium
1095 2987 1372 3049 (istarum
1408 2985 1747 3048 lectionum
1778 3001 1976 3062 genus
2006 3001 2083 3046 ex
2111 2983 2309 3063 ipsius
2333 2984 2548 3046 Savilii
2575 2983 2818 3046 incuria
2849 2984 3152 3063 originem
3182 2986 3367 3047 traxit
3403 2985 3504 3066 (c).
3539 2989 3726 3048 Porro

477 3090 934 3153 observandum
1000 3095 1093 3152 est
1123 3089 1425 3170 Savilium
1469 3088 1795 3169 plurimas,
1842 3093 1914 3150 ut
1948 3087 2099 3162 dixi,
2141 3087 2367 3150 veteris
2416 3087 2714 3151 editionis
2757 3087 3061 3151 lectiones
3109 3089 3244 3151 sine
3293 3089 3724 3152 admonitione

472 3199 775 3267 mutasse;
811 3191 864 3253 si
886 3208 1032 3254 vero
1058 3189 1403 3270 aliquando
1435 3189 1514 3251 de
1540 3188 1937 3253 correctione
1970 3190 2195 3250 Lector
2223 3189 2582 3251 monendus
2624 3193 2810 3262 esset,
2838 3187 3174 3251 lectionem
3199 3207 3235 3252 a
3261 3207 3332 3253 se
3362 3199 3633 3254 amotam
3661 3190 3722 3252 in

475 3292 752 3371 margine
781 3307 924 3352 cum
952 3290 1130 3368 signo
1167 3315 1258 3366 γρ.
1298 3286 1606 3367 posuisse,
1631 3285 1797 3348 haud
1825 3303 2007 3348 secus
2037 3302 2224 3366 quam
2249 3285 2300 3347 si
2334 3303 2371 3348 θ
2399 3287 2620 3350 codice
2647 3286 2920 3367 quodam
2954 3303 3142 3350 manu
3169 3289 3402 3370 scripto
3431 3300 3721 3372 excerpta

474 3394 712 3455 fuisset.
752 3393 884 3453 Hoc
929 3406 1184 3469 quoque
1215 3395 1310 3449 est
1339 3387 1446 3450 ubi
1485 3386 1908 3449 Bcnedictinis
1952 3385 2156 3448 fraudi
2213 3386 2330 3449 fuit
2370 3389 2482 3467 (ἁ).
2539 3388 2714 3461 Quod
2748 3406 2898 3451 vero
2913 3390 2994 3452 ad
3021 3397 3226 3453 textus
3250 3393 3722 3471 castigationem

468 3495 712 3568 attinet,
743 3495 810 3555 in
839 3493 1049 3572 priore
1083 3490 1291 3570 aperis
1323 3494 1532 3569 parte,
1563 3487 1673 3550 ubi
1710 3486 1922 3568 plures
1944 3487 2203 3550 codices
2238 3489 2298 3550 ei
2328 3489 2410 3552 ad
2455 3505 2713 3551 manum
2755 3495 2953 3564 erant,
2980 3491 3177 3552 multo
3203 3492 3446 3555 cautius
3475 3499 3536 3555 et
3573 3495 3721 3556 reli-

471 3594 709 3672 giosius
757 3594 822 3654 in
867 3590 1323 3654 mutationibus
1374 3596 1507 3651 tum
1546 3587 1947 3651 admittendis
1989 3594 2123 3650 tum
2161 3590 2452 3652 notandis
2511 3595 2792 3653 versatus
2826 3601 2959 3666 est;
2994 3591 3074 3653 in
3114 3593 3462 3672 posteriore
3486 3602 3722 3671 autem,

471 3699 675 3762 codici
701 3715 839 3772 suo,
869 3703 939 3760 ut
968 3695 1238 3770 videtur,
1270 3694 1531 3756 nimium
1559 3692 1870 3769 addi-ctus,
1907 3693 2237 3756 innumera
2264 3695 2396 3758 fere
2419 3695 2686 3772 novavit,
2717 3695 2797 3758 de
2831 3695 3060 3776 quibus
3086 3711 3295 3776 neque
3324 3696 3387 3758 in
3419 3713 3527 3761 ora
3553 3697 3718 3771 libri,

479 3817 680 3880 neque
728 3800 795 3861 in
841 3797 1006 3860 notis
1034 3797 1290 3858 verbum
1338 3793 1605 3857 monuit.
1637 3796 1872 3857 Harum
1906 3795 2321 3858 mutationum
2363 3796 2701 3860 nonnullas
2732 3807 2840 3860 aut
2873 3797 2940 3860 in
2977 3795 3486 3862 adnotationibus
3511 3805 3617 3861 aut
3655 3802 3718 3864 in

481 3901 651 3962 mriis
676 3896 1052 3962 lectionibus
1077 3893 1343 3956 iudicavi
1369 3910 1384 3965 ;
1416 3892 1628 3972 plures
1654 3892 1904 3956 silentio
1930 3895 2223 3975 praeterii.
2247 3898 2552 3960 Caeterum
2583 3905 2810 3980 praeter
2835 3907 3015 3963 notas
3041 3901 3437 3980 marginales,
3459 3905 3717 3967 Savilius

480 4000 938 4066 .~bservationes
967 4014 1131 4070 suas,
1177 4011 1407 4076 paucas
1439 3992 1694 4074 quidem
1725 3995 1835 4057 sed
1863 3994 2050 4057 bona)
2083 3995 2268 4075 frugi,
2303 3997 2370 4059 in
2400 4004 2576 4078 parte
2605 4000 2953 4080 posteriore
2979 4001 3135 4064 tomi
3162 4003 3362 4065 octavi
3397 4004 3716 4078 condidit;

468 4121 731 4187 quarum
768 4099 1100 4162 maximam
1127 4103 1366 4178 partem
1396 4095 1599 4160 amico
1633 4113 1771 4168 suo,
1793 4097 2018 4159 Joanni
2047 4097 2256 4160 Boisio
2281 4096 2381 4178 (θ),
2408 4099 2715 4162 canonico
2745 4099 2998 4174 Eliensi,
3020 4103 3249 4165 debere
3268 4120 3336 4165 se
3366 4105 3713 4183 proﬁtetur.

470 4205 710 4287 tneepti
750 4201 1041 4266 Saviliani
1076 4217 1220 4262 vere
1263 4199 1576 4278 magniﬁci
1601 4205 1666 4261 et
1700 4197 2008 4289 privatum
2043 4215 2302 4262 censum
2345 4201 2782 4280 exsuperantis
2821 4201 3102 4264 notitiam
3134 4219 3337 4265 meam
3373 4203 3713 4280 absolvam,

474 4313 800 4386 postquam
831 4302 910 4364 de
937 4306 1066 4362 toto
1094 4315 1288 4380 opere
1322 4311 1651 4371 monuere,
1679 4312 2014 4377 Operarum
2043 4304 2434 4360 correctores
2465 4299 2531 4359 in
2563 4297 2768 4362 cilicio
2798 4317 2913 4363 suo
2942 4301 3411 4381 diligentissime
3442 4311 3713 4367 versatos

483 4422 606 4467 esse
625 4424 641 4479 ;
681 4412 749 4467 ut
782 4422 911 4467 non
945 4402 1141 4481 magis
1183 4407 1442 4462 externo
1478 4397 1705 4472 nitore,
1738 4411 1926 4477 quam
1952 4397 2252 4462 interiore
2282 4400 2683 4462 accuratione
2706 4417 2783 4463 ac
2811 4399 2934 4462 [ide
2965 4400 3123 4463 liber
3141 4401 3430 4465 emineat.

545 4508 652 4568 ΙΙΙ.
705 4505 795 4567 Ad
828 4504 1068 4566 tertiam
1104 4500 1440 4563 editionem
1468 4497 1568 4577 (Γ),
1601 4513 1742 4577 qum
1801 4496 2042 4559 Morelli
2111 4504 2227 4573 est,
2286 4498 2762 4562 describendam
2805 4500 3269 4564 Montet‘alconii
3307 4503 3510 4566 verbis
3549 4511 3708 4567 utar.

471 4629 498 4662 α
526 4607 726 4668 Editio
752 4603 1028 4667 Parisina
1053 4600 1284 4664 Claudii
1305 4600 1455 4676 [imo
1469 4597 1703 4674 Caroli]
1727 4597 1966 4660 Morelli
1994 4615 2160 4662 anno
2189 4601 2587 4662 MDCXXXVI
2608 4600 2758 4678 [imo
2786 4603 3207 4680 MDCXXXIII]
3225 4604 3706 4677 data,Saviliana

468 4719 530 4767 et
581 4703 1065 4769 Commeliniana
1119 4701 1378 4764 inferior
1428 4706 1543 4774 est,
1591 4700 1706 4762 etsi
1743 4698 1881 4780 ipse
1910 4701 2343 4782 typOgrapbus
2380 4701 2720 4765 admodum
2748 4701 2919 4764 illam
2947 4704 3347 4767 commendet
3375 4705 3438 4767 in
3472 4707 3708 4769 Monito

464 4827 604 4874 suo.
633 4807 1066 4888 Exemplaria,
1087 4805 1312 4886 inquit,
1355 4803 1576 4886 quibus
1604 4805 1671 4865 in
1691 4805 1990 4883 praesenti
2015 4805 2284 4868 editione
2314 4808 2414 4868 usi
2441 4825 2652 4867 sumus
2672 4807 2872 4885 fuere,
2907 4807 3322 4869 authenticum
3365 4810 3523 4873 illud
3571 4813 3701 4873 An-

463 4911 725 4992 glicum
785 4906 1098 4978 editionis,
1133 4923 1450 4986 nunquam
1511 4905 1668 4964 satis
1730 4903 2084 4979 laudatum,
2125 4907 2228 4968 cui
2283 4907 2572 4986 religiose
2626 4905 2994 4968 adhmimue
3037 4909 3104 4968 in
3121 4909 3492 4990 corrigendo
3531 4920 3708 4974 textu

470 5016 702 5088 Greco,
732 5014 965 5073 notatis
997 5013 1178 5092 prius
1214 5029 1324 5071 suo
1363 5008 1702 5090 quibusque
1733 5007 1865 5068 loco
1903 5010 2166 5086 mendis,
2212 5030 2345 5092 quae
2381 5012 2449 5072 in
2482 5008 2648 5070 calce
2682 5008 2954 5089 ejusdem
2989 5011 3283 5075 editionis
3330 5023 3617 5077 accurate
3648 5023 3705 5077 ct

531 5252 610 5325 (α)
642 5253 776 5310 Vide
809 5251 1007 5307 Adnot.
1049 5251 1116 5306 ad
1155 5269 1210 5323 ν.
1238 5251 1362 5308 459.
1870 5265 1872 5267 ’
2131 5255 2344 5311 libellus
2375 5255 2712 5317 utilissimus,
2755 5273 2856 5312 nec
2885 5257 3017 5312 satis
3063 5267 3227 5312 notus
3269 5280 3280 5311 :
3313 5255 3502 5310 Veteris
3533 5255 3700 5325 inter-

535 5324 608 5417 (lt)
635 5344 769 5399 Vide
799 5341 1000 5397 Adnot.
1031 5342 1101 5396 ad
1130 5357 1222 5412 pp.
1250 5341 1372 5406 546,
1407 5341 1529 5406 569,
1554 5342 1677 5407 615,
1712 5343 1831 5399 664.
2130 5328 2289 5417 egetis
2327 5325 2599 5380 cumBeza
2630 5327 2851 5398 aliisque
2875 5328 3240 5381 recentioribus
3267 5326 3495 5380 collatio.
3525 5324 3700 5381 Lond.

531 5424 989 5542 εῇιγιξξιξοΑἰ
1017 5424 1209 5542 δξιδρτῗέ
1231 5424 1364 5542 2:33,
2307 5463 2629 5542 Haec_editio
2669 5465 2954 5542 interdum
3009 5442 3367 5542 rontouimm
3414 5461 3635 5542 dicitur,
3663 5479 3697 5516 ει

531 5509 608 5602 (,4?
637 5509 783 5602 ,Ῠίίὲθ
811 5507 1013 5602 Αίὲιξοξς
1044 5507 1112 5562 δά
1139 5508 1383 5602 νβχῖἓην
1426 5507 1551 5562 ⁵⁵⁵·
1724 5592 1735 5602 ,
1803 5593 1813 5602 ,
2018 5600 2024 5602 Α
2133 5507 2636 5593 pinnatum;
2662 5507 3696 5602 tanta“antistitas“:aitaut;

537 5592 608 5663 (θ)
637 5592 810 5663 Hujus
842 5593 960 5658 viri,
981 5591 1179 5662 linguae
1203 5589 1482 5660 utriusque
1502 5591 1836 5668 peritissimi,
1857 5600 2033 5647 exstat
2133 5605 2140 5659 1

1574 5591 1836 5668 ι’ίιίδδίῐηῖ,
1857 5600 2033 5647 οκδιίιί
2133 5589 2815 5663 Homilias'iii—hlattlnemn
2851 5589 2966 5659 non
2985 5589 3177 5670 tetigit.
