4060 6156
364 218 432 266 ἰν
1618 201 1800 258 FRID.
1845 198 2044 254 FIELD
2085 193 2480 254 PRIEFATIO.

371 319 643 401 ﬁdeliter
683 321 1013 384 habentur.
1040 321 1320 383 Alterum
1357 322 1483 400 fuit
1519 322 1710 383 editio
1753 330 2069 401 postrema
2097 321 2475 381 Parisiensis
2504 320 2720 380 Latine
2751 326 2990 381 tantum
3023 340 3060 380 a
3095 320 3169 380 Β.
3199 320 3271 381 Ρ.
3309 317 3626 378 Frontone

375 423 594 482 Ducaeo
624 425 904 485 societat.
934 427 1083 486 Iesu
1120 425 1450 504 Thcologo,
1486 424 1804 504 etc.Atqui
1829 421 1998 502 quod
2030 421 2113 482 ait
2132 422 2236 484 ille
2263 439 2330 484 se
2372 422 2714 500 Anglicano
2738 424 3103 503 exemplari,
3135 424 3263 484 sive
3293 419 3624 492 Saviliano,

375 522 663 599 religiose
717 523 1080 598 adhaesisse,
1128 525 1358 587 mirum
1427 529 1730 604 quantum
1780 540 1816 585 a
1860 537 2010 584 vero
2068 522 2524 584 aberratznam
2569 521 2648 582 ab
2703 522 2811 584 illo
2848 521 3189 602 saepissime
3219 521 3304 580 ita
3325 518 3626 588 dissonat,

371 623 643 683 maxime
692 637 841 686 vero
894 626 1266 705 quibusdam
1313 627 1378 687 in
1413 626 1595 701 locis,
1627 630 1689 687 et
1726 624 1980 704 quidem
2024 631 2117 686 sat
2143 622 2599 702 frequentibus,
2639 628 2707 684 ut
2735 623 2991 702 planum
3025 623 3102 684 sit
3139 621 3316 684 illum
3347 637 3384 682 a
3413 617 3630 680 labore

369 719 509 782 haec
539 719 666 781 duo
697 721 1078 801 exemplaria
1109 722 1474 784 conferendi
1500 723 1596 784 vel
1627 722 1911 796 omnino,
1935 720 2029 782 vel
2060 721 2278 784 saltem
2302 721 2670 801 plerumque
2700 721 3096 783 abstinuisse.
3131 721 3394 782 Prorsus
3421 725 3629 780 autem

346 832 724 888 consonant
752 827 964 887 Graeca
994 825 1232 887 Morelli
1265 844 1405 889 cum
1438 827 1668 890 Graecis
1688 827 2194 889 Commelinianis
2219 844 2234 901 ;
2262 828 2343 890 ita
2373 833 2439 888 ut
2469 827 2656 889 etiam
2701 843 2886 888 voces
2939 844 3181 900 omnes,
3213 843 3355 906 quae
3385 822 3631 886 uncinis

370 923 780 988 includuntur
806 928 870 988 in
911 927 1399 990 Commclinian‘a
1431 928 1731 1004 editione,
1760 928 1824 990 id
1863 928 2032 1008 quod
2065 928 2295 1008 passim
2320 928 2613 1002 occurrit,
2645 929 2893 990 uncinis
2921 928 3206 989 similiter
3233 924 3631 988 includantur

373 1022 435 1082 i—n
466 1025 1852 1105 Momlliana......'Undcfacile‘crediderim,
1901 1048 2130 1110 operas
2183 1030 2420 1092 Morelli
2480 1031 2964 1111 typographicas
2997 1030 3074 1092 ad
3121 1025 3629 1090 Commelinianco

359 1119 881 1185 editionis-tidem
925 1126 1137 1188 Graeca
1193 1125 1618 1207 Chrysostomi
1658 1128 1966 1191 edidisse.
2006 1131 2081 1190 Et
2107 1135 2314 1191 tamen
2344 1129 2512 1190 nulla
2536 1129 3042 1192 Commelinianaa
3073 1127 3365 1191 editionis
3392 1125 3629 1187 mentio

372 1219 638 1284 habetur
673 1224 737 1286 in
765 1226 1000 1287 Monito
1030 1225 1295 1288 Morelli.
1319 1252 1346 1284 »
1371 1231 1520 1292 Ηαδο
1549 1232 1933 1294 verissimea
1959 1229 2446 1293 Montefalconio
2468 1229 2630 1292 dicta
2661 1248 2798 1293 esse
2828 1237 3044 1306 testor,
3077 1229 3427 1311 praesertim
3458 1226 3627 1306 quod

349 1322 449 1384 ~de
478 1341 718 1387 summa
749 1328 1089 1390 concordia
1122 1331 1574 1411 exemplarium
1599 1333 1945 1398 Morelliani
1974 1340 2036 1396 ct
2073 1331 2546 1396 Commeliniani
2583 1332 2882 1406 afﬁrmat;
2917 1333 3001 1394 ita
3033 1340 3124 1406 ut,
3156 1332 3262 1392 sia
3284 1326 3633 1421 manifestis

369 1427 695 1506 utriusque
752 1444 1088 1507 operarum
1131 1433 1448 1495 erroribus
1501 1436 1866 1510 decesseris,
1910 1437 2012 1497 vix
2037 1435 2255 1498 decem
2285 1435 2442 1498 locis
2482 1452 2555 1497 ea
2591 1435 2756 1496 inter
2779 1450 2846 1495 se
2895 1433 3221 1495 dissentire
3255 1429 3628 1494 existimem.

355 1523 589 1605 'Itaquc
636 1545 780 1589 cum
803 1530 957 1591 satis
987 1538 1257 1609 constet,
1278 1533 1347 1595 in
1379 1533 1496 1597 hac
1535 1535 1814 1596 editione
1852 1534 2010 1597 nihil
2065 1535 2327 1599 omnino
2357 1533 2587 1596 criticaa
2650 1531 2796 1594 fidei
2845 1539 2950 1594 aut
2978 1530 3364 1594 auctoritatis
3393 1528 3626 1598 inesse,

355 1645 630 1708 «prorsus
659 1631 739 1693 de
767 1633 1231 1710 ea‘tacuissem,
1266 1636 1388 1699 nisi
1421 1638 1561 1700 duae
1594 1656 1814 1702 causa:
1853 1640 2238 1702 obstitissent
2272 1657 2285 1700 :
2313 1656 2463 1712 una,
2495 1637 2666 1718 quod
2690 1636 2812 1701 hoc
2842 1638 3047 1718 ipsum
3080 1635 3424 1715 exemplar,
3455 1633 3631 1711 cujus

372 1731 852 1812 depravationes
905 1743 1033 1799 tam
1087 1740 1339 1819 penitus
1390 1748 1752 1822 perspectas
1798 1741 2014 1804 habuit
2041 1741 2584 1816 Montefalconius,
2617 1743 2752 1822 ipse
2791 1752 3004 1822 spreto
3050 1739 3390 1818 Anglicano
3421 1735 3630 1816 Oper-is

367 1831 504 1891 suis
557 1832 930 1897 imitandum
979 1837 1180 1913 dedit;
1204 1839 1416 1916 altera,
1458 1841 1628 1922 quod
1659 1842 1808 1904 dum
1839 1845 2052 1906 Graeca
2081 1857 2221 1906 mea
2255 1843 2578 1920 ornabam,
2602 1844 2945 1906 editionem
2971 1839 3522 1904 Commclinianam
3551 1835 3629 1896 ad

372 1948 629 1994 manum
659 1933 888 1999 habere
925 1954 1054 2000 non
1087 1940 1262 2019 potui
1290 1959 1303 2002 :
1339 1949 1560 2022 postea
1589 1961 1736 2008 vero
1770 1945 2114 2026 exemplari
2151 1952 2538 2026 comparato,
2577 1945 2703 2008 vidi
2731 1945 2793 2012 in
2828 1944 3038 2007 locum
3060 1939 3304 2004 Merelli
3340 1941 3628 2002 Comme-

358 2034 485 2096 t'lini
512 2049 745 2098 nomen
762 2038 997 2119 ubique
1021 2039 1154 2102 fere
1179 2041 1377 2105 suffici
1405 2061 1592 2124 posse
1627 2045 1740 2127 (α).

447 2137 547 2198 IV.
589 2137 724 2199 Jam
762 2141 1013 2202 tandem
1053 2141 1130 2203 ad
1158 2142 1626 2208 Benedictinam
1657 2145 2044 2224 devenimus,
2079 2165 2222 2229 quae
2249 2167 2496 2213 summo
2527 2149 2800 2212 virorum
2834 2146 3162 2210 doctorum
3187 2141 3625 2205 indoctorum-

371 2255 496 2319 que
517 2255 846 2301 consensu
890 2240 968 2302 ad
1006 2241 1176 2304 hunc
1223 2243 1391 2306 diem
1421 2245 1747 2308 Editionis
1769 2250 2015 2327 optimm
2038 2248 2245 2328 elogio
2277 2251 2632 2313 decoratur.
2668 2248 2910 2312 Prodiit
2936 2247 3123 2325 igitur
3141 2246 3414 2324 Operum
3438 2241 3627 2320 Chry-

371 2337 634 2400 sostomi
654 2343 870 2400 tomus
897 2340 1220 2419 septimus,
1252 2343 1362 2422 qui
1391 2361 1425 2405 a
1452 2346 1681 2407 nostris
1715 2347 2004 2408 Homiliis
2024 2354 2191 2411 totus
2219 2356 2585 2430 occupatur,
2606 2348 2855 2412 Parisiis
2888 2362 3054 2409 anno
3103 2344 3275 2406 1727.
3307 2346 3379 2405 In
3415 2343 3622 2404 fronte

369 2439 515 2502 libri
571 2439 650 2503 de
693 2439 1116 2521 Chrysostomi
1156 2444 1454 2524 operibus
1503 2446 1570 2507 in
1626 2447 1988 2510 universum
2047 2449 2424 2528 praedicatur
2449 2497 2464 2526 ,
2499 2468 2579 2512 EA
2623 2468 2706 2512 Αι)
2749 2466 2883 2510 uss.
2929 2464 3183 2509 CODICES
3223 2459 3625 2515 GALLICANOS,

369 2557 737 2617 VATICANOS,
779 2552 1189 2620 ANGLICANOS,
1229 2561 1767 2624 GERMANICOSQUE,
1813 2567 2064 2614 NECNON
2099 2570 2183 2613 AD
2226 2569 2600 2615 SAVILIANAM
2641 2570 2718 2614 ΕΤ
2752 2565 3241 2613 FRONTONIANAM
3280 2562 3626 2617 EDITIONES,

377 2662 714 2707 css'ncns
758 2663 928 2706 esse.
980 2645 1157 2718 Quod
1221 2645 1328 2708 hic
1371 2647 1449 2709 de
1480 2649 1802 2712 codicibus
1828 2651 2668 2732 VaticanisGermanicisque
2707 2654 3256 2721 commemoratur,
3286 2645 3350 2708 id
3389 2645 3467 2708 ad
3509 2643 3626 2706 alia

371 2743 797 2823 Chrysostomi
829 2763 1022 2827 Opera
1057 2747 1330 2827 pertinet
1364 2764 1378 2808 :
1409 2749 1894 2828 Anglicanorum
1943 2770 2091 2815 vero
2129 2753 2420 2816 codicum
2445 2753 2684 2815 mentio
2728 2751 2979 2814 nonnisi
3036 2749 3298 2830 repetita
3337 2743 3628 2810 editionis

372 2845 698 2907 Savilianae
726 2846 1072 2908 nominatio
1103 2857 1216 2910 est.
1254 2848 1514 2910 Restant
1541 2867 1690 2929 ergo
1717 2850 2041 2928 Gallicani,
2070 2871 2231 2933 quos
2254 2853 2333 2916 ad
2367 2854 2614 2927 initium
2643 2853 2918 2916 homiliaa
2947 2851 3168 2935 prima:
3221 2849 3494 2912 breviter
3522 2846 3629 2908 dc-

373 2946 660 3023 signavit.
692 2945 1105 3022 Contulimus,
1135 2948 1364 3029 inquit,
1405 2951 1647 3013 codices
1675 2953 1902 3033 Regios
1943 2952 2118 3030 1934,
2162 2954 2339 3030 1940,
2384 2955 2555 3017 1942.
2585 2954 2856 3018 Colbert.
2896 2953 3031 3029 166,
3061 2953 3198 3014 205.
3230 2947 3492 3013 Coislin.
3526 2944 3624 3005 66.

373 3044 582 3108 Alium
603 3047 746 3106 item
771 3047 944 3108 Dom.
991 3046 1312 3110 Foucault.
1347 3057 1403 3110 et
1445 3051 1862 3112 Turonemem
1907 3053 2086 3112 Dom.
2127 3050 2212 3113 du
2245 3052 2505 3126 Poiricr,
2531 3051 2764 3114 Medici
2790 3050 3220 3112 eruditissimi.
3243 3046 3449 3110 Habes
3486 3050 3620 3106 octr

372 3147 626 3209 codices
656 3147 820 3208 bene
857 3153 1240 3222 numeratos,
1270 3147 1337 3208 in
1362 3146 1636 3228 quoi-um
1662 3154 1871 3211 tamen
1909 3150 2127 3213 notitia
2161 3151 2375 3213 Virum
2405 3149 2978 3232 palceographicum
3007 3155 3068 3211 et
3089 3154 3290 3210 totum
3319 3147 3385 3207 in
3425 3161 3626 3206 mem-

371 3255 709 3317 branarum
738 3251 1160 3332 descriptione
1187 3258 1498 3314 versatum
1527 3251 1820 3332 equidem
1849 3269 1980 3315 non
2011 3269 2309 3330 agnosco.
2352 3253 2528 3328 Quod
2561 3252 2900 3332 plurimum
2950 3251 3234 3324 interest,
3263 3255 3472 3310 utrum
3495 3247 3626 3308 sin—

370 3350 504 3431 guli
532 3350 783 3412 codices
832 3350 1146 3429 integrum
1198 3367 1382 3432 Opus,
1415 3368 1495 3413 an
1525 3351 1802 3431 priorem
1831 3357 2071 3414 tantum
2105 3351 2200 3415 vel
2247 3352 2662 3433 posteriorem
2703 3357 2944 3433 partem
2997 3351 3382 3423 contineant,
3428 3348 3492 3409 id
3547 3363 3627 3408 ne

369 3453 563 3513 verbo
616 3451 871 3532 quidem
912 3451 1265 3514 declaravit.
1327 3453 1459 3525 Qua
1488 3451 1568 3513 de
1622 3467 1690 3514 re
1739 3467 1934 3532 pauca
1968 3453 2152 3516 nobis
2189 3451 2454 3515 dicenda
2483 3459 2650 3516 sunt.
2698 3451 2989 3515 Codicem
3021 3448 3624 3528 Coislinianumipse

371 3551 629 3614 Montef.
682 3552 751 3613 in
810 3550 1195 3613 Bibliotheca
1235 3548 1488 3611 Coislin.
1549 3567 1615 3629 p.
1661 3546 1794 3624 129,
1840 3547 2042 3612 fusius
2093 3549 2420 3629 descripsit
2466 3567 2480 3611 :
2521 3551 2802 3613 continet
2852 3548 3141 3611 homilias
3177 3549 3325 3609 XLV
3355 3548 3625 3627 priores.

372 3655 607 3734 Regius
657 3652 832 3729 1940,
869 3652 1059 3715 hodie
1097 3651 1235 3725 673,
1266 3650 1518 3713 easdem
1550 3649 1758 3713 habet.
1793 3653 2027 3731 Regius
2074 3651 2246 3729 1942,
2277 3652 2468 3716 hodie
2512 3653 2650 3729 666,
2691 3659 2754 3716 et
2783 3655 2940 3731 Reg.
2980 3651 3232 3725 1934-3,
3263 3651 3454 3713 hodie
3483 3651 3622 3726 668,

370 3755 618 3838 priores
646 3753 826 3814 XLIV
857 3761 1122 3831 uterque
1145 3757 1451 3814 numerat.
1476 3753 1751 3826 Quatuor
1773 3753 1891 3816 hos
1911 3755 2162 3817 codices
2198 3755 2334 3834 ipse
2359 3755 2630 3836 inspexi,
2661 3754 3092 3832 lectionesque
3116 3752 3454 3814 nonnullas
3476 3753 3626 3815 inde

373 3859 723 3933 excerptas,
755 3852 822 3913 in
856 3849 1366 3914 adnotationibus
1394 3869 1538 3914 cum
1574 3854 1832 3916 Lectore
1881 3855 2358 3919 communicavi.
2398 3857 2632 3935 Regius
2667 3853 2916 3929 1934-4,
2949 3852 3137 3915 hodie
3166 3851 3304 3927 685,
3333 3852 3484 3914 mihi
3528 3856 3622 3928 L.,

370 3954 785 4034 posteriorem
834 3952 1244 4016 'homiliarum
1288 3960 1531 4034 partem
1570 3957 1870 4020 continet.
1905 3959 1990 4020 De
2012 3959 2256 4021 caeteris
2293 3958 2445 4020 nihil
2469 3963 2864 4039 compertum
2899 3955 3126 4018 habeo.
3169 3958 3472 4019 Caeterum
3511 3974 3623 4018 co-

372 4056 582 4118 dicum
611 4054 922 4117 indicibus
945 4054 1009 4116 in
1050 4053 1258 4118 fronte
1297 4055 1509 4136 aperis
1547 4057 1791 4136 positis,
1823 4064 2044 4137 postea
2095 4075 2129 4121 a
2162 4059 2365 4139 prima
2411 4057 2669 4121 homilia
2713 4073 2918 4137 usque
2953 4054 3032 4118 ad
3094 4055 3494 4118 novissimam
3544 4073 3623 4116 ne

371 4175 570 4222 unum
609 4156 866 4238 quidem
904 4156 1274 4218 nominatim
1303 4155 1606 4236 appellat;
1635 4157 1745 4220 sed
1799 4176 2012 4232 unum,
2047 4157 2194 4233 duo,
2240 4158 2422 4232 alios,
2463 4158 2761 4238 quosdam
2817 4153 3119 4234 plurimos
3145 4203 3160 4231 ,
3195 4154 3318 4217 hoc
3345 4154 3438 4216 vel
3469 4153 3620 4218 illud

361 4260 584 4338 tegere
629 4273 920 4330 monens,
955 4254 1196 4317 umbris
1238 4271 1311 4316 ac
1371 4254 1717 4318 simulacris
1755 4255 2054 4320 lectorem
2106 4257 2264 4320 ludit
2297 4257 2407 4340 (ὁ).
2465 4257 2648 4319 Plura
2679 4255 2759 4317 de
2807 4254 2986 4316 istius
3024 4252 3300 4316 hominis
3333 4253 3622 4316 codicum

373 4359 740 4422 tractatione
776 4357 844 4418 in
891 4355 1400 4418 adnotationibus
1457 4355 1606 4431 dixi,
1645 4374 1786 4437 quae
1817 4375 1984 4422 nunc
2031 4365 2319 4439 repetere
2351 4377 2477 4421 non
2505 4359 2732 4438 placet.
2781 4357 3034 4417 Summa
3078 4362 3288 4418 autem
3317 4356 3453 4420 haec
3485 4364 3618 4418 est:

373 4465 634 4526 Codices
670 4479 800 4525 non
844 4460 1036 4522 modo
1051 4474 1193 4520 non
1233 4458 1494 4521 contulit
1532 4462 1737 4524 bonus
1756 4462 2125 4539 monachus,
2157 4463 2268 4526 sed
2299 4462 2611 4525 interdum
2639 4461 2824 4523 etiam
2860 4460 2927 4521 in
2957 4459 3111 4523 locis
3141 4460 3619 4536 difﬁcilioribus,

375 4574 437 4628 et
464 4566 574 4627 ubi
600 4581 667 4626 se
695 4563 937 4624 haerere
973 4560 1326 4641 profitetur,
1347 4577 1427 4623 ne
1458 4561 1732 4641 inspexit
1771 4564 2029 4643 quidem
2061 4563 2162 4644 (c).
2194 4563 2517 4625 Variamm
2547 4561 2890 4624 lectionum
2931 4578 3004 4622 ex
3035 4567 3127 4624 tot
3162 4561 3454 4624 subsidiis
3483 4580 3517 4624 a
3555 4581 3621 4626 se

375 4667 638 4732 evolutis
663 4667 767 4728 vix
796 4665 984 4730 unius
1013 4663 1282 4728 codicilli
1303 4679 1568 4727 messem
1597 4665 1850 4746 collegit
1866 4666 1978 4752 (ἀ).
2014 4667 2382 4730 Notularu'm
2411 4683 2634 4744 magna
2657 4684 2801 4746 pars
2828 4666 2894 4728 in
2927 4667 3089 4729 vitiis
3117 4667 3216 4730 ed.
3241 4668 3620 4730 Morclliante

446 4874 536 4947 (o)_
557 4872 735 4947 Editio
760 4871 1224 4947 Moreltirepetita
1252 4881 1334 4928 est
1355 4870 1695 4930 Francol‘urti
1723 4874 1943 4945 apudB.
2055 4893 2075 4928 ι
2117 4873 2339 4929 Montct‘.
2368 4873 2528 4947 tacite
2541 4874 2921 4947 exclusit-nbit.
2945 4873 3078 4947 Nam
3109 4875 3323 4931 codices
3350 4876 3619 4947 inspicere

373 4946 435 5000 (ἶ.
472 4942 761 5017 “Nimium,
794 4958 938 5017 anno
961 4942 1116 4998 1698.
1141 5012 1239 5017 ___
1508 5014 1521 5017 _
1647 5016 1670 5017 ﬂ
1759 4942 1774 4945 “
2055 4965 2073 4996 α
2102 4944 2412 5017 properanti
2465 4944 2666 5017 Critico
2692 5015 2705 5017 _
2728 4960 2838 5017 non
2873 4945 3134 5017 vacabat._
3156 4964 3173 4996 ι
3211 4947 3346 5000 Ibid.
3378 4942 3566 5017 p.156
3600 4966 3614 5002 :

449 5017 520 5086 (b)
558 5013 740 5086 Semel
771 5013 1008 5086 quidem,
1049 5027 1102 5082 p.
1135 5012 1260 5075 287,
1291 5022 1429 5080 not.,
1457 5014 1524 5069 ad
1559 5016 1795 5069 codicum
1830 5031 1944 5070 om-
2054 5034 2072 5067 ι
2104 5012 2335 5086 Codices
2362 5015 2646 5069 consulere
2676 5015 2906 5086 debebat
2935 5015 3153 5086 Montef.
3184 5034 3201 5066 ›
3227 5012 3444 5086 lbidfp.
3476 5019 3611 5072 l59:

371 5084 520 5140 nium
555 5084 1322 5154 entendatissimutnprovocat,
1353 5100 1454 5138 nec
1479 5086 1723 5140 nominat
1740 5093 1943 5140 tamen.
2053 5104 2072 5136 ι
2109 5085 2277 5140 Vetus
2317 5084 2591 5153 lnterpres
2643 5085 2871 5138 multum
2925 5084 3196 5154 discrepat
3223 5084 3476 5141 aGraceo.
3513 5087 3614 5142 llic

371 5156 457 5209 Cf.
504 5170 625 5224 quae
664 5153 772 5206 dixi
830 5153 885 5206 in
930 5152 1125 5206 Adnot.
1151 5153 1217 5208 ad
1261 5170 1314 5224 p.
1346 5155 1470 5208 205.
1505 5155 1761 5218 Matthzei,
1803 5155 1939 5210 Nov.
2053 5174 2072 5206 ι
2108 5170 2241 5224 ergo,
2259 5152 2575 5224 consulendi
2603 5163 2759 5208 erant
2786 5154 3017 5208 codices.
3067 5173 3085 5205 ι
3109 5152 3288 5210 Ειείο
3317 5157 3541 5210 centies.

373 5171 457 5209 ιιι.
504 5171 625 5224 quze
664 5171 772 5206 (lle
830 5171 885 5206 in
930 5171 1125 5206 nonor.
1151 5171 1217 5208 aa
1261 5171 1314 5224 p.
1346 5171 1470 5208 zou.
1505 5171 1761 5218 autumet,
1803 5171 1939 5210 [νου.
2053 5174 2072 5206 ε
2108 5171 2168 5208 er
2205 5171 2236 5206 o
2259 5171 2575 5208 COllSllleﬂdl
2603 5171 2759 5208 erant
2786 5171 3017 5208 couices.
3067 5173 3085 5205 ι
3122 5171 3288 5210 mstc
3317 5171 3541 5210 centies.

373 5225 554 5295 [ξι-[ος.
581 5239 635 5296 p.
667 5224 807 5296 235:
833 5241 852 5274 ‹
884 5224 962 5296 ita
989 5239 1117 5296 ergo
1137 5224 1669 5296 invenit_Montcf._in
1699 5225 1944 5296 suisXW
2121 5171 2203 5294 (αἳ
2229 5223 2341 5278 Hoc
2369 5224 2423 5276 in
2456 5223 2871 5296 Commentariis
2904 5225 2972 5278 ad
2995 5225 3165 5296 iPauIi
3196 5226 3464 5296 Epistolas
3516 5242 3618 5296 pn-

377 5316 396 5345 ι
427 5292 706 5352 codicibus
735 5292 835 5364 [se
877 5293 1223 5364 Homiliarttm
1245 5296 1302 5348 in
1339 5293 1619 5364 Joannem]
1645 5295 1785 5363 apud
1817 5310 1946 5348 suos
2047 5292 2306 5348 ste'riores
2333 5293 2674 5364 manifestius
2700 5295 2931 5360 videtur,
2955 5295 3046 5350 ubi
3075 5295 3128 5349 in
3153 5292 3358 5364 integra
3390 5292 3615 5352 homilia

381 5385 399 5435 ᾳ
440 5365 712 5435 quaedam,
738 5363 796 5418 et
829 5363 971 5434 apud
1007 5379 1134 5419 suos
1183 5364 1337 5432 alios,
1377 5380 1514 5434 quos
1550 5363 1711 5418 nemo
1750 5373 1946 5434 prmter
2047 5380 2210 5435 unum
2242 5363 2514 5417 interdum
2565 5363 2942 5435 lectiunculam
2989 5381 3054 5419 ex
3103 5363 3380 5420 codicibus
3433 5365 3612 5421 affert.

371 5429 553 5504 ipsum
582 5429 751 5489 novit.
789 5453 807 5486 ι
863 5429 880 5434 ”
1324 5429 1332 5432 ⁷
1382 5429 1411 5504 γ’
1669 5503 1673 5504 ν
1726 5429 1768 5504 γ’
1838 5503 1843 5504 γ
2046 5433 2446 5504 νᾳιιιιεηορυδς,
2495 5449 2551 5496 ιι,
2584 5449 2637 5502 p.
2680 5433 2778 5487 198
2811 5453 2823 5490 :
2862 5454 2880 5486 ι
2907 5435 3038 5490 Illud
3062 5451 3191 5489 vero
3215 5436 3398 5501 miror,
3427 5435 3480 5490 in
3512 5437 3613 5490 ista

451 5505 682 5580 (cliVide
705 5505 904 5560 Adnot.
947 5504 1014 5559 ad
1052 5519 1145 5574 pp.
1185 5505 1307 5567 155,
1369 5503 1496 5580 205,
1533 5511 1593 5580 c_t_
1612 5503 1756 5580 alibi.
1793 5503 1940 5580 Idem
2047 5503 2325 5580 splendida
2360 5503 2489 5556 edit.
2517 5511 2622 5580 tam
2663 5519 2810 5558 raras
2835 5520 2899 5560 cx
2933 5505 3089 5563 codd.
3116 5505 3295 5580 Regiis
3325 5509 3612 5562 adnotatas

379 5573 646 5629 Matthzrio
670 5590 884 5646 quoque
907 5572 1231 5645 persuasum
1257 5582 1356 5630 est.
1391 5574 1522 5629 Nov.
1547 5575 1736 5644 Eclog.
1781 5590 1831 5644 p.
1864 5574 1896 5626 .7
1925 5593 1937 5627 :
2041 5572 2147 5642 legi
2179 5573 2461 5641 scripturae
2494 5573 2800 5630 varietates.
2837 5594 2856 5627 ι
