4060 6156
371 5092 417 5182 ἐμ

1630 191 1811 248 FRID.
1852 191 2053 246 FIELD
2109 191 2491 251 PREFATIO.

411 312 554 377 quas
583 314 658 360 ex
692 301 976 366 Homiliis
1016 305 1078 368 in
1117 307 1474 371 Matthaeum
1530 318 1823 392 excerpta
1854 316 2022 386 sunt,
2055 312 2360 388 omnium,
2395 313 2458 374 ni
2482 312 2688 388 fallor,
2719 311 2971 374 sedibus
3000 311 3329 392 inda-gatis,
3356 309 3673 374 lectiones

412 417 533 464 nec
561 421 791 482 paucas
819 424 935 470 nec
962 413 1476 489 contemnendas,
1510 431 1638 476 non
1668 414 1807 477 sine
1836 431 2070 493 magno
2093 415 2309 478 labore
2345 423 2564 478 nactus
2595 433 2756 477 sum.

481 503 946 669 ἷῗθοῗὴδέθοῐὶ
974 512 1466 577 Commentarius
1497 515 1561 578 in
1591 515 1972 593 Manlianum,
2013 516 2200 597 hujus
2236 517 2450 596 operis
2474 517 2540 578 in
2573 516 2835 594 gratiam
2864 532 2900 578 a
2925 515 3110 578 nobis
3145 531 3473 591 excussus,
3498 530 3666 577 non-

530 605 545 665 i
597 623 670 668 su
720 606 768 668 si
819 606 862 668 ii
892 609 1118 669 attulit.

412 603 569 665 nihil
597 606 862 669 subsidii
892 609 1118 672 attulit.

409 209 504 249 VIII

489 732 723 813 Majore
749 783 764 810 ,
809 737 939 800 imo
1006 740 1280 802 maximo
1348 759 1491 804 cum
1541 741 1776 818 fructu,
1817 743 2197 806 contulimus
2236 745 2556 826 Euthymii
2603 746 2900 824 Zigabeni
2931 762 3116 825 Opus,
3163 741 3335 824 quod
3373 757 3669 820 magnam

412 835 655 908 partem
685 849 763 896 ex
809 832 1232 915 Chrysostomi
1283 842 1773 914 commentariis,
1805 841 2011 904 verbis
2067 842 2394 923 paululum
2442 847 2716 922 mutatis,
2766 845 3136 926 decerptum
3176 860 3336 916 esse,
3372 843 3670 904 omnibus

413 939 634 997 notum
666 943 781 999 est.
813 940 1012 1020 Hujus
1041 941 1251 1022 cperis
1282 941 1475 1006 editio
1506 945 1719 1009 Latina
1754 964 1792 1010 a
1821 948 2064 1010 Joanne
2096 949 2408 1011 Hentenio
2446 949 2755 1026 confecta,
2786 949 2936 1011 inde
2971 950 3049 1011 ab
3086 963 3254 1010 anno
3291 943 3440 1006 1544
3467 944 3670 1006 exsti-

412 1036 486 1098 tit
519 1054 534 1098 :
568 1038 821 1102 Graecus
858 1048 1063 1104 autem
1114 1049 1322 1107 textus
1360 1047 1633 1127 primum
1678 1064 1714 1109 a
1758 1048 2080 1110 Matthaaio
2125 1067 2291 1113 anno
2335 1049 2484 1114 1792
2516 1068 2592 1113 ex
2631 1050 2879 1113 duobus
2925 1048 3111 1112 codd.
3143 1049 3388 1126 Mosqq.
3427 1043 3668 1127 publici

412 1137 568 1216 juris
607 1137 834 1213 factus,
857 1158 1026 1204 nunc
1057 1143 1313 1207 tandem
1337 1145 1415 1208 ad
1439 1145 1612 1226 ipsos
1646 1145 1856 1210 fontes
1892 1149 2256 1228 purgandos
2277 1167 2313 1212 a
2354 1150 2538 1212 nobis
2575 1149 2891 1214 adhibitus
2919 1155 3032 1212 est.

487 1261 907 1334 Quaestionem
945 1263 1024 1328 de
1053 1266 1318 1342 Aniano,
1355 1275 1561 1330 vetere
1585 1267 1808 1333 harum
1846 1270 2258 1334 Homiliarum
2284 1272 2653 1354 interprete,
2686 1274 2973 1356 pluribus
3005 1273 3287 1336 tractavit
3332 1269 3654 1335 Montefal-

413 1362 634 1425 conius
678 1363 744 1426 in
790 1363 1188 1440 Prmi’atione,
1228 1373 1382 1429 sect.
1415 1386 1451 1429 v
1488 1385 1502 1428 :
1541 1385 1684 1447 quae
1705 1387 1875 1433 nunc
1905 1379 2194 1452 repetere
2223 1389 2354 1435 non
2373 1380 2570 1437 vacat.
2600 1374 2800 1456 Hujus
2827 1375 3134 1438 versionis
3151 1374 3408 1448 Latinae,
3433 1371 3667 1436 saeculo

411 1481 455 1524 v
478 1465 807 1543 confectas,
840 1485 988 1548 pars
1011 1469 1292 1547 minima,
1318 1489 1459 1551 quae
1497 1473 1736 1536 scilicet
1765 1481 1910 1538 octo
1940 1475 2186 1556 priores
2215 1476 2505 1540 homilias
2531 1477 2832 1552 continet,
2875 1476 3066 1540 hodie
3090 1475 3158 1537 in
3196 1475 3378 1538 editis
3413 1490 3666 1553 compa-

413 1567 506 1623 ret
538 1580 551 1624 :
584 1569 787 1628 totum
817 1583 964 1630 vero
996 1567 1225 1630 librum
1254 1571 1333 1633 ab
1365 1588 1444 1634 eo
1482 1589 1858 1636 conversum
1889 1590 2049 1648 esse,
2087 1575 2214 1637 imo
2245 1575 2554 1654 integram
2579 1575 2712 1655 ejus
2737 1575 3090 1637 versionem
3111 1573 3190 1636 ad
3224 1571 3392 1634 hunc
3414 1571 3577 1633 diem
3601 1572 3672 1633 in-

414 1661 938 1729 bibliothecarum
969 1666 1222 1731 latebris
1256 1668 1624 1735 delitescere
1648 1688 1859 1752 posse,
1891 1673 2322 1752 probabilibus
2351 1675 2735 1752 argumentis
2764 1673 2977 1737 docuit
2996 1671 3516 1736 Montefalconius
3549 1667 3662 1752 (α).

491 1767 796 1831 I-Iomilias
835 1786 1057 1832 omnes
1085 1789 1122 1833 a
1151 1787 1318 1834 nona
1342 1773 1419 1835 ad
1449 1772 1730 1836 ultimam
1751 1773 1967 1836 Latine
2004 1775 2262 1837 vertisse
2296 1774 2483 1854 vulgo
2512 1775 2786 1839 creditur
2830 1775 3134 1853 Georgius
3171 1772 3662 1854 Trapezuntius:

413 1869 584 1948 quod
615 1875 825 1932 tamen
859 1887 989 1932 non
1025 1873 1200 1935 omni
1230 1891 1306 1936 ex
1337 1879 1514 1956 parte
1543 1891 1761 1937 verum
1791 1890 1928 1936 esse
1958 1874 2147 1937 docui
2173 1875 2238 1937 in
2259 1875 2486 1939 Adnot.
2521 1875 2599 1938 ad
2627 1893 2692 1956 p.
2727 1874 2862 1937 838.
2886 1877 3232 1956 Utrumque
3260 1874 3666 1954 interpretem

414 1975 557 2048 post
583 1969 861 2032 Boisium
901 1976 962 2032 et
992 1971 1286 2033 Savilium
1337 1971 1546 2035 denuo
1575 1971 1654 2033 ad
1712 1969 2140 2033 dissensiones
2187 1971 2478 2034 codicum
2535 1971 2962 2051 dijudicandas
3009 1971 3334 2046 advocavi;
3392 1969 3668 2034 adhibita

415 2073 624 2133 tamen
654 2087 898 2133 summa
936 2069 1252 2144 cautione,
1288 2087 1367 2133 ne
1391 2087 1469 2133 ex
1504 2068 1722 2133 solutis
1741 2070 2177 2150 verbosisque,
2207 2070 2525 2132 interdum
2555 2069 2742 2132 etiam
2771 2069 2942 2135 falsis
2969 2069 3383 2151 interpretum
3413 2086 3670 2132 conver-

412 2170 721 2245 sionibus,
758 2187 951 2232 novas
972 2169 1275 2231 lectiones
1310 2169 1844 2232 comminiscerer.
1880 2167 2238 2249 Exemplari
2268 2175 2478 2231 autem
2506 2185 2658 2230 usus
2684 2185 2846 2241 sum,
2892 2166 3062 2246 quod
3094 2167 3161 2228 in
3190 2173 3362 2230 tomo
3391 2167 3670 2230 secundo

414 2270 707 2334 editionis
735 2268 1184 2348 Chrysostomi,
1217 2267 1467 2329 Parisiis
1493 2285 1660 2330 anno
1692 2268 1840 2329 1580
1870 2270 2084 2330 Latine
2109 2285 2380 2344 cxcusze,
2418 2273 2650 2343 exstat;
2684 2267 2797 2330 ubi
2825 2267 2903 2330 ad
2931 2268 3169 2332 calcem
3191 2269 3365 2332 hom.
3394 2288 3499 2332 xc:
3528 2269 3666 2334 haec

414 2371 706 2448 leguntur
739 2368 921 2429 :Divi
949 2368 1216 2428 Joannis
1251 2366 1677 2444 Chrysostomi
1700 2366 2123 2428 Homiliarum
2157 2368 2306 2430 XCI
2347 2369 2414 2429 in
2448 2368 2813 2430 Matthwum
2840 2367 3008 2446 ﬁnis,
3047 2387 3164 2449 per
3190 2369 3463 2452 Philipp.
3501 2373 3672 2434 Mono

415 2479 630 2536 tanum
658 2472 1126 2553 recognitarum
1155 2469 1239 2532 ad
1271 2467 1655 2548 exemplaria
1683 2471 1898 2534 Graeca
1935 2473 2056 2534 duo
2090 2473 2532 2548 vetustissima,
2571 2491 2704 2553 qua:
2727 2473 2910 2535 nobis
2937 2475 3443 2554 suppeditaverat
3474 2477 3672 2555 Regia

414 2574 585 2654 apud
615 2572 1032 2654 Bella-Aqua:
1059 2574 1297 2654 fontem
1319 2571 1712 2636 bibliotheca.
1731 2571 1979 2636 Scilicet
2006 2579 2182 2637 textu
2200 2573 2419 2636 Latino
2443 2573 2690 2653 integro
2722 2580 2989 2651 servato,
3017 2576 3349 2640 Montanus
3378 2575 3673 2643 emenda-v

416 2677 622 2739 tiones
650 2692 794 2737 suas
827 2691 960 2737 non
986 2673 1073 2737 ita
1107 2674 1335 2738 multas
1366 2674 1434 2736 in
1461 2673 1742 2752 margine
1767 2672 1984 2737 illevit.

502 2827 816 2890 Versionis
849 2828 1132 2889 Armenaa
1154 2825 1379 2887 harum
1414 2823 1826 2887 Homiliarum
1863 2823 2148 2888 notitiam
2177 2825 2380 2888 debeo
2415 2825 2564 2888 viris
2597 2826 2880 2903 eruditis,
2914 2827 3340 2892 Benedictinaa
3377 2828 3664 2911 repetita:

417 2928 796 3004 editoribus;
852 2927 962 3008 qui
1000 2927 1067 2989 in
1109 2925 1449 2989 Corollario
1479 2925 1558 2988 ad
1600 2924 2068 2989 Montefalconii
2114 2924 2552 2990 Prmfationem
2599 2927 2734 2992 haec
2763 2928 3155 3010 scripserunt
3188 2947 3202 2992 :
3237 2952 3267 2987 α
3301 2930 3673 2993 Versionem

416 3042 749 3098 Armenam
779 3032 1013 3096 saeculo
1047 3049 1091 3094 v
1120 3030 1473 3096 confectam
1505 3033 1568 3092 S.
1595 3030 1855 3094 Joannis
1880 3029 2307 3109 Chrysostomi
2343 3030 2945 3095 Commentariorum
2970 3033 3036 3094 in
3068 3034 3131 3094 S.
3165 3032 3446 3095 Matthtei
3469 3034 3672 3095 Evan-

418 3139 652 3220 gelium
684 3136 853 3218 typis
889 3134 1318 3215 vulgaverunt,
1352 3133 1599 3198 duobus
1627 3131 2056 3196 voluminibus
2090 3132 2157 3193 in
2185 3138 2424 3208 octavo,
2455 3132 2892 3196 Mechitaristaa
2939 3137 3128 3198 Revv.
3168 3137 3382 3200 Patres
3420 3137 3672 3200 Armeni

415 3243 481 3304 in
519 3239 722 3303 insula
748 3240 810 3300 S.
842 3238 1074 3313 Lazart,
1110 3236 1412 3312 Venetiis,
1446 3253 1615 3299 anno
1652 3233 1826 3310 1826,
1857 3235 2048 3298 nullis
2082 3235 2309 3298 additis
2337 3234 2503 3297 notis
2530 3234 2784 3309 Latinis,
2816 3240 2879 3296 et
2901 3235 3038 3299 sine
3067 3237 3470 3300 translatione
3497 3237 3622 3300 ulla
3652 3256 3667 3298 :

417 3345 502 3408 ita
527 3351 596 3406 ut
643 3344 849 3418 nobis,
903 3347 1188 3404 Armente
1217 3339 1450 3418 lingua;
1501 3339 1759 3417 ignaris,
1815 3336 1936 3400 hoc
1965 3337 2126 3399 libro
2160 3336 2252 3398 uti
2275 3353 2405 3398 non
2451 3351 2824 3399 concessum
2853 3335 3064 3399 fuerit.
3101 3360 3130 3396 »
3172 3338 3425 3400 Librum
3462 3339 3670 3401 statim

417 3445 797 3526 comparavi,
831 3449 892 3506 et
923 3459 1040 3524 pro
1070 3457 1209 3504 mea
1234 3440 1414 3504 istius
1442 3438 1674 3518 linguaa
1705 3438 1988 3513 scientia,
2019 3454 2161 3516 qua;
2198 3452 2505 3516 perquam
2534 3436 2760 3514 exigua
2793 3441 2908 3511 est,
2931 3454 3161 3516 magna
3182 3455 3324 3501 cum
3353 3439 3671 3521 voluptate

417 3545 640 3609 evolvi.
698 3543 989 3606 Continet
1039 3539 1330 3602 homilias
1362 3555 1468 3600 LIII
1519 3537 1786 3616 priores.
1843 3537 2160 3613 Interpres
2203 3535 2417 3596 Graeca
2445 3533 2645 3612 probe
2699 3534 3030 3611 intellexit,
3075 3542 3242 3599 terse
3292 3555 3364 3600 ac
3406 3539 3672 3602 ﬁdeliter

418 3645 759 3733 expressit;
791 3640 1110 3706 interdum
1137 3656 1302 3701 unus
1330 3637 1615 3700 omnium
1639 3654 1858 3700 verum
1889 3634 2040 3698 vidit
2075 3633 2183 3716 (b).
2215 3637 2526 3709 Quantum
2562 3651 2713 3698 vero
2741 3636 3022 3699 utilitatis
3050 3637 3130 3700 ad
3160 3639 3502 3716 genuinum
3550 3641 3673 3702 Nn-

416 3748 531 3812 stri
553 3761 775 3810 aurum
795 3761 829 3808 e
859 3741 1151 3807 sordibus
1181 3738 1531 3806 eruendum
1558 3738 1707 3802 inde
1735 3738 2224 3828 perceperimus,
2259 3756 2375 3821 pro
2407 3755 2474 3803 se
2502 3737 2771 3821 quisque
2799 3739 2940 3820 ipso
2969 3755 3164 3820 opere
3183 3741 3470 3825 inSpecto
3495 3741 3670 3822 judi-

417 3865 562 3914 care
584 3845 818 3928 poterit
859 3843 967 3925 (ὁ).

496 3967 674 4042 Quod
703 3971 1015 4048 superest,
1050 3983 1290 4031 merces
1308 3983 1481 4030 meas
1511 3983 1661 4030 sane
1689 3965 2214 4047 locupletissimas
2243 3967 2570 4047 quomodo
2599 3966 2667 4029 in
2689 3965 2919 4029 chartis
2942 3966 3375 4047 explicuerim,
3399 3968 3670 4032 breviter

416 4069 869 4156 exponendum
898 4075 1014 4132 est.
1052 4070 1268 4150 Itaque
1303 4068 1502 4131 varias
1548 4066 1876 4140 lectiones,
1922 4083 2003 4128 ne
2039 4066 2251 4148 cperis
2286 4084 2403 4147 per
2457 4084 2526 4130 se
2578 4068 2900 4156 crassioris
2942 4067 3143 4130 moles
3190 4086 3378 4148 supra
3412 4071 3668 4133 modum

418 4179 800 4247 excurreret,
832 4190 977 4235 cum
1001 4172 1246 4235 delectu
1261 4171 1568 4234 notandas
1595 4170 1767 4233 duxi.
1795 4171 1866 4232 In
1898 4176 2035 4249 quo
2052 4168 2436 4246 adhibendo,
2461 4172 2687 4234 accidit
2708 4171 2886 4247 mihi,
2908 4171 3080 4250 quod
3103 4172 3416 4247 omnibus,
3452 4173 3668 4251 credo,

418 4271 527 4356 qui
561 4270 638 4332 ad
671 4286 805 4332 rem
829 4270 1106 4332 criticam
1151 4269 1535 4330 tractandam
1569 4267 1760 4347 paulo
1791 4265 2077 4329 rudiores
2105 4268 2505 4344 accesserint,
2545 4273 2614 4331 ut
2642 4269 2901 4332 ineunte
2933 4285 3129 4349 opere
3170 4271 3473 4333 nonnulla
3504 4289 3669 4352 prae-

418 4371 851 4446 termitterem,
883 4386 1024 4450 quae
1056 4374 1268 4450 postea
1301 4367 1689 4448 experientia
1713 4367 1935 4430 doctus
1963 4364 2138 4429 nullo
2167 4368 2360 4431 modo
2399 4368 2864 4434 contemnenda
2895 4385 3034 4430 esse
3061 4368 3210 4430 vidi.
3247 4369 3408 4432 Hinc
3440 4369 3669 4433 factum

416 4479 532 4546 est,
563 4478 632 4534 ut
653 4471 846 4534 altera
877 4488 1020 4557 pars
1044 4469 1457 4532 Homiliarum
1485 4468 1846 4531 uberiorem
1871 4469 2244 4532 variantium
2277 4471 2622 4535 lectionum
2657 4477 2934 4550 segetem
2966 4471 3204 4550 jactare
3229 4472 3539 4547 videatur;
3571 4474 3670 4536 cui

417 4585 626 4636 tamen
651 4571 1082 4652 inmqualitati,
1114 4570 1348 4644 multis,
1383 4586 1526 4650 quas
1547 4569 1723 4650 prius
1753 4569 2110 4647 omiseram,
2149 4572 2215 4634 in
2240 4572 2683 4635 adnotationes
2712 4573 2946 4648 relatis,
2974 4573 3234 4636 remedii
3253 4573 3489 4654 aliquid
3517 4574 3670 4636 alla-

417 4686 548 4740 tum
583 4684 696 4739 est.
729 4679 1038 4739 Prasterea
1065 4676 1117 4738 si
1143 4675 1305 4740 forte
1333 4675 1634 4738 lectiones
1661 4675 2048 4739 Oxonienses
2077 4676 2274 4740 serius
2307 4677 2710 4752 advenerant,
2740 4693 2929 4758 quam
2965 4683 3035 4739 ut
3066 4693 3182 4739 suo
3211 4694 3480 4758 quaeque
3527 4677 3670 4744 loco

417 4781 805 4850 notarentur,
837 4777 916 4840 de
949 4776 1046 4839 his
1069 4793 1325 4857 quoque
1354 4777 1420 4839 in
1449 4774 1961 4842 adnotationibus
1987 4778 2206 4842 sedulo
2236 4778 2544 4841 monitum
2568 4786 2686 4841 est.

490 4907 563 4968 In
594 4903 775 4966 variis
802 4903 1180 4968 lectionibus
1214 4902 1571 4983 digerendis
1590 4903 1702 4967 has
1735 4902 1869 4966 fere
1896 4904 2142 4985 regulas
2182 4910 2436 4968 secutus
2467 4919 2606 4966 sum
2649 4919 2662 4961 :

493 5035 542 5100 1.
581 5031 863 5108 Codices,
892 5031 1002 5114 qui
1049 5049 1180 5098 non
1210 5037 1660 5107 memorantur,
1711 5029 1831 5098 nisi
1865 5029 2026 5098 forte
2069 5033 2293 5096 lacuna
2318 5035 2541 5104 exstet,
2573 5044 2721 5090 cum
2759 5031 2936 5092 textu
2978 5028 3196 5091 nostro
3233 5024 3673 5089 consentiunt.

485 5274 561 5344 (α)
600 5272 719 5344 Huc
751 5269 1026 5344 pertinere
1044 5268 1258 5344 videtur
1277 5266 1582 5344 exemplum
1605 5265 1660 5320 in
1689 5264 1988 5344 Adnot._a_d
2095 5265 2372 5344 _Ch_rysost.
2393 5263 2491 5318 ista
2509 5262 2784 5344 leguntur.
2813 5257 2988 5344 Hujus
3003 5257 3168 5339 verba
3185 5265 3313 5344 sunt
3332 5256 3674 5344 (p.7l2),pv;‘;§é

416 5362 468 5416 p.
489 5327 878 5416 allatum:
911 5339 1062 5393 Adde
1093 5339 1282 5416 Ρςειευςἶ
1320 5337 1389 5416 ad
1417 5327 1608 5416 Synes.
1642 5345 1784 5416 notae
1814 5352 1868 5416 p.
1897 5338 1986 5391 57.

2095 5337 2127 5406 ὴ
2160 5327 2223 5387 év'
2273 5327 2589 5416 tippzavsiq’):
2633 5330 2862 5400 σίτησις.
2902 5327 3163 5386 ίΑηὶειηιιε
3190 5327 3671 5416 vero,itaored‘dl‘t,

419 5395 786 5469 2"th‘niiaus
811 5410 980 5465 falsus
993 5417 1076 5465 est
1096 5408 1238 5462 idem
1251 5395 1653 5477 Scalige},dum
1667 5422 1733 5461 ex
1752 5395 1984 5470 Aniano,
2094 5395 2185 5458 n'rc
2218 5395 2420 5477 publice
2452 5403 2507 5455 in
2536 5395 2801 5477 Prytaneo
2835 5411 3101 5477 apparata
3135 5398 3392 5477 convivia.
3425 5395 3514 5452 Sic
3541 5396 3668 5453 ille:

418 5467 586 5541 veteri
625 5478 997 5564 Chrysostptni
1050 5478 1367 5548 interprete,
1396 5467 1744 5564 conjectat'ur
1765 5467 1985 5564 .‘npg‘m;
2091 5467 2370 5564 ncc‘vqlgp
2395 5479 2592 5564 elisital.1
2616 5467 2713 5564 nec
2748 5469 2804 5521 in
2835 5467 3097 5564 apameae
3124 5467 3388 5564 genum.
3434 5484 3452 5517 ι

420 5557 531 5610 νεῖαι
555 5545 850 5622 sumpsisse
879 5545 1323 5622 Chrysostomum
1359 5563 1457 5622 pro
1491 5545 1726 5616 sportula
1759 5545 1825 5598 in'
1846 5545 1983 5622 Ρτυτ

418 5639 592 5680 mneo.
642 5615 842 5680 Verum
879 5615 1056 5691 neque
1083 5619 1249 5694 apud
1286 5615 1574 5684 Anﬂianum,
1621 5630 1796 5687 neque
1841 5615 1983 5684 apud

2161 5545 2233 5613 (ὁ)
2260 5536 2722 5613 VideAdnotrad
2738 5555 2828 5609 pp.
2858 5536 2944 5603 89,
2969 5537 3096 5613 216,

2161 5605 2229 5682 (τ)
2251 5613 2378 5671 Vide
2399 5612 2451 5666 in
2479 5611 2669 5684 primis
2698 5605 2897 5688 Adnot.
2919 5607 2983 5662 ad
3003 5623 3094 5681 pp.
3115 5605 3231 5674 115,
3260 5605 3379 5674 117,
3408 5605 3524 5663 147.
