  <div class='ocr_page' id='page_1' title='image "/cluster/home/n/w/nwhite01/storage/ocr_20150623/57/mdp.39015008622600/020.png"; bbox 0 0 4060 6156; ppageno 0'>
   <div class='ocr_carea' id='block_1_1' title="bbox 1696 294 3656 373">
    <p class='ocr_par' dir='ltr' id='par_1_1' title="bbox 1696 294 3656 373">
     <span class='ocr_line' id='line_1_1' title="bbox 1696 294 3656 373; baseline 0.005 -9"><span class='ocrx_word' id='word_1_1' title='bbox 1696 306 1876 367; x_wconf 75' lang='lat' dir='ltr'>nuo.</span> <span class='ocrx_word' id='word_1_2' title='bbox 1919 309 2123 367; x_wconf 84' lang='lat' dir='ltr'>FIELD</span> <span class='ocrx_word' id='word_1_3' title='bbox 2162 294 2574 373; x_wconf 61' lang='lat' dir='ltr'>primum.</span> <span class='ocrx_word' id='word_1_4' title='bbox 3602 325 3656 366; x_wconf 69' lang='lat' dir='ltr'>nx</span> 
     </span>
    </p>
   </div>
   <div class='ocr_carea' id='block_1_2' title="bbox 418 426 3666 517">
    <p class='ocr_par' dir='ltr' id='par_1_2' title="bbox 418 426 3666 517">
     <span class='ocr_line' id='line_1_2' title="bbox 418 426 3666 517; baseline 0.002 -27"><span class='ocrx_word' id='word_1_5' title='bbox 418 426 538 491; x_wconf 85' lang='lat' dir='ltr'>Ubi</span> <span class='ocrx_word' id='word_1_6' title='bbox 574 445 723 493; x_wconf 84' lang='lat' dir='ltr'>vero</span> <span class='ocrx_word' id='word_1_7' title='bbox 767 429 1038 507; x_wconf 76' lang='lat' dir='ltr'>colices,</span> <span class='ocrx_word' id='word_1_8' title='bbox 1083 431 1195 512; x_wconf 89' lang='lat' dir='ltr'>qui</span> <span class='ocrx_word' id='word_1_9' title='bbox 1243 430 1667 508; x_wconf 82' lang='lat' dir='ltr'>nominantur,</span> <span class='ocrx_word' id='word_1_10' title='bbox 1708 440 2024 517; x_wconf 82' lang='lat' dir='ltr'>receptam</span> <span class='ocrx_word' id='word_1_11' title='bbox 2069 437 2411 502; x_wconf 83' lang='lat' dir='ltr'>lectionem</span> <span class='ocrx_word' id='word_1_12' title='bbox 2455 429 3167 514; x_wconf 67' lang='lat' dir='ltr'>habent,&quot;caeteros‘pro</span> <span class='ocrx_word' id='word_1_13' title='bbox 3205 438 3433 517; x_wconf 89' lang='lat' dir='ltr'>rejecta</span> <span class='ocrx_word' id='word_1_14' title='bbox 3476 442 3666 511; x_wconf 87' lang='lat' dir='ltr'>stare,</span> 
     </span>
    </p>
   </div>
   <div class='ocr_carea' id='block_1_3' title="bbox 422 532 1225 612">
    <p class='ocr_par' dir='ltr' id='par_1_3' title="bbox 422 532 1225 612">
     <span class='ocr_line' id='line_1_3' title="bbox 422 532 1225 612; baseline 0.007 -23"><span class='ocrx_word' id='word_1_15' title='bbox 422 545 539 609; x_wconf 87' lang='lat' dir='ltr'>per</span> <span class='ocrx_word' id='word_1_16' title='bbox 567 548 634 593; x_wconf 92' lang='lat' dir='ltr'>se</span> <span class='ocrx_word' id='word_1_17' title='bbox 664 533 811 594; x_wconf 82' lang='lat' dir='ltr'>satis</span> <span class='ocrx_word' id='word_1_18' title='bbox 837 532 1225 612; x_wconf 82' lang='lat' dir='ltr'>intelligitur.</span> 
     </span>
    </p>
   </div>
   <div class='ocr_carea' id='block_1_4' title="bbox 502 653 3664 743">
    <p class='ocr_par' dir='ltr' id='par_1_4' title="bbox 502 653 3664 743">
     <span class='ocr_line' id='line_1_4' title="bbox 502 653 3664 743; baseline 0.002 -28"><span class='ocrx_word' id='word_1_19' title='bbox 502 653 559 715; x_wconf 94' lang='lat' dir='ltr'><strong>II</strong></span> <span class='ocrx_word' id='word_1_20' title='bbox 622 654 861 717; x_wconf 88' lang='lat' dir='ltr'>Dealiis</span> <span class='ocrx_word' id='word_1_21' title='bbox 885 657 1166 732; x_wconf 83' lang='lat' dir='ltr'>testlbus,</span> <span class='ocrx_word' id='word_1_22' title='bbox 1199 657 1308 737; x_wconf 87' lang='lat' dir='ltr'>qui</span> <span class='ocrx_word' id='word_1_23' title='bbox 1344 659 1615 720; x_wconf 76' lang='lat' dir='ltr'>nonnisi</span> <span class='ocrx_word' id='word_1_24' title='bbox 1643 661 1827 722; x_wconf 86' lang='lat' dir='ltr'>certis</span> <span class='ocrx_word' id='word_1_25' title='bbox 1848 660 2005 724; x_wconf 91' lang='lat' dir='ltr'>locis</span> <span class='ocrx_word' id='word_1_26' title='bbox 2025 660 2330 743; x_wconf 87' lang='lat' dir='ltr'>appellari</span> <span class='ocrx_word' id='word_1_27' title='bbox 2352 666 2639 741; x_wconf 90' lang='lat' dir='ltr'>possunt,</span> <span class='ocrx_word' id='word_1_28' title='bbox 2667 678 2725 723; x_wconf 92' lang='lat' dir='ltr'>e.</span> <span class='ocrx_word' id='word_1_29' title='bbox 2759 677 2816 740; x_wconf 89' lang='lat' dir='ltr'>g.</span> <span class='ocrx_word' id='word_1_30' title='bbox 2838 661 2955 741; x_wconf 88' lang='lat' dir='ltr'>Ep.</span> <span class='ocrx_word' id='word_1_31' title='bbox 2977 658 3163 722; x_wconf 89' lang='lat' dir='ltr'>Euth.</span> <span class='ocrx_word' id='word_1_32' title='bbox 3186 656 3474 738; x_wconf 88' lang='lat' dir='ltr'>Theoph.</span> <span class='ocrx_word' id='word_1_33' title='bbox 3497 654 3664 720; x_wconf 85' lang='lat' dir='ltr'>Flor.</span> 
     </span>
    </p>
   </div>
   <div class='ocr_carea' id='block_1_5' title="bbox 426 752 2726 840">
    <p class='ocr_par' dir='ltr' id='par_1_5' title="bbox 426 752 2726 840">
     <span class='ocr_line' id='line_1_5' title="bbox 426 752 2726 840; baseline 0.006 -30"><span class='ocrx_word' id='word_1_34' title='bbox 426 755 487 811; x_wconf 90' lang='lat' dir='ltr'>et</span> <span class='ocrx_word' id='word_1_35' title='bbox 514 752 794 832; x_wconf 89' lang='lat' dir='ltr'>Interpp.</span> <span class='ocrx_word' id='word_1_36' title='bbox 829 754 948 816; x_wconf 89' lang='lat' dir='ltr'><strong>nisi</strong></span> <span class='ocrx_word' id='word_1_37' title='bbox 976 754 1203 818; x_wconf 89' lang='lat' dir='ltr'>diserte</span> <span class='ocrx_word' id='word_1_38' title='bbox 1237 757 1664 833; x_wconf 89' lang='lat' dir='ltr'>nominentur,</span> <span class='ocrx_word' id='word_1_39' title='bbox 1694 758 1852 820; x_wconf 90' lang='lat' dir='ltr'>nihil</span> <span class='ocrx_word' id='word_1_40' title='bbox 1887 776 1923 822; x_wconf 91' lang='lat' dir='ltr'>a</span> <span class='ocrx_word' id='word_1_41' title='bbox 1953 762 2215 824; x_wconf 89' lang='lat' dir='ltr'>Lectore</span> <span class='ocrx_word' id='word_1_42' title='bbox 2255 760 2463 839; x_wconf 83' lang='lat' dir='ltr'>colligi</span> <span class='ocrx_word' id='word_1_43' title='bbox 2494 767 2726 840; x_wconf 90' lang='lat' dir='ltr'>potest.</span> 
     </span>
    </p>
   </div>
   <div class='ocr_carea' id='block_1_6' title="bbox 504 879 3665 968">
    <p class='ocr_par' dir='ltr' id='par_1_6' title="bbox 504 879 3665 968">
     <span class='ocr_line' id='line_1_6' title="bbox 504 879 3665 968; baseline -0 -29"><span class='ocrx_word' id='word_1_44' title='bbox 504 880 610 940; x_wconf 91' lang='lat' dir='ltr'>III.</span> <span class='ocrx_word' id='word_1_45' title='bbox 638 880 962 943; x_wconf 89' lang='lat' dir='ltr'>Editorum</span> <span class='ocrx_word' id='word_1_46' title='bbox 989 883 1293 945; x_wconf 89' lang='lat' dir='ltr'>librorum</span> <span class='ocrx_word' id='word_1_47' title='bbox 1320 884 1624 947; x_wconf 91' lang='lat' dir='ltr'>lectiones</span> <span class='ocrx_word' id='word_1_48' title='bbox 1656 904 1910 967; x_wconf 88' lang='lat' dir='ltr'>semper</span> <span class='ocrx_word' id='word_1_49' title='bbox 1931 894 1992 950; x_wconf 90' lang='lat' dir='ltr'>et</span> <span class='ocrx_word' id='word_1_50' title='bbox 2035 889 2276 968; x_wconf 91' lang='lat' dir='ltr'>ubique</span> <span class='ocrx_word' id='word_1_51' title='bbox 2314 904 2810 952; x_wconf 82' lang='lat' dir='ltr'>commemorare</span> <span class='ocrx_word' id='word_1_52' title='bbox 2852 901 2983 947; x_wconf 91' lang='lat' dir='ltr'>non</span> <span class='ocrx_word' id='word_1_53' title='bbox 3010 881 3210 946; x_wconf 91' lang='lat' dir='ltr'>nostri</span> <span class='ocrx_word' id='word_1_54' title='bbox 3246 880 3361 943; x_wconf 88' lang='lat' dir='ltr'>fuit</span> <span class='ocrx_word' id='word_1_55' title='bbox 3405 879 3665 958; x_wconf 87' lang='lat' dir='ltr'>incepti.</span> 
     </span>
    </p>
   </div>
   <div class='ocr_carea' id='block_1_7' title="bbox 426 976 3666 1066">
    <p class='ocr_par' dir='ltr' id='par_1_7' title="bbox 426 976 3666 1066">
     <span class='ocr_line' id='line_1_7' title="bbox 426 976 3666 1066; baseline 0.001 -30"><span class='ocrx_word' id='word_1_56' title='bbox 426 977 646 1056; x_wconf 83' lang='lat' dir='ltr'>Itaque</span> <span class='ocrx_word' id='word_1_57' title='bbox 679 995 850 1058; x_wconf 87' lang='lat' dir='ltr'>saepe</span> <span class='ocrx_word' id='word_1_58' title='bbox 881 979 1127 1055; x_wconf 89' lang='lat' dir='ltr'>accidit,</span> <span class='ocrx_word' id='word_1_59' title='bbox 1159 987 1228 1041; x_wconf 92' lang='lat' dir='ltr'>ut</span> <span class='ocrx_word' id='word_1_60' title='bbox 1258 981 1447 1043; x_wconf 88' lang='lat' dir='ltr'>lectio</span> <span class='ocrx_word' id='word_1_61' title='bbox 1484 983 1690 1044; x_wconf 90' lang='lat' dir='ltr'>minus</span> <span class='ocrx_word' id='word_1_62' title='bbox 1719 985 2087 1063; x_wconf 89' lang='lat' dir='ltr'>probabilis,</span> <span class='ocrx_word' id='word_1_63' title='bbox 2130 1004 2208 1048; x_wconf 90' lang='lat' dir='ltr'>ex</span> <span class='ocrx_word' id='word_1_64' title='bbox 2234 1003 2364 1048; x_wconf 92' lang='lat' dir='ltr'>uno</span> <span class='ocrx_word' id='word_1_65' title='bbox 2394 992 2501 1048; x_wconf 90' lang='lat' dir='ltr'>aut</span> <span class='ocrx_word' id='word_1_66' title='bbox 2528 984 2813 1066; x_wconf 89' lang='lat' dir='ltr'>pluribus</span> <span class='ocrx_word' id='word_1_67' title='bbox 2842 982 3029 1046; x_wconf 90' lang='lat' dir='ltr'>codd.</span> <span class='ocrx_word' id='word_1_68' title='bbox 3058 983 3126 1044; x_wconf 89' lang='lat' dir='ltr'>in</span> <span class='ocrx_word' id='word_1_69' title='bbox 3155 979 3433 1057; x_wconf 82' lang='lat' dir='ltr'>margine</span> <span class='ocrx_word' id='word_1_70' title='bbox 3459 976 3666 1051; x_wconf 92' lang='lat' dir='ltr'>allata,</span> 
     </span>
    </p>
   </div>
   <div class='ocr_carea' id='block_1_8' title="bbox 431 1079 2875 1165">
    <p class='ocr_par' dir='ltr' id='par_1_8' title="bbox 431 1079 2875 1165">
     <span class='ocr_line' id='line_1_8' title="bbox 431 1079 2875 1165; baseline 0.002 -27"><span class='ocrx_word' id='word_1_71' title='bbox 431 1094 504 1141; x_wconf 90' lang='lat' dir='ltr'>ea</span> <span class='ocrx_word' id='word_1_72' title='bbox 529 1081 668 1159; x_wconf 89' lang='lat' dir='ltr'>ipsa</span> <span class='ocrx_word' id='word_1_73' title='bbox 699 1079 798 1152; x_wconf 86' lang='lat' dir='ltr'>sit,</span> <span class='ocrx_word' id='word_1_74' title='bbox 836 1097 975 1159; x_wconf 61' lang='lat' dir='ltr'>quae</span> <span class='ocrx_word' id='word_1_75' title='bbox 1003 1080 1068 1142; x_wconf 90' lang='lat' dir='ltr'>in</span> <span class='ocrx_word' id='word_1_76' title='bbox 1097 1079 1240 1143; x_wconf 89' lang='lat' dir='ltr'>edd.</span> <span class='ocrx_word' id='word_1_77' title='bbox 1270 1086 1375 1143; x_wconf 89' lang='lat' dir='ltr'>aut</span> <span class='ocrx_word' id='word_1_78' title='bbox 1404 1081 1801 1162; x_wconf 88' lang='lat' dir='ltr'>quibusdam,</span> <span class='ocrx_word' id='word_1_79' title='bbox 1842 1090 1947 1146; x_wconf 89' lang='lat' dir='ltr'>aut</span> <span class='ocrx_word' id='word_1_80' title='bbox 1975 1085 2159 1147; x_wconf 90' lang='lat' dir='ltr'>etiam</span> <span class='ocrx_word' id='word_1_81' title='bbox 2186 1084 2477 1147; x_wconf 91' lang='lat' dir='ltr'>omnibus</span> <span class='ocrx_word' id='word_1_82' title='bbox 2512 1084 2875 1165; x_wconf 88' lang='lat' dir='ltr'>reperiatur.</span> 
     </span>
    </p>
   </div>
   <div class='ocr_carea' id='block_1_9' title="bbox 514 1201 3672 1286">
    <p class='ocr_par' dir='ltr' id='par_1_9' title="bbox 514 1201 3672 1286">
     <span class='ocr_line' id='line_1_9' title="bbox 514 1201 3672 1286; baseline -0.002 -21"><span class='ocrx_word' id='word_1_83' title='bbox 514 1205 618 1266; x_wconf 85' lang='lat' dir='ltr'>IV.</span> <span class='ocrx_word' id='word_1_84' title='bbox 649 1204 767 1265; x_wconf 90' lang='lat' dir='ltr'>Ubi</span> <span class='ocrx_word' id='word_1_85' title='bbox 796 1221 912 1283; x_wconf 91' lang='lat' dir='ltr'>pro</span> <span class='ocrx_word' id='word_1_86' title='bbox 943 1204 1135 1266; x_wconf 88' lang='lat' dir='ltr'>altera</span> <span class='ocrx_word' id='word_1_87' title='bbox 1154 1203 1427 1266; x_wconf 86' lang='lat' dir='ltr'>lectione</span> <span class='ocrx_word' id='word_1_88' title='bbox 1458 1222 1665 1265; x_wconf 82' lang='lat' dir='ltr'>omnes</span> <span class='ocrx_word' id='word_1_89' title='bbox 1694 1206 1932 1285; x_wconf 88' lang='lat' dir='ltr'>scripti,</span> <span class='ocrx_word' id='word_1_90' title='bbox 1965 1223 2081 1286; x_wconf 90' lang='lat' dir='ltr'>pro</span> <span class='ocrx_word' id='word_1_91' title='bbox 2104 1206 2299 1269; x_wconf 90' lang='lat' dir='ltr'>altera</span> <span class='ocrx_word' id='word_1_92' title='bbox 2316 1224 2460 1269; x_wconf 89' lang='lat' dir='ltr'>vero</span> <span class='ocrx_word' id='word_1_93' title='bbox 2484 1226 2689 1268; x_wconf 84' lang='lat' dir='ltr'>omnes</span> <span class='ocrx_word' id='word_1_94' title='bbox 2714 1205 2863 1268; x_wconf 91' lang='lat' dir='ltr'>editi</span> <span class='ocrx_word' id='word_1_95' title='bbox 2890 1204 3031 1268; x_wconf 92' lang='lat' dir='ltr'>libri</span> <span class='ocrx_word' id='word_1_96' title='bbox 3052 1208 3353 1285; x_wconf 83' lang='lat' dir='ltr'>pugnant,</span> <span class='ocrx_word' id='word_1_97' title='bbox 3384 1201 3672 1266; x_wconf 88' lang='lat' dir='ltr'>codicum</span> 
     </span>
    </p>
   </div>
   <div class='ocr_carea' id='block_1_10' title="bbox 434 1303 2647 1384">
    <p class='ocr_par' dir='ltr' id='par_1_10' title="bbox 434 1303 2647 1384">
     <span class='ocr_line' id='line_1_10' title="bbox 434 1303 2647 1384; baseline -0.001 -16"><span class='ocrx_word' id='word_1_98' title='bbox 434 1305 704 1368; x_wconf 84' lang='lat' dir='ltr'>lectione</span> <span class='ocrx_word' id='word_1_99' title='bbox 735 1310 1008 1383; x_wconf 90' lang='lat' dir='ltr'>recepta,</span> <span class='ocrx_word' id='word_1_100' title='bbox 1039 1303 1267 1366; x_wconf 89' lang='lat' dir='ltr'>editam</span> <span class='ocrx_word' id='word_1_101' title='bbox 1301 1303 1368 1365; x_wconf 91' lang='lat' dir='ltr'>in</span> <span class='ocrx_word' id='word_1_102' title='bbox 1406 1304 1684 1382; x_wconf 83' lang='lat' dir='ltr'>margine</span> <span class='ocrx_word' id='word_1_103' title='bbox 1712 1306 1955 1384; x_wconf 76' lang='lat' dir='ltr'>scripsi,</span> <span class='ocrx_word' id='word_1_104' title='bbox 1987 1324 2129 1368; x_wconf 92' lang='lat' dir='ltr'>cum</span> <span class='ocrx_word' id='word_1_105' title='bbox 2160 1313 2332 1382; x_wconf 90' lang='lat' dir='ltr'>nota,</span> <span class='ocrx_word' id='word_1_106' title='bbox 2371 1331 2398 1363; x_wconf 87' lang='lat'><strong><em>«</em></strong></span> <span class='ocrx_word' id='word_1_107' title='bbox 2430 1308 2585 1369; x_wconf 88' lang='lat' dir='ltr'>Edd.</span> <span class='ocrx_word' id='word_1_108' title='bbox 2615 1330 2647 1365; x_wconf 84' lang='grc'>››</span> 
     </span>
    </p>
   </div>
   <div class='ocr_carea' id='block_1_11' title="bbox 523 1422 3672 1504">
    <p class='ocr_par' dir='ltr' id='par_1_11' title="bbox 523 1422 3672 1504">
     <span class='ocr_line' id='line_1_11' title="bbox 523 1422 3672 1504; baseline 0 -18"><span class='ocrx_word' id='word_1_109' title='bbox 523 1424 592 1486; x_wconf 82' lang='grc' dir='ltr'><strong>ν.</strong></span> <span class='ocrx_word' id='word_1_110' title='bbox 641 1424 761 1487; x_wconf 89' lang='lat' dir='ltr'>Ubi</span> <span class='ocrx_word' id='word_1_111' title='bbox 789 1423 853 1485; x_wconf 92' lang='lat' dir='ltr'>in</span> <span class='ocrx_word' id='word_1_112' title='bbox 881 1422 1089 1503; x_wconf 89' lang='lat' dir='ltr'>aliqua</span> <span class='ocrx_word' id='word_1_113' title='bbox 1114 1423 1389 1486; x_wconf 88' lang='lat' dir='ltr'>lectione</span> <span class='ocrx_word' id='word_1_114' title='bbox 1416 1424 1648 1487; x_wconf 88' lang='lat' dir='ltr'>tuenda</span> <span class='ocrx_word' id='word_1_115' title='bbox 1683 1442 1827 1486; x_wconf 92' lang='lat' dir='ltr'>cum</span> <span class='ocrx_word' id='word_1_116' title='bbox 1853 1430 2024 1486; x_wconf 88' lang='lat' dir='ltr'>textu</span> <span class='ocrx_word' id='word_1_117' title='bbox 2054 1425 2362 1489; x_wconf 89' lang='lat' dir='ltr'>Saviliano</span> <span class='ocrx_word' id='word_1_118' title='bbox 2398 1428 2798 1490; x_wconf 89' lang='lat' dir='ltr'>consentiunt</span> <span class='ocrx_word' id='word_1_119' title='bbox 2831 1447 3037 1489; x_wconf 80' lang='lat' dir='ltr'>omnes</span> <span class='ocrx_word' id='word_1_120' title='bbox 3063 1427 3337 1504; x_wconf 89' lang='lat' dir='ltr'>codices,</span> <span class='ocrx_word' id='word_1_121' title='bbox 3365 1426 3527 1489; x_wconf 88' lang='lat' dir='ltr'>hanc</span> <span class='ocrx_word' id='word_1_122' title='bbox 3569 1424 3672 1487; x_wconf 88' lang='lat' dir='ltr'>in-</span> 
     </span>
    </p>
   </div>
   <div class='ocr_carea' id='block_1_12' title="bbox 437 1525 2770 1605">
    <p class='ocr_par' dir='ltr' id='par_1_12' title="bbox 437 1525 2770 1605">
     <span class='ocr_line' id='line_1_12' title="bbox 437 1525 2770 1605; baseline 0 -15"><span class='ocrx_word' id='word_1_123' title='bbox 437 1527 719 1590; x_wconf 89' lang='lat' dir='ltr'>numeris</span> <span class='ocrx_word' id='word_1_124' title='bbox 756 1525 934 1599; x_wconf 92' lang='lat' dir='ltr'>locis,</span> <span class='ocrx_word' id='word_1_125' title='bbox 970 1526 1200 1605; x_wconf 87' lang='lat' dir='ltr'>rejecta</span> <span class='ocrx_word' id='word_1_126' title='bbox 1234 1525 1506 1587; x_wconf 92' lang='lat' dir='ltr'>lectione</span> <span class='ocrx_word' id='word_1_127' title='bbox 1536 1526 2268 1603; x_wconf 86' lang='lat' dir='ltr'>Morello-Benedictina,</span> <span class='ocrx_word' id='word_1_128' title='bbox 2302 1530 2486 1590; x_wconf 79' lang='lat' dir='ltr'>tacite</span> <span class='ocrx_word' id='word_1_129' title='bbox 2522 1529 2770 1592; x_wconf 81' lang='lat' dir='ltr'>excudi.</span> 
     </span>
    </p>
   </div>
   <div class='ocr_carea' id='block_1_13' title="bbox 518 1645 3673 1730">
    <p class='ocr_par' dir='ltr' id='par_1_13' title="bbox 518 1645 3673 1730">
     <span class='ocr_line' id='line_1_13' title="bbox 518 1645 3673 1730; baseline 0 -21"><span class='ocrx_word' id='word_1_130' title='bbox 518 1648 619 1709; x_wconf 84' lang='lat' dir='ltr'>VI.</span> <span class='ocrx_word' id='word_1_131' title='bbox 663 1648 735 1709; x_wconf 89' lang='lat' dir='ltr'>In</span> <span class='ocrx_word' id='word_1_132' title='bbox 769 1645 989 1708; x_wconf 89' lang='lat' dir='ltr'>ordine</span> <span class='ocrx_word' id='word_1_133' title='bbox 1016 1645 1350 1708; x_wconf 90' lang='lat' dir='ltr'>verborum</span> <span class='ocrx_word' id='word_1_134' title='bbox 1386 1646 1825 1709; x_wconf 90' lang='lat' dir='ltr'>constituendo</span> <span class='ocrx_word' id='word_1_135' title='bbox 1857 1647 2118 1726; x_wconf 89' lang='lat' dir='ltr'>singulis</span> <span class='ocrx_word' id='word_1_136' title='bbox 2152 1649 2307 1712; x_wconf 89' lang='lat' dir='ltr'>locis</span> <span class='ocrx_word' id='word_1_137' title='bbox 2328 1650 2541 1730; x_wconf 89' lang='lat' dir='ltr'>plures</span> <span class='ocrx_word' id='word_1_138' title='bbox 2577 1656 2637 1713; x_wconf 88' lang='lat' dir='ltr'>et</span> <span class='ocrx_word' id='word_1_139' title='bbox 2666 1651 2960 1713; x_wconf 86' lang='lat' dir='ltr'>meliores</span> <span class='ocrx_word' id='word_1_140' title='bbox 2989 1650 3184 1713; x_wconf 88' lang='lat' dir='ltr'>libros</span> <span class='ocrx_word' id='word_1_141' title='bbox 3226 1656 3475 1713; x_wconf 87' lang='lat' dir='ltr'>secutus</span> <span class='ocrx_word' id='word_1_142' title='bbox 3510 1666 3673 1721; x_wconf 91' lang='lat' dir='ltr'>sum,</span> 
     </span>
    </p>
   </div>
   <div class='ocr_carea' id='block_1_14' title="bbox 442 1744 3677 1832">
    <p class='ocr_par' dir='ltr' id='par_1_14' title="bbox 442 1744 3677 1832">
     <span class='ocr_line' id='line_1_14' title="bbox 442 1744 3677 1832; baseline -0.001 -24"><span class='ocrx_word' id='word_1_143' title='bbox 442 1745 633 1826; x_wconf 92' lang='lat' dir='ltr'>idque</span> <span class='ocrx_word' id='word_1_144' title='bbox 662 1746 995 1808; x_wconf 83' lang='lat' dir='ltr'>maximam</span> <span class='ocrx_word' id='word_1_145' title='bbox 1039 1751 1278 1825; x_wconf 86' lang='lat' dir='ltr'>partem</span> <span class='ocrx_word' id='word_1_146' title='bbox 1321 1760 1454 1806; x_wconf 91' lang='lat' dir='ltr'>non</span> <span class='ocrx_word' id='word_1_147' title='bbox 1492 1746 1734 1809; x_wconf 90' lang='lat' dir='ltr'>monito</span> <span class='ocrx_word' id='word_1_148' title='bbox 1777 1748 2070 1823; x_wconf 85' lang='lat' dir='ltr'>Lectore;</span> <span class='ocrx_word' id='word_1_149' title='bbox 2102 1765 2246 1811; x_wconf 91' lang='lat' dir='ltr'>cum</span> <span class='ocrx_word' id='word_1_150' title='bbox 2279 1747 2537 1811; x_wconf 62' lang='lat' dir='ltr'>inﬁnita)</span> <span class='ocrx_word' id='word_1_151' title='bbox 2571 1749 2755 1811; x_wconf 86' lang='lat' dir='ltr'>molis</span> <span class='ocrx_word' id='word_1_152' title='bbox 2796 1748 3036 1823; x_wconf 84' lang='lat' dir='ltr'>fuisset,</span> <span class='ocrx_word' id='word_1_153' title='bbox 3070 1766 3290 1811; x_wconf 93' lang='lat' dir='ltr'>omnes</span> <span class='ocrx_word' id='word_1_154' title='bbox 3316 1744 3677 1832; x_wconf 87' lang='lat' dir='ltr'>hujusmodi</span> 
     </span>
    </p>
   </div>
   <div class='ocr_carea' id='block_1_15' title="bbox 441 1845 1481 1911">
    <p class='ocr_par' dir='ltr' id='par_1_15' title="bbox 441 1845 1481 1911">
     <span class='ocr_line' id='line_1_15' title="bbox 441 1845 1481 1911; baseline 0 0"><span class='ocrx_word' id='word_1_155' title='bbox 441 1849 817 1911; x_wconf 83' lang='lat' dir='ltr'>mutationes</span> <span class='ocrx_word' id='word_1_156' title='bbox 843 1848 910 1908; x_wconf 91' lang='lat' dir='ltr'>in</span> <span class='ocrx_word' id='word_1_157' title='bbox 937 1847 1193 1909; x_wconf 90' lang='lat' dir='ltr'>tabellas</span> <span class='ocrx_word' id='word_1_158' title='bbox 1223 1845 1481 1911; x_wconf 87' lang='lat' dir='ltr'>referre.</span> 
     </span>
    </p>
   </div>
   <div class='ocr_carea' id='block_1_16' title="bbox 524 1990 3679 2073">
    <p class='ocr_par' dir='ltr' id='par_1_16' title="bbox 524 1990 3679 2073">
     <span class='ocr_line' id='line_1_16' title="bbox 524 1990 3679 2073; baseline -0.001 -20"><span class='ocrx_word' id='word_1_159' title='bbox 524 1990 866 2053; x_wconf 85' lang='lat' dir='ltr'>Moralium</span> <span class='ocrx_word' id='word_1_160' title='bbox 896 1991 1070 2055; x_wconf 90' lang='lat' dir='ltr'>initia</span> <span class='ocrx_word' id='word_1_161' title='bbox 1089 1994 1219 2073; x_wconf 90' lang='lat' dir='ltr'>jam</span> <span class='ocrx_word' id='word_1_162' title='bbox 1242 1999 1384 2056; x_wconf 87' lang='lat' dir='ltr'>ante</span> <span class='ocrx_word' id='word_1_163' title='bbox 1416 2010 1533 2056; x_wconf 92' lang='lat' dir='ltr'>nos</span> <span class='ocrx_word' id='word_1_164' title='bbox 1562 1993 1927 2057; x_wconf 77' lang='lat' dir='ltr'>distinxerat</span> <span class='ocrx_word' id='word_1_165' title='bbox 1954 1995 2245 2071; x_wconf 88' lang='lat' dir='ltr'>Savilius;</span> <span class='ocrx_word' id='word_1_166' title='bbox 2278 1996 2641 2059; x_wconf 90' lang='lat' dir='ltr'>eorumdem</span> <span class='ocrx_word' id='word_1_167' title='bbox 2662 2010 2810 2057; x_wconf 89' lang='lat' dir='ltr'>vero</span> <span class='ocrx_word' id='word_1_168' title='bbox 2832 2000 3194 2073; x_wconf 79' lang='lat' dir='ltr'>argumenta</span> <span class='ocrx_word' id='word_1_169' title='bbox 3216 2007 3381 2055; x_wconf 89' lang='lat' dir='ltr'>nunc</span> <span class='ocrx_word' id='word_1_170' title='bbox 3406 1990 3679 2069; x_wconf 86' lang='lat' dir='ltr'>primum</span> 
     </span>
    </p>
   </div>
   <div class='ocr_carea' id='block_1_17' title="bbox 441 2094 3671 2177">
    <p class='ocr_par' dir='ltr' id='par_1_17' title="bbox 441 2094 3671 2177">
     <span class='ocr_line' id='line_1_17' title="bbox 441 2094 3671 2177; baseline -0 -21"><span class='ocrx_word' id='word_1_171' title='bbox 441 2112 480 2156; x_wconf 77' lang='grc' dir='ltr'>ο</span> <span class='ocrx_word' id='word_1_172' title='bbox 511 2095 839 2159; x_wconf 89' lang='lat' dir='ltr'>codicibus</span> <span class='ocrx_word' id='word_1_173' title='bbox 876 2094 1117 2177; x_wconf 88' lang='lat' dir='ltr'>prolata</span> <span class='ocrx_word' id='word_1_174' title='bbox 1141 2101 1308 2157; x_wconf 91' lang='lat' dir='ltr'>sunt.</span> <span class='ocrx_word' id='word_1_175' title='bbox 1338 2096 1487 2158; x_wconf 65' lang='lat' dir='ltr'>Haec</span> <span class='ocrx_word' id='word_1_176' title='bbox 1515 2095 1582 2157; x_wconf 92' lang='lat' dir='ltr'>in</span> <span class='ocrx_word' id='word_1_177' title='bbox 1612 2095 1936 2158; x_wconf 91' lang='lat' dir='ltr'>codicibus</span> <span class='ocrx_word' id='word_1_178' title='bbox 1965 2113 2095 2158; x_wconf 91' lang='lat' dir='ltr'>non</span> <span class='ocrx_word' id='word_1_179' title='bbox 2126 2099 2419 2160; x_wconf 87' lang='lat' dir='ltr'>omnibus</span> <span class='ocrx_word' id='word_1_180' title='bbox 2449 2097 2667 2161; x_wconf 89' lang='lat' dir='ltr'>eadem</span> <span class='ocrx_word' id='word_1_181' title='bbox 2689 2096 2985 2175; x_wconf 88' lang='lat' dir='ltr'>leguntur</span> <span class='ocrx_word' id='word_1_182' title='bbox 3007 2113 3020 2155; x_wconf 95' lang='lat'>:</span> <span class='ocrx_word' id='word_1_183' title='bbox 3044 2095 3163 2158; x_wconf 88' lang='lat' dir='ltr'>alia</span> <span class='ocrx_word' id='word_1_184' title='bbox 3190 2112 3307 2157; x_wconf 86' lang='lat' dir='ltr'>nos</span> <span class='ocrx_word' id='word_1_185' title='bbox 3336 2095 3671 2169; x_wconf 87' lang='lat' dir='ltr'>edidimus,</span> 
     </span>
    </p>
   </div>
   <div class='ocr_carea' id='block_1_18' title="bbox 443 2194 3679 2274">
    <p class='ocr_par' dir='ltr' id='par_1_18' title="bbox 443 2194 3679 2274">
     <span class='ocr_line' id='line_1_18' title="bbox 443 2194 3679 2274; baseline -0.001 -16"><span class='ocrx_word' id='word_1_186' title='bbox 443 2197 563 2258; x_wconf 86' lang='lat' dir='ltr'>alia</span> <span class='ocrx_word' id='word_1_187' title='bbox 598 2196 814 2259; x_wconf 87' lang='lat' dir='ltr'>Latine</span> <span class='ocrx_word' id='word_1_188' title='bbox 843 2213 1019 2258; x_wconf 91' lang='lat' dir='ltr'>versa</span> <span class='ocrx_word' id='word_1_189' title='bbox 1052 2196 1119 2257; x_wconf 92' lang='lat' dir='ltr'>in</span> <span class='ocrx_word' id='word_1_190' title='bbox 1146 2195 1349 2257; x_wconf 88' lang='lat' dir='ltr'>fronte</span> <span class='ocrx_word' id='word_1_191' title='bbox 1378 2195 1589 2274; x_wconf 81' lang='lat' dir='ltr'>Operis</span> <span class='ocrx_word' id='word_1_192' title='bbox 1617 2194 1788 2255; x_wconf 89' lang='lat' dir='ltr'>dedit</span> <span class='ocrx_word' id='word_1_193' title='bbox 1817 2194 2131 2257; x_wconf 87' lang='lat' dir='ltr'>Morellus.</span> <span class='ocrx_word' id='word_1_194' title='bbox 2165 2196 2253 2258; x_wconf 94' lang='lat' dir='ltr'>De</span> <span class='ocrx_word' id='word_1_195' title='bbox 2274 2196 2371 2258; x_wconf 91' lang='lat' dir='ltr'>his</span> <span class='ocrx_word' id='word_1_196' title='bbox 2402 2204 2598 2260; x_wconf 86' lang='lat' dir='ltr'>exstat</span> <span class='ocrx_word' id='word_1_197' title='bbox 2627 2198 2931 2261; x_wconf 86' lang='lat' dir='ltr'>Monitum</span> <span class='ocrx_word' id='word_1_198' title='bbox 2958 2198 3025 2257; x_wconf 93' lang='lat' dir='ltr'>in</span> <span class='ocrx_word' id='word_1_199' title='bbox 3062 2196 3279 2259; x_wconf 90' lang='lat' dir='ltr'>codice</span> <span class='ocrx_word' id='word_1_200' title='bbox 3305 2195 3552 2257; x_wconf 88' lang='lat' dir='ltr'>Coislin.</span> <span class='ocrx_word' id='word_1_201' title='bbox 3579 2195 3679 2269; x_wconf 85' lang='lat'>66,</span> 
     </span>
    </p>
   </div>
   <div class='ocr_carea' id='block_1_19' title="bbox 443 2289 2046 2377">
    <p class='ocr_par' dir='ltr' id='par_1_19' title="bbox 443 2289 2041 2377">
     <span class='ocr_line' id='line_1_19' title="bbox 443 2289 2041 2377; baseline -0.006 -19"><span class='ocrx_word' id='word_1_202' title='bbox 443 2297 615 2377; x_wconf 79' lang='lat' dir='ltr'>quod</span> <span class='ocrx_word' id='word_1_203' title='bbox 645 2295 747 2358; x_wconf 90' lang='lat' dir='ltr'>hic</span> <span class='ocrx_word' id='word_1_204' title='bbox 779 2295 1135 2359; x_wconf 90' lang='lat' dir='ltr'>exscribere</span> <span class='ocrx_word' id='word_1_205' title='bbox 1173 2295 1260 2356; x_wconf 85' lang='lat' dir='ltr'>nil</span> <span class='ocrx_word' id='word_1_206' title='bbox 1299 2300 1479 2356; x_wconf 85' lang='lat' dir='ltr'>vetat.</span> <span class='ocrx_word' id='word_1_207' title='bbox 1523 2294 1740 2367; x_wconf 77' lang='grc' dir='ltr'>Ἐπειδὴ</span> <span class='ocrx_word' id='word_1_208' title='bbox 1772 2293 1891 2358; x_wconf 73' lang='grc' dir='ltr'>ἔθος</span> <span class='ocrx_word' id='word_1_209' title='bbox 1920 2289 1987 2365; x_wconf 84' lang='grc' dir='ltr'>ἦν</span> <span class='ocrx_word' id='word_1_210' title='bbox 2011 2312 2041 2348; x_wconf 85' lang='grc' dir='ltr'>τ</span> 
     </span>
    </p>
   </div>
   <div class='ocr_carea' id='block_1_20' title="bbox 2076 2289 3679 2377">
    <p class='ocr_par' dir='ltr' id='par_1_20' title="bbox 2076 2291 3679 2368">
     <span class='ocr_line' id='line_1_20' title="bbox 2076 2291 3679 2368; baseline -0.001 -21"><span class='ocrx_word' id='word_1_211' title='bbox 2076 2296 2090 2347; x_wconf 63' lang='lat'><em>3</em></span> <span class='ocrx_word' id='word_1_212' title='bbox 2116 2296 2517 2367; x_wconf 84' lang='grc' dir='ltr'>μακαριωτάτῳ</span> <span class='ocrx_word' id='word_1_213' title='bbox 2540 2294 2755 2368; x_wconf 80' lang='grc' dir='ltr'>Ἰωάννῃ</span> <span class='ocrx_word' id='word_1_214' title='bbox 2779 2294 2855 2366; x_wconf 80' lang='grc' dir='ltr'>τῷ</span> <span class='ocrx_word' id='word_1_215' title='bbox 2887 2292 3253 2364; x_wconf 82' lang='grc' dir='ltr'>Χρυσοστόμῳ</span> <span class='ocrx_word' id='word_1_216' title='bbox 3280 2291 3415 2363; x_wconf 83' lang='grc' dir='ltr'>μετὰ</span> <span class='ocrx_word' id='word_1_217' title='bbox 3436 2292 3679 2363; x_wconf 81' lang='grc' dir='ltr'>τὸὲρμη-</span> 
     </span>
    </p>
   </div>
   <div class='ocr_carea' id='block_1_21' title="bbox 445 2394 3683 2471">
    <p class='ocr_par' dir='ltr' id='par_1_21' title="bbox 445 2394 3683 2471">
     <span class='ocr_line' id='line_1_21' title="bbox 445 2394 3683 2471; baseline -0.002 -17"><span class='ocrx_word' id='word_1_218' title='bbox 445 2401 633 2455; x_wconf 78' lang='grc' dir='ltr'>νεῦσαι</span> <span class='ocrx_word' id='word_1_219' title='bbox 665 2400 726 2453; x_wconf 85' lang='grc' dir='ltr'>τὸ</span> <span class='ocrx_word' id='word_1_220' title='bbox 756 2400 885 2471; x_wconf 90' lang='grc' dir='ltr'>παρ’</span> <span class='ocrx_word' id='word_1_221' title='bbox 915 2400 1080 2454; x_wconf 80' lang='grc' dir='ltr'>αὑτοῦ</span> <span class='ocrx_word' id='word_1_222' title='bbox 1110 2398 1370 2471; x_wconf 83' lang='grc' dir='ltr'>προτεθὲν</span> <span class='ocrx_word' id='word_1_223' title='bbox 1400 2397 1752 2466; x_wconf 83' lang='grc' dir='ltr'>εὐαγγελικὸν</span> <span class='ocrx_word' id='word_1_224' title='bbox 1781 2398 1942 2469; x_wconf 74' lang='grc' dir='ltr'>ῥητὸν</span> <span class='ocrx_word' id='word_1_225' title='bbox 1966 2398 2048 2463; x_wconf 74' lang='grc' dir='ltr'>εἰς</span> <span class='ocrx_word' id='word_1_226' title='bbox 2076 2398 2267 2469; x_wconf 75' lang='grc' dir='ltr'>ἠθικὸν</span> <span class='ocrx_word' id='word_1_227' title='bbox 2300 2398 2638 2454; x_wconf 82' lang='grc' dir='ltr'>καταπαύειν</span> <span class='ocrx_word' id='word_1_228' title='bbox 2671 2399 2762 2454; x_wconf 79' lang='grc' dir='ltr'>τὸν</span> <span class='ocrx_word' id='word_1_229' title='bbox 2785 2398 2964 2466; x_wconf 78' lang='grc' dir='ltr'>λόγον,</span> <span class='ocrx_word' id='word_1_230' title='bbox 2990 2397 3286 2465; x_wconf 79' lang='grc' dir='ltr'>ἀναγκαῖον</span> <span class='ocrx_word' id='word_1_231' title='bbox 3331 2394 3554 2465; x_wconf 75' lang='grc' dir='ltr'>ἐνόμισα</span> <span class='ocrx_word' id='word_1_232' title='bbox 3590 2394 3683 2447; x_wconf 78' lang='grc' dir='ltr'>καὶ</span> 
     </span>
    </p>
   </div>
   <div class='ocr_carea' id='block_1_22' title="bbox 439 2484 3683 2569">
    <p class='ocr_par' dir='ltr' id='par_1_22' title="bbox 439 2484 3683 2569">
     <span class='ocr_line' id='line_1_22' title="bbox 439 2484 3683 2569; baseline -0.002 -20"><span class='ocrx_word' id='word_1_233' title='bbox 439 2496 511 2549; x_wconf 72' lang='grc' dir='ltr'>τὰ</span> <span class='ocrx_word' id='word_1_234' title='bbox 542 2496 668 2566; x_wconf 84' lang='grc' dir='ltr'>παρ’</span> <span class='ocrx_word' id='word_1_235' title='bbox 694 2495 860 2550; x_wconf 78' lang='grc' dir='ltr'>αὐτοῦ</span> <span class='ocrx_word' id='word_1_236' title='bbox 891 2495 948 2548; x_wconf 88' lang='grc' dir='ltr'>ὲν</span> <span class='ocrx_word' id='word_1_237' title='bbox 977 2495 1055 2567; x_wconf 82' lang='grc' dir='ltr'>τῷ</span> <span class='ocrx_word' id='word_1_238' title='bbox 1103 2493 1277 2566; x_wconf 69' lang='grc' dir='ltr'>ἠθικῷ</span> <span class='ocrx_word' id='word_1_239' title='bbox 1314 2493 1454 2547; x_wconf 81' lang='grc' dir='ltr'>κατὰ</span> <span class='ocrx_word' id='word_1_240' title='bbox 1480 2484 1681 2555; x_wconf 79' lang='grc' dir='ltr'>πλάτος</span> <span class='ocrx_word' id='word_1_241' title='bbox 1710 2492 1979 2564; x_wconf 83' lang='grc' dir='ltr'>εἰρημένα</span> <span class='ocrx_word' id='word_1_242' title='bbox 2005 2493 2063 2547; x_wconf 81' lang='grc' dir='ltr'>ὲν</span> <span class='ocrx_word' id='word_1_243' title='bbox 2091 2494 2340 2564; x_wconf 82' lang='grc' dir='ltr'>συντόμῳ</span> <span class='ocrx_word' id='word_1_244' title='bbox 2366 2492 2651 2565; x_wconf 84' lang='grc' dir='ltr'>προτάξαι,</span> <span class='ocrx_word' id='word_1_245' title='bbox 2684 2493 2771 2547; x_wconf 80' lang='grc' dir='ltr'>τνα</span> <span class='ocrx_word' id='word_1_246' title='bbox 2808 2492 2907 2564; x_wconf 76' lang='grc' dir='ltr'>ἔχῃ</span> <span class='ocrx_word' id='word_1_247' title='bbox 2936 2494 2964 2546; x_wconf 84' lang='grc' dir='ltr'><strong>ὁ</strong></span> <span class='ocrx_word' id='word_1_248' title='bbox 2987 2491 3305 2569; x_wconf 71' lang='grc' dir='ltr'>βουλρμενος</span> <span class='ocrx_word' id='word_1_249' title='bbox 3338 2488 3436 2560; x_wconf 76' lang='grc' dir='ltr'>τὴν</span> <span class='ocrx_word' id='word_1_250' title='bbox 3456 2487 3683 2557; x_wconf 81' lang='grc' dir='ltr'>δύναμιν</span> 
     </span>
    </p>
   </div>
   <div class='ocr_carea' id='block_1_23' title="bbox 440 2578 2043 2668">
    <p class='ocr_par' dir='ltr' id='par_1_23' title="bbox 440 2586 2043 2665">
     <span class='ocr_line' id='line_1_23' title="bbox 440 2586 2043 2665; baseline -0.002 -21"><span class='ocrx_word' id='word_1_251' title='bbox 440 2592 534 2645; x_wconf 82' lang='grc' dir='ltr'>τοῦ</span> <span class='ocrx_word' id='word_1_252' title='bbox 561 2590 759 2655; x_wconf 80' lang='grc' dir='ltr'>παντὸς</span> <span class='ocrx_word' id='word_1_253' title='bbox 786 2588 977 2661; x_wconf 75' lang='grc' dir='ltr'>ἠθικοῦ</span> <span class='ocrx_word' id='word_1_254' title='bbox 1010 2589 1223 2653; x_wconf 82' lang='grc' dir='ltr'>ἀπόνως</span> <span class='ocrx_word' id='word_1_255' title='bbox 1249 2588 1341 2641; x_wconf 77' lang='grc' dir='ltr'>καὶ</span> <span class='ocrx_word' id='word_1_256' title='bbox 1373 2588 1430 2641; x_wconf 79' lang='grc' dir='ltr'>ὲν</span> <span class='ocrx_word' id='word_1_257' title='bbox 1459 2586 1705 2657; x_wconf 83' lang='grc' dir='ltr'>συντόμῳ</span> <span class='ocrx_word' id='word_1_258' title='bbox 1732 2586 2004 2658; x_wconf 77' lang='grc' dir='ltr'>εὑρίσκειν</span> <span class='ocrx_word' id='word_1_259' title='bbox 2034 2593 2043 2665; x_wconf 59' lang='grc' dir='ltr'><strong>ί</strong></span> 
     </span>
    </p>
   </div>
   <div class='ocr_carea' id='block_1_24' title="bbox 2133 2578 3736 2668">
    <p class='ocr_par' dir='ltr' id='par_1_24' title="bbox 2133 2578 3736 2668">
     <span class='ocr_line' id='line_1_24' title="bbox 2133 2578 3736 2668; baseline -0.004 -19"><span class='ocrx_word' id='word_1_260' title='bbox 2133 2632 2144 2649; x_wconf 95' lang='grc'><em>.</em></span> <span class='ocrx_word' id='word_1_261' title='bbox 2174 2587 2556 2668; x_wconf 87' lang='lat' dir='ltr'>Plerumque</span> <span class='ocrx_word' id='word_1_262' title='bbox 2578 2605 2723 2650; x_wconf 92' lang='lat' dir='ltr'>vero</span> <span class='ocrx_word' id='word_1_263' title='bbox 2755 2605 2884 2650; x_wconf 89' lang='lat' dir='ltr'>non</span> <span class='ocrx_word' id='word_1_264' title='bbox 2912 2587 2977 2648; x_wconf 89' lang='lat' dir='ltr'>in</span> <span class='ocrx_word' id='word_1_265' title='bbox 3002 2578 3209 2649; x_wconf 76' lang='lat' dir='ltr'>fronte</span> <span class='ocrx_word' id='word_1_266' title='bbox 3240 2584 3472 2665; x_wconf 88' lang='lat' dir='ltr'>Operis,</span> <span class='ocrx_word' id='word_1_267' title='bbox 3512 2583 3680 2645; x_wconf 91' lang='lat' dir='ltr'>indi-</span> <span class='ocrx_word' id='word_1_268' title='bbox 3728 2598 3736 2629; x_wconf 74' lang='grc' dir='ltr'>ι</span> 
     </span>
    </p>
   </div>
   <div class='ocr_carea' id='block_1_25' title="bbox 443 2687 3579 2772">
    <p class='ocr_par' dir='ltr' id='par_1_25' title="bbox 443 2687 3579 2772">
     <span class='ocr_line' id='line_1_25' title="bbox 443 2687 3579 2772; baseline -0.004 -16"><span class='ocrx_word' id='word_1_269' title='bbox 443 2695 533 2757; x_wconf 74' lang='lat' dir='ltr'>eis</span> <span class='ocrx_word' id='word_1_270' title='bbox 578 2692 790 2766; x_wconf 90' lang='lat' dir='ltr'>modo,</span> <span class='ocrx_word' id='word_1_271' title='bbox 827 2691 938 2754; x_wconf 90' lang='lat' dir='ltr'>sed</span> <span class='ocrx_word' id='word_1_272' title='bbox 962 2690 1090 2752; x_wconf 89' lang='lat' dir='ltr'>suis</span> <span class='ocrx_word' id='word_1_273' title='bbox 1117 2704 1385 2772; x_wconf 66' lang='lat' dir='ltr'>qumque</span> <span class='ocrx_word' id='word_1_274' title='bbox 1408 2687 1563 2750; x_wconf 91' lang='lat' dir='ltr'>locis</span> <span class='ocrx_word' id='word_1_275' title='bbox 1591 2688 1656 2749; x_wconf 91' lang='lat' dir='ltr'>in</span> <span class='ocrx_word' id='word_1_276' title='bbox 1678 2687 1959 2765; x_wconf 88' lang='lat' dir='ltr'>margine</span> <span class='ocrx_word' id='word_1_277' title='bbox 1984 2687 2149 2763; x_wconf 90' lang='lat' dir='ltr'>libri,</span> <span class='ocrx_word' id='word_1_278' title='bbox 2182 2688 2354 2767; x_wconf 90' lang='lat' dir='ltr'>quod</span> <span class='ocrx_word' id='word_1_279' title='bbox 2390 2705 2508 2750; x_wconf 91' lang='lat' dir='ltr'>nos</span> <span class='ocrx_word' id='word_1_280' title='bbox 2541 2687 2828 2763; x_wconf 87' lang='lat' dir='ltr'>fecimus,</span> <span class='ocrx_word' id='word_1_281' title='bbox 2861 2692 3227 2764; x_wconf 87' lang='lat' dir='ltr'>argumenta</span> <span class='ocrx_word' id='word_1_282' title='bbox 3260 2690 3579 2746; x_wconf 86' lang='lat' dir='ltr'>notantur.</span> 
     </span>
    </p>
   </div>
   <div class='ocr_carea' id='block_1_26' title="bbox 520 2801 3682 2896">
    <p class='ocr_par' dir='ltr' id='par_1_26' title="bbox 520 2801 3682 2896">
     <span class='ocr_line' id='line_1_26' title="bbox 520 2801 3682 2896; baseline -0.005 -18"><span class='ocrx_word' id='word_1_283' title='bbox 520 2818 589 2878; x_wconf 91' lang='lat' dir='ltr'>In</span> <span class='ocrx_word' id='word_1_284' title='bbox 628 2817 1155 2890; x_wconf 90' lang='lat' dir='ltr'>adnotationibus,</span> <span class='ocrx_word' id='word_1_285' title='bbox 1185 2819 1415 2896; x_wconf 62' lang='lat' dir='ltr'>praeter</span> <span class='ocrx_word' id='word_1_286' title='bbox 1442 2831 1516 2877; x_wconf 92' lang='lat' dir='ltr'>ea</span> <span class='ocrx_word' id='word_1_287' title='bbox 1545 2830 1685 2894; x_wconf 69' lang='lat' dir='ltr'>qum</span> <span class='ocrx_word' id='word_1_288' title='bbox 1712 2813 1807 2875; x_wconf 87' lang='lat' dir='ltr'>vel</span> <span class='ocrx_word' id='word_1_289' title='bbox 1845 2812 1921 2874; x_wconf 91' lang='lat' dir='ltr'>ad</span> <span class='ocrx_word' id='word_1_290' title='bbox 1952 2812 2210 2874; x_wconf 90' lang='lat' dir='ltr'>criticen</span> <span class='ocrx_word' id='word_1_291' title='bbox 2232 2812 2326 2874; x_wconf 90' lang='lat' dir='ltr'>vel</span> <span class='ocrx_word' id='word_1_292' title='bbox 2371 2812 2447 2874; x_wconf 92' lang='lat' dir='ltr'>ad</span> <span class='ocrx_word' id='word_1_293' title='bbox 2494 2810 3080 2892; x_wconf 89' lang='lat' dir='ltr'>interpretationem</span> <span class='ocrx_word' id='word_1_294' title='bbox 3126 2805 3472 2870; x_wconf 85' lang='lat' dir='ltr'>necessaria</span> <span class='ocrx_word' id='word_1_295' title='bbox 3513 2801 3682 2863; x_wconf 91' lang='lat' dir='ltr'>vide-</span> 
     </span>
    </p>
   </div>
   <div class='ocr_carea' id='block_1_27' title="bbox 441 2908 3684 2999">
    <p class='ocr_par' dir='ltr' id='par_1_27' title="bbox 441 2908 3684 2999">
     <span class='ocr_line' id='line_1_27' title="bbox 441 2908 3684 2999; baseline -0.006 -19"><span class='ocrx_word' id='word_1_296' title='bbox 441 2918 689 2993; x_wconf 87' lang='lat' dir='ltr'>bantur,</span> <span class='ocrx_word' id='word_1_297' title='bbox 725 2918 1023 2999; x_wconf 89' lang='lat' dir='ltr'>pauculas</span> <span class='ocrx_word' id='word_1_298' title='bbox 1047 2918 1437 2997; x_wconf 91' lang='lat' dir='ltr'>conjecturas</span> <span class='ocrx_word' id='word_1_299' title='bbox 1466 2921 1708 2977; x_wconf 90' lang='lat' dir='ltr'>nostras</span> <span class='ocrx_word' id='word_1_300' title='bbox 1741 2913 1820 2977; x_wconf 88' lang='lat' dir='ltr'>ad</span> <span class='ocrx_word' id='word_1_301' title='bbox 1853 2913 1974 2975; x_wconf 90' lang='lat' dir='ltr'>alia</span> <span class='ocrx_word' id='word_1_302' title='bbox 2011 2913 2447 2992; x_wconf 86' lang='lat' dir='ltr'>gratiosissimi</span> <span class='ocrx_word' id='word_1_303' title='bbox 2492 2912 2779 2976; x_wconf 89' lang='lat' dir='ltr'>Auctoris</span> <span class='ocrx_word' id='word_1_304' title='bbox 2811 2912 3041 2991; x_wconf 87' lang='lat' dir='ltr'>scripta</span> <span class='ocrx_word' id='word_1_305' title='bbox 3087 2908 3499 2989; x_wconf 86' lang='lat' dir='ltr'>pertinentes,</span> <span class='ocrx_word' id='word_1_306' title='bbox 3538 2918 3684 2965; x_wconf 90' lang='lat' dir='ltr'>cum</span> 
     </span>
    </p>
   </div>
   <div class='ocr_carea' id='block_1_28' title="bbox 441 3017 1341 3083">
    <p class='ocr_par' dir='ltr' id='par_1_28' title="bbox 441 3017 1341 3083">
     <span class='ocr_line' id='line_1_28' title="bbox 441 3017 1341 3083; baseline -0.003 0"><span class='ocrx_word' id='word_1_307' title='bbox 441 3023 700 3083; x_wconf 88' lang='lat' dir='ltr'>Lectore</span> <span class='ocrx_word' id='word_1_308' title='bbox 722 3017 1341 3083; x_wconf 90' lang='lat' dir='ltr'>communicavimus.</span> 
     </span>
    </p>
   </div>
   <div class='ocr_carea' id='block_1_29' title="bbox 523 3133 3687 3221">
    <p class='ocr_par' dir='ltr' id='par_1_29' title="bbox 523 3133 3687 3221">
     <span class='ocr_line' id='line_1_29' title="bbox 523 3133 3687 3221; baseline -0.004 -12"><span class='ocrx_word' id='word_1_309' title='bbox 523 3149 848 3211; x_wconf 88' lang='lat' dir='ltr'>Postremo</span> <span class='ocrx_word' id='word_1_310' title='bbox 899 3146 977 3209; x_wconf 91' lang='lat' dir='ltr'>ad</span> <span class='ocrx_word' id='word_1_311' title='bbox 1010 3144 1256 3209; x_wconf 90' lang='lat' dir='ltr'>Indices</span> <span class='ocrx_word' id='word_1_312' title='bbox 1311 3147 1646 3207; x_wconf 89' lang='lat' dir='ltr'>consuetos</span> <span class='ocrx_word' id='word_1_313' title='bbox 1694 3139 1953 3205; x_wconf 89' lang='lat' dir='ltr'>accessit</span> <span class='ocrx_word' id='word_1_314' title='bbox 1988 3141 2146 3204; x_wconf 90' lang='lat' dir='ltr'>alius</span> <span class='ocrx_word' id='word_1_315' title='bbox 2181 3142 2464 3215; x_wconf 82' lang='lat' dir='ltr'>Graecus;</span> <span class='ocrx_word' id='word_1_316' title='bbox 2504 3140 2569 3202; x_wconf 88' lang='lat' dir='ltr'>in</span> <span class='ocrx_word' id='word_1_317' title='bbox 2599 3157 2725 3221; x_wconf 91' lang='lat' dir='ltr'>quo</span> <span class='ocrx_word' id='word_1_318' title='bbox 2762 3138 3155 3203; x_wconf 85' lang='lat' dir='ltr'>conﬁciendo</span> <span class='ocrx_word' id='word_1_319' title='bbox 3194 3136 3258 3198; x_wconf 90' lang='lat' dir='ltr'>id</span> <span class='ocrx_word' id='word_1_320' title='bbox 3288 3133 3687 3215; x_wconf 90' lang='lat' dir='ltr'>potissimum</span> 
     </span>
    </p>
   </div>
   <div class='ocr_carea' id='block_1_30' title="bbox 443 3232 3688 3328">
    <p class='ocr_par' dir='ltr' id='par_1_30' title="bbox 443 3232 3688 3328">
     <span class='ocr_line' id='line_1_30' title="bbox 443 3232 3688 3328; baseline -0.005 -18"><span class='ocrx_word' id='word_1_321' title='bbox 443 3247 599 3310; x_wconf 89' lang='lat' dir='ltr'>mihi</span> <span class='ocrx_word' id='word_1_322' title='bbox 634 3246 1026 3328; x_wconf 89' lang='lat' dir='ltr'>propositum</span> <span class='ocrx_word' id='word_1_323' title='bbox 1062 3251 1176 3320; x_wconf 91' lang='lat' dir='ltr'>est,</span> <span class='ocrx_word' id='word_1_324' title='bbox 1205 3250 1277 3306; x_wconf 91' lang='lat' dir='ltr'>ut</span> <span class='ocrx_word' id='word_1_325' title='bbox 1310 3260 1527 3306; x_wconf 93' lang='lat' dir='ltr'>eorum</span> <span class='ocrx_word' id='word_1_326' title='bbox 1573 3241 1922 3305; x_wconf 92' lang='lat' dir='ltr'>commodis</span> <span class='ocrx_word' id='word_1_327' title='bbox 1953 3242 2311 3316; x_wconf 88' lang='lat' dir='ltr'>inserviam,</span> <span class='ocrx_word' id='word_1_328' title='bbox 2353 3241 2462 3320; x_wconf 90' lang='lat' dir='ltr'>qui</span> <span class='ocrx_word' id='word_1_329' title='bbox 2490 3241 2752 3321; x_wconf 89' lang='lat' dir='ltr'>posthac</span> <span class='ocrx_word' id='word_1_330' title='bbox 2789 3240 2909 3302; x_wconf 90' lang='lat' dir='ltr'>alia</span> <span class='ocrx_word' id='word_1_331' title='bbox 2955 3238 3221 3300; x_wconf 86' lang='lat' dir='ltr'>fortasse</span> <span class='ocrx_word' id='word_1_332' title='bbox 3262 3232 3688 3315; x_wconf 80' lang='lat' dir='ltr'>Chrysostomi</span> 
     </span>
    </p>
   </div>
   <div class='ocr_carea' id='block_1_31' title="bbox 447 3339 3689 3431">
    <p class='ocr_par' dir='ltr' id='par_1_31' title="bbox 447 3339 3689 3431">
     <span class='ocr_line' id='line_1_31' title="bbox 447 3339 3689 3431; baseline -0.006 -18"><span class='ocrx_word' id='word_1_333' title='bbox 447 3366 642 3431; x_wconf 84' lang='lat' dir='ltr'>opera</span> <span class='ocrx_word' id='word_1_334' title='bbox 678 3349 1001 3429; x_wconf 89' lang='lat' dir='ltr'>purganda</span> <span class='ocrx_word' id='word_1_335' title='bbox 1036 3348 1416 3427; x_wconf 89' lang='lat' dir='ltr'>suscipient;</span> <span class='ocrx_word' id='word_1_336' title='bbox 1466 3345 1638 3427; x_wconf 92' lang='lat' dir='ltr'>quod</span> <span class='ocrx_word' id='word_1_337' title='bbox 1676 3345 1997 3424; x_wconf 87' lang='lat' dir='ltr'>negotium</span> <span class='ocrx_word' id='word_1_338' title='bbox 2041 3351 2169 3407; x_wconf 85' lang='lat' dir='ltr'>tam</span> <span class='ocrx_word' id='word_1_339' title='bbox 2218 3343 2605 3425; x_wconf 87' lang='lat' dir='ltr'>expeditum,</span> <span class='ocrx_word' id='word_1_340' title='bbox 2643 3362 2832 3424; x_wconf 91' lang='lat' dir='ltr'>quam</span> <span class='ocrx_word' id='word_1_341' title='bbox 2867 3342 3291 3407; x_wconf 87' lang='lat' dir='ltr'>necessarium</span> <span class='ocrx_word' id='word_1_342' title='bbox 3334 3355 3494 3413; x_wconf 89' lang='lat' dir='ltr'>esse,</span> <span class='ocrx_word' id='word_1_343' title='bbox 3543 3339 3689 3418; x_wconf 89' lang='lat' dir='ltr'>post</span> 
     </span>
    </p>
   </div>
   <div class='ocr_carea' id='block_1_32' title="bbox 446 3444 1797 3526">
    <p class='ocr_par' dir='ltr' id='par_1_32' title="bbox 446 3444 1797 3526">
     <span class='ocr_line' id='line_1_32' title="bbox 446 3444 1797 3526; baseline -0.007 -12"><span class='ocrx_word' id='word_1_344' title='bbox 446 3469 661 3515; x_wconf 92' lang='lat' dir='ltr'>meum</span> <span class='ocrx_word' id='word_1_345' title='bbox 686 3450 966 3512; x_wconf 89' lang='lat' dir='ltr'>laborem</span> <span class='ocrx_word' id='word_1_346' title='bbox 1002 3464 1212 3522; x_wconf 91' lang='lat' dir='ltr'>nemo,</span> <span class='ocrx_word' id='word_1_347' title='bbox 1245 3446 1493 3526; x_wconf 85' lang='lat' dir='ltr'>Opinor,</span> <span class='ocrx_word' id='word_1_348' title='bbox 1524 3444 1797 3523; x_wconf 87' lang='lat' dir='ltr'>negabit.</span> 
     </span>
    </p>
   </div>
   <div class='ocr_carea' id='block_1_33' title="bbox 529 3562 2440 3645">
    <p class='ocr_par' dir='ltr' id='par_1_33' title="bbox 529 3562 2440 3645">
     <span class='ocr_line' id='line_1_33' title="bbox 529 3562 2440 3645; baseline -0.007 -8"><span class='ocrx_word' id='word_1_349' title='bbox 529 3572 891 3636; x_wconf 87' lang='lat' dir='ltr'>Scribebam</span> <span class='ocrx_word' id='word_1_350' title='bbox 919 3566 1343 3645; x_wconf 64' lang='lat' dir='ltr'>Cantabrigim,</span> <span class='ocrx_word' id='word_1_351' title='bbox 1390 3564 1490 3627; x_wconf 91' lang='lat' dir='ltr'>die</span> <span class='ocrx_word' id='word_1_352' title='bbox 1518 3564 1655 3625; x_wconf 83' lang='lat' dir='ltr'>XIX</span> <span class='ocrx_word' id='word_1_353' title='bbox 1678 3562 1905 3643; x_wconf 86' lang='lat' dir='ltr'>Aprilis</span> <span class='ocrx_word' id='word_1_354' title='bbox 1932 3564 2440 3626; x_wconf 82' lang='lat' dir='ltr'>MDCCCXXXIX.</span> 
     </span>
    </p>
   </div>
   <div class='ocr_carea' id='block_1_34' title="bbox 525 3789 3687 3865">
    <p class='ocr_par' dir='ltr' id='par_1_34' title="bbox 525 3789 3687 3865">
     <span class='ocr_line' id='line_1_34' title="bbox 525 3789 3687 3865; baseline -0.002 -20"><span class='ocrx_word' id='word_1_355' title='bbox 525 3789 602 3865; x_wconf 85' lang='lat' dir='ltr'>(a)</span> <span class='ocrx_word' id='word_1_356' title='bbox 654 3791 780 3865; x_wconf 70' lang='lat' dir='ltr'>llaec</span> <span class='ocrx_word' id='word_1_357' title='bbox 831 3792 967 3865; x_wconf 75' lang='lat' dir='ltr'>ipse</span> <span class='ocrx_word' id='word_1_358' title='bbox 998 3809 1063 3848; x_wconf 84' lang='lat' dir='ltr'>ex</span> <span class='ocrx_word' id='word_1_359' title='bbox 1084 3793 1311 3865; x_wconf 66' lang='lat' dir='ltr'>codice</span> <span class='ocrx_word' id='word_1_360' title='bbox 1336 3792 1629 3865; x_wconf 69' lang='lat' dir='ltr'>exscripsi.</span> <span class='ocrx_word' id='word_1_361' title='bbox 1662 3792 1821 3865; x_wconf 90' lang='lat' dir='ltr'>Nunc</span> <span class='ocrx_word' id='word_1_362' title='bbox 1855 3794 2013 3849; x_wconf 82' lang='lat' dir='ltr'>video</span> <span class='ocrx_word' id='word_1_363' title='bbox 2119 3794 2219 3850; x_wconf 87' lang='lat' dir='ltr'>alia</span> <span class='ocrx_word' id='word_1_364' title='bbox 2244 3794 2405 3847; x_wconf 78' lang='grc' dir='ltr'>αὐτὸν</span> <span class='ocrx_word' id='word_1_365' title='bbox 2431 3791 2754 3865; x_wconf 69' lang='grc' dir='ltr'>προτέροθεν</span> <span class='ocrx_word' id='word_1_366' title='bbox 2774 3790 2947 3865; x_wconf 78' lang='lat' dir='ltr'>dedit.</span> <span class='ocrx_word' id='word_1_367' title='bbox 2973 3790 3079 3847; x_wconf 86' lang='lat' dir='ltr'>Sed</span> <span class='ocrx_word' id='word_1_368' title='bbox 3110 3791 3481 3864; x_wconf 79' lang='lat' dir='ltr'>apographum</span> <span class='ocrx_word' id='word_1_369' title='bbox 3506 3799 3687 3841; x_wconf 89' lang='lat' dir='ltr'>meum</span> 
     </span>
    </p>
   </div>
   <div class='ocr_carea' id='block_1_35' title="bbox 452 3861 2870 3934">
    <p class='ocr_par' dir='ltr' id='par_1_35' title="bbox 452 3861 2870 3934">
     <span class='ocr_line' id='line_1_35' title="bbox 452 3861 2870 3934; baseline 0 -17"><span class='ocrx_word' id='word_1_370' title='bbox 452 3863 641 3917; x_wconf 75' lang='lat' dir='ltr'>eadem</span> <span class='ocrx_word' id='word_1_371' title='bbox 668 3861 1134 3934; x_wconf 8' lang='lat' dir='ltr'>aqMontet‘alconio</span> <span class='ocrx_word' id='word_1_372' title='bbox 1154 3862 1362 3934; x_wconf 2' lang='lat' dir='ltr'>ianibl‘.</span> <span class='ocrx_word' id='word_1_373' title='bbox 1388 3861 1603 3934; x_wconf 76' lang='lat' dir='ltr'>Coislin.</span> <span class='ocrx_word' id='word_1_374' title='bbox 1637 3880 1701 3934; x_wconf 60' lang='lat' dir='ltr'>p1</span> <span class='ocrx_word' id='word_1_375' title='bbox 1735 3864 1836 3918; x_wconf 80' lang='grc'>150</span> <span class='ocrx_word' id='word_1_376' title='bbox 1865 3865 2011 3934; x_wconf 82' lang='lat' dir='ltr'>edita</span> <span class='ocrx_word' id='word_1_377' title='bbox 2120 3865 2302 3921; x_wconf 85' lang='lat' dir='ltr'>verius</span> <span class='ocrx_word' id='word_1_378' title='bbox 2330 3861 2483 3933; x_wconf 68' lang='lat' dir='ltr'>esse,</span> <span class='ocrx_word' id='word_1_379' title='bbox 2504 3861 2679 3934; x_wconf 83' lang='lat' dir='ltr'>quivis</span> <span class='ocrx_word' id='word_1_380' title='bbox 2703 3862 2870 3918; x_wconf 87' lang='lat' dir='ltr'>videt.</span> 
     </span>
    </p>
   </div>
   <div class='ocr_carea' id='block_1_36' title="bbox 454 3931 2008 4005">
    <p class='ocr_par' dir='ltr' id='par_1_36' title="bbox 454 3931 2008 4005">
     <span class='ocr_line' id='line_1_36' title="bbox 454 3931 2008 4005; baseline 0 -18"><span class='ocrx_word' id='word_1_381' title='bbox 454 3942 598 3999; x_wconf 80' lang='lat' dir='ltr'>esse,</span> <span class='ocrx_word' id='word_1_382' title='bbox 627 3932 716 4003; x_wconf 87' lang='lat' dir='ltr'>qui</span> <span class='ocrx_word' id='word_1_383' title='bbox 744 3941 923 3989; x_wconf 82' lang='lat' dir='ltr'>tamen</span> <span class='ocrx_word' id='word_1_384' title='bbox 957 3948 1056 4005; x_wconf 85' lang='lat' dir='ltr'>pro</span> <span class='ocrx_word' id='word_1_385' title='bbox 1076 3933 1253 3990; x_wconf 83' lang='lat' dir='ltr'>verbis</span> <span class='ocrx_word' id='word_1_386' title='bbox 1302 3931 1362 3985; x_wconf 83' lang='grc' dir='ltr'>τὸ</span> <span class='ocrx_word' id='word_1_387' title='bbox 1387 3934 1513 4002; x_wconf 80' lang='grc' dir='ltr'>παρ’</span> <span class='ocrx_word' id='word_1_388' title='bbox 1542 3931 1704 3986; x_wconf 78' lang='grc' dir='ltr'>αὐτοῦ</span> <span class='ocrx_word' id='word_1_389' title='bbox 1730 3933 2008 4005; x_wconf 80' lang='grc' dir='ltr'>προτεθὲν,</span> 
     </span>
    </p>
   </div>
  </div>
