4060 6156
326 704 349 743 ᾗ

366 232 432 284 13

1097 234 1153 292 S.
1179 234 1458 292 JOANNIS
1489 232 1966 291 CHRYSOSTOMI
1996 233 2310 289 ARCllIEP.
2342 226 2884 288 CONSTANTINOP.
3584 224 3649 279 η

364 322 479 401 qui
516 321 599 401 ob
628 318 915 401 divisam,
946 319 1010 379 in
1039 319 1199 401 duas
1234 320 1545 382 decimam
1582 336 1846 401 nonam,
1881 322 2235 401 nonaginta
2260 325 2323 383 et
2354 338 2552 384 unam
2582 320 2880 383 homilias
2908 317 3238 383 numerari
3271 318 3546 394 videbat,
3582 324 3642 383 in

365 398 656 462 eamdem
677 400 1030 478 Epistolam
1059 399 1196 460 XCI
1223 418 1564 461 numerum
1588 400 1920 460 inductum
1950 398 2170 462 fuisse.

367 541 396 614 ς
445 540 553 601 Vl.
585 574 660 584 —
685 542 776 602 De
805 541 1323 621 interpretatione
1349 541 1609 621 Georgii
1642 543 2087 621 Trapezuntii,
2151 549 2208 621 et
2237 540 2309 603 de
2338 560 2503 605 nova
2558 540 2986 606 Homilian
3024 540 3300 604 omnium
3348 539 3417 602 in
3456 536 3623 603 Mat-

1562 620 1785 683 thwum
1824 640 1864 681 a
1891 620 2074 684 nobis
2112 620 2446 682 adornata.

444 761 517 822 In
541 761 741 823 Editis
763 762 1007 824 Latinis
1034 781 1303 844 operum
1333 763 1800 844 Chrysostomi,
1852 763 2133 843 itemque
2174 764 2240 825 in
2272 763 2715 844 Grecolatinis
2746 763 3252 844 Commeliniano
3304 765 3369 844 et
3386 761 3635 844 Morel-

364 838 569 913 liano,
603 849 750 919 post
778 847 923 903 octo
970 838 1217 920 priores
1242 838 1567 917 homilias,
1599 838 2227 923 quarumrinte'rpres
2253 844 2522 906 Latinus
2554 843 2862 923 ,Anianus
2896 847 3030 923 est,
3062 844 3156 904 uti
3173 843 3308 923 jam
3336 842 3638 915 diximus,

365 925 611 1001 ratione
636 939 861 982 omnes
890 940 1035 1001 cum
1078 920 1910 1001 interpretationeiGeorgii
1940 920 2357 1000 Trapezuntii
2407 922 2748 1001 prodiere;
2802 920 2919 986 sed
2974 923 3043 984 in
3072 920 3454 984 Morelliana
3508 927 3638 983 tam

365 998 600 1061 Aniani
631 1018 828 1073 quam
874 999 1133 1079 Georgii
1157 998 1575 1081 Trapezuntii
1603 998 1936 1067 versiones
1964 998 2355 1079 retractata,
2384 998 2449 1065 et
2473 1002 2542 1065 in
2569 1002 2789 1065 multis
2842 1006 3106 1065 mutatae
3143 1005 3539 1081 comparent,
3568 1004 3638 1065 ut

410 1409 3631 1459 Μ

1183 1710 1665 1803 SANCTI
1771 1713 2256 1806 PATRIS
2356 1713 2857 1812 NOSTRI

542 2024 1580 2206 JOANNIS
1757 2025 3507 2212 CHRYSOSTOMI

1314 2405 1832 2467 ARCHIEPISCOPI
1884 2405 2727 2478 CONSTANTINOPOLITANI,

1498 2677 1957 2795 OPERA
2033 2674 2530 2791 OMNIA.
2640 2744 2665 2759 ο

1894 2969 2163 2987 ...ι-

671 3186 1352 3254 COMMENTARIUS
1393 3185 1495 3251 IN
1533 3184 1945 3250 SANCTUM
1980 3186 2019 3249 ﬂ

2073 3184 2508 3250 1ΤΤΗΔΕΠΜ
2546 3181 3221 3249 ΕγΑΝθΕιιςΤΑΜ
3257 3181 3366 3266 (α).

1889 3446 2161 3466 ..ψ

1861 3682 2143 3743 HOMILIA
2168 3683 2215 3739 ἰ.

464 3950 514 4005 1.
545 3949 680 4004 Libri
708 3943 992 4019 Scriptura
1010 3964 1101 4003 cur
1143 3947 1267 4003 dati.
1293 3946 1402 4004 Lex
1426 3947 1629 4019 quando
1650 3955 1698 4003 et
1724 3946 1974 4019 quomodo

388 4044 527 4097 data.
560 4042 759 4098 Novum
785 4041 1158 4098 Testamentum
1185 4044 1389 4114 quando
1428 4050 1474 4097 et
1500 4042 1751 4113 quomodo
1776 4041 1969 4095 datum.

385 4137 577 4191 —Par
604 4146 747 4192 esset
771 4135 984 4206 quidem
1022 4151 1120 4192 nos
1160 4134 1302 4189 nulla
1337 4149 1496 4206 egere
1540 4133 1814 4188 literarum
1845 4146 1969 4202 Ope,

385 4228 480 4283 sed
524 4228 594 4281 ita
636 4242 822 4297 puram
866 4227 1118 4282 exhibere
1153 4227 1339 4291 vitam,
1370 4233 1429 4279 ut
1455 4224 1682 4295 Spiritus
1708 4224 1872 4295 gratia
1902 4222 1971 4277 li-

384 4320 605 4375 brorum
639 4321 807 4375 instar
831 4320 984 4376 nobis
1025 4330 1170 4375 esset
1203 4336 1217 4374 :
1246 4334 1310 4374 ac
1336 4318 1474 4374 sicut
1502 4318 1620 4373 libri
1650 4326 1967 4383 atramento,

384 4415 464 4469 sic
500 4412 660 4469 corda
700 4422 878 4468 nostra
919 4412 1118 4482 Spiritu
1162 4412 1280 4483 ipso
1309 4421 1491 4468 essent
1531 4412 1804 4480 inscripta.
1837 4409 1970 4478 Quia

381 4520 513 4561 vero
540 4504 847 4575 huiusmodi
889 4505 1116 4576 gratiam
1156 4504 1475 4575 depulimus,
1513 4519 1630 4576 age,
1676 4504 1969 4560 secundum

380 4598 731 4668 navigationis
751 4610 967 4652 cursum
992 4595 1363 4665 suscipiamus.
1386 4595 1544 4652 Certe
1563 4596 1795 4666 primum
1822 4594 1969 4650 illum

379 4705 595 4745 cursum
628 4688 1051 4759 praestantiorem
1096 4685 1282 4753 fuisse,
1313 4695 1370 4743 et
1411 4686 1591 4744 verbis
1626 4695 1680 4741 et
1719 4685 1969 4756 operibus

381 4781 514 4851 ipsis
538 4780 773 4835 ostendit
799 4780 959 4837 Deus.
991 4779 1264 4851 Siquidem
1293 4778 1405 4835 Noe
1434 4787 1489 4833 et
1529 4777 1832 4833 Abrahamo
1869 4792 1967 4831 ne-

381 4874 701 4946 potibusque
728 4874 864 4943 ejus,
899 4889 1107 4930 necnon
1136 4872 1274 4930 Jobo
1303 4872 1509 4942 ipsique
1530 4870 1718 4941 Moysi,
1748 4885 1853 4923 non
1876 4884 1968 4939 per

379 4967 563 5022 literas
589 4964 919 5035 loquebatur,
954 4967 1047 5021 sed
1088 4980 1181 5036 per
1218 4979 1277 5020 se
1319 4965 1452 5034 ipse,
1497 4962 1638 5033 quod
1684 4976 1873 5030 purum
1912 4962 1966 5015 in

376 5056 509 5128 ipsis
547 5056 783 5111 animum
820 5056 1102 5124 reperiret.
1144 5054 1430 5123 Postquam
1468 5062 1647 5109 autem
1686 5051 1968 5107 universus

377 5147 725 5203 llebrreorum
764 5146 987 5216 populus
1016 5146 1067 5199 in
1094 5143 1413 5214 profundum
1439 5145 1690 5214 nequitiae
1716 5143 1967 5215 delapsus

318 5262 321 5266 ·
376 5249 477 5307 est,
511 5252 730 5295 necesse
758 5237 969 5292 demum
998 5236 1093 5291 fuit
1119 5245 1176 5290 ut
1204 5236 1370 5290 literis
1395 5243 1449 5289 et
1476 5233 1669 5289 tabulis
1694 5233 1757 5289 ad
1779 5249 1963 5290 eorum

375 5331 849 5390 commonitionem
870 5337 1139 5395 uteretur;
1165 5327 1322 5397 idque
1342 5343 1447 5383 non
1465 5326 1517 5382 in
1543 5324 1750 5381 Veteris
1767 5326 1960 5393 solum,

462 5490 513 5552 (ι)
540 5488 839 5552 Contulimus
859 5486 1073 5552 Codices
1093 5492 1211 5552 Reg.
1239 5483 1378 5552 193},
1408 5482 1549 5552 19,50,
1584 5483 1723 5544 19H,
1746 5482 1962 5552 Colbert.

375 5545 625 5619 566,306,
653 5550 991 5619 Fuislinianum
1010 5548 1091 5619 _66.
1122 5547 1283 5619 Alium
1324 5545 1619 5619 iteqiDom:
1648 5547 1885 5612 t’oucault,
1914 5555 1965 5600 et

372 5609 706 5672 ‘l‘urouenscm
728 5617 792 5674 D.
813 5620 877 5673 du
902 5614 1084 5671 t-oirier
1108 5610 1285 5669 medici
1308 5609 1637 5669 eruditissnmL

2080 3946 2176 4003 sed
2206 3947 2260 4002 in
2290 3944 2419 4002 Novi
2447 3947 2606 4003 etiam
2632 3948 2961 4008 Testamenti
2986 3954 3186 4010 sanctis
3213 3954 3404 4011 iactum
3437 3971 3657 4028 compc-

2078 4037 2265 4092 rimus.
2283 4036 2465 4108 Neque
2481 4039 2622 4095 enim
2650 4042 2903 4110 apostolis
2924 4043 3124 4113 scripto
3150 4045 3420 4116 quidpiam
3445 4048 3661 4105 tradidit

2080 4128 2242 4197 Deus,
2270 4128 2365 4184 sed
2394 4144 2493 4200 pro
2521 4131 2689 4187 literis
2717 4131 2945 4203 Spiritus
2972 4135 3193 4204 gratiam
3220 4151 3279 4191 se
3317 4135 3562 4192 daturum
3594 4139 3659 4194 il-

2077 4217 2143 4275 lis
2171 4220 2434 4289 pollicitus
2459 4230 2542 4278 est
2582 4240 2595 4277 :
2628 4238 2749 4279 nam
2781 4222 2897 4289 Ille,
2938 4226 3033 4294 ait,
3062 4236 3289 4297 suggeret
3325 4229 3473 4284 vobis
3492 4233 3661 4286 omnia

2075 4308 2260 4380 (Joan.
2290 4314 2376 4369 M.
2400 4312 2516 4388 ‘26).
2536 4315 2604 4372 Ut
2623 4330 2751 4371 vero
2767 4316 2943 4372 discas
2960 4316 3062 4374 hoc
3081 4318 3239 4391 longe
3259 4322 3449 4378 melius
3471 4322 3653 4390 fuisse,

2075 4404 2198 4460 audi
2226 4406 2353 4477 quid
2378 4423 2474 4478 per
2499 4408 2814 4478 prOphetam
2837 4411 3017 4466 dicat:
3045 4411 3321 4483 Disponam
3352 4416 3490 4471 vobis
3511 4426 3659 4471 testa-

2074 4508 2298 4551 mentum
2326 4514 2529 4568 nouum,
2560 4500 2688 4555 dans
2718 4502 2849 4573 leges
2878 4519 3014 4558 nicas
3043 4504 3095 4558 in
3126 4515 3287 4560 mente
3309 4522 3499 4575 eorum,
3529 4520 3575 4563 et
3604 4510 3658 4565 in

2074 4589 2309 4643 cordibus
2345 4606 2521 4645 eorum
2560 4593 2777 4646 scribam
2817 4610 2921 4661 eas,
2966 4601 3013 4649 et
3052 4604 3199 4650 erunt
3240 4612 3409 4653 omnes
3450 4598 3586 4653 docti
3623 4616 3658 4653 α

2074 4680 2183 4736 Deo
2210 4679 2343 4752 (Jer.
2373 4682 2461 4737 51.
2496 4683 2583 4738 51.
2614 4684 2729 4755 33).
2758 4684 2953 4741 Paulus
2978 4699 3190 4758 quoque
3219 4687 3357 4745 hanc
3380 4691 3657 4748 declamas

2073 4773 2455 4842 praeStantiam,
2484 4773 2691 4830 dicebat
2721 4777 2989 4846 accepisse
3020 4792 3081 4833 se
3114 4779 3303 4849 legem,
3348 4779 3469 4835 Non
3497 4783 3548 4836 in
3576 4792 3657 4837 ta-

2074 4866 2205 4920 bulis
2233 4865 2467 4936 lapideis,
2500 4866 2588 4921 sed
2624 4866 2678 4921 in
2712 4867 2895 4922 tabulis
2922 4868 3089 4924 cordis
3114 4871 3400 4927 carnalibus
3428 4871 3504 4945 (2.
3533 4874 3654 4930 Cor.

2072 4960 2127 5015 5.
2154 4959 2232 5030 5).
2260 4960 2392 5026 Quia
2411 4975 2538 5017 vero
2560 4969 2680 5028 post
2706 4960 2926 5016 multum
2959 4964 3212 5033 temporis
3236 4964 3323 5019 alii
3352 4966 3494 5021 circa
3520 4966 3655 5039 dog-

2071 5060 2236 5120 mata,
2280 5052 2372 5108 alii
2396 5053 2537 5109 circa
2583 5054 2744 5108 vitam
2770 5063 2825 5110 et
2862 5068 3043 5110 mores
3083 5056 3436 5128 impegerunt,
3466 5075 3658 5117 neces-

2071 5145 2211 5199 saria
2249 5144 2426 5201 denuo
2467 5144 2565 5200 fuit
2590 5146 2678 5201 illa
2723 5161 2820 5216 per
2862 5147 3047 5201 literas
3089 5147 3367 5205 institutio.
3403 5151 3659 5209 Animad-

2070 5245 2246 5291 vertas
2265 5237 2448 5305 velim,
2475 5246 2728 5309 quantum
2753 5238 2881 5293 illud
2902 5239 3100 5295 malum
3126 5241 3222 5308 sit;
3247 5241 3385 5313 quod
3412 5244 3511 5299 etsi
3532 5260 3655 5301 cum

2072 5336 2213 5381 tanta
2253 5328 2482 5398 puritate
2520 5330 2682 5384 vitam
2731 5344 2891 5401 agere
2936 5330 3243 5400 debeamus,
3291 5343 3348 5389 ut
3390 5350 3459 5390 ne
3508 5335 3657 5392 libris

2069 5418 2284 5490 quidem
2315 5420 2383 5475 sit
2411 5435 2567 5490 opus,
2609 5420 2705 5476 sed
2748 5422 3002 5478 librorum
3033 5423 3148 5479 vice
3177 5424 3339 5479 corda
3383 5424 3652 5482 otl'erenda

2070 5512 2177 5566 sint
2222 5510 2441 5581 Spiritui
2490 5520 2674 5568 sancto
2721 5513 3073 5581 instituenda;
3124 5525 3404 5587 postquam
3448 5526 3651 5574 tantum

2073 5604 2332 5660 honorem
2376 5603 2670 5675 amisimus,
2706 5612 2865 5680 atque
2904 5619 2970 5663 eo
3011 5605 3209 5665 redacti
3253 5621 3457 5679 sumus,
3489 5619 3547 5667 ut
3584 5611 3649 5667 li-

3952 1798 3959 2009 Ξ
