4060 6156
505 223 567 276 lii
1221 218 1277 273 S.
1315 218 1600 274 JOANNIS
1638 220 2119 278 CIIRYSOSTOMI
2156 225 2472 283 ARCIIIEP.
2511 228 3054 289 CONSTANTINOP.
3714 239 3785 295 l6

497 330 900 384 ἐπισπάσασθαι
925 331 948 362 ⁷
989 331 1167 403 χάριν,
1209 333 1479 405 σκόπησον
1522 336 1679 407 ἡλίκη
1725 337 2058 407 κατηγορία,

497 422 556 474 τὸ
590 423 724 491 μηδὲ
767 422 901 490 μετεά
929 424 1028 493 τὴν
1068 423 1317 494 βοήθειαν
1360 426 1559 496 ταύτην
1603 427 1804 480 ἐθέλειν
1849 427 2060 496 κερδαί·

497 531 628 578 νειν,
669 513 783 567 ἀλλ’
809 514 884 576 ὡς
912 515 1030 587 είκῆ
1065 518 1158 569 καὶ
1191 519 1365 588 μάτην
1403 519 1626 588 κείμενα
1654 518 1725 570 τά
1761 519 2062 588 γράμματα

498 605 780 674 περιορᾷν,
827 606 921 658 καὶ
974 607 1197 678 μείζονα
1244 608 1575 662 ἐπισπᾶσθαι
1607 609 1628 639 ⁸
1671 609 1772 679 τὴν
1820 610 2059 662 κόλασιν.

501 693 676 764 Ὅπερ
702 695 786 749 ἵνα
819 696 893 768 μὴ
927 698 1170 768 γένηται,
1202 699 1556 769 προσέχωμεν
1605 699 1742 766 μετά
1780 699 2064 769 ἀκριϐείας

499 788 608 846 τοῖς
643 788 1068 856 γεγραμμένοις,
1096 789 1187 841 καὶ
1223 788 1481 858 μάθωμεν
1518 787 1600 861 [5]
1623 789 1743 852 πῶς
1777 789 1875 859 μέν
1905 791 1934 842 6
1963 806 2065 842 πα-

498 874 649 937 λαιὸς
686 875 839 947 ἐδόθη
883 877 1071 947 νόμος,
1101 878 1219 942 πῶς
1255 879 1310 932 δὲ
1349 881 1383 949 ἡ
1423 881 1600 949 Καινὴ
1635 879 1894 948 Διαθήκη.
1940 877 2066 942 Πῶς

499 959 592 1016 οὖν
618 966 646 1018 6
677 965 836 1036 νόμος
866 969 1066 1030 ἐκεῖνος
1094 967 1246 1038 ἐδόθη
1291 968 1432 1033 τότε,
1478 969 1573 1020 καὶ
1618 967 1748 1021 πότε
1792 968 1884 1020 καὶ
1922 966 2061 1032 ποῦς

501 1054 653 1107 Μετά
679 1055 769 1108 τὸν
796 1056 901 1108 τῶν
936 1057 1246 1124 Αἰγυπτίων
1282 1057 1519 1128 ὄλεθρον,
1566 1059 1659 1110 ἐπὶ
1699 1058 1798 1127 τῆς
1835 1058 2061 1128 ἐρήμου,

500 1145 558 1195 ἐν
587 1144 663 1214 τῷ
710 1144 826 1214 ὄρει
869 1146 1020 1208 Σινᾶ,
1060 1147 1266 1200 καπνοῦ
1311 1147 1403 1200 καὶ
1439 1148 1650 1218 πυρὸς⁹
1683 1148 1923 1210 ἀνιόντος
1957 1147 2065 1200 ἀπὸ

498 1235 592 1287 τοῦ
628 1235 804 1306 ὅρους,
836 1236 1130 1306 σάλπιγγος
1156 1237 1411 1308 ἠχούσης,
1444 1237 1681 1309 βροντῶν
1725 1239 1820 1292 καὶ
1862 1239 2064 1308 ἀστρα-

501 1325 616 1377 πῶν
647 1327 944 1396 γινομένων
968 1329 1034 1392 ¹⁰,
1068 1327 1162 1381 τοῦ
1191 1329 1468 1392 Μωῦσέως
1499 1331 1577 1393 εἰς
1611 1328 1772 1382 αὐτὸν
1810 1329 2088 1391 εἰσιόντος·

499 1413 589 1464 τὸν
628 1414 843 1482 γνόφον.
890 1416 976 1468 Ἔν
1018 1419 1084 1487 τῇ
1135 1419 1310 1488 Καινῇ
1361 1419 1416 1471 δὲ
1459 1419 1556 1489 οὐχ
1601 1419 1804 1482 οὕτως·
1835 1418 1958 1472 οὐτε
2007 1419 2066 1470 ἐν

501 1505 715 1578 ἐρήμῳ,
744 1505 864 1558 οὐτε
897 1508 953 1559 ἐν
985 1509 1121 1577 ὸρει,
1151 1508 1274 1561 οὕτε
1313 1509 1448 1578 μετὰ
1476 1509 1683 1562 καπνοῦ
1714 1511 1808 1562 καὶ
1842 1509 2066 1571 σκότους

502 1597 596 1648 καὶ
619 1597 816 1664 γνόφου
853 1597 947 1649 καὶ
981 1597 1205 1669 θυέλλης
1224 1616 1236 1628 ·
1268 1599 1379 1652 ἀλλ’
1403 1599 1710 1670 ἀρχομένης
1739 1600 1972 1669 ἡμέρας,
2009 1601 2066 1651 ἐν

503 1685 683 1755 οἰκίᾳ,
741 1686 956 1740 πάντων
1016 1688 1462 1759 συγκαθημένων,
1511 1690 1650 1759 μετά
1705 1689 1906 1758 πολλῆς
1966 1690 2064 1760 τῆς

503 1776 837 1845 ἡμερότητος
881 1778 1056 1830 πάντα
1098 1779 1322 1847 ἐγίνετο.
1365 1780 1487 1842 Τοῖς
1533 1779 1630 1849 μὲν
1665 1781 1772 1850 γὰρ
1801 1779 2067 1846 ἀλογωτέ-

505 1881 619 1932 ροις
659 1866 752 1918 καὶ
787 1865 1056 1935 δυσηνίοις
1097 1868 1411 1938 σωματικῆς
1455 1869 1559 1922 ἔδει
1607 1869 1924 1937 φαντασίας,
1956 1864 2066 1922 οἷον

503 1955 758 2025 ἐρημίας,
808 1957 985 2028 ὅρους,
1034 1960 1261 2022 καπνοῦ,
1305 1961 1601 2029 σάλπιγγος
1628 1961 1786 2032 ἠχῆς,
1835 1960 2066 2014 καὶτῶν

503 2044 676 2098 ἄλλων
702 2047 807 2100 τῶν
839 2048 1119 2101 τοιούτων·
1151 2052 1262 2112 τοῖς
1291 2050 1349 2102 δέ
1378 2050 1724 2119 ὑψηλοτέροις
1765 2051 1857 2103 καὶ
1899 2067 2066 2103 καταο

503 2135 712 2188 πειθέσι
745 2138 837 2189 καὶ
880 2139 978 2208 τὴν
1011 2138 1116 2190 τῶν
1166 2140 1430 2210 σωμάτων
1475 2139 1682 2192 ἔννοιαν
1727 2140 2064 2211 ὐπεραναϐε-

503 2227 747 2295 ϐηκόσιν,
778 2228 986 2291 οὐδενὸς
1013 2226 1078 2299 ἦν
1111 2231 1310 2283 τούτων
1341 2232 1515 2300 χρεία.
1551 2233 1610 2283 Εἰ
1640 2231 1697 2282 δέ
1731 2232 1825 2283 καὶ
1857 2232 1943 2282 ἐπ’
1971 2232 2065 2283 αὐ-

504 2318 610 2369 τῶν
639 2314 770 2388 ἦχος
800 2321 1030 2386 ἐγένετο,
1057 2321 1115 2371 οὐ
1147 2321 1234 2372 διὰ
1262 2323 1387 2383 τοὺς
1436 2319 1782 2382 ἀποστόλους,
1817 2320 1951 2374 ἀλλά
1977 2321 2066 2374 διὰ

504 2410 630 2470 τοὺς
671 2410 940 2479 παρόντας
973 2409 1281 2473 Ἰουδαίους,
1331 2412 1397 2463 δι’
1426 2409 1517 2472 οῦς
1548 2412 1640 2462 καὶ
1671 2412 1725 2463 αἱ
1753 2411 1847 2463 τοῦ
1900 2413 2066 2475 πυρὸς

501 2498 760 2566 ὤφθησαν
798 2498 1055 2565 γλῶσσαι.
1101 2497 1162 2548 Εἰ
1205 2497 1312 2566 γάρ
1353 2497 1446 2550 καὶ
1478 2498 1614 2567 μετά
1659 2497 1815 2551 τοῦτο
1866 2498 2072 2568 ἔλεγον.

501 2591 582 2640 ὅτι
612 2587 876 2650 Γλεύκους
921 2586 1329 2656 μεμεστωμένοι
1359 2587 1496 2650 είσὶ,
1544 2587 1723 2657 πολλῷ
1771 2588 1988 2657 μᾶλλον,
2025 2592 2073 2642 εί

505 2677 668 2747 μηδὲν
702 2676 904 2730 τούτων
957 2672 1114 2740 εἶδον,
1162 2677 1331 2732 ταῦτα
1364 2679 1429 2731 ἂν
1477 2674 1648 2732 εἷπον.
1688 2681 1796 2733 Καὶ
1833 2681 1926 2734 ἐπὶ
1977 2683 2074 2751 μὲν

499 2770 598 2836 τῆς
649 2768 924 2830 Παλαιᾶς,
972 2768 1249 2832 Μωῦσέως
1298 2769 1626 2834 ἀναϐάντος,
1668 2770 1838 2835 οὕτως
1871 2772 1899 2824 6
1941 2772 2073 2837 Θεὸς

501 2858 733 2929 κατέϐη·
765 2858 992 2911 ἐνταῦθα
1028 2859 1085 2910 δὲ
1127 2860 1228 2925 τῆς
1260 2861 1475 2929 φύσεως
1521 2863 1620 2931 τῆς
1670 2863 1944 2934 ἡμετέρας
1990 2866 2069 2921 εἰς

498 2949 588 3002 τὸν
615 2949 858 3018 οὐρανὸν,
894 2949 1090 3018 μᾶλλον
1119 2950 1176 3003 δέ
1208 2952 1287 3013 εἰς
1325 2951 1414 3004 τὸν
1445 2950 1633 3021 θρόνον
1671 2953 1760 3005 τὸν
1793 2952 2070 3022 βασιλικὸν

498 3043 906 3114 ἀνενεχθείσης,
947 3043 1087 3098 οὕτω
1124 3047 1185 3098 τὸ
1223 3045 1444 3115 Πνεῦμα
1489 3047 1752 3102 κάτεισιν.
1805 3051 1866 3101 Εἰ
1904 3049 1959 3103 δὲ
2006 3050 2070 3103 τὸ

498 3132 725 3201 Πνεῦμα
767 3133 1005 3197 ἔλαττον,
1043 3134 1141 3189 οὐκ
1179 3135 1243 3188 ἂν
1283 3135 1503 3208 μείζονα
1540 3135 1610 3209 ἦν
1641 3139 2000 3213 τάλγενόμενα
2025 3142 2065 3174 ¹¹

498 3224 591 3276 καὶ
617 3224 1047 3296 θαυμαστότερα.
1089 3229 1196 3280 Καὶ
1230 3229 1336 3298 γάρ
1369 3230 1422 3281 αἱ
1450 3229 1654 3294 πλάκες
1697 3226 1852 3285 αὗται
1891 3231 2069 3302 πολλῷ

499 3312 738 3382 βελτίους
766 3317 828 3380 η,
878 3320 969 3370 καὶ
1013 3318 1081 3370 τὰ
1129 3319 1525 3389 κατορθώματα
1560 3320 1934 3393 λαμπρότερα.
1987 3323 2064 3377 Οὐ

495 3407 602 3476 γὰρ
629 3408 689 3471 ἐξ
718 3408 877 3479 ὄρους
915 3409 1180 3480 κατῄεσαν
1214 3409 1412 3479 στήλας
1446 3410 1702 3481 φέροντες
1732 3410 1938 3475 λιθίνας
1974 3413 2067 3465 ἐπὶ

493 3498 603 3552 τῶν
641 3499 837 3568 χειρῶν
875 3501 924 3553 οἱ
965 3500 1277 3563 ἀπόστολοι,
1313 3501 1561 3567 καθάπερ
1614 3503 1890 3571 Μωῦσῆς·
1932 3503 2068 3556 ἀλλὰ

493 3587 554 3639 τὸ
586 3587 808 3656 Πνεῦμα
833 3589 890 3639 ἐν
927 3591 992 3657 τῇ
1038 3589 1244 3660 διανοίᾳ
1291 3591 1697 3661 περιφέροντες,
1729 3592 1822 3644 καὶ
1855 3592 2059 3662 θησαυ-

496 3679 586 3748 ρόν
630 3694 751 3730 τινα
778 3678 871 3729 καὶ
902 3677 1081 3747 πηγὴν
1113 3679 1396 3746 δογμάτων
1437 3679 1531 3731 καὶ
1578 3682 1933 3752 χαρισμάτων
1964 3685 2058 3736 καί

494 3767 711 3818 πάντων
753 3764 860 3818 τῶν
896 3765 1110 3833 ἀγαθῶν
1148 3767 1569 3836 ἀναϐλύζοντες,
1605 3769 1746 3824 οὕτω
1790 3774 2064 3841 πανταχοῦ

493 3854 812 3926 περιῄεσαν,
861 3856 1040 3925 βιϐλία
1086 3858 1181 3909 καὶ
1213 3857 1365 3928 νόμοι
1412 3859 1684 3929 γινόμενοι
1717 3860 1806 3913 διά
1853 3862 1954 3931 τῆς

491 3949 712 4019 χάριτος
743 3945 994 4018 έμψυχοι.
1023 3947 1180 4001 Οῦτω
1217 3948 1342 4012 τοὺς
1373 3951 1720 4021 τρισχιλίους,
1756 3952 1898 4006 οῦτω
1941 3955 2066 4015 τοὺς

490 4038 978 4109 πεντακισχιλίους,
1005 4039 1146 4093 οὕτω
1175 4041 1304 4103 τοὺς
1337 4041 1435 4111 τῆς
1468 4041 1792 4113 οἰκουμένης
1824 4043 2066 4097 ἐπεσπά-

491 4147 650 4183 σαντο
685 4130 918 4200 δήμους,
952 4130 1045 4183 τοῦ
1080 4129 1214 4184 Θεοῦ
1261 4131 1348 4185 διά
1397 4133 1494 4203 τῆς
1544 4133 1767 4186 ἐκείνων
1819 4133 2066 4202 γλώττης

487 4222 599 4282 τοῖς
639 4219 954 4290 προσιοῦσιν
999 4219 1169 4274 ἅπασι
1213 4221 1615 4292 διαλεγομένου.
1656 4224 1774 4292 Ἀφ’
1807 4218 1868 4278 οῦ
1912 4225 2005 4277 καὶ
2037 4226 2066 4276 6

488 4308 763 4371 Ματθαῖος
803 4307 897 4361 τοῦ
930 4309 1247 4377 Πνεύματος
1278 4311 1610 4380 ἐμπλησθεὶς
1642 4312 1881 4382 ἔγραψεν
1916 4314 2060 4384 ἅπερ

488 4397 728 4467 ἔγραψε·
775 4397 1051 4460 Ματθαῖος
1087 4401 1115 4451 6
1153 4397 1420 4470 τελώνης·
1458 4401 1518 4452 οὐ
1574 4401 1684 4471 γάρ
1739 4403 2065 4474 αἰσχύνομαι

489 4489 666 4543 καλῶν
695 4491 855 4542 αὐτὸν
883 4490 990 4542 ἀπὸ
1017 4490 1113 4559 τῆς
1148 4489 1360 4558 τέχνης,
1388 4489 1511 4542 οὐτε
1541 4490 1747 4556 τοῦτον,
1775 4491 1901 4546 οὔτε
1938 4497 2064 4560 τοὺς

487 4581 701 4642 ἄλλους.
745 4580 913 4632 Τοῦτο
966 4581 1073 4650 γάρ
1131 4581 1364 4650 μάλιστα
1411 4581 1649 4634 δείκνυσι
1689 4582 1783 4636 καὶ
1825 4583 1924 4656 τὴν
1967 4585 2060 4640 τοῦ

488 4671 803 4740 Πνεύματος
831 4671 1010 4740 χάριν,
1044 4671 1136 4723 καὶ
1167 4671 1265 4740 τὴν
1305 4672 1524 4724 ἐκείνων
1564 4673 1787 4744 ἀρετήν.

560 4760 626 4828 β’.
653 4761 980 4828 Εὐαγγέλιον
1005 4761 1060 4812 δέ
1084 4762 1244 4814 αὐτοῦ
1284 4761 1382 4830 τὴν
1421 4763 1801 4833 πραγματείαν
1841 4765 2060 4830 εἰκότως

486 4850 730 4904 ἐκάλεσε.
761 4852 869 4904 Καὶ
897 4851 1005 4922 γάρ
1031 4851 1304 4914 κολάσεως
1340 4853 1643 4922 ἀναίρεσιν,
1677 4855 1774 4908 καὶ
1811 4856 2058 4927 ἁμαρτη-

490 4942 670 5010 μάτων
707 4941 877 5003 λύσιν,
918 4944 1010 4994 καὶ
1057 4942 1420 5012 δικαιοσύνην,
1470 4945 1565 4996 καὶ
1625 4946 1915 5016 ἀγιασμὸν,
1965 4949 2060 5001 καὶ

484 5027 881 5098 ἀπολύτρωσιν,
936 5025 1028 5078 καὶ
1073 5025 1358 5090 υἱοθεσίαν,
1410 5031 1504 5082 καὶ
1547 5029 1907 5100 κληρονομίαν
1954 5030 2064 5087 τῶν

484 5120 749 5186 οὐρανῶν,
801 5120 898 5172 καὶ
941 5117 1257 5188 συγγένειαν
1295 5118 1429 5188 πρὸς
1477 5119 1568 5172 τὸν
1600 5120 1726 5174 Υίὸν
1760 5120 1852 5175 τοῦ
1902 5121 2058 5185 Θεοῦ,

487 5215 654 5268 πᾶσιν
698 5207 858 5280 ἦλθεν
901 5209 1290 5276 ἀπαγγέλλωνο
1326 5213 1437 5274 τοῖς
1479 5211 1709 5282 ἐχθροῖς,
1742 5217 1854 5279 τοῖς
1887 5216 2055 5284 ἀγνώ-

492 5321 655 5376 μοσι,
699 5305 808 5365 τοῖς
847 5302 904 5353 ἐν
952 5300 1127 5368 σκότῳ
1181 5301 1525 5370 καθημένοις.
1573 5303 1638 5354 Τί
1670 5307 1787 5358 ποτ’
1830 5302 1923 5360 οῦν
1956 5308 2061 5359 τιῖν

490 5392 824 5463 εὐαγγελίων
868 5389 1073 5443 τούτων
1114 5385 1229 5442 ἴσον
1258 5389 1454 5456 γένοιτ’
1481 5393 1577 5456 ἀν;
1618 5393 1749 5458 Θεὸς
1793 5397 1886 5449 ἐπὶ
1927 5397 2059 5466 γῆς,

491 5483 776 5551 ἄνθρωπος
813 5480 873 5532 ὲν
918 5476 1162 5548 οὐρανῷ·
1207 5477 1299 5530 καὶ
1352 5481 1527 5533 πάντα
1584 5483 1786 5553 ἀναμὶξ
1811 5486 2059 5552 ἐγένετο,

2186 331 2404 400 ἄγγελοι
2442 334 2793 405 συνεχόρευον
2825 337 3153 408 ἀνθρώποις,
3185 343 3462 416 ἄνθρωποι
3509 352 3627 415 τοῖς
3668 355 3774 423 ἁγ-

2187 423 2362 485 γέλοις
2405 424 2739 492 ἐκοινώνουν,
2770 428 2862 480 καὶ
2891 432 3009 494 ταῖς
3055 432 3242 497 ἄλλαις
3285 437 3405 501 τοῖς
3453 440 3567 494 ἀνω
3605 443 3768 500 δυνά·
3828 453 3834 456 ’

2189 530 2340 582 μεσι·
2375 515 2466 567 καὶ
2492 511 2561 587 ἦν
2593 517 2723 571 ἰδεῖν
2753 519 2843 573 τὸν
2873 523 3084 592 χρόνιον
3114 524 3339 581 λυθέντι.
3378 530 3636 602 πόλεμον,
3665 538 3769 590 καὶ

2185 604 2530 673 καταλλαγὰς
2573 607 2707 660 Θεοῦ
2749 613 2883 682 πρὸς
2928 612 3027 684 τὴν
3061 616 3339 688 ἡμετέραν
3383 626 3768 694 γεγενημένας

2186 693 2367 762 φύσιν,
2394 695 2637 751 διάϐολον
2669 700 3076 773 αἰσχυνόμενον,
3105 706 3368 778 δαίμονας
3400 713 3766 782 δραπετεύον-

2183 801 2301 848 τας,
2333 785 2559 840 θάνατον
2599 788 2887 858 λελυμένον
2913 792 2977 859 ⁸³,
3015 795 3338 865 παράδεισον
3383 800 3760 873 ἀνοιγόμενον,

2184 875 2429 946 κατάραν
2467 879 2861 952 ἠφανισμένην,
2911 884 3186 955 ἁμαρτίαν
3231 889 3479 944 ἐκποδὼν
3525 909 3762 964 γεγενη-

2188 966 2376 1036 μένην,
2421 967 2630 1038 πλάνην
2667 970 3104 1044 ἀπεληλαμένην,
3151 977 3406 1050 ἀλήθειαν
3436 984 3764 1039 ἐπανελθοῦσ-

2187 1075 2306 1122 σαν,
2349 1062 2448 1129 τῆς
2480 1060 2759 1126 εὐσεϐείας
2788 1063 2880 1117 τὸν
2926 1065 3082 1132 λόγον
3129 1072 3403 1140 πανταχοῦ
3462 1091 3764 1130 κατασπεί-

2188 1149 2411 1218 ρόμενον
2450 1151 2544 1203 καὶ
2587 1153 2863 1221 κομῶντα,
2908 1156 3003 1225 τὴν
3033 1157 3140 1210 τῶν
3173 1160 3284 1213 ἄνω
3333 1163 3609 1218 πολιτείαν
3665 1167 3765 1219 ἐπὶ

2184 1239 2280 1308 τῆς
2314 1240 2414 1308 γῆς
2461 1244 2895 1314 πεφυτευμένην,
2940 1247 3083 1316 μετά
3126 1250 3306 1315 ἀδείας
3357 1254 3456 1318 τάς
3505 1255 3768 1328 δυνάμεις.

2183 1329 2394 1392 ἐκείνας
2419 1331 2710 1399 ὁμιλούσας
2736 1336 2888 1404 ἡμῖν,
2919 1338 3012 1388 καὶ
3037 1342 3103 1410 τῇ
3130 1342 3198 1410 γῇ
3226 1343 3466 1414 συνεχῶς
3495 1347 3763 1415 ἀγγέλους

2185 1421 2680 1492 ἐπιχωριάζοντας,
2726 1427 2821 1478 καὶ
2878 1428 3079 1500 πολλὴν
3119 1432 3262 1503 ύπέρ
3303 1435 3411 1487 τῶν
3461 1438 3763 1507 μελλόντων

2182 1511 2281 1582 τὴν
2317 1511 2506 1565 ἐλπίδα
2554 1509 2739 1568 οὖσαν.
2783 1517 2882 1569 Διά
2910 1518 3067 1572 τοῦτο
3098 1522 3430 1590 Εὐαγγέλιον
3468 1528 3567 1597 τὴν
3616 1530 3764 1582 ἱστο-

2185 1604 2306 1674 ρίαν
2339 1603 2615 1668 ἐκάλεσεν,
2647 1605 2724 1668 ώς
2760 1607 2829 1660 τά
2861 1624 2924 1676 γε
2957 1609 3091 1664 ἄλλα
3125 1613 3302 1666 πάντα
3339 1617 3560 1686 ῥήματα
3600 1621 3762 1690 μόνον

2184 1695 2299 1748 ἐστὶ
2337 1697 2676 1766 πραγμάτων
2710 1697 2912 1770 ἔρημα,
2945 1700 3063 1755 οἷον
3093 1708 3389 1776 χρημάτων
3543 1729 3763 1782 περιου-

2186 1789 2307 1850 σία,
2355 1788 2672 1852 δυναστείας
2710 1792 2956 1860 μέγεθος,
3001 1799 3095 1849 καὶ
3134 1799 3426 1869 ἀρχαὶκαὶ
3471 1803 3618 1869 δόξαι
3665 1807 3762 1859 καὶ

2182 1883 2368 1950 τιμαὶ,
2415 1883 2508 1934 καὶ
2558 1885 2626 1938 τά
2687 1885 2819 1940 ἄλλα
2860 1886 2962 1940 ὅσα
3012 1891 3162 1960 παρά
3212 1891 3521 1962 ἀνθρώποις
3579 1898 3762 1965 ἀγα.θά

2186 1967 2323 2026 εἷναι
2365 1975 2663 2046 νομίζεται.
2703 1977 2784 2030 Τά
2834 1978 2890 2031 δὲ
2925 1979 3074 2049 παρά
3117 1980 3226 2032 τῶν
3253 1982 3448 2038 ἀλιέων
3479 1986 3761 2054 ἀπαγγελ-

2185 2065 2344 2118 θέντα
2371 2067 2604 2136 γνησίως
2629 2086 2688 2121 τε
2719 2071 2812 2122 καὶ
2843 2071 3046 2140 κυρίως
3069 2070 3361 2140 εὐαγγέλια
3388 2072 3453 2125 ἂν
3479 2073 3728 2128 καλοῖντο
3745 2094 3759 2107 ·

2182 2157 2282 2209 οὐκ
2321 2157 2506 2230 ἐπειδὴ
2541 2158 2732 2229 βέϐαια
2766 2161 2860 2212 καί
2907 2161 3141 2231 ἀκίνητα
3178 2161 3335 2232 μόνον
3375 2163 3523 2217 ἐστὶν
3555 2165 3760 2232 ἀγαθά,

2183 2248 2276 2300 καὶ
2304 2248 2442 2319 ὑπὲρ
2477 2249 2575 2316 τὴν
2604 2250 2758 2316 ἀξίαν
2797 2251 2896 2320 τὴν
2925 2253 3218 2322 ἡμετέραν,
3251 2253 3364 2306 ἀλλ’
3402 2255 3482 2307 ὅτι
3513 2257 3604 2308 καὶ
3639 2258 3760 2325 μετ’

2182 2337 2429 2401 εὐκολίας
2462 2340 2678 2411 ἀπάσης
2724 2344 2857 2413 ἡμῖν
2894 2343 3072 2413 ἐδόθη.
3110 2343 3243 2396 Οὐδὲ
3273 2343 3379 2414 γάρ
3419 2347 3758 2416 πονήσαντες

2183 2429 2278 2481 καὶ
2319 2429 2662 2500 ἱδρώσαντες,
2690 2434 2751 2486 οὐ
2786 2433 3051 2504 καμόντες
3081 2435 3174 2487 καὶ
3214 2435 3754 2508 ταλαιπωρηθέντες,

2183 2521 2298 2574 ἀλλ’
2342 2522 2716 2594 ἀγαπηθέντες
2760 2524 2915 2596 παρά
2956 2525 3051 2578 τοῦ
3086 2524 3222 2578 Θεοῦ
3265 2526 3447 2596 μόνον,
3491 2529 3758 2599 ἐλάϐομεν

2184 2611 2326 2684 άπερ
2354 2614 2642 2686 ἐλάϐομεν.
2686 2617 2796 2670 Καὶ
2828 2617 2881 2670 τί
2920 2617 3118 2690 δήποτε
3145 2617 3414 2672 τοσούτων
3452 2619 3618 2675 ὄντων
3647 2622 3758 2675 τῶν

2191 2699 2464 2767 μαθητῶν,
2510 2697 2604 2751 δύο
2633 2700 2936 2768 γράφουσιν
2981 2700 3043 2752 ἐκ
3077 2700 3186 2754 τῶν
3229 2700 3542 2756 ἃποστόλων
3573 2703 3755 2772 μόνοι,

2189 2788 2394 2842 καὶδύο
2422 2791 2485 2843 ἐκ
2515 2789 2624 2842 τῶν
2644 2789 2850 2855 τούτοις
2879 2791 3220 2856 ἀκολούθων;
3261 2793 3320 2844 '0
3351 2793 3457 2869 μὲν,
3477 2793 3584 2864 γάρ
3610 2795 3760 2847 Παύ-

2188 2878 2302 2943 λου,
2344 2882 2372 2932 6
2408 2881 2463 2934 δὲ
2498 2882 2704 2953 Πέτρου
2751 2883 2998 2953 μαθητὴς
3043 2881 3139 2948 ὢν,
3189 2884 3326 2953 μετά
3363 2884 3604 2938 Ἰωάννου
3663 2886 3757 2937 καὶ

2187 2969 2468 3024 Ματθαίου
2499 2972 2568 3025 τά
2614 2972 2921 3040 Εὐαγγέλια
2964 2972 3226 3043 ἔγραψαν.
3257 2974 3379 3025 Ὀτι
3421 2973 3572 3025 οὐδὲν
3619 2975 3756 3043 πρὸς

2188 3061 2494 3130 φιλοτιμίαν
2544 3062 2780 3125 ἐποίουν,
2828 3061 2962 3115 ἀλλά
3017 3063 3195 3116 πάντα
3249 3063 3384 3134 πρὸς
3431 3062 3638 3134 χρείαν.
3688 3065 3754 3117 Τί

2186 3147 2317 3214 οῦν;
2369 3153 2483 3204 Οὐκ
2537 3152 2696 3223 ἤρκει
2751 3148 2831 3216 εἷς
2879 3152 3263 3224 εὐαγγελιστὴς
3322 3155 3495 3208 πάντα
3547 3155 3754 3220 εἰπεῖν;

2190 3244 2389 3313 Ἤρκει
2419 3243 2545 3314 μέν·
2582 3243 2718 3298 ἀλλά
2750 3246 2853 3298 κᾶν
2887 3245 3146 3317 τέσσαρες
3184 3239 3317 3298 ὦσιν
3353 3248 3402 3298 οἰ
3433 3246 3753 3318 γράφοντες,

2191 3334 2328 3403 μήτε
2357 3333 2497 3386 κατὰ
2523 3337 2649 3396 τοὺς
2678 3335 2872 3396 αὐτοὺς
2898 3335 3142 3405 καιροὺς,
3176 3336 3313 3406 μήτε
3344 3336 3400 3388 ἐν
3429 3338 3539 3398 τοῖς
3571 3337 3754 3399 αὐτοῖς

2185 3424 2388 3486 τόποις,
2423 3425 2558 3496 μήτε
2590 3423 2929 3488 συνελθόντες
2955 3426 3047 3478 καὶ
3076 3425 3444 3496 διαλεχθέντες
3482 3425 3751 3493 ἀλλήλοις,

2185 3509 2303 3566 εἶτα
2329 3513 2518 3582 ὥσπερ
2545 3514 2638 3581 ἀφ’
2670 3514 2786 3578 ἐνὸς
2815 3516 3078 3584 στόματος
3106 3515 3281 3568 πάντα
3315 3515 3656 3582 φθέγγωνται
3689 3516 3750 3576 ⁸⁵,

2170 3605 2415 3675 ᾳεγίστη
2452 3605 2551 3676 τῆς
2578 3604 2831 3676 ἀληθείας
2857 3605 3127 3672 ἀπόδειξις
3158 3605 3314 3658 τοῦτο
3349 3608 3572 3674 γίνεται.

2258 3696 2366 3749 Καὶ¹
2398 3697 2502 3767 μὴν
2533 3697 2839 3750 τούναντίον
2867 3697 3084 3768 συνέϐη,
3128 3697 3293 3767 φησί’
3326 3697 3592 3768 πολλαχοῦ
3644 3699 3750 3770 γὰρ

2183 3786 2572 3856 διαφωνοῦντες
2615 3787 2945 3857 ἐλέγχονται.
2990 3787 3129 3840 Αὐτὸ
3180 3787 3277 3856 μὲν
3327 3782 3419 3840 οὖν
3465 3788 3621 3842 τοῦτο
3658 3793 3751 3859 μέ-

2185 3894 2369 3944 γιστον
2400 3877 2598 3948 δεῖγμα
2645 3879 2746 3948 τῆς
2795 3879 3051 3948 ἀληθείας
3099 3878 3267 3933 ἐστίν.
3319 3879 3382 3932 Εἰ
3431 3880 3539 3950 γὰρ
3579 3883 3752 3935 πάντα

2189 3966 2570 4036 συνεφώνησαν
2607 3970 2742 4037 μετὰ
2769 3968 3075 4042 ἀκριϐείας.
3101 3970 3196 4022 καὶ
3227 3970 3387 4040 μέχρι
3416 3973 3630 4042 καιροῦ,
3662 3975 3753 4027 καὶ

2188 4059 2350 4129 μέχρι
2383 4060 2566 4120 τόπου,
2596 4060 2690 4112 καὶ
2723 4062 2884 4130 μέχρι
2927 4060 3186 4130 ῥημάτων
3226 4061 3426 4125 αὐτῶν,
3471 4063 3644 4128 οὐδεὶς
3689 4065 3753 4118 ἂν

2186 4150 2470 4203 ἐπίστευσε
2501 4150 2608 4203 τῶν
2643 4150 2872 4222 ἐχθρῶν,
2899 4151 2981 4204 ὅτι
3016 4151 3088 4222 μὴ
3125 4151 3465 4217 συνελθόντες
3495 4153 3601 4206 ἀπὸ
3635 4170 3752 4208 συν-

2185 4240 2357 4310 θήκης
2381 4241 2522 4303 τινὸς
2550 4240 2895 4311 ἀνθρωπίνης
2936 4240 3180 4312 ἔγραψαν
3210 4241 3352 4313 άπερ
3384 4241 3657 4312 ἔγραψαν·
3690 4244 3748 4295 οὐ

2183 4331 2291 4401 γάρ
2330 4326 2468 4384 εἶναι
2501 4331 2598 4400 τῆς
2629 4329 2927 4400 ἁπλότητος
2956 4329 3052 4401 τὴν
3096 4332 3362 4402 τοσαύτην
3412 4334 3747 4402 συμφωνίαν.

2182 4422 2318 4475 Νυνί
2365 4423 2420 4475 δὲ
2457 4423 2548 4474 καὶ
2591 4423 2624 4492 η
2663 4421 2891 4474 δοκοῦσα
2939 4422 2995 4474 ἐν
3048 4424 3260 4492 μικροῖς
3307 4417 3446 4475 εἶναι
3490 4422 3749 4490 διαφωνία

2183 4515 2361 4584 πάσης
2414 4511 2743 4566 ἀπαλλάττει
2782 4512 2976 4574 αὐτοὺς
3020 4511 3286 4580 ὑποψίας,
3336 4513 3427 4565 καὶ
3486 4513 3750 4586 λαμπρῶς

2181 4605 2321 4677 ὑπὲρ
2358 4606 2450 4659 τοῦ
2483 4605 2682 4675 τρόπου
2705 4604 2814 4657 τῶν
2839 4603 3165 4674 γραψάντων
3203 4604 3569 4668 ἀπολογεῖται.
3601 4605 3664 4658 Εἰ
3695 4604 3749 4657 δέ

2179 4714 2232 4749 τι
2261 4698 2386 4768 περὶ
2412 4695 2617 4767 καιρῶν
2646 4695 2679 4765 ἢ
2706 4695 2884 4749 τόπων
2913 4694 3182 4766 διαφόρως
3207 4694 3566 4766 ἀπήγγειλαν,
3594 4695 3749 4748 τοῦτο

2179 4787 2328 4840 οὐδὲν
2364 4787 2587 4857 βλάπτει
2615 4787 2723 4841 τῶν
2750 4785 3052 4858 εἰρημένων
3080 4785 3176 4855 τὴν
3221 4783 3496 4854 ἀλήθειαν.
3525 4783 3606 4856 [6]
3643 4785 3750 4838 Καὶ

2178 4878 2349 4932 ταῦτα
2393 4879 2448 4931 δέ
2476 4880 2538 4942 ¹⁵,
2581 4879 2655 4941 ὼς
2703 4879 2768 4931 ἂν
2808 4881 2836 4932 6
2888 4877 3018 4940 Θεὸς
3075 4878 3325 4952 παρέχῃ,
3378 4878 3750 4950 πειρασόμεθα

2181 4971 2456 5040 προϊόντες
2508 4971 2819 5037 ἀποδεῖξαι,
2872 4971 3047 5023 ἐκεῖνο
3100 4970 3239 5040 μετὰ
3289 4970 3396 5024 τῶν
3447 4971 3748 5042 εἰρημένων

2179 5060 2453 5124 ἀξιοῦντες
2483 5060 2625 5132 ὑμᾶς
2655 5063 3010 5131 παρατηρεῖν,
3042 5061 3123 5114 ὅτι
3151 5062 3208 5114 ὲν
3236 5063 3346 5124 τοῖς
3373 5061 3687 5130 κεφαλαίοις
3707 5063 3749 5094 ¹⁶

2181 5149 2276 5202 καὶ
2307 5151 2615 5219 συνέχουσιν
2648 5151 2803 5220 ἡμῶν
2826 5149 2923 5221 τὴν
2955 5149 3098 5221 ζωὴν
3128 5152 3220 5204 καὶ
3245 5151 3304 5204 τὸ
3334 5152 3594 5223 κήρυγμα
3621 5169 3747 5222 συγ-

2181 5238 2484 5310 κροτοῦσιν,
2513 5240 2748 5310 οὐδαμοῦ
2779 5258 2862 5305 τις
2907 5242 3088 5295 αὐτῶν
3133 5242 3253 5296 οὐδὲ
3304 5243 3499 5313 μικρὸν
3546 5244 3745 5314 διαφωο

2177 5334 2345 5398 νήσας
2378 5331 2705 5400 εὑρίσκεται.
2734 5331 2867 5386 Τίνα
2893 5333 2948 5386 δὲ
2987 5333 3161 5387 ταῦτά
3207 5335 3388 5399 ἐστιν;
3423 5328 3568 5400 υἷον,
3605 5335 3686 5388 ὅτι
3723 5338 3748 5389 6

2177 5422 2309 5485 Θεὸς
2350 5421 2632 5492 ἄνθρωπος
2663 5422 2900 5492 ἐγένετο,
2940 5426 3021 5478 ὅτι
3063 5424 3317 5493 θαύματα
3361 5424 3634 5496 ἐποίησεν,
3669 5427 3748 5480 ὅτι

2179 5513 2517 5586 ἐσταυρώθη,
2549 5516 2631 5568 ὅτι
2665 5515 2857 5590 ἐτάφη,
2887 5519 2969 5572 ὅτι
3003 5515 3222 5588 ἀνέστη,
3259 5517 3341 5570 ὅτι
3384 5518 3635 5589 ἀνῆλθεν,
3670 5519 3747 5573 ὃτι

552 5689 1416 5787 7.5.13137333691.1593:???
1440 5697 1510 5787 ,ελ-
1591 5691 2044 5787 riter-ﬁnem:
2067 5719 2158 5787 ρξ’·
2181 5704 2295 5787 .D-.
2333 5707 2470 5787 ’κο
2505 5707 2834 5787 nam:
2861 5711 3076 5787 misere
3118 5715 3285 5787 πυράς
3315 5716 3376 5772 C-
3410 5717 3476 5773 ι)-
3563 5717 3608 5751 "
3630 5734 3722 5787 γε·

483 5761 898 5847 νομένωνριίᾴ.
933 5760 1317 5847 ωί-’ίγινόμενα
1353 5763 1503 5847 Α.¹
1594 5764 1908 5847 ’λβελτίους

1935 5769 1956 5844 ]
2178 5775 2485 5852 ἐκείνων
2564 5779 2608 5811 ³³
2636 5781 2928 5852 λελυμένον

2960 5782 2981 5854 ]
3013 5782 3108 5862 _Sic
3135 5782 3419 5862 {\hLAgm.
3441 5782 3723 5862 δεδεμένον

479 5829 641 5888 ΛΣΕ.
729 5832 770 5863 ’⁸
811 5831 900 5888 Sic
933 5829 1122 5904 Steph.
1164 5829 1290 5888 Sav.
1327 5834 1544 5889 codices
1575 5829 1956 5907 φθέγγονταί.⁴
2001 5844 2043 5876 ιδ

2185 5861 2256 5901 m.
2283 5829 2368 5902 ΑΓ
2385 5829 2393 5831 “
2424 5829 2483 5881 ῖσν
2502 5829 3108 5925 κεφάὸᾎὶὸὶῖςῖἷὼιῲῶἰξ
3127 5829 3385 5912 Χῗὲῐίιίἶ
