4060 6156
473 364 540 419 ts
963 367 972 374 ·
1083 427 1087 429 _
1638 366 1703 420 IN
1743 355 2160 424 minusest
2228 367 2458 424 nomn
2498 359 2539 420 ι.
3647 362 3711 414 ts

465 470 583 527 bris
606 484 742 539 opus
764 468 1088 533 habeamus;
1131 486 1197 525 ne
1227 471 1328 526 hoc
1365 472 1600 528 secundo
1627 474 1836 543 quidem
1867 489 2040 529 reme-

469 562 561 616 dio
589 569 646 613 ut
673 575 767 628 par
792 567 935 614 esset
957 569 1186 615 utamur.
1216 562 1347 616 Nam
1374 564 1417 618 si
1443 578 1547 617 non
1569 565 1721 634 culpa
1747 575 1898 620 vacat
1927 565 2041 620 lite-

468 652 542 706 ris
565 664 742 720 egere,
773 664 870 705 nec
897 667 991 719 per
1015 666 1074 706 se
1099 652 1325 722 Spiritus
1353 655 1575 724 gratiam
1616 655 1913 722 attrahere;
1947 671 2043 712 co—

463 743 569 813 gita
600 750 857 812 quantum
885 744 1088 798 crimen
1125 745 1194 799 sit
1233 760 1300 800 ne
1339 745 1439 801 hoc
1473 746 1685 816 quidem
1727 748 1925 802 auxilio
1968 749 2042 802 uti

465 834 620 899 velle,
662 833 758 889 sed
789 834 969 889 literas
993 834 1110 889 illas
1139 835 1289 904 quasi
1313 835 1506 892 frustra
1534 848 1588 892 et
1614 847 1814 893 temere
1846 839 2044 909 positas

461 921 759 990 despicere,
802 932 857 976 et
890 923 1144 992 majorem
1177 925 1228 978 in
1258 940 1316 980 se
1341 927 1607 982 attrahere
1631 943 1861 996 poenam.
1892 928 2044 994 Quod

461 1027 529 1066 ne
554 1011 780 1077 accidat,
812 1012 1101 1082 Scripturis
1141 1024 1386 1070 accurate
1411 1016 1757 1073 adhibeamus
1782 1020 2041 1087 animum,

460 1117 524 1156 ac
552 1102 819 1156 discamus
843 1104 1109 1172 quomodo
1130 1115 1282 1160 vetus
1314 1106 1398 1160 lex
1427 1107 1548 1163 data
1577 1108 1751 1175 fuerit,
1777 1111 2044 1180 quomodo

462 1202 648 1259 postea
679 1191 879 1246 Novum
904 1193 1325 1249 Testamentum.
1349 1196 1466 1262 Quo
1490 1198 1648 1268 igitur
1668 1201 1825 1255 modo
1849 1202 1933 1256 lex
1954 1201 2042 1256 illa

463 1282 582 1334 data
613 1292 720 1336 tum
751 1282 880 1337 fuit?
906 1286 1118 1353 quando
1143 1297 1196 1340 et
1227 1287 1476 1342 ubinam?
1522 1289 1647 1343 Post
1673 1288 2041 1361 Egyptian-um

462 1373 773 1442 perniciem,
799 1374 851 1428 in
877 1373 1109 1441 deserto,
1141 1385 1193 1430 et
1221 1378 1271 1430 in
1300 1389 1480 1434 monte
1504 1379 1650 1446 Sina,
1680 1381 1824 1435 fumo
1848 1389 1902 1435 et
1925 1381 2044 1452 igne

459 1464 528 1520 de
578 1475 758 1520 monte
799 1477 1133 1536 erumpente,
1178 1469 1296 1523 tuha
1336 1469 1636 1540 clangente,
1676 1470 2042 1542 frequentibus

461 1553 756 1624 fulguribus
783 1565 942 1625 atque
972 1557 1238 1622 tonitruis,
1270 1558 1556 1628 Moysequc
1582 1559 1634 1613 in
1662 1561 1832 1629 ipsam
1859 1562 2044 1632 caligi-

459 1661 581 1702 nem
617 1647 863 1700 intrante.
907 1649 961 1702 In
994 1647 1144 1705 Novo
1169 1660 1344 1704 autem
1380 1666 1486 1704 non
1527 1650 1596 1704 ita
1624 1665 1722 1706 nec
1750 1652 1802 1707 in
1828 1652 2043 1707 deserto

460 1753 560 1792 nec
583 1738 633 1791 in
666 1749 864 1804 monte,
887 1755 991 1793 non
1013 1755 1133 1794 cum
1165 1742 1328 1806 fumo,
1351 1742 1604 1807 tenebris,
1635 1743 1860 1812 caligine
1883 1753 2042 1814 atque

460 1829 716 1897 procella,
749 1829 842 1885 sed
872 1829 1086 1886 ineunte
1113 1831 1217 1899 die,
1246 1832 1411 1899 domi,
1442 1834 1693 1889 omnibus
1722 1850 1824 1889 una
1852 1836 2046 1892 seden-

461 1919 622 1986 tibus,
667 1933 853 1988 magna
894 1936 1016 1974 cum
1059 1922 1438 1991 tranquillitate
1479 1935 1626 1994 gesta
1669 1935 1793 1979 sunt
1840 1927 2036 1982 omnia.

461 2006 832 2064 Ferocioribus
868 2011 1190 2079 quippeillis
1215 2020 1268 2066 et
1294 2011 1742 2078 elfrenatioribus,
1785 2029 2041 2084 corporea

458 2098 637 2165 specie
681 2113 815 2166 opus
853 2109 1000 2165 erat;
1041 2115 1230 2169 nempe
1269 2101 1584 2171 solitudine,
1629 2113 1829 2168 monte,
1873 2105 2039 2173 fumo,

459 2189 602 2244 tubzc
645 2191 898 2260 clangore
936 2203 990 2247 et
1034 2194 1327 2260 similibus;
1376 2194 1773 2250 sublimioribus
1820 2212 1946 2252 vero
1988 2208 2044 2253 et

460 2279 978 2348 ohsequentioribus,
1022 2282 1113 2352 qui
1158 2299 1442 2353 eorporeas
1488 2285 1836 2355 cogitationes
1887 2288 2043 2358 longe

458 2380 867 2446 exsuperabant,
901 2377 1198 2448 hujusmodi
1227 2381 1384 2435 rebus
1412 2381 1543 2435 nihil
1572 2397 1705 2451 opus
1727 2391 1860 2437 erat.
1889 2381 2040 2450 Quod

461 2469 505 2523 si
549 2478 604 2524 et
657 2468 795 2538 apud
848 2469 966 2526 illos
1019 2485 1183 2526 sonus
1229 2472 1459 2528 emissus
1506 2480 1622 2538 est,
1665 2472 1716 2528 id
1759 2488 1865 2527 non
1908 2487 2041 2542 apo-

460 2558 760 2627 stolorum,
815 2559 909 2616 sed
953 2560 1258 2616 Judacorum
1303 2572 1426 2618 tunc
1487 2564 1828 2637 prarsentium
1880 2578 2040 2619 causa

465 2646 662 2702 factum
730 2659 834 2712 est,
912 2649 1172 2721 simulque
1239 2653 1405 2722 ignea:
1468 2655 1661 2723 linguae
1711 2656 1840 2709 visa:
1893 2666 2037 2710 sunt.

455 2725 587 2780 Nam
658 2729 700 2780 si
751 2729 833 2782 his
890 2733 960 2783 ita
1002 2733 1169 2800 gestis
1200 2771 1217 2797 ,
1271 2733 1415 2803 ipsos
1462 2745 1640 2791 musto
1693 2736 1880 2806 plenos
1914 2751 2034 2795 esse

453 2818 700 2874 dicebant
726 2820 860 2889 (Act.
904 2821 958 2875 2.
1001 2823 1122 2894 1'5);
1152 2825 1510 2898 multomagis
1551 2829 1604 2883 id
1637 2828 1830 2886 dicturi
1857 2839 2036 2893 erant,

451 2909 499 2963 si
531 2911 660 2964 nihil
697 2911 888 2966 horum
917 2912 1191 2968 vidissent.
1233 2915 1302 2970 Et
1347 2918 1400 2972 in
1443 2919 1610 2974 veteri
1639 2918 1854 2990 quidem
1895 2918 2032 2989 lege,

449 3015 572 3055 cum
617 3001 826 3073 Moyses
865 3004 1212 3069 ascendisset,
1254 3005 1532 3063 descendit
1573 3008 1710 3064 Deus
1742 3025 1758 3063 :
1786 3009 1874 3063 hic
1909 3022 2034 3063 vero

453 3103 733 3163 postquam
759 3105 947 3149 natura
978 3107 1156 3150 nostra
1186 3097 1239 3151 in
1272 3099 1484 3166 caelum,
1516 3099 1625 3155 imo
1649 3099 1703 3154 in
1730 3098 1920 3155 solium
1949 3115 2030 3155 re-

450 3186 594 3256 gium
623 3198 808 3242 evecta
835 3199 999 3251 esset,
1028 3190 1258 3260 Spiritus
1280 3191 1576 3248 descendit.
1607 3194 1664 3250 Si
1693 3203 1874 3250 autem
1908 3194 2030 3264 Spi-

452 3277 585 3330 ritus
613 3277 787 3330 minor
812 3289 970 3344 esset,
1000 3279 1114 3334 haec
1141 3297 1247 3336 non
1277 3283 1381 3337 illis
1405 3283 1594 3353 priscis
1623 3284 1822 3354 majora
1863 3284 2033 3340 mira-

450 3364 746 3436 bilioraqne
775 3367 1020 3423 fuissent.
1063 3369 1194 3425 Nam
1239 3371 1320 3427 lue
1361 3373 1555 3428 tabula:
1595 3375 1752 3444 longe
1782 3385 2041 3445 praestan-

451 3455 617 3508 tiores
646 3464 771 3510 sunt
801 3457 931 3524 illis,
959 3469 1016 3512 ut
1045 3468 1100 3514 et
1126 3476 1213 3515 res
1233 3472 1398 3531 gesta:
1423 3463 1830 3531 Splendidiorcs.
1857 3464 2038 3535 Neque

449 3545 592 3598 enim
621 3548 845 3614 apostoli
877 3563 941 3602 ex
978 3559 1160 3605 monte
1199 3550 1591 3608 descenderunt
1626 3554 1828 3609 tabulas
1867 3556 2037 3610 mani-

450 3633 550 3687 bus
599 3646 902 3704 gestantes,
941 3648 996 3692 ut
1034 3639 1276 3710 Moyses;
1319 3641 1414 3698 sed
1463 3643 1719 3714 Spiritum
1762 3645 1817 3699 in
1858 3657 2038 3702 mente

450 3724 910 3792 circumferentes,
955 3744 1018 3784 ac
1067 3730 1372 3786 thesaurum
1417 3734 1701 3802 quemdam
1740 3745 1796 3790 et
1834 3735 2034 3792 fontem

448 3815 756 3881 dogmatum
798 3827 853 3871 et
880 3816 1144 3872 donorum
1187 3820 1554 3892 bonorumque
1583 3825 1820 3879 omnium
1863 3825 2034 3881 ell'un-

447 3903 638 3958 dentes
657 3946 670 3968 ,
705 3906 782 3960 sic
806 3922 1212 3975 quoquoversus
1250 3911 1568 3979 circuibant,
1599 3914 1699 3983 ipsi
1727 3930 1939 3986 quoque
1967 3917 2034 3971 li-

448 3994 530 4047 bri
561 3995 799 4052 viventcs
828 4006 988 4069 atque
1019 4000 1162 4071 leges
1190 4017 1286 4071 per
1310 4005 1532 4073 gratiam
1568 4005 1739 4062 effecti
1772 4027 1785 4062 :
1825 4009 1906 4064 sic
1935 4010 2034 4065 tria

449 4085 638 4151 millia,
669 4088 745 4141 sic
787 4089 1017 4160 quinque
1048 4092 1237 4158 millia,
1273 4093 1351 4150 sic
1379 4096 1655 4151 universos
1682 4097 1827 4153 orbis
1868 4114 2035 4168 popu-

448 4177 529 4229 lus
559 4188 911 4246 attraxerunt,
955 4182 1060 4236 Deo
1093 4198 1188 4252 per
1219 4200 1403 4239 eorum
1446 4188 1678 4256 linguam
1719 4190 2033 4245 accedentes

448 4269 749 4336 alloquentc
776 4270 910 4340 (Act.
946 4271 998 4324 2.
1027 4274 1116 4328 41.
1157 4284 1204 4328 et
1228 4275 1281 4330 4.
1311 4275 1387 4346 4).
1417 4278 1533 4343 Quo
1557 4279 1692 4334 duce
1715 4282 1873 4335 etiam
1901 4282 2034 4336 Mat-

447 4358 621 4412 thacus
633 4361 826 4426 Spiritu
843 4364 1072 4431 repletus
1091 4364 1205 4422 haec
1217 4368 1428 4436 scripsit
1444 4386 1458 4433 ;
1473 4369 1770 4439 Matthmus,
1792 4372 2028 4443 inquatn,

450 4450 538 4504 ille
581 4451 891 4519 publicanus
925 4475 937 4508 :
971 4471 1074 4510 non
1120 4457 1261 4512 enim
1308 4459 1469 4528 pudet
1510 4476 1630 4516 eum
1673 4463 1740 4518 ab
1778 4473 1892 4519 arte
1933 4478 2032 4520 sua

449 4559 790 4612 nuncupare;
843 4561 1016 4616 neque
1063 4549 1242 4615 illum,
1298 4567 1469 4622 neque
1521 4553 1672 4608 alios.
1725 4554 1838 4609 lloc
1888 4556 2029 4610 enim

449 4638 680 4692 maxime
707 4651 760 4693 et
783 4641 1010 4710 Spiritus
1034 4643 1260 4711 gratiam
1287 4653 1340 4698 et
1366 4646 1574 4700 illorum
1609 4647 1857 4702 virtutem
1883 4662 2030 4702 com-

447 4731 682 4785 mcudat.

510 4981 566 5034 9..
606 4982 752 5051 Opus
795 4993 970 5038 autem
1013 5001 1167 5041 suum
1209 4988 1331 5057 jure
1360 4989 1702 5060 Evangelium
1729 4991 2018 5064 inscripsit.

440 5071 714 5138 Siquidem
761 5073 1018 5128 sublatam
1073 5077 1326 5134 ultionem
1407 5091 1740 5149 peccatorum
1789 5084 2020 5154 veniam,

440 5162 719 5232 justitiam,
749 5167 1244 5243 sanetiticationem,
1292 5176 1737 5246 redemptionem,
1773 5179 2021 5250 adoptio-

439 5269 584 5318 nem,
627 5255 879 5311 ea-lorum
913 5258 1258 5319 hereditatem
1289 5275 1344 5321 et
1372 5268 1740 5337 cognationem
1779 5287 1900 5326 cum
1930 5272 2020 5328 Fi-

439 5341 512 5400 lio
543 5347 659 5413 Dei,
689 5351 939 5406 omnibus
959 5357 1326 5411 annuntiatum
1352 5359 1519 5428 venit,
1549 5361 1798 5428 inimicis,
1828 5363 2020 5434 impro-

440 5435 541 5498 bis,
585 5439 894 5497 sedentibus
938 5443 990 5497 in
1034 5446 1288 5502 tenebris.
1331 5449 1466 5516 Quid
1507 5460 1613 5506 tam
1651 5452 1792 5508 bono
1833 5455 2018 5509 nuntio

439 5532 607 5598 possit
643 5535 882 5604 aequari?
926 5537 1063 5592 Deus
1101 5541 1153 5592 in
1191 5548 1351 5608 terra,
1385 5543 1544 5598 homo
1567 5546 1616 5599 iu
1645 5547 1776 5600 cmlo
1809 5564 1822 5600 :
1850 5547 2016 5602 facta-

434 5638 540 5690 que
587 5627 822 5680 omnium
869 5631 1254 5686 commixtione
1307 5636 1477 5705 angeli
1535 5653 1656 5692 cum
1712 5640 2016 5696 hominibus

434 5712 659 5771 choreas
687 5719 935 5788 agebant,
978 5721 1220 5781 homines
1264 5741 1383 5782 cum
1413 5731 1612 5799 angelis
1658 5733 1883 5804 aliisque
1922 5750 2014 5791 su-

2147 488 2325 543 perms
2359 471 2705 543 potestatibus
2729 467 3079 524 versabantur
3111 487 3122 521 :
3148 463 3439 533 Videreque
3468 471 3584 516 erat
3609 458 3725 512 ίὶὶιι-

2146 575 2360 618 turnum
2386 563 2585 620 bellum
2629 561 2881 626 solutum,
2909 567 2962 614 ct
2989 568 3140 627 pacta
3166 573 3193 608 a
3225 556 3333 609 Deo
3373 568 3494 610 cum
3536 561 3723 605 natua

2148 663 2326 706 nostra
2370 652 2535 718 inita;
2580 650 2849 705 diabolum
2897 647 3099 718 pudore
3142 643 3410 708 allectum,
3451 642 3726 696 dtemouas

2149 743 2382 811 fugatos,
2434 750 2660 796 mortem
2694 737 3046 802 dissolutam,
3097 735 3402 806 paradisum
3447 741 3724 802 apertum,

2147 834 2573 888 maledictionem
2597 832 2850 897 ablatam,
2897 838 3170 898 peccatum
3215 826 3284 881 de
3327 823 3506 880 medio
3549 821 3728 876 subla—

2147 934 2278 991 tum,
2303 938 2538 980 errorem
2559 922 2858 992 depulsum,
2883 921 3158 975 veritatem
3191 931 3477 978 reversam,
3504 913 3726 969 verbum

2147 1015 2356 1086 pietatis
2392 1014 2588 1084 ubique
2611 1012 3012 1067 disseminatum
3042 1021 3097 1065 et
3120 1023 3390 1073 crescens,
3437 1019 3726 1075 supernam

2149 1109 2272 1162 vita:
2297 1109 2557 1162 rationem
2584 1106 2636 1160 iu
2670 1115 2810 1160 terra
2835 1104 3070 1167 insitam,
3101 1101 3327 1156 virtutes
3352 1100 3471 1153 illas
3501 1095 3730 1151 familia-

2150 1200 2278 1254 riter
2319 1199 2594 1253 nobiscunt
2635 1204 2872 1264 agentes,
2900 1192 3120 1263 angelos
3156 1190 3467 1261 frequenter
3496 1188 3546 1242 in
3588 1196 3726 1242 terra

2150 1298 2440 1354 versantes,
2470 1302 2822 1357 magnamque
2864 1300 3014 1356 spem
3046 1285 3358 1339 futurorum.
3398 1283 3523 1337 ldco
3562 1281 3729 1334 histo-

2152 1377 2279 1435 riam
2311 1379 2658 1448 Evangelium
2685 1377 2896 1432 vocavit
2938 1395 2951 1429 :
2989 1377 3139 1445 quasi
3174 1375 3380 1429 scilicet
3406 1373 3507 1425 alia
3547 1370 3727 1425 omnia

2144 1471 2306 1527 verba
2333 1472 2494 1526 rebus
2523 1470 2630 1525 sint
2657 1483 2845 1532 vacua,
2875 1475 2933 1521 ut
2955 1481 3085 1536 epes
3113 1465 3313 1529 multae,
3341 1464 3427 1517 vis
3450 1461 3726 1531 potentiae,

2147 1562 2494 1633 principatus,
2527 1560 2714 1629 gloria,
2749 1558 2998 1622 honores,
3029 1563 3328 1624 cm‘teraque
3367 1553 3568 1618 omnia,
3609 1566 3730 1620 qua:

2146 1652 2286 1724 apud
2336 1651 2578 1706 homines
2625 1651 2762 1705 bona
2811 1663 2932 1704 esse
2979 1654 3264 1717 putantur;
3310 1658 3430 1714 quae
3475 1651 3653 1698 autem
3697 1658 3728 1696 a

2150 1745 2500 1816 piscatoribus
2527 1743 2786 1813 promissa
2820 1741 2991 1805 fuere,
3025 1753 3152 1794 vere
3177 1752 3240 1791 ac
3269 1735 3483 1805 proprie
3501 1748 3732 1804 evange-

2149 1838 2217 1892 lia
2248 1837 2492 1892 dicantur
2543 1849 2695 1889 :non
2741 1832 2912 1888 solum
2962 1831 3086 1901 quia
3136 1830 3286 1883 firma
3332 1825 3730 1895 innnohiliaque

2149 1928 2286 1983 bona
2317 1934 2462 1991 sunt,
2496 1935 2841 1993 nostramque
2869 1921 3243 1990 chUpet-antia
3273 1917 3602 1989 dignitatem,
3636 1915 3730 1970 sed

2148 2019 2308 2074 etiam
2336 2017 2456 2087 quia
2492 2031 2612 2069 eum
2643 2014 2788 2068 omni
2821 2013 3071 2068 facilitate
3106 2010 3262 2066 nobis
3287 2009 3410 2065 data
3439 2019 3580 2064 sunt.
3609 2007 3726 2062 Non

2148 2109 2292 2164 enim
2315 2124 2380 2162 ex
2413 2106 2595 2161 labore
2633 2113 2689 2160 et
2717 2104 2914 2159 sudore
2961 2111 3165 2166 nostro,
3198 2117 3303 2155 non
3343 2116 3408 2155 cx
3452 2097 3726 2162 aerumnis,

2149 2201 2242 2256 sed
2285 2217 2350 2254 ex
2396 2199 2486 2253 Dei
2530 2213 2654 2268 erga
2699 2213 2796 2252 nos
2838 2211 3022 2250 amore
3072 2194 3186 2248 hmc
3225 2193 3578 2262 suscepimus.
3621 2190 3730 2255 Ctu'

2149 2302 2313 2362 porro
2348 2305 2468 2345 cum
2514 2298 2692 2344 tantus
2736 2290 2806 2343 sit
2845 2287 3224 2356 discipulorum
3270 2298 3527 2340 munerus
3555 2325 3570 2349 ,
3619 2283 3725 2338 duo

2153 2392 2352 2438 tantum
2400 2398 2464 2436 ex
2496 2381 2750 2451 apostolis
2776 2379 3034 2444 scribunt,
3083 2389 3137 2434 et
3179 2378 3284 2433 duo
3320 2393 3383 2432 cx
3429 2392 3616 2432 eorum
3641 2391 3729 2431 se-

2150 2473 2440 2546 quacibus?
2481 2473 2613 2529 Nam
2655 2474 2790 2528 alter
2832 2472 3000 2537 Pauli,
3049 2472 3185 2526 alter
3233 2471 3376 2525 Petri
3416 2469 3732 2539 discipulus.

2148 2583 2272 2622 cum
2295 2567 2499 2623 Joanne
2527 2579 2581 2623 et
2609 2569 2857 2625 Matthtco
2885 2570 3169 2643 Evangelia
3193 2573 3548 2643 scripserunt.
3591 2573 3724 2642 Quia

2147 2657 2275 2711 nihil
2305 2674 2398 2727 per
2421 2661 2839 2715 ostentationem
2867 2660 3151 2730 faciebant,
3180 2662 3275 2718 sed
3312 2663 3491 2718 omnia
3520 2664 3588 2718 ad
3619 2664 3725 2719 uti-

2148 2751 2371 2805 litatem.
2403 2751 2542 2819 Quid
2569 2752 2765 2821 igitur?
2789 2768 2971 2808 annon
3011 2753 3309 2810 sufficiebat
3337 2771 3474 2810 unus
3496 2769 3698 2825 evange
3718 2785 3730 2795 -

2147 2841 2291 2908 lista,
2336 2842 2426 2912 qui
2467 2844 2644 2898 omnia
2699 2846 2979 2900 narraret?
3021 2844 3330 2902 Sul'liciebat
3375 2846 3591 2917 quidem
3625 2861 3729 2901 :ac

2147 2931 2274 2987 licet
2327 2944 2556 3002 quatuor
2595 2934 2938 3004 scripserint,
3002 2951 3177 3007 neque
3221 2936 3411 2992 eodem
3462 2947 3725 3007 tempore,

2147 3038 2322 3093 neque
2348 3023 2540 3079 eodem
2566 3024 2781 3092 inloco,
2821 3041 2996 3096 neque
3039 3027 3345 3099 congregati
3389 3027 3547 3082 simul
3572 3036 3627 3082 et
3660 3042 3726 3082 ex

2148 3124 2333 3169 mutuo
2360 3130 2650 3186 congressu
2691 3133 2706 3171 2
2750 3126 2804 3172 Εῑ
2831 3127 3010 3174 tamen
3051 3135 3174 3175 cum
3201 3121 3352 3192 quasi
3390 3137 3455 3177 OX
3487 3136 3592 3177 uno
3633 3137 3728 3176 01⁸ιέ

2149 3207 2324 3260 omnia
2352 3208 2716 3276 pronuntient,
2744 3209 2872 3266 hinc
2894 3226 3086 3282 magna
3113 3213 3340 3277 emergit
3369 3213 3612 3270 veritatis
3632 3213 3728 3268 dc-

2149 3300 2483 3354 monstratio.

2221 3515 2506 3599 Evangelia
2526 3546 2622 3584 cur
2641 3532 2914 3602 aliquando
2939 3537 3069 3590 inter
3087 3553 3138 3591 se
3161 3538 3422 3594 dissentire
3442 3539 3727 3596 uideantur.

2146 3619 2400 3689 —Atqui,
2435 3623 2660 3692 inquies,
2681 3626 2902 3681 omnino
2936 3637 3120 3682 contra
3139 3630 3333 3685 accidit
3358 3647 3373 3684 :
3412 3644 3557 3702 saepe
3584 3633 3728 3688 enim

2148 3709 2288 3764 inter
2306 3725 2366 3766 se
2383 3711 2669 3769 dissentire
2697 3715 3188 3786 deprehenduntur.
3214 3720 3372 3778 Certe
3401 3723 3526 3778 illud
3553 3724 3729 3794 ipsum

2146 3815 2396 3872 magnum
2415 3814 2498 3858 est
2521 3820 2618 3875 pro
2640 3808 2862 3864 veritate
2887 3821 3278 3881 argumentum.
3303 3812 3359 3867 Si
3381 3815 3525 3870 enim
3547 3817 3726 3870 omnia

2144 3905 2391 3951 accurate
2409 3909 2794 3955 consonasseut
2809 3911 2860 3954 et
2880 3913 3134 3972 quantum
3155 3904 3220 3958 ad
3241 3913 3467 3975 tempus,
3490 3916 3723 3976 etquan-

2145 3995 2259 4041 tum
2285 3988 2352 4043 ad
2379 3989 2523 4054 loca,
2569 4001 2623 4044 et
2663 4002 2921 4061 quantum
2949 3993 3015 4047 ad
3046 3995 3156 4063 ipsa
3181 3996 3375 4063 verba,
3404 4013 3468 4052 ex
3499 3997 3724 4052 inimicis

2144 4092 2304 4132 nemo
2323 4079 2622 4134 crediturus
2641 4091 2757 4136 erat
2775 4125 2790 4148 ,
2817 4083 2910 4137 sed
2935 4100 2998 4138 ex
3022 4095 3207 4140 mutuo
3226 4086 3565 4157 humanoque
3589 4103 3726 4142 cou-

2144 4189 2305 4230 sensu
2336 4175 2448 4230 haec
2474 4178 2667 4245 scripta
2702 4177 2865 4233 fuisse
2893 4187 3202 4248 putassent,
3235 4190 3392 4250 atque
3419 4181 3723 4250 hujusmodi

2143 4268 2547 4321 consonantiam
2574 4282 2677 4322 non
2692 4283 2763 4322 ex
2788 4269 3144 4338 simplicitate,
3170 4271 3579 4343 sinecritateque
3602 4289 3723 4344 pro-

2141 4354 2353 4410 cedere.
2376 4355 2495 4410 Jam
2517 4372 2644 4411 vero
2666 4358 2752 4411 illa
2775 4373 2893 4428 quae
2915 4360 2966 4412 in
2989 4361 3190 4429 exiguis
3220 4362 3378 4416 rebus
3397 4362 3724 4432 deprehendi

2140 4448 2350 4502 videtur
2379 4449 2658 4504 diversitas
2677 4490 2693 4515 ,
2726 4465 2942 4505 omnem
2969 4452 3036 4506 ab
3067 4453 3193 4521 ipsis
3233 4455 3592 4524 suspicionem
3622 4457 3718 4511 de—

2137 4540 2317 4608 pellit,
2368 4542 2824 4612 scribentiumque
2857 4542 3016 4598 fidem
3044 4544 3186 4598 clare
3216 4545 3466 4600 vindicat.
3495 4545 3646 4614 Quod
3677 4550 3724 4602 si

2138 4633 2265 4700 quid
2296 4635 2440 4688 circa
2469 4644 2706 4703 tempora
2734 4644 2788 4690 et
2826 4635 2941 4690 loca
2971 4638 3240 4692 varietatis
3285 4639 3635 4707 protulerint,
3667 4640 3720 4695 id

2140 4725 2270 4778 nihil
2299 4725 2463 4779 oflicit
2491 4727 2698 4781 veritati
2725 4728 3076 4794 narrationis;
3107 4729 3159 4783 id
3189 4729 3328 4797 quod
3350 4769 3364 4794 ,
3399 4730 3507 4785 Deo
3533 4730 3717 4796 dante,

2137 4818 2188 4872 in
2210 4819 2550 4887 sequentibus
2566 4819 2936 4875 demonstrare
2954 4820 3288 4876 conabimur.
3316 4822 3518 4878 Practer
3536 4832 3714 4880 autem

2135 4924 2292 4978 supra
2322 4909 2462 4965 dicta
2498 4951 2511 4974 ,
2547 4907 2679 4965 illud
2704 4911 2863 4966 etiam
2894 4925 2989 4966 vos
3017 4910 3308 4967 observare
3335 4929 3621 4984 rogamus,
3662 4916 3717 4969 in

2134 5003 2293 5058 rebus
2324 5003 2602 5073 praecipuis
2621 5043 2636 5067 ,
2667 5019 2786 5072 quae
2811 5003 2877 5057 ad
2904 5005 3067 5058 vitam
3094 5014 3330 5060 nostram
3359 5014 3415 5062 et
3447 5005 3515 5062 ad
3545 5006 3716 5076 ipsam

2135 5093 2563 5163 prmdicationem
2589 5093 2838 5149 tuendam
2862 5095 3162 5165 pertinent,
3191 5097 3394 5152 nullum
3418 5113 3603 5152 eorum
3625 5112 3720 5152 us-

2134 5185 2273 5254 piam
2303 5185 2372 5240 ab
2415 5186 2537 5241 aliis
2576 5187 2660 5243 vel
2709 5187 2987 5243 minimum
3039 5187 3324 5245 dissentire
3363 5189 3716 5258 deprehendi.

2131 5274 2385 5342 Quaenam
2416 5285 2594 5333 autem
2625 5278 2714 5333 illa
2743 5279 3008 5349 prmcipua
3039 5279 3202 5334 sunt?
3232 5278 3399 5336 Deum
3440 5279 3714 5334 hominem

2133 5367 2328 5422 factum
2360 5385 2498 5434 esse,
2539 5371 2798 5425 miracula
2827 5371 3076 5439 edidisse,
3108 5372 3418 5428 cruciﬁxum
3439 5386 3504 5426 ac
3532 5373 3716 5441 sepul-

2139 5473 2250 5520 tum
2277 5461 2476 5531 fuisse,
2505 5465 2864 5521 resurrexisse
2883 5507 2898 5532 ,
2929 5467 2982 5520 in
3025 5467 3215 5522 etclam
3259 5465 3564 5523 ascendisse
3583 5509 3599 5535 ,
3625 5466 3716 5538 ju-

2133 5555 2432 5611 dicaturum
2459 5570 2612 5622 esse,
2655 5557 2906 5612 salutaria
2950 5557 3164 5613 dedisse
3210 5567 3514 5627 praecepta,
3543 5557 3715 5629 legem

2130 5649 2298 5703 veteri
2329 5663 2434 5702 non
2463 5648 2784 5702 contrariam
2817 5647 3084 5702 induxisse
3110 5665 3122 5699 :
3155 5648 3325 5716 ipsum
3347 5643 3539 5703 Filium
3559 5663 3708 5712 csse,

2133 5738 2490 5812 Unigenitum,
2525 5743 2832 5814 genuinum,
2865 5741 3104 5808 ejusdem
3129 5756 3250 5796 cum
3281 5741 3437 5800 Patre
3464 5743 3713 5799 substan-
