  <div class='ocr_page' id='page_1' title='image "/cluster/home/n/w/nwhite01/storage/ocr_20150623/57/mdp.39015008622600/031.png"; bbox 0 0 4060 6156; ppageno 0'>
   <div class='ocr_carea' id='block_1_1' title="bbox 412 200 3728 314">
    <p class='ocr_par' dir='ltr' id='par_1_1' title="bbox 412 200 3728 314">
     <span class='ocr_line' id='line_1_1' title="bbox 412 200 3728 314; baseline 0.019 -63"><span class='ocrx_word' id='word_1_1' title='bbox 412 200 479 314; x_wconf 48' lang='lat' dir='ltr'><strong>i7</strong></span> <span class='ocrx_word' id='word_1_2' title='bbox 645 296 694 314; x_wconf 52' lang='grc' dir='ltr'><strong>μ</strong></span> <span class='ocrx_word' id='word_1_3' title='bbox 781 299 792 309; x_wconf 43' lang='lat'>.</span> <span class='ocrx_word' id='word_1_4' title='bbox 996 302 1050 314; x_wconf 54' lang='grc' dir='ltr'><em>Ν</em></span> <span class='ocrx_word' id='word_1_5' title='bbox 1099 219 1474 314; x_wconf 45' lang='grc' dir='ltr'><strong>8...Ι(ξΛΝΝΙξ</strong></span> <span class='ocrx_word' id='word_1_6' title='bbox 1515 228 2003 292; x_wconf 79' lang='lat' dir='ltr'><strong>CIIRYSOSTOMI</strong></span> <span class='ocrx_word' id='word_1_7' title='bbox 2045 241 2362 296; x_wconf 73' lang='lat' dir='ltr'><strong>AIiCIIIEi’.</strong></span> <span class='ocrx_word' id='word_1_8' title='bbox 2405 203 2948 302; x_wconf 61' lang='lat' dir='ltr'><strong>CONSTANTINOP.</strong></span> <span class='ocrx_word' id='word_1_9' title='bbox 3572 261 3640 314; x_wconf 73' lang='lat' dir='ltr'><strong>IS</strong></span> <span class='ocrx_word' id='word_1_10' title='bbox 3719 262 3728 298; x_wconf 62' lang='grc' dir='ltr'>ι</span> 
     </span>
    </p>
   </div>
   <div class='ocr_carea' id='block_1_2' title="bbox 402 293 1975 381">
    <p class='ocr_par' dir='ltr' id='par_1_2' title="bbox 402 293 1975 381">
     <span class='ocr_line' id='line_1_2' title="bbox 402 293 1975 381; baseline 0.018 -39"><span class='ocrx_word' id='word_1_11' title='bbox 402 293 486 344; x_wconf 65' lang='lat' dir='ltr'><strong>the</strong></span> <span class='ocrx_word' id='word_1_12' title='bbox 518 312 531 348; x_wconf 90' lang='lat'><strong>:</strong></span> <span class='ocrx_word' id='word_1_13' title='bbox 557 305 610 350; x_wconf 90' lang='lat' dir='ltr'><strong>et</strong></span> <span class='ocrx_word' id='word_1_14' title='bbox 644 296 725 352; x_wconf 89' lang='lat' dir='ltr'><strong>his</strong></span> <span class='ocrx_word' id='word_1_15' title='bbox 751 299 962 354; x_wconf 77' lang='lat' dir='ltr'><strong>similia.</strong></span> <span class='ocrx_word' id='word_1_16' title='bbox 993 302 1142 357; x_wconf 89' lang='lat' dir='ltr'><strong>Circa</strong></span> <span class='ocrx_word' id='word_1_17' title='bbox 1176 304 1360 361; x_wconf 83' lang='lat' dir='ltr'><strong>istbacc</strong></span> <span class='ocrx_word' id='word_1_18' title='bbox 1386 309 1526 363; x_wconf 90' lang='lat' dir='ltr'><strong>enim</strong></span> <span class='ocrx_word' id='word_1_19' title='bbox 1557 329 1798 381; x_wconf 87' lang='lat' dir='ltr'><strong>magnam</strong></span> <span class='ocrx_word' id='word_1_20' title='bbox 1832 319 1975 371; x_wconf 90' lang='lat' dir='ltr'><strong>inve-</strong></span> 
     </span>
    </p>
   </div>
   <div class='ocr_carea' id='block_1_3' title="bbox 400 383 1974 462">
    <p class='ocr_par' dir='ltr' id='par_1_3' title="bbox 400 383 1974 462">
     <span class='ocr_line' id='line_1_3' title="bbox 400 383 1974 462; baseline 0.019 -30"><span class='ocrx_word' id='word_1_21' title='bbox 400 383 606 438; x_wconf 88' lang='lat' dir='ltr'><strong>niemus</strong></span> <span class='ocrx_word' id='word_1_22' title='bbox 628 385 764 440; x_wconf 93' lang='lat' dir='ltr'><strong>inter</strong></span> <span class='ocrx_word' id='word_1_23' title='bbox 792 389 934 457; x_wconf 86' lang='lat' dir='ltr'><strong>ipsos</strong></span> <span class='ocrx_word' id='word_1_24' title='bbox 954 395 1378 449; x_wconf 79' lang='lat' dir='ltr'><strong>consonantiam.</strong></span> <span class='ocrx_word' id='word_1_25' title='bbox 1402 398 1454 452; x_wconf 91' lang='lat' dir='ltr'><strong>Si</strong></span> <span class='ocrx_word' id='word_1_26' title='bbox 1483 415 1606 454; x_wconf 88' lang='lat' dir='ltr'><strong>vero</strong></span> <span class='ocrx_word' id='word_1_27' title='bbox 1631 403 1680 454; x_wconf 93' lang='lat' dir='ltr'><strong>in</strong></span> <span class='ocrx_word' id='word_1_28' title='bbox 1705 405 1974 462; x_wconf 78' lang='lat' dir='ltr'><strong>miraculis</strong></span> 
     </span>
    </p>
   </div>
   <div class='ocr_carea' id='block_1_4' title="bbox 398 482 1968 564">
    <p class='ocr_par' dir='ltr' id='par_1_4' title="bbox 398 482 1968 564">
     <span class='ocr_line' id='line_1_4' title="bbox 398 482 1968 564; baseline 0.018 -40"><span class='ocrx_word' id='word_1_29' title='bbox 398 491 501 527; x_wconf 91' lang='lat' dir='ltr'><strong>non</strong></span> <span class='ocrx_word' id='word_1_30' title='bbox 525 491 709 532; x_wconf 89' lang='lat' dir='ltr'><strong>omnes</strong></span> <span class='ocrx_word' id='word_1_31' title='bbox 731 482 908 534; x_wconf 86' lang='lat' dir='ltr'><strong>omnia</strong></span> <span class='ocrx_word' id='word_1_32' title='bbox 935 483 1217 551; x_wconf 86' lang='lat' dir='ltr'><strong>dixerunt,</strong></span> <span class='ocrx_word' id='word_1_33' title='bbox 1243 490 1334 542; x_wconf 92' lang='lat' dir='ltr'><strong>sed</strong></span> <span class='ocrx_word' id='word_1_34' title='bbox 1359 490 1492 544; x_wconf 87' lang='lat' dir='ltr'><strong>alius</strong></span> <span class='ocrx_word' id='word_1_35' title='bbox 1521 490 1632 545; x_wconf 72' lang='lat' dir='ltr'><strong>htcc</strong></span> <span class='ocrx_word' id='word_1_36' title='bbox 1656 533 1672 558; x_wconf 88' lang='lat'><strong>,</strong></span> <span class='ocrx_word' id='word_1_37' title='bbox 1702 495 1835 551; x_wconf 88' lang='lat' dir='ltr'><strong>alius</strong></span> <span class='ocrx_word' id='word_1_38' title='bbox 1862 499 1968 564; x_wconf 83' lang='lat' dir='ltr'><strong>illa,</strong></span> 
     </span>
    </p>
   </div>
   <div class='ocr_carea' id='block_1_5' title="bbox 396 565 1968 646">
    <p class='ocr_par' dir='ltr' id='par_1_5' title="bbox 396 565 1968 646">
     <span class='ocr_line' id='line_1_5' title="bbox 396 565 1968 646; baseline 0.015 -30"><span class='ocrx_word' id='word_1_39' title='bbox 396 579 460 618; x_wconf 92' lang='lat' dir='ltr'><strong>ne</strong></span> <span class='ocrx_word' id='word_1_40' title='bbox 505 565 622 620; x_wconf 85' lang='lat' dir='ltr'><strong>ideo</strong></span> <span class='ocrx_word' id='word_1_41' title='bbox 669 569 930 636; x_wconf 84' lang='lat' dir='ltr'><strong>turberis;</strong></span> <span class='ocrx_word' id='word_1_42' title='bbox 983 589 1104 627; x_wconf 92' lang='lat' dir='ltr'><strong>nam</strong></span> <span class='ocrx_word' id='word_1_43' title='bbox 1131 575 1175 629; x_wconf 91' lang='lat' dir='ltr'><strong>si</strong></span> <span class='ocrx_word' id='word_1_44' title='bbox 1207 593 1343 632; x_wconf 90' lang='lat' dir='ltr'><strong>unus</strong></span> <span class='ocrx_word' id='word_1_45' title='bbox 1374 580 1546 633; x_wconf 84' lang='lat' dir='ltr'><strong>omnia</strong></span> <span class='ocrx_word' id='word_1_46' title='bbox 1593 581 1846 646; x_wconf 77' lang='lat' dir='ltr'><strong>dixisset,</strong></span> <span class='ocrx_word' id='word_1_47' title='bbox 1877 602 1968 640; x_wconf 92' lang='lat' dir='ltr'><strong>sn-</strong></span> 
     </span>
    </p>
   </div>
   <div class='ocr_carea' id='block_1_6' title="bbox 394 655 1970 734">
    <p class='ocr_par' dir='ltr' id='par_1_6' title="bbox 394 655 1970 734">
     <span class='ocr_line' id='line_1_6' title="bbox 394 655 1970 734; baseline 0.017 -30"><span class='ocrx_word' id='word_1_48' title='bbox 394 655 626 721; x_wconf 81' lang='lat' dir='ltr'><strong>perfluus</strong></span> <span class='ocrx_word' id='word_1_49' title='bbox 650 669 793 714; x_wconf 91' lang='lat' dir='ltr'><strong>esset</strong></span> <span class='ocrx_word' id='word_1_50' title='bbox 818 663 1140 731; x_wconf 90' lang='lat' dir='ltr'><strong>reliquorum</strong></span> <span class='ocrx_word' id='word_1_51' title='bbox 1173 683 1453 734; x_wconf 89' lang='lat' dir='ltr'><strong>numerus;</strong></span> <span class='ocrx_word' id='word_1_52' title='bbox 1482 671 1563 724; x_wconf 87' lang='lat' dir='ltr'><strong>sin</strong></span> <span class='ocrx_word' id='word_1_53' title='bbox 1590 687 1774 728; x_wconf 87' lang='lat' dir='ltr'><strong>onmes</strong></span> <span class='ocrx_word' id='word_1_54' title='bbox 1797 675 1970 730; x_wconf 82' lang='lat' dir='ltr'><strong>diver-</strong></span> 
     </span>
    </p>
   </div>
   <div class='ocr_carea' id='block_1_7' title="bbox 388 745 1967 830">
    <p class='ocr_par' dir='ltr' id='par_1_7' title="bbox 388 745 1967 830">
     <span class='ocr_line' id='line_1_7' title="bbox 388 745 1967 830; baseline 0.016 -34"><span class='ocrx_word' id='word_1_55' title='bbox 388 760 443 796; x_wconf 89' lang='lat' dir='ltr'><strong>sa</strong></span> <span class='ocrx_word' id='word_1_56' title='bbox 473 745 488 776; x_wconf 77' lang='grc' dir='ltr'>ί</span> <span class='ocrx_word' id='word_1_57' title='bbox 516 756 569 800; x_wconf 85' lang='lat' dir='ltr'><strong>et</strong></span> <span class='ocrx_word' id='word_1_58' title='bbox 613 764 746 803; x_wconf 88' lang='lat' dir='ltr'><strong>nova</strong></span> <span class='ocrx_word' id='word_1_59' title='bbox 779 754 1147 822; x_wconf 70' lang='lat' dir='ltr'><strong>scripsissent,</strong></span> <span class='ocrx_word' id='word_1_60' title='bbox 1196 758 1397 812; x_wconf 93' lang='lat' dir='ltr'><strong>nullum</strong></span> <span class='ocrx_word' id='word_1_61' title='bbox 1444 773 1753 830; x_wconf 89' lang='lat' dir='ltr'><strong>suppeteret</strong></span> <span class='ocrx_word' id='word_1_62' title='bbox 1777 780 1967 821; x_wconf 85' lang='lat' dir='ltr'><strong>conso-</strong></span> 
     </span>
    </p>
   </div>
   <div class='ocr_carea' id='block_1_8' title="bbox 385 838 1962 919">
    <p class='ocr_par' dir='ltr' id='par_1_8' title="bbox 385 838 1962 919">
     <span class='ocr_line' id='line_1_8' title="bbox 385 838 1962 919; baseline 0.015 -32"><span class='ocrx_word' id='word_1_63' title='bbox 385 838 582 892; x_wconf 71' lang='lat' dir='ltr'><strong>nantia:</strong></span> <span class='ocrx_word' id='word_1_64' title='bbox 617 855 1006 909; x_wconf 77' lang='lat' dir='ltr'><strong>argumentum.</strong></span> <span class='ocrx_word' id='word_1_65' title='bbox 1052 846 1174 900; x_wconf 94' lang='lat' dir='ltr'><strong>Ideo</strong></span> <span class='ocrx_word' id='word_1_66' title='bbox 1203 850 1367 903; x_wconf 91' lang='lat' dir='ltr'><strong>multa</strong></span> <span class='ocrx_word' id='word_1_67' title='bbox 1395 852 1414 881; x_wconf 81' lang='lat'>&#39;</span> <span class='ocrx_word' id='word_1_68' title='bbox 1447 852 1624 919; x_wconf 83' lang='lat' dir='ltr'><strong>plures</strong></span> <span class='ocrx_word' id='word_1_69' title='bbox 1651 853 1808 909; x_wconf 87' lang='lat' dir='ltr'><strong>simul</strong></span> <span class='ocrx_word' id='word_1_70' title='bbox 1840 872 1962 911; x_wconf 89' lang='lat' dir='ltr'><strong>nar-</strong></span> 
     </span>
    </p>
   </div>
   <div class='ocr_carea' id='block_1_9' title="bbox 384 933 1956 1009">
    <p class='ocr_par' dir='ltr' id='par_1_9' title="bbox 384 933 1956 1009">
     <span class='ocr_line' id='line_1_9' title="bbox 384 933 1956 1009; baseline 0.017 -33"><span class='ocrx_word' id='word_1_71' title='bbox 384 936 587 993; x_wconf 87' lang='lat' dir='ltr'><strong>rarunt,</strong></span> <span class='ocrx_word' id='word_1_72' title='bbox 613 940 666 982; x_wconf 91' lang='lat' dir='ltr'><strong>et</strong></span> <span class='ocrx_word' id='word_1_73' title='bbox 692 933 880 1000; x_wconf 83' lang='lat' dir='ltr'><strong>singuli</strong></span> <span class='ocrx_word' id='word_1_74' title='bbox 903 936 1167 1004; x_wconf 87' lang='lat' dir='ltr'><strong>quidpiam</strong></span> <span class='ocrx_word' id='word_1_75' title='bbox 1198 939 1294 991; x_wconf 85' lang='lat' dir='ltr'><strong>sibi</strong></span> <span class='ocrx_word' id='word_1_76' title='bbox 1319 942 1589 1009; x_wconf 84' lang='lat' dir='ltr'><strong>preprium</strong></span> <span class='ocrx_word' id='word_1_77' title='bbox 1618 945 1956 1002; x_wconf 92' lang='lat' dir='ltr'><strong>scribendum</strong></span> 
     </span>
    </p>
   </div>
   <div class='ocr_carea' id='block_1_10' title="bbox 387 1027 1957 1108">
    <p class='ocr_par' dir='ltr' id='par_1_10' title="bbox 387 1027 1957 1108">
     <span class='ocr_line' id='line_1_10' title="bbox 387 1027 1957 1108; baseline 0.017 -41"><span class='ocrx_word' id='word_1_78' title='bbox 387 1031 769 1086; x_wconf 83' lang='lat' dir='ltr'><strong>susceperunt,</strong></span> <span class='ocrx_word' id='word_1_79' title='bbox 815 1041 881 1078; x_wconf 92' lang='lat' dir='ltr'><strong>ne</strong></span> <span class='ocrx_word' id='word_1_80' title='bbox 911 1027 1034 1094; x_wconf 89' lang='lat' dir='ltr'><strong>quid</strong></span> <span class='ocrx_word' id='word_1_81' title='bbox 1077 1030 1400 1096; x_wconf 76' lang='lat' dir='ltr'><strong>superfluum</strong></span> <span class='ocrx_word' id='word_1_82' title='bbox 1433 1033 1514 1086; x_wconf 87' lang='lat' dir='ltr'><strong>vel</strong></span> <span class='ocrx_word' id='word_1_83' title='bbox 1548 1043 1747 1091; x_wconf 78' lang='lat' dir='ltr'>temere</span> <span class='ocrx_word' id='word_1_84' title='bbox 1777 1039 1957 1108; x_wconf 84' lang='lat' dir='ltr'><strong>proje-</strong></span> 
     </span>
    </p>
   </div>
   <div class='ocr_carea' id='block_1_11' title="bbox 380 1109 1955 1187">
    <p class='ocr_par' dir='ltr' id='par_1_11' title="bbox 380 1109 1955 1187">
     <span class='ocr_line' id='line_1_11' title="bbox 380 1109 1955 1187; baseline 0.016 -29"><span class='ocrx_word' id='word_1_85' title='bbox 380 1115 524 1160; x_wconf 92' lang='lat' dir='ltr'><strong>ctum</strong></span> <span class='ocrx_word' id='word_1_86' title='bbox 550 1109 746 1165; x_wconf 85' lang='lat' dir='ltr'><strong>dixisse</strong></span> <span class='ocrx_word' id='word_1_87' title='bbox 769 1113 1064 1180; x_wconf 90' lang='lat' dir='ltr'><strong>videantur,</strong></span> <span class='ocrx_word' id='word_1_88' title='bbox 1093 1127 1254 1187; x_wconf 88' lang='lat' dir='ltr'><strong>utque</strong></span> <span class='ocrx_word' id='word_1_89' title='bbox 1277 1121 1511 1177; x_wconf 89' lang='lat' dir='ltr'><strong>veritatis</strong></span> <span class='ocrx_word' id='word_1_90' title='bbox 1535 1135 1835 1181; x_wconf 91' lang='lat' dir='ltr'><strong>accuratam</strong></span> <span class='ocrx_word' id='word_1_91' title='bbox 1862 1145 1955 1183; x_wconf 92' lang='lat' dir='ltr'><strong>no-</strong></span> 
     </span>
    </p>
   </div>
   <div class='ocr_carea' id='block_1_12' title="bbox 381 1195 1138 1264">
    <p class='ocr_par' dir='ltr' id='par_1_12' title="bbox 381 1195 1138 1264">
     <span class='ocr_line' id='line_1_12' title="bbox 381 1195 1138 1264; baseline 0.02 -18"><span class='ocrx_word' id='word_1_92' title='bbox 381 1195 460 1247; x_wconf 78' lang='lat' dir='ltr'><strong>bis</strong></span> <span class='ocrx_word' id='word_1_93' title='bbox 482 1199 842 1264; x_wconf 84' lang='lat' dir='ltr'><strong>probationem</strong></span> <span class='ocrx_word' id='word_1_94' title='bbox 868 1204 1138 1261; x_wconf 74' lang='lat' dir='ltr'><strong>offerrent.</strong></span> 
     </span>
    </p>
   </div>
   <div class='ocr_carea' id='block_1_13' title="bbox 444 1408 1948 1486">
    <p class='ocr_par' dir='ltr' id='par_1_13' title="bbox 444 1408 1948 1486">
     <span class='ocr_line' id='line_1_13' title="bbox 444 1408 1948 1486; baseline 0.007 -23"><span class='ocrx_word' id='word_1_95' title='bbox 444 1409 497 1464; x_wconf 81' lang='lat'><strong>5.</strong></span> <span class='ocrx_word' id='word_1_96' title='bbox 528 1408 698 1466; x_wconf 88' lang='lat' dir='ltr'><strong>Lucas</strong></span> <span class='ocrx_word' id='word_1_97' title='bbox 720 1412 878 1482; x_wconf 81' lang='lat' dir='ltr'><strong>igitur</strong></span> <span class='ocrx_word' id='word_1_98' title='bbox 899 1416 1058 1467; x_wconf 86' lang='lat' dir='ltr'><strong>etiam</strong></span> <span class='ocrx_word' id='word_1_99' title='bbox 1087 1429 1300 1468; x_wconf 90' lang='lat' dir='ltr'><strong>causam</strong></span> <span class='ocrx_word' id='word_1_100' title='bbox 1330 1415 1482 1468; x_wconf 87' lang='lat' dir='ltr'><strong>nobis</strong></span> <span class='ocrx_word' id='word_1_101' title='bbox 1510 1417 1730 1484; x_wconf 86' lang='lat' dir='ltr'><strong>profert,</strong></span> <span class='ocrx_word' id='word_1_102' title='bbox 1757 1433 1859 1486; x_wconf 89' lang='lat' dir='ltr'><strong>qua</strong></span> <span class='ocrx_word' id='word_1_103' title='bbox 1882 1419 1948 1473; x_wconf 87' lang='lat' dir='ltr'><strong>ad</strong></span> 
     </span>
    </p>
   </div>
   <div class='ocr_carea' id='block_1_14' title="bbox 369 1500 1947 1575">
    <p class='ocr_par' dir='ltr' id='par_1_14' title="bbox 369 1500 1947 1575">
     <span class='ocr_line' id='line_1_14' title="bbox 369 1500 1947 1575; baseline 0.006 -23"><span class='ocrx_word' id='word_1_104' title='bbox 369 1500 707 1555; x_wconf 90' lang='lat' dir='ltr'><strong>scribendum</strong></span> <span class='ocrx_word' id='word_1_105' title='bbox 737 1503 985 1558; x_wconf 88' lang='lat' dir='ltr'><strong>inductus</strong></span> <span class='ocrx_word' id='word_1_106' title='bbox 1014 1515 1128 1559; x_wconf 86' lang='lat' dir='ltr'><strong>est:</strong></span> <span class='ocrx_word' id='word_1_107' title='bbox 1185 1506 1251 1559; x_wconf 88' lang='lat' dir='ltr'><strong>Ut</strong></span> <span class='ocrx_word' id='word_1_108' title='bbox 1282 1506 1464 1560; x_wconf 77' lang='lat' dir='ltr'><strong>habeas</strong></span> <span class='ocrx_word' id='word_1_109' title='bbox 1486 1549 1499 1570; x_wconf 92' lang='lat'><strong>,</strong></span> <span class='ocrx_word' id='word_1_110' title='bbox 1534 1507 1736 1575; x_wconf 92' lang='lat' dir='ltr'><strong>inquit,</strong></span> <span class='ocrx_word' id='word_1_111' title='bbox 1777 1525 1947 1562; x_wconf 84' lang='lat' dir='ltr'><strong>eorum</strong></span> 
     </span>
    </p>
   </div>
   <div class='ocr_carea' id='block_1_15' title="bbox 367 1590 1944 1670">
    <p class='ocr_par' dir='ltr' id='par_1_15' title="bbox 367 1590 1944 1670">
     <span class='ocr_line' id='line_1_15' title="bbox 367 1590 1944 1670; baseline 0.008 -28"><span class='ocrx_word' id='word_1_112' title='bbox 367 1590 625 1644; x_wconf 62' lang='lat' dir='ltr'><strong>verborum</strong></span> <span class='ocrx_word' id='word_1_113' title='bbox 647 1633 660 1656; x_wconf 91' lang='lat'><strong>,</strong></span> <span class='ocrx_word' id='word_1_114' title='bbox 695 1594 756 1645; x_wconf 89' lang='lat' dir='ltr'><strong>de</strong></span> <span class='ocrx_word' id='word_1_115' title='bbox 793 1596 971 1661; x_wconf 82' lang='lat' dir='ltr'><strong>quibus</strong></span> <span class='ocrx_word' id='word_1_116' title='bbox 1011 1596 1260 1649; x_wconf 84' lang='lat' dir='ltr'><strong>institutus</strong></span> <span class='ocrx_word' id='word_1_117' title='bbox 1299 1614 1380 1658; x_wconf 87' lang='lat' dir='ltr'><strong>es,</strong></span> <span class='ocrx_word' id='word_1_118' title='bbox 1431 1599 1683 1651; x_wconf 83' lang='lat' dir='ltr'><strong>veritatem</strong></span> <span class='ocrx_word' id='word_1_119' title='bbox 1708 1599 1867 1670; x_wconf 84' lang='lat' dir='ltr'><strong>(Luc.</strong></span> <span class='ocrx_word' id='word_1_120' title='bbox 1893 1602 1944 1654; x_wconf 87' lang='lat' dir='ltr'><strong>I.</strong></span> 
     </span>
    </p>
   </div>
   <div class='ocr_carea' id='block_1_16' title="bbox 367 1680 1944 1759">
    <p class='ocr_par' dir='ltr' id='par_1_16' title="bbox 367 1680 1944 1759">
     <span class='ocr_line' id='line_1_16' title="bbox 367 1680 1944 1759; baseline 0.008 -27"><span class='ocrx_word' id='word_1_121' title='bbox 367 1680 436 1748; x_wconf 73' lang='grc'><strong>4)</strong></span> <span class='ocrx_word' id='word_1_122' title='bbox 461 1698 474 1745; x_wconf 91' lang='grc'><strong>;</strong></span> <span class='ocrx_word' id='word_1_123' title='bbox 506 1681 556 1734; x_wconf 93' lang='lat' dir='ltr'><strong>id</strong></span> <span class='ocrx_word' id='word_1_124' title='bbox 587 1691 668 1736; x_wconf 89' lang='lat' dir='ltr'><strong>est</strong></span> <span class='ocrx_word' id='word_1_125' title='bbox 689 1724 701 1746; x_wconf 95' lang='lat'><strong>,</strong></span> <span class='ocrx_word' id='word_1_126' title='bbox 733 1683 799 1738; x_wconf 89' lang='lat' dir='ltr'><strong>Ut</strong></span> <span class='ocrx_word' id='word_1_127' title='bbox 829 1700 970 1754; x_wconf 71' lang='lat' dir='ltr'><strong>smpe</strong></span> <span class='ocrx_word' id='word_1_128' title='bbox 999 1687 1352 1741; x_wconf 86' lang='lat' dir='ltr'><strong>commonitus</strong></span> <span class='ocrx_word' id='word_1_129' title='bbox 1380 1702 1556 1743; x_wconf 87' lang='lat' dir='ltr'><strong>certus</strong></span> <span class='ocrx_word' id='word_1_130' title='bbox 1580 1690 1652 1743; x_wconf 87' lang='lat' dir='ltr'><strong>sis</strong></span> <span class='ocrx_word' id='word_1_131' title='bbox 1677 1731 1692 1756; x_wconf 97' lang='lat'><strong>,</strong></span> <span class='ocrx_word' id='word_1_132' title='bbox 1725 1706 1944 1759; x_wconf 71' lang='lat' dir='ltr'><strong>persuao</strong></span> 
     </span>
    </p>
   </div>
   <div class='ocr_carea' id='block_1_17' title="bbox 365 1776 1940 1850">
    <p class='ocr_par' dir='ltr' id='par_1_17' title="bbox 365 1776 1940 1850">
     <span class='ocr_line' id='line_1_17' title="bbox 365 1776 1940 1850; baseline 0.011 -29"><span class='ocrx_word' id='word_1_133' title='bbox 365 1786 562 1841; x_wconf 80' lang='lat' dir='ltr'><strong>susque</strong></span> <span class='ocrx_word' id='word_1_134' title='bbox 581 1789 816 1830; x_wconf 90' lang='lat' dir='ltr'><strong>maneas.</strong></span> <span class='ocrx_word' id='word_1_135' title='bbox 841 1776 1072 1832; x_wconf 81' lang='lat' dir='ltr'><strong>Joannes</strong></span> <span class='ocrx_word' id='word_1_136' title='bbox 1091 1794 1214 1833; x_wconf 88' lang='lat' dir='ltr'><strong>vero</strong></span> <span class='ocrx_word' id='word_1_137' title='bbox 1231 1795 1441 1834; x_wconf 81' lang='lat' dir='ltr'><strong>causam</strong></span> <span class='ocrx_word' id='word_1_138' title='bbox 1466 1783 1728 1836; x_wconf 83' lang='lat' dir='ltr'><strong>scribendi</strong></span> <span class='ocrx_word' id='word_1_139' title='bbox 1751 1787 1940 1850; x_wconf 86' lang='lat' dir='ltr'><strong>tacuit;</strong></span> 
     </span>
    </p>
   </div>
   <div class='ocr_carea' id='block_1_18' title="bbox 365 1867 1942 1945">
    <p class='ocr_par' dir='ltr' id='par_1_18' title="bbox 365 1867 1942 1945">
     <span class='ocr_line' id='line_1_18' title="bbox 365 1867 1942 1945; baseline 0.01 -30"><span class='ocrx_word' id='word_1_140' title='bbox 365 1874 422 1916; x_wconf 90' lang='lat' dir='ltr'><strong>ttt</strong></span> <span class='ocrx_word' id='word_1_141' title='bbox 461 1873 637 1920; x_wconf 90' lang='lat' dir='ltr'><strong>autem</strong></span> <span class='ocrx_word' id='word_1_142' title='bbox 665 1867 772 1935; x_wconf 88' lang='lat' dir='ltr'><strong>jam</strong></span> <span class='ocrx_word' id='word_1_143' title='bbox 803 1869 928 1922; x_wconf 92' lang='lat' dir='ltr'><strong>olim</strong></span> <span class='ocrx_word' id='word_1_144' title='bbox 954 1886 983 1923; x_wconf 89' lang='lat' dir='ltr'><strong>a</strong></span> <span class='ocrx_word' id='word_1_145' title='bbox 1031 1871 1318 1940; x_wconf 87' lang='lat' dir='ltr'><strong>majoribus</strong></span> <span class='ocrx_word' id='word_1_146' title='bbox 1349 1884 1403 1926; x_wconf 91' lang='lat' dir='ltr'><strong>et</strong></span> <span class='ocrx_word' id='word_1_147' title='bbox 1448 1875 1684 1942; x_wconf 82' lang='lat' dir='ltr'><strong>patribus</strong></span> <span class='ocrx_word' id='word_1_148' title='bbox 1729 1879 1942 1945; x_wconf 89' lang='lat' dir='ltr'><strong>accepi—</strong></span> 
     </span>
    </p>
   </div>
   <div class='ocr_carea' id='block_1_19' title="bbox 361 1959 1937 2036">
    <p class='ocr_par' dir='ltr' id='par_1_19' title="bbox 361 1959 1937 2036">
     <span class='ocr_line' id='line_1_19' title="bbox 361 1959 1937 2036; baseline 0.01 -30"><span class='ocrx_word' id='word_1_149' title='bbox 361 1969 480 2008; x_wconf 88' lang='lat' dir='ltr'><strong>mus</strong></span> <span class='ocrx_word' id='word_1_150' title='bbox 498 1996 516 2019; x_wconf 89' lang='lat'><strong>,</strong></span> <span class='ocrx_word' id='word_1_151' title='bbox 542 1972 644 2010; x_wconf 91' lang='lat' dir='ltr'><strong>non</strong></span> <span class='ocrx_word' id='word_1_152' title='bbox 668 1959 784 2013; x_wconf 89' lang='lat' dir='ltr'><strong>sine</strong></span> <span class='ocrx_word' id='word_1_153' title='bbox 810 1975 962 2013; x_wconf 86' lang='lat' dir='ltr'><strong>causa</strong></span> <span class='ocrx_word' id='word_1_154' title='bbox 985 1962 1050 2014; x_wconf 92' lang='lat' dir='ltr'><strong>ad</strong></span> <span class='ocrx_word' id='word_1_155' title='bbox 1073 1963 1412 2018; x_wconf 87' lang='lat' dir='ltr'><strong>scribendum</strong></span> <span class='ocrx_word' id='word_1_156' title='bbox 1440 1966 1674 2019; x_wconf 89' lang='lat' dir='ltr'><strong>animum</strong></span> <span class='ocrx_word' id='word_1_157' title='bbox 1695 1969 1898 2036; x_wconf 88' lang='lat' dir='ltr'><strong>appulit</strong></span> <span class='ocrx_word' id='word_1_158' title='bbox 1925 1987 1937 2022; x_wconf 94' lang='lat'><strong>:</strong></span> 
     </span>
    </p>
   </div>
   <div class='ocr_carea' id='block_1_20' title="bbox 358 2045 1938 2125">
    <p class='ocr_par' dir='ltr' id='par_1_20' title="bbox 358 2045 1938 2125">
     <span class='ocr_line' id='line_1_20' title="bbox 358 2045 1938 2125; baseline 0.009 -26"><span class='ocrx_word' id='word_1_159' title='bbox 358 2045 451 2100; x_wconf 83' lang='lat' dir='ltr'><strong>sed</strong></span> <span class='ocrx_word' id='word_1_160' title='bbox 481 2048 601 2116; x_wconf 86' lang='lat' dir='ltr'><strong>quia</strong></span> <span class='ocrx_word' id='word_1_161' title='bbox 629 2050 864 2118; x_wconf 91' lang='lat' dir='ltr'><strong>priorum</strong></span> <span class='ocrx_word' id='word_1_162' title='bbox 894 2053 1048 2105; x_wconf 88' lang='lat' dir='ltr'><strong>trium</strong></span> <span class='ocrx_word' id='word_1_163' title='bbox 1083 2053 1164 2106; x_wconf 87' lang='lat' dir='ltr'><strong>hic</strong></span> <span class='ocrx_word' id='word_1_164' title='bbox 1196 2069 1388 2125; x_wconf 92' lang='lat' dir='ltr'><strong>scopus</strong></span> <span class='ocrx_word' id='word_1_165' title='bbox 1436 2055 1641 2121; x_wconf 89' lang='lat' dir='ltr'><strong>fuerat,</strong></span> <span class='ocrx_word' id='word_1_166' title='bbox 1674 2068 1732 2112; x_wconf 93' lang='lat' dir='ltr'><strong>ut</strong></span> <span class='ocrx_word' id='word_1_167' title='bbox 1759 2059 1824 2113; x_wconf 89' lang='lat' dir='ltr'><strong>de</strong></span> <span class='ocrx_word' id='word_1_168' title='bbox 1851 2075 1938 2114; x_wconf 79' lang='lat' dir='ltr'><strong>as-</strong></span> 
     </span>
    </p>
   </div>
   <div class='ocr_carea' id='block_1_21' title="bbox 359 2143 1938 2219">
    <p class='ocr_par' dir='ltr' id='par_1_21' title="bbox 359 2143 1938 2219">
     <span class='ocr_line' id='line_1_21' title="bbox 359 2143 1938 2219; baseline 0.012 -30"><span class='ocrx_word' id='word_1_169' title='bbox 359 2147 567 2206; x_wconf 90' lang='lat' dir='ltr'><strong>sumpta</strong></span> <span class='ocrx_word' id='word_1_170' title='bbox 590 2156 748 2195; x_wconf 89' lang='lat' dir='ltr'><strong>carne</strong></span> <span class='ocrx_word' id='word_1_171' title='bbox 769 2143 1006 2210; x_wconf 89' lang='lat' dir='ltr'><strong>pluribus</strong></span> <span class='ocrx_word' id='word_1_172' title='bbox 1027 2155 1263 2214; x_wconf 89' lang='lat' dir='ltr'><strong>agerent,</strong></span> <span class='ocrx_word' id='word_1_173' title='bbox 1288 2150 1691 2219; x_wconf 89' lang='lat' dir='ltr'><strong>periculumque</strong></span> <span class='ocrx_word' id='word_1_174' title='bbox 1711 2161 1846 2218; x_wconf 91' lang='lat' dir='ltr'><strong>erat,</strong></span> <span class='ocrx_word' id='word_1_175' title='bbox 1872 2169 1938 2208; x_wconf 90' lang='lat' dir='ltr'><strong>ne</strong></span> 
     </span>
    </p>
   </div>
   <div class='ocr_carea' id='block_1_22' title="bbox 358 2227 1935 2303">
    <p class='ocr_par' dir='ltr' id='par_1_22' title="bbox 358 2227 1935 2303">
     <span class='ocr_line' id='line_1_22' title="bbox 358 2227 1935 2303; baseline 0.01 -24"><span class='ocrx_word' id='word_1_176' title='bbox 358 2227 650 2282; x_wconf 84' lang='lat' dir='ltr'><strong>divinitatis</strong></span> <span class='ocrx_word' id='word_1_177' title='bbox 692 2231 936 2300; x_wconf 77' lang='lat' dir='ltr'><strong>dogmata</strong></span> <span class='ocrx_word' id='word_1_178' title='bbox 969 2242 1268 2289; x_wconf 90' lang='lat' dir='ltr'><strong>tacerentur</strong></span> <span class='ocrx_word' id='word_1_179' title='bbox 1293 2277 1308 2303; x_wconf 95' lang='lat'><strong>,</strong></span> <span class='ocrx_word' id='word_1_180' title='bbox 1335 2237 1549 2292; x_wconf 87' lang='lat' dir='ltr'><strong>Christo</strong></span> <span class='ocrx_word' id='word_1_181' title='bbox 1576 2240 1788 2294; x_wconf 86' lang='lat' dir='ltr'><strong>demum</strong></span> <span class='ocrx_word' id='word_1_182' title='bbox 1817 2258 1935 2295; x_wconf 93' lang='lat' dir='ltr'><strong>mo-</strong></span> 
     </span>
    </p>
   </div>
   <div class='ocr_carea' id='block_1_23' title="bbox 355 2319 1934 2391">
    <p class='ocr_par' dir='ltr' id='par_1_23' title="bbox 355 2319 1934 2391">
     <span class='ocr_line' id='line_1_23' title="bbox 355 2319 1934 2391; baseline 0.01 -22"><span class='ocrx_word' id='word_1_183' title='bbox 355 2327 511 2372; x_wconf 87' lang='lat' dir='ltr'><strong>vente</strong></span> <span class='ocrx_word' id='word_1_184' title='bbox 547 2319 610 2372; x_wconf 93' lang='lat' dir='ltr'><strong>ad</strong></span> <span class='ocrx_word' id='word_1_185' title='bbox 645 2320 988 2391; x_wconf 79' lang='lat' dir='ltr'><strong>Evangelium</strong></span> <span class='ocrx_word' id='word_1_186' title='bbox 1017 2325 1354 2380; x_wconf 89' lang='lat' dir='ltr'><strong>scribendum</strong></span> <span class='ocrx_word' id='word_1_187' title='bbox 1400 2328 1644 2383; x_wconf 91' lang='lat' dir='ltr'><strong>inductus</strong></span> <span class='ocrx_word' id='word_1_188' title='bbox 1670 2341 1770 2384; x_wconf 89' lang='lat' dir='ltr'><strong>est.</strong></span> <span class='ocrx_word' id='word_1_189' title='bbox 1806 2330 1934 2385; x_wconf 93' lang='lat' dir='ltr'><strong>Illud</strong></span> 
     </span>
    </p>
   </div>
   <div class='ocr_carea' id='block_1_24' title="bbox 355 2410 1934 2490">
    <p class='ocr_par' dir='ltr' id='par_1_24' title="bbox 355 2410 1934 2490">
     <span class='ocr_line' id='line_1_24' title="bbox 355 2410 1934 2490; baseline 0.009 -29"><span class='ocrx_word' id='word_1_190' title='bbox 355 2423 485 2463; x_wconf 85' lang='lat' dir='ltr'><strong>vero</strong></span> <span class='ocrx_word' id='word_1_191' title='bbox 511 2410 684 2478; x_wconf 81' lang='lat' dir='ltr'><strong>palam</strong></span> <span class='ocrx_word' id='word_1_192' title='bbox 710 2421 792 2468; x_wconf 90' lang='lat' dir='ltr'><strong>est</strong></span> <span class='ocrx_word' id='word_1_193' title='bbox 821 2429 886 2467; x_wconf 85' lang='lat' dir='ltr'><strong>ex</strong></span> <span class='ocrx_word' id='word_1_194' title='bbox 917 2414 1028 2484; x_wconf 89' lang='lat' dir='ltr'><strong>ipsa</strong></span> <span class='ocrx_word' id='word_1_195' title='bbox 1058 2415 1278 2470; x_wconf 90' lang='lat' dir='ltr'><strong>historia</strong></span> <span class='ocrx_word' id='word_1_196' title='bbox 1308 2427 1362 2472; x_wconf 91' lang='lat' dir='ltr'><strong>et</strong></span> <span class='ocrx_word' id='word_1_197' title='bbox 1389 2433 1450 2472; x_wconf 85' lang='lat' dir='ltr'><strong>ex</strong></span> <span class='ocrx_word' id='word_1_198' title='bbox 1484 2419 1756 2490; x_wconf 82' lang='lat' dir='ltr'><strong>Evangelii</strong></span> <span class='ocrx_word' id='word_1_199' title='bbox 1782 2437 1934 2476; x_wconf 81' lang='lat' dir='ltr'><strong>exor-</strong></span> 
     </span>
    </p>
   </div>
   <div class='ocr_carea' id='block_1_25' title="bbox 355 2505 1931 2582">
    <p class='ocr_par' dir='ltr' id='par_1_25' title="bbox 355 2505 1931 2582">
     <span class='ocr_line' id='line_1_25' title="bbox 355 2505 1931 2582; baseline 0.01 -27"><span class='ocrx_word' id='word_1_200' title='bbox 355 2505 462 2557; x_wconf 90' lang='lat' dir='ltr'><strong>dio.</strong></span> <span class='ocrx_word' id='word_1_201' title='bbox 486 2507 689 2576; x_wconf 63' lang='lat' dir='ltr'><strong>vNeque</strong></span> <span class='ocrx_word' id='word_1_202' title='bbox 735 2510 874 2563; x_wconf 90' lang='lat' dir='ltr'><strong>enim</strong></span> <span class='ocrx_word' id='word_1_203' title='bbox 924 2511 1141 2578; x_wconf 89' lang='lat' dir='ltr'><strong>perinde</strong></span> <span class='ocrx_word' id='word_1_204' title='bbox 1171 2521 1330 2582; x_wconf 90' lang='lat' dir='ltr'><strong>atque</strong></span> <span class='ocrx_word' id='word_1_205' title='bbox 1356 2513 1442 2566; x_wconf 88' lang='lat' dir='ltr'><strong>alii</strong></span> <span class='ocrx_word' id='word_1_206' title='bbox 1486 2513 1554 2566; x_wconf 88' lang='lat' dir='ltr'><strong>ab</strong></span> <span class='ocrx_word' id='word_1_207' title='bbox 1599 2513 1931 2571; x_wconf 86' lang='lat' dir='ltr'><strong>inferioribus</strong></span> 
     </span>
    </p>
   </div>
   <div class='ocr_carea' id='block_1_26' title="bbox 352 2598 1921 2677">
    <p class='ocr_par' dir='ltr' id='par_1_26' title="bbox 352 2598 1921 2677">
     <span class='ocr_line' id='line_1_26' title="bbox 352 2598 1921 2677; baseline 0.011 -29"><span class='ocrx_word' id='word_1_208' title='bbox 352 2598 542 2665; x_wconf 82' lang='lat' dir='ltr'><strong>coepit;</strong></span> <span class='ocrx_word' id='word_1_209' title='bbox 567 2598 660 2654; x_wconf 91' lang='lat' dir='ltr'><strong>sed</strong></span> <span class='ocrx_word' id='word_1_210' title='bbox 682 2615 711 2653; x_wconf 93' lang='lat' dir='ltr'><strong>a</strong></span> <span class='ocrx_word' id='word_1_211' title='bbox 734 2602 1096 2670; x_wconf 86' lang='lat' dir='ltr'><strong>superioribus</strong></span> <span class='ocrx_word' id='word_1_212' title='bbox 1113 2646 1127 2669; x_wconf 94' lang='lat'><strong>,</strong></span> <span class='ocrx_word' id='word_1_213' title='bbox 1160 2603 1209 2658; x_wconf 91' lang='lat' dir='ltr'><strong>id</strong></span> <span class='ocrx_word' id='word_1_214' title='bbox 1231 2604 1370 2673; x_wconf 90' lang='lat' dir='ltr'><strong>quod</strong></span> <span class='ocrx_word' id='word_1_215' title='bbox 1397 2605 1495 2660; x_wconf 92' lang='lat' dir='ltr'><strong>sibi</strong></span> <span class='ocrx_word' id='word_1_216' title='bbox 1521 2608 1572 2660; x_wconf 92' lang='lat' dir='ltr'><strong>in</strong></span> <span class='ocrx_word' id='word_1_217' title='bbox 1599 2623 1763 2677; x_wconf 86' lang='lat' dir='ltr'><strong>scepo</strong></span> <span class='ocrx_word' id='word_1_218' title='bbox 1791 2619 1921 2665; x_wconf 86' lang='lat' dir='ltr'><strong>erat.</strong></span> 
     </span>
    </p>
   </div>
   <div class='ocr_carea' id='block_1_27' title="bbox 354 2688 1918 2767">
    <p class='ocr_par' dir='ltr' id='par_1_27' title="bbox 354 2688 1918 2767">
     <span class='ocr_line' id='line_1_27' title="bbox 354 2688 1918 2767; baseline 0.006 -25"><span class='ocrx_word' id='word_1_219' title='bbox 354 2688 580 2760; x_wconf 77' lang='lat' dir='ltr'><strong>Ideoque</strong></span> <span class='ocrx_word' id='word_1_220' title='bbox 598 2700 761 2746; x_wconf 90' lang='lat' dir='ltr'><strong>totum</strong></span> <span class='ocrx_word' id='word_1_221' title='bbox 777 2693 967 2749; x_wconf 91' lang='lat' dir='ltr'><strong>librum</strong></span> <span class='ocrx_word' id='word_1_222' title='bbox 986 2696 1167 2750; x_wconf 85' lang='lat' dir='ltr'><strong>edidit.</strong></span> <span class='ocrx_word' id='word_1_223' title='bbox 1189 2697 1370 2767; x_wconf 89' lang='lat' dir='ltr'><strong>Neque</strong></span> <span class='ocrx_word' id='word_1_224' title='bbox 1387 2707 1587 2752; x_wconf 90' lang='lat' dir='ltr'><strong>tantum</strong></span> <span class='ocrx_word' id='word_1_225' title='bbox 1614 2701 1664 2754; x_wconf 93' lang='lat' dir='ltr'><strong>in</strong></span> <span class='ocrx_word' id='word_1_226' title='bbox 1684 2703 1918 2766; x_wconf 77' lang='lat' dir='ltr'><strong>exordio,</strong></span> 
     </span>
    </p>
   </div>
   <div class='ocr_carea' id='block_1_28' title="bbox 349 2782 1923 2857">
    <p class='ocr_par' dir='ltr' id='par_1_28' title="bbox 349 2782 1923 2857">
     <span class='ocr_line' id='line_1_28' title="bbox 349 2782 1923 2857; baseline 0.007 -21"><span class='ocrx_word' id='word_1_227' title='bbox 349 2782 443 2836; x_wconf 79' lang='lat' dir='ltr'><strong>sed</strong></span> <span class='ocrx_word' id='word_1_228' title='bbox 470 2785 629 2838; x_wconf 89' lang='lat' dir='ltr'><strong>etiam</strong></span> <span class='ocrx_word' id='word_1_229' title='bbox 653 2785 702 2838; x_wconf 88' lang='lat' dir='ltr'><strong>ia</strong></span> <span class='ocrx_word' id='word_1_230' title='bbox 731 2794 840 2839; x_wconf 92' lang='lat' dir='ltr'><strong>toto</strong></span> <span class='ocrx_word' id='word_1_231' title='bbox 872 2787 1143 2857; x_wconf 75' lang='lat' dir='ltr'><strong>Evangelii</strong></span> <span class='ocrx_word' id='word_1_232' title='bbox 1167 2789 1390 2844; x_wconf 85' lang='lat' dir='ltr'><strong>decursu</strong></span> <span class='ocrx_word' id='word_1_233' title='bbox 1415 2793 1627 2846; x_wconf 58' lang='lat' dir='ltr'><strong>caeteris</strong></span> <span class='ocrx_word' id='word_1_234' title='bbox 1649 2793 1923 2847; x_wconf 90' lang='lat' dir='ltr'><strong>sublimior</strong></span> 
     </span>
    </p>
   </div>
   <div class='ocr_carea' id='block_1_29' title="bbox 347 2876 1920 2955">
    <p class='ocr_par' dir='ltr' id='par_1_29' title="bbox 347 2876 1920 2955">
     <span class='ocr_line' id='line_1_29' title="bbox 347 2876 1920 2955; baseline 0.006 -27"><span class='ocrx_word' id='word_1_235' title='bbox 347 2886 446 2930; x_wconf 89' lang='lat' dir='ltr'><strong>est.</strong></span> <span class='ocrx_word' id='word_1_236' title='bbox 477 2876 734 2931; x_wconf 87' lang='lat' dir='ltr'><strong>Narratur</strong></span> <span class='ocrx_word' id='word_1_237' title='bbox 762 2894 918 2948; x_wconf 89' lang='lat' dir='ltr'><strong>porro</strong></span> <span class='ocrx_word' id='word_1_238' title='bbox 945 2879 1247 2955; x_wconf 76' lang='lat' dir='ltr'><strong>Mattltaeum</strong></span> <span class='ocrx_word' id='word_1_239' title='bbox 1273 2923 1287 2950; x_wconf 94' lang='lat'><strong>,</strong></span> <span class='ocrx_word' id='word_1_240' title='bbox 1320 2882 1696 2937; x_wconf 89' lang='lat' dir='ltr'><strong>accedentibus</strong></span> <span class='ocrx_word' id='word_1_241' title='bbox 1725 2900 1920 2954; x_wconf 84' lang='lat' dir='ltr'><strong>rogan-</strong></span> 
     </span>
    </p>
   </div>
   <div class='ocr_carea' id='block_1_30' title="bbox 345 2968 1924 3044">
    <p class='ocr_par' dir='ltr' id='par_1_30' title="bbox 345 2968 1924 3044">
     <span class='ocr_line' id='line_1_30' title="bbox 345 2968 1924 3044; baseline 0.006 -24"><span class='ocrx_word' id='word_1_242' title='bbox 345 2968 593 3038; x_wconf 86' lang='lat' dir='ltr'><strong>tibusque</strong></span> <span class='ocrx_word' id='word_1_243' title='bbox 617 2969 815 3025; x_wconf 74' lang='lat' dir='ltr'><strong>Judzris</strong></span> <span class='ocrx_word' id='word_1_244' title='bbox 838 2971 926 3040; x_wconf 91' lang='lat' dir='ltr'><strong>qui</strong></span> <span class='ocrx_word' id='word_1_245' title='bbox 959 2971 1330 3039; x_wconf 89' lang='lat' dir='ltr'><strong>crediderant,</strong></span> <span class='ocrx_word' id='word_1_246' title='bbox 1363 2989 1424 3028; x_wconf 91' lang='lat' dir='ltr'><strong>ea</strong></span> <span class='ocrx_word' id='word_1_247' title='bbox 1448 2989 1566 3042; x_wconf 85' lang='lat' dir='ltr'><strong>quae</strong></span> <span class='ocrx_word' id='word_1_248' title='bbox 1598 2974 1770 3029; x_wconf 81' lang='lat' dir='ltr'><strong>verbis</strong></span> <span class='ocrx_word' id='word_1_249' title='bbox 1802 2990 1924 3044; x_wconf 80' lang='lat' dir='ltr'><strong>pro-</strong></span> 
     </span>
    </p>
   </div>
   <div class='ocr_carea' id='block_1_31' title="bbox 341 3060 1918 3134">
    <p class='ocr_par' dir='ltr' id='par_1_31' title="bbox 341 3060 1918 3134">
     <span class='ocr_line' id='line_1_31' title="bbox 341 3060 1918 3134; baseline 0.006 -23"><span class='ocrx_word' id='word_1_250' title='bbox 341 3060 538 3113; x_wconf 82' lang='lat' dir='ltr'><strong>tulerat</strong></span> <span class='ocrx_word' id='word_1_251' title='bbox 563 3061 726 3115; x_wconf 85' lang='lat' dir='ltr'><strong>literis</strong></span> <span class='ocrx_word' id='word_1_252' title='bbox 745 3061 1006 3131; x_wconf 89' lang='lat' dir='ltr'><strong>descripta</strong></span> <span class='ocrx_word' id='word_1_253' title='bbox 1038 3063 1225 3119; x_wconf 89' lang='lat' dir='ltr'><strong>iisdem</strong></span> <span class='ocrx_word' id='word_1_254' title='bbox 1250 3065 1528 3134; x_wconf 90' lang='lat' dir='ltr'><strong>reliquisse</strong></span> <span class='ocrx_word' id='word_1_255' title='bbox 1549 3107 1562 3131; x_wconf 92' lang='lat'><strong>,</strong></span> <span class='ocrx_word' id='word_1_256' title='bbox 1586 3075 1637 3120; x_wconf 92' lang='lat' dir='ltr'><strong>et</strong></span> <span class='ocrx_word' id='word_1_257' title='bbox 1663 3065 1918 3121; x_wconf 87' lang='lat' dir='ltr'><strong>Ilebraice</strong></span> 
     </span>
    </p>
   </div>
   <div class='ocr_carea' id='block_1_32' title="bbox 342 3149 1918 3227">
    <p class='ocr_par' dir='ltr' id='par_1_32' title="bbox 342 3149 1918 3227">
     <span class='ocr_line' id='line_1_32' title="bbox 342 3149 1918 3227; baseline 0.006 -25"><span class='ocrx_word' id='word_1_258' title='bbox 342 3149 690 3219; x_wconf 89' lang='lat' dir='ltr'><strong>Evangelium</strong></span> <span class='ocrx_word' id='word_1_259' title='bbox 723 3154 1000 3223; x_wconf 82' lang='lat' dir='ltr'><strong>scripsisse</strong></span> <span class='ocrx_word' id='word_1_260' title='bbox 1027 3172 1039 3206; x_wconf 88' lang='lat'><strong>:</strong></span> <span class='ocrx_word' id='word_1_261' title='bbox 1073 3154 1303 3209; x_wconf 82' lang='lat' dir='ltr'><strong>Marcum</strong></span> <span class='ocrx_word' id='word_1_262' title='bbox 1326 3155 1451 3210; x_wconf 93' lang='lat' dir='ltr'><strong>item</strong></span> <span class='ocrx_word' id='word_1_263' title='bbox 1479 3157 1529 3209; x_wconf 90' lang='lat' dir='ltr'><strong>in</strong></span> <span class='ocrx_word' id='word_1_264' title='bbox 1555 3155 1785 3227; x_wconf 67' lang='lat' dir='ltr'><strong>Egypto</strong></span> <span class='ocrx_word' id='word_1_265' title='bbox 1827 3173 1918 3212; x_wconf 92' lang='lat' dir='ltr'><strong>ro-</strong></span> 
     </span>
    </p>
   </div>
   <div class='ocr_carea' id='block_1_33' title="bbox 339 3241 1915 3316">
    <p class='ocr_par' dir='ltr' id='par_1_33' title="bbox 339 3241 1915 3316">
     <span class='ocr_line' id='line_1_33' title="bbox 339 3241 1915 3316; baseline 0.006 -23"><span class='ocrx_word' id='word_1_266' title='bbox 339 3250 463 3310; x_wconf 87' lang='lat' dir='ltr'><strong>gattt</strong></span> <span class='ocrx_word' id='word_1_267' title='bbox 489 3241 870 3311; x_wconf 90' lang='lat' dir='ltr'><strong>discipulorum</strong></span> <span class='ocrx_word' id='word_1_268' title='bbox 896 3245 1121 3314; x_wconf 93' lang='lat' dir='ltr'><strong>idipsnm</strong></span> <span class='ocrx_word' id='word_1_269' title='bbox 1153 3246 1360 3301; x_wconf 87' lang='lat' dir='ltr'><strong>fecisse.</strong></span> <span class='ocrx_word' id='word_1_270' title='bbox 1387 3247 1588 3301; x_wconf 88' lang='lat' dir='ltr'><strong>Idcirco</strong></span> <span class='ocrx_word' id='word_1_271' title='bbox 1615 3247 1915 3316; x_wconf 73' lang='lat' dir='ltr'><strong>Mattbteus,</strong></span> 
     </span>
    </p>
   </div>
   <div class='ocr_carea' id='block_1_34' title="bbox 340 3335 1916 3404">
    <p class='ocr_par' dir='ltr' id='par_1_34' title="bbox 340 3335 1916 3404">
     <span class='ocr_line' id='line_1_34' title="bbox 340 3335 1916 3404; baseline 0.008 -22"><span class='ocrx_word' id='word_1_272' title='bbox 340 3342 520 3401; x_wconf 86' lang='lat' dir='ltr'><strong>utpote</strong></span> <span class='ocrx_word' id='word_1_273' title='bbox 548 3335 636 3404; x_wconf 91' lang='lat' dir='ltr'><strong>qui</strong></span> <span class='ocrx_word' id='word_1_274' title='bbox 667 3335 908 3390; x_wconf 62' lang='lat' dir='ltr'><strong>Hebraeis</strong></span> <span class='ocrx_word' id='word_1_275' title='bbox 946 3337 1232 3402; x_wconf 80' lang='lat' dir='ltr'><strong>scriberet,</strong></span> <span class='ocrx_word' id='word_1_276' title='bbox 1269 3337 1397 3391; x_wconf 92' lang='lat' dir='ltr'><strong>nihil</strong></span> <span class='ocrx_word' id='word_1_277' title='bbox 1443 3339 1584 3392; x_wconf 92' lang='lat' dir='ltr'><strong>aliud</strong></span> <span class='ocrx_word' id='word_1_278' title='bbox 1632 3339 1916 3394; x_wconf 90' lang='lat' dir='ltr'><strong>ostendere</strong></span> 
     </span>
    </p>
   </div>
   <div class='ocr_carea' id='block_1_35' title="bbox 337 3425 1916 3498">
    <p class='ocr_par' dir='ltr' id='par_1_35' title="bbox 337 3425 1916 3498">
     <span class='ocr_line' id='line_1_35' title="bbox 337 3425 1916 3498; baseline 0.006 -21"><span class='ocrx_word' id='word_1_279' title='bbox 337 3425 565 3490; x_wconf 85' lang='lat' dir='ltr'><strong>studuit,</strong></span> <span class='ocrx_word' id='word_1_280' title='bbox 612 3443 771 3497; x_wconf 91' lang='lat' dir='ltr'><strong>quam</strong></span> <span class='ocrx_word' id='word_1_281' title='bbox 800 3429 940 3498; x_wconf 88' lang='lat' dir='ltr'><strong>quod</strong></span> <span class='ocrx_word' id='word_1_282' title='bbox 969 3429 1036 3483; x_wconf 89' lang='lat' dir='ltr'><strong>ab</strong></span> <span class='ocrx_word' id='word_1_283' title='bbox 1066 3430 1369 3486; x_wconf 86' lang='lat' dir='ltr'><strong>Abrahamo</strong></span> <span class='ocrx_word' id='word_1_284' title='bbox 1393 3440 1449 3486; x_wconf 95' lang='lat' dir='ltr'><strong>et</strong></span> <span class='ocrx_word' id='word_1_285' title='bbox 1493 3429 1688 3486; x_wconf 90' lang='lat' dir='ltr'><strong>Davide</strong></span> <span class='ocrx_word' id='word_1_286' title='bbox 1738 3441 1916 3487; x_wconf 89' lang='lat' dir='ltr'><strong>ortum</strong></span> 
     </span>
    </p>
   </div>
   <div class='ocr_carea' id='block_1_36' title="bbox 336 3516 1916 3589">
    <p class='ocr_par' dir='ltr' id='par_1_36' title="bbox 336 3516 1916 3589">
     <span class='ocr_line' id='line_1_36' title="bbox 336 3516 1916 3589; baseline 0.004 -21"><span class='ocrx_word' id='word_1_287' title='bbox 336 3516 590 3570; x_wconf 78' lang='lat' dir='ltr'><strong>duceret:</strong></span> <span class='ocrx_word' id='word_1_288' title='bbox 639 3518 808 3572; x_wconf 86' lang='lat' dir='ltr'><strong>Lucas</strong></span> <span class='ocrx_word' id='word_1_289' title='bbox 837 3534 966 3572; x_wconf 88' lang='lat' dir='ltr'><strong>vero</strong></span> <span class='ocrx_word' id='word_1_290' title='bbox 988 3561 1002 3583; x_wconf 92' lang='lat'><strong>,</strong></span> <span class='ocrx_word' id='word_1_291' title='bbox 1032 3521 1227 3589; x_wconf 88' lang='lat' dir='ltr'><strong>quippe</strong></span> <span class='ocrx_word' id='word_1_292' title='bbox 1254 3523 1342 3589; x_wconf 89' lang='lat' dir='ltr'><strong>qui</strong></span> <span class='ocrx_word' id='word_1_293' title='bbox 1375 3522 1620 3575; x_wconf 92' lang='lat' dir='ltr'><strong>omnibus</strong></span> <span class='ocrx_word' id='word_1_294' title='bbox 1650 3523 1807 3576; x_wconf 91' lang='lat' dir='ltr'><strong>simul</strong></span> <span class='ocrx_word' id='word_1_295' title='bbox 1838 3523 1916 3575; x_wconf 85' lang='lat' dir='ltr'><strong>lo-</strong></span> 
     </span>
    </p>
   </div>
   <div class='ocr_carea' id='block_1_37' title="bbox 335 3608 1912 3677">
    <p class='ocr_par' dir='ltr' id='par_1_37' title="bbox 335 3608 1912 3677">
     <span class='ocr_line' id='line_1_37' title="bbox 335 3608 1912 3677; baseline 0.004 -16"><span class='ocrx_word' id='word_1_296' title='bbox 335 3617 626 3677; x_wconf 88' lang='lat' dir='ltr'><strong>queretur,</strong></span> <span class='ocrx_word' id='word_1_297' title='bbox 657 3608 816 3662; x_wconf 90' lang='lat' dir='ltr'><strong>altius</strong></span> <span class='ocrx_word' id='word_1_298' title='bbox 841 3623 1141 3664; x_wconf 89' lang='lat' dir='ltr'><strong>sermonem</strong></span> <span class='ocrx_word' id='word_1_299' title='bbox 1172 3611 1441 3673; x_wconf 83' lang='lat' dir='ltr'><strong>extendit,</strong></span> <span class='ocrx_word' id='word_1_300' title='bbox 1475 3622 1526 3664; x_wconf 90' lang='lat' dir='ltr'><strong>et</strong></span> <span class='ocrx_word' id='word_1_301' title='bbox 1556 3613 1620 3666; x_wconf 90' lang='lat' dir='ltr'><strong>ad</strong></span> <span class='ocrx_word' id='word_1_302' title='bbox 1651 3613 1912 3668; x_wconf 77' lang='lat' dir='ltr'><strong>Adamum</strong></span> 
     </span>
    </p>
   </div>
   <div class='ocr_carea' id='block_1_38' title="bbox 335 3700 1912 3772">
    <p class='ocr_par' dir='ltr' id='par_1_38' title="bbox 335 3700 1912 3772">
     <span class='ocr_line' id='line_1_38' title="bbox 335 3700 1912 3772; baseline 0.003 -19"><span class='ocrx_word' id='word_1_303' title='bbox 335 3713 502 3768; x_wconf 84' lang='lat' dir='ltr'><strong>uSque</strong></span> <span class='ocrx_word' id='word_1_304' title='bbox 544 3700 898 3769; x_wconf 85' lang='lat' dir='ltr'><strong>progreditur.</strong></span> <span class='ocrx_word' id='word_1_305' title='bbox 953 3702 1043 3756; x_wconf 78' lang='lat' dir='ltr'><strong>lile</strong></span> <span class='ocrx_word' id='word_1_306' title='bbox 1086 3703 1299 3771; x_wconf 87' lang='lat' dir='ltr'><strong>quidem</strong></span> <span class='ocrx_word' id='word_1_307' title='bbox 1329 3719 1355 3754; x_wconf 88' lang='lat' dir='ltr'><strong>a</strong></span> <span class='ocrx_word' id='word_1_308' title='bbox 1386 3705 1724 3772; x_wconf 84' lang='lat' dir='ltr'><strong>generatione</strong></span> <span class='ocrx_word' id='word_1_309' title='bbox 1767 3704 1912 3758; x_wconf 88' lang='lat' dir='ltr'><strong>ducit</strong></span> 
     </span>
    </p>
   </div>
   <div class='ocr_carea' id='block_1_39' title="bbox 332 3791 1906 3864">
    <p class='ocr_par' dir='ltr' id='par_1_39' title="bbox 332 3791 1906 3864">
     <span class='ocr_line' id='line_1_39' title="bbox 332 3791 1906 3864; baseline 0.003 -20"><span class='ocrx_word' id='word_1_310' title='bbox 332 3791 608 3844; x_wconf 84' lang='lat' dir='ltr'><strong>exordium</strong></span> <span class='ocrx_word' id='word_1_311' title='bbox 643 3808 657 3844; x_wconf 85' lang='lat'><strong>:</strong></span> <span class='ocrx_word' id='word_1_312' title='bbox 699 3792 828 3844; x_wconf 92' lang='lat' dir='ltr'><strong>nihil</strong></span> <span class='ocrx_word' id='word_1_313' title='bbox 857 3792 1053 3862; x_wconf 86' lang='lat' dir='ltr'><strong>quippe</strong></span> <span class='ocrx_word' id='word_1_314' title='bbox 1081 3803 1184 3846; x_wconf 91' lang='lat' dir='ltr'><strong>tam</strong></span> <span class='ocrx_word' id='word_1_315' title='bbox 1217 3793 1402 3848; x_wconf 85' lang='lat' dir='ltr'><strong>Judaeo</strong></span> <span class='ocrx_word' id='word_1_316' title='bbox 1432 3795 1639 3862; x_wconf 89' lang='lat' dir='ltr'><strong>placere</strong></span> <span class='ocrx_word' id='word_1_317' title='bbox 1667 3803 1906 3864; x_wconf 89' lang='lat' dir='ltr'><strong>poterat,</strong></span> 
     </span>
    </p>
   </div>
   <div class='ocr_carea' id='block_1_40' title="bbox 331 3881 1909 3952">
    <p class='ocr_par' dir='ltr' id='par_1_40' title="bbox 331 3881 1909 3952">
     <span class='ocr_line' id='line_1_40' title="bbox 331 3881 1909 3952; baseline 0.004 -18"><span class='ocrx_word' id='word_1_318' title='bbox 331 3897 488 3952; x_wconf 83' lang='lat' dir='ltr'><strong>quant</strong></span> <span class='ocrx_word' id='word_1_319' title='bbox 520 3883 563 3936; x_wconf 92' lang='lat' dir='ltr'><strong>si</strong></span> <span class='ocrx_word' id='word_1_320' title='bbox 607 3881 878 3937; x_wconf 87' lang='lat' dir='ltr'><strong>Christum</strong></span> <span class='ocrx_word' id='word_1_321' title='bbox 926 3882 1156 3938; x_wconf 73' lang='lat' dir='ltr'><strong>Abrahm</strong></span> <span class='ocrx_word' id='word_1_322' title='bbox 1185 3893 1241 3939; x_wconf 93' lang='lat' dir='ltr'><strong>et</strong></span> <span class='ocrx_word' id='word_1_323' title='bbox 1282 3885 1490 3940; x_wconf 87' lang='lat' dir='ltr'><strong>Davidis</strong></span> <span class='ocrx_word' id='word_1_324' title='bbox 1534 3885 1762 3940; x_wconf 89' lang='lat' dir='ltr'><strong>disceret</strong></span> <span class='ocrx_word' id='word_1_325' title='bbox 1790 3901 1909 3940; x_wconf 84' lang='lat' dir='ltr'><strong>esse</strong></span> 
     </span>
    </p>
   </div>
   <div class='ocr_carea' id='block_1_41' title="bbox 329 3973 1908 4044">
    <p class='ocr_par' dir='ltr' id='par_1_41' title="bbox 329 3973 1908 4044">
     <span class='ocr_line' id='line_1_41' title="bbox 329 3973 1908 4044; baseline 0.002 -18"><span class='ocrx_word' id='word_1_326' title='bbox 329 3983 576 4042; x_wconf 89' lang='lat' dir='ltr'><strong>nepotem</strong></span> <span class='ocrx_word' id='word_1_327' title='bbox 601 3990 615 4039; x_wconf 94' lang='lat'><strong>;</strong></span> <span class='ocrx_word' id='word_1_328' title='bbox 647 3973 731 4029; x_wconf 91' lang='lat' dir='ltr'><strong>hic</strong></span> <span class='ocrx_word' id='word_1_329' title='bbox 761 3989 886 4028; x_wconf 91' lang='lat' dir='ltr'><strong>vero</strong></span> <span class='ocrx_word' id='word_1_330' title='bbox 912 3989 1105 4038; x_wconf 91' lang='lat' dir='ltr'><strong>secus;</strong></span> <span class='ocrx_word' id='word_1_331' title='bbox 1141 3990 1263 4029; x_wconf 92' lang='lat' dir='ltr'><strong>nam</strong></span> <span class='ocrx_word' id='word_1_332' title='bbox 1292 3976 1468 4029; x_wconf 90' lang='lat' dir='ltr'><strong>multis</strong></span> <span class='ocrx_word' id='word_1_333' title='bbox 1500 3977 1644 4044; x_wconf 89' lang='lat' dir='ltr'><strong>prius</strong></span> <span class='ocrx_word' id='word_1_334' title='bbox 1673 3992 1908 4031; x_wconf 89' lang='lat' dir='ltr'><strong>comme-</strong></span> 
     </span>
    </p>
   </div>
   <div class='ocr_carea' id='block_1_42' title="bbox 327 4064 1907 4136">
    <p class='ocr_par' dir='ltr' id='par_1_42' title="bbox 327 4064 1907 4136">
     <span class='ocr_line' id='line_1_42' title="bbox 327 4064 1907 4136; baseline 0.001 -17"><span class='ocrx_word' id='word_1_335' title='bbox 327 4066 567 4131; x_wconf 81' lang='lat' dir='ltr'><strong>moratis,</strong></span> <span class='ocrx_word' id='word_1_336' title='bbox 589 4065 654 4120; x_wconf 85' lang='lat' dir='ltr'><strong>ad</strong></span> <span class='ocrx_word' id='word_1_337' title='bbox 673 4064 1040 4136; x_wconf 79' lang='lat' dir='ltr'><strong>genealogiam</strong></span> <span class='ocrx_word' id='word_1_338' title='bbox 1061 4066 1250 4121; x_wconf 87' lang='lat' dir='ltr'><strong>deinde</strong></span> <span class='ocrx_word' id='word_1_339' title='bbox 1274 4066 1524 4135; x_wconf 82' lang='lat' dir='ltr'><strong>procedit.</strong></span> <span class='ocrx_word' id='word_1_340' title='bbox 1551 4068 1764 4121; x_wconf 89' lang='lat' dir='ltr'><strong>Illorum</strong></span> <span class='ocrx_word' id='word_1_341' title='bbox 1787 4082 1907 4136; x_wconf 90' lang='lat' dir='ltr'><strong>por-</strong></span> 
     </span>
    </p>
   </div>
   <div class='ocr_carea' id='block_1_43' title="bbox 326 4158 1905 4228">
    <p class='ocr_par' dir='ltr' id='par_1_43' title="bbox 326 4158 1905 4228">
     <span class='ocr_line' id='line_1_43' title="bbox 326 4158 1905 4228; baseline 0.002 -19"><span class='ocrx_word' id='word_1_342' title='bbox 326 4173 385 4210; x_wconf 89' lang='lat' dir='ltr'><strong>ro</strong></span> <span class='ocrx_word' id='word_1_343' title='bbox 415 4158 756 4212; x_wconf 87' lang='lat' dir='ltr'><strong>concordiam</strong></span> <span class='ocrx_word' id='word_1_344' title='bbox 784 4199 798 4224; x_wconf 91' lang='lat'><strong>,</strong></span> <span class='ocrx_word' id='word_1_345' title='bbox 830 4159 959 4212; x_wconf 89' lang='lat' dir='ltr'><strong>orbe</strong></span> <span class='ocrx_word' id='word_1_346' title='bbox 994 4167 1104 4212; x_wconf 90' lang='lat' dir='ltr'><strong>toto</strong></span> <span class='ocrx_word' id='word_1_347' title='bbox 1133 4166 1265 4212; x_wconf 89' lang='lat' dir='ltr'><strong>teste</strong></span> <span class='ocrx_word' id='word_1_348' title='bbox 1298 4159 1668 4226; x_wconf 79' lang='lat' dir='ltr'><strong>probabimus,</strong></span> <span class='ocrx_word' id='word_1_349' title='bbox 1703 4161 1789 4228; x_wconf 85' lang='lat' dir='ltr'><strong>qui</strong></span> <span class='ocrx_word' id='word_1_350' title='bbox 1820 4159 1905 4212; x_wconf 83' lang='lat' dir='ltr'><strong>illa</strong></span> 
     </span>
    </p>
   </div>
   <div class='ocr_carea' id='block_1_44' title="bbox 324 4248 1903 4317">
    <p class='ocr_par' dir='ltr' id='par_1_44' title="bbox 324 4248 1903 4317">
     <span class='ocr_line' id='line_1_44' title="bbox 324 4248 1903 4317; baseline 0.001 -15"><span class='ocrx_word' id='word_1_351' title='bbox 324 4251 589 4317; x_wconf 88' lang='lat' dir='ltr'><strong>suscepit;</strong></span> <span class='ocrx_word' id='word_1_352' title='bbox 622 4250 728 4302; x_wconf 92' lang='lat' dir='ltr'><strong>imo</strong></span> <span class='ocrx_word' id='word_1_353' title='bbox 752 4257 915 4303; x_wconf 89' lang='lat' dir='ltr'><strong>testes</strong></span> <span class='ocrx_word' id='word_1_354' title='bbox 936 4248 1160 4302; x_wconf 89' lang='lat' dir='ltr'><strong>aderunt</strong></span> <span class='ocrx_word' id='word_1_355' title='bbox 1185 4249 1280 4316; x_wconf 87' lang='lat' dir='ltr'><strong>ipsi</strong></span> <span class='ocrx_word' id='word_1_356' title='bbox 1311 4251 1548 4304; x_wconf 84' lang='lat' dir='ltr'><strong>veritatis</strong></span> <span class='ocrx_word' id='word_1_357' title='bbox 1573 4251 1789 4304; x_wconf 89' lang='lat' dir='ltr'><strong>inimici.</strong></span> <span class='ocrx_word' id='word_1_358' title='bbox 1819 4251 1903 4304; x_wconf 79' lang='lat' dir='ltr'><strong>Si-</strong></span> 
     </span>
    </p>
   </div>
   <div class='ocr_carea' id='block_1_45' title="bbox 323 4340 1901 4411">
    <p class='ocr_par' dir='ltr' id='par_1_45' title="bbox 323 4340 1901 4411">
     <span class='ocr_line' id='line_1_45' title="bbox 323 4340 1901 4411; baseline 0.001 -18"><span class='ocrx_word' id='word_1_359' title='bbox 323 4343 534 4411; x_wconf 87' lang='lat' dir='ltr'><strong>quidem</strong></span> <span class='ocrx_word' id='word_1_360' title='bbox 567 4343 748 4395; x_wconf 71' lang='lat' dir='ltr'><strong>multa:</strong></span> <span class='ocrx_word' id='word_1_361' title='bbox 787 4350 905 4410; x_wconf 89' lang='lat' dir='ltr'><strong>post</strong></span> <span class='ocrx_word' id='word_1_362' title='bbox 944 4341 1060 4394; x_wconf 90' lang='lat' dir='ltr'><strong>illos</strong></span> <span class='ocrx_word' id='word_1_363' title='bbox 1098 4340 1331 4395; x_wconf 69' lang='lat' dir='ltr'><strong>Ittnreses</strong></span> <span class='ocrx_word' id='word_1_364' title='bbox 1378 4342 1702 4410; x_wconf 88' lang='lat' dir='ltr'><strong>pullttlarunt</strong></span> <span class='ocrx_word' id='word_1_365' title='bbox 1727 4385 1740 4404; x_wconf 90' lang='lat'><strong>,</strong></span> <span class='ocrx_word' id='word_1_366' title='bbox 1770 4358 1901 4396; x_wconf 89' lang='lat' dir='ltr'><strong>con-</strong></span> 
     </span>
    </p>
   </div>
   <div class='ocr_carea' id='block_1_46' title="bbox 324 4431 1900 4501">
    <p class='ocr_par' dir='ltr' id='par_1_46' title="bbox 324 4431 1900 4501">
     <span class='ocr_line' id='line_1_46' title="bbox 324 4431 1900 4501; baseline 0 -16"><span class='ocrx_word' id='word_1_367' title='bbox 324 4433 481 4486; x_wconf 89' lang='lat' dir='ltr'><strong>traria</strong></span> <span class='ocrx_word' id='word_1_368' title='bbox 505 4433 568 4486; x_wconf 91' lang='lat' dir='ltr'><strong>iis</strong></span> <span class='ocrx_word' id='word_1_369' title='bbox 591 4448 708 4501; x_wconf 77' lang='lat' dir='ltr'><strong>quae</strong></span> <span class='ocrx_word' id='word_1_370' title='bbox 734 4431 870 4485; x_wconf 88' lang='lat' dir='ltr'><strong>dicta</strong></span> <span class='ocrx_word' id='word_1_371' title='bbox 897 4440 1021 4486; x_wconf 90' lang='lat' dir='ltr'><strong>sunt</strong></span> <span class='ocrx_word' id='word_1_372' title='bbox 1045 4432 1323 4500; x_wconf 89' lang='lat' dir='ltr'><strong>opinantes</strong></span> <span class='ocrx_word' id='word_1_373' title='bbox 1350 4473 1364 4496; x_wconf 89' lang='lat'><strong>,</strong></span> <span class='ocrx_word' id='word_1_374' title='bbox 1404 4449 1626 4501; x_wconf 89' lang='lat' dir='ltr'><strong>quarum</strong></span> <span class='ocrx_word' id='word_1_375' title='bbox 1651 4434 1766 4486; x_wconf 64' lang='lat' dir='ltr'><strong>aliae</strong></span> <span class='ocrx_word' id='word_1_376' title='bbox 1786 4449 1900 4486; x_wconf 69' lang='lat' dir='ltr'><strong>om»</strong></span> 
     </span>
    </p>
   </div>
   <div class='ocr_carea' id='block_1_47' title="bbox 321 4524 1900 4594">
    <p class='ocr_par' dir='ltr' id='par_1_47' title="bbox 321 4524 1900 4594">
     <span class='ocr_line' id='line_1_47' title="bbox 321 4524 1900 4594; baseline -0.002 -17"><span class='ocrx_word' id='word_1_377' title='bbox 321 4527 406 4579; x_wconf 89' lang='lat' dir='ltr'><strong>nia</strong></span> <span class='ocrx_word' id='word_1_378' title='bbox 447 4541 564 4594; x_wconf 78' lang='lat' dir='ltr'><strong>qua:</strong></span> <span class='ocrx_word' id='word_1_379' title='bbox 603 4525 797 4594; x_wconf 88' lang='lat' dir='ltr'><strong>scripta</strong></span> <span class='ocrx_word' id='word_1_380' title='bbox 835 4530 960 4578; x_wconf 90' lang='lat' dir='ltr'><strong>sunt</strong></span> <span class='ocrx_word' id='word_1_381' title='bbox 997 4531 1359 4591; x_wconf 90' lang='lat' dir='ltr'><strong>acceperunt;</strong></span> <span class='ocrx_word' id='word_1_382' title='bbox 1401 4524 1520 4576; x_wconf 71' lang='lat' dir='ltr'><strong>alia:</strong></span> <span class='ocrx_word' id='word_1_383' title='bbox 1559 4539 1684 4576; x_wconf 87' lang='lat' dir='ltr'><strong>vero</strong></span> <span class='ocrx_word' id='word_1_384' title='bbox 1724 4535 1900 4592; x_wconf 86' lang='lat' dir='ltr'><strong>partes</strong></span> 
     </span>
    </p>
   </div>
   <div class='ocr_carea' id='block_1_48' title="bbox 321 4614 1896 4686">
    <p class='ocr_par' dir='ltr' id='par_1_48' title="bbox 321 4614 1896 4686">
     <span class='ocr_line' id='line_1_48' title="bbox 321 4614 1896 4686; baseline -0.002 -15"><span class='ocrx_word' id='word_1_385' title='bbox 321 4627 523 4671; x_wconf 91' lang='lat' dir='ltr'><strong>tantum</strong></span> <span class='ocrx_word' id='word_1_386' title='bbox 563 4617 816 4686; x_wconf 85' lang='lat' dir='ltr'><strong>quasdam</strong></span> <span class='ocrx_word' id='word_1_387' title='bbox 840 4615 1202 4681; x_wconf 88' lang='lat' dir='ltr'><strong>admiserunt,</strong></span> <span class='ocrx_word' id='word_1_388' title='bbox 1233 4623 1286 4668; x_wconf 91' lang='lat' dir='ltr'><strong>et</strong></span> <span class='ocrx_word' id='word_1_389' title='bbox 1307 4614 1446 4683; x_wconf 89' lang='lat' dir='ltr'><strong>apud</strong></span> <span class='ocrx_word' id='word_1_390' title='bbox 1469 4629 1526 4668; x_wconf 91' lang='lat' dir='ltr'><strong>se</strong></span> <span class='ocrx_word' id='word_1_391' title='bbox 1551 4615 1761 4668; x_wconf 91' lang='lat' dir='ltr'><strong>mutilas</strong></span> <span class='ocrx_word' id='word_1_392' title='bbox 1781 4630 1896 4668; x_wconf 90' lang='lat' dir='ltr'><strong>ser-</strong></span> 
     </span>
    </p>
   </div>
   <div class='ocr_carea' id='block_1_49' title="bbox 319 4708 1896 4778">
    <p class='ocr_par' dir='ltr' id='par_1_49' title="bbox 319 4708 1896 4778">
     <span class='ocr_line' id='line_1_49' title="bbox 319 4708 1896 4778; baseline 0.001 -17"><span class='ocrx_word' id='word_1_393' title='bbox 319 4720 459 4764; x_wconf 82' lang='lat' dir='ltr'><strong>vant.</strong></span> <span class='ocrx_word' id='word_1_394' title='bbox 504 4709 653 4775; x_wconf 79' lang='lat' dir='ltr'><strong>Quod</strong></span> <span class='ocrx_word' id='word_1_395' title='bbox 686 4711 728 4761; x_wconf 91' lang='lat' dir='ltr'><strong>si</strong></span> <span class='ocrx_word' id='word_1_396' title='bbox 762 4725 932 4778; x_wconf 87' lang='lat' dir='ltr'><strong>pugna</strong></span> <span class='ocrx_word' id='word_1_397' title='bbox 976 4709 1150 4776; x_wconf 85' lang='lat' dir='ltr'><strong>aliqua</strong></span> <span class='ocrx_word' id='word_1_398' title='bbox 1179 4709 1228 4761; x_wconf 91' lang='lat' dir='ltr'><strong>in</strong></span> <span class='ocrx_word' id='word_1_399' title='bbox 1261 4709 1414 4762; x_wconf 84' lang='lat' dir='ltr'><strong>(lictis</strong></span> <span class='ocrx_word' id='word_1_400' title='bbox 1445 4718 1620 4770; x_wconf 87' lang='lat' dir='ltr'><strong>esset,</strong></span> <span class='ocrx_word' id='word_1_401' title='bbox 1653 4708 1755 4762; x_wconf 75' lang='lat' dir='ltr'><strong>illa:</strong></span> <span class='ocrx_word' id='word_1_402' title='bbox 1780 4723 1896 4776; x_wconf 72' lang='lat' dir='ltr'><strong>qua:</strong></span> 
     </span>
    </p>
   </div>
   <div class='ocr_carea' id='block_1_50' title="bbox 315 4801 1890 4872">
    <p class='ocr_par' dir='ltr' id='par_1_50' title="bbox 315 4801 1890 4872">
     <span class='ocr_line' id='line_1_50' title="bbox 315 4801 1890 4872; baseline 0.001 -17"><span class='ocrx_word' id='word_1_403' title='bbox 315 4819 378 4856; x_wconf 74' lang='lat' dir='ltr'><strong>ex</strong></span> <span class='ocrx_word' id='word_1_404' title='bbox 406 4802 629 4854; x_wconf 75' lang='lat' dir='ltr'><strong>advel-So</strong></span> <span class='ocrx_word' id='word_1_405' title='bbox 659 4801 943 4868; x_wconf 88' lang='lat' dir='ltr'><strong>loquuntur</strong></span> <span class='ocrx_word' id='word_1_406' title='bbox 965 4801 1195 4855; x_wconf 71' lang='lat' dir='ltr'><strong>Ita-roses</strong></span> <span class='ocrx_word' id='word_1_407' title='bbox 1218 4817 1321 4854; x_wconf 90' lang='lat' dir='ltr'><strong>non</strong></span> <span class='ocrx_word' id='word_1_408' title='bbox 1345 4801 1519 4855; x_wconf 88' lang='lat' dir='ltr'><strong>omnia</strong></span> <span class='ocrx_word' id='word_1_409' title='bbox 1543 4803 1890 4872; x_wconf 76' lang='lat' dir='ltr'><strong>recepissent,</strong></span> 
     </span>
    </p>
   </div>
   <div class='ocr_carea' id='block_1_51' title="bbox 313 4893 1889 4964">
    <p class='ocr_par' dir='ltr' id='par_1_51' title="bbox 313 4893 1889 4964">
     <span class='ocr_line' id='line_1_51' title="bbox 313 4893 1889 4964; baseline 0.001 -15"><span class='ocrx_word' id='word_1_410' title='bbox 313 4897 407 4949; x_wconf 87' lang='lat' dir='ltr'><strong>sed</strong></span> <span class='ocrx_word' id='word_1_411' title='bbox 455 4893 595 4947; x_wconf 82' lang='lat' dir='ltr'><strong>illam</strong></span> <span class='ocrx_word' id='word_1_412' title='bbox 638 4899 839 4946; x_wconf 90' lang='lat' dir='ltr'><strong>tantum</strong></span> <span class='ocrx_word' id='word_1_413' title='bbox 872 4903 1070 4962; x_wconf 90' lang='lat' dir='ltr'><strong>partem</strong></span> <span class='ocrx_word' id='word_1_414' title='bbox 1100 4910 1217 4964; x_wconf 71' lang='lat' dir='ltr'><strong>quae</strong></span> <span class='ocrx_word' id='word_1_415' title='bbox 1248 4894 1346 4948; x_wconf 91' lang='lat' dir='ltr'><strong>sibi</strong></span> <span class='ocrx_word' id='word_1_416' title='bbox 1379 4893 1556 4949; x_wconf 88' lang='lat' dir='ltr'><strong>favere</strong></span> <span class='ocrx_word' id='word_1_417' title='bbox 1584 4895 1889 4962; x_wconf 85' lang='lat' dir='ltr'><strong>videretur;</strong></span> 
     </span>
    </p>
   </div>
   <div class='ocr_carea' id='block_1_52' title="bbox 319 4980 1892 5054">
    <p class='ocr_par' dir='ltr' id='par_1_52' title="bbox 319 4980 1892 5054">
     <span class='ocr_line' id='line_1_52' title="bbox 319 4980 1892 5054; baseline -0.004 -16"><span class='ocrx_word' id='word_1_418' title='bbox 319 5000 494 5054; x_wconf 90' lang='lat' dir='ltr'><strong>neque</strong></span> <span class='ocrx_word' id='word_1_419' title='bbox 511 4984 615 5037; x_wconf 72' lang='lat' dir='ltr'><strong>illa:</strong></span> <span class='ocrx_word' id='word_1_420' title='bbox 640 4999 760 5052; x_wconf 75' lang='lat' dir='ltr'><strong>qua:</strong></span> <span class='ocrx_word' id='word_1_421' title='bbox 781 4991 984 5051; x_wconf 89' lang='lat' dir='ltr'><strong>partem</strong></span> <span class='ocrx_word' id='word_1_422' title='bbox 1015 4990 1359 5049; x_wconf 84' lang='lat' dir='ltr'><strong>acceperunt,</strong></span> <span class='ocrx_word' id='word_1_423' title='bbox 1379 4981 1446 5032; x_wconf 91' lang='lat' dir='ltr'><strong>ab</strong></span> <span class='ocrx_word' id='word_1_424' title='bbox 1473 4980 1562 5033; x_wconf 91' lang='lat' dir='ltr'><strong>illa</strong></span> <span class='ocrx_word' id='word_1_425' title='bbox 1587 4987 1736 5049; x_wconf 90' lang='lat' dir='ltr'><strong>parte</strong></span> <span class='ocrx_word' id='word_1_426' title='bbox 1761 4992 1892 5031; x_wconf 87' lang='lat' dir='ltr'><strong>cou-</strong></span> 
     </span>
    </p>
   </div>
   <div class='ocr_carea' id='block_1_53' title="bbox 315 5066 1888 5140">
    <p class='ocr_par' dir='ltr' id='par_1_53' title="bbox 315 5066 1888 5140">
     <span class='ocr_line' id='line_1_53' title="bbox 315 5066 1888 5140; baseline -0.002 -17"><span class='ocrx_word' id='word_1_427' title='bbox 315 5072 696 5133; x_wconf 88' lang='lat' dir='ltr'><strong>vincercntur,</strong></span> <span class='ocrx_word' id='word_1_428' title='bbox 725 5078 943 5138; x_wconf 86' lang='lat' dir='ltr'><strong>propter</strong></span> <span class='ocrx_word' id='word_1_429' title='bbox 988 5069 1231 5140; x_wconf 87' lang='lat' dir='ltr'><strong>ipsorum</strong></span> <span class='ocrx_word' id='word_1_430' title='bbox 1282 5066 1704 5136; x_wconf 86' lang='lat' dir='ltr'><strong>fragmentorum</strong></span> <span class='ocrx_word' id='word_1_431' title='bbox 1749 5067 1888 5120; x_wconf 88' lang='lat' dir='ltr'><strong>noti-</strong></span> 
     </span>
    </p>
   </div>
   <div class='ocr_carea' id='block_1_54' title="bbox 317 5157 1890 5230">
    <p class='ocr_par' dir='ltr' id='par_1_54' title="bbox 317 5157 1890 5230">
     <span class='ocr_line' id='line_1_54' title="bbox 317 5157 1890 5230; baseline -0.001 -16"><span class='ocrx_word' id='word_1_432' title='bbox 317 5161 630 5230; x_wconf 87' lang='lat' dir='ltr'><strong>tiam,quasi</strong></span> <span class='ocrx_word' id='word_1_433' title='bbox 651 5160 1044 5214; x_wconf 87' lang='lat' dir='ltr'><strong>clamitantium</strong></span> <span class='ocrx_word' id='word_1_434' title='bbox 1074 5175 1226 5214; x_wconf 90' lang='lat' dir='ltr'><strong>suam</strong></span> <span class='ocrx_word' id='word_1_435' title='bbox 1255 5174 1374 5213; x_wconf 91' lang='lat' dir='ltr'><strong>cum</strong></span> <span class='ocrx_word' id='word_1_436' title='bbox 1401 5167 1510 5211; x_wconf 91' lang='lat' dir='ltr'><strong>toto</strong></span> <span class='ocrx_word' id='word_1_437' title='bbox 1528 5157 1644 5210; x_wconf 92' lang='lat' dir='ltr'><strong>libri</strong></span> <span class='ocrx_word' id='word_1_438' title='bbox 1664 5171 1890 5226; x_wconf 82' lang='lat' dir='ltr'><strong>corpore</strong></span> 
     </span>
    </p>
   </div>
   <div class='ocr_carea' id='block_1_55' title="bbox 371 5400 1883 5465">
    <p class='ocr_par' dir='ltr' id='par_1_55' title="bbox 371 5400 1883 5465">
     <span class='ocr_line' id='line_1_55' title="bbox 371 5400 1883 5465; baseline 0.001 -13"><span class='ocrx_word' id='word_1_439' title='bbox 371 5407 386 5437; x_wconf 72' lang='grc' dir='ltr'>ι</span> <span class='ocrx_word' id='word_1_440' title='bbox 414 5401 495 5452; x_wconf 88' lang='lat' dir='ltr'><strong>Sic</strong></span> <span class='ocrx_word' id='word_1_441' title='bbox 517 5400 670 5450; x_wconf 87' lang='lat' dir='ltr'><strong>Savil.</strong></span> <span class='ocrx_word' id='word_1_442' title='bbox 695 5405 940 5465; x_wconf 84' lang='lat' dir='ltr'><strong>et_omues_</strong></span> <span class='ocrx_word' id='word_1_443' title='bbox 957 5412 1086 5465; x_wconf 77' lang='lat' dir='ltr'><strong>pene</strong></span> <span class='ocrx_word' id='word_1_444' title='bbox 1124 5400 1233 5449; x_wconf 82' lang='lat' dir='ltr'><strong>Mss.</strong></span> <span class='ocrx_word' id='word_1_445' title='bbox 1255 5405 1403 5464; x_wconf 85' lang='lat' dir='ltr'><strong>atque</strong></span> <span class='ocrx_word' id='word_1_446' title='bbox 1428 5400 1492 5451; x_wconf 88' lang='lat' dir='ltr'><strong>ita</strong></span> <span class='ocrx_word' id='word_1_447' title='bbox 1519 5404 1642 5465; x_wconf 88' lang='lat' dir='ltr'><strong>legit</strong></span> <span class='ocrx_word' id='word_1_448' title='bbox 1667 5403 1883 5454; x_wconf 77' lang='lat' dir='ltr'><strong>Anianus</strong></span> 
     </span>
    </p>
   </div>
   <div class='ocr_carea' id='block_1_56' title="bbox 306 5459 1206 5517">
    <p class='ocr_par' dir='ltr' id='par_1_56' title="bbox 306 5459 1206 5517">
     <span class='ocr_line' id='line_1_56' title="bbox 306 5459 1206 5517; baseline -0.003 -4"><span class='ocrx_word' id='word_1_449' title='bbox 306 5474 464 5513; x_wconf 84' lang='lat' dir='ltr'><strong>recte.</strong></span> <span class='ocrx_word' id='word_1_450' title='bbox 495 5463 690 5517; x_wconf 81' lang='lat' dir='ltr'><strong>Morel.,</strong></span> <span class='ocrx_word' id='word_1_451' title='bbox 715 5460 789 5511; x_wconf 86' lang='lat' dir='ltr'><strong>sin</strong></span> <span class='ocrx_word' id='word_1_452' title='bbox 811 5459 971 5508; x_wconf 75' lang='lat' dir='ltr'><strong>omnia</strong></span> <span class='ocrx_word' id='word_1_453' title='bbox 993 5461 1206 5510; x_wconf 76' lang='lat' dir='ltr'><strong>diversa.</strong></span> 
     </span>
    </p>
   </div>
   <div class='ocr_carea' id='block_1_57' title="bbox 370 5521 1882 5590">
    <p class='ocr_par' dir='ltr' id='par_1_57' title="bbox 370 5521 1882 5590">
     <span class='ocr_line' id='line_1_57' title="bbox 370 5521 1882 5590; baseline 0.002 -17"><span class='ocrx_word' id='word_1_454' title='bbox 370 5522 388 5550; x_wconf 86' lang='grc'>²</span> <span class='ocrx_word' id='word_1_455' title='bbox 418 5526 488 5573; x_wconf 80' lang='lat' dir='ltr'><strong>Ita</strong></span> <span class='ocrx_word' id='word_1_456' title='bbox 509 5531 647 5590; x_wconf 75' lang='lat' dir='ltr'><strong>recte</strong></span> <span class='ocrx_word' id='word_1_457' title='bbox 669 5521 819 5590; x_wconf 81' lang='lat' dir='ltr'><strong>Savil.</strong></span> <span class='ocrx_word' id='word_1_458' title='bbox 846 5522 1235 5590; x_wconf 80' lang='lat' dir='ltr'><strong>et._mapuscrip_ti</strong></span> <span class='ocrx_word' id='word_1_459' title='bbox 1255 5537 1457 5582; x_wconf 89' lang='lat' dir='ltr'><strong>omnes;</strong></span> <span class='ocrx_word' id='word_1_460' title='bbox 1485 5531 1635 5590; x_wconf 82' lang='lat' dir='ltr'><strong>atque</strong></span> <span class='ocrx_word' id='word_1_461' title='bbox 1661 5526 1726 5576; x_wconf 86' lang='lat' dir='ltr'><strong>ita</strong></span> <span class='ocrx_word' id='word_1_462' title='bbox 1753 5526 1882 5590; x_wconf 83' lang='lat' dir='ltr'><strong>legit</strong></span> 
     </span>
    </p>
   </div>
   <div class='ocr_carea' id='block_1_58' title="bbox 289 5583 1765 5647">
    <p class='ocr_par' dir='ltr' id='par_1_58' title="bbox 289 5583 1765 5647">
     <span class='ocr_line' id='line_1_58' title="bbox 289 5583 1765 5647; baseline 0.001 -12"><span class='ocrx_word' id='word_1_463' title='bbox 289 5592 328 5640; x_wconf 68' lang='grc' dir='ltr'>Α</span> <span class='ocrx_word' id='word_1_464' title='bbox 354 5586 544 5634; x_wconf 87' lang='lat' dir='ltr'><strong>uianus.</strong></span> <span class='ocrx_word' id='word_1_465' title='bbox 576 5583 747 5633; x_wconf 81' lang='lat' dir='ltr'><strong>Morel.</strong></span> <span class='ocrx_word' id='word_1_466' title='bbox 775 5595 892 5632; x_wconf 88' lang='lat' dir='ltr'><strong>vero</strong></span> <span class='ocrx_word' id='word_1_467' title='bbox 912 5583 1051 5643; x_wconf 80' lang='lat' dir='ltr'><strong>legit,</strong></span> <span class='ocrx_word' id='word_1_468' title='bbox 1076 5583 1254 5644; x_wconf 82' lang='lat' dir='ltr'><strong>onmia,</strong></span> <span class='ocrx_word' id='word_1_469' title='bbox 1283 5601 1387 5647; x_wconf 82' lang='lat' dir='ltr'><strong>pro,</strong></span> <span class='ocrx_word' id='word_1_470' title='bbox 1415 5583 1566 5636; x_wconf 74' lang='lat' dir='ltr'><strong>multa</strong></span> <span class='ocrx_word' id='word_1_471' title='bbox 1589 5602 1599 5644; x_wconf 87' lang='lat'><strong>;</strong></span> <span class='ocrx_word' id='word_1_472' title='bbox 1626 5590 1765 5637; x_wconf 85' lang='lat' dir='ltr'><strong>male.</strong></span> 
     </span>
    </p>
   </div>
   <div class='ocr_carea' id='block_1_59' title="bbox 2101 338 3667 425">
    <p class='ocr_par' dir='ltr' id='par_1_59' title="bbox 2101 338 3667 425">
     <span class='ocr_line' id='line_1_59' title="bbox 2101 338 3667 425; baseline 0.017 -36"><span class='ocrx_word' id='word_1_473' title='bbox 2101 338 2530 393; x_wconf 88' lang='lat' dir='ltr'><strong>consensionem.</strong></span> <span class='ocrx_word' id='word_1_474' title='bbox 2566 341 3027 407; x_wconf 83' lang='lat' dir='ltr'><strong>Quemadmodum</strong></span> <span class='ocrx_word' id='word_1_475' title='bbox 3057 347 3100 400; x_wconf 88' lang='lat' dir='ltr'><strong>si</strong></span> <span class='ocrx_word' id='word_1_476' title='bbox 3141 363 3203 401; x_wconf 76' lang='lat' dir='ltr'><strong>ex</strong></span> <span class='ocrx_word' id='word_1_477' title='bbox 3239 350 3401 406; x_wconf 85' lang='lat' dir='ltr'><strong>latere</strong></span> <span class='ocrx_word' id='word_1_478' title='bbox 3421 354 3667 425; x_wconf 74' lang='lat' dir='ltr'><strong>aliquant</strong></span> 
     </span>
    </p>
   </div>
   <div class='ocr_carea' id='block_1_60' title="bbox 2101 431 3710 518">
    <p class='ocr_par' dir='ltr' id='par_1_60' title="bbox 2101 431 3710 518">
     <span class='ocr_line' id='line_1_60' title="bbox 2101 431 3710 518; baseline 0.016 -38"><span class='ocrx_word' id='word_1_479' title='bbox 2101 437 2304 495; x_wconf 90' lang='lat' dir='ltr'><strong>partem</strong></span> <span class='ocrx_word' id='word_1_480' title='bbox 2329 446 2533 497; x_wconf 87' lang='lat' dir='ltr'><strong>sumas,</strong></span> <span class='ocrx_word' id='word_1_481' title='bbox 2563 433 2616 485; x_wconf 90' lang='lat' dir='ltr'><strong>in</strong></span> <span class='ocrx_word' id='word_1_482' title='bbox 2639 434 2725 485; x_wconf 91' lang='lat' dir='ltr'><strong>illa</strong></span> <span class='ocrx_word' id='word_1_483' title='bbox 2745 442 2897 502; x_wconf 91' lang='lat' dir='ltr'><strong>parte</strong></span> <span class='ocrx_word' id='word_1_484' title='bbox 2919 451 2981 488; x_wconf 88' lang='lat' dir='ltr'><strong>ea</strong></span> <span class='ocrx_word' id='word_1_485' title='bbox 3001 439 3185 492; x_wconf 89' lang='lat' dir='ltr'><strong>omnia</strong></span> <span class='ocrx_word' id='word_1_486' title='bbox 3209 440 3449 499; x_wconf 86' lang='lat' dir='ltr'><strong>invenies</strong></span> <span class='ocrx_word' id='word_1_487' title='bbox 3471 462 3530 500; x_wconf 82' lang='lat' dir='ltr'><strong>ex</strong></span> <span class='ocrx_word' id='word_1_488' title='bbox 3557 452 3665 518; x_wconf 90' lang='lat' dir='ltr'><strong>qui-</strong></span> <span class='ocrx_word' id='word_1_489' title='bbox 3704 431 3710 446; x_wconf 65' lang='grc'><strong>’</strong></span> 
     </span>
    </p>
   </div>
   <div class='ocr_carea' id='block_1_61' title="bbox 2100 521 3664 605">
    <p class='ocr_par' dir='ltr' id='par_1_61' title="bbox 2100 521 3664 605">
     <span class='ocr_line' id='line_1_61' title="bbox 2100 521 3664 605; baseline 0.016 -33"><span class='ocrx_word' id='word_1_490' title='bbox 2100 521 2197 573; x_wconf 90' lang='lat' dir='ltr'><strong>bus</strong></span> <span class='ocrx_word' id='word_1_491' title='bbox 2210 532 2421 576; x_wconf 87' lang='lat' dir='ltr'><strong>constat</strong></span> <span class='ocrx_word' id='word_1_492' title='bbox 2441 533 2608 578; x_wconf 91' lang='lat' dir='ltr'><strong>totum</strong></span> <span class='ocrx_word' id='word_1_493' title='bbox 2623 527 3664 605; x_wconf 84' lang='lat' dir='ltr'><strong>animal,nervos,venas,ossa,arterias,</strong></span> 
     </span>
    </p>
   </div>
   <div class='ocr_carea' id='block_1_62' title="bbox 2095 611 3662 687">
    <p class='ocr_par' dir='ltr' id='par_1_62' title="bbox 2095 611 3662 687">
     <span class='ocr_line' id='line_1_62' title="bbox 2095 611 3662 687; baseline 0.016 -26"><span class='ocrx_word' id='word_1_494' title='bbox 2095 611 2431 680; x_wconf 83' lang='lat' dir='ltr'><strong>sanguinem,</strong></span> <span class='ocrx_word' id='word_1_495' title='bbox 2457 622 2509 666; x_wconf 92' lang='lat' dir='ltr'><strong>et</strong></span> <span class='ocrx_word' id='word_1_496' title='bbox 2541 614 2726 679; x_wconf 90' lang='lat' dir='ltr'><strong>totius,</strong></span> <span class='ocrx_word' id='word_1_497' title='bbox 2751 626 2808 669; x_wconf 92' lang='lat' dir='ltr'><strong>ut</strong></span> <span class='ocrx_word' id='word_1_498' title='bbox 2847 618 2915 672; x_wconf 91' lang='lat' dir='ltr'><strong>ita</strong></span> <span class='ocrx_word' id='word_1_499' title='bbox 2959 620 3155 687; x_wconf 90' lang='lat' dir='ltr'><strong>dicam,</strong></span> <span class='ocrx_word' id='word_1_500' title='bbox 3183 639 3376 678; x_wconf 75' lang='lat' dir='ltr'><strong>massae</strong></span> <span class='ocrx_word' id='word_1_501' title='bbox 3402 628 3662 685; x_wconf 87' lang='lat' dir='ltr'><strong>imlicium</strong></span> 
     </span>
    </p>
   </div>
   <div class='ocr_carea' id='block_1_63' title="bbox 2093 699 3658 788">
    <p class='ocr_par' dir='ltr' id='par_1_63' title="bbox 2093 699 3658 788">
     <span class='ocr_line' id='line_1_63' title="bbox 2093 699 3658 788; baseline 0.015 -37"><span class='ocrx_word' id='word_1_502' title='bbox 2093 699 2546 756; x_wconf 85' lang='lat' dir='ltr'><strong>ctdocumentum</strong></span> <span class='ocrx_word' id='word_1_503' title='bbox 2577 722 2589 756; x_wconf 94' lang='lat'>:</span> <span class='ocrx_word' id='word_1_504' title='bbox 2621 706 2698 758; x_wconf 92' lang='lat' dir='ltr'><strong>sic</strong></span> <span class='ocrx_word' id='word_1_505' title='bbox 2731 708 2894 761; x_wconf 91' lang='lat' dir='ltr'><strong>etiam</strong></span> <span class='ocrx_word' id='word_1_506' title='bbox 2934 710 2984 763; x_wconf 92' lang='lat' dir='ltr'><strong>in</strong></span> <span class='ocrx_word' id='word_1_507' title='bbox 3021 709 3316 780; x_wconf 86' lang='lat' dir='ltr'><strong>Scripturis</strong></span> <span class='ocrx_word' id='word_1_508' title='bbox 3340 717 3518 772; x_wconf 86' lang='lat' dir='ltr'><strong>videre</strong></span> <span class='ocrx_word' id='word_1_509' title='bbox 3539 731 3658 788; x_wconf 82' lang='lat' dir='ltr'><strong>est;</strong></span> 
     </span>
    </p>
   </div>
   <div class='ocr_carea' id='block_1_64' title="bbox 2092 787 3658 864">
    <p class='ocr_par' dir='ltr' id='par_1_64' title="bbox 2092 787 3658 864">
     <span class='ocr_line' id='line_1_64' title="bbox 2092 787 3658 864; baseline 0.017 -27"><span class='ocrx_word' id='word_1_510' title='bbox 2092 787 2441 855; x_wconf 89' lang='lat' dir='ltr'><strong>conspicuam</strong></span> <span class='ocrx_word' id='word_1_511' title='bbox 2473 790 2717 846; x_wconf 89' lang='lat' dir='ltr'><strong>videlicet</strong></span> <span class='ocrx_word' id='word_1_512' title='bbox 2735 796 3072 864; x_wconf 84' lang='lat' dir='ltr'><strong>singulorum</strong></span> <span class='ocrx_word' id='word_1_513' title='bbox 3107 800 3374 855; x_wconf 90' lang='lat' dir='ltr'><strong>dictorum</strong></span> <span class='ocrx_word' id='word_1_514' title='bbox 3398 819 3520 858; x_wconf 90' lang='lat' dir='ltr'><strong>cum</strong></span> <span class='ocrx_word' id='word_1_515' title='bbox 3549 787 3658 864; x_wconf 90' lang='lat' dir='ltr'><strong>toto</strong></span> 
     </span>
    </p>
   </div>
   <div class='ocr_carea' id='block_1_65' title="bbox 2089 876 3656 962">
    <p class='ocr_par' dir='ltr' id='par_1_65' title="bbox 2089 876 3656 962">
     <span class='ocr_line' id='line_1_65' title="bbox 2089 876 3656 962; baseline 0.017 -35"><span class='ocrx_word' id='word_1_516' title='bbox 2089 876 2423 936; x_wconf 76' lang='lat' dir='ltr'><strong>afﬁnitatem.</strong></span> <span class='ocrx_word' id='word_1_517' title='bbox 2452 879 2506 935; x_wconf 93' lang='lat' dir='ltr'><strong>Si</strong></span> <span class='ocrx_word' id='word_1_518' title='bbox 2524 892 2704 936; x_wconf 92' lang='lat' dir='ltr'><strong>autem</strong></span> <span class='ocrx_word' id='word_1_519' title='bbox 2730 885 3206 953; x_wconf 88' lang='lat' dir='ltr'><strong>dissonarent,non</strong></span> <span class='ocrx_word' id='word_1_520' title='bbox 3233 893 3656 962; x_wconf 88' lang='lat' dir='ltr'><strong>deprehendere-</strong></span> 
     </span>
    </p>
   </div>
   <div class='ocr_carea' id='block_1_66' title="bbox 2087 970 3654 1053">
    <p class='ocr_par' dir='ltr' id='par_1_66' title="bbox 2087 970 3654 1053">
     <span class='ocr_line' id='line_1_66' title="bbox 2087 970 3654 1053; baseline 0.015 -33"><span class='ocrx_word' id='word_1_521' title='bbox 2087 977 2234 1022; x_wconf 89' lang='lat' dir='ltr'><strong>retur</strong></span> <span class='ocrx_word' id='word_1_522' title='bbox 2256 971 2366 1023; x_wconf 70' lang='lat' dir='ltr'><strong>Itazc</strong></span> <span class='ocrx_word' id='word_1_523' title='bbox 2385 970 3044 1046; x_wconf 83' lang='lat' dir='ltr'><strong>afIinitas,totumquejam</strong></span> <span class='ocrx_word' id='word_1_524' title='bbox 3063 980 3191 1035; x_wconf 90' lang='lat' dir='ltr'><strong>olim</strong></span> <span class='ocrx_word' id='word_1_525' title='bbox 3212 982 3404 1053; x_wconf 85' lang='lat' dir='ltr'><strong>dogma</strong></span> <span class='ocrx_word' id='word_1_526' title='bbox 3421 987 3654 1043; x_wconf 91' lang='lat' dir='ltr'><strong>solutum</strong></span> 
     </span>
    </p>
   </div>
   <div class='ocr_carea' id='block_1_67' title="bbox 2087 1056 3652 1140">
    <p class='ocr_par' dir='ltr' id='par_1_67' title="bbox 2087 1056 3652 1140">
     <span class='ocr_line' id='line_1_67' title="bbox 2087 1056 3652 1140; baseline 0.016 -30"><span class='ocrx_word' id='word_1_527' title='bbox 2087 1056 2298 1125; x_wconf 81' lang='lat' dir='ltr'><strong>fuisset;</strong></span> <span class='ocrx_word' id='word_1_528' title='bbox 2326 1077 2448 1115; x_wconf 91' lang='lat' dir='ltr'><strong>nam</strong></span> <span class='ocrx_word' id='word_1_529' title='bbox 2479 1062 2642 1118; x_wconf 85' lang='lat' dir='ltr'><strong>Omne</strong></span> <span class='ocrx_word' id='word_1_530' title='bbox 2665 1081 2901 1134; x_wconf 84' lang='lat' dir='ltr'><strong>regnum,</strong></span> <span class='ocrx_word' id='word_1_531' title='bbox 2929 1068 3121 1140; x_wconf 89' lang='lat' dir='ltr'><strong>inquit,</strong></span> <span class='ocrx_word' id='word_1_532' title='bbox 3147 1074 3201 1125; x_wconf 89' lang='lat' dir='ltr'><strong>in</strong></span> <span class='ocrx_word' id='word_1_533' title='bbox 3225 1091 3280 1127; x_wconf 81' lang='lat' dir='ltr'><strong>se</strong></span> <span class='ocrx_word' id='word_1_534' title='bbox 3298 1074 3525 1132; x_wconf 83' lang='lat' dir='ltr'><strong>divisum</strong></span> <span class='ocrx_word' id='word_1_535' title='bbox 3553 1097 3652 1135; x_wconf 87' lang='lat' dir='ltr'><strong>non</strong></span> 
     </span>
    </p>
   </div>
   <div class='ocr_carea' id='block_1_68' title="bbox 2084 1148 3652 1238">
    <p class='ocr_par' dir='ltr' id='par_1_68' title="bbox 2084 1148 3652 1238">
     <span class='ocr_line' id='line_1_68' title="bbox 2084 1148 3652 1238; baseline 0.015 -38"><span class='ocrx_word' id='word_1_536' title='bbox 2084 1148 2244 1202; x_wconf 80' lang='lat' dir='ltr'><strong>stabit</strong></span> <span class='ocrx_word' id='word_1_537' title='bbox 2259 1149 2408 1218; x_wconf 84' lang='lat' dir='ltr'><strong>(Luc.</strong></span> <span class='ocrx_word' id='word_1_538' title='bbox 2428 1154 2629 1226; x_wconf 72' lang='lat'><strong>“.17).</strong></span> <span class='ocrx_word' id='word_1_539' title='bbox 2650 1156 2804 1212; x_wconf 87' lang='lat' dir='ltr'><strong>Nunc</strong></span> <span class='ocrx_word' id='word_1_540' title='bbox 2821 1169 2998 1214; x_wconf 90' lang='lat' dir='ltr'><strong>autem</strong></span> <span class='ocrx_word' id='word_1_541' title='bbox 3025 1161 3077 1214; x_wconf 92' lang='lat' dir='ltr'><strong>in</strong></span> <span class='ocrx_word' id='word_1_542' title='bbox 3099 1163 3198 1217; x_wconf 89' lang='lat' dir='ltr'><strong>hac</strong></span> <span class='ocrx_word' id='word_1_543' title='bbox 3216 1163 3331 1233; x_wconf 91' lang='lat' dir='ltr'><strong>ipsa</strong></span> <span class='ocrx_word' id='word_1_544' title='bbox 3349 1183 3406 1221; x_wconf 92' lang='lat' dir='ltr'><strong>re</strong></span> <span class='ocrx_word' id='word_1_545' title='bbox 3431 1169 3652 1238; x_wconf 87' lang='lat' dir='ltr'><strong>spiritus</strong></span> 
     </span>
    </p>
   </div>
   <div class='ocr_carea' id='block_1_69' title="bbox 2081 1237 3650 1316">
    <p class='ocr_par' dir='ltr' id='par_1_69' title="bbox 2081 1237 3650 1316">
     <span class='ocr_line' id='line_1_69' title="bbox 2081 1237 3650 1316; baseline 0.015 -27"><span class='ocrx_word' id='word_1_546' title='bbox 2081 1237 2254 1292; x_wconf 87' lang='lat' dir='ltr'><strong>virtus</strong></span> <span class='ocrx_word' id='word_1_547' title='bbox 2282 1242 2478 1308; x_wconf 88' lang='lat' dir='ltr'><strong>elucet,</strong></span> <span class='ocrx_word' id='word_1_548' title='bbox 2513 1247 2749 1304; x_wconf 90' lang='lat' dir='ltr'><strong>suadens</strong></span> <span class='ocrx_word' id='word_1_549' title='bbox 2778 1248 3107 1316; x_wconf 87' lang='lat' dir='ltr'><strong>hominibus,</strong></span> <span class='ocrx_word' id='word_1_550' title='bbox 3139 1264 3195 1307; x_wconf 94' lang='lat' dir='ltr'><strong>ut</strong></span> <span class='ocrx_word' id='word_1_551' title='bbox 3232 1255 3377 1311; x_wconf 91' lang='lat' dir='ltr'><strong>circa</strong></span> <span class='ocrx_word' id='word_1_552' title='bbox 3419 1237 3506 1312; x_wconf 86' lang='lat' dir='ltr'><strong>ilIa</strong></span> <span class='ocrx_word' id='word_1_553' title='bbox 3539 1275 3650 1312; x_wconf 92' lang='lat' dir='ltr'><strong>ma-</strong></span> 
     </span>
    </p>
   </div>
   <div class='ocr_carea' id='block_1_70' title="bbox 2079 1325 3647 1410">
    <p class='ocr_par' dir='ltr' id='par_1_70' title="bbox 2079 1325 3647 1410">
     <span class='ocr_line' id='line_1_70' title="bbox 2079 1325 3647 1410; baseline 0.017 -32"><span class='ocrx_word' id='word_1_554' title='bbox 2079 1325 2163 1395; x_wconf 85' lang='lat' dir='ltr'><strong>gis</strong></span> <span class='ocrx_word' id='word_1_555' title='bbox 2198 1333 2505 1386; x_wconf 87' lang='lat' dir='ltr'><strong>necessaria</strong></span> <span class='ocrx_word' id='word_1_556' title='bbox 2541 1343 2595 1388; x_wconf 91' lang='lat' dir='ltr'><strong>et</strong></span> <span class='ocrx_word' id='word_1_557' title='bbox 2629 1339 2876 1407; x_wconf 88' lang='lat' dir='ltr'><strong>urgentia</strong></span> <span class='ocrx_word' id='word_1_558' title='bbox 2926 1352 3239 1410; x_wconf 89' lang='lat' dir='ltr'><strong>versantes,</strong></span> <span class='ocrx_word' id='word_1_559' title='bbox 3284 1347 3419 1402; x_wconf 90' lang='lat' dir='ltr'><strong>nihil</strong></span> <span class='ocrx_word' id='word_1_560' title='bbox 3458 1349 3525 1403; x_wconf 89' lang='lat' dir='ltr'><strong>ab</strong></span> <span class='ocrx_word' id='word_1_561' title='bbox 3566 1351 3647 1406; x_wconf 91' lang='lat' dir='ltr'><strong>bis</strong></span> 
     </span>
    </p>
   </div>
   <div class='ocr_carea' id='block_1_71' title="bbox 2077 1415 2733 1496">
    <p class='ocr_par' dir='ltr' id='par_1_71' title="bbox 2077 1415 2733 1496">
     <span class='ocr_line' id='line_1_71' title="bbox 2077 1415 2733 1496; baseline 0.023 -30"><span class='ocrx_word' id='word_1_562' title='bbox 2077 1415 2305 1472; x_wconf 90' lang='lat' dir='ltr'><strong>minutis</strong></span> <span class='ocrx_word' id='word_1_563' title='bbox 2337 1419 2600 1476; x_wconf 71' lang='lat' dir='ltr'><strong>laedantur</strong></span> <span class='ocrx_word' id='word_1_564' title='bbox 2634 1425 2733 1496; x_wconf 83' lang='grc' dir='ltr'><strong>(α).</strong></span> 
     </span>
    </p>
   </div>
   <div class='ocr_carea' id='block_1_72' title="bbox 2140 1585 3641 1656">
    <p class='ocr_par' dir='ltr' id='par_1_72' title="bbox 2140 1585 3641 1656">
     <span class='ocr_line' id='line_1_72' title="bbox 2140 1585 3641 1656; baseline 0.007 -16"><span class='ocrx_word' id='word_1_565' title='bbox 2140 1587 2190 1640; x_wconf 79' lang='grc'><strong>4.</strong></span> <span class='ocrx_word' id='word_1_566' title='bbox 2225 1585 2658 1656; x_wconf 83' lang='lat' dir='ltr'><strong>Evangelistarum</strong></span> <span class='ocrx_word' id='word_1_567' title='bbox 2701 1591 2960 1644; x_wconf 81' lang='lat' dir='ltr'><strong>consensio</strong></span> <span class='ocrx_word' id='word_1_568' title='bbox 3015 1592 3316 1646; x_wconf 80' lang='lat' dir='ltr'><strong>vindicatur.</strong></span> <span class='ocrx_word' id='word_1_569' title='bbox 3356 1593 3641 1652; x_wconf 69' lang='lat' dir='ltr'><strong>Piscatores</strong></span> 
     </span>
    </p>
   </div>
   <div class='ocr_carea' id='block_1_73' title="bbox 2067 1676 3636 1754">
    <p class='ocr_par' dir='ltr' id='par_1_73' title="bbox 2067 1676 3636 1754">
     <span class='ocr_line' id='line_1_73' title="bbox 2067 1676 3636 1754; baseline 0.01 -27"><span class='ocrx_word' id='word_1_570' title='bbox 2067 1685 2114 1728; x_wconf 84' lang='lat' dir='ltr'><strong>et</strong></span> <span class='ocrx_word' id='word_1_571' title='bbox 2136 1676 2363 1730; x_wconf 85' lang='lat' dir='ltr'><strong>illiterati</strong></span> <span class='ocrx_word' id='word_1_572' title='bbox 2393 1695 2492 1731; x_wconf 88' lang='lat' dir='ltr'><strong>non</strong></span> <span class='ocrx_word' id='word_1_573' title='bbox 2520 1680 2618 1732; x_wconf 85' lang='lat' dir='ltr'><strong>nisi</strong></span> <span class='ocrx_word' id='word_1_574' title='bbox 2645 1681 2823 1735; x_wconf 83' lang='lat' dir='ltr'><strong>virtute</strong></span> <span class='ocrx_word' id='word_1_575' title='bbox 2842 1682 3012 1736; x_wconf 84' lang='lat' dir='ltr'><strong>divina</strong></span> <span class='ocrx_word' id='word_1_576' title='bbox 3041 1695 3247 1753; x_wconf 83' lang='lat' dir='ltr'><strong>potuere</strong></span> <span class='ocrx_word' id='word_1_577' title='bbox 3269 1687 3636 1754; x_wconf 82' lang='lat' dir='ltr'><strong>pltilosOphari.</strong></span> 
     </span>
    </p>
   </div>
   <div class='ocr_carea' id='block_1_74' title="bbox 2065 1761 3638 1838">
    <p class='ocr_par' dir='ltr' id='par_1_74' title="bbox 2065 1761 3638 1838">
     <span class='ocr_line' id='line_1_74' title="bbox 2065 1761 3638 1838; baseline 0.009 -22"><span class='ocrx_word' id='word_1_578' title='bbox 2065 1761 2298 1820; x_wconf 81' lang='lat' dir='ltr'><strong>Platonis</strong></span> <span class='ocrx_word' id='word_1_579' title='bbox 2319 1767 2535 1821; x_wconf 80' lang='lat' dir='ltr'><strong>ridicula</strong></span> <span class='ocrx_word' id='word_1_580' title='bbox 2553 1769 2852 1838; x_wconf 84' lang='lat' dir='ltr'><strong>respublica.</strong></span> <span class='ocrx_word' id='word_1_581' title='bbox 2883 1801 2954 1810; x_wconf 93' lang='lat'><em>—</em></span> <span class='ocrx_word' id='word_1_582' title='bbox 2974 1772 3197 1827; x_wconf 89' lang='lat' dir='ltr'><strong>Ubinam</strong></span> <span class='ocrx_word' id='word_1_583' title='bbox 3223 1784 3399 1829; x_wconf 91' lang='lat' dir='ltr'><strong>autem</strong></span> <span class='ocrx_word' id='word_1_584' title='bbox 3431 1776 3638 1831; x_wconf 91' lang='lat' dir='ltr'><strong>illorum</strong></span> 
     </span>
    </p>
   </div>
   <div class='ocr_carea' id='block_1_75' title="bbox 2061 1854 3636 1938">
    <p class='ocr_par' dir='ltr' id='par_1_75' title="bbox 2061 1854 3636 1938">
     <span class='ocr_line' id='line_1_75' title="bbox 2061 1854 3636 1938; baseline 0.011 -31"><span class='ocrx_word' id='word_1_585' title='bbox 2061 1854 2250 1924; x_wconf 88' lang='lat' dir='ltr'><strong>singuli</strong></span> <span class='ocrx_word' id='word_1_586' title='bbox 2303 1858 2646 1926; x_wconf 89' lang='lat' dir='ltr'><strong>scripserint,</strong></span> <span class='ocrx_word' id='word_1_587' title='bbox 2679 1875 2784 1914; x_wconf 91' lang='lat' dir='ltr'><strong>non</strong></span> <span class='ocrx_word' id='word_1_588' title='bbox 2819 1869 2901 1916; x_wconf 91' lang='lat' dir='ltr'><strong>est</strong></span> <span class='ocrx_word' id='word_1_589' title='bbox 2936 1863 3076 1931; x_wconf 91' lang='lat' dir='ltr'><strong>quod</strong></span> <span class='ocrx_word' id='word_1_590' title='bbox 3106 1865 3327 1919; x_wconf 91' lang='lat' dir='ltr'><strong>multum</strong></span> <span class='ocrx_word' id='word_1_591' title='bbox 3371 1866 3636 1938; x_wconf 87' lang='lat' dir='ltr'><strong>disquira-</strong></span> 
     </span>
    </p>
   </div>
   <div class='ocr_carea' id='block_1_76' title="bbox 2061 1948 3634 2017">
    <p class='ocr_par' dir='ltr' id='par_1_76' title="bbox 2061 1948 3634 2017">
     <span class='ocr_line' id='line_1_76' title="bbox 2061 1948 3634 2017; baseline 0.013 -20"><span class='ocrx_word' id='word_1_592' title='bbox 2061 1962 2216 2000; x_wconf 91' lang='lat' dir='ltr'><strong>mus:</strong></span> <span class='ocrx_word' id='word_1_593' title='bbox 2249 1948 2388 2017; x_wconf 90' lang='lat' dir='ltr'><strong>quod</strong></span> <span class='ocrx_word' id='word_1_594' title='bbox 2443 1961 2619 2005; x_wconf 89' lang='lat' dir='ltr'><strong>autem</strong></span> <span class='ocrx_word' id='word_1_595' title='bbox 2661 1968 2766 2006; x_wconf 92' lang='lat' dir='ltr'><strong>non</strong></span> <span class='ocrx_word' id='word_1_596' title='bbox 2811 1955 2946 2009; x_wconf 90' lang='lat' dir='ltr'><strong>alius</strong></span> <span class='ocrx_word' id='word_1_597' title='bbox 2993 1955 3248 2013; x_wconf 90' lang='lat' dir='ltr'><strong>adversus</strong></span> <span class='ocrx_word' id='word_1_598' title='bbox 3293 1961 3454 2014; x_wconf 90' lang='lat' dir='ltr'><strong>alium</strong></span> <span class='ocrx_word' id='word_1_599' title='bbox 3487 1963 3634 2017; x_wconf 80' lang='lat' dir='ltr'><strong>scri-</strong></span> 
     </span>
    </p>
   </div>
   <div class='ocr_carea' id='block_1_77' title="bbox 2059 2039 3635 2114">
    <p class='ocr_par' dir='ltr' id='par_1_77' title="bbox 2059 2039 3635 2114">
     <span class='ocr_line' id='line_1_77' title="bbox 2059 2039 3635 2114; baseline 0.012 -25"><span class='ocrx_word' id='word_1_600' title='bbox 2059 2039 2242 2105; x_wconf 82' lang='lat' dir='ltr'><strong>pserit,</strong></span> <span class='ocrx_word' id='word_1_601' title='bbox 2279 2040 2328 2093; x_wconf 90' lang='lat' dir='ltr'><strong>id</strong></span> <span class='ocrx_word' id='word_1_602' title='bbox 2367 2057 2462 2110; x_wconf 90' lang='lat' dir='ltr'><strong>per</strong></span> <span class='ocrx_word' id='word_1_603' title='bbox 2507 2051 2672 2097; x_wconf 91' lang='lat' dir='ltr'><strong>totum</strong></span> <span class='ocrx_word' id='word_1_604' title='bbox 2716 2046 2892 2114; x_wconf 91' lang='lat' dir='ltr'><strong>operis</strong></span> <span class='ocrx_word' id='word_1_605' title='bbox 2939 2046 3220 2102; x_wconf 90' lang='lat' dir='ltr'><strong>decursum</strong></span> <span class='ocrx_word' id='word_1_606' title='bbox 3269 2050 3635 2109; x_wconf 88' lang='lat' dir='ltr'><strong>demonstrare</strong></span> 
     </span>
    </p>
   </div>
   <div class='ocr_carea' id='block_1_78' title="bbox 2055 2132 3629 2214">
    <p class='ocr_par' dir='ltr' id='par_1_78' title="bbox 2055 2132 3629 2214">
     <span class='ocr_line' id='line_1_78' title="bbox 2055 2132 3629 2214; baseline 0.01 -31"><span class='ocrx_word' id='word_1_607' title='bbox 2055 2132 2382 2187; x_wconf 87' lang='lat' dir='ltr'><strong>conabimur.</strong></span> <span class='ocrx_word' id='word_1_608' title='bbox 2417 2134 2494 2188; x_wconf 91' lang='lat' dir='ltr'><strong>Tu</strong></span> <span class='ocrx_word' id='word_1_609' title='bbox 2527 2152 2653 2190; x_wconf 86' lang='lat' dir='ltr'><strong>vero</strong></span> <span class='ocrx_word' id='word_1_610' title='bbox 2684 2139 2770 2206; x_wconf 89' lang='lat' dir='ltr'><strong>qui</strong></span> <span class='ocrx_word' id='word_1_611' title='bbox 2815 2138 3196 2194; x_wconf 85' lang='lat' dir='ltr'><strong>dissnnantiam</strong></span> <span class='ocrx_word' id='word_1_612' title='bbox 3234 2141 3375 2196; x_wconf 90' lang='lat' dir='ltr'><strong>illam</strong></span> <span class='ocrx_word' id='word_1_613' title='bbox 3405 2145 3589 2214; x_wconf 87' lang='lat' dir='ltr'><strong>objieis</strong></span> <span class='ocrx_word' id='word_1_614' title='bbox 3613 2189 3629 2209; x_wconf 89' lang='lat'><strong>,</strong></span> 
     </span>
    </p>
   </div>
   <div class='ocr_carea' id='block_1_79' title="bbox 2056 2224 3628 2304">
    <p class='ocr_par' dir='ltr' id='par_1_79' title="bbox 2056 2224 3628 2304">
     <span class='ocr_line' id='line_1_79' title="bbox 2056 2224 3628 2304; baseline 0.008 -27"><span class='ocrx_word' id='word_1_615' title='bbox 2056 2224 2270 2290; x_wconf 90' lang='lat' dir='ltr'><strong>perinde</strong></span> <span class='ocrx_word' id='word_1_616' title='bbox 2293 2225 2419 2280; x_wconf 87' lang='lat' dir='ltr'><strong>facis</strong></span> <span class='ocrx_word' id='word_1_617' title='bbox 2432 2241 2492 2281; x_wconf 90' lang='lat' dir='ltr'><strong>ac</strong></span> <span class='ocrx_word' id='word_1_618' title='bbox 2509 2229 2552 2281; x_wconf 93' lang='lat' dir='ltr'><strong>si</strong></span> <span class='ocrx_word' id='word_1_619' title='bbox 2574 2228 2762 2283; x_wconf 90' lang='lat' dir='ltr'><strong>eadem</strong></span> <span class='ocrx_word' id='word_1_620' title='bbox 2788 2228 2900 2298; x_wconf 90' lang='lat' dir='ltr'><strong>ipsa</strong></span> <span class='ocrx_word' id='word_1_621' title='bbox 2923 2232 3104 2295; x_wconf 90' lang='lat' dir='ltr'><strong>verba,</strong></span> <span class='ocrx_word' id='word_1_622' title='bbox 3129 2233 3350 2288; x_wconf 90' lang='lat' dir='ltr'><strong>eosdem</strong></span> <span class='ocrx_word' id='word_1_623' title='bbox 3378 2234 3628 2304; x_wconf 90' lang='lat' dir='ltr'><strong>loquendi</strong></span> 
     </span>
    </p>
   </div>
   <div class='ocr_carea' id='block_1_80' title="bbox 2053 2312 3629 2394">
    <p class='ocr_par' dir='ltr' id='par_1_80' title="bbox 2053 2312 3629 2394">
     <span class='ocr_line' id='line_1_80' title="bbox 2053 2312 3629 2394; baseline 0.01 -30"><span class='ocrx_word' id='word_1_624' title='bbox 2053 2312 2239 2366; x_wconf 91' lang='lat' dir='ltr'><strong>modos</strong></span> <span class='ocrx_word' id='word_1_625' title='bbox 2278 2314 2516 2381; x_wconf 88' lang='lat' dir='ltr'><strong>proferre</strong></span> <span class='ocrx_word' id='word_1_626' title='bbox 2553 2317 2790 2386; x_wconf 89' lang='lat' dir='ltr'><strong>juberes.</strong></span> <span class='ocrx_word' id='word_1_627' title='bbox 2822 2318 3056 2374; x_wconf 90' lang='lat' dir='ltr'><strong>Necdum</strong></span> <span class='ocrx_word' id='word_1_628' title='bbox 3083 2320 3276 2388; x_wconf 86' lang='lat' dir='ltr'><strong>dicam,</strong></span> <span class='ocrx_word' id='word_1_629' title='bbox 3329 2339 3421 2378; x_wconf 92' lang='lat' dir='ltr'><strong>eos</strong></span> <span class='ocrx_word' id='word_1_630' title='bbox 3445 2327 3534 2394; x_wconf 92' lang='lat' dir='ltr'><strong>qui</strong></span> <span class='ocrx_word' id='word_1_631' title='bbox 3563 2327 3629 2380; x_wconf 85' lang='lat' dir='ltr'><strong>de</strong></span> 
     </span>
    </p>
   </div>
   <div class='ocr_carea' id='block_1_81' title="bbox 2053 2402 3627 2487">
    <p class='ocr_par' dir='ltr' id='par_1_81' title="bbox 2053 2402 3627 2487">
     <span class='ocr_line' id='line_1_81' title="bbox 2053 2402 3627 2487; baseline 0.012 -33"><span class='ocrx_word' id='word_1_632' title='bbox 2053 2402 2314 2458; x_wconf 88' lang='lat' dir='ltr'><strong>rhetorica</strong></span> <span class='ocrx_word' id='word_1_633' title='bbox 2342 2413 2396 2460; x_wconf 91' lang='lat' dir='ltr'><strong>et</strong></span> <span class='ocrx_word' id='word_1_634' title='bbox 2421 2407 2488 2462; x_wconf 89' lang='lat' dir='ltr'><strong>de</strong></span> <span class='ocrx_word' id='word_1_635' title='bbox 2514 2407 2845 2479; x_wconf 88' lang='lat' dir='ltr'><strong>philosophia</strong></span> <span class='ocrx_word' id='word_1_636' title='bbox 2862 2412 3146 2466; x_wconf 92' lang='lat' dir='ltr'><strong>admodum</strong></span> <span class='ocrx_word' id='word_1_637' title='bbox 3167 2413 3476 2484; x_wconf 85' lang='lat' dir='ltr'><strong>gloriantur,</strong></span> <span class='ocrx_word' id='word_1_638' title='bbox 3511 2419 3627 2487; x_wconf 89' lang='lat' dir='ltr'><strong>qui-</strong></span> 
     </span>
    </p>
   </div>
   <div class='ocr_carea' id='block_1_82' title="bbox 2050 2497 3624 2575">
    <p class='ocr_par' dir='ltr' id='par_1_82' title="bbox 2050 2497 3624 2575">
     <span class='ocr_line' id='line_1_82' title="bbox 2050 2497 3624 2575; baseline 0.011 -29"><span class='ocrx_word' id='word_1_639' title='bbox 2050 2509 2152 2562; x_wconf 84' lang='lat' dir='ltr'><strong>que</strong></span> <span class='ocrx_word' id='word_1_640' title='bbox 2182 2497 2376 2552; x_wconf 86' lang='lat' dir='ltr'><strong>multos</strong></span> <span class='ocrx_word' id='word_1_641' title='bbox 2406 2497 2570 2553; x_wconf 92' lang='lat' dir='ltr'><strong>libros</strong></span> <span class='ocrx_word' id='word_1_642' title='bbox 2611 2500 2795 2556; x_wconf 90' lang='lat' dir='ltr'><strong>iisdem</strong></span> <span class='ocrx_word' id='word_1_643' title='bbox 2823 2502 2892 2557; x_wconf 89' lang='lat' dir='ltr'><strong>de</strong></span> <span class='ocrx_word' id='word_1_644' title='bbox 2917 2503 3078 2558; x_wconf 90' lang='lat' dir='ltr'><strong>rebus</strong></span> <span class='ocrx_word' id='word_1_645' title='bbox 3125 2507 3484 2575; x_wconf 89' lang='lat' dir='ltr'><strong>scripserunt,</strong></span> <span class='ocrx_word' id='word_1_646' title='bbox 3519 2527 3624 2566; x_wconf 91' lang='lat' dir='ltr'><strong>non</strong></span> 
     </span>
    </p>
   </div>
   <div class='ocr_carea' id='block_1_83' title="bbox 2049 2583 3612 2658">
    <p class='ocr_par' dir='ltr' id='par_1_83' title="bbox 2049 2583 3612 2658">
     <span class='ocr_line' id='line_1_83' title="bbox 2049 2583 3612 2658; baseline 0.013 -24"><span class='ocrx_word' id='word_1_647' title='bbox 2049 2583 2207 2638; x_wconf 89' lang='lat' dir='ltr'><strong>modo</strong></span> <span class='ocrx_word' id='word_1_648' title='bbox 2223 2599 2406 2642; x_wconf 87' lang='lat' dir='ltr'><strong>mutuo</strong></span> <span class='ocrx_word' id='word_1_649' title='bbox 2435 2588 2785 2658; x_wconf 88' lang='lat' dir='ltr'><strong>discrepasse,</strong></span> <span class='ocrx_word' id='word_1_650' title='bbox 2814 2591 2907 2647; x_wconf 89' lang='lat' dir='ltr'><strong>sed</strong></span> <span class='ocrx_word' id='word_1_651' title='bbox 2935 2594 3092 2648; x_wconf 89' lang='lat' dir='ltr'><strong>etiam</strong></span> <span class='ocrx_word' id='word_1_652' title='bbox 3114 2599 3378 2652; x_wconf 90' lang='lat' dir='ltr'><strong>contraria</strong></span> <span class='ocrx_word' id='word_1_653' title='bbox 3394 2599 3612 2655; x_wconf 85' lang='lat' dir='ltr'><strong>dixisse.</strong></span> 
     </span>
    </p>
   </div>
   <div class='ocr_carea' id='block_1_84' title="bbox 2044 2672 3615 2756">
    <p class='ocr_par' dir='ltr' id='par_1_84' title="bbox 2044 2672 3615 2756">
     <span class='ocr_line' id='line_1_84' title="bbox 2044 2672 3615 2756; baseline 0.013 -30"><span class='ocrx_word' id='word_1_654' title='bbox 2044 2672 2175 2726; x_wconf 91' lang='lat' dir='ltr'><strong>Nam</strong></span> <span class='ocrx_word' id='word_1_655' title='bbox 2203 2675 2344 2730; x_wconf 86' lang='lat' dir='ltr'><strong>aliud</strong></span> <span class='ocrx_word' id='word_1_656' title='bbox 2375 2686 2458 2732; x_wconf 87' lang='lat' dir='ltr'><strong>est</strong></span> <span class='ocrx_word' id='word_1_657' title='bbox 2483 2679 2692 2735; x_wconf 89' lang='lat' dir='ltr'><strong>diverse</strong></span> <span class='ocrx_word' id='word_1_658' title='bbox 2735 2682 2898 2752; x_wconf 89' lang='lat' dir='ltr'><strong>loqui,</strong></span> <span class='ocrx_word' id='word_1_659' title='bbox 2925 2684 3067 2738; x_wconf 90' lang='lat' dir='ltr'><strong>aliud</strong></span> <span class='ocrx_word' id='word_1_660' title='bbox 3097 2689 3378 2756; x_wconf 86' lang='lat' dir='ltr'><strong>pugnantia</strong></span> <span class='ocrx_word' id='word_1_661' title='bbox 3415 2689 3615 2746; x_wconf 89' lang='lat' dir='ltr'><strong>dicere.</strong></span> 
     </span>
    </p>
   </div>
   <div class='ocr_carea' id='block_1_85' title="bbox 2044 2764 3618 2850">
    <p class='ocr_par' dir='ltr' id='par_1_85' title="bbox 2044 2764 3618 2850">
     <span class='ocr_line' id='line_1_85' title="bbox 2044 2764 3618 2850; baseline 0.014 -35"><span class='ocrx_word' id='word_1_662' title='bbox 2044 2764 2110 2816; x_wconf 76' lang='lat' dir='ltr'><strong>At</strong></span> <span class='ocrx_word' id='word_1_663' title='bbox 2141 2765 2270 2819; x_wconf 91' lang='lat' dir='ltr'><strong>nihil</strong></span> <span class='ocrx_word' id='word_1_664' title='bbox 2297 2765 2485 2822; x_wconf 90' lang='lat' dir='ltr'><strong>borum</strong></span> <span class='ocrx_word' id='word_1_665' title='bbox 2513 2769 2634 2825; x_wconf 91' lang='lat' dir='ltr'><strong>dico</strong></span> <span class='ocrx_word' id='word_1_666' title='bbox 2665 2788 2677 2824; x_wconf 94' lang='lat'><strong>:</strong></span> <span class='ocrx_word' id='word_1_667' title='bbox 2709 2773 2847 2827; x_wconf 90' lang='lat' dir='ltr'><strong>absit</strong></span> <span class='ocrx_word' id='word_1_668' title='bbox 2867 2775 3007 2828; x_wconf 90' lang='lat' dir='ltr'><strong>enim</strong></span> <span class='ocrx_word' id='word_1_669' title='bbox 3039 2790 3107 2830; x_wconf 92' lang='lat' dir='ltr'><strong>ne</strong></span> <span class='ocrx_word' id='word_1_670' title='bbox 3129 2777 3338 2832; x_wconf 91' lang='lat' dir='ltr'><strong>illorum</strong></span> <span class='ocrx_word' id='word_1_671' title='bbox 3361 2781 3618 2850; x_wconf 89' lang='lat' dir='ltr'><strong>insipien-</strong></span> 
     </span>
    </p>
   </div>
   <div class='ocr_carea' id='block_1_86' title="bbox 2043 2855 3622 2939">
    <p class='ocr_par' dir='ltr' id='par_1_86' title="bbox 2043 2855 3622 2939">
     <span class='ocr_line' id='line_1_86' title="bbox 2043 2855 3622 2939; baseline 0.015 -34"><span class='ocrx_word' id='word_1_672' title='bbox 2043 2855 2113 2907; x_wconf 87' lang='lat' dir='ltr'><strong>tia</strong></span> <span class='ocrx_word' id='word_1_673' title='bbox 2145 2863 2262 2908; x_wconf 88' lang='lat' dir='ltr'><strong>utar</strong></span> <span class='ocrx_word' id='word_1_674' title='bbox 2290 2857 2356 2911; x_wconf 91' lang='lat' dir='ltr'><strong>ad</strong></span> <span class='ocrx_word' id='word_1_675' title='bbox 2400 2861 2688 2927; x_wconf 90' lang='lat' dir='ltr'><strong>parandam</strong></span> <span class='ocrx_word' id='word_1_676' title='bbox 2734 2862 3138 2932; x_wconf 89' lang='lat' dir='ltr'><strong>defensionem;</strong></span> <span class='ocrx_word' id='word_1_677' title='bbox 3163 2883 3333 2939; x_wconf 91' lang='lat' dir='ltr'><strong>neque</strong></span> <span class='ocrx_word' id='word_1_678' title='bbox 3359 2873 3498 2925; x_wconf 92' lang='lat' dir='ltr'><strong>enim</strong></span> <span class='ocrx_word' id='word_1_679' title='bbox 3531 2890 3622 2928; x_wconf 85' lang='lat' dir='ltr'><strong>ve-</strong></span> 
     </span>
    </p>
   </div>
   <div class='ocr_carea' id='block_1_87' title="bbox 2039 2943 3619 3029">
    <p class='ocr_par' dir='ltr' id='par_1_87' title="bbox 2039 2943 3619 3029">
     <span class='ocr_line' id='line_1_87' title="bbox 2039 2943 3619 3029; baseline 0.014 -31"><span class='ocrx_word' id='word_1_680' title='bbox 2039 2943 2129 2998; x_wconf 88' lang='lat' dir='ltr'><strong>lim</strong></span> <span class='ocrx_word' id='word_1_681' title='bbox 2148 2960 2211 3000; x_wconf 82' lang='lat' dir='ltr'><strong>ex</strong></span> <span class='ocrx_word' id='word_1_682' title='bbox 2242 2949 2517 3005; x_wconf 89' lang='lat' dir='ltr'><strong>mendacio</strong></span> <span class='ocrx_word' id='word_1_683' title='bbox 2547 2953 2822 3008; x_wconf 91' lang='lat' dir='ltr'><strong>veritatem</strong></span> <span class='ocrx_word' id='word_1_684' title='bbox 2856 2955 3066 3011; x_wconf 88' lang='lat' dir='ltr'><strong>firmare</strong></span> <span class='ocrx_word' id='word_1_685' title='bbox 3096 2976 3109 3011; x_wconf 93' lang='lat'><strong>:</strong></span> <span class='ocrx_word' id='word_1_686' title='bbox 3145 2961 3238 3014; x_wconf 91' lang='lat' dir='ltr'><strong>sed</strong></span> <span class='ocrx_word' id='word_1_687' title='bbox 3268 2961 3396 3016; x_wconf 90' lang='lat' dir='ltr'><strong>illud</strong></span> <span class='ocrx_word' id='word_1_688' title='bbox 3426 2979 3619 3029; x_wconf 84' lang='lat' dir='ltr'><strong>rogare</strong></span> 
     </span>
    </p>
   </div>
   <div class='ocr_carea' id='block_1_88' title="bbox 2038 3034 3621 3122">
    <p class='ocr_par' dir='ltr' id='par_1_88' title="bbox 2038 3034 3621 3122">
     <span class='ocr_line' id='line_1_88' title="bbox 2038 3034 3621 3122; baseline 0.019 -38"><span class='ocrx_word' id='word_1_689' title='bbox 2038 3034 2218 3100; x_wconf 86' lang='lat' dir='ltr'><strong>velim,</strong></span> <span class='ocrx_word' id='word_1_690' title='bbox 2253 3041 2519 3106; x_wconf 89' lang='lat' dir='ltr'><strong>quomodo</strong></span> <span class='ocrx_word' id='word_1_691' title='bbox 2564 3044 2719 3098; x_wconf 84' lang='lat' dir='ltr'><strong>fidem</strong></span> <span class='ocrx_word' id='word_1_692' title='bbox 2764 3049 3081 3104; x_wconf 89' lang='lat' dir='ltr'><strong>meruissent</strong></span> <span class='ocrx_word' id='word_1_693' title='bbox 3108 3065 3169 3106; x_wconf 88' lang='lat' dir='ltr'><strong>ea</strong></span> <span class='ocrx_word' id='word_1_694' title='bbox 3214 3069 3332 3122; x_wconf 63' lang='lat' dir='ltr'><strong>quae</strong></span> <span class='ocrx_word' id='word_1_695' title='bbox 3372 3056 3621 3114; x_wconf 87' lang='lat' dir='ltr'><strong>dissona-</strong></span> 
     </span>
    </p>
   </div>
   <div class='ocr_carea' id='block_1_89' title="bbox 2037 3127 3616 3217">
    <p class='ocr_par' dir='ltr' id='par_1_89' title="bbox 2037 3127 3616 3217">
     <span class='ocr_line' id='line_1_89' title="bbox 2037 3127 3616 3217; baseline 0.019 -42"><span class='ocrx_word' id='word_1_696' title='bbox 2037 3127 2192 3177; x_wconf 83' lang='lat' dir='ltr'><strong>rent?</strong></span> <span class='ocrx_word' id='word_1_697' title='bbox 2228 3143 2333 3195; x_wconf 87' lang='lat' dir='ltr'><strong>quo</strong></span> <span class='ocrx_word' id='word_1_698' title='bbox 2362 3141 2515 3197; x_wconf 88' lang='lat' dir='ltr'><strong>pacto</strong></span> <span class='ocrx_word' id='word_1_699' title='bbox 2552 3140 2930 3202; x_wconf 88' lang='lat' dir='ltr'><strong>superassent?</strong></span> <span class='ocrx_word' id='word_1_700' title='bbox 2959 3142 3228 3208; x_wconf 87' lang='lat' dir='ltr'><strong>quomodo</strong></span> <span class='ocrx_word' id='word_1_701' title='bbox 3252 3146 3295 3198; x_wconf 87' lang='lat' dir='ltr'><strong>si</strong></span> <span class='ocrx_word' id='word_1_702' title='bbox 3327 3151 3616 3217; x_wconf 83' lang='lat' dir='ltr'><strong>pugnantia</strong></span> 
     </span>
    </p>
   </div>
   <div class='ocr_carea' id='block_1_90' title="bbox 2037 3212 3614 3295">
    <p class='ocr_par' dir='ltr' id='par_1_90' title="bbox 2037 3212 3614 3295">
     <span class='ocr_line' id='line_1_90' title="bbox 2037 3212 3614 3295; baseline 0.018 -30"><span class='ocrx_word' id='word_1_703' title='bbox 2037 3212 2236 3282; x_wconf 89' lang='lat' dir='ltr'><strong>loquuti</strong></span> <span class='ocrx_word' id='word_1_704' title='bbox 2265 3217 2502 3286; x_wconf 82' lang='lat' dir='ltr'><strong>fuissent,</strong></span> <span class='ocrx_word' id='word_1_705' title='bbox 2534 3222 2957 3295; x_wconf 88' lang='lat' dir='ltr'><strong>admirationem,</strong></span> <span class='ocrx_word' id='word_1_706' title='bbox 2986 3229 3141 3285; x_wconf 85' lang='lat' dir='ltr'><strong>fidem</strong></span> <span class='ocrx_word' id='word_1_707' title='bbox 3164 3243 3216 3287; x_wconf 91' lang='lat' dir='ltr'><strong>et</strong></span> <span class='ocrx_word' id='word_1_708' title='bbox 3245 3212 3614 3293; x_wconf 72' lang='lat' dir='ltr'><strong>celebritatem</strong></span> 
     </span>
    </p>
   </div>
   <div class='ocr_carea' id='block_1_91' title="bbox 2035 3307 3612 3394">
    <p class='ocr_par' dir='ltr' id='par_1_91' title="bbox 2035 3307 3612 3394">
     <span class='ocr_line' id='line_1_91' title="bbox 2035 3307 3612 3394; baseline 0.018 -41"><span class='ocrx_word' id='word_1_709' title='bbox 2035 3307 2235 3357; x_wconf 89' lang='lat' dir='ltr'><strong>tantam</strong></span> <span class='ocrx_word' id='word_1_710' title='bbox 2277 3321 2373 3374; x_wconf 91' lang='lat' dir='ltr'><strong>per</strong></span> <span class='ocrx_word' id='word_1_711' title='bbox 2419 3319 2586 3365; x_wconf 90' lang='lat' dir='ltr'><strong>totum</strong></span> <span class='ocrx_word' id='word_1_712' title='bbox 2631 3313 2813 3368; x_wconf 90' lang='lat' dir='ltr'><strong>orbem</strong></span> <span class='ocrx_word' id='word_1_713' title='bbox 2855 3316 3429 3394; x_wconf 83' lang='lat' dir='ltr'><strong>obtinuissent?Atqui</strong></span> <span class='ocrx_word' id='word_1_714' title='bbox 3459 3329 3612 3382; x_wconf 90' lang='lat' dir='ltr'><strong>multi</strong></span> 
     </span>
    </p>
   </div>
   <div class='ocr_carea' id='block_1_92' title="bbox 2032 3396 3612 3473">
    <p class='ocr_par' dir='ltr' id='par_1_92' title="bbox 2032 3396 3612 3473">
     <span class='ocr_line' id='line_1_92' title="bbox 2032 3396 3612 3473; baseline 0.016 -26"><span class='ocrx_word' id='word_1_715' title='bbox 2032 3405 2185 3449; x_wconf 89' lang='lat' dir='ltr'><strong>erant</strong></span> <span class='ocrx_word' id='word_1_716' title='bbox 2211 3396 2473 3454; x_wconf 88' lang='lat' dir='ltr'><strong>dictorum</strong></span> <span class='ocrx_word' id='word_1_717' title='bbox 2508 3411 2691 3470; x_wconf 87' lang='lat' dir='ltr'><strong>testes,</strong></span> <span class='ocrx_word' id='word_1_718' title='bbox 2721 3414 2850 3460; x_wconf 89' lang='lat' dir='ltr'><strong>utet</strong></span> <span class='ocrx_word' id='word_1_719' title='bbox 2878 3410 3025 3463; x_wconf 91' lang='lat' dir='ltr'><strong>multi</strong></span> <span class='ocrx_word' id='word_1_720' title='bbox 3058 3412 3254 3467; x_wconf 87' lang='lat' dir='ltr'><strong>inimici</strong></span> <span class='ocrx_word' id='word_1_721' title='bbox 3277 3425 3330 3468; x_wconf 86' lang='lat' dir='ltr'><strong>et</strong></span> <span class='ocrx_word' id='word_1_722' title='bbox 3357 3416 3612 3473; x_wconf 86' lang='lat' dir='ltr'><strong>adversa-</strong></span> 
     </span>
    </p>
   </div>
   <div class='ocr_carea' id='block_1_93' title="bbox 2032 3485 3608 3573">
    <p class='ocr_par' dir='ltr' id='par_1_93' title="bbox 2032 3485 3608 3573">
     <span class='ocr_line' id='line_1_93' title="bbox 2032 3485 3608 3573; baseline 0.017 -36"><span class='ocrx_word' id='word_1_723' title='bbox 2032 3485 2116 3537; x_wconf 92' lang='lat' dir='ltr'><strong>rii.</strong></span> <span class='ocrx_word' id='word_1_724' title='bbox 2150 3486 2332 3558; x_wconf 89' lang='lat' dir='ltr'><strong>Neque</strong></span> <span class='ocrx_word' id='word_1_725' title='bbox 2361 3493 2504 3545; x_wconf 87' lang='lat' dir='ltr'><strong>enim</strong></span> <span class='ocrx_word' id='word_1_726' title='bbox 2546 3495 2660 3550; x_wconf 73' lang='lat' dir='ltr'><strong>ha-c</strong></span> <span class='ocrx_word' id='word_1_727' title='bbox 2699 3496 2754 3550; x_wconf 90' lang='lat' dir='ltr'><strong>in</strong></span> <span class='ocrx_word' id='word_1_728' title='bbox 2801 3501 2993 3568; x_wconf 88' lang='lat' dir='ltr'><strong>angulo</strong></span> <span class='ocrx_word' id='word_1_729' title='bbox 3032 3503 3227 3571; x_wconf 87' lang='lat' dir='ltr'><strong>scripta</strong></span> <span class='ocrx_word' id='word_1_730' title='bbox 3269 3505 3608 3573; x_wconf 78' lang='lat' dir='ltr'><strong>defoderunt,</strong></span> 
     </span>
    </p>
   </div>
   <div class='ocr_carea' id='block_1_94' title="bbox 2029 3574 3609 3656">
    <p class='ocr_par' dir='ltr' id='par_1_94' title="bbox 2029 3574 3609 3656">
     <span class='ocr_line' id='line_1_94' title="bbox 2029 3574 3609 3656; baseline 0.018 -30"><span class='ocrx_word' id='word_1_731' title='bbox 2029 3574 2125 3628; x_wconf 87' lang='lat' dir='ltr'><strong>sed</strong></span> <span class='ocrx_word' id='word_1_732' title='bbox 2155 3577 2346 3648; x_wconf 89' lang='lat' dir='ltr'><strong>ubique</strong></span> <span class='ocrx_word' id='word_1_733' title='bbox 2369 3590 2630 3638; x_wconf 89' lang='lat' dir='ltr'><strong>terrarum</strong></span> <span class='ocrx_word' id='word_1_734' title='bbox 2656 3595 2709 3640; x_wconf 92' lang='lat' dir='ltr'><strong>et</strong></span> <span class='ocrx_word' id='word_1_735' title='bbox 2730 3590 2954 3643; x_wconf 91' lang='lat' dir='ltr'><strong>marium</strong></span> <span class='ocrx_word' id='word_1_736' title='bbox 2999 3595 3245 3649; x_wconf 89' lang='lat' dir='ltr'><strong>onmibus</strong></span> <span class='ocrx_word' id='word_1_737' title='bbox 3271 3597 3609 3656; x_wconf 87' lang='lat' dir='ltr'><strong>audientibus</strong></span> 
     </span>
    </p>
   </div>
   <div class='ocr_carea' id='block_1_95' title="bbox 2030 3666 3604 3758">
    <p class='ocr_par' dir='ltr' id='par_1_95' title="bbox 2030 3666 3604 3758">
     <span class='ocr_line' id='line_1_95' title="bbox 2030 3666 3604 3758; baseline 0.019 -40"><span class='ocrx_word' id='word_1_738' title='bbox 2030 3666 2362 3733; x_wconf 90' lang='lat' dir='ltr'><strong>publicarunt</strong></span> <span class='ocrx_word' id='word_1_739' title='bbox 2410 3675 2684 3732; x_wconf 91' lang='lat' dir='ltr'><strong>:inimicis</strong></span> <span class='ocrx_word' id='word_1_740' title='bbox 2720 3683 3066 3748; x_wconf 70' lang='lat' dir='ltr'><strong>prtesentibus</strong></span> <span class='ocrx_word' id='word_1_741' title='bbox 3115 3685 3228 3741; x_wconf 72' lang='lat' dir='ltr'><strong>Iure</strong></span> <span class='ocrx_word' id='word_1_742' title='bbox 3274 3689 3604 3758; x_wconf 83' lang='lat' dir='ltr'><strong>legebantur,</strong></span> 
     </span>
    </p>
   </div>
   <div class='ocr_carea' id='block_1_96' title="bbox 2026 3757 3606 3847">
    <p class='ocr_par' dir='ltr' id='par_1_96' title="bbox 2026 3757 3606 3847">
     <span class='ocr_line' id='line_1_96' title="bbox 2026 3757 3606 3847; baseline 0.018 -38"><span class='ocrx_word' id='word_1_743' title='bbox 2026 3760 2468 3824; x_wconf 90' lang='lat' dir='ltr'><strong>quemadmodum</strong></span> <span class='ocrx_word' id='word_1_744' title='bbox 2495 3774 2546 3820; x_wconf 91' lang='lat' dir='ltr'><strong>et</strong></span> <span class='ocrx_word' id='word_1_745' title='bbox 2577 3767 2762 3832; x_wconf 86' lang='lat' dir='ltr'><strong>hodie;</strong></span> <span class='ocrx_word' id='word_1_746' title='bbox 2792 3780 2846 3825; x_wconf 90' lang='lat' dir='ltr'><strong>et</strong></span> <span class='ocrx_word' id='word_1_747' title='bbox 2877 3775 3140 3829; x_wconf 91' lang='lat' dir='ltr'><strong>neminem</strong></span> <span class='ocrx_word' id='word_1_748' title='bbox 3163 3757 3410 3847; x_wconf 79' lang='lat' dir='ltr'><strong>umquam</strong></span> <span class='ocrx_word' id='word_1_749' title='bbox 3437 3783 3606 3837; x_wconf 78' lang='lat' dir='ltr'><strong>oil‘en-</strong></span> 
     </span>
    </p>
   </div>
   <div class='ocr_carea' id='block_1_97' title="bbox 2025 3846 3604 3937">
    <p class='ocr_par' dir='ltr' id='par_1_97' title="bbox 2025 3846 3604 3937">
     <span class='ocr_line' id='line_1_97' title="bbox 2025 3846 3604 3937; baseline 0.018 -38"><span class='ocrx_word' id='word_1_750' title='bbox 2025 3846 2246 3914; x_wconf 91' lang='lat' dir='ltr'><strong>derunt,</strong></span> <span class='ocrx_word' id='word_1_751' title='bbox 2275 3852 2433 3923; x_wconf 87' lang='lat' dir='ltr'><strong>idque</strong></span> <span class='ocrx_word' id='word_1_752' title='bbox 2467 3855 2588 3924; x_wconf 88' lang='lat' dir='ltr'><strong>jure</strong></span> <span class='ocrx_word' id='word_1_753' title='bbox 2614 3861 2823 3914; x_wconf 88' lang='lat' dir='ltr'><strong>merito.</strong></span> <span class='ocrx_word' id='word_1_754' title='bbox 2860 3861 3044 3917; x_wconf 87' lang='lat' dir='ltr'><strong>Divina</strong></span> <span class='ocrx_word' id='word_1_755' title='bbox 3072 3846 3462 3937; x_wconf 15' lang='lat' dir='ltr'><strong>quippeivirttts</strong></span> <span class='ocrx_word' id='word_1_756' title='bbox 3487 3884 3604 3928; x_wconf 75' lang='lat' dir='ltr'><strong>erat</strong></span> 
     </span>
    </p>
   </div>
   <div class='ocr_carea' id='block_1_98' title="bbox 2026 3939 3604 4020">
    <p class='ocr_par' dir='ltr' id='par_1_98' title="bbox 2026 3939 3604 4020">
     <span class='ocr_line' id='line_1_98' title="bbox 2026 3939 3604 4020; baseline 0.018 -32"><span class='ocrx_word' id='word_1_757' title='bbox 2026 3951 2146 4004; x_wconf 76' lang='lat' dir='ltr'><strong>qua:</strong></span> <span class='ocrx_word' id='word_1_758' title='bbox 2179 3939 2292 3994; x_wconf 71' lang='lat' dir='ltr'><strong>ltzec</strong></span> <span class='ocrx_word' id='word_1_759' title='bbox 2327 3945 2503 3998; x_wconf 90' lang='lat' dir='ltr'><strong>omnia</strong></span> <span class='ocrx_word' id='word_1_760' title='bbox 2527 3949 2849 4016; x_wconf 87' lang='lat' dir='ltr'><strong>operabatur</strong></span> <span class='ocrx_word' id='word_1_761' title='bbox 2876 3952 3013 4020; x_wconf 89' lang='lat' dir='ltr'><strong>apud</strong></span> <span class='ocrx_word' id='word_1_762' title='bbox 3059 3956 3358 4012; x_wconf 84' lang='lat' dir='ltr'><strong>universos.</strong></span> <span class='ocrx_word' id='word_1_763' title='bbox 3395 3960 3604 4015; x_wconf 80' lang='lat' dir='ltr'><strong>Etenim</strong></span> 
     </span>
    </p>
   </div>
   <div class='ocr_carea' id='block_1_99' title="bbox 2023 4029 3600 4116">
    <p class='ocr_par' dir='ltr' id='par_1_99' title="bbox 2023 4029 3600 4116">
     <span class='ocr_line' id='line_1_99' title="bbox 2023 4029 3600 4116; baseline 0.015 -35"><span class='ocrx_word' id='word_1_764' title='bbox 2023 4029 2068 4081; x_wconf 86' lang='lat' dir='ltr'><strong>si</strong></span> <span class='ocrx_word' id='word_1_765' title='bbox 2114 4045 2218 4084; x_wconf 93' lang='lat' dir='ltr'><strong>non</strong></span> <span class='ocrx_word' id='word_1_766' title='bbox 2263 4033 2330 4086; x_wconf 92' lang='lat' dir='ltr'><strong>ita</strong></span> <span class='ocrx_word' id='word_1_767' title='bbox 2362 4047 2420 4089; x_wconf 91' lang='lat' dir='ltr'><strong>se</strong></span> <span class='ocrx_word' id='word_1_768' title='bbox 2467 4051 2553 4090; x_wconf 89' lang='lat' dir='ltr'><strong>res</strong></span> <span class='ocrx_word' id='word_1_769' title='bbox 2603 4038 2894 4104; x_wconf 89' lang='lat' dir='ltr'><strong>habuisset,</strong></span> <span class='ocrx_word' id='word_1_770' title='bbox 2944 4045 3212 4111; x_wconf 90' lang='lat' dir='ltr'><strong>quomodo</strong></span> <span class='ocrx_word' id='word_1_771' title='bbox 3270 4050 3600 4116; x_wconf 81' lang='lat' dir='ltr'><strong>publicanus,</strong></span> 
     </span>
    </p>
   </div>
   <div class='ocr_carea' id='block_1_100' title="bbox 2026 4120 3601 4209">
    <p class='ocr_par' dir='ltr' id='par_1_100' title="bbox 2026 4120 3601 4209">
     <span class='ocr_line' id='line_1_100' title="bbox 2026 4120 3601 4209; baseline 0.015 -38"><span class='ocrx_word' id='word_1_772' title='bbox 2026 4120 2257 4186; x_wconf 91' lang='lat' dir='ltr'><strong>piscator</strong></span> <span class='ocrx_word' id='word_1_773' title='bbox 2284 4133 2338 4178; x_wconf 90' lang='lat' dir='ltr'><strong>et</strong></span> <span class='ocrx_word' id='word_1_774' title='bbox 2380 4125 2660 4183; x_wconf 83' lang='lat' dir='ltr'><strong>illiteratus</strong></span> <span class='ocrx_word' id='word_1_775' title='bbox 2704 4131 2815 4186; x_wconf 71' lang='lat' dir='ltr'><strong>haec</strong></span> <span class='ocrx_word' id='word_1_776' title='bbox 2861 4133 3155 4201; x_wconf 89' lang='lat' dir='ltr'><strong>potuissent</strong></span> <span class='ocrx_word' id='word_1_777' title='bbox 3197 4139 3556 4209; x_wconf 81' lang='lat' dir='ltr'><strong>phil050phari</strong></span> <span class='ocrx_word' id='word_1_778' title='bbox 3581 4142 3601 4194; x_wconf 70' lang='grc' dir='ltr'>Γ</span> 
     </span>
    </p>
   </div>
   <div class='ocr_carea' id='block_1_101' title="bbox 2021 4209 3599 4301">
    <p class='ocr_par' dir='ltr' id='par_1_101' title="bbox 2021 4209 3599 4301">
     <span class='ocr_line' id='line_1_101' title="bbox 2021 4209 3599 4301; baseline 0.015 -37"><span class='ocrx_word' id='word_1_779' title='bbox 2021 4209 2150 4277; x_wconf 59' lang='lat' dir='ltr'><strong>Quae</strong></span> <span class='ocrx_word' id='word_1_780' title='bbox 2179 4215 2320 4269; x_wconf 91' lang='lat' dir='ltr'><strong>enim</strong></span> <span class='ocrx_word' id='word_1_781' title='bbox 2365 4232 2431 4272; x_wconf 92' lang='lat' dir='ltr'><strong>ne</strong></span> <span class='ocrx_word' id='word_1_782' title='bbox 2459 4233 2555 4289; x_wconf 88' lang='lat' dir='ltr'><strong>per</strong></span> <span class='ocrx_word' id='word_1_783' title='bbox 2582 4223 2845 4276; x_wconf 91' lang='lat' dir='ltr'><strong>somnium</strong></span> <span class='ocrx_word' id='word_1_784' title='bbox 2875 4224 3087 4293; x_wconf 90' lang='lat' dir='ltr'><strong>quidem</strong></span> <span class='ocrx_word' id='word_1_785' title='bbox 3127 4230 3294 4283; x_wconf 79' lang='lat' dir='ltr'><strong>exteri</strong></span> <span class='ocrx_word' id='word_1_786' title='bbox 3325 4230 3599 4301; x_wconf 89' lang='lat' dir='ltr'><strong>imaginari</strong></span> 
     </span>
    </p>
   </div>
   <div class='ocr_carea' id='block_1_102' title="bbox 2021 4309 3599 4385">
    <p class='ocr_par' dir='ltr' id='par_1_102' title="bbox 2021 4309 3599 4385">
     <span class='ocr_line' id='line_1_102' title="bbox 2021 4309 3599 4385; baseline 0.013 -29"><span class='ocrx_word' id='word_1_787' title='bbox 2021 4313 2321 4372; x_wconf 87' lang='lat' dir='ltr'><strong>potuerant,</strong></span> <span class='ocrx_word' id='word_1_788' title='bbox 2354 4309 2468 4364; x_wconf 70' lang='lat' dir='ltr'><strong>bare</strong></span> <span class='ocrx_word' id='word_1_789' title='bbox 2494 4327 2614 4366; x_wconf 89' lang='lat' dir='ltr'><strong>cum</strong></span> <span class='ocrx_word' id='word_1_790' title='bbox 2642 4314 2956 4368; x_wconf 91' lang='lat' dir='ltr'><strong>auctoritate</strong></span> <span class='ocrx_word' id='word_1_791' title='bbox 2987 4331 3173 4385; x_wconf 91' lang='lat' dir='ltr'><strong>magna</strong></span> <span class='ocrx_word' id='word_1_792' title='bbox 3204 4318 3256 4372; x_wconf 92' lang='lat' dir='ltr'><strong>hi</strong></span> <span class='ocrx_word' id='word_1_793' title='bbox 3287 4324 3599 4377; x_wconf 83' lang='lat' dir='ltr'><strong>annuntiant</strong></span> 
     </span>
    </p>
   </div>
   <div class='ocr_carea' id='block_1_103' title="bbox 2019 4397 3598 4481">
    <p class='ocr_par' dir='ltr' id='par_1_103' title="bbox 2019 4397 3598 4481">
     <span class='ocr_line' id='line_1_103' title="bbox 2019 4397 3598 4481; baseline 0.016 -35"><span class='ocrx_word' id='word_1_794' title='bbox 2019 4402 2074 4447; x_wconf 93' lang='lat' dir='ltr'><strong>et</strong></span> <span class='ocrx_word' id='word_1_795' title='bbox 2120 4397 2365 4466; x_wconf 87' lang='lat' dir='ltr'><strong>suadent,</strong></span> <span class='ocrx_word' id='word_1_796' title='bbox 2413 4401 2572 4471; x_wconf 89' lang='lat' dir='ltr'><strong>idque</strong></span> <span class='ocrx_word' id='word_1_797' title='bbox 2616 4419 2722 4459; x_wconf 90' lang='lat' dir='ltr'><strong>non</strong></span> <span class='ocrx_word' id='word_1_798' title='bbox 2758 4405 2917 4461; x_wconf 91' lang='lat' dir='ltr'><strong>modo</strong></span> <span class='ocrx_word' id='word_1_799' title='bbox 2944 4407 2996 4461; x_wconf 88' lang='lat' dir='ltr'><strong>in</strong></span> <span class='ocrx_word' id='word_1_800' title='bbox 3036 4409 3170 4463; x_wconf 89' lang='lat' dir='ltr'><strong>vivis</strong></span> <span class='ocrx_word' id='word_1_801' title='bbox 3215 4423 3451 4481; x_wconf 82' lang='lat' dir='ltr'><strong>agentes,</strong></span> <span class='ocrx_word' id='word_1_802' title='bbox 3505 4414 3598 4470; x_wconf 90' lang='lat' dir='ltr'><strong>sed</strong></span> 
     </span>
    </p>
   </div>
   <div class='ocr_carea' id='block_1_104' title="bbox 2020 4487 3593 4573">
    <p class='ocr_par' dir='ltr' id='par_1_104' title="bbox 2020 4487 3593 4573">
     <span class='ocr_line' id='line_1_104' title="bbox 2020 4487 3593 4573; baseline 0.014 -36"><span class='ocrx_word' id='word_1_803' title='bbox 2020 4487 2176 4539; x_wconf 88' lang='lat' dir='ltr'><strong>etiam</strong></span> <span class='ocrx_word' id='word_1_804' title='bbox 2226 4487 2456 4545; x_wconf 85' lang='lat' dir='ltr'><strong>defuncti</strong></span> <span class='ocrx_word' id='word_1_805' title='bbox 2493 4508 2637 4548; x_wconf 91' lang='lat' dir='ltr'><strong>:non</strong></span> <span class='ocrx_word' id='word_1_806' title='bbox 2668 4494 2873 4550; x_wconf 90' lang='lat' dir='ltr'><strong>duobus</strong></span> <span class='ocrx_word' id='word_1_807' title='bbox 2911 4498 2992 4552; x_wconf 89' lang='lat' dir='ltr'><strong>vel</strong></span> <span class='ocrx_word' id='word_1_808' title='bbox 3037 4500 3220 4569; x_wconf 85' lang='lat' dir='ltr'><strong>viginti</strong></span> <span class='ocrx_word' id='word_1_809' title='bbox 3269 4502 3593 4573; x_wconf 90' lang='lat' dir='ltr'><strong>hominibus,</strong></span> 
     </span>
    </p>
   </div>
   <div class='ocr_carea' id='block_1_105' title="bbox 2017 4583 3596 4661">
    <p class='ocr_par' dir='ltr' id='par_1_105' title="bbox 2017 4583 3596 4661">
     <span class='ocr_line' id='line_1_105' title="bbox 2017 4583 3596 4661; baseline 0.016 -34"><span class='ocrx_word' id='word_1_810' title='bbox 2017 4591 2122 4629; x_wconf 92' lang='lat' dir='ltr'><strong>non</strong></span> <span class='ocrx_word' id='word_1_811' title='bbox 2172 4583 2411 4637; x_wconf 92' lang='lat' dir='ltr'><strong>centenis</strong></span> <span class='ocrx_word' id='word_1_812' title='bbox 2441 4584 2523 4638; x_wconf 90' lang='lat' dir='ltr'><strong>vel</strong></span> <span class='ocrx_word' id='word_1_813' title='bbox 2581 4586 2838 4654; x_wconf 90' lang='lat' dir='ltr'><strong>millenis,</strong></span> <span class='ocrx_word' id='word_1_814' title='bbox 2871 4588 2952 4642; x_wconf 85' lang='lat' dir='ltr'><strong>vel</strong></span> <span class='ocrx_word' id='word_1_815' title='bbox 2991 4589 3170 4646; x_wconf 84' lang='lat' dir='ltr'><strong>decies</strong></span> <span class='ocrx_word' id='word_1_816' title='bbox 3215 4594 3470 4661; x_wconf 90' lang='lat' dir='ltr'><strong>millenis;</strong></span> <span class='ocrx_word' id='word_1_817' title='bbox 3503 4595 3596 4652; x_wconf 89' lang='lat' dir='ltr'><strong>sed</strong></span> 
     </span>
    </p>
   </div>
   <div class='ocr_carea' id='block_1_106' title="bbox 2015 4667 3590 4751">
    <p class='ocr_par' dir='ltr' id='par_1_106' title="bbox 2015 4667 3590 4751">
     <span class='ocr_line' id='line_1_106' title="bbox 2015 4667 3590 4751; baseline 0.013 -33"><span class='ocrx_word' id='word_1_818' title='bbox 2015 4667 2251 4736; x_wconf 88' lang='lat' dir='ltr'><strong>urbibus,</strong></span> <span class='ocrx_word' id='word_1_819' title='bbox 2301 4673 2568 4742; x_wconf 86' lang='lat' dir='ltr'><strong>gentibus,</strong></span> <span class='ocrx_word' id='word_1_820' title='bbox 2611 4677 2852 4746; x_wconf 88' lang='lat' dir='ltr'><strong>populis,</strong></span> <span class='ocrx_word' id='word_1_821' title='bbox 2910 4686 3083 4742; x_wconf 76' lang='lat' dir='ltr'><strong>terrrc,</strong></span> <span class='ocrx_word' id='word_1_822' title='bbox 3141 4683 3294 4747; x_wconf 90' lang='lat' dir='ltr'><strong>mari,</strong></span> <span class='ocrx_word' id='word_1_823' title='bbox 3347 4684 3590 4751; x_wconf 62' lang='lat' dir='ltr'><strong>Graeciaa,</strong></span> 
     </span>
    </p>
   </div>
   <div class='ocr_carea' id='block_1_107' title="bbox 2015 4759 3592 4841">
    <p class='ocr_par' dir='ltr' id='par_1_107' title="bbox 2015 4759 3592 4841">
     <span class='ocr_line' id='line_1_107' title="bbox 2015 4759 3592 4841; baseline 0.013 -31"><span class='ocrx_word' id='word_1_824' title='bbox 2015 4759 2368 4816; x_wconf 86' lang='lat' dir='ltr'><strong>barbarorum</strong></span> <span class='ocrx_word' id='word_1_825' title='bbox 2407 4766 2733 4835; x_wconf 87' lang='lat' dir='ltr'><strong>regionibus,</strong></span> <span class='ocrx_word' id='word_1_826' title='bbox 2766 4770 2881 4823; x_wconf 88' lang='lat' dir='ltr'><strong>orbi</strong></span> <span class='ocrx_word' id='word_1_827' title='bbox 2921 4779 2974 4824; x_wconf 92' lang='lat' dir='ltr'><strong>et</strong></span> <span class='ocrx_word' id='word_1_828' title='bbox 2999 4770 3258 4838; x_wconf 90' lang='lat' dir='ltr'><strong>desertis;</strong></span> <span class='ocrx_word' id='word_1_829' title='bbox 3294 4773 3452 4841; x_wconf 89' lang='lat' dir='ltr'><strong>idque</strong></span> <span class='ocrx_word' id='word_1_830' title='bbox 3472 4792 3592 4832; x_wconf 89' lang='lat' dir='ltr'><strong>cum</strong></span> 
     </span>
    </p>
   </div>
   <div class='ocr_carea' id='block_1_108' title="bbox 2012 4850 3588 4925">
    <p class='ocr_par' dir='ltr' id='par_1_108' title="bbox 2012 4850 3588 4925">
     <span class='ocr_line' id='line_1_108' title="bbox 2012 4850 3588 4925; baseline 0.013 -22"><span class='ocrx_word' id='word_1_831' title='bbox 2012 4850 2078 4905; x_wconf 90' lang='lat' dir='ltr'><strong>de</strong></span> <span class='ocrx_word' id='word_1_832' title='bbox 2105 4853 2316 4922; x_wconf 92' lang='lat' dir='ltr'><strong>scriptis</strong></span> <span class='ocrx_word' id='word_1_833' title='bbox 2344 4868 2589 4924; x_wconf 90' lang='lat' dir='ltr'><strong>ageretur</strong></span> <span class='ocrx_word' id='word_1_834' title='bbox 2611 4871 2852 4916; x_wconf 90' lang='lat' dir='ltr'><strong>naturam</strong></span> <span class='ocrx_word' id='word_1_835' title='bbox 2871 4871 3106 4918; x_wconf 87' lang='lat' dir='ltr'><strong>nostram</strong></span> <span class='ocrx_word' id='word_1_836' title='bbox 3129 4865 3411 4923; x_wconf 88' lang='lat' dir='ltr'><strong>admodum</strong></span> <span class='ocrx_word' id='word_1_837' title='bbox 3434 4884 3588 4925; x_wconf 82' lang='lat' dir='ltr'><strong>exsu-</strong></span> 
     </span>
    </p>
   </div>
   <div class='ocr_carea' id='block_1_109' title="bbox 2013 4945 3589 5020">
    <p class='ocr_par' dir='ltr' id='par_1_109' title="bbox 2013 4945 3589 5020">
     <span class='ocr_line' id='line_1_109' title="bbox 2013 4945 3589 5020; baseline 0.012 -24"><span class='ocrx_word' id='word_1_838' title='bbox 2013 4945 2337 5011; x_wconf 89' lang='lat' dir='ltr'><strong>pcrantibus.</strong></span> <span class='ocrx_word' id='word_1_839' title='bbox 2377 4947 2508 5002; x_wconf 91' lang='lat' dir='ltr'><strong>Nam</strong></span> <span class='ocrx_word' id='word_1_840' title='bbox 2557 4952 2717 5006; x_wconf 90' lang='lat' dir='ltr'><strong>missa</strong></span> <span class='ocrx_word' id='word_1_841' title='bbox 2769 4962 2931 5020; x_wconf 86' lang='lat' dir='ltr'><strong>terra,</strong></span> <span class='ocrx_word' id='word_1_842' title='bbox 2972 4955 3040 5009; x_wconf 89' lang='lat' dir='ltr'><strong>de</strong></span> <span class='ocrx_word' id='word_1_843' title='bbox 3067 4957 3370 5014; x_wconf 72' lang='lat' dir='ltr'><strong>cmlestibus</strong></span> <span class='ocrx_word' id='word_1_844' title='bbox 3415 4962 3589 5016; x_wconf 89' lang='lat' dir='ltr'><strong>omnia</strong></span> 
     </span>
    </p>
   </div>
   <div class='ocr_carea' id='block_1_110' title="bbox 2008 5035 3589 5116">
    <p class='ocr_par' dir='ltr' id='par_1_110' title="bbox 2008 5035 3589 5116">
     <span class='ocr_line' id='line_1_110' title="bbox 2008 5035 3589 5116; baseline 0.015 -29"><span class='ocrx_word' id='word_1_845' title='bbox 2008 5035 2306 5092; x_wconf 88' lang='lat' dir='ltr'><strong>cdisscrunt</strong></span> <span class='ocrx_word' id='word_1_846' title='bbox 2335 5055 2348 5092; x_wconf 92' lang='lat'>:</span> <span class='ocrx_word' id='word_1_847' title='bbox 2381 5040 2540 5095; x_wconf 87' lang='lat' dir='ltr'><strong>aliam</strong></span> <span class='ocrx_word' id='word_1_848' title='bbox 2589 5044 2742 5098; x_wconf 92' lang='lat' dir='ltr'><strong>nobis</strong></span> <span class='ocrx_word' id='word_1_849' title='bbox 2773 5044 3083 5102; x_wconf 75' lang='lat' dir='ltr'><strong>indecentes</strong></span> <span class='ocrx_word' id='word_1_850' title='bbox 3109 5050 3277 5116; x_wconf 85' lang='lat' dir='ltr'><strong>vitam</strong></span> <span class='ocrx_word' id='word_1_851' title='bbox 3303 5061 3356 5105; x_wconf 90' lang='lat' dir='ltr'><strong>et</strong></span> <span class='ocrx_word' id='word_1_852' title='bbox 3381 5053 3589 5110; x_wconf 87' lang='lat' dir='ltr'><strong>vivendi</strong></span> 
     </span>
    </p>
   </div>
   <div class='ocr_carea' id='block_1_111' title="bbox 2007 5125 3586 5209">
    <p class='ocr_par' dir='ltr' id='par_1_111' title="bbox 2007 5125 3586 5209">
     <span class='ocr_line' id='line_1_111' title="bbox 2007 5125 3586 5209; baseline 0.016 -33"><span class='ocrx_word' id='word_1_853' title='bbox 2007 5125 2289 5193; x_wconf 90' lang='lat' dir='ltr'><strong>rationem,</strong></span> <span class='ocrx_word' id='word_1_854' title='bbox 2320 5129 2450 5183; x_wconf 89' lang='lat' dir='ltr'><strong>alias</strong></span> <span class='ocrx_word' id='word_1_855' title='bbox 2472 5131 2702 5197; x_wconf 89' lang='lat' dir='ltr'><strong>divitias,</strong></span> <span class='ocrx_word' id='word_1_856' title='bbox 2730 5135 2885 5188; x_wconf 91' lang='lat' dir='ltr'><strong>aliam</strong></span> <span class='ocrx_word' id='word_1_857' title='bbox 2917 5148 3282 5208; x_wconf 89' lang='lat' dir='ltr'><strong>paupertatem</strong></span> <span class='ocrx_word' id='word_1_858' title='bbox 3310 5183 3324 5209; x_wconf 95' lang='lat'><strong>,</strong></span> <span class='ocrx_word' id='word_1_859' title='bbox 3360 5143 3586 5202; x_wconf 85' lang='lat' dir='ltr'><strong>liberta-</strong></span> 
     </span>
    </p>
   </div>
   <div class='ocr_carea' id='block_1_112' title="bbox 2008 5220 3587 5300">
    <p class='ocr_par' dir='ltr' id='par_1_112' title="bbox 2008 5220 3587 5300">
     <span class='ocr_line' id='line_1_112' title="bbox 2008 5220 3587 5300; baseline 0.017 -34"><span class='ocrx_word' id='word_1_860' title='bbox 2008 5224 2135 5280; x_wconf 75' lang='lat' dir='ltr'><strong>tem,</strong></span> <span class='ocrx_word' id='word_1_861' title='bbox 2169 5220 2502 5288; x_wconf 91' lang='lat' dir='ltr'><strong>servitutem,</strong></span> <span class='ocrx_word' id='word_1_862' title='bbox 2533 5223 2688 5278; x_wconf 88' lang='lat' dir='ltr'><strong>aliam</strong></span> <span class='ocrx_word' id='word_1_863' title='bbox 2719 5225 2880 5281; x_wconf 91' lang='lat' dir='ltr'><strong>vitam</strong></span> <span class='ocrx_word' id='word_1_864' title='bbox 2911 5237 3068 5300; x_wconf 88' lang='lat' dir='ltr'><strong>atque</strong></span> <span class='ocrx_word' id='word_1_865' title='bbox 3113 5241 3339 5289; x_wconf 91' lang='lat' dir='ltr'><strong>mortem</strong></span> <span class='ocrx_word' id='word_1_866' title='bbox 3361 5275 3380 5297; x_wconf 86' lang='lat'><strong><em>.</em></strong></span> <span class='ocrx_word' id='word_1_867' title='bbox 3427 5236 3587 5293; x_wconf 84' lang='lat' dir='ltr'><strong>alium</strong></span> 
     </span>
    </p>
   </div>
   <div class='ocr_carea' id='block_1_113' title="bbox 2075 5515 3592 5593">
    <p class='ocr_par' dir='ltr' id='par_1_113' title="bbox 2075 5515 3592 5593">
     <span class='ocr_line' id='line_1_113' title="bbox 2075 5515 3592 5593; baseline 0.018 -32"><span class='ocrx_word' id='word_1_868' title='bbox 2075 5515 2148 5593; x_wconf 60' lang='lat' dir='ltr'><strong>(tr)</strong></span> <span class='ocrx_word' id='word_1_869' title='bbox 2170 5515 2531 5593; x_wconf 41' lang='lat' dir='ltr'><strong>argumentum</strong></span> <span class='ocrx_word' id='word_1_870' title='bbox 2555 5523 2630 5573; x_wconf 87' lang='lat' dir='ltr'><strong>htc</strong></span> <span class='ocrx_word' id='word_1_871' title='bbox 2657 5527 2903 5578; x_wconf 82' lang='lat' dir='ltr'><strong>evolutum</strong></span> <span class='ocrx_word' id='word_1_872' title='bbox 2939 5529 3102 5582; x_wconf 80' lang='lat' dir='ltr'><strong>multis</strong></span> <span class='ocrx_word' id='word_1_873' title='bbox 3128 5532 3318 5586; x_wconf 79' lang='lat' dir='ltr'><strong>videtur</strong></span> <span class='ocrx_word' id='word_1_874' title='bbox 3337 5535 3592 5593; x_wconf 79' lang='lat' dir='ltr'><strong>diﬂiculta-</strong></span> 
     </span>
    </p>
   </div>
   <div class='ocr_carea' id='block_1_114' title="bbox 2012 5575 2440 5629">
    <p class='ocr_par' dir='ltr' id='par_1_114' title="bbox 2012 5575 2440 5629">
     <span class='ocr_line' id='line_1_114' title="bbox 2012 5575 2440 5629; baseline 0.009 -4"><span class='ocrx_word' id='word_1_875' title='bbox 2012 5575 2143 5627; x_wconf 79' lang='lat' dir='ltr'><strong>tibus</strong></span> <span class='ocrx_word' id='word_1_876' title='bbox 2164 5575 2440 5629; x_wconf 74' lang='lat' dir='ltr'><strong>obnoxium.</strong></span> 
     </span>
    </p>
   </div>
  </div>
