4060 6156
521 331 584 384 Π
1692 329 1759 386 IN
1796 330 2082 390 MATTIIA

2195 338 2212 391 Ι
2286 338 2516 394 HOMIL.
2561 339 2599 393 1.
3701 340 3767 395 IS

527 443 711 514 μέλλει
745 441 966 511 κρίνειν,
1006 441 1086 494 ὅτι
1128 442 1291 494 έδωκε
1328 439 1685 511 σωτηριώδεις
1731 443 1972 504 ἐντολάς,
2003 444 2082 494 ὅτι

524 535 625 586 οὐκ
666 532 902 586 ἐναντίον
931 534 996 602 τῇ
1028 533 1240 602 Παλαιᾷ
1266 533 1427 602 νόμον
1469 533 1801 603 εἰσήνεγκεν,
1830 535 1910 585 ὅτι
1937 533 2082 596 Υἰὸς,

527 626 606 677 ὅτι
631 621 957 692 Μονογενὴς,
987 623 1067 674 ὅτι
1100 623 1333 691 γνήσιος,
1360 624 1439 674 ὅτι
1471 623 1570 691 τῆς
1605 623 1772 692 αὐτῆς
1796 623 1980 684 οὐσίας
2011 621 2086 690 τῷ

526 717 718 785 Πατρὶ,
752 714 846 766 καὶ
874 714 972 766 ὅσα
998 708 1247 765 τοιαῦτα·
1274 713 1400 782 περὶ
1432 712 1539 781 γὰρ
1563 712 1734 764 ταῦτα
1768 712 1965 780 πολλὴν
1999 713 2086 763 εύ-

529 807 772 878 ρήσομευ
793 799 960 857 οὖσαν
986 805 1163 865 αὐτοῖς
1203 803 1535 872 συμφωνίαν.
1559 803 1620 853 Εἰ
1648 802 1703 854 δέ
1732 803 1787 854 ἐν
1819 797 1930 864 τοῖς
1966 802 2089 854 θαύ-

527 914 659 966 μασι
701 896 775 966 μὴ
806 896 1004 958 πάντες
1036 895 1210 947 πάντα
1235 891 1407 958 εἷπον,
1436 893 1548 946 ἀλλ’
1576 895 1604 945 6
1633 893 1730 962 μὲν
1760 893 1952 958 ταῦτα,
1981 897 2008 945 6
2032 893 2089 944 δὲ

525 989 730 1049 ἐκεῖνα,
760 985 915 1038 τοῦτό
959 1002 1018 1037 σε
1053 985 1125 1054 μὴ
1155 984 1480 1057 θορυϐείτω·
1518 983 1626 1035 εἴτε
1657 983 1764 1053 γὰρ
1791 977 1870 1045 εἷς
1911 984 2088 1035 πάντα

525 1073 666 1138 εἷπε,
702 1075 955 1146 περισσὸς
981 1071 1047 1144 ἦν
1075 1076 1104 1126 6
1138 1073 1246 1126 τῶν
1275 1073 1474 1126 λοιπῶν
1505 1071 1762 1142 ἀριθμός·
1805 1075 1911 1125 εἴτε
1953 1075 2086 1126 πάν-

525 1183 616 1228 τες
644 1164 1012 1234 ἐξηλλαγμένα
1043 1163 1135 1216 καὶ
1159 1162 1318 1215 καινά
1364 1162 1498 1232 πρὸς
1530 1161 1791 1231 ἀλλήλους
1816 1160 2080 1232 ἔγραψαν,

526 1256 624 1306 οὐκ
654 1254 718 1306 ἂν
749 1254 920 1322 ἐφάνη
955 1253 1052 1322 τῆς
1087 1251 1399 1320 συμφωνίας
1429 1252 1461 1320 ἡ
1496 1251 1782 1314 ἀπόδειξις.
1811 1253 1907 1303 Διά
1933 1250 2088 1303 τοῦτο

526 1344 618 1396 καὶ
666 1345 816 1412 κοινῇ
874 1341 1042 1394 πολλὰ
1091 1339 1458 1410 διελέχθησαν,
1502 1341 1593 1391 καὶ
1633 1341 1858 1401 ἕκαστος
1909 1338 2086 1390 αὐτῶν

525 1433 654 1485 ἰδιόν
696 1449 748 1483 τι
803 1431 980 1484 λαϐὼν
1041 1426 1209 1493 εἶπεν,
1252 1429 1336 1480 ἵνα
1387 1430 1522 1499 μήτε
1567 1430 1606 1458 ¹⁷¹
1652 1429 1905 1498 περισσὸς
1951 1423 2085 1480 εἶναι

526 1523 647 1592 δόξῃ
697 1525 788 1575 καὶ
828 1520 1222 1591 ποοσερῤῖφθαι
1270 1520 1488 1582 ἁπλῶς,
1543 1521 1634 1571 καὶ
1684 1521 1779 1589 τῆς
1833 1519 2086 1588 ἀληθείας

526 1613 630 1666 τῶν
677 1615 980 1685 λεγομένων
1035 1611 1234 1681 ἀκριϐῆ
1300 1613 1644 1684 παράσχηται
1700 1612 1798 1681 τὴν
1857 1611 2084 1679 βάσανον

529 1705 678 1772 mm.

595 1801 664 1861 γ’.
681 1793 738 1846 ’0
764 1794 861 1863 μὲν
887 1787 978 1846 οὖν
998 1794 1210 1856 Λουκᾶς
1236 1794 1330 1847 καὶ
1350 1793 1445 1863 τὴν
1463 1792 1640 1845 αἰτίαν
1661 1792 1812 1862 φησὶ,
1830 1791 1896 1844 δι’
1912 1791 1978 1861 ἢν
1995 1791 2086 1843 ἐπὶ

527 1884 586 1937 τὸ
613 1884 842 1954 γράφειν
877 1883 1090 1954 ἔρχεται
1115 1899 1126 1910 ·
1159 1882 1294 1935 Ἵνα
1322 1884 1469 1952 ἔχῃς
1500 1883 1626 1952 γὰρ,
1658 1882 1810 1952 φησὶ,
1839 1882 1963 1948 περὶ
2001 1875 2087 1933 ὧν

527 1975 865 2044 κατηχήθης
885 1976 1080 2042 λόγων
1111 1974 1226 2041 τὴν
1251 1974 1590 2042 ἀσφάλειαν
1611 1990 1622 2002 ο
1657 1971 1947 2035 τουτέστιν,
1969 1971 2087 2024 Ἵνα

528 2067 762 2136 συνεχῶς
794 2065 1337 2135 ὑπομιμνησκόμενος
1372 2063 1470 2134 τὴν
1497 2063 1791 2131 ἀσφάλειαν
1817 2063 1965 2133 ἔχῃς,
1995 2063 2087 2115 καὶ

529 2164 582 2212 ἐν
603 2157 870 2228 ἀσφαλείᾳ
895 2158 1078 2230 μένῃς.
1110 2157 1166 2209 Ὁ
1187 2156 1243 2208 δέ
1270 2155 1518 2223 Ἰωάννης
1561 2155 1718 2216 αὐτὸς
1747 2155 1840 2222 μὲν
1867 2153 2086 2224 ἐσίγησε

529 2251 620 2320 τὴν
671 2249 877 2303 αἰτίαν·
913 2250 986 2312 ὡς
1033 2249 1139 2319 γάρ
1177 2249 1330 2314 λόγος
1379 2246 1540 2315 φησὶν
1568 2247 1609 2276 ¹⁸
1637 2246 1838 2300 ἄνωθεν
1883 2246 1972 2296 καί
2023 2246 2087 2298 ἐκ

529 2345 777 2415 πατέρων
815 2346 892 2406 εἰς
941 2344 1084 2412 ἡμᾶς
1120 2341 1382 2404 καταϐάς,
1425 2339 1544 2391 ούδέ
1577 2339 1736 2400 αὐτὸς
1768 2337 1955 2399 ἁπλῶς
1997 2339 2088 2390 ἐπὶ

528 2436 586 2487 τὸ
617 2437 843 2506 γράφειν
871 2433 1060 2506 ἦλθεν·
1095 2433 1207 2485 ἀλλ’
1234 2432 1419 2503 ἐπειδὴ
1458 2435 1568 2494 τοῖς
1605 2433 1782 2501 τρισὶν
1817 2433 1850 2501 ή
1887 2430 2086 2500 σπουδὴ

530 2525 712 2590 γέγονε
741 2524 817 2594 τῷ
857 2526 953 2595 τῆς
982 2523 1286 2593 οἰκονομίας
1326 2521 1657 2592 ἐνδιατρῖψαι
1686 2521 1848 2590 λόγῳ,
1886 2521 1978 2573 καὶ

531 2613 592 2665 τά
623 2614 720 2682 τῆς
749 2613 993 2683 θεότητος
1027 2612 1358 2664 ἐκινδύνευεν
1388 2611 1800 2664 ἁποσιωπᾶσθαι
1825 2612 2084 2681 δόγματα,

531 2703 617 2754 τοῦ
664 2704 894 2774 Χριστοῦ
930 2707 1248 2773 κινήσαντος
1294 2703 1450 2756 αὐτὸν
1494 2702 1697 2764 λοιπὸν,
1726 2701 1897 2765 οὕτως
1926 2698 2087 2772 ἦλθεν

529 2797 620 2846 ἐπὶ
667 2796 763 2864 τὴν
797 2795 1150 2865 εύαγγελικὴν
1194 2794 1534 2865 συγγραφήν.
1576 2793 1685 2845 Καὶ
1730 2791 1884 2845 τοῦτο
1931 2793 2087 2861 δῆλον

532 2885 622 2934 καὶ
659 2884 718 2948 ἐξ
750 2886 916 2953 αὐτῆς
947 2887 1042 2954 τῆς
1075 2885 1331 2954 ἱστορίας,
1370 2883 1460 2934 καὶ
1490 2881 1597 2934 τῶν
1628 2880 1718 2933 τοῦ
1760 2881 2084 2948 Εύαγγελίου

533 2974 843 3042 προοιμίων.
893 2974 1024 3026 Ούδέ
1057 2973 1163 3043 γάρ
1204 2973 1402 3042 ὁμοίως
1457 2974 1568 3033 τοῖς
1607 2969 1812 3032 λοιποῖς
1845 2968 2086 3022 κάτωθεν

531 3062 776 3130 ἄρχεται,
807 3063 918 3114 ἀλλ’
947 3063 1170 3124 ἄνωθεν,
1210 3064 1342 3132 πρὸς
1374 3063 1508 3131 ὅπερ
1554 3060 1829 3130 ἠπείγετο,
1866 3059 1961 3111 καὶ
2002 3059 2089 3112 διὰ

523 3148 680 3197 τοῦτο
710 3151 768 3198 τὸ
796 3147 902 3198 πᾶν
950 3145 1151 3213 βιϐλίον
1181 3145 1495 3216 συνέθηκεν.
1526 3148 1638 3200 Οὐκ
1678 3149 1734 3200 ἐν
1763 3151 1872 3211 τοῖς
1907 3168 2081 3220 προοι-

526 3236 669 3304 μίοις
702 3235 758 3287 δὲ
795 3237 969 3305 μόνον,
1021 3235 1155 3288 ἀλλά
1191 3237 1283 3288 καὶ
1320 3237 1406 3290 διά
1459 3239 1656 3300 παντὸς
1702 3239 1796 3292 τοῦ
1843 3242 2084 3308 Εὐαγγέ-

523 3325 638 3376 λίου
667 3325 775 3378 τῶν
822 3326 994 3378 ἄλλων
1040 3328 1187 3378 ἐστὶν
1232 3327 1576 3397 ὑψηλότερος.
1618 3329 1846 3396 Λέγεται
1890 3333 1946 3384 δὲ
1993 3333 2087 3386 καί⁸

523 3414 819 3477 Ματθαῖος,
850 3415 958 3468 τῶν
1005 3414 1065 3479 ἐξ
1097 3416 1363 3468 Ἰουδαίων
1410 3419 1810 3472 πιστευσάντων
1860 3421 2085 3489 προσελ-

525 3506 722 3558 θόντων
756 3506 904 3575 αὐτῷ
953 3508 1046 3558 καὶ
1095 3507 1611 3576 παρακαλεσάντων,
1654 3508 1794 3580 άπερ
1839 3507 1957 3562 εἷπε
1997 3511 2086 3564 διὰ

525 3597 804 3667 ῥημάτων,
854 3598 1024 3650 ταῦτα
1091 3599 1302 3667 ἀφεῖναι
1351 3599 1438 3652 διὰ
1495 3601 1836 3670 γραμμάτων
1883 3604 2082 3669 αὐτοῖς,

524 3689 620 3740 καὶ
653 3691 718 3759 τῇ
772 3689 881 3741 τῶν
917 3689 1182 3759 Ἐϐραίων
1233 3693 1381 3761 φωνῇ
1419 3691 1686 3746 συνθεῖναι
1729 3693 1791 3744 τὸ
1839 3695 2084 3762 Εὐαγγέ-

520 3777 665 3831 λιον·
723 3779 818 3832 καὶ
856 3779 1078 3848 Μάρκος
1125 3781 1182 3833 δὲ
1233 3783 1290 3834 ἐν
1337 3781 1613 3852 Αἰγύπτῳ,
1665 3783 1773 3836 τῶν
1827 3785 2082 3855 μαθητῶν

523 3868 1033 3937 παρακαλεσάντων,
1093 3870 1222 3923 αὐτὸ
1268 3873 1309 3903 ¹⁹
1359 3871 1515 3924 τοῦτο
1569 3873 1810 3943 ποιῆσαι,
1874 3876 1972 3929 Διά
2020 3877 2082 3948 δὴ

519 3960 678 4012 τοῦτο
723 3962 750 4012 6
803 3960 904 4030 μὲν
935 3960 1230 4024 Ματθαῖος,
1262 3963 1356 4014 άτε
1391 3963 1662 4034 Ἑϐραίοις
1703 3967 1947 4036 γράφων,
1995 3969 2084 4021 ού-

519 4049 606 4102 δέν
634 4050 794 4102 πλέον
845 4049 1073 4120 ἐζήτησε
1117 4051 1319 4117 δεῖξαι,
1363 4053 1393 4121 ἢ
1436 4055 1515 4106 ὅτι
1559 4055 1664 4107 ἀπὸ
1700 4056 1947 4127 Ἀϐραάμ
1990 4060 2082 4111 καὶ¹

519 4139 682 4191 Δαυῒδ
725 4135 810 4209 ἦν.
852 4141 910 4192 Ὀ
937 4141 993 4193 δέ
1023 4142 1253 4204 Λουκᾶς,
1286 4142 1381 4195 άτε
1409 4147 1558 4216 κοινῇ
1597 4148 1728 4198 πᾶσι
1767 4148 2076 4218 διαλεγόμε-

519 4247 626 4293 νος,
659 4231 752 4282 καὶ⁹
783 4232 1035 4302 ἀνωτέρω
1057 4232 1146 4285 τὸν
1175 4233 1329 4300 λόγον
1353 4235 1561 4303 ἀνάγει,
1597 4237 1756 4308 μέχρι
1783 4238 1875 4292 τοῦ
1913 4242 2082 4312 Ἀδὰμ

521 4320 741 4388 προϊών.
770 4321 877 4372 Καὶ
898 4323 926 4373 6
960 4322 1056 4391 μὲν
1083 4322 1191 4375 ἀπὺ
1220 4325 1317 4393 τῆς
1344 4325 1608 4392 γενέσεως
1640 4328 1890 4398 ἄρχεται·
1925 4331 2077 4384 οὐδὲν

519 4411 624 4480 γάρ
651 4410 821 4474 οὕτως
859 4413 1092 4466 ἀνέπαυε
1133 4413 1223 4466 τὸν
1263 4415 1530 4481 Ἰουδαῖον,
1570 4417 1644 4481 ὡς
1669 4419 1730 4471 τὸ
1768 4421 1956 4490 μαθεῖν
1984 4423 2082 4476 αύ-

519 4499 628 4561 τὸν,
673 4501 754 4553 ὅτι
798 4501 892 4553 τοῦ
943 4501 1191 4573 Ἀϐραὰμ
1225 4503 1318 4555 καὶ
1361 4504 1454 4557 τοῦ
1495 4505 1655 4559 Δαυῒδ
1689 4507 1908 4576 ἔγγονος
1943 4507 2009 4581 ἦν
2050 4511 2078 4563 ὁ

518 4591 748 4660 Χριστός
768 4607 780 4619 ·
808 4592 837 4642 ὁ
867 4591 922 4643 δέ
949 4593 1046 4661 ούχ
1085 4592 1275 4658 οὕτως,
1318 4594 1433 4647 ἀλλ’
1457 4596 1657 4665 ἐτέρων
1693 4598 1952 4654 πλειόνων
1989 4602 2079 4672 μέ-

521 4696 713 4748 μνηται
759 4681 1115 4750 πραγμάτων,
1160 4681 1254 4732 καὶ
1301 4683 1422 4735 τότε
1463 4685 1554 4737 ἐπὶ
1600 4686 1698 4757 τὴν
1730 4690 2076 4759 γενεαλογίαν

517 4770 751 4839 πρόεισι.
785 4769 894 4840 Τὴν
923 4770 980 4823 δέ
1015 4773 1330 4841 συμφωνίαν
1377 4774 1553 4828 αὐτῶν
1605 4778 1698 4830 καὶ
1731 4779 1836 4832 ἀπὸ
1868 4780 1968 4850 τῆς
2003 4785 2078 4835 οἰ-

517 4865 783 4934 κουμένης
812 4867 1230 4937 παραστήσομεν
1253 4868 1348 4937 τῆς
1372 4867 1666 4940 δεξαμένης
1695 4871 1761 4924 τά
1789 4875 2072 4944 εἰρημένα,

515 4955 608 5006 καλ⁸
636 4954 729 5006 ἀπ’
767 4954 942 5006 αὐτῶν
979 4954 1085 5006 τῶν
1125 4955 1224 5025 τῆς
1257 4956 1511 5027 ἀληθείας
1543 4959 1771 5030 ἐχθρῶν.
1817 4964 1926 5016 Καὶ
1970 4967 2076 5034 γὰρ

513 5044 706 5098 πολλαὶ
768 5043 883 5113 μετ’
933 5045 1166 5108 ἐκείνους
1204 5048 1446 5116 αἱρέσεις
1497 5050 1812 5122 ἐτέχθησαν,
1862 5057 2075 5110 ἐναντία

513 5135 828 5200 δοξάζουσαι
863 5137 972 5196 τοῖς
1009 5135 1342 5207 εἰρημένοις·
1380 5139 1474 5191 καὶ
1513 5141 1567 5192 αἰ
1609 5142 1706 5211 μὲν
1735 5143 1908 5197 πάντα
1947 5163 2074 5200 κατ-

513 5226 760 5291 εδέξαντο
803 5225 872 5277 τὰ
916 5224 1196 5293 λεχθέντα,
1245 5228 1300 5280 αἱ
1347 5227 1401 5281 δὲ
1438 5229 1576 5300 μέρη
1627 5232 1733 5285 τῶν
1776 5235 2075 5305 εἰρημένων

514 5316 853 5385 ἀποκόψασαι
884 5315 991 5367 τῶν
1023 5314 1238 5378 λοιπῶν,
1265 5316 1405 5370 οὕτω
1433 5322 1558 5388 παρ’
1587 5321 1806 5385 ἑαυταῖς
1833 5323 2070 5396 ἔχουσιν.

516 5411 578 5462 logi
598 5405 651 5457 δὲ
689 5407 832 5475 μάχη
851 5422 934 5467 τις
948 5400 1015 5474 ἦν
1033 5406 1090 5457 ἐν
1109 5406 1218 5466 τοῖς
1239 5406 1561 5475 εἰρημένοις,
1589 5409 1701 5463 οὔτ’
1728 5412 1793 5465 ἂν
1809 5414 1862 5465 αί
1889 5414 2075 5468 τάναν-

513 5494 602 5547 τία
629 5496 879 5563 λέγουσαι
905 5495 1120 5548 ἅπαντα
1155 5494 1220 5547 ἂν
1257 5495 1519 5561 ἐδέξαντο,
1546 5500 1682 5553 ἀλλά
1717 5503 1880 5574 μέρος
1912 5505 1972 5557 τὸ
1999 5506 2074 5558 δο-

513 5583 642 5638 κοῦν
690 5586 878 5648 αὐταῖς
926 5583 1003 5654 18]
1038 5586 1278 5654 συνᾳδειν
1299 5599 1312 5614 ·
1344 5584 1452 5638 οὔτ’
1483 5589 1548 5642 ἂν
1578 5592 1632 5642 αἱ
1679 5592 1840 5662 μέρος
1872 5597 2071 5650 ἀπολα.

2199 449 2390 504 ϐοῦσαι
2423 445 2816 518 διηλέγχθησαν
2840 446 2883 477 ’θ
2914 443 3019 497 ἀπὸ
3055 443 3146 496 τοῦ
3190 445 3406 516 μέρους,
3431 447 3504 510 ὡς
3523 447 3656 516 μηδὲ
3690 449 3758 500 τὰ

2211 540 2468 610 κόμματα
2512 538 2649 590 αὐτά
2693 535 2991 598 λανθάνειν,
3039 535 3172 588 ἀλλά
3222 536 3349 608 βοᾷν
3385 537 3484 608 τὴν
3527 539 3662 609 πρὸς
3697 541 3759 594 -ςδ

2199 633 2317 685 ὅλον
2363 632 2519 700 σῶμα
2552 629 2886 697 συγγένειαν.
2939 629 3048 680 Καὶ
3082 627 3332 696 καθάπερ
3364 626 3429 680 ἂν
3466 626 3573 678 ἀπὸ
3600 625 3769 677 πλευ-

2201 726 2300 795 ρᾶς
2342 723 2511 792 λάϐῃς
2538 739 2590 774 τι
2631 720 2814 790 μέρος,
2844 719 2939 772 καὶ
2968 721 3024 771 ἐν
3059 717 3137 788 τῷ
3170 717 3324 788 μέρει
3358 716 3427 770 τὰ
3461 716 3636 770 πάντα
3683 716 3770 768 εύ-

2203 813 2405 884 ρήσεις,
2437 811 2527 878 ἀφ’
2565 802 2638 862 ὧν
2670 811 2730 862 τὸ
2766 809 2884 861 ὅλον
2919 808 3058 870 ζῶον
3106 807 3427 876 συνέστηκε,
3459 807 3552 859 καὶ
3579 804 3767 876 νεῦρα,

2199 904 2293 956 καὶ
2319 901 2545 970 φλέϐας,
2585 901 2676 953 καὶ
2715 902 2868 964 ὀστᾶ,
2897 900 2990 953 καὶ
3038 899 3324 970 ἀρτηρίας,
3356 899 3450 950 καὶ
3483 891 3639 966 αἷμα,
3677 898 3771 948 καὶ

2197 992 2516 1064 ὁλοκλήρου,
2545 992 2621 1055 ὡς
2652 990 2718 1044 ἂν
2748 992 2890 1044 εἴποι
2928 1007 3032 1054 τις,
3062 989 3154 1042 τοῦ
3189 989 3506 1060 φυράματος
3542 989 3765 1057 δεῖγμα·

2198 1083 2338 1137 οὓτω
2377 1084 2470 1137 καὶ
2499 1083 2592 1135 ἐπὶ
2623 1083 2728 1135 τῶν
2772 1083 2811 1134 Γ
2817 1081 3004 1151 ραφῶν
3044 1080 3191 1133 ἐστιν
3243 1082 3368 1133 ἰδεῖν
3411 1079 3624 1148 ἑκάστῳ
3663 1077 3770 1129 τῶν

2197 1174 2502 1246 εἰρημένων
2537 1174 2692 1244 μέρει
2721 1174 2820 1243 τὴν
2853 1174 2945 1226 τοῦ
2979 1174 3176 1236 παντὸς
3212 1171 3528 1239 συγγένειαν
3554 1170 3770 1237 διαφαι-

2197 1268 2450 1338 νομένην.
2477 1267 2540 1318 Εἰ
2570 1264 2626 1317 δέ
2654 1264 2967 1332 διεφώνουν,
2999 1264 3110 1316 οὔτ’
3152 1264 3216 1318 ἂν
3261 1262 3417 1316 τοῦτο
3467 1259 3679 1330 ἐδείχθη
3703 1260 3769 1320 ¹¹,

2198 1361 2291 1412 καὶ
2349 1357 2481 1411 αὐτὸ
2539 1356 2707 1410 πάλαι
2770 1357 2835 1408 ἂν
2897 1355 3112 1424 διελύθη
3179 1355 3239 1407 τὸ
3305 1354 3522 1423 δόγμα·
3597 1349 3772 1404 Πᾶσα

2198 1449 2307 1518 τὰρ
2340 1448 2648 1511 βασιλεία,
2685 1445 2868 1514 φησὶν,
2909 1445 2998 1513 ἐφ’
3035 1444 3255 1512 ἑαυτῆς
3294 1441 3645 1512 μερισθεῖσα
3683 1441 3755 1492 οὺ

2199 1537 2584 1604 σταθήσεται.
2619 1535 2732 1588 Νῦν
2781 1534 2836 1587 δέ
2879 1534 2980 1587 κᾶν
3015 1535 3189 1603 τούτῳ
3237 1532 3330 1585 τοῦ
3377 1531 3690 1600 Πνεύματος
3736 1531 3769 1597 ἡ

2202 1628 2354 1697 ἰσχὺς
2395 1627 2637 1696 λάμπει,
2689 1624 2925 1678 πείσασα
2974 1624 3100 1686 τοὺς
3147 1620 3500 1692 ἀνθρώποκ,
3552 1620 3678 1688 περὶ
3706 1619 3774 1674 τὰ

2198 1715 2596 1786 ἀναγκαιότερα
2639 1714 2732 1767 καὶ
2773 1712 3167 1779 κατεπείγοντα
3205 1710 3562 1779 γενομένους,
3609 1706 3773 1776 μηδὲν

2197 1807 2305 1860 ἀπὸ
2331 1806 2440 1859 τῶν
2469 1805 2676 1877 μικρῶν
2701 1803 2904 1857 τούτων
2934 1802 3438 1874 παραϐλάπτεσθαι.

2265 1897 2328 1952 δ’.
2368 1897 2535 1950 Ἔνθα
2577 1897 2673 1966 μὲν
2706 1891 2798 1949 οῦν
2829 1895 3058 1957 ἕκαστος
3093 1894 3383 1966 διατρίϐων
3417 1893 3674 1965 ἔγραψεν,
3708 1896 3768 1948 ού

2198 1986 2403 2058 σφόδρα
2431 1989 2564 2056 ἡμῖν
2587 1987 2666 2040 δεῖ
2690 1985 3066 2056 ἰσχυρίσασθαι
3086 1987 3152 2016 ²²·
3175 1986 3258 2038 ὅτι
3286 1985 3342 2038 δὲ
3370 1985 3430 2038 οὐ
3460 1986 3578 2038 κατ’
3606 1986 3770 2056 ἀλλή-

2195 2079 2301 2133 λων
2329 2079 2582 2147 έστησαν,
2614 2078 2772 2131 τοῦτο
2795 2077 2882 2131 διὰ
2910 2076 3089 2146 πάσης
3119 2076 3216 2145 τῆς
3241 2077 3624 2146 πραγματείας
3656 2095 3773 2130 πει-

2199 2168 2474 2241 ρασόμεθα
2500 2167 2795 2233 ἀποδεῖξαι.
2827 2167 2898 2218 Σὺ
2939 2166 2996 2218 δέ
3024 2165 3220 2218 ταύτὸν
3250 2169 3441 2229 ποιεῖς,
3473 2166 3770 2234 διαφωνίαν

2196 2259 2537 2329 αἰτιώμενος,
2559 2258 2745 2328 ὥσπερ
2763 2257 2828 2310 ἂν
2847 2259 2894 2309 εἰ
2912 2257 3006 2310 καὶ
3024 2258 3244 2326 ῥήματα
3271 2257 3340 2308 τά
3368 2257 3506 2309 αὑτά
3523 2257 3770 2321 ἐκέλευες

2195 2351 2388 2412 εἰπεῖν,
2420 2349 2512 2400 καὶ
2543 2348 2777 2417 τρόπους
2801 2344 3020 2410 λέξεων.
3065 2346 3175 2399 Καὶ
3204 2345 3355 2398 οὔπω
3396 2347 3540 2411 λέγω
3568 2347 3650 2400 ὅτι
3676 2349 3770 2400 καὶ

2193 2441 2244 2492 οἰ
2294 2440 2436 2509 μέγα
2468 2437 2559 2489 ἐπὶ
2599 2438 2860 2507 ῥητορικῇ
2905 2438 2998 2488 καὶ
3028 2435 3314 2507 φιλοσοφίᾳ
3361 2435 3764 2506 κομπάζοντες,

2194 2526 2380 2579 πολλοὶ
2411 2524 2578 2578 πολλά
2609 2524 2786 2594 βιϐλία
2807 2523 3114 2593 γράψαντες
3135 2523 3261 2594 περὶ
3288 2522 3396 2576 τῶν
3425 2523 3603 2576 αὐτῶν
3629 2541 3769 2594 πρα-

2193 2615 2439 2686 γμάτων,
2464 2615 2524 2667 οὐ
2559 2614 2716 2683 μόνον
2744 2612 2928 2676 ἁπλῶς
2955 2612 3310 2683 διεφώνησαν,
3340 2613 3473 2666 ἀλλά
3499 2614 3592 2665 καὶ
3614 2616 3766 2666 ἐναν-

2192 2704 2324 2767 τίως
2371 2703 2618 2774 ἀλλήλοις
2655 2699 2827 2755 εἶπον.
2861 2703 2970 2754 Καὶ
2996 2702 3103 2774 γὰρ
3140 2703 3326 2775 ἕτερόν
3355 2705 3468 2756 ἐστι
3487 2703 3766 2778 ,διαφόρως

2194 2797 2388 2860 εἰπεῖν,
2422 2796 2514 2847 καὶ
2542 2793 2882 2865 μαχομένους
2907 2795 3100 2848 εἰπεῖν.
3123 2795 3286 2849 Οὐδὲν
3303 2796 3348 2828 ³³
3374 2796 3574 2851 τούτων
3600 2798 3761 2865 λέγω·

2199 2888 2270 2956 μή
2300 2903 2387 2956 μοι
2410 2885 2616 2954 γένοιτο
2654 2887 2718 2937 ἐκ
2759 2885 2858 2954 τῆς
2908 2885 3130 2939 ἐκείνων
3156 2887 3452 2957 παρανοίας
3494 2889 3764 2941 συνθεῖναι

2191 2975 2289 3045 τὴν
2335 2975 2626 3043 ἀπολογίαν
2665 2995 2676 3007 ·
2734 2975 2853 3027 οὑδέ
2906 2977 3015 3047 γὰρ
3068 2977 3176 3030 ἀπὸ
3242 2977 3331 3030 τοῦ
3389 2977 3614 3047 ψεύδους
3665 2980 3764 3049 τὴν

2194 3068 2447 3138 ἀλήθειαν
2482 3068 2848 3136 συστήσασθαι
2887 3069 3165 3138 βούλομαι.
3222 3069 3360 3122 Ἀλλ’
3383 3071 3556 3124 ἐκεῖνο
3595 3071 3762 3140 ἡδέως

2197 3145 2262 3197 ἂν
2295 3146 2542 3214 ἐροίμην,
2577 3145 2699 3206 Πῶς
2731 3144 3022 3212 ἐπιστεύθη
3062 3144 3130 3196 τά
3154 3145 3197 3174 ¹¹⁸
3225 3144 3624 3212 διαφωνοῦντα;
3656 3150 3772 3205 πῶς

2195 3234 2469 3302 ἐκράτησε
2495 3249 2509 3296 ;
2538 3232 2655 3294 πῶς
2696 3232 2914 3286 ἐναντία
2961 3232 3207 3300 λέγοντες
3246 3232 3632 3302 ἐθαυμάζοντο,
3688 3233 3766 3304 [9ςί

2196 3322 2556 3385 ἐπιστεύοντο,
2619 3320 3045 3390 ἀνεκηρύττοντο
3099 3317 3376 3389 πανταχοῦ
3433 3321 3532 3389 τῆς
3585 3322 3760 3373 οἰκου-

2200 3413 2367 3481 μένης
2395 3429 2408 3476 ;
2434 3413 2620 3464 Καίτοι
2659 3411 2842 3464 πολλοὶ
2867 3413 2913 3463 οἰ
2951 3411 3224 3481 μάρτυρες
3252 3411 3297 3442 ³⁸
3327 3410 3433 3464 τῶν
3463 3412 3763 3481 λεγομένων

2191 3496 2351 3570 ἦσαν,
2384 3502 2567 3553 πολλοὶ
2595 3502 2651 3554 δὲ
2684 3501 2778 3554 καὶ
2817 3503 2867 3553 οἰ
2897 3501 3078 3571 ἐχθροὶ
3117 3501 3210 3553 καὶ
3249 3501 3512 3570 πολέμιοι.
3545 3503 3619 3554 Οὐ
3660 3503 3762 3571 γάρ

2193 3594 2252 3646 ἐν
2299 3592 2472 3663 γωνίᾳ
2523 3595 2621 3664 μιᾷ
2672 3593 2984 3663 γράψαντες
3039 3593 3175 3645 αύτά
3225 3592 3574 3663 κατώρυξαν,
3632 3593 3762 3646 ἀλλὰ

2194 3683 2467 3753 πανταχοῦ
2495 3685 2597 3753 γῆς
2622 3685 2716 3737 καὶ
2737 3684 3005 3753 θαλάττης
3023 3684 3281 3754 ἦπλωσαν
3298 3684 3401 3736 ὑπὸ
3416 3687 3533 3747 ταῖς
3554 3685 3762 3738 πάντων

2193 3773 2417 3836 ἀκοαῖς·
2452 3775 2544 3826 καὶ
2571 3774 2780 3844 ἐχθρῶν
2819 3776 3100 3846 παρόντων
3138 3774 3310 3828 ταῦτα
3348 3775 3761 3844 ἀνεγινώσκετο,

2192 3864 2442 3933 καθάπερ
2484 3865 2576 3917 καὶ
2621 3864 2734 3929 νῦν,
2771 3866 2865 3918 καὶ
2915 3866 3102 3918 οὐδένα
3127 3867 3277 3920 ούδέν
3312 3866 3420 3919 τῶν
3461 3867 3762 3937 εἰρημένων

2195 3955 2561 4008 ἐσκανδάλισε.
2582 3956 2691 4008 Καὶ
2714 3955 2858 4026 μάλα
2880 3957 3124 4018 εἰκότως·
3165 3956 3285 4010 θεία
3310 3956 3420 4026 γὰρ
3438 3956 3666 4025 δύναμις
3697 3952 3762 4026 ἦν

2193 4048 2226 4116 ἡ
2249 4047 2422 4100 πάντα
2441 4045 2667 4099 ἐπιοῦσα
2683 4047 2775 4099 καὶ
2796 4046 3132 4117 κατορθοῦσα
3145 4047 3294 4117 παρά
3322 4049 3501 4100 πᾶσιν.
3543 4047 3692 4099 Ἐπεὶ
3717 4049 3761 4098 εἰ

2196 4135 2270 4206 μὴ
2307 4136 2466 4188 τοῦτο
2495 4132 2596 4205 ἦν,
2637 4136 2753 4198 πῶς
2783 4137 2810 4187 6
2839 4135 3093 4205 τελώνης,
3129 4137 3221 4188 καὶ
3269 4137 3297 4186 6
3335 4135 3516 4196 ἁλιεὺς
3541 4173 3554 4195 ,
3604 4137 3698 4188 καὶ
3735 4135 3762 4184 6

2192 4226 2554 4296 ἀγράμματος
2587 4227 2808 4279 τοιαῦτα
2840 4226 3186 4294 ἐφιλοσόφει;
3228 4227 3294 4277 Ἃ
3338 4226 3444 4296 γάρ
3482 4225 3600 4276 ούδέ
3631 4225 3760 4295 ὄναρ

2192 4317 2460 4386 οἰνέξωθεν
2493 4318 2862 4387 φαντασθῆναι
2879 4317 3217 4388 ήδυνήθησάν
3251 4334 3403 4384 ποτε,
3425 4316 3600 4370 ταῦτα
3619 4310 3760 4370 οὗτοι

2199 4407 2336 4476 μετά
2365 4406 2564 4476 πολλῆς
2584 4407 2684 4476 τῆς
2724 4409 3092 4479 πληροφορίας
3125 4409 3218 4462 καὶ
3242 4407 3638 4476 ἀπαγγέλλουσι
3670 4407 3758 4459 καῖ

2195 4497 2436 4549 πείθουσι
2456 4513 2468 4527 ⁸
2502 4496 2595 4550 καὶ
2613 4497 2731 4566 οὐχὶ
2763 4497 2962 4562 ζῶντες
2991 4498 3166 4567 μόνον,
3210 4497 3346 4551 ἀλλὰ
3385 4499 3479 4551 καὶ
3510 4497 3754 4567 τελευτή-

2195 4605 2382 4651 σαντες
2403 4604 2416 4617 ·
2445 4587 2563 4639 οὐδὲ
2578 4587 2669 4640 δύο
2698 4589 2788 4641 καὶ
2817 4589 3018 4641 εἴκοσιν
3048 4587 3384 4658 ἀνθρώπους,
3415 4587 3534 4639 οὐδέ
3565 4586 3758 4638 ἐκατὸν

2192 4679 2286 4732 καὶ
2319 4679 2524 4748 χιλίους
2553 4679 2646 4730 καὶ
2682 4679 2910 4749 μυρίους
2934 4719 2948 4742 ,
2985 4678 3120 4731 ἀλλὰ
3161 4679 3343 4740 πόλεις
3379 4679 3472 4730 καὶ
3505 4677 3630 4749 ἔθνη
3667 4678 3776 4733 καὶ.

2190 4769 2394 4840 δήμους
2421 4809 2435 4832 ,
2499 4768 2591 4822 καὶ
2632 4769 2732 4838 γῆν
2779 4769 2872 4822 καὶ
2904 4768 3209 4831 θάλασσαν,
3258 4765 3351 4820 καὶ
3399 4765 3620 4819 Ἐλλάδα
3664 4769 3758 4821 καὶ

2192 4861 2462 4932 βάρϐαρον
2481 4900 2496 4924 ,
2519 4861 2612 4913 καὶ
2647 4860 2745 4932 τὴν
2764 4861 3084 4931 οἰκουμένην
3106 4860 3200 4914 καὶ
3232 4859 3329 4931 τὴν
3346 4859 3597 4930 ἀοίκητον
3620 4879 3632 4891 ·
3663 4861 3757 4912 καὶ

2190 4956 2318 5026 περὶ
2367 4957 2705 5026 πραγμάτων
2727 4957 2774 4986 ²⁶
2805 4955 3008 5026 σφόδρα
3037 4955 3133 5025 τὴν
3170 4945 3442 5026 ἡμετέραν
3495 4955 3757 5026 ὑπερϐαι-

2186 5046 2385 5100 νόντων
2434 5046 2612 5114 φύσιν.
2659 5045 2768 5116 Τὴν
2808 5046 2917 5116 γὰρ
2954 5047 3054 5117 γῆν
3095 5047 3354 5115 ἀφέντες,
3405 5047 3582 5100 πάντα
3628 5047 3756 5114 περὶ

2183 5137 2292 5190 τῶν
2341 5136 2398 5190 ἐν
2449 5137 2693 5208 οὐρανοῖς
2748 5136 3120 5204 διαλέγονται,
3181 5138 3371 5209 ἐτέραν
3425 5139 3556 5208 ήμίν
3608 5137 3751 5205 ζωὴν

2185 5228 2494 5295 εἰσάγοντες
2524 5229 2616 5282 καὶ
2661 5228 2772 5299 βίον
2815 5229 2991 5292 ἄλλον,
3042 5229 3136 5282 καὶ
3170 5229 3397 5282 πλοῦτον
3423 5231 3515 5282 καὶ
3538 5228 3745 5290 πενίαν,

2186 5321 2279 5373 καὶ⁴
2305 5320 2614 5391 ἐλευθερίαν
2637 5323 2730 5374 καὶ
2757 5321 3019 5386 δουλείαν,
3061 5320 3156 5373 καὶ
3195 5320 3339 5391 ζωὴν
3371 5320 3464 5373 καὶ
3497 5318 3747 5377 θάνατον,

2183 5412 2275 5463 καὶ
2304 5411 2506 5481 κόσμον
2553 5411 2646 5464 καὶ
2693 5412 2984 5474 πολιτείαν,
3018 5412 3191 5466 πάντα
3234 5409 3622 5481 ἐξηλλαγμένα.
3674 5407 3750 5459 Ού

2182 5501 2432 5572 καθάπερ
2463 5503 2703 5565 Πλάτων,
2739 5506 2766 5555 6
2794 5503 2890 5573 τὴν
2925 5502 3323 5570 καταγέλαστον
3361 5501 3585 5572 ἐκείνην.
3603 5501 3750 5555 πολι-

2182 5593 2327 5647 τείαν
2366 5594 2592 5659 συνθεὶς,
2619 5595 2711 5647 καὶ
2737 5597 2939 5666 Ζήνων,
2977 5596 3069 5648 καὶ
3089 5594 3142 5647 εί
3164 5611 3244 5658 τις
3260 5594 3444 5665 ἐτερος
3477 5594 3748 5648 πολιτείαν

592 5804 978 5895 ξἐξξἾΕεΕάξι
1041 5808 2103 5895 ¹ῗγάρὲάῐοςξισησέίΝὲλόχοέὲκειΕι
2155 5814 2600 5895 .¹⁹αῡτ⁶]αὺῖάνο
2633 5820 2764 5895 εὺῖδ
2801 5821 3276 5895 διηὶιέγχοησανΕο
3354 5830 3749 5884 ὀνίίι.τιάηοιο

519 5875 566 5961 ’ξ
585 5873 848 5964 ῥίσέν-Ἦ.
881 5873 1139 5964 citi-mild}
1186 5873 1378 5964 ἐδέχθη
1407 5873 1508 5964 ι’ξιί.
1548 5873 1686 5934 ΙΞῖΙά.
1775 5873 1818 5914 ²’¹
1841 5873 2078 5953 δεῖἾσχ.

2194 5873 2578 5964 ’ίσίκυρίσασοριι
2626 5873 3249 5964 with".

928 5948 969 5977 ’ί
1011 5949 1206 6002 tium.
1243 5949 1303 6002 Λ.
1341 5950 1399 6004 (ἶ.
1435 5951 1496 6004 Ι).
1577 5953 1619 5983 ⁵⁵
1658 5953 1845 6022 Incipit
1878 5948 2082 6009 code-fi

2260 5948 2288 5965 ’Ζ
2331 5948 2340 5957 ⁵
3089 5948 3118 5964 1.

2243 5960 2286 5988 ²δ
2313 5958 2650 6022 γραμμάτων
2683 5959 2738 6012 Β.

513 5944 663 5997 οὐδέν
690 5944 748 5998 C.
786 5947 846 5998 D.

3356 5901 3400 5929 ω
3436 5899 3610 5967 οὐδέν]
3636 5895 3750 5952 ἀλλ’

2243 5959 2286 5988 ³⁵
2313 5958 2650 6026 γραμμάτων
2683 5959 2738 6012 Β.
