4060 6156
299 263 367 329 κ)
988 277 1046 332 S.
1081 277 1368 335 JOANNIS
1405 278 1876 336 CHRYSOSTOMI

1994 278 2244 336 KCHIEP.
2285 273 2831 336 CONSTANTINOP.
3459 269 3532 322 το

291 389 528 461 ἔγραψεν
556 432 568 456 ,
619 391 652 460 ἢ
708 388 903 460 νόμους
959 387 1273 458 συνέθηκεν.
1324 389 1434 442 Καὶ
1482 387 1583 458 γὰρ
1632 384 1857 439 αὓτόθεν
1969 392 2212 464 ἡμέτερα
2239 390 2495 445 τοιαῦτα·
2528 388 2665 444 ἀλλά
2695 389 2792 443 καὶ
2818 388 2879 443 τὸ
2907 388 3143 454 δίκαιον,
3192 388 3284 442 καλ⁵
3312 387 3372 441 τὸ
3396 389 3527 460 πρέ-

292 483 529 541 ἅπαντες
572 477 874 530 ἐδείκνυντο
917 473 1082 538 οῦτοι,
1115 477 1198 530 ὅτι
1232 475 1446 546 πνεῦμα
1471 474 1720 546 πονηρὸν,
1764 474 1856 526 καὶ

293 571 502 639 δαίμων
535 584 619 630 τις
671 567 862 638 ἄγριος
913 567 1164 637 πολεμῶν
1209 567 1364 635 ἡμῶν
1411 567 1478 635 τῇ
1533 565 1710 631 φύσει,
1765 563 1857 616 καὶ

297 657 650 730 σωφροσύνης
701 657 914 727 ἐχθρὸς,
958 657 1052 709 καὶ
1095 656 1346 720 εὐταξίας
1390 654 1518 727 [10]
1565 654 1856 724 πολέμιος,

296 749 476 804 πάντα
493 749 605 803 ἀνω
620 749 714 802 καὶ
737 749 886 802 κάτω
912 747 1100 809 ποιῶν,
1129 747 1386 816 ἐνήχησεν
1407 744 1583 797 αὐτῶν
1603 747 1669 815 τῇ
1688 744 1857 814 ψυχῇ-

300 841 466 892 Ὅταν
512 838 620 915 γάρ
663 837 846 900 κοινάς
891 838 1024 890 πᾶσι
1069 839 1164 899 τὰς
1208 837 1472 902 γυναῖκας
1513 833 1726 896 ποιῶσι,
1766 834 1860 886 καὶ

297 928 599 1000 παρθένους
641 926 1024 998 γυμνώσαντες
1051 925 1142 978 ἐπὶ
1168 925 1266 996 τῆς
1288 923 1624 994 παλαίστρας
1657 923 1861 992 ἄγωσιν

297 1022 391 1076 ἐπὶ
419 1021 547 1075 θέαν
579 1020 900 1091 ἀνθρώπων,
932 1021 1026 1074 καὶ
1069 1017 1361 1089 λαθραίους
1412 1016 1861 1080 κατασκευάζωσι

297 1112 528 1183 γάμους,
564 1113 741 1166 πάντα
771 1110 905 1182 ὁμοῦ
933 1112 978 1143 ’⁷
1013 1109 1298 1180 μιγνύντες
1340 1109 1432 1161 καὶ
1475 1107 1862 1178 συνταράττον-

296 1217 412 1263 τες,
443 1200 488 1232 ⁸³
509 1199 602 1253 καὶ
632 1201 758 1262 τούς
787 1200 944 1270 ὄρους
971 1199 1072 1268 τῆς
1113 1197 1325 1266 φύσεως
1364 1197 1778 1268 ἀνατρέποντες,
1811 1197 1864 1249 τί

298 1289 484 1358 ἓτερον
539 1288 688 1340 ἐστιν
747 1289 970 1349 εἰπεῖν;
1025 1287 1148 1339 Ὅτι
1201 1285 1310 1356 γάρ
1360 1285 1629 1354 δαιμόνων
1683 1285 1866 1338 ἐκεῖνα

301 1377 513 1437 ἅπαντα
546 1377 831 1447 εὑρήματα
858 1376 955 1428 καὶ
987 1374 1139 1444 παρὰ
1167 1373 1327 1443 φύσιν
1355 1373 1423 1426 τά
1449 1373 1736 1442 λεγόμενα,
1771 1371 1867 1424 xal

301 1467 437 1538 αὐτὴ
464 1467 862 1542 μαρτυρήσειεν
878 1465 944 1520 ἂν
973 1466 1104 1536 ἡμῖν
1128 1467 1163 1534 ή
1193 1463 1372 1532 φύσις,
1401 1464 1500 1517 οὐκ
1525 1461 1864 1532 ἀνασχομένη

303 1561 411 1614 τῶν
429 1561 732 1633 εἰρημένων
750 1575 765 1591 ·
793 1561 887 1614 καὶ
915 1559 1087 1614 ταῦτα
1109 1559 1168 1612 οὐ
1198 1558 1336 1630 μετά
1355 1559 1628 1630 διωγμῶν,
1644 1559 1704 1611 οὐ
1731 1556 1868 1628 μετά

307 1653 588 1717 κινδύνων,
621 1653 682 1708 οὐ
721 1651 859 1722 μετά
904 1651 1174 1721 πολέμων,
1209 1650 1344 1704 ἀλλά
1374 1650 1508 1720 μετὰ
1547 1650 1729 1713 ἀδείας
1773 1649 1868 1702 καὶ

303 1741 617 1813 ἐλευθερίας
649 1741 863 1810 ἀπάσης
898 1739 1236 1812 γραφόντων,
1282 1741 1376 1792 καὶ
1413 1739 1625 1803 πολλοῖς
1669 1739 1866 1792 πολλα-

303 1833 464 1907 χόθεν
514 1831 982 1898 καλλωπιζόντων.
1021 1833 1102 1887 Τά
1131 1832 1188 1886 δέ
1230 1832 1338 1885 τῶν
1381 1831 1592 1896 ἀλιέων,
1648 1832 1866 1886 ἐλαυνο-

309 1924 484 1998 μένων
507 1963 522 1988 ,
570 1922 1008 1994 μαστιζομένων,
1042 1923 1456 1976 κινδυνευόντων
1476 1963 1491 1986 ,
1524 1924 1619 1976 καὶ
1663 1924 1867 1976 ἰδιῶται

307 2012 401 2067 καὶ
425 2012 597 2081 σοφοὶ,
635 2011 726 2067 καὶ
743 2011 917 2065 δοῦλοι
939 2013 1032 2065 καὶ
1061 2011 1354 2082 ἐλεύθεροι,
1391 2013 1484 2066 καὶ
1511 2012 1745 2082 βασιλεῖς
1775 2013 1868 2067 καὶ

310 2102 654 2169 στρατιῶται,
694 2102 791 2156 καὶ
821 2101 1082 2173 βάρϐαροι
1103 2103 1199 2156 καὶ
1223 2102 1498 2172 Ἕλληνες,
1529 2103 1665 2173 μετά
1691 2103 1869 2173 πάσης

305 2189 555 2254 ἐδέξαντο,
577 2191 677 2262 τῆς
708 2191 939 2255 εὐνοίας.

376 2281 440 2342 ε’.
461 2281 572 2335 Kal
596 2282 697 2336 οὐκ
720 2281 786 2335 ἂν
817 2283 960 2353 ἔχοις
985 2284 1184 2345 εἰπεῖν,
1226 2285 1308 2337 ὅτι
1337 2282 1426 2336 διὰ
1459 2283 1520 2335 τὸ
1551 2284 1720 2354 μικρά
1733 2279 1871 2339 εἶναι

306 2370 474 2435 ταῦτα
490 2372 586 2426 καὶ
616 2372 954 2443 χαμαίζηλα,
993 2373 1368 2442 εὐπαράδεκτα
1401 2373 1622 2440 γέγονεν
1660 2375 1828 2428 ἅπασι
1857 2394 1869 2404 ·

309 2464 402 2515 καὶ
425 2462 532 2531 γάρ
547 2462 725 2533 πολλῷ
744 2463 917 2517 ταῦτα
941 2462 1163 2516 ἐκείνων
1183 2462 1506 2532 ὑψηλότερα.
1542 2463 1872 2532 Παρθενείας

314 2557 412 2627 μὲν
437 2556 567 2630 γάρ,
602 2557 800 2611 ἐκεῖνοι
825 2556 944 2609 οὐδὲ
975 2557 1107 2627 ὄναρ
1134 2560 1313 2613 οὐδὲυ
1343 2560 1512 2631 ὄνομα
1537 2561 1875 2634 ἐφαντάσθηο

312 2663 434 2709 σαν,
469 2647 591 2700 οὐδὲ
636 2646 1039 2718 ἀκτημοσύνης,
1074 2649 1193 2702 οὐδὲ
1237 2650 1510 2717 νηστείας,
1563 2650 1684 2704 οὐδέ
1738 2668 1880 2717 τινος

309 2739 468 2793 ἄλλον
513 2737 621 2790 τῶν
651 2737 885 2808 ὑψηλῶν.
919 2739 983 2791 Oi
1025 2739 1080 2792 δὲ
1119 2742 1246 2811 παρ’
1273 2742 1402 2812 ἡμῖν
1443 2741 1544 2794 οὐκ
1590 2741 1880 2814 ἐπιθυμίαν

311 2827 612 2899 ἐξορίζουσι
656 2828 838 2898 μόνον,
872 2829 992 2882 οὐδέ
1023 2830 1220 2899 πρᾶξιν
1253 2831 1588 2898 κολάζουσιν,
1623 2832 1758 2885 ἀλλά
1787 2834 1881 2887 καὶ

309 2919 431 2988 ὕψι»
459 2918 773 2983 ἀκόλαστον,
797 2919 892 2973 καὶ
929 2919 1147 2988 ῥήματα
1191 2920 1479 2990 ὐϐριστικά
1503 2962 1517 2984 ,
1555 2920 1648 2974 καὶ
1671 2921 1881 2990 γέλωτα

311 3011 567 3073 ἄτακτον,
599 3009 691 3064 καὶ
720 3011 925 3079 σχῆμα,
965 3010 1058 3062 καὶ
1093 3009 1350 3080 βάδισμα,
1383 3012 1476 3064 καὶ
1497 3012 1763 3082 κραυγήν,
1788 3013 1882 3068 καὶ

316 3100 475 3170 μέχρι
499 3099 610 3153 τῶν
633 3099 972 3170 μικροτάτων
1000 3102 1299 3172 προάγουσι
1327 3101 1424 3173 τὴν
1457 3100 1758 3174 ἀκρίϐειαν,
1789 3105 1882 3157 καὶ

310 3191 411 3263 τὴν
435 3193 758 3261 οἰκουμένην
788 3191 1004 3246 ἃπασαν
1031 3193 1124 3246 τοῦ
1145 3197 1244 3264 τῆς
1273 3193 1565 3265 παρθενίας
1583 3195 1882 3266 ἐνέπλησαν

313 3281 503 3348 φυτοῦ.
539 3283 648 3334 Καὶ
679 3283 803 3352 περὶ
832 3283 967 3336 Θεοῦ
991 3284 1047 3336 δὲ
1070 3284 1241 3337 ταῦτα
1274 3286 1579 3353 φιλοσοφεῖν
1603 3287 1845 3341 πείθουσι
1863 3326 1878 3349 ,

314 3372 409 3428 καὶ
438 3373 546 3427 τῶν
572 3373 630 3424 ἐν
659 3373 904 3444 οὐρανοῖς
940 3376 1299 3444 πραγμάτων,
1333 3375 1368 3431 ἃ.
1400 3376 1586 3445 μηδεὶς
1616 3377 1881 3446 μηδέποτε

313 3462 539 3516 ἐκείνων
575 3463 708 3533 μηδέ
735 3464 815 3526 εἰς
835 3463 959 3518 νοῦν
987 3464 1170 3518 λαϐεῖν
1205 3466 1408 3536 ἴσχυσε.
1443 3465 1567 3528 Πῶς
1598 3465 1710 3537 [il]
1735 3466 1842 3537 γάρ
1865 3506 1878 3531 ,

313 3554 363 3605 οἱ
397 3552 682 3607 κνωδάλων
715 3554 808 3608 καὶ
838 3554 1039 3625 θηρίων
1061 3557 1234 3625 χαμαὶ
1255 3557 1526 3626 ἑρπόντων
1552 3557 1646 3609 καὶ
1685 3556 1883 3628 ἐτέρων

316 3644 655 3714 ἁτιμοτέρων
700 3645 912 3707 εἰκόνας
959 3645 1404 3716 θεοποιήσαντες;
1448 3648 1584 3700 Ἀλλ’
1616 3649 1764 3717 ὅμως
1790 3648 1884 3702 καὶ

317 3735 509 3805 ἐδέχθη
551 3737 644 3788 καὶ
674 3735 967 3802 ἐπιστεύθη
1005 3736 1073 3790 τὰ
1099 3737 1278 3807 ὐψηλά
1308 3737 1480 3792 ταῦτα
1499 3739 1759 3808 δόγματα,
1789 3741 1884 3794 καὶ

317 3827 439 3880 καθ’
473 3827 709 3897 ἑκάστην
760 3828 912 3882 ἀνθεῖ
949 3828 1046 3899 τὴν
1072 3829 1301 3900 ἡμέραν,
1335 3833 1428 3885 καὶ
1460 3833 1734 3886 ἐπιδίδωσι
1755 3875 1767 3886 .
1804 3832 1884 3885 Τὰ

314 3918 372 3971 δὲ
400 3918 624 3972 ἐκείνων
647 3921 853 3990 οἴχεται
894 3920 986 3974 καὶ
1030 3921 1327 3988 ἀπόλωλεν,
1352 3923 1623 3994 ἀραχνίων
1655 3922 1884 3976 εὐκολώ-

316 4025 471 4079 τερον
490 4010 868 4078 ἀφανισθέντα.
903 4011 1013 4066 Kal
1045 4012 1187 4082 μάλα
1217 4015 1470 4077 εἰκότως·
1495 4014 1746 4084 δαίμονες
1778 4014 1885 4084 γάρ

314 4099 485 4153 ταῦτα
537 4101 870 4173 διηγόρευον.
923 4104 1014 4156 Διὸ
1053 4105 1098 4136 ⁸⁰
1140 4105 1277 4175 μετά
1324 4106 1423 4176 τῆς
1468 4105 1752 4174 ἀσελγείας
1793 4106 1886 4158 καὶ

313 4191 480 4245 πολύν
509 4191 621 4262 ἔχει
655 4193 746 4248 τὸν
772 4193 954 4262 ζόφον,
976 4196 1070 4247 καὶ
1093 4195 1261 4248 πλείω
1286 4196 1376 4250 τὸν
1412 4196 1569 4250 πόνον
1591 4196 1659 4250 ⁸¹.
1692 4196 1758 4247 Τί
1777 4194 1884 4264 γάρ

313 4283 380 4333 ἂν
416 4281 625 4349 γένοιτο
663 4283 1194 4355 καταγελαστότερον
1225 4286 1326 4354 τῆς
1351 4285 1624 4348 πολιτείας
1647 4284 1883 4354 ἐκείνης,

313 4375 371 4424 ἐν
457 4371 593 4441 μετά
625 4371 732 4424 τῶν
763 4373 1070 4443 εἰρημένων
1105 4375 1331 4445 μυρίους
1362 4373 1640 4436 ἀναλώσας
1670 4372 1882 4441 στίχους

312 4469 341 4518 ό
372 4466 676 4536 φιλόσοφος,
714 4466 854 4520 ὣστε
885 4466 1174 4537 δυνηθῆναι
1217 4469 1387 4536 δεῖξαι
1428 4469 1481 4523 τί
1521 4469 1650 4522 ποτέ
1686 4470 1799 4520 ἐστι
1828 4470 1888 4522 τὸ

313 4560 539 4622 δίκαιον,
575 4559 712 4629 μετά
733 4560 833 4628 τῆς
856 4560 1255 4630 μακρηγορίας,
1278 4560 1371 4616 καὶ
1395 4560 1658 4631 ἀσαφείας
1687 4560 1885 4629 πολλῆς

317 4646 383 4700 τά
411 4647 676 4718 εἰρημένα
707 4647 1032 4718 ἐνέπλησεν;
1064 4649 1240 4722 Ὅπερ
1271 4653 1319 4705 εἰ
1369 4651 1463 4705 καί
1504 4669 1559 4704 τι
1612 4651 1885 4720 συμφέρον

317 4735 453 4809 εἶχε,
487 4739 688 4810 σφόδρα
713 4739 982 4811 ἄχρηστον
1015 4737 1236 4807 ἔμελλεν
1269 4734 1407 4792 εἶναι
1434 4737 1512 4806 τῷ
1536 4737 1641 4791 τῶν
1677 4736 1883 4808 ἀνθρὼ-

321 4847 437 4883 πων
459 4829 577 4900 βίῳ.
607 4830 670 4883 Εἰ
692 4830 800 4900 γάρ
837 4832 866 4883 ὁ
896 4829 1160 4900 γεωργὸς,
1186 4829 1278 4882 καὶ
1305 4831 1332 4881 ὁ
1365 4829 1719 4898 χαλκοτύπος,
1745 4830 1884 4882 καὶὸ

319 4919 620 4989 οἰκοδόμος,
654 4921 750 4972 καὶ
773 4923 802 4972 ὁ
829 4921 1186 4990 κυϐερνήτης,
1227 4921 1320 4972 καὶ
1352 4920 1596 4983 ἕκαστος,
1637 4920 1744 4974 ἀπὸ
1786 4923 1885 4992 τῆς

321 5010 428 5063 τῶν
457 5011 654 5082 χειρῶν
681 5012 1006 5083 τρεφόμενος
1039 5012 1312 5082 ἐργασίας,
1349 5011 1526 5082 μέλλοι
1554 5011 1653 5080 τῆς
1691 5011 1885 5080 τέχνης

325 5102 422 5170 μὲν
466 5091 796 5171 ἀφίστασθαι
825 5101 1052 5156 καὶτῶν
1089 5101 1312 5156 δικαίων
1347 5103 1543 5165 πόνων,
1576 5101 1886 5156 ἀναλίσκειν

321 5189 378 5243 δὲ
408 5189 501 5260 ἐτη
535 5189 666 5259 τόσα
698 5192 790 5243 καὶ
826 5191 976 5255 τόσα,
1005 5191 1143 5244 ὥστε
1185 5192 1373 5262 μαθεῖν
1404 5193 1457 5244 τί
1503 5193 1631 5245 ποτέ
1675 5195 1788 5245 ἐστι
1826 5192 1886 5243 τὸ

322 5280 562 5340 δίκαιον·
595 5281 690 5348 καὶ
717 5279 848 5351 πρὶν
875 5280 907 5350 ἢ
953 5280 1141 5351 μαθεῖν
1167 5282 1422 5345 πολλάκις
1457 5281 1649 5350 φθάσει
1682 5284 1727 5314 ³²
1748 5282 1887 5353 λιμῷ

323 5369 663 5441 διαφθαρεὶς,
701 5371 795 5423 καὶ
820 5369 1177 5426 ἀπελεύσεται
1216 5371 1304 5424 διὰ
1348 5371 1409 5424 τὸ
1461 5371 1668 5424 δίκαιον
1709 5371 1885 5435 τοῦτο,

328 5450 464 5527 μήτε
501 5459 609 5511 τῶν
639 5458 810 5512 ἄλλων
840 5458 949 5512 τῶν
982 5459 1262 5529 χρησίμων
1298 5461 1467 5530 μηδὲν
1525 5461 1710 5530 μαθὼν
1734 5502 1747 5524 ,
1797 5462 1889 5515 καὶ

327 5548 484 5617 βιαίῳ
547 5547 762 5621 θανάτῳ
807 5548 1117 5619 καταλύσας
1176 5550 1266 5618 τὸν
1325 5551 1459 5621 βίον.
1526 5550 1663 5606 Ἀλλ’
1714 5553 1773 5605 οὐ
1823 5552 1890 5604 τά

1971 505 2106 550 πον,
2160 487 2254 540 καὶ
2293 487 2354 539 τὸ
2389 485 2705 557 συμφέρον,
2759 485 2854 538 καὶ
2900 485 3080 538 πᾶσαν
3122 483 3310 546 ἅπλῶς
3353 482 3451 554 τὴν
3484 482 3530 514 ³³

1973 577 2172 646 ἀρετὴν
2211 578 2269 629 ἐν
2314 576 2538 646 βραχέσι
2589 577 2684 629 καὶ
2727 575 2921 644 σαφέσι
2957 572 3234 627 συλλαϐὼν
3265 574 3528 644 ῥήμασιν,

1974 666 2205 730 ἐδίδαξεν
2237 668 2382 736 ήμᾶς
2413 668 2441 720 ό
2466 665 2696 737 Χριστός
2718 682 2732 696 ·
2761 664 2891 717 ποτὲ
2947 664 3044 734 μὲν
3074 663 3267 731 λέγων,
3318 663 3400 715 ὅτι
3441 663 3536 713 Ἐν

1975 755 2155 809 δυσίν
2169 753 2442 820 ἐντολαῖς
2463 757 2495 808 ό
2513 755 2695 822 νόμος
2709 753 2806 808 και
2833 755 2886 807 οἱ
2905 751 3200 820 προφῆται
3221 750 3558 818 κρέμανται,

1976 845 2240 907 τουτέστι,
2270 846 2336 916 τῇ
2369 844 2462 897 τοῦ
2511 843 2645 896 Θεοῦ
2681 843 2888 914 ἀγάπη,
2933 842 3029 895 καὶ
3055 844 3124 912 τῇ
3152 841 3244 895 τοῦ
3274 841 3494 911 πλησίον
3518 856 3532 868 ·

1980 933 2108 986 ποτὲ
2133 933 2188 986 δέ
2219 932 2412 1000 λέγων,
2444 934 2598 987 Ὅσα
2630 931 2706 986 ἂν
2721 931 2931 999 θέλητε
2959 932 3060 985 ἵνα
3097 929 3351 985 ποιῶσιν
3399 929 3540 998 ὑμῖν

1979 1025 2031 1076 oi
2054 1021 2372 1090 ἅνθρωποι,
2406 1023 2502 1076 καί
2536 1022 2703 1092 ὑμεῖς
2739 1021 2956 1076 ποιεῖτε
2974 1020 3195 1086 αὐτοῖς.
3215 1015 3402 1084 Οὗτος
3431 1019 3541 1087 γάρ

1981 1113 2150 1166 ἐστιν
2177 1117 2210 1167 ό
2225 1115 2409 1183 νόμος
2431 1114 2530 1168 καί
2557 1117 2608 1168 οἱ
2643 1111 3151 1182 προφῆται.”Απερ
3180 1109 3276 1163 καὶ
3301 1109 3540 1178 γηπόνῳ,

1983 1203 2076 1256 καὶ
2102 1202 2306 1274 οἰκέτῃ,
2359 1196 2454 1256 καὶ
2489 1204 2705 1272 γυναικὶ
2737 1204 2898 1274 χήρᾳ,
2929 1201 3024 1255 καὶ
3055 1201 3204 1253 παιδῖ⁹
3253 1199 3421 1268 αὐτῷ,
3454 1199 3546 1250 καὶ

1984 1291 2060 1362 τῷ
2091 1292 2291 1362 σφόδρα
2343 1295 2549 1364 ἀνοήτῳ
2573 1294 2812 1347 δοκοῦντι
2851 1289 3010 1358 εἶναι,
3046 1292 3219 1346 πάντα
3247 1289 3541 1342 εὐσύνοπτοι

1987 1382 2081 1436 καὶ
2113 1384 2268 1454 ῥᾴδια
2295 1385 2651 1454 καταμαθεῖν.
2672 1384 2906 1438 Τοιαῦτα
2925 1382 3034 1454 γὰρ
3051 1381 3120 1433 τά
3149 1382 3245 1451 τῆς
3269 1380 3542 1450 ἀληοείας·

1989 1470 2102 1544 [12]
2127 1475 2219 1526 καὶ
2251 1477 2517 1546 μαρτυρεῖ
2534 1476 2642 1529 τῶν
2673 1475 3011 1547 πραγμάτων
3047 1471 3109 1525 τὸ
3133 1471 3307 1532 τέλος.
3342 1470 3547 1531 Πάντες

1983 1562 2115 1631 γοῦν
2139 1562 2340 1634 ἔμαθον
2362 1562 2429 1616 τά
2455 1563 2719 1633 πρακτέα·
2752 1563 2844 1615 καὶ
2868 1566 2966 1614 οὐκ
2987 1561 3185 1630 ἐμαθον
3207 1563 3382 1629 μόνον,
3411 1560 3538 1612 ἀλλὰ

1985 1654 2078 1706 καὶ
2105 1651 2410 1723 ἐζήλωσαν·
2447 1653 2538 1704 καὶ
2564 1653 2664 1705 οὐκ
2697 1654 2756 1704 ἐν
2779 1654 2897 1715 ταῖς
2929 1651 3110 1704 πόλεσι
3135 1651 3314 1720 μόνον,
3347 1654 3464 1706 οὐδὲ
3485 1655 3540 1707 ἐν

1989 1742 2182 1811 μέσαις
2202 1743 2321 1804 ταῖς
2350 1743 2594 1812 ἀγοραῖς,
2628 1741 2760 1794 ἀλλά
2791 1743 2884 1794 καὶ
2907 1744 2963 1794 ἐν
3001 1744 3119 1804 ταῖς
3149 1743 3412 1811 κορυφαῖς
3437 1743 3540 1794 τῶν

1985 1829 2146 1902 ὀρῶν.
2189 1832 2299 1884 Kal
2353 1831 2462 1902 γάρ
2506 1831 2620 1882 ἐκεῖ
2658 1830 2856 1902 πολλὴν
2904 1830 3024 1900 ὄψει
3074 1832 3173 1900 τὴν
3228 1832 3540 1900 φιλοσοφίαν

1986 1917 2173 1985 οὖσαν,
2199 1923 2291 1976 καὶ
2325 1923 2514 1992 χοροὺς
2556 1920 2798 1989 ἀγγέλων
2856 1923 2911 1973 ἐν
2968 1921 3288 1992 ἀνθρωπίνῳ
3334 1923 3542 1992 σώματι

1987 2009 2318 2079 λάμποντας,
2353 2012 2446 2064 καὶ
2477 2011 2573 2081 τὴν
2611 2010 2716 2063 τῶν
2736 2010 2975 2080 οὐρανῶν
3010 2011 3281 2064 πολιτείαν
3315 2011 3539 2064 ἐνταῦθα

1989 2100 2338 2170 φαινομένην.
2392 2101 2501 2153 Kal
2556 2100 2665 2170 γὰρ
2711 2099 2981 2152 πολιτείαν
3028 2101 3269 2171 ἔγραψαν
3313 2104 3444 2171 ἡμῖν
3494 2103 3542 2154 οἰ

1991 2189 2178 2254 ἁλιεῖς,
2228 2191 2328 2242 οὐκ
2365 2190 2472 2243 ἀπὸ
2506 2189 2708 2244 παίδων
2761 2189 3109 2254 κελεύσαντες
3155 2191 3543 2261 λαμϐάνεσθαι,

1990 2281 2242 2351 καθάπερ
2274 2283 2491 2348 ἐκεῖνοι,
2521 2281 2640 2334 οὐδὲ
2678 2281 2848 2334 τόσων
2901 2281 2994 2334 καὶ
3024 2281 3194 2335 τόσων
3221 2282 3357 2336 ἐτῶν
3390 2300 3540 2352 νομο-

1991 2371 2271 2435 θετοῦντες
2318 2367 2456 2425 εἶναι
2499 2372 2590 2424 τὸν
2623 2372 2671 2404 ³⁸
2698 2372 2949 2443 ἐνάρετον
2977 2388 2990 2403 ·
3028 2373 3142 2426 ἀλλ’
3186 2374 3370 2436 ἀπλῶς
3399 2373 3545 2439 πάσῃ

1993 2461 2362 2531 διαλεγόμενοι
2393 2462 2594 2532 ήλικίᾳ.
2629 2461 2840 2515 Ἐκεῖνα
2874 2463 2971 2532 μὲν
2995 2462 3136 2533 γάρ,
3185 2465 3390 2517 παίδων
3422 2465 3536 2516 παίο

1993 2568 2147 2619 γνια·
2177 2552 2349 2604 ταῦτα
2394 2552 2480 2616 δὲ,
2529 2555 2862 2624 πραγμάτων
2894 2554 3138 2625 ἀλήθεια.
3173 2553 3279 2607 Καὶ
3304 2554 3464 2608 τόπον
3495 2551 3552 2607 δέ

1993 2644 2279 2718 ἀπέδωκαν
2337 2647 2402 2715 τῇ
2461 2645 2702 2718 πολιτείᾳ
2757 2646 2929 2719 ταύτῃ
2990 2647 3080 2700 τὸν
3131 2646 3359 2717 οὐρανὸν
3385 2685 3398 2711 ,
3456 2644 3548 2699 καί

1995 2733 2242 2804 τεχνίτην
2283 2735 2450 2804 αὐτῆς
2477 2735 2566 2788 τὸν
2594 2735 2725 2788 Θεὸν
2749 2737 3069 2806 εἰσήγαγον,
3116 2739 3210 2790 καὶ
3258 2735 3550 2806 νομοθέτην

1995 2824 2104 2876 τῶν
2124 2825 2238 2876 ἐκεῖ
2266 2825 2530 2894 κειμένων
2552 2825 2597 2857 ³⁸
2629 2827 2807 2896 νόμων
2828 2841 2840 2855 ·
2877 2825 3064 2898 ὥσπερ
3093 2822 3186 2880 οῦν
3227 2827 3321 2880 καὶ
3365 2827 3544 2897 ἐχρῆν.

1999 2913 2079 2967 Τὰ
2103 2914 2161 2967 δὲ
2191 2913 2399 2968 ἔπαθλα
2425 2915 2524 2985 τῆς
2553 2915 2841 2980 πολιτείας,
2892 2916 2952 2968 οὐ
2984 2916 3156 2985 φύλλα
3185 2915 3408 2986 δάφνης,
3435 2911 3557 2968 οὐδὲ

2000 3003 2235 3066 κότινος,
2271 3005 2391 3057 οὐδὲ
2428 3006 2461 3074 ἡ
2497 3005 2554 3057 ἐν
2584 3007 2889 3076 πρυτανείῳ
2915 3005 3158 3072 σίτησις,
3199 3005 3318 3060 οὐδέ
3350 3004 3554 3064 εἰκόνες

2001 3096 2215 3164 χαλκαῖ,
2247 3096 2314 3149 τά
2355 3095 2539 3166 ψυχρὰ
2557 3095 2727 3148 ταῦτα
2747 3097 2839 3149 καὶ
2867 3095 3054 3166 εὐτελῆ
3074 3113 3088 3128 ο
3111 3095 3244 3148 άλλά
3267 3093 3380 3164 ζωὴ
3407 3093 3556 3155 τέλος

2005 3187 2102 3238 οὐκ
2127 3184 2342 3256 ἔχουσα,
2371 3187 2464 3237 καὶ
2483 3187 2543 3239 τὸ
2558 3185 2691 3238 Θεοῦ
2721 3185 2970 3252 γενέσθαι
2996 3185 3208 3248 παῖδας,
3235 3185 3330 3238 καὶ
3361 3183 3419 3236 τὸ
3441 3184 3556 3252 μετ’

2005 3271 2250 3339 ἀγγέλων
2267 3271 2530 3341 χορεύειν,
2566 3273 2658 3326 καὶ
2685 3272 2762 3342 τῷ
2784 3272 2955 3343 θρόνῳ
2983 3274 3315 3343 παρεστάναι
3364 3271 3441 3342 τῷ
3465 3271 3558 3341 βα-

2005 3360 2216 3430 σιλικῷ,
2237 3363 2330 3414 καὶ
2354 3360 2615 3431 διηνεκῶς
2642 3358 2779 3416 εἶναι
2817 3363 2956 3434 μετὰ
2986 3363 3244 3433 Χριστοῦ.

2056 3455 2110 3513 ς’
2116 3489 2129 3503 .
2144 3451 2473 3520 Δημαγωγοὶ
2489 3450 2544 3504 δὲ
2567 3452 2666 3521 τῆς
2682 3453 2951 3515 πολιτείας
2971 3454 3075 3505 εἰσὶ
3098 3453 3297 3521 ταύτης
3313 3451 3557 3515 τελῶναι,

2005 3540 2099 3592 καὶ
2131 3539 2322 3603 ἁλιεῖς,
2355 3543 2449 3594 καὶ
2498 3543 2827 3613 σκηνοποιοὶ,
2880 3543 2977 3595 οὐκ
3010 3546 3068 3596 ἐν
3093 3545 3267 3612 χρόνῳ
3301 3541 3560 3611 ζήσαντες

1997 3643 2182 3715 ὀλίγῳ,
2220 3643 2357 3698 ἀλλά
2391 3642 2478 3696 διά
2505 3643 2701 3705 παντὸς
2737 3641 2951 3708 ζῶντες.
2983 3645 3080 3697 Διά
3105 3643 3262 3696 τοῦτο
3299 3645 3393 3695 καὶ
3425 3644 3565 3714 μετὰ

1999 3733 2252 3803 τελευτὴν
2304 3732 2430 3795 τούς
2489 3731 2934 3800 πολιτευομένους
2983 3731 3050 3784 τά
3104 3732 3338 3802 μέγιστα
3374 3732 3564 3801 ὀνῆσαι

1999 3816 2230 3870 δύναιντ’
2259 3817 2344 3870 ἄν.
2379 3816 2560 3887 Ταύτῃ
2601 3819 2663 3886 τῇ
2703 3816 2939 3888 πολιτείᾳ
2955 3818 3186 3888 πόλεμος
3207 3819 3267 3871 οὐ
3306 3818 3442 3886 πρὸς
3470 3821 3566 3872 ἀνο

2001 3905 2270 3976 θρώπους,
2321 3906 2455 3958 ἀλλά
2502 3905 2636 3977 πρὸς
2676 3906 2937 3976 δαίμονας
2982 3908 3075 3960 καὶ
3118 3909 3217 3970 τάς
3243 3908 3565 3978 ἀσωμάτους

1999 3995 2259 4065 δυνάμεις
2294 3995 2514 4057 ὲκείνας
2563 3997 2699 4050 ἐστί.
2748 3997 2841 4050 Διὸ
2895 3998 2989 4050 καὶ
3047 3998 3346 4069 στρατηγὸς
3385 3999 3568 4061 αὐτοῖς

2000 4087 2099 4139 οὐκ
2158 4085 2478 4156 ἀνθρώπων,
2505 4087 2626 4140 οὐδέ
2653 4087 2896 4156 ἀγγέλων
2934 4087 3105 4151 οὐδεὶς
3130 4127 3144 4152 ,
3195 4088 3307 4142 ἀλλ’
3345 4089 3504 4151 αὐτὸς
3538 4091 3568 4141 ό

1999 4179 2151 4240 Θεός.
2188 4180 2296 4231 Kal
2313 4179 2381 4232 τὰ
2405 4178 2544 4232 ὃπλα
2569 4179 2624 4232 δὲ
2652 4179 2759 4232 τῶν
2784 4180 3128 4249 στρατιωτῶν
3156 4179 3356 4232 τούτων
3388 4180 3569 4249 μιμεῖ-

2001 4287 2090 4324 ται
2122 4269 2214 4322 τοῦ
2244 4269 2480 4341 πολέμου
2511 4269 2608 4340 τὴν
2633 4269 2793 4338 φύσιν
2814 4285 2827 4299 ·
2856 4270 2915 4322 οὐ
2941 4269 2986 4300 ³⁸
3015 4269 3123 4340 γὰρ
3164 4269 3272 4323 ἀπὸ
3303 4270 3570 4341 δέρματος

2002 4362 2097 4415 καὶ
2151 4362 2368 4432 σιδήρου
2413 4359 2900 4432 κατεσκευασμένα
2954 4361 3091 4412 εἰσὶν
3118 4399 3132 4422 ,
3200 4359 3314 4432 [15]
3353 4360 3468 4412 ἀλλ’
3511 4361 3571 4424 ἐξ

2003 4452 2258 4520 ἀληθείας
2285 4453 2379 4505 καὶ
2406 4451 2748 4521 δικαιοσύνης
2776 4452 2869 4503 καὶ
2887 4452 3120 4513 πίστεως
3143 4451 3234 4504 καὶ
3257 4450 3570 4519 φιλοσοφίας

2003 4544 2239 4612 ἁπάσης.
2282 4543 2435 4596 Ἐπεὶ
2455 4539 2547 4595 οῦν
2577 4541 2706 4612 περί
2732 4542 2832 4611 τῆς
2857 4541 3129 4602 πολιτείας
3159 4540 3360 4610 ταύτης
3396 4541 3488 4592 καὶ
3512 4541 3573 4590 τὸ

2007 4632 2209 4702 βιϐλίον
2258 4632 2415 4685 τοῦτο
2451 4633 2782 4701 γέγραπται.
2835 4631 2929 4684 καὶ
2967 4631 3098 4700 ἡμῖν
3153 4631 3436 4702 πρόκειται
3478 4630 3573 4682 νῦν

2005 4724 2196 4786 εἰπεῖν,
2239 4721 2593 4790 προσέχωμεν
2623 4720 2867 4790 ἀκριϐῶς
2898 4719 2976 4789 τῷ
3004 4718 3266 4788 Ματθαίῳ
3297 4719 3422 4789 περὶ
3442 4719 3574 4771 ταύ-

2004 4830 2102 4883 της
2123 4812 2332 4884 τρανῶς
2353 4812 2396 4841 ³⁷
2435 4810 2819 4881 διαλεγομένῳ.
2850 4807 2921 4862 Οὐ
2958 4809 3067 4880 γάρ
3111 4809 3295 4874 αὐτοῦ,
3328 4809 3462 4862 ἀλλά
3481 4809 3572 4861 τοῦ

2009 4904 2106 4974 τὴν
2135 4901 2418 4956 πολιτείαν
2463 4899 2924 4969 νομοθετήσαντος
2976 4897 3212 4967 Χριστοῦ
3251 4897 3427 4950 πάντα
3460 4897 3577 4950 ἐστὶ

2006 4994 2074 5047 τὰ
2123 4992 2407 5063 λεγόμενα.
2460 4989 2824 5060 Προσέχωμεν
2851 4987 2930 5050 δὲ,
2971 4987 3058 5039 ἵνα
3107 4989 3201 5041 καί
3233 4990 3578 5062 ἐγγραφῆναι

2010 5083 2328 5156 δυνηθῶμεν
2369 5082 2450 5144 εἰς
2480 5081 2670 5151 αὐτὴν,
2710 5081 2804 5133 καὶ
2858 5077 3070 5147 λάμψαι
3121 5080 3262 5150 μετά
3311 5079 3420 5132 τῶν
3473 5080 3574 5150 ἥδη

2009 5173 2507 5242 πολιτευσαμένων,
2555 5171 2649 5225 καὶ
2676 5171 2802 5232 τούς
2840 5168 3186 5239 άμαράντους
3215 5171 3454 5233 ἐκείνους
3482 5172 3577 5223 ἐκ-

2007 5266 2308 5338 δεχομένων
2353 5265 2668 5332 στεφάνους.
2726 5261 2984 5329 Καίτοιγε
3019 5263 3233 5326 πολλοῖς
3285 5261 3504 5325 εὔκολος
3548 5265 3579 5316 ὁ

2008 5361 2165 5428 λόγος
2187 5353 2342 5421 οὗτος
2371 5353 2508 5410 εἷναι
2533 5355 2696 5418 δοκεῖ,
2723 5353 2789 5406 τά
2814 5353 2869 5406 δὲ
2903 5354 3012 5406 τῶν
3059 5354 3352 5425 προφητῶν
3389 5354 3578 5407 δυσκο-

2007 5451 2126 5503 λίαν
2157 5449 2316 5520 ἐχειν.
2363 5446 2522 5499 Ἀλλά
2546 5444 2638 5497 καὶ
2661 5442 2818 5496 τοῦτο
2840 5443 3174 5512 ἀγνοούντων
3195 5443 3312 5496 ἐστὶ
3333 5444 3392 5496 τὸ
3420 5442 3579 5510 βάθος

2008 5543 2114 5597 τῶν
2141 5540 2574 5610 έναποκειμένων
2594 5535 2744 5607 αὐτῴ
2759 5537 2804 5569 ³⁸
2823 5538 3128 5608 νοημάτων.
3149 5535 3238 5588 Διὸ
3256 5534 3578 5604 παρακαλῶ,

303 5674 307 5681 ’
406 5681 453 5713 ’⁷
477 5680 638 5752 ὁμοῦ]
658 5680 804 5752 ᾼᾷᾀ.
822 5679 1080 5752 χρήματα
1110 5677 1170 5730 Β.
1194 5745 1205 5752 ⁸
1245 5677 1290 5709 ’⁸
1315 5671 1787 5752 συνταράττοντες]
1814 5673 2193 5752 συντάττοντες
2322 5665 2385 5719 Ε.
2425 5664 2881 5752 συγχέοντες.-
2916 5663 2964 5752 ἐξ
2976 5661 3097 5752 οὐδέ
3118 5652 3578 5752 οιὶιίῐιξιὶῄθθπξιό]

345 5752 488 5808 Add.
516 5750 635 5804 ’καῖ
657 5750 797 5803 Edd.

874 5733 1127 5800 η”πλείω
1159 5745 1248 5799 τὸν
1283 5744 1462 5802 πόνον]
1482 5733 1575 5799 Sic
1604 5744 1708 5797 A41.
1751 5733 1876 5795 A'rm

2014 5739 2176 5794 codd.
2208 5737 2375 5789 πλέον
2399 5735 2458 5787 τὸ
2487 5736 2687 5788 ἄτοπον
2719 5734 2909 5802 Steph.
2931 5733 3057 5786 Sav.

3152 5733 3195 5764 ιι
3227 5731 3410 5801 φθάσῃ
3431 5729 3573 5801 Edd.

347 5792 826 5880 ἒιῗζὲσέιῖᾶἓῐὲὶς
850 5792 1714 5887 τήνὶἐῖἕλᾘξεἶέὀὲίιιῗτξέὰἆεὶ
1751 5792 2072 5887 ξῇᾇί-ἀῄπέρ
2109 5807 2264 5887 τάς..
2301 5803 2363 5887 3f
2394 5805 2508 5887 τέκε]
2543 5805 2602 5887 τι
2628 5803 2767 5887 [ἔδει.
2804 5792 3003 5887 ιὶττιξίεις
3029 5801 3188 5887 Μρτ..
3241 5792 3289 5834 'u
3311 5792 3579 5870 κεὶμένων

345 5909 454 5950 om.
476 5873 711 5947 rcartdcm.
791 5873 1096 5953 ³λοῦ11οὑδέ
1137 5887 1275 5941 Edd.
1355 5887 1394 5916 ’7
1416 5883 1626 5955 τρανῶς
1652 5897 1759 5935 om.
1792 5873 1852 5936 Ᾱ.

2026 5873 2068 5913 ⁵⁸
2096 5877 2266 5942 αὐτῷὶ
2301 5875 2387 5931 Sic
2419 5873 2700 5943 Ε.ἀύτῶν
2728 5873 2788 5928 Δ.
2823 5873 3004 5927 ('zclcri
3036 5873 3234 5932 αὐτοῖς.
