4060 6156
379 369 445 426 19

368 472 651 539 mundum,
678 470 823 528 aliud
871 467 1174 524 institutum
1203 508 1218 534 ,
1251 464 1428 520 omnia
1469 462 1702 532 denique
1729 469 1950 516 mutata.

370 566 486 622 Non
513 565 653 620 sicut
697 563 870 627 Plato,
921 560 1015 631 qui
1063 558 1340 614 ridiculam
1396 555 1538 613 illam
1565 552 1952 623 rempublicam

382 655 630 721 instituit,
669 667 774 709 non
809 653 947 708 sicut
971 649 1119 706 Zeno
1143 647 1252 722 (a),
1280 654 1334 702 et
1371 645 1415 701 si
1450 644 1538 714 qui
1569 641 1661 698 alii
1699 641 1767 697 de
1796 655 1955 710 repu-

374 746 512 804 blica
541 745 825 813 scripsere,
856 745 1106 813 legesque
1133 738 1370 796 edidere.
1400 733 1672 805 Siquidem
1700 732 1780 787 vel
1809 747 1875 785 ex
1900 745 1958 784 re

370 831 486 898 ipsa
511 828 856 896 conspicuum
877 825 992 890 fuit,
1019 824 1306 894 malignum
1335 823 1598 892 spiritum,
1626 822 1952 876 daemonem-

369 934 477 992 que
501 918 812 990 quempiam
839 916 1031 980 ferum,
1061 924 1264 968 natura:
1288 922 1482 966 nostra:
1507 911 1717 966 hostem
1737 952 1753 968 .
1790 910 1952 964 casti-

371 1010 497 1064 tatis
524 1009 820 1074 inimicum,
850 1003 1145 1060 honestatis
1173 1000 1540 1056 adversarium
1562 1041 1578 1066 ,
1621 1001 1798 1056 omnia
1832 1013 1954 1052 sus-

370 1100 547 1168 deque
591 1103 889 1152 vertentem
919 1135 936 1161 ,
985 1094 1101 1147 haec
1149 1092 1359 1147 illorum
1404 1090 1596 1144 animis
1640 1089 1949 1144 inseruisse.

367 1190 511 1246 Cum
537 1188 680 1244 enim
700 1200 894 1242 uxores
923 1183 1171 1239 omnibus
1195 1193 1505 1236 communes
1535 1178 1750 1245 faciant,
1783 1177 1955 1234 nudas

371 1282 610 1350 virgines
637 1277 703 1332 ad
748 1275 1112 1346 spectaculum
1156 1273 1390 1326 virorum
1437 1271 1488 1324 in
1527 1268 1828 1340 palaestram
1854 1266 1955 1321 duo

370 1380 521 1438 cant,
573 1365 934 1424 clandestinas
975 1363 1190 1433 nuptias
1242 1368 1525 1432 apparent,
1572 1360 1749 1413 omnia
1800 1355 1955 1413 simul

367 1463 788 1518 commiscentes
814 1466 871 1514 et
897 1456 1316 1518 conturbantes,
1351 1458 1658 1521 naturaeque
1700 1449 1958 1505 terminos

368 1561 696 1616 evertentes,
729 1548 857 1619 quid
885 1547 1027 1602 aliud
1052 1546 1121 1600 de
1151 1545 1256 1598 illis
1283 1543 1388 1598 dici
1407 1542 1615 1612 possit?
1636 1540 1787 1606 Quod
1813 1538 1954 1593 enim

369 1644 492 1697 hmc
520 1641 700 1697 omnia
743 1640 852 1694 sint
890 1639 1190 1693 diemonum
1222 1636 1434 1690 inventa
1480 1645 1534 1688 et
1563 1641 1766 1687 naturae
1794 1646 1956 1701 repu-

367 1734 612 1804 guantia,
643 1733 755 1801 ipsa
782 1740 929 1786 certe
959 1738 1144 1784 natura
1178 1728 1494 1783 testiﬁcatur
1514 1741 1679 1796 ,,qu'.e
1705 1734 1762 1780 et
1787 1739 1953 1795 supra

367 1824 532 1878 dictis
556 1823 812 1878 abhorret
852 1829 952 1876 :et
998 1821 1084 1874 illa
1115 1834 1219 1873 non
1270 1833 1390 1872 cum
1430 1816 1956 1886 persequutionibus,

371 1931 481 1970 non
499 1930 622 1970 cum
651 1913 903 1985 periculis
921 1912 1006 1966 vel
1037 1910 1255 1980 praeliis,
1283 1908 1375 1964 sed
1397 1923 1516 1962 cum
1548 1907 1794 1962 libertate
1812 1908 1958 1962 omni

367 2015 427 2062 ct
456 2006 746 2061 securitate
771 2002 1138 2064 scribentium,
1186 2009 1240 2054 et
1265 2007 1453 2054 ornatu
1496 1997 1761 2052 sermonis
1786 1997 1957 2052 multo

373 2111 523 2166 saepe
576 2094 834 2150 utentium
868 2133 886 2158 ,
931 2090 1148 2166 [emissa
1201 2087 1371 2160 sunt.]
1425 2087 1624 2143 Contra
1656 2101 1783 2142 vero
1828 2087 1946 2142 hmo

371 2202 492 2256 quae
521 2186 809 2258 praedicata
834 2191 957 2238 sunt
981 2197 1010 2236 a
1035 2180 1406 2252 piscatoribus,
1431 2179 1617 2249 pulsis,
1643 2178 1958 2234 verberibus

369 2277 550 2342 caesis,
580 2277 716 2330 inter
743 2273 974 2344 pericula
1007 2270 1346 2326 versantibus
1367 2310 1382 2334 ,
1414 2269 1665 2324 ineruditi
1697 2309 1712 2331 ,
1745 2271 1958 2340 sapien-

373 2377 478 2433 tes,
506 2366 669 2432 servi,
697 2365 868 2431 liberi,
889 2377 1065 2433 reges,
1089 2363 1304 2429 milites,
1337 2362 1569 2430 barbari,
1597 2365 1791 2432 ereei,
1828 2381 1951 2422 cum

372 2457 524 2513 omni
544 2455 912 2513 benevolentia
934 2467 1212 2522 excepere.

436 2674 494 2728 5.
524 2673 709 2742 Neque
733 2686 862 2726 vero
880 2671 1059 2726 dicere
1088 2673 1263 2740 possis
1284 2713 1299 2737 ,
1324 2671 1440 2729 haec
1457 2715 1474 2740 ,
1499 2677 1640 2746 quod
1671 2693 1834 2747 parva
1862 2696 1948 2738 es-

365 2772 486 2818 sent
519 2772 576 2818 et
608 2763 827 2818 humilia
851 2801 867 2828 ,
896 2761 1050 2818 facile
1074 2777 1105 2816 a
1128 2765 1338 2819 cunctis
1378 2777 1624 2836 suscepta
1657 2768 1838 2824 fuisse.
1863 2771 1948 2826 Si-

366 2854 586 2925 quidem
617 2855 732 2910 hzec
761 2854 931 2909 multo
975 2854 1285 2910 sublimiora
1313 2866 1436 2912 sunt
1464 2858 1589 2913 illis.
1617 2859 1946 2929 Virginitatis

364 2947 513 3007 enim
545 2945 618 2998 illi
647 2959 714 3000 ne
744 2959 938 3000 nomen
964 2945 1179 3015 quidem
1214 2947 1299 3003 vel
1345 2964 1442 3019 per
1463 2951 1729 3006 somnium
1754 2952 1939 3022 imagi-

368 3037 478 3090 nati
521 3045 664 3101 sunt,
704 3050 812 3091 non
857 3045 1264 3105 paupertatem,
1311 3054 1419 3094 non
1457 3040 1738 3110 jejunium,
1773 3060 1945 3114 neque

367 3127 675 3196 quampiam
730 3127 892 3181 aliam
942 3143 1121 3182 rerum
1167 3129 1498 3186 sublimium.
1544 3132 1779 3204 Magistri
1820 3151 1946 3191 vero

370 3218 542 3272 nostri
591 3232 700 3272 non
743 3218 904 3273 modo
949 3220 1433 3290 concupiscentiam
1491 3223 1792 3291 eliminant,
1839 3243 1945 3282 non

371 3308 534 3363 modo
584 3309 784 3363 malum
831 3323 967 3378 opus
1004 3310 1288 3380 castigant,
1334 3312 1428 3368 sed
1473 3314 1634 3368 etiam
1675 3324 1947 3383 aspectum

374 3400 724 3470 impudicum,
750 3401 911 3456 verba
933 3403 1340 3468 contumeliosa,
1365 3405 1528 3460 risum
1550 3406 1947 3478 immodestum,

371 3493 639 3560 habitum,
671 3494 959 3558 incessum,
990 3494 1304 3561 clamorem,
1336 3505 1390 3551 et
1416 3511 1585 3566 usque
1623 3498 1690 3552 ad
1733 3501 1950 3556 minima

371 3593 677 3639 accuratam
707 3583 1045 3653 disciplinam
1090 3585 1386 3640 extendunt
1410 3626 1426 3651 ,
1454 3596 1614 3658 atque
1644 3589 1950 3645 universum

371 3675 558 3731 orbem
589 3674 904 3745 virginitatis
949 3676 1191 3745 germine
1217 3677 1577 3746 repleverunt.
1611 3679 1686 3734 De
1715 3680 1824 3734 Deo
1861 3696 1955 3735 au-

374 3775 478 3820 tem
509 3766 680 3835 deque
726 3766 1028 3821 caalestibus
1057 3781 1119 3822 ea
1160 3767 1524 3838 philosophari
1562 3770 1808 3837 suadent,
1836 3787 1954 3841 quae

374 3858 508 3912 nulli
540 3873 729 3912 eorum
766 3873 1015 3926 umquam
1042 3858 1095 3911 in
1141 3867 1374 3913 mentem
1424 3861 1611 3916 venire
1647 3869 1952 3930 potuerunt.

375 3940 657 4007 Quomodo
678 3941 822 3994 enim
851 3940 965 3994 haze
991 3942 1312 4010 cogitassent
1337 3943 1426 4010 qui
1447 3942 1703 4010 ferarum,
1731 3959 1955 4014 serpen-

377 4035 510 4088 tium
539 4034 874 4101 aliorumque
898 4032 1142 4087 viliorum
1165 4033 1420 4103 imagines
1449 4033 1500 4088 in
1521 4034 1743 4090 deorum
1767 4051 1956 4092 nume-

377 4137 490 4178 rum
515 4121 793 4176 retulere?
820 4122 1069 4176 Attamcn
1101 4120 1218 4177 luce
1241 4122 1484 4176 sublimia
1507 4123 1753 4194 dogmata
1777 4139 1957 4182 susce-

379 4231 465 4292 pta
491 4230 549 4277 et
584 4219 786 4274 credita
807 4228 929 4273 sunt
954 4219 1004 4273 in
1027 4218 1250 4289 diesque
1289 4218 1652 4288 ﬁorentatque
1667 4231 1913 4276 crescunt
1937 4237 1954 4286 ;

379 4313 593 4367 illorum
619 4325 749 4364 vero
785 4310 958 4364 cultus
992 4308 1100 4362 abit
1138 4318 1192 4363 et
1238 4310 1411 4378 perit,
1439 4319 1598 4378 atque
1641 4326 1955 4366 aranearum

382 4403 503 4458 telis
540 4400 752 4456 facilius
797 4399 1086 4453 evanescit.
1129 4398 1366 4468 llludque
1404 4400 1595 4453 merito
1627 4418 1640 4452 :
1687 4399 1958 4458 daemones

383 4494 524 4547 enim
581 4492 695 4547 haec
739 4490 1098 4560 praedicarunt
1141 4509 1155 4544 :
1202 4501 1526 4560 quapmpter
1571 4507 1691 4546 cum
1736 4494 1956 4549 lascivia

383 4584 604 4637 multam
625 4581 822 4637 habent
845 4581 1119 4649 caliginem
1143 4579 1504 4650 majoremque
1530 4581 1789 4637 laborem.
1819 4584 1958 4651 Quid

382 4673 524 4728 enim
571 4673 738 4742 magis
787 4671 1068 4726 ridiculum
1106 4670 1305 4736 fuerit,
1337 4687 1494 4741 quam
1536 4671 1816 4743 disciplina
1846 4676 1956 4743 illa,

383 4765 490 4830 ubi,
524 4773 718 4833 przeter
765 4779 827 4818 ea
873 4779 994 4832 qua:
1039 4763 1180 4817 dicta
1227 4772 1371 4828 sunt,
1400 4763 1692 4820 innumeris
1741 4767 1961 4836 prolatis

385 4853 632 4906 versibus
661 4853 1043 4920 philosophus,
1083 4862 1140 4907 ut
1165 4853 1290 4921 quid
1323 4853 1392 4907 sit
1418 4854 1622 4921 justum
1671 4857 1958 4925 ostendat,

377 4953 520 5000 tanta
548 4945 870 5014 loquacitate
897 4955 952 5002 et
975 4947 1298 5002 obscuritate
1320 4947 1461 5003 dicta
1483 4964 1578 5003 sua
1603 4953 1795 5020 replet,
1830 4965 1889 5008 ut
1916 4955 1962 5009 si

379 5035 502 5102 quid
531 5035 693 5090 etiam
723 5037 847 5090 boni
897 5037 1158 5092 haberent
1181 5079 1196 5103 ,
1227 5036 1512 5093 admodum
1545 5050 1723 5096 tamen
1755 5044 1960 5100 inutilia

379 5136 555 5182 essent
599 5127 874 5182 hominum
897 5128 1058 5182 vitaz?
1081 5129 1136 5183 Si
1161 5131 1305 5184 enim
1340 5132 1595 5200 agricola,
1629 5133 1712 5187 vel
1738 5138 1960 5192 aerarius

380 5213 526 5271 faber
565 5217 648 5272 vel
692 5218 1035 5282 architectus,
1084 5231 1176 5275 aut
1215 5223 1564 5291 gubernator,
1613 5234 1706 5280 aut
1747 5227 1790 5281 si
1837 5231 1958 5298 quis

314 5359 320 5367 ,
377 5305 510 5360 aiius
537 5322 748 5374 eorum,
777 5309 866 5379 qui
913 5309 1107 5366 diurno
1134 5327 1388 5368 manuum
1425 5329 1588 5385 opere
1608 5311 1814 5373 ‘victum
1857 5335 1954 5390 pa-

380 5407 515 5466 rant,
538 5401 696 5456 vellet
721 5401 790 5456 ab
817 5411 932 5456 arte
957 5415 1052 5456 sua
1075 5402 1328 5474 justoque
1358 5406 1544 5464 labore
1584 5408 1879 5478 abstinere,
1900 5414 1952 5469 in

443 5629 520 5692 (α)
552 5635 699 5694 Plator
712 5633 759 5682 is
778 5633 843 5681 de
850 5632 1116 5694 pepuhlica
1140 5643 1264 5692 opus
1285 5632 1472 5694 ignorat
1492 5646 1654 5685 nemo.
1667 5634 1746 5687 De
1767 5641 1960 5690 Zenone

387 5700 507 5740 vero
529 5693 695 5744 Eleate
719 5694 829 5743 vide
849 5692 1122 5756 Diogenem
1145 5692 1401 5743 Laertium.

1542 352 1608 408 IN
1648 349 2061 408 MATTHIEUM
2125 346 2358 404 H0)’lll..
2399 353 2440 414 Ι,

3548 347 3619 401 20

2047 479 2217 534 eaque
2261 479 2321 518 re
2363 462 2560 518 multos
2579 474 2748 516 annos
2775 459 3080 527 absumere,
3111 459 3314 530 utquid
3343 459 3629 531 sitjustum

2045 554 2311 618 edisceret
2342 573 2354 608 :
2389 567 2533 622 smpe
2586 552 2894 622 priusquam
2929 549 3059 604 illud
3111 535 3456 618 edidicisset,
3490 551 3631 609 fame

2045 655 2413 713 consumptus,
2460 642 2634 697 abiret
2687 641 2814 711 justi
2872 640 3110 694 discendi
3148 655 3329 706 causa,
3378 651 3435 698 et
3482 643 3629 698 nulla

2044 746 2348 806 comparata
2379 734 2494 788 utili
2522 733 2826 802 disciplina,
2861 731 3148 786 violentam
3171 740 3397 787 mortem
3429 735 3624 788 obiret.

2049 826 2238 882 Nostra
2267 841 2398 880 vero
2425 840 2528 880 non
2557 822 2864 894 hujusmodi
2885 832 3041 888 sunt;
3071 822 3164 877 sed
3190 824 3390 891 justum
3414 866 3427 890 ,
3457 825 3629 879 hone-

2045 930 2206 985 stum,
2241 919 2391 983 utile,
2417 919 2746 986 virtuteSque
2785 931 2992 982 omnes,
3023 915 3205 984 paucis
3235 915 3403 984 iisque
3421 915 3630 984 ρει-ςιιί-

2047 1013 2160 1066 cuis
2190 1011 2366 1066 verbis
2386 1009 2629 1065 Christus
2651 1023 2747 1063 nos
2769 1007 2975 1062 edocuit
2999 1006 3158 1061 modo
3173 1006 3355 1061 dicens
3378 1023 3390 1059 :
3417 1005 3481 1058 In
3499 1007 3629 1059 duo-

2047 1105 2135 1156 bus
2163 1102 2414 1155 mandatis
2442 1101 2524 1154 (ex
2548 1109 2592 1154 et
2623 1099 2882 1169 propheta:
2905 1097 3120 1168 pendent
3147 1098 3361 1169 (Matth.
3384 1097 3475 1152 2‘2.
3494 1098 3585 1167 40)
3611 1117 3625 1164 ;

2048 1193 2216 1258 idest,
2255 1193 2306 1246 in
2329 1193 2420 1246 Dei
2451 1191 2751 1261 etproximi
2792 1189 3053 1251 caritate;
3087 1189 3374 1258 aliquando
3414 1200 3627 1244 autem:

2051 1284 2388 1352 Quwcumqne
2418 1283 2566 1336 vultis
2606 1291 2659 1335 ut
2705 1281 2892 1353 faciant
2922 1281 3059 1334 vobis
3088 1281 3336 1348 homines,
3368 1291 3412 1336 et
3439 1298 3524 1337 vos
3549 1286 3630 1352 [a-

2048 1376 2141 1427 cite
2163 1375 2284 1428 illis.
2311 1373 2438 1427 Marc
2464 1381 2534 1427 est
2559 1372 2692 1425 enim
2717 1373 2798 1425 (ea:
2833 1381 2881 1425 et
2919 1370 3176 1439 propheta:
3203 1370 3411 1440 (Matth.
3439 1373 3490 1425 7.
3519 1372 3626 1442 1‘2).

2046 1466 2176 1534 Qua:
2199 1475 2252 1521 et
2293 1466 2558 1535 agricolae,
2601 1472 2655 1520 et
2681 1479 2857 1528 servo,
2887 1472 2940 1516 ct
2965 1463 3168 1526 vidure,
3195 1471 3252 1518 et
3281 1480 3467 1533 puero,
3522 1466 3632 1520 imo

2047 1555 2205 1609 etiam
2228 1555 2280 1610 ei
2305 1555 2391 1624 qui
2422 1551 2709 1608 admodum
2745 1551 2940 1608 bardus
2966 1565 3086 1606 esse
3116 1552 3378 1616 videatur,
3411 1554 3626 1608 intelle-

2048 1655 2137 1700 ctu
2165 1643 2342 1699 facilia
2373 1643 2591 1699 omnino
2629 1651 2774 1698 sunt.
2805 1642 2932 1697 llaec
2957 1651 3039 1697 est
3058 1643 3201 1697 enim
3231 1643 3472 1698 veritatis
3499 1659 3630 1698 con-

2045 1733 2198 1789 ditio.
2250 1733 2378 1789 Illud
2434 1742 2611 1791 autem
2662 1733 2974 1790 testiﬁcatur
3023 1735 3139 1803 ipse
3199 1748 3380 1791 rerum
3431 1735 3626 1791 exitus.

2047 1825 2318 1895 Siquidem
2349 1839 2538 1882 omnes
2562 1840 2684 1896 qua:
2714 1823 2919 1895 agenda
2959 1833 3115 1879 erant
3156 1823 3479 1890 didicerunt,
3514 1840 3617 1884 nec

2047 1922 2346 1977 didicerunt
2362 1921 2542 1986 modo,
2568 1919 2662 1974 sed
2687 1919 2847 1973 etiam
2877 1916 3096 1986 exsequi
3124 1915 3443 1970 studuerunt
3467 1931 3479 1968 :
3509 1929 3618 1970 non

2038 2014 2090 2067 in
2120 2012 2340 2068 urbibus
2363 2019 2590 2077 tantum,
2612 2025 2712 2064 nec
2735 2009 2786 2063 in
2811 2007 2988 2063 medio
3018 2005 3135 2060 foro
3160 2023 3173 2072 ;
3201 2005 3294 2061 sed
3321 2006 3449 2060 etin
3470 2020 3623 2059 mon-

2043 2105 2176 2160 tium
2203 2103 2494 2159 verticibus
2529 2101 2628 2173 (a).
2674 2101 2747 2156 lbi
2798 2100 2942 2154 enim
2985 2098 3205 2170 multam
3237 2097 3418 2152 videas
3446 2096 3619 2166 philo-

2043 2193 2308 2263 sophiam,
2338 2192 2533 2246 choros
2561 2190 2871 2260 angelorum
2899 2189 2952 2243 in
2981 2188 3214 2243 humano
3243 2201 3470 2256 corpore
3515 2186 3625 2240 ful-

2038 2301 2164 2356 gere
2184 2327 2197 2352 ,
2233 2293 2287 2338 et
2315 2283 2614 2337 institutum
2644 2281 2858 2335 caaleste
2897 2281 3117 2334 micare.
3161 2277 3295 2332 Nam
3325 2278 3621 2332 institutum

2040 2375 2164 2428 vitae
2211 2373 2367 2428 nobis
2400 2373 2700 2442 piscatores
2745 2369 3008 2438 scripsere
3039 2385 3055 2424 :
3087 2381 3197 2422 non
3224 2382 3252 2420 a
3283 2381 3448 2435 puer-0
3477 2366 3631 2420 insti—

2042 2467 2116 2520 tui
2167 2465 2419 2534 jubentes
2467 2472 2524 2517 ut
2551 2461 2624 2516 illi
2654 2459 2996 2532 philosophi,
3029 2473 3133 2514 non
3162 2468 3364 2514 certam
3413 2467 3626 2514 aetatem

2043 2557 2252 2611 virtutis
2280 2555 2524 2610 studioso
2554 2553 2989 2624 prtescribentes,
3016 2551 3111 2607 sed
3137 2552 3381 2622 quamvis
3408 2559 3619 2607 aetatem

2042 2646 2402 2701 instituentes.
2455 2644 2548 2698 llla
2592 2644 2736 2700 enim
2782 2656 3071 2713 puerorum
3114 2641 3272 2697 ludus
3304 2651 3462 2707 sunt;
3513 2641 3628 2695 hzrc

2041 2743 2440 2801 autem,rerum
2483 2733 2699 2789 veritas.
2726 2732 2860 2786 lluic
2895 2731 3142 2785 instituto
3175 2730 3348 2787 locum
3395 2732 3634 2800 assigna-

2041 2841 2170 2881 vere
2198 2827 2425 2893 caelum,
2459 2827 2734 2895 Deumque
2765 2824 3088 2879 induxerunt
3133 2824 3249 2894 ejus
3277 2824 3526 2893 opiﬁcem
3569 2840 3632 2880 ac

2045 2916 2220 2986 legum
2247 2917 2475 2972 latorem
2498 2957 2514 2983 ,
2548 2926 2605 2970 ut
2650 2931 2746 2984 par
2774 2915 2993 2970 omnino
3026 2923 3161 2970 erat.
3213 2915 3447 2970 lnstituti
3503 2931 3632 2970 vero

2047 3009 2300 3078 praemia,
2332 3021 2439 3062 non
2471 3007 2607 3061 lauri
2657 3004 2802 3072 folia,
2833 3021 2938 3061 non
2982 3007 3197 3062 oleastri
3246 3022 3466 3073 corona,
3519 3023 3624 3060 non

2045 3099 2346 3154 convivium
2383 3100 2435 3153 in
2487 3099 2754 3170 Prytaneo
2778 3097 2849 3169 (ὑ)
2875 3137 2890 3161 ,
2932 3112 3038 3152 non
3078 3113 3235 3152 a‘rere
3264 3106 3474 3164 statum,
3527 3115 3634 3154 non

2047 3189 2236 3260 frigida
2264 3189 2452 3244 istluec
2477 3199 2532 3245 et
2556 3189 2732 3244 inania
2763 3207 2777 3243 :
2805 3188 2899 3244 sed
2926 3188 3032 3243 vita
3053 3188 3213 3244 linem
3241 3203 3346 3244 non
3368 3189 3633 3255 habitura,

2048 3284 2236 3339 collata
2283 3284 2513 3339 ﬁliorum
2546 3282 2639 3337 Dei
2688 3281 2942 3347 conditio,
2993 3281 3206 3336 chorea:
3251 3296 3374 3337 cum
3431 3283 3639 3352 angelis

2050 3384 2204 3439 actze,
2234 3383 2359 3430 ante
2400 3373 2590 3429 solium
2622 3372 2822 3443 regium
2853 3371 3154 3442 przesentia,
3175 3381 3489 3444 perpetuum
3513 3387 3634 3428 cum

2050 3464 2261 3520 Christo
2290 3465 2641 3520 consortium.

2124 3663 2178 3718 6.
2211 3661 2379 3731 Hujus
2409 3673 2571 3730 porro
2608 3655 2834 3714 instituti
2871 3654 3124 3711 doctores
3162 3660 3288 3710 sunt
3328 3652 3636 3723 publicani,

2055 3762 2347 3833 piscatores
2386 3764 2444 3812 et
2468 3754 2818 3809 tentoriorum
2855 3750 3106 3820 opiﬁces,
3147 3765 3252 3805 non
3291 3751 3380 3820 qui
3427 3751 3635 3805 modico

2055 3861 2294 3918 tempore
2320 3845 2568 3909 vixerint,
2589 3841 2684 3898 sed
2706 3841 2793 3911 qui
2818 3849 3071 3896 aeternam
3094 3847 3256 3909 agant
3277 3842 3461 3896 vitam.
3487 3840 3637 3894 Ideo-

2054 3954 2157 4009 que
2174 3939 2334 3992 etiam
2355 3943 2472 4005 post
2492 3941 2719 3988 mortem
2738 3931 2964 3986 instituti
2991 3939 3281 3985 sectatores
3297 3930 3483 3998 juvare
3511 3946 3637 4000 pos-

2055 4029 2180 4082 sint.
2229 4026 2364 4080 Huic
2403 4023 2650 4078 instituto
2695 4021 2893 4078 bellum
2937 4028 3036 4083 est,
3089 4034 3194 4074 non
3237 4019 3494 4074 adversus
3536 4020 3636 4075 ho-

2057 4121 2262 4184 mines,
2308 4115 2402 4172 sed
2450 4114 2704 4169 adversus
2740 4111 3012 4165 daemones
3051 4118 3104 4162 et
3150 4110 3492 4177 incorporeas
3522 4110 3638 4164 illas

2062 4216 2372 4278 potestates.
2407 4205 2638 4272 ldeoqne
2662 4203 2769 4256 dux
2803 4200 2905 4253 illis
2927 4208 3030 4264 est,
3063 4213 3167 4252 non
3197 4198 3380 4264 homo,
3414 4214 3518 4252 non
3540 4214 3636 4252 an-

2063 4305 2333 4376 gelus,sed
2353 4306 2465 4372 ipse
2481 4302 2638 4357 licus.
2653 4303 2816 4354 Arma
2829 4312 2958 4353 vero
2971 4296 3187 4352 illorum
3207 4294 3437 4348 militum
3451 4294 3516 4348 ad
3535 4295 3606 4348 bu

2061 4398 2152 4470 jus
2202 4397 2326 4451 belli
2365 4395 2628 4450 rationem
2670 4391 2943 4462 quadrant
2980 4406 2994 4444 :
3033 4403 3208 4457 neque
3247 4387 3391 4442 enim
3428 4403 3490 4440 ex
3529 4387 3636 4455 pel-

2057 4507 2190 4557 Iibus
2209 4509 2461 4572 parantur
2483 4506 2574 4553 aut
2602 4497 2763 4562 ferro,
2789 4494 2880 4549 sed
2907 4510 2971 4549 ex
2997 4491 3489 4558 verilate,'justitia,
3513 4487 3648 4555 ﬁde,

2058 4592 2497 4663 philosophiaque
2535 4589 2699 4644 omni.
2731 4587 2990 4654 Quoniam
3041 4575 3200 4652 igitur
3225 4582 3294 4636 de
3338 4580 3650 4649 hujusmodi

2059 4686 2340 4757 disciplina
2355 4685 2440 4739 hic
2462 4684 2592 4738 liber
2609 4691 2688 4736 est
2707 4679 3064 4748 conscriptus,
3087 4675 3153 4730 de
3169 4689 3271 4744 qua
3289 4671 3443 4728 nobis
3462 4671 3643 4727 dicere

2059 4777 2390 4846 propositum
2422 4783 2538 4838 est,
2571 4771 2874 4828 Matthmum
2902 4779 3105 4823 attente
3136 4764 3417 4820 audiamus
3453 4763 3522 4819 de
3547 4764 3640 4819 illa

2058 4868 2336 4938 perspicue
2361 4867 2711 4921 disserentem
2739 4881 2753 4917 :
2778 4876 2881 4916 non
2903 4861 3043 4914 enim
3071 4858 3185 4926 ejus
3207 4864 3331 4910 sunt
3355 4856 3520 4923 dicta,
3545 4855 3640 4910 sed

2057 4960 2274 5024 Christi,
2304 4959 2393 5028 qui
2420 4958 2559 5012 hanc
2581 4955 2914 5024 disciplinam
2951 4949 3199 5005 instituit.
3235 4949 3484 5003 Animum
3509 4961 3640 5016 ergo

2059 5053 2426 5116 adhibeamus,
2458 5059 2516 5104 ut
2544 5049 2595 5102 in
2626 5047 2717 5100 illa
2740 5059 3039 5100 mereamur
3067 5041 3319 5108 adscribi,
3349 5055 3411 5095 ac
3439 5039 3643 5109 fulgere

2059 5161 2178 5200 cum
2215 5146 2280 5198 iis
2309 5144 2397 5213 qui
2427 5143 2529 5196 hoc
2557 5139 2855 5194 institutum
2899 5135 3100 5191 emensi
3153 5133 3483 5189 immortales
3525 5133 3644 5186 illas

2059 5249 2316 5304 accepere
2359 5246 2605 5288 coronas.
2655 5230 2832 5285 Multis
2862 5237 3007 5282 certe
3036 5227 3152 5280 hare
3194 5223 3368 5281 facilia
3398 5222 3646 5277 videntur

2061 5342 2208 5391 esse,
2241 5325 2618 5395 prophetarum
2653 5335 2786 5376 vero
2826 5319 2966 5374 dicta
3005 5317 3232 5371 multum
3273 5314 3469 5368 habere
3505 5310 3644 5364 diffl—

2061 5416 2292 5472 cultatis.
2327 5415 2523 5470 Verum
2555 5412 2627 5466 ita
2666 5411 2974 5465 existimant
3017 5407 3089 5473 ii,
3125 5405 3216 5475 qui
3259 5401 3644 5458 sententiarum

2113 5570 2186 5693 (ag
2219 5569 2296 5619 De
2312 5570 2559 5619 monachis
2581 5571 2628 5619 in
2652 5575 2817 5618 monte
2839 5569 3137 5630 degentibus
3160 5568 3390 5630 loquitur.

2115 5631 2164 5691 (Ι)
2220 5639 2502 5693 Prytancum
2517 5631 2650 5680 locus
2667 5639 2773 5680 erat
2794 5630 2878 5678 ubi
2902 5641 3185 5678 communes
3209 5627 3369 5690 epulae

2115 5627 2186 5693 (ὸ)
2220 5639 2502 5694 Prytaneum
2517 5631 2650 5694 locus
2667 5639 2773 5680 erat
2794 5630 2878 5678 ubi
2902 5627 3185 5678 communes
3209 5627 3369 5690 epulae
3392 5627 3630 5679 dabantur

2051 5692 2112 5741 iis
2133 5692 2214 5756 qui
2238 5692 2303 5743 de
2324 5693 2521 5756 publico
2543 5693 2672 5742 bene
2696 5697 2996 5742 meruerant.

3679 5533 3707 5693 ἰ,
