4060 6156
457 332 522 385 2i
1159 327 1216 379 δ.
1253 323 1534 379 JOANVIS
1571 319 2054 378 CHRYSOSTOMI
2093 320 2410 378 ARCHIEP.
2447 313 2988 375 CONSTANTINOP.

445 449 516 502 ibi
543 444 935 502 reconditarum
964 439 1378 512 profunditatem
1403 437 1665 506 ignorant.
1697 433 2029 502 Quapropter

444 553 596 607 rogo,
612 551 708 591 nos
725 550 847 591 cum
861 547 1053 604 magno
1069 531 1244 585 studio
1259 527 1572 597 sequamini.
1593 532 1651 578 ut
1663 522 1875 578 Christo
1889 522 2022 576 duce

444 632 498 685 in
526 631 626 685 hoc
651 629 972 698 scriptorum
996 625 1211 696 pelagus
1232 620 1432 691 ingredi
1456 621 1750 673 valeamus.
1775 617 1844 672 Ut
1866 630 2024 686 porro

446 721 654 776 facilius
685 719 799 773 hate
825 717 1100 772 addiscere
1131 712 1343 784 possitis
1365 752 1379 773 ,
1411 725 1659 780 rogamus
1691 718 1745 761 et
1770 708 2025 761 obsecra-

448 829 589 877 mus,
605 811 661 865 id
674 809 815 881 quod
829 809 986 863 etiam
1003 807 1056 860 in
1073 804 1192 858 aliis
1208 802 1604 870 Scripturarum
1623 798 1772 852 libris
1786 796 2030 862 fecimus,

450 913 511 958 ut
527 903 670 958 illam
691 901 976 969 Scriptum
993 895 1283 951 clausulam
1299 932 1314 959 ,
1337 907 1496 962 quam
1513 889 1912 959 interpretaturi
1941 902 2001 941 su
2016 919 2030 928 -

448 1004 593 1054 mus,
619 988 933 1058 prtelibetis,
957 996 1012 1040 ut
1040 986 1198 1039 lectio
1223 984 1578 1052 cognitionem
1601 981 1865 1050 pra‘cedat
1895 983 1946 1045 1;
1971 979 2024 1035 id

447 1079 591 1150 quod
622 1080 673 1134 in
703 1078 949 1134 eunucho
975 1076 1228 1146 contigit,
1263 1078 1511 1146 quodque
1544 1075 1764 1128 multam
1795 1075 2027 1142 praebeat

450 1172 778 1228 facilitatem.
809 1172 1142 1240 Quaestiones
1184 1169 1325 1224 enim
1370 1168 1611 1238 plurimae
1645 1175 1699 1221 et
1729 1166 2029 1236 frequentes

449 1273 760 1320 occurrunt.
781 1261 1157 1317 Animadverte
1180 1274 1307 1329 ergo
1333 1257 1511 1312 statim
1539 1258 1592 1311 in
1616 1257 1732 1326 ipso
1755 1257 2026 1326 Evangelii

450 1353 694 1418 exordio,
727 1365 856 1422 quot
882 1361 936 1408 et
962 1359 1156 1422 quanta
1187 1348 1469 1420 quaerenda
1496 1358 1798 1403 occurrant.
1826 1347 2026 1412 Primo,

449 1458 546 1498 cur
566 1443 782 1512 .losephi
807 1441 1115 1513 genealogia
1145 1439 1391 1505 ducatur,
1421 1439 1510 1509 qui
1531 1437 1725 1493 Christi
1756 1446 1902 1507 pater
1926 1453 2030 1492 non

452 1544 589 1589 erat.
617 1533 885 1598 Secundo,
910 1531 1178 1602 quomodo
1198 1532 1410 1600 planum
1439 1530 1541 1585 erit
1561 1529 1730 1598 ipsum
1753 1544 1816 1582 ex
1837 1529 2032 1583 Davide

453 1624 718 1694 originem
748 1623 962 1688 ducere,
993 1637 1112 1675 cum
1152 1621 1424 1690 ignoretur
1453 1619 1668 1689 quinam
1711 1619 1888 1673 Mariae
1917 1633 2030 1671 nia-

454 1717 558 1770 tris
582 1715 700 1785 ejus
738 1714 968 1784 majores
997 1713 1193 1766 iuerint
1227 1731 1238 1765 :
1281 1726 1452 1781 neque
1499 1712 1641 1766 enim
1686 1711 1911 1780 Virginis
1937 1726 2032 1779 ge.

455 1808 696 1878 nealogia
725 1807 990 1876 descripta
1016 1805 1133 1858 fuit.
1163 1805 1364 1870 Tertio,
1392 1819 1488 1858 cur
1512 1802 1752 1872 Josephi,
1783 1803 1870 1871 qui
1903 1801 2033 1854 nihil

455 1901 520 1954 ad
548 1899 945 1970 generationem
977 1896 1221 1960 contulit,
1250 1895 1556 1966 genealogia
1585 1899 1810 1948 ducatur
1830 1937 1844 1962 ,
1875 1894 2035 1962 Virgo

456 2001 633 2046 autem
661 2005 780 2060 qua:
808 1999 978 2043 mater
1007 1997 1108 2051 est,
1141 2002 1246 2055 quo
1276 1996 1447 2055 patre,
1481 2002 1579 2039 avo
1609 1995 1662 2040 et
1707 1985 1876 2038 abavo
1920 1993 2034 2038 orta

456 2084 526 2138 sit
567 2097 672 2136 non
706 2091 971 2134 narretur.
1003 2079 1083 2134 Ad
1115 2082 1227 2132 haec
1257 2077 1389 2132 illud
1425 2079 1584 2132 etiam
1636 2078 1904 2146 inquirere
1946 2091 2039 2144 par

455 2182 560 2238 est,
610 2189 705 2228 cur
736 2172 966 2227 virorum
1007 2169 1368 2240 genealogiam
1412 2183 1754 2238 persequens,
1787 2167 2038 2222 mulieres

459 2275 635 2319 tamen
682 2261 1121 2322 commemoravit
1151 2279 1164 2314 :
1200 2269 1254 2314 et
1279 2261 1492 2328 quando
1518 2258 1569 2312 id
1612 2260 1682 2311 ita
1727 2260 1830 2328 ipsi
1867 2259 2036 2312 visum

461 2365 566 2417 est,
598 2368 693 2407 cur
722 2367 828 2406 non
856 2365 1044 2406 omnes
1086 2350 1337 2404 mulieres
1366 2349 1692 2414 nominavit,
1724 2349 1819 2402 sed
1865 2348 2040 2402 missis

463 2447 531 2501 iis
560 2460 678 2514 qua:
707 2443 776 2499 ob
803 2441 1120 2512 probitatem
1144 2439 1383 2494 celebres
1403 2447 1554 2494 erant
1573 2481 1588 2507 ,
1615 2449 1673 2494 ut
1696 2440 1825 2495 Sara
1853 2448 1908 2494 et
1933 2439 2036 2495 Be-

465 2539 650 2602 bccca,
683 2546 738 2592 et
765 2535 1049 2601 similibus,
1080 2533 1198 2588 illas
1225 2540 1430 2586 tantum
1459 2532 1512 2586 in
1542 2532 1772 2587 medium
1800 2532 2039 2602 protulit,

464 2647 583 2700 qua:
608 2631 788 2698 aliquo
815 2628 943 2682 vitio
972 2626 1211 2682 celebres
1241 2633 1395 2679 erant
1424 2640 1438 2677 :
1463 2626 1506 2678 si
1533 2640 1636 2694 qua
1668 2625 1909 2679 videlicet
1936 2625 2034 2677 l'or-

467 2723 666 2776 nicaria
695 2730 785 2784 aut
813 2719 1048 2773 adultera
1075 2727 1236 2783 esset,
1263 2726 1316 2772 et
1336 2717 1378 2771 si
1407 2731 1508 2786 qua
1535 2727 1784 2771 extranea
1812 2727 1896 2769 aut
1925 2717 2042 2770 bar-

465 2808 765 2865 bara.Nam
797 2826 1019 2864 uxorein
1048 2807 1185 2862 Uria:
1215 2818 1269 2862 et
1291 2807 1589 2861 Thaiuarct
1612 2809 1865 2861 itahabet
1889 2807 2034 2859 liuth

463 2899 946 2965 commemoravit;
968 2913 1199 2969 quarum
1217 2899 1320 2952 alia
1334 2898 1636 2968 alienigena
1653 2897 1902 2962 erat,alia
1923 2911 2029 2949 me-

467 2990 655 3054 retrix,
672 2989 778 3043 alia
791 3005 820 3042 a
837 3003 1026 3043 socero
1042 2989 1226 3043 vitiata
1243 2988 1364 3054 fuit,
1392 3002 1497 3040 non
1517 2988 1629 3056 lege
1647 2985 1925 3045 connubii,
1945 2983 2038 3039 sed

467 3083 647 3136 iurata
674 3079 1018 3135 concubitum
1057 3088 1111 3133 et
1168 3079 1470 3134 meretricis
1508 3061 1786 3146 assumpta
1823 3075 2035 3144 specie:

465 3171 610 3242 quod
635 3180 844 3240 spectat
861 3179 1036 3224 autem
1058 3168 1198 3224 Uriae
1221 3169 1684 3238 uxorem,ignorat
1700 3180 1858 3219 nemo
1874 3164 1944 3218 ob
1967 3163 2043 3216 fa-

464 3260 1154 3330 cinorisconspicuitatem.
1169 3260 1423 3313 Attamen
1439 3257 1620 3312 missis
1634 3256 1754 3310 aliis
1769 3253 2041 3318 omnibus,

471 3361 629 3410 hasce
663 3367 866 3409 tantum
896 3355 947 3408 in
975 3354 1280 3424 genealogia
1309 3353 1504 3424 posuit.
1535 3357 1693 3424 Atqui
1722 3355 1766 3407 si
1796 3354 2050 3408 mulieres

467 3461 900 3502 commemorare
929 3447 1163 3516 OpOl'lllil
1184 3488 1199 3513 ,
1228 3462 1414 3501 omnes
1444 3461 1727 3501 recensere
1765 3461 1861 3516 par
1899 3455 2048 3510 erat;

463 3539 507 3591 si
540 3554 645 3592 non
672 3552 884 3602 omnes,
916 3546 1062 3593 certe
1086 3538 1275 3606 aliqua:
1300 3553 1480 3592 earum
1513 3536 1849 3607 proferenda:
1877 3547 2050 3601 erant,

464 3643 585 3697 qua:
615 3627 812 3682 virtute
855 3627 1182 3689 ﬂoruerant,
1215 3643 1318 3681 non
1352 3643 1534 3680 earum
1577 3643 1803 3696 quarum
1839 3636 2053 3695 peccata

465 3729 592 3772 sunt
625 3717 926 3772 maniiesta.
956 3717 1145 3772 Videte
1173 3727 1366 3787 quanta
1401 3718 1553 3773 nobis
1579 3719 1871 3773 attentione
1890 3720 1970 3773 vel
1999 3720 2051 3773 in

467 3809 691 3864 exordio
712 3809 781 3863 sit
795 3823 950 3877 opus,
973 3810 1179 3863 etiamsi
1200 3809 1301 3863 hoc
1318 3810 1594 3864 exordium
1609 3810 1817 3865 caeteris
1833 3810 2049 3876 clarius,

465 3900 573 3952 imo
604 3900 828 3954 fortasse
850 3899 1090 3968 plurimis
1119 3900 1444 3968 superﬂuum
1469 3915 1590 3955 esse
1632 3901 1891 3965 videatur,
1928 3902 2050 3970 quia

463 3991 679 4045 nomina
697 4001 898 4046 tantum
925 3993 1151 4063 plurima
1174 3994 1564 4062 complectitur.
1591 3993 1717 4047 Post
1740 3993 1854 4047 lnec
1874 4001 2049 4046 autem

469 4081 596 4135 illud
628 4082 896 4152 inquirere
924 4099 1019 4152 par
1045 4093 1148 4150 est,
1178 4100 1274 4138 cur
1303 4096 1412 4139 tres
1445 4099 1597 4154 reges
1626 4084 1887 4138 omiserit.
1919 4082 2051 4136 Nam

462 4174 505 4225 si
552 4189 737 4227 eorum
790 4183 974 4243 utpote
1019 4174 1303 4230 admodum
1361 4176 1642 4244 impiorum
1698 4175 1911 4227 nomina
1969 4183 2049 4226 ta-

462 4266 602 4328 cuit,
631 4280 803 4334 neqne
840 4265 976 4319 alios
1005 4267 1134 4334 ipsis
1182 4266 1383 4320 similes
1429 4280 1851 4320 commemorare
1895 4278 2052 4332 Opor-

467 4354 585 4406 tuit.
618 4353 732 4406 Alia
766 4353 892 4406 item
933 4355 1158 4423 quazstio
1187 4354 1444 4423 exsurgit.
1474 4354 1608 4408 Cum
1649 4352 2049 4422 quatuordecim

463 4460 585 4502 esse
610 4445 986 4514 generationes
1009 4445 1252 4512 dixisset,
1286 4447 1340 4500 in
1387 4447 1540 4500 tertia
1568 4446 1739 4500 classe
1784 4445 1924 4498 lnme
1953 4459 2051 4498 nu-

463 4553 666 4591 merum
697 4553 800 4592 non
832 4527 1083 4592 servavii.
1115 4536 1355 4607 Itemque
1382 4552 1477 4591 cur
1504 4537 1675 4592 Lucas
1703 4537 1806 4591 alia
1835 4536 2049 4590 nomina

462 4631 755 4696 recensuit,
787 4638 841 4685 et
865 4645 963 4684 cur
991 4644 1097 4685 non
1128 4630 1302 4684 solum
1333 4645 1438 4683 non
1467 4629 1685 4685 eosdem
1717 4643 1924 4692 omnes,
1954 4629 2047 4684 sed

459 4723 624 4781 etiam
656 4723 824 4776 multo
855 4721 1035 4790 plures
1070 4721 1555 4776 commemoravit:
1600 4720 1882 4774 Matthqu
1922 4734 2048 4774 vero

468 4825 522 4867 ct
550 4812 684 4865 alios
712 4822 765 4867 et
791 4813 1062 4876 diversos,
1091 4811 1298 4866 etiamsi
1345 4811 1458 4880 ipse
1493 4811 1546 4864 in
1586 4809 1876 4878 Josephum
1919 4809 2046 4864 des-

461 4904 610 4965 ierit,
645 4902 696 4956 in
752 4917 859 4972 quo
908 4912 961 4957 et
1006 4903 1176 4958 Lucas
1226 4901 1386 4956 linem
1435 4901 1577 4956 fecit.
1611 4901 1799 4956 Videte
1838 4901 2048 4970 quantis

458 4993 615 5047 nobis
655 4992 726 5046 sit
753 5007 887 5060 opus
919 4993 1112 5062 Vigiliis
1140 5007 1245 5047 non
1275 4992 1340 5045 ad
1372 4991 1692 5046 solvendum
1726 4990 1884 5045 modo
1905 5029 1919 5053 ,
1953 4989 2046 5044 sed

458 5083 618 5139 etiam
660 5083 726 5138 ad
767 5083 1080 5143 discendum
1122 5099 1364 5152 quamam
1405 5083 1512 5136 sint
1548 5083 1821 5138 solvenda.
1865 5082 2048 5152 Neque

458 5192 650 5247 parum
692 5186 778 5231 est
803 5192 864 5231 ea
897 5176 1136 5235 invenire
1177 5191 1296 5245 quas
1328 5185 1548 5244 pessunt
1602 5175 1654 5231 in
1701 5175 1918 5229 dubium
1956 5189 2048 5228 vo-

455 5269 605 5334 rari;
639 5284 760 5322 nam
792 5269 922 5322 illud
969 5283 1178 5336 quoque
1207 5267 1259 5327 in
1306 5266 1482 5321 dubiis
1527 5275 1870 5330 numeratur,
1915 5281 2046 5334 quo-

455 5360 615 5414 modo
639 5357 877 5414 Elisabet
905 5374 967 5415 cx
997 5357 1225 5418 Levitiea
1250 5357 1410 5422 tribu,
1441 5366 1662 5426 cognata
1686 5357 1753 5411 sit
1774 5357 1969 5422 Mariae.

524 5691 548 5739 ἢ
577 5688 764 5750 tuon-eL,
792 5697 838 5739 ut
867 5686 1001 5737 lectio
1026 5685 1270 5736 lrctionem
1294 5689 1568 5748 priet-edat.

3632 311 3722 366 ἓξ

2215 429 2267 481 7.
2295 426 2564 481 Conclusio
2591 423 2796 478 moralis
2820 439 2838 477 :
2864 420 3120 475 auditores
3158 435 3188 471 α
3218 417 3518 488 spectaculis
3554 428 3741 480 arcet;

2143 522 2368 574 studium
2410 519 2546 573 verbi
2593 519 2750 572 divini
2793 517 2845 570 in
2882 515 2954 568 eis
2995 513 3216 568 excitare
3257 521 3486 564 conatur.
3518 539 3591 549 ——
3619 508 3740 562 Sed

2142 627 2208 666 ne
2226 613 2389 666 multa
2413 610 2570 664 simul
2592 616 2940 678 congerentes
2958 604 3267 660 memoriam
3286 613 3520 656 vestram
3543 600 3740 654 obrua-

2141 718 2260 757 mus
2307 703 2392 758 hic
2411 701 2658 771 loquendi
2683 700 2842 754 linem
2873 697 3144 752 faciemus.
3174 692 3380 748 Sufﬁcit
3405 692 3548 746 enim
3572 689 3736 743 vobis

2146 802 2202 847 ut
2233 791 2535 846 excttemini
2559 832 2572 856 ,
2606 789 2648 842 si
2680 789 3001 858 quaestiones
3049 787 3165 840 illas
3193 784 3461 838 ediscatis.
3493 781 3549 837 Si
3587 797 3724 838 vero

2141 882 2457 937 solutionem
2484 880 2817 943 desideratis,
2842 889 2896 934 et
2926 877 3055 932 illud
3085 889 3296 946 quoque
3321 875 3403 929 vel
3434 883 3726 944 antequam

2142 972 2440 1042 loquamur,
2474 973 2526 1024 in
2554 979 2730 1024 vestra
2761 971 2860 1023 erit
2892 977 3154 1038 potestate
3189 967 3371 1021 situm.
3403 965 3459 1019 Si
3490 980 3728 1034 namque

2141 1078 2235 1116 vos
2257 1063 2515 1116 excitatos
2539 1071 2593 1115 et
2614 1059 2853 1116 discendi
2877 1058 3098 1128 cupidos
3125 1057 3372 1122 viderim,
3397 1056 3724 1110 solutionem

2142 1153 2292 1205 vobis
2322 1150 2514 1206 aﬂ‘erre
2538 1151 2789 1213 tentaho;
2819 1150 2900 1202 sin
2940 1148 3233 1202 oscitantes
3261 1153 3318 1200 et
3349 1160 3452 1198 non
3486 1152 3727 1198 attentos

2143 1256 2506 1313 conspexero,
2534 1251 2588 1296 et
2613 1241 2936 1310 quaestiones
2960 1246 3014 1293 et
3039 1237 3358 1292 solutionem
3389 1235 3598 1288 illarum
3623 1248 3728 1287 oc-

2143 1334 2387 1399 cultabo,
2416 1332 2610 1387 divina:
2631 1331 2934 1399 obsequens
2964 1328 3060 1397 legi
3091 1344 3106 1382 :
3139 1326 3334 1391 Nolite,
3367 1325 3574 1394 inquit,
3603 1341 3731 1377 san-

2145 1435 2279 1476 ctum
2304 1423 2427 1476 dare
2456 1422 2683 1486 canibus,
2713 1435 2871 1490 neque
2896 1417 3174 1489 projiciatis
3204 1415 3505 1486 margaritas
3532 1423 3730 1466 uestras

2143 1525 2258 1567 ante
2277 1528 2474 1583 porcos,
2495 1528 2555 1565 ne
2583 1515 2714 1582 forte
2733 1508 3023 1562 conculcent
3044 1524 3127 1560 eas
3145 1506 3352 1575 pedibus
3378 1506 3481 1559 suis
3504 1504 3727 1572 (Matth.

2145 1605 2194 1657 7.
2229 1601 2303 1674 6).
2348 1603 2476 1669 Quis
2505 1610 2586 1656 est
2612 1610 2788 1654 autem
2830 1599 2917 1668 qui
2959 1598 3274 1652 conculcat?
3313 1594 3414 1662 Qui
3454 1597 3566 1650 haec
3617 1610 3729 1649 non

2148 1697 2377 1765 pretiosa
2405 1705 2457 1748 et
2483 1693 2686 1746 honore
2712 1691 2870 1762 digna
2891 1705 3010 1745 esse
3031 1698 3234 1743 censet.
3260 1686 3472 1757 Ecquis,
3495 1687 3730 1756 inquies,

2147 1788 2217 1841 ita
2247 1787 2409 1840 miser
2437 1793 2539 1848 est,
2571 1794 2625 1837 ut
2656 1783 2770 1837 lia-3c
2797 1797 2903 1835 non
2934 1781 3138 1834 honore
3162 1779 3340 1850 digna,
3371 1794 3468 1833 nec
3487 1778 3730 1832 omnium

2147 1877 2524 1946 pretiosissima
2555 1889 2674 1929 esse
2699 1871 2900 1927 ducat?
2929 1872 2975 1925 ls
2998 1871 3088 1939 qui
3117 1885 3222 1923 non
3248 1870 3354 1922 illis
3381 1877 3583 1922 tantum
3609 1879 3732 1921 stu-

2144 1969 2289 2024 dium
2318 1967 2558 2032 adhibet,
2608 1973 2866 2034 quantmn
2917 1961 3289 2017 meretricibus
3333 1960 3643 2015 mulieribus
3669 1960 3728 2012 in

2145 2057 2399 2113 satanicis
2429 2055 2672 2110 theatris.
2720 2054 2792 2108 lbi
2823 2053 2964 2108 enim
2995 2052 3208 2122 plurimi
3242 2059 3380 2106 totos
3406 2052 3519 2106 dies
3547 2059 3734 2105 trans-

2147 2152 2322 2223 igunt,
2377 2150 2651 2216 multaque
2696 2148 2748 2200 in
2780 2161 2838 2200 re
2867 2145 3163 2200 domestica
3207 2143 3498 2214 negligunt,
3541 2142 3610 2196 ob
3642 2143 3734 2195 in-

2147 2244 2514 2314 tempestivam
2547 2241 2688 2294 illam
2730 2238 3132 2308 occupationem
3154 2278 3169 2303 ,
3203 2236 3593 2305 diligenterque
3635 2234 3734 2288 illa

2147 2337 2403 2402 retinent,
2436 2349 2556 2405 quas
2582 2333 2776 2387 ibidem
2804 2330 3064 2395 audiunt,
3095 2330 3290 2397 illaque
3316 2329 3369 2382 in
3402 2327 3590 2381 anima:
3620 2340 3736 2379 sum

2148 2428 2437 2498 perniciem
2461 2433 2804 2480 conservant.
2836 2420 2931 2475 llic
2959 2428 3134 2474 autem
3168 2421 3284 2488 ipso
3314 2418 3426 2474 Deo
3457 2418 3732 2486 loquente,

2150 2535 2217 2574 ne
2247 2517 2525 2571 minimum
2553 2513 2768 2585 quidem
2796 2511 3054 2580 temporis
3088 2524 3310 2564 manere
3339 2509 3545 2562 volunt.
3577 2506 3736 2562 Ideo-

2149 2625 2252 2679 que
2300 2607 2434 2662 nihil
2460 2619 2747 2660 commune
2786 2603 3043 2656 habemus
3073 2615 3194 2654 cum
3235 2600 3366 2654 caelo
3399 2617 3413 2652 :
3443 2599 3536 2654 sed
3567 2597 3736 2653 verbo

2156 2711 2311 2754 tenus
2349 2699 2470 2752 vita:
2501 2696 2800 2750 institutum
2848 2701 3088 2746 nostrum
3125 2689 3415 2760 peragitur.
3459 2688 3615 2744 Certe
3641 2702 3736 2757 ge—

2153 2790 2384 2843 hennam
2414 2787 2616 2841 idcirco
2643 2787 2783 2840 Deus
2809 2783 3166 2838 comminatus
3185 2788 3290 2845 est,
3313 2794 3421 2833 non
3444 2788 3502 2833 ut
3532 2780 3582 2834 in
3611 2794 3734 2833 eam

2157 2896 2257 2934 nos
2277 2877 2572 2946 conjiciat;
2611 2879 2701 2930 sed
2725 2885 2782 2928 ut
2814 2877 2971 2930 nobis
3006 2877 3326 2943 persuadeat
3365 2879 3728 2946 perniciosam

2157 2970 2302 3029 illam
2357 2968 2695 3039 tyrannidem
2733 2970 2753 2999 ⁸
2795 2967 3000 3037 fugere.
3047 2966 3157 3023 Nos
3200 2985 3328 3023 vero
3367 2985 3397 3024 e
3449 2971 3728 3026 contrario

2155 3062 2395 3131 agimus;
2443 3060 2716 3124 audimus,
2759 3069 2816 3114 et
2855 3059 3096 3128 quOtidie
3140 3059 3204 3114 ad
3251 3061 3390 3115 viam
3434 3077 3556 3132 quae
3597 3062 3729 3116 illuc

2155 3152 2303 3206 ducit
2333 3150 2672 3210 accurrimus
2701 3167 2714 3203 :
2745 3149 2961 3218 Deoque
2995 3149 3222 3218 jubente
3258 3165 3370 3204 non
3409 3152 3586 3206 solum
3626 3169 3727 3205 au-

2155 3238 2290 3301 dire,
2313 3239 2406 3292 sed
2429 3237 2591 3291 etiam
2615 3237 2758 3291 dicta
2783 3239 3028 3307 exsequi,
3055 3252 3155 3292 nos
3197 3253 3263 3292 ne
3285 3241 3500 3308 quidem
3537 3243 3727 3298 audire

2155 3328 2506 3383 sustinemus.
2547 3326 2898 3392 Quandonam
2945 3327 3110 3396 igitur
3150 3343 3232 3394 ea,
3265 3346 3385 3398 quae
3421 3330 3679 3397 jubemur
3703 3373 3720 3398 ,

2154 3445 2372 3496 agemus
2395 3472 2409 3496 ,
2437 3443 2490 3486 et
2530 3431 2780 3503 Operibus
2827 3446 3042 3486 manum
3075 3431 3496 3500 admovebimus,
3525 3438 3739 3506 quando

2153 3537 2295 3591 mgre
2323 3533 2377 3576 et
2407 3523 2623 3592 indigne
2652 3523 2874 3578 ferimus
2905 3539 3102 3586 moras,
3140 3525 3225 3578 hic
3255 3526 3321 3580 ad
3358 3526 3732 3582 brevissimum

2156 3613 2413 3682 temporis
2438 3615 2667 3684 spatium
2699 3617 2978 3684 prolatas?
3005 3616 3161 3687 Atqui
3192 3633 3292 3672 nos
3334 3634 3456 3673 cum
3484 3620 3552 3674 de
3575 3622 3731 3676 rebus

2153 3704 2353 3759 frivolis
2379 3705 2539 3760 verba
2568 3705 2844 3774 facientes,
2875 3723 2969 3762 eos
2993 3711 3083 3778 qui
3116 3711 3390 3765 nobiscum
3419 3713 3601 3767 sedent
3627 3729 3726 3767 nor

2151 3796 2426 3852 attendere
2491 3798 2850 3866 advertimus,
2903 3800 2955 3854 id
3001 3803 3340 3856 contumeliae
3398 3803 3514 3858 loco
3568 3804 3728 3859 habe-

2152 3903 2320 3952 mus;
2374 3888 2537 3942 Deum
2594 3905 2722 3943 vero
2774 3905 2882 3943 non
2950 3900 3198 3959 putamus
3271 3908 3368 3947 nos
3419 3893 3727 3961 offendere,

2152 3980 2365 4049 quando
2409 3981 2558 4035 illum
2607 3982 2673 4036 de
2728 3983 2889 4037 tantis
2938 3983 3098 4037 rebus
3147 3985 3455 4053 loquentem
3506 3986 3729 4055 despici-

2150 4084 2271 4123 mus
2315 4071 2504 4124 etalio
2547 4071 2735 4126 oculos
2768 4072 3171 4127 convertimus?
3209 4073 3370 4130 Certe
3415 4090 3578 4130 senex
3617 4077 3728 4146 qui-

2148 4162 2229 4215 vis
2271 4177 2516 4232 magnam
2563 4177 2811 4217 emensus
2849 4172 3005 4218 terrae
3051 4173 3277 4233 partem,
3307 4166 3598 4222 stadiorum
3627 4184 3726 4222 nu-

2148 4267 2376 4316 merum,
2423 4253 2632 4308 urbium
2681 4254 2999 4323 positionem
3039 4264 3094 4309 et
3141 4254 3391 4321 formam,
3445 4268 3629 4326 portus
3666 4273 3727 4312 ac

2146 4341 2318 4397 forum
2345 4343 2753 4414 diligentissime
2781 4345 2932 4399 nobis
2951 4344 3207 4400 describit
3231 4364 3244 4400 :
3272 4358 3326 4400 at
3353 4363 3452 4401 nos
3476 4364 3542 4403 ne
3563 4363 3726 4418 quan~

2147 4443 2257 4488 tum
2285 4434 2501 4502 quidem
2535 4435 2716 4504 procul
2747 4435 2916 4490 simus
2960 4435 3029 4489 ab
3059 4437 3146 4490 illa
3176 4438 3374 4492 caelesti
3420 4439 3550 4494 urbe
3579 4440 3726 4494 novi-

2147 4538 2294 4590 mus;
2321 4524 2554 4594 alioquin
2581 4535 2759 4579 autem
2785 4526 2883 4580 vise
2904 4525 3285 4596 longitudinem
3311 4530 3553 4584 minuere
3577 4546 3726 4585 cura-

2145 4614 2427 4681 visscmus,
2455 4616 2498 4668 si
2528 4631 2718 4684 nempe
2748 4616 2893 4670 illam
2921 4616 3227 4688 distantiam
3252 4629 3576 4675 teneremus.
3610 4621 3723 4676 Non

2143 4702 2286 4761 enini
2336 4715 2538 4760 tantum
2587 4706 2864 4760 dumtaxat
2906 4722 2936 4761 a
2963 4708 3120 4762 nobis
3162 4708 3325 4762 distat
3365 4711 3557 4765 civitas
3601 4711 3720 4776 illa,

2141 4807 2400 4869 quantum
2426 4807 2508 4853 est
2537 4799 2678 4852 inter
2697 4798 2887 4851 cadum
2911 4808 2966 4852 et
2989 4809 3181 4854 terram
3216 4801 3555 4856 interstitium
3580 4820 3596 4869 ;
3622 4803 3723 4857 imo

2142 4890 2312 4944 multo
2355 4890 2542 4958 magis,
2574 4889 2618 4942 si
2650 4889 3015 4958 negligamus;
3044 4898 3104 4944 ut
3131 4906 3162 4944 e
3204 4893 3475 4945 contrario
3495 4934 3510 4959 ,
3537 4893 3581 4947 si
3611 4902 3724 4948 stu-

2139 4982 2274 5036 diosi
2298 4981 2487 5046 simus,
2518 4980 2570 5033 in
2593 4988 2865 5034 momento
2891 4982 3147 5049 temporis
3171 4981 3236 5036 ad
3259 4983 3374 5051 ejus
3391 4983 3580 5050 januas
3604 4999 3722 5052 per-

2139 5075 2322 5129 venire
2345 5071 2656 5142 poterimus.
2679 5070 2794 5126 Non
2819 5073 2962 5126 enim
2993 5073 3228 5127 locorum
3253 5074 3605 5143 longitudine,
3632 5076 3724 5130 sed

2139 5167 2378 5222 instituto
2400 5182 2605 5220 tuorum
2637 5165 2752 5220 haec
2777 5165 2944 5235 spatia
2977 5167 3243 5222 metienda
3274 5177 3418 5221 sunt.

2207 5260 2260 5313 8.
2289 5257 2368 5312 Tu
2401 5272 2526 5311 vero
2556 5257 2834 5326 praesentis
2862 5257 2985 5311 vita:
3017 5273 3103 5313 res
3132 5258 3416 5329 diligenter
3465 5260 3637 5325 nosti,
3670 5269 3720 5314 et

2136 5365 2272 5406 nova
2323 5360 2378 5405 et
2403 5351 2615 5419 antiqua
2663 5359 2715 5404 et
2752 5359 2970 5414 vetera,
3019 5349 3393 5420 principesque
3438 5365 3721 5406 numerare

2221 5686 2236 5713 ²
2271 5677 2493 5741 Quidam,
2517 5675 2918 5728 consuetudinem.
