4060 6156
377 319 445 374 ει
1533 314 1600 370 IN
1638 314 2054 370 MATTMEUM
2123 316 2346 370 IIOMIL.
2393 318 2432 371 ι.
3552 329 3624 381 9.2

369 409 511 482 μετά
560 405 760 478 πολλῆς
805 404 935 476 ἡμῖν
980 404 1209 458 ἕπεσθαι
1255 406 1352 475 τῆς
1384 406 1640 475 σπουδῆς,
1687 406 1826 459 ὥστε
1861 409 1939 469 είς

363 497 505 553 αὐτὸ
548 497 611 550 τὸ
647 497 880 564 πέλαγος
908 495 1017 548 τῶν
1061 495 1458 566 γεγραμμένων
1509 495 1798 557 εἰσελθεῖν,
1844 495 1936 548 τοῦ

363 591 612 662 Χριστου
667 587 1073 659 προηγουμένου
1129 587 1334 658 ταύτης
1385 589 1515 658 ἡμῖν
1557 590 1656 659 τῆς
1705 588 1935 640 εἰσόδου.

368 684 535 734 Ὠστε
571 682 627 734 δὲ
660 680 1059 750 εὐμαθέστερον
1091 679 1340 748 γενέσθαι
1381 679 1474 733 τὸν
1501 679 1678 748 λόγον,
1709 680 1939 750 δεόμεθα

365 773 465 826 καὶ
494 771 917 841 παρακαλοῦμεν
968 770 1123 841 (ὅπερ
1151 772 1246 824 καὶ
1271 771 1362 823 ἐπὶ
1389 770 1496 823 τῶν
1517 771 1689 825 ἄλλων
1708 769 1939 840 Γραφῶν

365 863 818 934 πεποιήκαμεν),
869 862 1273 932 προλαμϐάνειν
1326 863 1424 933 τὴν
1483 861 1786 934 περικοπὴν
1839 861 1939 931 τῆς

366 961 610 1033 Γραφῆς,
647 965 714 1032 ἢν
743 963 809 1016 ἂν
842 964 1122 1035 μέλλωμεν
1153 964 1483 1034 ἐξηγεῖσθαι,
1523 966 1610 1018 ἵνα
1639 969 1702 1037 τῇ
1735 963 1935 1035 γνῶσει

362 1053 402 1121 ἡ
451 1053 753 1120 ἀνάγνωσις
800 1054 1224 1125 προοδοποιοῦσα
1256 1051 1382 1126 ᾖδ’,
1432 1055 1460 1107 ὃ
1490 1057 1582 1108 καὶ
1618 1056 1710 1108 ἐπὶ
1735 1057 1827 1110 τοῦ
1857 1058 1930 1110 εὐ-

359 1139 559 1210 νούχου
589 1141 797 1210 γέγονε,
835 1144 930 1195 καὶ
963 1143 1160 1214 πολλὴν
1201 1145 1458 1214 παράσχῃ
1482 1144 1529 1176 ⁸ο
1561 1145 1660 1216 τὴν
1689 1147 1936 1200 εὐκολίαν

358 1228 518 1295 ἡμῖν.
553 1229 664 1282 Καὶ
697 1229 804 1300 γάρ
847 1230 916 1284 τὰ
960 1230 1267 1302 ζητούμενα
1319 1233 1487 1288 πολλά
1515 1234 1609 1286 καὶ
1639 1234 1930 1304 ἐπάλληλα.

360 1315 512 1386 Ὀρα
546 1316 677 1384 γοῦν
706 1319 906 1383 εὐθέως
945 1322 1003 1374 ἐν
1027 1321 1332 1392 προοιμίοις
1363 1319 1455 1375 τοῦ
1488 1323 1817 1391 Εὐαγγελίου
1842 1324 1936 1376 αὐ-

355 1407 480 1468 τοῦ,
539 1407 679 1461 πόσα
730 1409 794 1463 ἄν
824 1428 909 1473 τις
939 1413 1330 1483 ἐπαπορήσειε.
1365 1415 1586 1484 Πρῶτον
1619 1414 1740 1484 μὲν,
1792 1413 1932 1475 τίνος

356 1498 547 1553 ἕνεκεν
584 1501 612 1552 6
654 1502 849 1572 Ἰωσὴφ
877 1505 1296 1573 γενεαλογεῖται,
1340 1507 1440 1559 οὐκ
1467 1506 1541 1558 ὢν
1579 1506 1672 1558 τοῦ
1700 1504 1932 1576 Χριστοῦ

356 1591 509 1661 πατή
518 1608 568 1660 ρ.
594 1591 856 1663 Δεύτερον
875 1595 952 1655 δὲ,
987 1595 1150 1648 πόθεν
1181 1595 1334 1649 ἔσται
1371 1596 1526 1666 δῆλος
1552 1597 1684 1666 ἡμῖν
1709 1593 1816 1648 ἀπὸ
1839 1594 1932 1647 τοῦ

355 1682 528 1734 Δαυῒδ
564 1685 817 1752 κατάγων
844 1687 902 1738 τὸ
923 1687 1098 1755 γένος,
1117 1689 1216 1758 τῆς
1241 1689 1476 1758 Μαρίας,
1508 1689 1598 1756 ἀφ’
1628 1682 1696 1758 ἦς
1717 1685 1930 1756 ὲτέὶίθης

355 1774 473 1828 τῶν
505 1777 784 1846 προγόνων
805 1777 1182 1847 ἀγνοουμένων
1206 1796 1218 1809 ·
1251 1777 1370 1830 οὐδὲ
1404 1777 1512 1848 γὰρ
1533 1776 1930 1847 ἐγενεαλογήθη

356 1866 394 1934 ἡ
438 1867 732 1937 Παρθένος.
773 1867 988 1937 Τρίτον,
1041 1870 1182 1932 τίνος
1216 1870 1402 1922 ἕνεκεν
1433 1871 1462 1922 ὁ
1508 1871 1604 1940 μέν
1644 1868 1860 1940 Ἰωσὴφ,
1905 1871 1934 1922 ὁ

358 1958 535 2024 μηδὲν
558 1959 824 2012 συντελῶν
852 1960 988 2034 πρὸς
1013 1959 1108 2030 τὴν
1127 1961 1397 2032 γέννησιν,
1429 1961 1850 2029 γενεαλογεῖται·
1895 1962 1928 2029 ἡ

354 2045 417 2098 δὲ
453 2047 744 2118 Παρθένος,
777 2051 809 2120 ἡ
849 2051 940 2103 καὶ
972 2053 1151 2122 μήτηρ
1189 2053 1454 2121 γενομένη
1489 2093 1502 2117 ,
1548 2054 1609 2104 οὐ
1659 2052 1932 2106 δείκνυται

354 2134 522 2189 τίνων
569 2139 819 2207 πατέρων
864 2141 958 2193 καὶ
999 2141 1238 2194 πάππων
1272 2143 1366 2195 καὶ
1409 2143 1690 2213 προγόνων
1716 2142 1759 2174 ¹⁸¹
1794 2143 1927 2194 ἐστί.

356 2225 521 2276 Μετά
544 2227 748 2279 τούτων
769 2228 917 2294 ἀξιον
951 2231 1171 2284 κάκεῖνο
1213 2231 1327 2303 [14]
1359 2232 1609 2302 ζητῆσαι,
1646 2232 1697 2285 τί
1734 2232 1932 2299 δήποτε

351 2313 448 2365 διὰ
472 2315 580 2368 τῶν
611 2317 819 2387 ἀνδρῶν
847 2321 1102 2390 προάγων
1132 2323 1231 2391 τὴν
1261 2324 1633 2391 γενεαλογίαν,
1684 2321 1928 2392 ἐμνήσθη

352 2405 456 2456 καὶ
490 2407 780 2472 γυναικῶν.
812 2411 920 2461 Καὶ
958 2412 1142 2481 ἐπειδὴ
1173 2412 1330 2465 τοῦτο
1359 2413 1403 2445 δ’
1435 2412 1580 2482 αὐτῷ
1603 2391 1932 2478 ἐδοξεν,οὐδὲ

353 2495 544 2557 πάσας
573 2496 781 2551 τέθεικε
805 2499 904 2562 τὰς
947 2505 1230 2568 γυναῖκας,
1279 2503 1415 2556 ἀλλά
1461 2504 1559 2567 τὰς
1617 2504 1931 2574 εὐδοκίμους

351 2584 754 2656 παραδραμὼν,
791 2581 902 2640 οἷον
934 2590 1032 2660 τὴν
1061 2592 1297 2662 Σάρραν,
1344 2594 1442 2662 τὴν
1477 2593 1794 2656 Ῥεϐέκκαν,
1839 2592 1931 2644 καὶ

350 2673 482 2726 ὅσαι
507 2673 774 2739 τοιαῦται,
822 2677 921 2740 τὰς
959 2679 1051 2731 ἐπὶ
1106 2680 1275 2752 κακίᾳ
1332 2681 1686 2752 βεϐοημένας,
1725 2681 1930 2746 ταύτας

349 2763 440 2824 εἰς
476 2763 639 2832 μέσον
677 2767 851 2836 ῆγαγε
879 2767 1038 2838 μόνον
1059 2786 1071 2798 ·
1105 2765 1218 2824 οἷον
1249 2772 1301 2824 εῖ
1329 2789 1413 2835 τις
1441 2773 1614 2844 πόρνη
1663 2773 1755 2825 καὶ
1808 2790 1929 2842 μοι·

349 2853 534 2921 χαλὶς,
569 2852 722 2918 εἴτις
750 2857 813 2909 ἐκ
847 2859 1174 2928 παρανόμων
1197 2863 1410 2930 γάμων,
1444 2861 1603 2925 εἴτις
1637 2861 1931 2931 ἀλλόφυλος

350 2941 454 2994 καὶ
492 2941 764 3013 βάρϐαρος
791 2940 876 3014 ἦν.
912 2947 1022 2998 Καὶ
1055 2947 1162 3018 γάρ
1187 2949 1286 3018 τῆς
1313 2948 1406 3001 τοῦ
1446 2951 1664 3020 Οὐρίου,
1711 2952 1802 3004 καὶ
1829 2951 1930 3021 τῆς

349 3033 574 3104 Θάμαρ,
606 3036 694 3087 καὶ
723 3038 821 3106 τῆς
855 3037 1019 3090 Ῥαάὅ
1043 3039 1108 3104 ⁸³,
1155 3040 1246 3093 καὶ
1275 3041 1374 3108 τῆς
1416 3041 1571 3094 Ῥοὺθ
1601 3043 1930 3112 ἐμνημόνευο

353 3140 476 3176 σενο
529 3118 603 3178 ὧν
640 3128 673 3196 ἡ
709 3127 806 3196 μὲν
837 3127 1127 3199 ἀλλογενὴς
1157 3126 1246 3200 ἦν,
1284 3133 1316 3199 ἡ
1360 3132 1417 3184 δέ
1470 3132 1663 3202 πόρνη,
1699 3135 1731 3202 ή
1763 3133 1818 3186 δὲ
1852 3131 1930 3202 τῷ

352 3213 590 3283 κηδεστῇ
651 3217 1010 3289 προσεφθάρη
1045 3235 1059 3246 ⁸
1134 3220 1228 3271 καὶ
1281 3221 1400 3272 οὐδὲ
1452 3221 1628 3292 τούτῳ
1675 3221 1721 3253 ⁸⁸
1781 3223 1930 3293 νόμῳ

350 3303 559 3370 γάμου,
601 3304 736 3358 ἀλλά
775 3307 1021 3376 κλέψασα
1058 3309 1158 3379 τὴν
1211 3311 1378 3379 μίξιν,
1428 3313 1522 3366 καὶ
1575 3313 1781 3385 πόρνης
1833 3333 1930 3366 πε-

357 3392 615 3466 ριθεμένη
668 3401 1008 3468 προσωπεῖον
1059 3401 1256 3471 ἐαυτῇο
1294 3402 1390 3453 καὶ
1437 3402 1535 3470 τὴν
1581 3402 1676 3454 τοῦ
1730 3402 1930 3473 Οὐρίου

350 3498 407 3552 δὲ
441 3498 620 3560 οὐδεὶς
673 3500 860 3566 ἀγνοεῖ
907 3498 996 3550 διὰ
1051 3499 1150 3568 τὴν
1203 3499 1560 3568 περιφάνειαν
1597 3497 1688 3550 τοῦ
1720 3499 1909 3568 τολμή-

354 3606 547 3658 ματος.
614 3589 750 3640 Ἀλλ’
807 3591 955 3658 ὅμως
1016 3590 1191 3650 πάσας
1272 3589 1371 3651 τὰς
1443 3589 1607 3650 ἄλλας
1677 3589 1835 3656 ἀφεὶς
1894 3589 1924 3641 6

351 3675 765 3746 εὐαγγελιστῆς,
799 3676 998 3738 ταύτας
1026 3676 1249 3745 ἐνέθηκε
1272 3679 1338 3745 τῇ
1374 3677 1688 3746 γενεαλογίᾳ
1735 3677 1920 3746 μόνας.

350 3767 547 3820 Καίτοι
573 3770 620 3820 εί
659 3767 962 3837 μνησθῆναι
1003 3768 1277 3835 γυναικῶν
1313 3769 1439 3828 ἔδει,
1493 3767 1680 3819 πασῶν
1716 3769 1880 3838 ἐχρῆν
1905 3784 1919 3798 ·

352 3859 400 3909 εί
434 3857 496 3909 δέ
532 3857 604 3927 μὴ
629 3857 838 3920 πασῶν,
865 3857 978 3909 ἀλλ’
1000 3857 1175 3921 ἐνίων,
1195 3857 1302 3908 τῶν
1326 3860 1384 3910 ἐν
1407 3857 1598 3927 ἀρετῇ,
1629 3857 1688 3909 οὐ
1724 3857 1830 3908 τῶν
1864 3859 1922 3909 ἐν

352 3950 711 4019 ἁμαρτήμασι
771 3948 1136 4019 βεϐοημένων.
1191 3947 1373 4000 Εἴδετε
1443 3949 1615 4017 πόσης
1666 3948 1796 4017 ἡμῖν
1844 3947 1924 3999 δεῖ

352 4037 626 4108 προσοχῆς
672 4039 731 4089 ἐν
758 4040 868 4100 τοῖς
902 4036 1204 4107 προοιμίοις
1245 4036 1463 4098 εὐθέως.
1493 4036 1749 4104 Καίτοιγε
1778 4035 1924 4088 δοκεῖ

355 4127 688 4198 σαφέστερον
717 4125 853 4179 εἶναι
885 4126 991 4179 τῶν
1044 4126 1217 4179 ἀλλων
1253 4126 1315 4178 τὸ
1354 4126 1656 4196 προοίμιον,
1702 4127 1841 4196 τάχα
1866 4126 1922 4178 δέ

353 4218 569 4282 πολλοῖς
603 4219 698 4272 καὶ
729 4219 1002 4288 περισσὸν,
1035 4216 1122 4269 διά
1149 4217 1208 4269 τὸ
1232 4217 1506 4286 ὀνομάτων
1531 4211 1761 4287 ἀριθμῖιν
1784 4213 1922 4269 εῖναι

356 4309 538 4376 μόνον.
593 4308 747 4360 Μετὰ
779 4308 936 4360 τοῦτο
986 4308 1204 4360 κάκεῖνο
1260 4305 1406 4370 ἀξιον
1464 4305 1727 4375 ζητῆσαι,
1781 4303 1924 4366 τίνος

352 4397 538 4450 ἕνεκεν
561 4401 707 4466 τρεῖς
739 4397 1055 4468 παρέδραμε
1095 4396 1348 4465 βασιλεῖς.
1375 4397 1440 4449 Εἰ
1463 4397 1570 4466 γὰρ
1595 4397 1669 4457 ῶς
1721 4394 1923 4464 σφόδρα

353 4487 565 4542 ἀσεϐῶν
629 4487 980 4558 ἀπεσιώπησε
1031 4488 1129 4556 τὴν
1179 4487 1590 4557 προσηγορίαν,
1651 4485 1769 4538 οὐδέ
1815 4483 1923 4536 τῶν

351 4577 526 4630 ἄλλων
570 4576 678 4628 τῶν
719 4575 974 4628 τοιούτων
1024 4575 1327 4646 μνησθῆναι
1379 4575 1503 4627 ἔδει.
1554 4573 1665 4627 Καὶ
1689 4573 1796 4642 γάρ
1829 4571 1923 4624 καὶ

349 4668 511 4720 τοῦτο
545 4666 727 4736 ἕτερόν
757 4668 872 4718 ἐστι
905 4665 1142 4736 ζήτημα.
1173 4664 1584 4734 Δεκατέσσαρας
1617 4664 1724 4734 γὰρ
1753 4661 1920 4714 είπὼν

352 4759 568 4826 γενεάς,
593 4760 651 4810 ἐν
691 4759 756 4827 τῇ
796 4757 949 4830 τρίτῃ
988 4757 1162 4826 μερίδι
1191 4756 1282 4807 τὸν
1312 4755 1543 4823 ἀριθμὸν
1587 4754 1647 4806 οὐ
1673 4753 1918 4806 διέσωσε.

351 4850 464 4902 Καὶ
493 4849 632 4911 τίνος
661 4849 845 4901 ἕνεκεν
876 4851 903 4901 6
935 4848 1032 4918 μὲν
1056 4849 1266 4909 Λουκᾶς
1291 4847 1492 4917 ἐτέρων
1523 4845 1923 4914 ἐμνημόνευσεν

351 4937 650 5006 ὀνομάτων,
709 4938 803 4988 καὶ
836 4937 896 4988 οὐ
948 4937 1105 5006 μόνον
1157 4937 1217 4989 οὐ
1270 4936 1378 4988 τῶν
1422 4934 1603 4988 αὐτῶν
1643 4935 1919 4998 ἁπάντων,

353 5027 486 5080 ἀλλὰ
515 5027 610 5080 καὶ
644 5015 821 5095 πολλῷ
853 5026 1136 5080 πλειόνων·
1169 5028 1197 5078 ὁ
1224 5027 1279 5080 δὲ
1308 5025 1580 5088 Ματθαῖος
1601 5067 1615 5090 ,
1652 5025 1746 5078 καὶ
1769 5025 1924 5078 ἐλατ-

350 5120 518 5172 τόνων
547 5156 561 5181 ,
610 5117 704 5170 καὶ
742 5115 962 5185 ἐτέρων,
1011 5119 1251 5186 καίτοιγε
1309 5119 1388 5180 είς
1443 5117 1535 5168 τὸν
1594 5113 1789 5185 Ἰωσὴφ
1830 5117 1925 5168 καὶ

352 5210 512 5272 αὐτὸς
550 5208 902 5277 τελευτήσας,
937 5209 1015 5268 εἰς
1056 5206 1114 5258 ὃν
1163 5208 1256 5260 καὶ
1288 5207 1316 5258 ὁ
1356 5207 1566 5268 Λουκᾶς
1607 5205 1920 5275 κατέληξεν.

355 5298 468 5369 HS]
521 5298 712 5367 Ὁρᾶτε
743 5298 874 5366 ὅσης
899 5297 1202 5366 ἀγρυπνίας
1234 5299 1364 5368 ἡμῖν
1398 5297 1587 5367 χρεία,
1619 5297 1719 5349 οὐκ
1749 5297 1829 5358 είς
1865 5297 1926 5349 τὸ

355 5389 512 5443 λῦσαι
545 5391 722 5456 μόνον,
746 5388 881 5443 ἀλλά
909 5389 1004 5441 καὶ
1023 5389 1102 5450 είς
1134 5389 1195 5440 τὸ
1219 5390 1427 5458 μαθεῖν,
1453 5388 1574 5441 τίνα
1607 5387 1711 5458 χρὴ
1740 5387 1921 5441 λῦσαι.

449 5507 494 5539 ³9
523 5509 558 5581 ἦ
596 5518 800 5582 εῑῌιηοχ
829 5508 922 5582 καί
955 5515 1084 5582 αηίο
1108 5507 1308 5582 πολλήν
1337 5504 1739 5582 σπι-Αηηβεινἶ
1777 5503 1871 5582 καὶ
1908 5517 1928 5582 ς

2049 5501 2194 5582 Ἰκῐξ.
2219 5499 2278 5554 C.
2319 5577 2328 5582 Δ
2371 5499 2434 5579 ,⁸ο
2467 5502 2598 5578 παρς

957 5575 1208 5650 τοῦτο]ςί-
1237 5568 1406 5644 δήπου
1583 5575 1630 5650 ξ³
1657 5575 1748 5650 καὶ
1782 5573 1880 5650 τῆς
1919 5571 1928 5590 ¹

2049 5569 2108 5623 :6.
2134 5569 2336 5650 dpsun}
2369 5569 2422 5650 ig
2451 5568 2760 5650 omnibus.‘
2811 5568 2853 5596 ³⁵
2876 5568 2997 5650 τοῦ]

379 5648 511 5714 Περὶ
541 5643 632 5697 τοῦ
663 5646 800 5714 μετά
832 5646 1045 5715 νήψεως
1080 5632 1170 5697 κᾶὶ
1203 5632 1530 5718 προσεχείας
1555 5642 1652 5718 τῂν
1682 5632 1942 5718 ἀκρόασιν
1967 5640 2236 5718 ato-153983.:
2267 5639 2365 5706 τῆς
2394 5639 2701 5718 διηγήσεως
2733 5636 2804 5718 Α.Δ
2871 5634 2918 5718 ξς
2941 5635 3000 5718 τό
3029 5648 3139 5686 om.

1758 5702 1804 5742 ‘9
1833 5708 2138 5778 τυραννίδα]
2171 5708 2261 5761 Sic
2293 5702 2429 5778 ιιι-ιιι.
2457 5702 2743 5778 συνήθειαν
2775 5704 2836 5756 Α.
2869 5703 2930 5755 Ε.
2969 5702 3074 5778 ΛιιΖ

378 5577 616 5631 πάππων
645 5577 780 5631 Edd.

385 5713 517 5783 μόνα
555 5716 618 5767 Ε.
653 5713 1053 5783 ἐνταῦθα’βιω.
1158 5716 1202 5747 ⁵⁸
1230 5715 1347 5767 δότε
1392 5715 1451 5765 Β.
1493 5713 1552 5766 C.

2061 426 2195 480 Οὐδὲ
2219 426 2327 497 γὰρ
2353 426 2509 480 τοῦτο
2545 428 2756 498 μικρὸν,
2805 429 2866 482 τὸ
2910 431 2976 484 τὰ
3021 433 3423 506 διαπορούμενα
3465 438 3628 509 δυνη-

2062 517 2218 588 θῆναι
2262 519 2468 586 εὑρεῖν·
2517 520 2610 571 καὶ
2656 520 2763 590 γὰρ
2812 524 2905 574 καὶ
2957 525 3131 578 ἐκεῖνο
3179 527 3399 596 ἄπορον,
3443 529 3560 592 πῶς
3597 533 3626 600 ἡ

2071 604 2351 659 Ἐλισάϐετ
2391 607 2498 660 ἀπὸ
2538 608 2638 677 τῆς
2676 609 2964 680 Λευῖτικῆς
2985 613 3156 684 φυλῆς
3177 611 3329 679 οὖσα,
3363 619 3628 689 συγγενὴς

2056 691 2125 765 ἦν
2158 696 2256 765 τῆς
2286 697 2519 766 Μαρίας.

2131 785 2193 849 ζ’.
2219 786 2265 818 ’⁵⁸
2303 787 2438 839 Ἀλλ’
2459 788 2546 842 ἵνα
2570 790 2644 860 μὴ
2669 791 3070 863 καταχῶσωμεν
3093 794 3121 845 ὑ
3130 794 3246 863 μῶν
3273 795 3370 866 τὴν
3401 800 3624 870 μνήμην

2058 876 2224 930 πολλὰ
2246 879 2599 945 συνείροντες,
2619 880 2847 934 ἐνταῦθα
2863 882 3000 945 τέως
3015 884 3104 936 τὸν
3129 885 3283 953 λόγον
3313 889 3618 957 στήσωμεν.

2069 967 2252 1039 Ἀρκεῖ
2300 969 2405 1039 γάρ
2441 970 2567 1038 ὑμῖν
2601 973 2679 1033 είς
2725 972 2785 1023 τὸ
2833 972 3176 1044 διεγερθῆναι
3236 977 3330 1030 καὶ
3378 979 3437 1031 τὸ
3459 980 3506 1010 ’⁸⁸
3551 981 3618 1035 τά

2055 1056 2358 1127 ζητούμενα
2409 1059 2566 1128 μόνον
2591 1059 2633 1090 ’⁸⁷
2668 1060 2879 1130 μαθεῖν.
2934 1064 2996 1114 Εί
3034 1063 3091 1116 δὲ
3123 1065 3217 1119 καὶ
3263 1066 3364 1134 τῆς
3411 1067 3616 1132 λύσεως

2061 1139 2220 1207 ἐρᾶτε
2245 1177 2258 1200 ,
2318 1144 2410 1189 καὶ
2469 1140 2658 1192 τούτου
2695 1143 2799 1212 πρὸ
2833 1145 2942 1196 τῶν
2976 1146 3146 1212 λόγων
3189 1147 3296 1200 τῶν
3345 1147 3627 1218 ἡμετέρων

2059 1227 2216 1295 ὑμεῖς
2248 1227 2446 1297 κύριοι.
2470 1230 2566 1282 "Av
2599 1231 2696 1300 μὲν
2721 1232 2831 1301 γὰρ
2865 1235 2960 1287 ἴδω
2989 1235 3362 1306 διεγερθέντας
3387 1239 3480 1291 καὶ
3503 1241 3624 1292 ἐπι-ι

2059 1315 2358 1383 θυμοῦντας
2384 1318 2595 1387 μαθεῖν,
2631 1322 2962 1391 πειράσομαι
3000 1325 3217 1396 καὶ-τὴν
3245 1326 3395 1379 λύσιν
3425 1328 3626 1396 ἐπαγα-

2057 1406 2202 1471 γεῖνο
2237 1405 2302 1458 ἂν
2327 1406 2384 1458 δέ
2403 1410 2796 1477 χασμωμένους
2828 1413 2922 1464 καὶ
2959 1413 3033 1483 μὴ
3067 1415 3453 1486 προσέχοντας,
3482 1419 3620 1470 ἀπο-

2057 1495 2332 1565 κρύψομαι
2361 1497 2456 1548 καὶ⁹
2486 1498 2553 1549 τά
2585 1496 2871 1569 ζητήματα
2901 1502 2992 1554 καὶ
3012 1503 3106 1572 τὴν
3138 1503 3310 1567 λύσιν,
3335 1505 3461 1575 θείῳ
3477 1507 3619 1576 νόμῳ

2046 1586 2370 1656 πειθόμενος
2395 1604 2407 1616 ·
2457 1589 2554 1656 Μὴ
2599 1588 2745 1642 δῶτε
2774 1591 2820 1623 ⁸⁸
2848 1591 2978 1662 γὰρ,
3019 1595 3173 1663 φησὶ,
3223 1594 3295 1647 τὰ
3321 1595 3457 1662 ἅγια
3501 1597 3619 1663 τοῖς

2054 1677 2220 1739 κυσὶ,
2251 1677 2405 1745 μηδὲ
2423 1679 2644 1746 ρίψητε
2673 1681 2816 1746 τοὺς
2838 1687 3206 1753 μαργαρίτας
3225 1685 3391 1754 ὑμῶν
3411 1688 3625 1756 ἐμπρο-

2054 1771 2201 1822 σθεν
2230 1767 2348 1821 τῶν
2391 1772 2643 1838 χοίρων,
2691 1773 2793 1825 ἵνα
2843 1774 2929 1842 μὴ
2984 1777 3452 1843 καταπατήσωσι
3499 1779 3625 1843 τοῖς

2053 1858 2239 1912 ποσίν
2256 1859 2584 1925 αὐτῶν.Τίς
2608 1863 2664 1914 δέ
2683 1865 2870 1918 ἐστινό
2899 1869 3255 1932 καταπατῶν;
3289 1869 3346 1922 Ὀ
3371 1870 3442 1940 μὴ
3469 1871 3623 1940 τίμια

2052 1947 2223 2001 ταῦτα
2247 1949 2544 2020 ἡγούμενος
2590 1953 2682 2005 καὶ
2719 1957 2911 2023 σεμνά.
2944 1959 3056 2010 Καὶ
3084 1959 3167 2023 τίς
3200 1960 3373 2024 οὕτως
3412 1961 3615 2026 ἄθλιος,

2053 2039 2236 2108 φησὶν,
2285 2041 2359 2104 ὡς
2397 2041 2472 2112 μὴ
2525 2043 2696 2112 σεμνά
2737 2045 2912 2100 ταῦτα
2958 2048 3052 2100 καὶ
3106 2050 3321 2104 πάντων
3371 2053 3620 2121 ἡγεῖσθαι

2052 2129 2383 2201 τιμιώτερα;
2452 2133 2511 2185 Ὀ
2569 2136 2702 2205 μηδέ
2777 2137 3043 2206 τοσαύτην
3121 2142 3375 2211 παρέχων
3432 2143 3620 2207 αὐτοῖς

2056 2220 2269 2291 σχολὴν,
2305 2223 2435 2293 ὅσην
2481 2228 2598 2288 ταῖς
2630 2228 2854 2298 πόρναις
2896 2230 3139 2296 γυναιξὶν
3182 2233 3240 2284 ἐν
3269 2235 3381 2295 τοῖς
3412 2251 3621 2288 σατανι-

2052 2312 2168 2370 κοῖς
2190 2309 2456 2380 θεάτροις.
2493 2313 2642 2366 Ἐκεῖ
2696 2316 2795 2384 μὲν
2842 2319 2947 2388 γὰρ
2991 2320 3084 2371 καὶ
3134 2320 3545 2391 διημερεύουσιν
3569 2325 3619 2377 οί

2052 2399 2256 2462 πολλοὶ,
2292 2401 2386 2453 καὶ
2411 2401 2578 2454 πολλά
2606 2403 2714 2457 τῶν
2741 2407 2834 2458 ἐπὶ
2873 2408 2971 2476 τῆς
3002 2409 3177 2472 οἰκίας
3198 2411 3502 2480 προδιδόασι
3532 2413 3620 2466 διὰ

2047 2487 2145 2558 τὴν
2191 2488 2416 2559 ἄκαιρον
2468 2491 2722 2561 ἀσχολίαν
2753 2495 2975 2566 ταύτην,
3033 2500 3127 2550 καὶ
3163 2501 3298 2568 μετά
3335 2502 3617 2571 ἀκριϐείας

2049 2581 2185 2649 ὅπερ
2206 2581 2270 2633 ἂν
2299 2581 2572 2635 ἀκούσωσι
2596 2585 2902 2654 κατέχουσι,
2929 2590 3023 2641 καὶ
3043 2589 3210 2642 ταῦτα
3228 2591 3319 2643 ἐπὶ
3353 2593 3495 2665 λύμῃ
3519 2595 3618 2663 τῆς

2049 2669 2254 2722 ἐαυτῶν
2294 2671 2471 2740 ψυχῆς
2511 2674 2882 2740 φυλάττοντες.
2943 2680 3203 2734 Ἐνταῦθα
3248 2682 3304 2734 δὲ
3335 2684 3428 2736 τοῦ
3481 2685 3613 2738 Θεοῦ

2049 2757 2438 2826 φθεγγομένου,
2463 2761 2582 2814 οὐδὲ
2615 2765 2806 2834 μικρὸν
2831 2766 3110 2835 ἀνέχονται
3133 2775 3462 2840 παραμεῖναι
3490 2775 3614 2843 χρό-

2048 2864 2154 2900 νον.
2186 2849 2283 2901 Διά
2305 2866 2386 2901 τοι
2402 2850 2557 2904 τοῦτο
2571 2853 2721 2905 οὐδὲν
2749 2856 2922 2909 κοινὸν
2955 2856 3148 2927 ἔχομεν
3177 2861 3313 2930 πρὸς
3329 2863 3420 2913 τὸν
3448 2864 3611 2933 οὐρα-

2048 2941 2158 3004 νὸν,
2192 2942 2323 2994 ἀλλὰ
2360 2943 2518 3014 μέχρι
2553 2945 2810 3015 ῥημάτιον
2846 2949 3033 3020 ήμῖνή
3063 2951 3321 3006 πολιτεία.
3356 2954 3613 3022 Καίτοιγε

2047 3032 2140 3084 καὶ
2156 3032 2378 3098 γέενναν
2406 3033 2494 3085 διὰ
2511 3034 2665 3087 τοῦτο
2710 3037 3000 3106 ἠπείλησεν
3043 3043 3072 3092 6
3104 3039 3253 3103 Θεὸς,
3284 3044 3381 3112 οὐχ
3415 3044 3501 3096 ἵνα
3517 3047 3614 3113 ἐμ-

2047 3120 2208 3183 ϐάλῃ,
2238 3120 2354 3192 [16]
2380 3121 2493 3174 ἀλλ’
2543 3124 2628 3176 ἵνα
2653 3125 2812 3196 πείσῃ
2836 3130 3021 3194 φυγεῖν
3036 3127 3132 3197 τὴν
3158 3129 3396 3200 χαλεπὴν
3418 3149 3613 3202 τυραν-

2045 3213 2217 3268 νίδα⁸⁹
2250 3215 2450 3286 ταύτην
2474 3217 2540 3270 ⁵ο.
2575 3218 2765 3288 Ἡμεῖς
2792 3220 2843 3272 δὲ
2885 3221 3182 3276 τούναντίον
3213 3227 3489 3296 ποιοῦμεν,
3520 3230 3612 3282 καὶ

2045 3305 2166 3357 καθ’
2196 3307 2430 3376 έκάστην
2475 3308 2686 3378 ἡμέραν
2727 3309 2860 3380 πρὸς
2904 3312 3002 3381 τὴν
3036 3314 3151 3365 ἐκεῖ
3195 3315 3462 3384 φέρουσαν
3494 3317 3612 3370 ὁδὸν

2045 3395 2329 3465 τρέχομεν·
2359 3397 2452 3448 καὶ
2478 3397 2570 3449 τοῦ
2592 3399 2724 3450 Θεοῦ
2753 3399 3066 3464 κελεύοντος
3099 3403 3172 3474 μὴ
3197 3405 3354 3474 μόνον
3370 3407 3608 3470 ἀκούειν,

2047 3484 2181 3537 ἀλλὰ
2214 3487 2306 3537 καὶ
2337 3490 2506 3538 ποιεῖν
2555 3487 2624 3540 τὰ
2667 3489 2952 3560 λεγόμενα,
3003 3493 3122 3545 οὐδὲ
3166 3494 3394 3548 ἀκοῦσαι
3429 3498 3612 3566 ἀνεχό-

2049 3573 2206 3644 μεθα.
2244 3576 2382 3628 Πότε
2411 3572 2502 3629 οὖν
2535 3578 2831 3649 πράξομεν,
2872 3582 2994 3633 είπέ
3033 3600 3142 3652 μοι,
3173 3585 3238 3637 τὰ
3263 3585 3607 3654 κελευόμενα,

2042 3664 2252 3717 καὶτῶν
2283 3665 2456 3736 ἔργων
2483 3669 2749 3739 ἀψόμεθα,
2776 3671 2902 3724 ὅταν
2933 3672 3066 3742 μηδέ
3092 3676 3216 3737 τοὺς
3249 3675 3388 3746 ὑπὲρ
3408 3679 3610 3730 τούτων

2037 3755 2227 3822 λόγους
2274 3758 2490 3811 ἀκούειν
2543 3760 2883 3830 ἀνεχὼμεοα,
2935 3762 3069 3816 ἀλλὰ
3123 3765 3474 3834 ἀσχάλλωμεν
3517 3769 3610 3820 καὶ

2045 3844 2297 3916 ἀλύωμεν
2340 3847 2475 3918 πρὸς
2518 3846 2628 3917 τὴν
2671 3851 2903 3904 ἐνταῦθα
2949 3852 3248 3925 διατριϐὴν,
3272 3857 3449 3908 καίτοι
3480 3857 3615 3929 βρα-

2043 3937 2195 4003 χεῖαν
2231 3931 2394 3988 οὖσαν
2446 3938 2685 4009 σφόδρα;
2720 3939 2851 3993 Εἶτα
2905 3943 3063 4012 ἡμεῖς
3096 3945 3194 4013 μὲν
3225 3947 3352 4014 περὶ
3394 3946 3616 4016 ψυχρῶν

2046 4027 2411 4096 διαλεγόμενοι
2433 4033 2790 4100 πραγμάτων,
2827 4033 2891 4087 ἂν
2923 4035 3044 4097 τοὺς
3069 4036 3510 4106 συγκαθημένους
3541 4038 3615 4107 μὴ

2048 4116 2408 4186 προσέχοντας
2441 4119 2658 4189 ἴδωμεν,
2690 4119 2845 4191 ὓϐριν
2887 4123 2947 4174 τὸ
2978 4125 3210 4193 πρᾶγμά
3254 4142 3451 4194 φαμεν.
3511 4127 3614 4179 Τὸν

2046 4207 2180 4260 Θεὸν
2209 4208 2265 4260 δὲ
2299 4209 2396 4279 οὐχ
2432 4210 2712 4280 ἡγούμεθα
2741 4212 3080 4283 παροξύνειν,
3109 4215 3234 4266 ὅταν
3265 4215 3428 4267 αὐτοῦ
3490 4217 3618 4286 περὶ

2043 4296 2297 4351 τοιούτων
2343 4298 2747 4368 διαλεγομένου,
2791 4301 3298 4371 καταφρονήσαντες
3326 4301 3432 4354 τῶν
3458 4302 3616 4369 λεγοο

2047 4387 2242 4457 μένων,
2281 4388 2515 4458 ἑτέρωσε
2550 4388 2870 4460 βλέπωμεν;
2926 4391 3064 4442 Ἀλλ’
3102 4393 3130 4443 6
3161 4392 3258 4461 μὲν
3291 4392 3616 4463 γεγηρακὼς

2044 4479 2136 4530 καὶ
2185 4478 2383 4548 πολλὴν
2408 4479 2650 4532 ἐπελθὼν
2682 4483 2806 4551 γῆν,
2840 4481 2934 4535 καὶ
2979 4481 3206 4534 σταδίων
3227 4482 3477 4553 ἀριθμὸν,
3522 4483 3616 4535 καὶ

2042 4570 2251 4623 πόλεων
2275 4571 2469 4634 θέσεις,
2498 4572 2591 4624 καὶ
2625 4573 2878 4642 σχήματα
2907 4575 2999 4626 καὶ
3044 4573 3266 4643 λιμένας
3297 4574 3390 4626 καὶ
3412 4573 3616 4644 ἀγορὰς

2045 4661 2182 4732 μετά
2203 4663 2486 4734 ἀκριϐείας
2511 4665 2641 4734 ἡμῖν
2672 4665 3004 4733 ἀπαγγέλλει
3042 4666 3238 4735 πάσης·
3271 4665 3422 4718 αὐτοὶ
3448 4666 3503 4718 δὲ
3527 4666 3618 4718 οὐ·

2040 4751 2097 4804 δὲ
2122 4752 2244 4805 ὅσον
2267 4753 2541 4823 ἀπέχομεν
2573 4755 2671 4825 τῆς
2693 4757 2752 4808 ἐν
2781 4759 2893 4818 τοῖς
2918 4757 3166 4824 οὐρανοῖς
3201 4757 3403 4818 πόλεως
3438 4756 3614 4826 ἴσμενο
3661 4797 3664 4800 -

2040 4836 2076 4910 ἦ
2111 4842 2219 4911 γὰρ
2244 4842 2308 4894 ἂν
2333 4843 2426 4894 καὶ
2451 4844 2864 4914 ἐσπουδάσαμεν
2907 4845 3186 4914 ἐπιτεμεῖν
3225 4843 3283 4896 τὸ
3321 4845 3516 4912 μῆκος,
3567 4847 3616 4898 εί

2040 4935 2102 4985 τὸ
2140 4935 2412 5004 διάστημα
2457 4935 2726 5005 ἔγνωμεν.
2774 4937 2848 4988 Οὐ
2889 4936 2996 5007 γὰρ
3028 4935 3277 4988 τοσοῦτον
3309 4936 3465 5005 ἡμῶν
3508 4938 3617 5006 ἀφ-

2043 5025 2270 5094 έστηκεν
2297 5028 2329 5096 ἡ
2359 5025 2509 5087 πόλις
2539 5027 2742 5096 ἐκείνη,
2774 5027 2896 5080 ὅσον
2946 5025 3174 5096 οὐρανοῦ
3211 5028 3348 5097 πρὸς
3376 5028 3473 5097 τὴν
3512 5027 3616 5096 γῆν

2039 5114 2098 5167 τὸ
2130 5117 2312 5186 μέσον,
2367 5116 2502 5168 άλλά
2546 5117 2645 5170 καὶ
2697 5117 2874 5189 πολλῷ
2923 5118 3105 5184 πλέον,
3156 5119 3250 5172 ἐὰν
3302 5119 3610 5189 ἀμελῶμεν·

2039 5205 2230 5276 ῶσπερ
2255 5200 2347 5260 οὖν
2388 5207 2481 5260 ἐὰν
2517 5207 2925 5280 σπουδάζωμεν,
2963 5211 3056 5262 καὶ
3104 5211 3164 5262 ἐν
3209 5211 3408 5281 ἀκαρεῖ
3440 5210 3614 5279 χρόνῳ

2039 5299 2130 5351 ἐπὶ
2162 5298 2262 5362 τὰς
2290 5299 2462 5363 πύλας
2503 5301 2671 5370 αὐτῆς
2712 5301 2932 5370 ἥξομεν.
2965 5302 3038 5355 Οὐ
3063 5299 3174 5372 γὰρ
3219 5302 3382 5371 μήκει
3412 5300 3613 5361 τόπων,

2036 5387 2174 5442 ἀλλά
2202 5385 2394 5458 γνώμῃ
2429 5386 2645 5458 τρόπων
2670 5386 2738 5437 τὰ
2767 5385 3114 5455 διαστήματα
3145 5383 3317 5436 ταῦτα
3350 5382 3600 5451 ὥρισται.

2389 5499 2434 5530 ⁸ο
2467 5498 2739 5568 παράσχοι
2839 5497 2978 5550 Edd.
3061 5497 3103 5528 “
3142 5491 3448 5566 προγόνων]
3487 5497 3602 5547 ἐπι-

2391 5585 2422 5619 n
2451 5567 2729 5619 omnibus.
2811 5566 2853 5596 "‘
2886 5567 3042 5618 τοῦτο
3071 5565 3132 5619 C.
3239 5564 3282 5594 "'
3313 5563 3596 5616 ΗΘΙΚΟΝ.

2811 5578 2853 5596 ⁸⁵
2886 5583 3042 5618 τουτο
3071 5578 3132 5618 υ.
3239 5578 3282 5594 ’⁵⁵
3313 5578 3596 5616 ηυιιςυιν.

3332 5631 3376 5661 ⁸⁷
3417 5629 3599 5700 μόνονι

3175 5702 3221 5731 ⁸⁰
3253 5701 3606 5780 ξ’ρειτοεύττιν

382 5769 542 5851 ἒιιιεςο
577 5785 770 5852 legitur
796 5784 845 5836 δι
896 5779 970 5837 ὧν
992 5783 1284 5857 ἀκούομεν,
1357 5798 1477 5854 qua:
1505 5781 1670 5836 verba
1705 5769 1912 5836 desum.

2049 5783 2074 5831 ι.
2117 5769 2174 5834 C.
2227 5778 2288 5831 υ.
2319 5775 2421 5831 An.
2452 5769 2602 5830 Arni.
2638 5789 2760 5827 mox
2784 5779 2909 5840 post
2932 5771 3190 5840 ποιοῦμεν
3216 5769 3604 5825 ιιιίίίυηιάκοῠ-
3677 5847 3686 5857 ¹

385 5869 512 5919 υμεν
536 5869 723 5907 οιιιηρε
759 5864 953 5922 prcctcr
972 5853 1050 5906 ¹Λ.
1082 5853 1184 5905 An.
