4060 6156
393 237 465 291 25
1169 242 1226 300 S.
1265 243 1541 301 JOANNIS
1574 243 2046 301 CIIRYSOSTOMI
2087 242 2404 302 ARCHIEP.
2443 243 2978 303 CONSTANTINOP.
3589 247 3661 308 21,

460 355 532 421 η’.
564 350 637 406 Σὺ
658 349 712 404 δὲ
739 348 810 403 τά
835 349 932 421 μὲν
953 347 1046 402 τοῦ
1072 346 1186 418 βίου
1207 346 1506 418 πράγματα
1532 345 1668 417 μετά
1689 345 1972 418 ἀκριϐείας

391 437 562 506 οἶδας,
594 444 688 496 καὶ
719 442 786 497 τά
831 441 928 494 νέα
960 439 1136 493 καὶτὰ
1182 440 1386 510 ἀρχαῖα
1431 440 1526 493 καὶ
1565 437 1632 492 τά
1666 438 1708 471 ⁸¹
1740 436 1968 504 παλαιὰ,

396 534 491 586 καὶ
521 535 785 605 ἄρχοντας
818 531 1068 604 ἀριθμεῖν
1108 528 1350 594 δύνασαι,
1393 524 1474 593 οἷς
1503 529 1850 600 ἐστρατεύσω
1878 528 1970 582 τὸν

398 624 704 694 ἔμπροσθεν
725 623 936 692 χρόνον,
963 623 1056 673 καὶ
1078 619 1439 690 ἀγωνοθέτην,
1453 619 1547 673 καὶ
1561 619 1888 688 ἀθλοφόρους
1898 618 1964 684 ⁸³,

399 714 492 766 καὶ
512 712 872 784 στρατηγοὺς,
895 711 964 764 τὰ
990 710 1154 780 μηδέν
1179 709 1292 781 [17]
1321 727 1402 763 σοι
1433 708 1775 778 διαφέροντα”
1806 707 1891 771 τίς
1913 707 1969 761 δὲ

396 803 580 876 ἄρχων
613 804 672 854 ἐν
701 805 768 872 τῇ
807 801 960 855 πόλει
984 801 1154 871 ταύτῃ
1184 801 1424 870 γέγονεν,
1453 799 1486 868 ἢ
1519 797 1755 869 πρῶτος,
1786 797 1820 867 ἦ
1850 796 1976 850 δεύ-

396 908 573 962 τερος,
599 895 633 962 ἢ
667 890 868 960 τρίτος,
896 890 942 959 ἢν
967 891 1128 943 πόσον
1145 891 1370 951 ἕκαστος
1393 889 1598 958 χρόνον,
1639 888 1736 956 ἧτί
1767 904 1964 958 κατορ-

398 981 578 1043 θώσας
601 981 697 1034 καὶ
728 978 1260 1050 ἐργασάμενος,ούδὲ
1290 977 1423 1047 δναρ
1445 976 1784 1047 ἐφαντάσθης
1813 976 1963 1034 ποτέ.

395 1071 595 1138 Νόμων
619 1069 676 1122 δὲ
707 1068 816 1121 τῶν
845 1069 904 1121 ἐν
926 1071 992 1139 τῇ
1018 1068 1168 1120 πόλει
1191 1065 1359 1136 ταύτῃ
1377 1065 1661 1134 κειμένων,
1695 1065 1970 1120 ούδὲέτέ-

399 1177 508 1232 ρων
523 1159 789 1228 λεγόντων
819 1159 1048 1213 ἀκοῦσαι
1081 1159 1176 1212 καὶ
1204 1156 1487 1229 προσέχειν
1517 1155 1969 1226 ὑπομένεις.Πῶς

397 1249 510 1316 οῦν,
547 1251 670 1306 εἰπέ
700 1269 811 1320 μοι,
852 1252 1153 1322 προσδοκᾷς
1183 1247 1470 1315 τεύξασθαι
1499 1248 1546 1280 ⁸³
1565 1247 1674 1302 τῶν
1702 1247 1971 1318 ἐπηγγελ-

402 1340 578 1412 μένων
600 1341 838 1409 ἀγαθῶν,
865 1341 998 1412 μηδὲ
1014 1342 1122 1402 τοῖς
1149 1337 1456 1408 λεγομένοις
1477 1337 1786 1408 προσέχων;
1831 1337 1966 1390 Ἀλλ’

400 1433 449 1484 εἰ
487 1433 580 1484 καὶ
611 1432 686 1502 μὴ
725 1432 1007 1503 πρότερον,
1040 1431 1134 1483 νῦν
1175 1430 1305 1499 γοῦν
1350 1429 1508 1484 τοῦτο
1552 1431 1815 1500 ποιῶμεν.
1855 1433 1968 1484 Kal

399 1520 506 1591 γάρ
528 1523 606 1586 εἰς
631 1522 785 1574 πόλιν
809 1521 1071 1591 μέλλομεν
1096 1521 1340 1584 εἰσιέναι,
1362 1520 1454 1573 ἐὰν
1479 1520 1652 1584 ὀΘεδς
1677 1523 1968 1593 ἐπιτρέπῃ,

400 1613 626 1682 χρυσῆν,
659 1613 754 1666 καὶ
783 1611 982 1682 χρυσοῦ
1015 1611 1214 1675 παντὸς
1239 1611 1590 1683 τιμιωτέραν.
1622 1612 1969 1682 Καταμάθω-

404 1717 502 1770 μεν
553 1695 647 1752 οὖν
705 1700 875 1768 αὐτῆς
923 1699 992 1753 τὰ
1043 1699 1287 1770 θεμέλια,
1333 1699 1431 1762 τάς
1489 1699 1666 1763 πύλας
1717 1700 1817 1764 τὰς
1863 1701 1970 1754 ἀπὸ

403 1789 704 1862 σαπφείρου
751 1791 844 1843 καὶ
893 1789 1246 1861 μαργαριτῶν
1289 1791 1668 1859 συγκειμένας·
1726 1790 1820 1844 καὶ
1861 1791 1969 1863 γὰρ

403 1882 598 1953 ἔχομεν
630 1881 850 1952 ἀριστον
879 1881 1218 1952 χειραγωγὸν
1252 1881 1342 1935 τὸν
1380 1881 1678 1936 Ματθαῖον.
1714 1882 1813 1935 Διά
1862 1883 1969 1952 γὰρ

402 1974 499 2043 τῆς
549 1970 711 2026 αὐτοῦ
747 1970 920 2042 πύλης
975 1972 1184 2041 εἴσιμεν
1224 1971 1340 2037 νῦν,
1375 1972 1468 2026 καὶ
1500 1971 1580 2024 δεῖ
1613 1971 1813 2042 πολλῆς
1841 1973 1971 2042 ἡμῖν

402 2064 502 2134 τῆς
526 2061 780 2131 σπουδῆς.
816 2064 912 2115 Ἂν
945 2062 1054 2134 γὰρ
1089 2063 1172 2134 ἴδῃ
1205 2061 1330 2116 τινὰ
1383 2063 1456 2134 μὴ
1496 2064 1851 2133 προσέχοντα,
1881 2062 1974 2115 ἐκ-

408 2153 592 2207 ϐάλλει
623 2153 720 2221 τῆς
767 2152 993 2216 πόλεως.
1047 2153 1156 2206 Καὶ
1189 2155 1296 2223 γάρ
1326 2155 1442 2206 ἐστι
1484 2153 1882 2225 βασιλικωτάτη
1937 2155 1972 2225 ή

407 2245 560 2308 πόλις
588 2243 682 2296 καὶ⁵
728 2245 1049 2314 περιφανής·
1080 2243 1176 2312 οὐχ
1213 2243 1400 2312 ὥσπερ
1429 2245 1485 2295 αἰ
1535 2245 1663 2314 παρ’
1701 2245 1850 2312 ἡμῖν,
1894 2245 1974 2306 εἰς

407 2334 614 2402 ἀγορὰν
645 2332 740 2386 καὶ
783 2332 1026 2402 βασίλεια
1054 2332 1376 2404 διῃρημένη⁶
1425 2332 1563 2388 ἀλλὰ
1606 2333 1784 2386 πάντα
1817 2333 1970 2404 βασί-

408 2425 526 2477 λεια
552 2424 619 2477 τά
649 2424 785 2476 ἐκεῖ.
825 2422 1278 2492 Ἀναπετάσωμεν
1318 2422 1498 2475 τοίνυν
1531 2422 1631 2486 τάς
1680 2422 1851 2486 πύλας
1875 2423 1974 2492 τῆς

408 2515 664 2577 διανοίας,
693 2514 1122 2584 ἀναπετάσωμεν
1149 2514 1250 2583 τὴν
1283 2513 1472 2583 ἀκοὴν,
1498 2514 1593 2568 καὶ
1612 2515 1749 2582 μετά
1774 2514 1975 2585 φρίκης

410 2607 608 2676 πολλῆς
643 2605 925 2676 μέλλοντες
946 2602 1245 2656 ἐπιϐαίνειν
1275 2601 1382 2656 τῶν
1403 2601 1708 2672 προθύρων,
1739 2619 1977 2672 προσκυ-

409 2697 659 2766 νήσωμεν
710 2697 803 2749 τὸν
845 2698 903 2748 ἐν
952 2695 1090 2765 αὐτῇ
1134 2693 1376 2762 βασιλέα’
1429 2694 1520 2746 καὶ
1565 2693 1674 2764 γὰρ
1719 2693 1974 2764 εὐθέωςή

410 2785 604 2857 πρώτη
638 2784 914 2858 προσϐολή
966 2783 1313 2853 καταπλῆξαι
1365 2783 1584 2838 δύναται
1613 2785 1702 2838 τὸν
1756 2785 1975 2849 θεατήν.

2092 348 2494 421 Κεκλεισμέναι
2531 351 2628 421 μὲν
2651 350 2746 404 νῦν
2775 351 2825 384 ⁸⁸
2849 351 2985 406 εἰσιν
3007 351 3138 422 ἡμῖν
3163 351 3220 406 αἰ
3245 350 3427 405 πύλαιο
3459 352 3585 409 ὅταν
3601 357 3659 410 δὲ

2094 441 2291 510 ῖδωμεν
2313 441 2483 505 αὐτάς
2504 442 2970 508 ἀναπετασθείσας
3002 441 3179 510 (τοῦτο
3199 443 3306 514 γάρ
3333 445 3482 496 ἐστιν
3505 443 3662 514 ἡτῶν

2091 529 2418 601 ζητημάτων
2452 531 2650 603 λύσις),
2688 533 2808 586 τότε
2836 533 3082 604 ὀψόμεθα
3129 530 3328 608 πολλὴν
3359 531 3508 590 ἔνδον
3563 531 3663 599 τὴν

2090 623 2392 694 ἀστραπήν.
2428 625 2536 677 Kal
2562 626 2669 694 γάρ
2697 627 2808 687 τοῖς
2837 625 2930 677 τοῦ
2963 624 3269 694 πνεύματος
3305 625 3667 696 δδηγούμενος

2091 713 2406 784 ὀφθαλμοῖς,
2429 714 2606 767 πάντα
2621 731 2702 767 σοι
2730 713 3122 782 ἐπαγγέλλεται
3150 713 3419 768 δεικνῦναι
3443 717 3472 768 6
3493 715 3663 768 τελώ-

2091 821 2189 874 νης
2220 795 2393 868 οὗτος·
2427 803 2530 858 ποῦ
2573 805 2672 875 μὲν
2714 807 2743 858 6
2775 804 3026 873 βασιλεὺς
3047 805 3299 874 κάθηται·
3324 805 3420 859 καὶ
3436 807 3582 868 τίνες
3612 806 3664 838 ⁸⁸

2091 895 2240 965 αύτῷ
2267 895 2376 948 τῶν
2415 895 2838 966 στρατευμάτων
2856 896 3251 966 παρεστήκασιν
3279 897 3374 948 καὶ
3405 897 3505 950 ποῦ
3563 897 3661 966 μὲν

2091 982 2329 1049 ἄγγελοι,
2363 982 2466 1036 ποῦ
2493 983 2549 1036 δὲ
2577 983 2901 1054 ἀρχάγγελοι
2919 1000 2934 1014 ο
2965 985 3059 1036 καὶ
3102 985 3186 1046 τίς
3205 988 3316 1048 τοῖς
3341 986 3480 1049 νέοις
3518 987 3668 1039 τιολίο

2091 1088 2211 1133 ταις
2244 1073 2303 1124 ἐν
2328 1074 2391 1142 τῇ
2422 1071 2574 1123 πόλει
2611 1070 2782 1142 ταύτῃ
2825 1070 2942 1142 [18]
2974 1071 3138 1134 τόπος
3195 1071 3533 1142 ἀφώρισται,
3569 1074 3663 1126 καὶ

2095 1161 2222 1214 ποία
2252 1161 2286 1231 ή
2319 1161 2435 1213 ἐκεῖ
2453 1161 2695 1232 φέρουσα
2745 1160 2884 1223 ὁδός·
2941 1161 3035 1214 καὶ
3063 1161 3186 1214 τίνα
3213 1161 3402 1214 έλαϐον
3428 1161 3578 1230 λῆξιν
3613 1165 3663 1215 οἰ

2095 1250 2308 1320 πρῶτον
2330 1250 2773 1321 πολιτευσάμενοι
2796 1252 2931 1314 ἐκεῖ,
2963 1252 3120 1304 καὶοί
3144 1251 3260 1321 μετ’
3281 1253 3539 1317 ἐκείνους,
3570 1253 3665 1306 καὶ

2093 1343 2142 1392 οἱ
2178 1341 2317 1411 μετά
2358 1340 2598 1405 τούτους
2638 1341 2734 1394 καὶ
2783 1341 2883 1395 ὅσα
2929 1341 3038 1395 τῶν
3095 1342 3283 1412 δήμων
3331 1343 3554 1395 ἐκείνων
3600 1342 3669 1396 τά

2094 1431 2367 1501 τάγματα,
2401 1431 2494 1484 καὶ
2514 1433 2612 1484 ὅσα
2639 1431 2740 1500 τῆς
2779 1431 2994 1502 βουλῆς,
3018 1431 3116 1484 καὶ
3142 1432 3304 1485 πόσαι
3341 1432 3669 1502 ἀξιωμάτων

2096 1521 2365 1591 διαφοραί.
2400 1522 2492 1593 Μή
2523 1523 2702 1575 τοίνυν
2741 1524 2878 1592 μετά
2902 1521 3131 1594 θορύϐου
3165 1521 3258 1575 καὶ
3283 1523 3525 1593 ταραχῆς
3565 1523 3670 1574 εἰσ-

2098 1609 2286 1681 ἰωμεν,
2324 1611 2460 1664 ἀλλά
2502 1612 2640 1682 μετά
2676 1614 2831 1682 σιγῆς
2862 1613 3144 1684 μυστικῆς.
3179 1613 3242 1665 Εἰ
3273 1610 3383 1681 γάρ
3412 1611 3504 1663 ἐπὶ
3541 1609 3668 1664 θεά-

2097 1719 2224 1773 τρου
2256 1705 2410 1774 σιγῆς
2442 1703 2641 1776 πολλῆς
2669 1703 2984 1774 γενομένης,
3015 1705 3134 1757 τότε
3165 1703 3232 1757 τά
3271 1702 3365 1756 τοῦ
3409 1701 3669 1772 βασιλέως

2095 1789 2526 1857 ἀναγινώσκεται
2547 1791 2870 1861 γράμματα,
2892 1790 3068 1860 πολλῷ
3105 1791 3304 1860 μᾶλλον
3331 1790 3423 1842 ἐπὶ
3451 1789 3548 1856 τῆς
3571 1788 3659 1842 πό-

2100 1878 2232 1941 λεως
2263 1878 2466 1948 ταύτης
2497 1879 2740 1943 ἅπαντας
2766 1881 2847 1934 δεῖ
2871 1880 3252 1944 κατεστάλθαι,
3270 1881 3364 1933 καὶ
3395 1879 3583 1950 ὀρθαῖς
3613 1879 3660 1911 ⁸⁸

2098 1971 2215 2031 ταῖς
2233 1968 2429 2038 ψυχαῖς
2460 1971 2554 2022 καὶ
2567 1971 2684 2034 ταῖς
2703 1970 2892 2032 ἀκοαῖς
2917 1970 3156 2024 ἑστάναι.
3187 1970 3262 2022 Οὐ
3283 1968 3389 2040 γάρ
3418 1969 3661 2036 ἐπιγείου

2097 2059 2260 2125 τινὸς,
2299 2059 2435 2114 ἀλλά
2449 2059 2542 2112 τοῦ
2563 2058 2670 2112 τῶν
2692 2059 2938 2128 ἀγγέλων
2966 2059 3236 2112 Δεσπότου
3263 2060 3334 2112 τά
3362 2058 3660 2130 γράμματα

2095 2147 2562 2218 ἀναγινώσκεσθαι
2598 2148 2800 2220 μέλλει.
2844 2150 2940 2202 Ἂν
2993 2147 3163 2211 οὕτως
3198 2149 3422 2211 ἑαυτοὺς
3464 2146 3660 2218 ῥυθμί-

2096 2256 2298 2308 σωμεν,
2331 2241 2426 2293 καὶ
2463 2239 2602 2310 αὐτὴ
2652 2238 2745 2293 τοῦ
2785 2239 3102 2310 Πνεύματος
3143 2241 3177 2310 ἡ
3209 2239 3365 2310 χάρις
3409 2238 3662 2308 ὁδηγήσει

2095 2331 2232 2402 μετά
2263 2321 2461 2400 πολλῆς
2489 2331 2771 2402 ἀκριϐείας
2791 2331 2959 2404 ἡμᾶς,
2983 2331 3076 2384 καὶ
3107 2329 3242 2402 πρὸς
3267 2328 3428 2382 αὐτὸν
3462 2325 3662 2398 ἥξομεν

2090 2423 2182 2476 τὸν
2217 2423 2406 2493 θρόνον
2431 2425 2523 2477 τὸν
2574 2424 2870 2493 βασιλικὸν,
2905 2423 2999 2478 καλ⁸
3032 2417 3661 2490 πάντωνῒπιτευξόμεθα

2096 2517 2204 2572 τῶν
2260 2517 2500 2585 ἀγαθῶν,
2533 2517 2716 2588 χάριτι
2769 2515 2863 2568 καὶ
2903 2513 3278 2584 φιλανθρωπία
3320 2511 3412 2565 τοῦ
3454 2509 3661 2580 Κυρίου

2096 2609 2253 2680 ἡμῶν
2299 2607 2474 2680 Ἰησοῦ
2505 2607 2762 2680 Χριστοῦ,
2788 2600 2834 2675 ᾧ
2865 2609 2899 2678 ή
2931 2605 3056 2670 δόξα
3087 2605 3182 2659 καὶ
3208 2605 3269 2658 τὸ
3295 2602 3515 2673 κράτος,
3545 2601 3661 2671 ἅμα

2094 2699 2172 2768 τῷ
2193 2700 2367 2770 Πατρὶ
2382 2700 2476 2752 καὶ
2492 2697 2569 2769 τῷ
2607 2697 2745 2768 ἀγίῳ
2769 2695 3063 2766 Πνεύματι,
3089 2693 3183 2748 νῦν
3212 2693 3305 2746 καὶ
3333 2690 3421 2750 ἀεὶ
3457 2689 3552 2743 καὶ
3573 2689 3656 2750 εἰς

2097 2791 2220 2853 τοὺς
2244 2791 2445 2855 αἰῶνας
2469 2790 2579 2844 τῶν
2605 2789 2836 2843 αἰώνων.
2869 2787 3060 2857 Ἀμήν.

486 2914 530 2945 ⁸⁸
559 2915 628 2987 τά
659 2929 769 2987 qm.
920 2913 985 2987 _"
1011 2912 1366 2987 ἀθλοφόρους]
1403 2915 1765 2987 θαλλοφόρους
1790 2917 1851 2973 Β.
1878 2919 1942 2973 C.
1971 2919 1981 2973 1

2109 2921 2158 2954 ⁸³
2185 2919 2472 2984 τεύξεσθαι
2507 2920 2572 2976 Ε.
2600 2926 2655 2972 et
2677 2931 2824 2987 corr.
2845 2912 3054 2987 _C._D.__
3098 2910 3144 2942 "
3182 2907 3281 2980 μέν
3307 2922 3420 2987 (ξ-ῐη.
3452 2907 3519 2963 Δ.
3547 2903 3646 2961 νῦν

419 2997 528 3038 om.
560 2983 619 3036 B.
661 2983 724 3038 C.
799 2983 846 3016 ⁸³
879 2982 1000 3036 τίνα
1033 2976 1170 3038 ΕιΙιΙζ
1199 2976 1393 3053 ρτωιὲι·
1422 2976 1714 3042 Μοτ.’Μὀχ
1746 2976 1980 3058 στρατευ

2102 3007 2190 3044 νων
2213 2976 2359 3045 ροιῖτ.
2388 2990 2450 3045 C.
2526 2989 2573 3021 ⁸⁸
2607 2986 2802 3058 ὀρθούς
2828 2985 2893 3037 Α.
2927 2983 2988 3036 Β.
3022 2981 3086 3034 ι).
3120 2976 3287 3049 el'pr.
3319 2976 3384 3032 C.

440 3144 764 3154 _..————_

1867 3244 2106 3299 OMIAIA
2145 3245 2216 3299 B'.

421 3385 639 3449 Βίϐλος
687 3376 977 3450 γενέσεως
1030 3370 1256 3450 fama?
1290 3366 1568 3450 Χριστοῦ,
1618 3361 1751 3418 υίοῦ
1794 3363 1993 3428 Δαυῒδ,

981 3443 1117 3499 υἱοῦ
1163 3441 1432 3509 Ἀϐραάμ.

491 3560 564 3616 α’.
593 3557 741 3629 ’Δρα
779 3555 1054 3626 μέμνησθε
1086 3556 1185 3622 τῆς
1221 3547 1609 3620 παραγγελίας,
1649 3546 1714 3615 ἢν
1735 3544 1780 3576 ⁸⁷
1808 3540 1997 3612 πρώην

427 3647 804 3720 ἐποιησάμεθα
829 3646 964 3717 πρὸς
991 3645 1156 3714 ὑμᾶς,
1189 3640 1631 3712 παρακαλοῦντες
1672 3634 1809 3704 μετὰ
1839 3633 1997 3702 σιγῆς

427 3742 646 3809 ἀπάσης
678 3738 774 3790 καὶ
821 3733 1087 3804 μυστικῆς
1117 3731 1346 3802 ἡσυχίας
1386 3727 1602 3782 ἀκούειν
1624 3725 1732 3778 τῶν
1767 3723 1997 3793 λεγομέε-

427 3848 535 3887 νων
571 3829 844 3891 ἁπάντων;
863 3824 973 3878 Kal
1001 3824 1109 3895 γάρ
1143 3822 1188 3853 ³⁸
1209 3820 1470 3892 μέλλομεν
1499 3817 1608 3870 τῶν
1635 3815 1794 3887 ἱερῶν
1829 3815 1894 3884 σή
1905 3830 2000 3884 με-

431 3938 524 3994 ρον
560 3919 859 3972 ἐπιϐαίνειν
891 3913 1178 3986 προθύρων
1199 3925 1212 3940 ⁸
1249 3910 1328 3964 διὸ
1356 3909 1451 3962 καὶ
1490 3907 1588 3978 τῆς
1624 3903 1996 3976 παραγγελίας

430 4010 728 4080 ἀνέμνησα.
758 4008 823 4062 Εἰ
845 4006 954 4078 γὰρ
1003 4004 1246 4058 Ἰουδαῖοι
1268 3999 1589 4070 κεκαυμένῳ
1607 3997 1743 4066 δρει,
1771 3996 1864 4048 καὶ
1892 4011 1995 4048 πυ-

433 4100 509 4174 pl.
539 4102 634 4154 καὶ
662 4100 866 4169 γνόφῳ,
889 4098 982 4150 καὶ
1020 4096 1212 4165 σκότῳ,
1246 4093 1338 4146 καὶ
1359 4089 1550 4161 θυέλλῃ
1581 4087 1858 4158 προσιέναι
1881 4082 1996 4155 [19]

436 4191 737 4265 μέλλοντες,
774 4191 972 4260 μᾶλλον
995 4189 1051 4241 δέ
1075 4187 1194 4240 οὕδέ
1224 4183 1523 4255 προσιέναι,
1552 4179 1688 4234 ἀλλά
1717 4175 1998 4249 πόρρωθεν

431 4283 603 4335 ταῦτα
631 4281 726 4333 καὶ
759 4281 892 4348 όρᾷν
939 4277 1032 4330 καὶ
1056 4274 1294 4333 ἀκούειν,
1318 4271 1424 4341 πρὸ
1445 4269 1608 4342 τριῶν
1624 4266 1842 4338 ἡμερῶν
1877 4265 2000 4317 ὲκε-

433 4371 649 4424 λτύοντο
660 4368 911 4438 γυναικὸς
931 4363 1248 4434 ἀπέχεσθαι,
1266 4359 1435 4415 καλ.τά
1453 4359 1640 4429 ἱμάτια
1669 4353 1994 4416 ἀποπλῦναι,

435 4463 528 4515 καὶ
565 4463 621 4514 ἐν
643 4460 829 4531 τρόμῳ
873 4453 1013 4527 ἦσαν
1038 4455 1131 4507 καὶ
1177 4453 1345 4522 φόϐῳ,
1397 4449 1492 4503 καὶ
1525 4447 1699 4512 αὐτοὶ,
1738 4446 1830 4498 καὶ
1880 4443 1996 4513 μετ’

433 4553 655 4606 ἐκείνων
683 4549 941 4618 Μωῦσῆς·
979 4544 1160 4615 πολλῷ
1201 4542 1400 4614 μᾶλλον
1419 4541 1566 4610 ἡμᾶς
1586 4538 1841 4591 τοιούτων
1867 4533 1997 4606 μέλ-

432 4642 622 4706 λοντας
670 4637 998 4694 ἀκούσεσθαι
1025 4637 1070 4670 ⁸⁸
1131 4635 1326 4702 λόγων,
1361 4633 1456 4686 καὶ
1500 4631 1561 4683 οὐ
1604 4629 1792 4698 πόρρω
1837 4627 1996 4693 ὅρους

429 4723 649 4776 ἑστάναι
683 4718 1098 4790 καπνιζομένου,
1158 4715 1272 4769 ἀλλ’
1320 4715 1398 4778 εἰς
1445 4713 1606 4767 αὐτὸν
1635 4714 1857 4768 εἰσιέναι
1899 4715 1990 4768 τὸν

427 4813 678 4883 οὐρανὸν,
724 4811 943 4863 πλείονα
963 4809 1069 4880 χρὴ
1103 4804 1500 4859 ἐπιδείκνυσθαι
1529 4803 1862 4873 φιλοσοφίαν,
1892 4807 1992 4876 οὐχ

432 4904 625 4972 ἱμάτια
653 4900 1079 4963 άποπλύνοντας,
1113 4896 1249 4950 ἀλλὰ
1293 4895 1392 4964 τὴν
1438 4895 1627 4966 στολὴν
1670 4895 1771 4964 τῆς
1816 4895 1992 4968 ψυχῆς

427 4995 865 5066 ἀποσμήχοντας,
901 4991 995 5044 καὶ
1049 4989 1226 5058 πάσης
1275 4987 1533 5058 βιωτικῆς
1583 4987 1992 5058 ἀπαλλαττομέ-

427 5103 552 5149 νους
583 5085 801 5155 μίξεως.
853 5082 930 5135 Οὐ
967 5081 1076 5152 γὰρ
1103 5079 1300 5148 γνόφον
1330 5077 1543 5147 δψεσθε,
1582 5079 1703 5132 ούδέ
1763 5079 1991 5144 καπνὸν,

427 5177 548 5231 οὐδὲ
581 5175 827 5228 θύελλαν·
863 5172 976 5226 ἀλλ’
1007 5171 1168 5225 αὑτὸν
1193 5169 1285 5224 τὸν
1307 5169 1538 5222 Βασιλέα
1568 5170 1876 5240 καθήμενον
1901 5169 1993 5224 ἐπὶ

427 5268 520 5322 τοῦ
552 5266 742 5337 θρόνου
768 5265 868 5336 τῆς
909 5264 1217 5334 ἀπορρήτου
1255 5259 1409 5328 δόξης
1443 5259 1674 5331 ἐκείνης,
1709 5261 1801 5314 καὶ
1829 5261 1994 5329 ἀγγέ-

425 5357 550 5419 λους
606 5355 696 5408 καὶ
743 5351 1115 5425 ἀρχαγγέλους
1146 5349 1493 5422 παρεστῶτας
1520 5349 1688 5416 αὐτῷ,
1729 5350 1824 5402 καὶ
1867 5351 1993 5413 τοὺς

424 5445 630 5515 δήμους
651 5443 760 5496 τῶν
783 5443 951 5510 ἀγίων
976 5442 1113 5512 μετὰ
1143 5441 1251 5493 τῶν
1287 5440 1527 5512 ἀπείρων
1555 5440 1826 5512 μυριάδων
1848 5439 1988 5492 ἐκεί-

424 5554 552 5590 νων.
583 5536 816 5607 Τοιαύτη
839 5534 1003 5605 γάρή
1039 5531 1132 5588 τοῦ
1156 5532 1288 5586 Θεοῦ
1323 5533 1496 5598 πόλις,
1527 5537 1625 5604 τήν
1672 5530 1990 5601 Ἐκκλησίαν

426 5627 622 5696 ἔχουσα
653 5627 761 5679 τῶν
800 5626 1177 5695 πρωτοτόκων,
1202 5625 1271 5679 τά
1311 5625 1587 5694 πνεύματα
1615 5621 1721 5677 τῶν
1747 5622 1988 5690 δικαίων,

515 5757 563 5845 τ’
598 5757 664 5845 ις
699 5759 772 5845 λι.
1038 5760 1172 5845 κάρ]
1318 5761 1642 5845 mnam.
1899 5761 2034 5845 H19-

2108 3358 2208 3450 τῆν
2227 3361 2457 3450 ῌπανήγυ
2463 3381 2548 3434 ριν
2573 3367 2681 3421 τῶν
2704 3368 2973 3436 ἀγγέλων,
3002 3370 3064 3424 τὸ
3081 3366 3218 3444 αἷμα
3242 3373 3335 3428 τοῦ
3352 3376 3671 3450 ῥαντισμοῦ,

2105 3449 2170 3501 δι’
2197 3442 2258 3502 οῦ
2288 3452 2355 3503 τά
2379 3453 2553 3505 πάντα
2585 3457 2850 3527 συνήφθη,
2874 3462 2968 3514 καὶ
2991 3465 3020 3515 6
3047 3463 3091 3495 ⁶⁰
3126 3442 3361 3535 οὐρανὸς⁷
3377 3442 3590 3535 ἐδέξατο
3607 3442 3676 3526 τά

2104 3538 2212 3628 ἀπδ
2235 3540 2340 3608 γῆς
2372 3541 2440 3603 ⁸³,
2468 3543 2561 3594 καὶ
2583 3543 2656 3613 γῆ
2684 3546 2750 3598 τά
2773 3548 2881 3600 ἀπὸ
2917 3550 3010 3602 τοῦ
3033 3551 3285 3622 ούρανοῦ,
3317 3558 3412 3611 καὶ
3437 3562 3470 3628 ή
3505 3561 3672 3616 πάλαι

2109 3626 2416 3722 ποθούμένη
2438 3631 2532 3722 καὶ
2563 3631 2812 3722 ἀγγέλοις
2833 3639 2924 3690 καὶ
2949 3640 3121 3706 ἀγίοις
3147 3626 3514 3714 παραγέγονεν
3529 3651 3674 3722 εἰρή-

2112 3731 2205 3809 νη.Δ
2233 3713 2322 3767 Ἐν
2352 3717 2520 3809 ταύτῃ
2543 3721 2602 3773 τὸ
2629 3724 2884 3792 τρόπαιον
2915 3728 3043 3800 ἔστη
3075 3730 3167 3784 τοῦ
3199 3713 3432 3801 σταυροῦ
3461 3736 3522 3790 τὸ
3539 3713 3681 3809 λὰμὶ.

2114 3805 2251 3898 πρδν
2301 3808 2396 3861 καὶ
2449 3815 2763 3881 περιφανὲς,
2815 3818 2885 3871 τὰ
2935 3819 3149 3893 λάφυρα
3186 3823 3280 3877 τοῦ
3316 3805 3684 3897 Χριστοῦ,τά
3729 3894 3734 3898 ι

2111 3897 2392 3966 ἀκροθίνια
2445 3901 2545 3970 τῆς
2576 3904 2790 3971 φύσεως
2830 3913 2928 3981 τῆς
2955 3913 3245 3984 ἡμετέρας,
3288 3915 3360 3969 τά
3391 3919 3562 3972 σκῦλα
3587 3921 3682 3973 τοῦ

2111 3987 2382 4079 Βασιλέως
2413 3993 2593 4062 ήμῶνο
2627 3997 2798 4050 ταῦτα
2824 3999 2932 4071 γάρ
2976 4002 3190 4058 ἅπαντα
3218 4007 3326 4060 ἀπὸ
3358 4010 3468 4062 τῶν
3507 4011 3685 4079 Εὐαγ-

2111 4073 2304 4169 γελίων
2331 4079 2585 4150 εἰσόμεθα
2608 4086 2746 4153 μετά
2765 4088 3065 4160 ἀκριϐείας.
3085 4093 3202 4147 Κᾶν
3228 4095 3524 4168 ἀκολουθῇς
3548 4073 3682 4169 μετὰ

2111 4164 2339 4236 ἡσυχίας
2364 4169 2463 4240 τῆς
2487 4175 2887 4248 προσηκούσης,
2927 4181 3267 4254 δυνησόμεθά
3313 4203 3371 4238 σε
3414 4164 3683 4257 περιαγα-

2112 4257 2227 4322 γεῖν
2268 4261 2564 4330 πανταχοῦ,
2617 4267 2711 4318 καὶ
2756 4267 2946 4334 δεῖξαι,
3000 4271 3102 4324 ποῦ
3141 4274 3239 4342 μὲν
3269 4276 3298 4325 6
3328 4274 3554 4340 θάνατος
3592 4279 3685 4331 ἀν-

2116 4345 2570 4437 εσκολοπισμένος
2595 4359 2792 4410 κεῖται·
2815 4359 2920 4411 ποῦ
2947 4361 3003 4414 δὲ
3025 4363 3057 4432 ἡ
3079 4364 3318 4434 ἁμαρτία
3337 4367 3680 4437 κρεμαμένη·

2115 4431 2217 4484 ποῦ
2247 4433 2304 4487 δὲ
2327 4435 2395 4490 τὰ
2415 4439 2584 4493 πολλὰ
2605 4444 2700 4496 καὶ
2739 4447 3015 4517 παράδοξα
3182 4431 3274 4505 τοῦ
3307 4431 3540 4523 πολέμου
3563 4431 3686 4508 τού-

2113 4537 2229 4615 του,
2390 4527 2434 4558 ⁶²
2481 4531 2582 4599 τῆς
2629 4534 2809 4604 μάχης
2833 4539 3036 4610 ταύτης
3065 4541 3386 4613 ἀναθήματα
3428 4545 3494 4597 ⁸³.
3525 4546 3686 4615 Ὄψει

2113 4614 2208 4665 καὶ
2245 4614 2338 4668 τὸν
2367 4617 2627 4688 τύραννον
2659 4627 2888 4680 ἐνταῦθα
2917 4630 3214 4702 δεδεμένον,
3259 4635 3352 4687 καὶ
3382 4636 3490 4688 τῶν
3518 4614 3683 4706 αἰχμ-

2109 4702 2332 4798 αλώτων
2360 4709 2422 4762 τὸ
2454 4710 2654 4782 πλῆθος
2684 4717 2967 4787 ἑπόμενον,
2992 4723 3086 4775 καὶ
3119 4723 3216 4795 τὴν
3241 4726 3560 4798 ἀκρόπολιν,
3579 4702 3686 4797 ⁷ἀφ’

2108 4787 2175 4892 ᾖς
2201 4797 2229 4849 ὃ
2262 4802 2457 4892 μιαρὸς
2487 4805 2693 4877 δαίμων
2721 4813 2925 4876 ἐκεῖνος
2977 4787 3193 4870 ᾶπαντα
3245 4787 3556 4892 κατέδραμε⁷
3593 4787 3684 4875 τόν

2109 4884 2417 4958 ἔμπροσθεν
2448 4894 2656 4963 χρόνον·
2688 4898 2808 4967 ὄψει
2863 4902 2952 4954 τοῦ
2987 4903 3183 4977 λῃστοῦ
3226 4907 3320 4972 τὰς
3364 4884 3684 4971 καταδύσεις

2108 4977 2204 5031 καὶ
2257 4980 2323 5034 τὰ
2356 4984 2613 5055 σπήλαια,
2665 4990 2998 5060 διερρωγότα
3041 4995 3227 5051 λοιπὸν
3277 4996 3392 5069 [‘20]
3420 5000 3508 5051 καὶ
3546 5000 3680 5052 ἀνα-

2107 5073 2452 5142 πεπταμένα·
2471 5077 2564 5130 καὶ
2589 5079 2697 5151 γὰρ
2717 5083 2809 5134 καὶ
2841 5083 2958 5136 ἐκεῖ
2994 5089 3322 5158 παρεγένετο
3349 5091 3378 5140 ό
3395 5089 3677 5153 Βασιλεύς.

2120 5158 2278 5214 Ἀλλά
2308 5163 2381 5233 μὴ
2409 5164 2724 5240 ἀποκάμῃς,
2775 5171 3045 5244 ἀγαπητέ·
3091 5177 3212 5230 οὐδὲ
3238 5177 3346 5247 γὰρ
3373 5179 3420 5228 εἰ
3445 5177 3680 5247 πόλεμόν

2109 5265 2190 5340 τις
2211 5251 2464 5340 αἰσθητὸν
2492 5255 2752 5326 διηγεῖτο,
2789 5265 2883 5317 καὶ
2910 5267 3166 5336 τρόπαια,
3197 5268 3290 5320 καὶ
3311 5267 3486 5331 νίκας,
3519 5271 3680 5340 δόρον

2107 5338 2296 5404 ἔλαϐες
2324 5343 2389 5396 ἄν
2407 5344 2453 5376 ⁸⁸
2473 5361 2488 5375 °
2529 5347 2646 5399 ἀλλ’
2666 5350 2787 5403 ούδέ
2818 5354 2984 5408 σιτίον
3008 5355 3126 5408 οὐδὲ
3157 5355 3316 5408 ποτὸν
3350 5357 3456 5418 πρὸ
3479 5338 3681 5430 ταύτης

2108 5430 2174 5484 ἂν
2198 5433 2320 5488 ἔθου
2343 5437 2443 5506 τῆς
2471 5439 2728 5512 ἱστορίας.
2771 5446 2834 5498 Εἰ
2867 5447 2922 5499 δὲ
2957 5448 3136 5518 ἐκείνη
3178 5448 3383 5518 ποθητὶ·
3427 5451 3680 5524 ἠδιήγη-

2111 5536 2212 5588 σις,
2240 5524 2419 5595 πολ)ιῷ
2447 5529 2647 5599 μᾶλλον
2667 5533 2826 5605 αῦτη.
2877 5538 3157 5608 Ἐννόησον
3184 5541 3293 5608 γὰρ
3315 5539 3500 5610 ἡλίκον
3533 5543 3679 5596 ἐστὶν

2108 5612 2357 5684 ἀκοῦσαι,
2387 5620 2503 5684 πῶς
2535 5623 2635 5693 μὲν
2687 5627 2751 5679 ἐκ
2784 5625 2891 5679 τῶν
2929 5629 3172 5702 οὐρανῶν
3215 5632 3307 5685 καὶ
3345 5630 3451 5685 τῶν
3473 5631 3680 5700 θρόνων

2131 5763 2420 5838 ⁸³-ἀκούειν
2453 5759 2586 5814 Ε‹Ι‹1.
2665 5762 2714 5838 ‘°_
2737 5761 2766 5811 ὁ
2796 5761 2996 5838 NII-“Co
3026 5761 3118 5838 D-_
3187 5764 3361 5838 ξ’,ἳῆς
3399 5765 3501 5838 γῆς
3531 5764 3669 5823 Edd-

444 5825 487 5860 “
519 5825 651 5902 ἀπό]
678 5828 772 5882 καί
797 5828 862 5884 Α.
901 5829 960 5895 Ε.
1038 5825 1080 5864 ⁶³
1113 5825 1294 5906 ἄναθ]
1320 5825 1576 5888 ἐῐάναθ.
1613 5832 1676 5886 Α.
1724 5832 1785 5887 C.
1818 5831 1882 5886 Ε.
1960 5831 2002 5863 ⁸⁵
2032 5831 2332 5902 ἐλάμϐανες
2355 5841 2408 5886 cl
2447 5845 2571 5884 mox
2607 5829 2789 5882 σιτίων
2824 5830 2942 5882 οὐδὲ
2982 5831 3158 5885 ποτῶν
3187 5831 3319 5887 Edd.
