4060 6156
201 279 278 336 23
1359 279 1426 334 IN
1465 278 1888 337 M-ATTHiEUM
1919 279 2156 338 HOMIL.
2219 280 2285 336 ll.
3421 301 3492 359 Si

212 400 390 461 potes,
406 390 507 448 sub
525 390 719 463 quibus
739 393 1009 463 prteterito
1038 401 1276 464 tempore
1301 396 1541 451 militasti
1571 417 1586 453 :
1612 399 1803 452 ctiam-

208 499 320 554 que
339 483 739 556 agonethetam,
771 499 1090 539 coronarum
1119 485 1517 552 distributores,
1540 497 1594 542 et
1613 488 1798 554 duces,

209 589 334 646 qua:
363 590 452 630 res
482 573 615 628 nihil
648 574 739 629 tibi
775 574 1029 644 prodesse
1055 576 1252 630 valent.
1284 577 1413 644 Quis
1441 594 1570 633 vero
1595 578 1700 631 dux
1733 578 1802 632 sit

206 665 264 719 iu
292 665 392 720 hac
417 664 484 719 de
509 679 610 734 qua
634 663 902 734 loquimur
921 665 1154 732 civitate,
1180 667 1300 736 quis
1322 667 1544 734 primus.
1569 669 1688 737 quis
1714 682 1800 722 se-

202 751 434 816 cundus,
461 751 582 820 quis
606 752 814 817 tertius,
846 753 930 808 vel
951 763 1148 823 quanto
1168 757 1390 826 quisque
1412 767 1652 829 tempore
1677 775 1790 816 me-

205 844 395 910 ruerit,
438 843 632 912 quidve
676 845 934 912 praeclare
976 848 1223 916 gesserit,
1268 865 1338 904 ne
1382 865 1476 920 per
1521 853 1787 907 somnium

205 935 425 1003 quidem
455 935 722 1004 cogitasti.
755 936 827 989 De
861 936 1071 1006 legibus
1113 953 1244 992 vero
1282 937 1440 1009 hujus
1464 943 1693 998 civitatis
1723 960 1790 1000 ne

203 1029 344 1083 alios
386 1029 600 1098 quidem
650 1029 926 1099 loquentes
975 1031 1208 1086 sustines
1254 1033 1462 1089 audire.
1510 1035 1790 1104 Quomodo

202 1121 390 1192 igitur,
438 1121 524 1175 die
569 1120 721 1184 mihi,
768 1122 1031 1191 promissa
1073 1121 1216 1177 bona
1247 1131 1300 1177 te
1335 1137 1790 1194 eonsequuturum

202 1227 413 1281 speras,
445 1213 534 1281 qui
567 1227 666 1265 nec
690 1212 848 1267 dictis
892 1211 958 1266 ad
987 1212 1072 1266 illa
1100 1215 1463 1281 spectantibus
1507 1218 1794 1273 attendas?

205 1301 408 1356 Verum
436 1302 481 1355 si
528 1302 579 1354 id
610 1316 715 1355 non
743 1311 891 1370 ante,
915 1302 1263 1370 praetitimus
1284 1345 1298 1369 ,
1330 1305 1411 1358 vel
1443 1321 1584 1360 nunc
1617 1307 1792 1363 facere

204 1409 476 1449 curemus.
507 1393 720 1448 Etenim
750 1395 792 1449 si
819 1393 959 1449 Deus
992 1393 1041 1448 id
1069 1396 1426 1462 concesserit,
1458 1397 1645 1452 urbem
1673 1399 1791 1454 adi-

209 1484 315 1538 turi
363 1498 551 1538 sumus
598 1498 846 1549 auream,
877 1492 932 1538 et
975 1484 1165 1551 quovis
1213 1498 1346 1538 auro
1396 1487 1788 1554 pretiosiorem.

207 1577 337 1646 Ejus
365 1591 492 1646 ergo
519 1576 860 1632 fundamenta
891 1576 1161 1632 discamus
1181 1618 1196 1640 ,
1229 1577 1344 1646 ejus
1369 1590 1551 1650 portas
1578 1595 1644 1636 ex
1669 1597 1791 1651 sap-

205 1667 364 1738 phiro
392 1676 447 1722 et
473 1667 778 1736 margaritis
806 1676 1038 1720 structas
1069 1685 1082 1721 :
1106 1667 1383 1723 ductorem
1423 1670 1620 1740 quippe
1649 1673 1792 1740 opti-

205 1774 356 1812 mum
385 1759 647 1813 habemus
667 1757 993 1812 Matthaeum.
1027 1758 1127 1812 Per
1150 1759 1314 1827 ipsius
1335 1774 1562 1830 namque
1584 1773 1790 1829 portam

206 1867 355 1906 nunc
384 1853 664 1914 intramus,
694 1850 971 1920 multoque
996 1851 1152 1905 nobis
1181 1850 1357 1905 studio
1378 1861 1463 1906 est
1483 1867 1635 1922 opus.
1658 1852 1791 1907 Nam

206 1947 255 1999 si
281 1944 584 2014 quempiam
627 1941 819 1996 viderit
861 1957 966 1996 non
1021 1950 1316 2008 attentum,
1346 1943 1524 2012 ejiciet
1566 1959 1632 1998 ex
1660 1945 1795 1999 civi-

209 2045 346 2089 tate.
374 2033 469 2088 Est
509 2033 706 2102 quippe
737 2031 864 2086 urbs
889 2033 977 2086 illa
1020 2033 1251 2087 maxime
1278 2034 1422 2103 regia
1451 2043 1506 2089 et
1533 2035 1752 2090 illustris
1774 2077 1790 2101 ,

208 2141 387 2194 neque
416 2135 475 2178 ut
519 2124 682 2178 urbes
711 2133 909 2179 nostra:
929 2166 943 2189 ,
975 2125 1026 2177 in
1056 2125 1228 2179 lorum
1271 2133 1327 2180 et
1354 2127 1552 2195 regiam
1598 2127 1791 2181 distin-

205 2219 391 2288 guitur
419 2238 433 2272 :
465 2217 560 2271 sed
593 2217 662 2271 ibi
694 2218 871 2271 omnia
902 2219 1048 2288 regia
1098 2226 1240 2272 sunt.
1273 2220 1590 2287 Aperiamus
1618 2221 1796 2291 itaque

208 2308 408 2361 mentis
445 2307 673 2376 januas,
716 2307 1020 2376 aperiamus
1065 2322 1258 2372 aures,
1300 2316 1356 2363 et
1391 2324 1512 2362 cum
1563 2318 1797 2366 tremore

208 2398 1062 2470 plurimolimiuatransgressuri,
1086 2398 1285 2469 Regem
1307 2399 1456 2453 illum
1479 2398 1796 2456 adoremus:

201 2502 337 2545 nam
381 2490 468 2545 vel
509 2491 714 2560 primus
754 2503 1080 2559 congressus
1122 2491 1372 2544 sectatori
1411 2498 1668 2546 terrorem
1718 2492 1798 2545 in-

207 2594 396 2640 cutere
429 2583 591 2638 valet.
619 2582 774 2638 Modo
801 2583 1015 2654 quidem
1045 2591 1210 2653 portae
1241 2583 1356 2638 ista:
1384 2583 1541 2638 nobis
1569 2582 1798 2638 occlusa

1914 401 2070 445 sunt:
2093 394 2306 460 quando
2331 402 2508 450 autem
2536 394 2664 451 istas
2684 406 2896 468 apertas
2921 401 3222 462 videbimus
3252 407 3390 475 (hare
3412 422 3498 467 est

1911 482 2056 534 enim
2102 483 2454 551 quaestionum
2501 487 2757 559 solutio),
2796 499 2918 546 tunc
2947 494 3170 550 multum
3219 499 3363 554 intus
3389 500 3494 556 ful-

1910 585 2092 638 gorem
2125 573 2535 642 eonspieiemus.
2565 576 2797 646 Spiritus
2820 582 2961 635 enim
2989 586 3160 640 oculis
3179 588 3370 645 ductus
3393 607 3491 660 pu-

1911 661 2155 716 blicanus
2185 662 2291 731 hic,
2321 666 2499 720 omnia
2528 682 2587 722 se
2617 669 2709 723 tibi
2751 681 3091 728 ostensurum
3121 691 3241 732 esse
3270 681 3492 747 pollice-

1910 761 1996 805 tur
2027 770 2040 805 :
2069 753 2282 806 ubinam
2311 755 2424 809 Rex
2449 757 2664 824 sedeat,
2692 762 2909 829 quinam
2941 765 3007 818 de
3033 769 3388 825 excercitibus
3419 773 3493 825 illi

1915 845 2124 912 adsint;
2154 845 2368 902 ubinam
2399 848 2506 903 sint
2536 850 2732 919 angeli,
2759 851 2850 905 ubi
2879 854 3182 924 archangeli
3209 873 3224 910 :
3251 857 3369 925 quis
3401 871 3496 911 no-

1913 939 1994 992 vis
2038 939 2188 993 istius
2223 941 2368 994 urbis
2399 941 2602 997 civibus
2640 945 2710 998 sit
2751 945 3036 1015 deputatus
3076 947 3252 1013 locus;
3281 964 3398 1018 qua:
3424 950 3492 1004 sit

1915 1031 1998 1082 via
2018 1031 2156 1084 istuc
2180 1030 2415 1097 ducens;
2444 1048 2600 1102 quam
2623 1045 2819 1089 sortem
2845 1038 3149 1106 acceperint
3178 1039 3234 1104 ii,
3258 1040 3344 1106 qui
3370 1049 3492 1093 sunt

1913 1119 2143 1190 primum
2173 1120 2294 1174 istic
2326 1121 2468 1176 cives
2494 1122 2748 1188 admissi,
2782 1134 2836 1178 et
2878 1135 2998 1194 post
3040 1126 3136 1181 bos
3161 1130 3400 1194 secundi,
3429 1144 3491 1182 ac

1911 1207 2104 1262 deinde
2134 1209 2271 1262 tertii
2299 1227 2312 1262 :
2344 1219 2476 1279 quot
2499 1211 2606 1264 sint
2635 1212 2846 1266 illorum
2877 1215 3068 1269 civium
3100 1218 3336 1283 ordines,
3362 1227 3490 1286 quot

1909 1305 2154 1352 senatum
2181 1299 2532 1364 constituant,
2557 1303 3018 1370 quotdiguitatum
3049 1305 3380 1360 discrimina.
3411 1307 3489 1362 Ne

1911 1387 2090 1451 itaque
2114 1403 2232 1442 eum
2263 1391 2488 1443 tumultu
2511 1399 2564 1444 et
2587 1394 2814 1461 strepitu
2844 1393 3224 1464 ingrediamur,
3251 1398 3346 1452 sed
3368 1413 3488 1453 cum

1909 1477 2122 1531 silentio
2150 1481 2397 1549 mystico.
2428 1480 2484 1534 Si
2519 1481 2662 1535 enim
2695 1483 2746 1535 in
2775 1483 2986 1538 theatro
3027 1501 3146 1539 cum
3192 1502 3384 1558 magno
3413 1489 3489 1543 si-

1909 1567 2076 1621 lentio
2103 1569 2444 1636 imperatoris
2485 1571 2655 1626 litera:
2698 1573 2952 1642 leguntur
2981 1591 2997 1630 :
3029 1578 3197 1631 multo
3240 1581 3408 1648 magis
3437 1583 3487 1636 in

1909 1656 2008 1711 hac
2039 1659 2166 1712 urbe
2191 1660 2368 1714 omnia
2403 1660 2576 1715 sedari
2603 1673 2830 1730 oportet,
2859 1673 3022 1734 atque
3047 1669 3268 1722 arrectis
3295 1673 3488 1728 animis

1903 1752 1956 1796 et
1976 1745 2191 1799 auribus
2216 1748 2464 1803 standum
2491 1762 2575 1807 est
2593 1755 2632 1807 .
2656 1754 2770 1810 Non
2791 1757 2932 1812 enim
2955 1761 3154 1818 terreni
3180 1762 3476 1833 cujuspiam

1899 1833 2066 1902 regis,
2091 1836 2184 1890 sed
2212 1839 2518 1907 angelorum
2546 1843 2753 1899 Domini
2777 1849 2971 1919 scripta
2998 1851 3223 1922 legenda
3251 1867 3391 1908 sunt.
3421 1855 3477 1910 Si

1901 1921 1971 1974 ita
2017 1939 2114 1980 nos
2138 1942 2462 1996 componere
2508 1934 2863 2005 voluerimus,
2897 1940 3011 2008 ipsa
3040 1921 3270 2010 Spiritus
3307 1947 3475 2014 gratia

1898 2027 2018 2067 cum
2047 2031 2232 2086 magna
2260 2018 2532 2090 diligentia
2561 2038 2658 2080 nos
2687 2026 2917 2084 deducet
2941 2071 2957 2096 ,
2986 2031 3051 2086 ad
3083 2034 3363 2104 ipsumque
3392 2051 3476 2089 re-

1897 2105 2038 2173 gium
2070 2109 2261 2162 solium
2302 2113 2638 2182 accedemus,
2669 2116 2912 2188 bonaque
2950 2123 3128 2176 omnia
3174 2139 3475 2195 conseque-

1899 2209 2036 2258 mur,
2061 2197 2228 2264 gratia
2251 2208 2304 2252 et
2324 2199 2651 2270 benignitate
2679 2207 2884 2262 Domini
2913 2214 3078 2265 nostri
3103 2212 3228 2267 .lesu
3251 2215 3472 2281 Christi,

1896 2285 1979 2336 eui
2007 2286 2176 2353 gloria
2218 2299 2272 2343 et
2309 2291 2587 2360 imperium
2615 2311 2737 2350 cum
2767 2299 2924 2354 Patre
2951 2311 3005 2355 et
3032 2315 3218 2359 saneto
3249 2305 3470 2375 Spiritu,

1898 2390 2037 2430 nunc
2062 2385 2116 2430 et
2140 2393 2370 2448 semper,
2403 2392 2459 2437 et
2482 2385 2532 2437 in
2559 2389 2752 2442 smcula
2783 2393 3121 2448 saeculorum.
3152 2397 3343 2453 Amen.

2011 2572 2197 2636 Morel.,
2221 2578 2424 2628 arrectis
2447 2580 2646 2634 auribus
2666 2589 2890 2640 standum
2911 2598 2999 2646 est.

1605 3073 1958 3136 HOMILIA
2002 3075 2084 3136 ll.

201 3303 329 3359 Cn.
365 3305 402 3356 l.
429 3308 553 3358 v.1.
579 3303 728 3358 Liber
751 3315 1084 3375 generationis
1110 3307 1236 3361 Iesu
1258 3309 1445 3363 Christi
1474 3289 1568 3379 lii
1593 3309 1780 3377 David,

791 3394 894 3461 lii
915 3395 1187 3447 Abraham.

277 3524 330 3577 i.
375 3523 666 3577 Attentione
728 3524 1038 3578 audientium
1099 3527 1348 3594 excitata,
1397 3527 1783 3597 descriptionem

201 3613 345 3684 regni
357 3613 565 3668 cazlestis
584 3613 833 3666 adoritur.
937 3615 1014 3668 An
1029 3616 1342 3672 meministis
1365 3617 1740 3675 admonitionis
1762 3661 1779 3687 ,

201 3718 305 3772 qua
335 3717 503 3770 nuper
526 3717 623 3757 vos
649 3704 840 3757 hortati
871 3719 1076 3769 sumus,
1104 3714 1157 3758 ut
1185 3719 1305 3759 cum
1328 3708 1470 3760 omni
1497 3708 1709 3764 silentio
1731 3719 1785 3766 et

201 3795 426 3864 mystica
444 3793 621 3862 quiete
645 3794 781 3848 dicta
809 3796 984 3850 omnia
1012 3796 1298 3852 audiretis?
1325 3797 1474 3852 Nunc
1501 3811 1680 3854 autem
1701 3816 1787 3854 sa-

202 3899 292 3938 cra
325 3885 506 3939 limina
535 3886 691 3940 hodie
711 3885 898 3940 adituri
930 3901 1147 3950 sumus;
1173 3887 1399 3956 ideoque
1423 3890 1573 3944 vobis
1592 3892 1784 3946 adhor

205 3974 461 4028 tationem
493 3975 635 4028 illam
668 3976 719 4028 iu
743 3986 975 4031 mentem
1003 3979 1266 4033 revocavi.
1295 3978 1426 4032 Nam
1456 3981 1498 4034 si
1521 3979 1687 4035 Judaei
1718 3983 1782 4038 ad

205 4073 442 4120 montem
469 4065 768 4132 ardentem,
791 4067 857 4120 ad
888 4067 1082 4136 ignem,
1124 4068 1189 4122 ad
1211 4069 1508 4139 caliginem,
1531 4071 1598 4125 ad
1631 4081 1780 4126 tene-

205 4155 331 4208 bras
358 4165 413 4209 et
432 4155 714 4223 procellam
744 4158 1007 4211 accessuri
1033 4175 1049 4224 ;
1082 4158 1187 4212 imo
1210 4175 1312 4213 non
1343 4163 1608 4216 accessuri
1634 4203 1650 4226 ,
1686 4163 1778 4217 sed

203 4259 267 4300 ea
297 4245 529 4298 audituri
561 4246 768 4300 eminus
803 4255 858 4300 et
902 4247 1064 4301 visuri
1092 4287 1108 4313 ,
1141 4249 1310 4302 tribus
1345 4258 1467 4304 ante
1497 4249 1683 4304 diebus
1718 4251 1788 4307 ab

206 4335 461 4387 uxoribus
499 4334 764 4388 abstinere
799 4334 1154 4402 jubebantur,
1200 4348 1481 4406 vestesque
1525 4339 1783 4406 abluere;

205 4433 366 4494 atque
393 4407 444 4479 in
478 4425 667 4479 timore
696 4440 754 4478 ac
784 4433 1014 4481 tremore
1037 4426 1317 4497 degebant,
1336 4429 1650 4502 Moysesque
1668 4448 1785 4486 cum

206 4514 338 4582 ipsis
363 4531 376 4566 :
410 4516 576 4569 multo
604 4516 769 4585 magis
794 4531 892 4570 nos
918 4516 1042 4570 talia
1067 4518 1296 4572 audituri
1322 4521 1506 4585 verba,
1530 4535 1634 4579 non
1665 4537 1786 4592 pro-

204 4603 292 4655 cul
334 4618 361 4653 a
401 4613 582 4657 monte
620 4603 853 4659 fumante
881 4615 1117 4671 stantes,
1161 4607 1254 4661 sed
1295 4608 1463 4677 ipsum
1493 4611 1784 4680 ingressuri

203 4693 392 4746 uelum
420 4733 436 4756 ,
489 4693 743 4762 majorem
785 4696 1038 4752 debemus
1072 4701 1324 4757 exhibere
1354 4706 1740 4776 philosophiam
1761 4751 1780 4777 ,

201 4797 310 4836 non
340 4783 657 4838 vestimenta
687 4787 982 4854 ahluentes,
1011 4792 1102 4845 sed
1133 4795 1326 4848 anima:
1357 4799 1545 4851 stolam
1572 4800 1780 4854 abster-

198 4884 424 4943 gentes,
473 4886 528 4929 et
567 4876 634 4929 ab
660 4880 800 4932 omni
832 4882 1164 4938 saecularium
1207 4901 1384 4941 rerum
1411 4891 1786 4948 commixtione

205 4965 377 5019 liberi.
424 4963 543 5020 Non
573 4967 715 5021 enim
743 4971 1020 5040 caliginem
1063 4974 1351 5043 videbitis,
1395 4994 1500 5032 non
1544 4980 1780 5050 fumum,

203 5074 308 5112 non
350 5059 682 5127 procellam;
713 5061 804 5115 sed
834 5062 1002 5130 ipsum
1034 5065 1230 5136 Regem
1258 5069 1534 5128 sedentem
1564 5077 1618 5130 ln
1654 5076 1789 5129 Solio

201 5149 490 5205 ine'abilis
515 5151 656 5205 illius
681 5153 880 5221 glorim,
900 5156 1220 5227 angelosque
1240 5169 1292 5214 et
1312 5163 1657 5232 areliangelos
1688 5166 1787 5234 ipsi

206 5243 502 5308 adstantes,
535 5255 945 5313 sanctorumque
991 5250 1210 5315 populos
1253 5265 1372 5304 cum
1415 5254 1782 5310 innumerabili

205 5332 417 5386 illorum
448 5343 614 5387 cmtu.
640 5334 784 5388 Talis
813 5337 1007 5406 quippe
1033 5347 1115 5390 est
1143 5340 1326 5394 civitas
1352 5342 1463 5407 Dei,
1500 5345 1784 5398 Ecclesium

205 5424 608 5491 primitivorum
643 5425 842 5480 habens
863 5469 878 5491 ,
908 5428 1123 5496 spiritus
1145 5429 1404 5498 justorum
1427 5475 1442 5499 ,
1481 5436 1786 5503 angelorum

209 5514 597 5584 frequentiam,
625 5516 934 5585 sanguinem
964 5521 1288 5586 aspersionis
1311 5560 1327 5586 ,
1354 5537 1460 5591 quo
1489 5525 1664 5583 omnia
1694 5540 1786 5580 oo-

215 5609 483 5676 pulautur,
516 5608 706 5664 caelum
739 5616 945 5664 terrena
976 5611 1228 5681 suscepit,
1257 5619 1314 5667 ct
1342 5619 1480 5668 terra
1506 5615 1734 5671 cwlestia
1771 5635 1784 5670 :

1888 3342 1941 3387 et
1967 3333 2074 3401 jam
2107 3331 2236 3386 olim
2263 3330 2560 3387 desiderata
2588 3347 2687 3402 pax
2710 3334 2912 3403 angelis
2953 3342 3113 3404 atque
3138 3334 3337 3388 sanctis
3360 3333 3462 3388 do-

1891 3433 2014 3479 nata
2043 3433 2144 3479 est.
2172 3425 2232 3478 In
2261 3425 2360 3479 hac
2386 3425 2518 3478 urbe
2543 3425 2716 3480 crucis
2743 3433 2999 3496 tropaeum
3024 3427 3233 3482 illustre
3260 3427 3385 3481 illud
3411 3435 3468 3482 et

1890 3517 2231 3586 conspicuum
2262 3525 2498 3572 erectum
2529 3527 2613 3572 est
2647 3536 2661 3572 :
2689 3519 2855 3588 spolia
2880 3518 3092 3572 Christo
3121 3528 3265 3587 parta
3289 3559 3301 3580 ,
3333 3533 3464 3573 exu-

1891 3613 1988 3664 viae
2019 3619 2221 3660 naturae
2244 3615 2460 3670 nostrm,
2493 3608 2756 3660 manubiae
2782 3609 2940 3677 Regis
2967 3608 3134 3660 nostri
3169 3624 3182 3660 :
3209 3622 3328 3675 qua}
3353 3623 3468 3660 om-

1900 3703 1984 3755 nia
2011 3716 2078 3756 ex
2112 3699 2398 3770 evangeliis
2441 3709 2688 3756 accurate
2730 3698 3015 3755 discemus.
3063 3699 3119 3756 Si
3167 3716 3288 3756 cum
3339 3717 3471 3756 con-

1897 3793 2104 3860 gruenti
2133 3794 2309 3862 quiete
2334 3793 2594 3862 sequaris,
2629 3794 2924 3861 poterimus
2951 3803 3001 3848 te
3033 3809 3126 3863 per
3150 3805 3340 3849 cuneta
3363 3795 3472 3849 eir-

1900 3883 2254 3947 etunducere,
2306 3883 2695 3952 ostendereque
2737 3883 2830 3937 tibi
2871 3884 3085 3936 ubinam
3135 3899 3279 3938 mors
3321 3885 3478 3938 affixa

1894 3972 2100 4040 jaceat,
2131 3974 2216 4028 ubi
2261 3983 2534 4042 peccatum
2560 3989 2877 4042 suspensum
2908 3976 2998 4036 sit,
3031 3976 3117 4028 ubi
3151 3977 3389 4044 plurimae
3416 3993 3479 4032 ae

1899 4063 2170 4118 mirabiles
2198 4079 2264 4117 ex
2293 4062 2395 4117 hoc
2437 4063 2610 4128 bello,
2639 4078 2703 4116 ex
2745 4063 2844 4117 hac
2875 4079 3045 4132 pugna
3073 4065 3355 4118 manubias.
3384 4066 3479 4120 Vis

1897 4153 2050 4210 debis
2076 4163 2129 4210 et
2156 4165 2438 4224 tyrannum
2468 4155 2702 4208 vinctum
2728 4168 2849 4207 eum
2881 4154 3216 4208 multitudine
3242 4157 3480 4224 captivo-

1899 4260 2016 4298 rum
2045 4255 2324 4313 sequente,
2342 4253 2398 4298 et
2423 4259 2623 4308 arcem,
2653 4259 2718 4298 ex
2747 4258 2848 4312 qua
2878 4244 3114 4313 impurus
3136 4246 3223 4300 ille
3245 4246 3481 4314 daemon,

1900 4336 2166 4403 praeterito
2190 4347 2450 4404 tempore,
2484 4337 2726 4391 incursus
2750 4337 2802 4390 in
2833 4339 3011 4392 omnia
3043 4337 3267 4393 faciebat
3296 4357 3308 4392 :
3339 4340 3483 4394 vide-

1899 4425 1982 4481 bis
2001 4427 2160 4481 etiam
2189 4426 2320 4481 furis
2349 4426 2567 4480 latibula
2597 4433 2650 4480 et
2677 4427 2980 4495 speluncas,
3005 4427 3244 4498 diruptas
3265 4429 3483 4499 quidem

1897 4525 1952 4570 et
1978 4516 2262 4583 patefactus
2292 4533 2304 4568 :
2334 4531 2455 4569 nam
2487 4516 2558 4570 ibi
2587 4531 2798 4585 quoque
2825 4517 2936 4571 Rex
2963 4518 3150 4571 adfuit.
3185 4518 3380 4574 Verum
3413 4536 3482 4574 ne

1897 4603 2130 4670 fatiscas,
2152 4606 2346 4660 dilecte
2376 4623 2389 4659 :
2427 4621 2600 4675 neque
2624 4606 2767 4660 enim
2796 4607 2839 4661 si
2863 4609 2980 4676 quis
3009 4609 3207 4663 bellum
3236 4611 3336 4664 sub
3357 4627 3480 4664 sen

1898 4711 2015 4753 sum
2041 4699 2237 4754 cadens
2261 4709 2570 4764 enarraret,
2619 4700 2662 4753 si
2696 4709 2893 4769 tropw-a
2922 4741 2937 4762 ,
2977 4701 3020 4754 si
3053 4702 3297 4755 victorias
3319 4743 3335 4768 ,
3368 4701 3484 4756 brrc

1898 4804 2016 4843 eum
2045 4788 2254 4843 fastidio
2279 4790 2589 4860 exciperes;
2622 4790 2729 4844 imo
2757 4806 2855 4845 nec
2894 4792 3068 4846 cibum
3097 4831 3110 4855 ,
3163 4807 3261 4844 nec
3300 4803 3482 4860 potum

1899 4879 2024 4934 huic
2049 4881 2337 4935 narrationi
2368 4892 2743 4950 anteponeres.
2777 4881 2928 4946 Quod
2957 4882 3000 4933 si
3034 4881 3119 4933 illa
3147 4883 3381 4949 jucunda
3403 4895 3484 4939 est

1899 4971 2158 5036 narratio,
2186 4970 2353 5024 multo
2376 4971 2543 5039 magis
2571 4969 2684 5023 lucc
2710 4970 2833 5023 erit.
2855 4968 3128 5038 Perpende
3149 4974 3290 5024 enim
3312 4987 3485 5040 quan-

1903 5069 2010 5114 tum
2040 5060 2168 5114 illud
2199 5061 2268 5115 sit
2290 5058 2476 5113 audire
2495 5098 2511 5122 ,
2548 5058 2818 5127 quomodo
2857 5058 2996 5113 Deus
3025 5059 3090 5113 de
3112 5062 3243 5114 ewlo
3262 5101 3277 5125 ,
3309 5062 3484 5133 deque

1899 5152 2046 5220 regio
2071 5151 2208 5204 solio
2234 5163 2474 5218 surgens,
2509 5149 2558 5202 in
2583 5158 2801 5215 terram,
2828 5150 2985 5219 inque
3009 5151 3180 5220 ipsum
3209 5153 3478 5209 infernum

1899 5239 2155 5306 eruperit,
2195 5245 2250 5292 et
2280 5238 2331 5292 i'n
2353 5238 2466 5293 acie
2491 5238 2730 5293 steterit:
2753 5239 3019 5306 quomodo
3042 5240 3285 5295 diabolus
3314 5245 3482 5300 aciem

1899 5341 1953 5385 et
1983 5332 2096 5400 ipse
2123 5345 2272 5385 suam
2301 5341 2484 5383 contra
2515 5330 2678 5384 Deum
2712 5329 3045 5395 instruxerit;
3072 5331 3183 5387 imo
3221 5349 3326 5388 non
3355 5349 3482 5387 eon

1901 5431 1984 5477 tra
2027 5423 2187 5477 Deum
2221 5423 2417 5476 nudum
2440 5463 2454 5488 ,
2485 5422 2578 5476 sed
2611 5423 2772 5476 Deum
2806 5423 2857 5475 in
2898 5431 3084 5476 natura
3110 5424 3478 5478 absconditum

1901 5514 2149 5568 humana.
2179 5513 2436 5582 Quodque
2466 5513 2708 5567 mirabile
2730 5523 2829 5578 est,
2861 5521 3086 5568 mortem
3130 5524 3304 5567 morte
3330 5514 3478 5567 solu-

1900 5615 2006 5662 tam
2030 5606 2266 5670 videbis,
2307 5616 2362 5661 et
2391 5605 2738 5661 maledictum
2776 5604 3058 5660 maledicto
3081 5605 3382 5666 sublatum;
3429 5619 3481 5667 ct
