4060 6156
577 257 650 324 es
1275 272 1331 328 s.
1368 274 1652 331 manans
1690 275 2176 335 CHRYSOSTOMI
2215 279 2526 345 ARCHIEP.
2565 289 3108 347 CONSTANTINOP.
3745 287 3812 344 26

560 393 654 446 per
677 392 794 448 qtre
820 377 1063 432 diabolus
1087 356 1209 432 ante
1231 379 1470 447 valebat,
1505 395 1598 450 per
1625 383 1808 438 eadem
1835 386 1949 456 ejus
1987 393 2134 446 solu-

565 485 671 528 tam
701 474 1053 544 tyrannidem.
1082 474 1440 546 Exsurgamus
1466 477 1655 548 igitur,
1689 489 1741 534 et
1770 494 2016 534 somnum
2059 482 2151 538 de-

561 567 831 636 pellamus
856 584 870 621 :
897 582 1019 622 ecce
1046 577 1224 636 portas
1252 571 1406 625 video
1434 571 1586 626 nobis
1622 580 1832 640 apertas
1857 589 1872 636 ;
1899 573 1995 627 sed
2025 589 2146 628 cum

561 660 704 712 omni
754 659 1016 713 modestia
1054 675 1116 713 ac
1157 670 1394 716 tremore
1427 663 1786 734 ingrediamur
1811 705 1826 730 ,
1870 667 2050 720 statim
2082 665 2147 719 Ii-

481 801 487 814 ,
560 747 702 799 mina
733 757 996 816 petentes.
1028 750 1156 816 Qua:
1197 763 1322 806 sunt
1352 753 1533 808 isthmc
1577 754 1790 807 limina?
1821 753 1968 808 Liber
1995 773 2150 824 gene-

558 841 769 894 rationis
792 839 917 894 Jesu
943 840 1128 896 Christi
1168 844 1266 911 ﬁlii
1300 843 1464 898 David
1497 886 1511 910 ,
1555 845 1652 912 ﬁlii
1694 846 1969 902 Abraham.
2013 847 2150 913 Quid

560 931 737 986 dicis?
763 932 832 986 de
862 935 1132 1003 unigenito
1160 936 1253 990 Dei
1284 936 1420 990 Filio
1447 944 1498 990 te
1525 936 1862 1004 quuuturum
1890 955 2008 992 esse
2041 939 2153 1009 pol-

559 1022 828 1090 licebaris,
863 1032 917 1076 et
946 1025 1201 1080 Davidem
1231 1041 1492 1080 memoras
1518 1066 1533 1090 ,
1563 1026 1832 1082 hominem
1861 1037 1982 1097 post
2003 1029 2147 1085 mille

560 1117 942 1183 generationes
966 1124 1167 1179 natum,
1197 1117 1472 1184 ipsumque
1498 1115 1630 1169 dicis
1652 1132 1771 1171 esse
1791 1125 1844 1172 et
1863 1127 2065 1186 patrem
2094 1127 2148 1173 et

560 1205 859 1272 proavum?
884 1206 1164 1274 Exspecta,
1180 1220 1248 1258 ne
1272 1205 1430 1258 simul
1455 1206 1633 1258 omnia
1651 1207 1886 1262 ediscere
1907 1223 2149 1276 qureras;

561 1294 662 1349 sed
709 1296 907 1350 sensim
953 1305 1110 1364 atque
1139 1295 1408 1364 paulatim,
1455 1295 1512 1348 In
1558 1295 1740 1350 limine
1797 1297 1970 1350 solum
2001 1306 2148 1365 stas,

562 1387 736 1441 adlmc
765 1387 816 1439 in
847 1387 960 1453 ipso
987 1386 1155 1448 ostio;
1189 1385 1312 1452 quid
1341 1384 1561 1440 festinas
1588 1387 1654 1441 ad
1676 1388 1972 1442 interiora?
2001 1387 2149 1443 Non-

561 1475 688 1528 dum
715 1475 977 1528 exteriora
1007 1474 1181 1527 omnia
1226 1475 1393 1542 probe
1417 1476 1706 1544 explorasti
1742 1495 1755 1530 :
1790 1494 1961 1546 neque
2003 1481 2146 1533 enim

561 1563 706 1616 illam
739 1562 830 1616 tibi
857 1563 1253 1631 generationem
1305 1564 1477 1618 adhuc
1515 1580 1802 1630 recenseo;
1837 1567 1944 1621 imo
1982 1583 2153 1636 neque

562 1653 705 1705 illam
735 1667 853 1722 qua:
893 1661 1011 1720 post
1039 1655 1316 1721 sequitur,
1364 1671 1480 1724 quae
1529 1656 1812 1712 incﬂ‘abilis
1852 1667 1904 1711 et
1951 1674 2144 1712 arcana

561 1749 662 1795 est.
701 1741 916 1810 llocque
945 1742 1038 1796 tibi
1067 1751 1190 1797 ante
1222 1758 1309 1798 me
1337 1744 1499 1797 Isaias
1537 1745 1796 1814 propheta
1827 1747 2104 1802 denuntiat
2132 1763 2148 1802 :

567 1831 831 1900 siquidem
875 1833 989 1900 ejus
1018 1833 1320 1901 paSsionem
1350 1835 1644 1905 praedicans
1664 1879 1676 1900 ,
1711 1837 1981 1906 ipsiUSque
2009 1840 2149 1892 circa

562 1923 745 1976 orbem
779 1933 1042 1977 terrarum
1075 1925 1460 1992 providentiam
1490 1929 1505 1958 ³
1545 1947 1557 1980 :
1587 1928 1855 1984 admirans
1884 1930 2004 1997 quis
2027 1946 2147 1987 cum

563 2023 704 2067 esset
734 2014 858 2082 quid
904 2014 1071 2069 factus
1091 2015 1197 2079 sit,
1251 2032 1422 2086 quove
1464 2019 1831 2084 descenderit,
1877 2036 2065 2089 magna
2095 2029 2154 2076 et

562 2107 702 2158 clara
734 2120 864 2160 voce
892 2106 1239 2160 exclamando
1265 2108 1397 2161 dixit
1431 2126 1443 2159 :
1479 2107 1862 2162 Generationem
1905 2112 2012 2181 ejus
2037 2111 2151 2181 quis

562 2197 811 2248 cuarrabit
838 2194 994 2264 (Isai.
1018 2196 1106 2248 53-
1135 2195 1189 2254 8i
1217 2196 1239 2250 ?

630 2382 684 2435 9..
719 2381 1012 2436 Incarnatio
1036 2393 1279 2452 quantum
1306 2385 1587 2453 stupenda;
1618 2388 1866 2452 quomodo
1889 2403 1980 2440 nos
2006 2388 2147 2443 eral-

563 2483 650 2529 tct.
673 2472 899 2528 Christus
926 2473 1075 2527 Vetus
1103 2472 1477 2527 Testamentum
1501 2474 1647 2527 Novo
1668 2477 1921 2545 adjunmit.
1951 2476 2018 2529 In
2057 2477 2151 2533 Ve-

563 2575 658 2623 teri
686 2569 998 2621 Testamento
1025 2568 1211 2638 ﬁgura,
1231 2567 1282 2621 in
1303 2566 1450 2621 Novo
1477 2569 1757 2622 veritas.-—
1784 2567 1902 2622 Non
1932 2568 2059 2640 ergo
2079 2568 2146 2624 de

563 2660 651 2713 illa
677 2659 1021 2728 generatione
1049 2658 1203 2712 nobis
1223 2673 1402 2713 sermo
1428 2667 1529 2722 est,
1556 2658 1650 2712 sed
1675 2657 1741 2712 de
1769 2659 1869 2713 hac
1893 2657 2146 2714 inferiore

559 2759 616 2803 et
645 2758 851 2802 terrena
873 2788 890 2813 ,
929 2763 1047 2816 qua:
1078 2748 1385 2801 innumeros
1412 2747 1495 2800 sui
1530 2757 1693 2802 testes
1723 2748 1901 2802 habet.
1947 2748 2022 2802 De
2048 2748 2147 2803 hac

561 2855 722 2911 porro
750 2855 844 2909 pro
881 2841 1019 2894 virili
1051 2849 1233 2895 nostra
1263 2841 1559 2895 secundum
1603 2851 1874 2911 acceptam
1919 2842 2146 2912 Spiritus

564 2932 832 3000 gratiam,
877 2932 954 2986 sic
1001 2947 1304 2985 sermonem
1350 2932 1710 2987 instituemus.
1749 2932 1931 3002 Neque
1969 2943 2143 2989 tamen

562 3022 700 3076 hanc
728 3037 848 3076 cum
894 3023 1037 3076 omni
1080 3023 1456 3092 perspicuitate
1499 3023 1765 3092 explicare
1812 3039 2094 3094 possumus
2128 3043 2141 3080 :

560 3127 685 3166 nam
729 3120 782 3166 et
816 3112 928 3181 ipsa
959 3127 1172 3182 quoque
1200 3113 1486 3167 admodum
1517 3115 1776 3182 stupenda
1806 3123 1908 3170 est.
1936 3115 2014 3170 Ne
2042 3117 2144 3170 ita-

561 3218 665 3272 que
693 3203 879 3273 exigua
910 3211 962 3257 te
989 3202 1174 3257 audire
1204 3212 1356 3273 putes
1378 3244 1393 3270 ,
1427 3203 1550 3257 dum
1579 3203 1716 3259 banc
1742 3205 1894 3259 audis
1917 3220 2145 3275 genera-

560 3296 794 3360 tionem;
829 3295 922 3349 sed
961 3305 1195 3350 mentem
1241 3297 1432 3362 excita,
1482 3303 1539 3351 et
1567 3298 1744 3350 statim
1774 3298 2100 3353 exhorresce
2125 3339 2140 3364 ,

561 3385 732 3442 Deum
760 3387 812 3440 in
844 3395 1039 3441 terram
1068 3388 1276 3442 venisse
1301 3387 1544 3441 audiens.
1578 3387 1708 3442 Illud
1753 3389 1897 3442 enim
1942 3389 2020 3443 sic
2047 3387 2146 3442 ad-

559 3475 862 3529 mirandum
882 3517 897 3540 ,
929 3476 1010 3529 sic
1040 3477 1460 3543 inexspectatum
1486 3485 1633 3543 erat,
1665 3485 1722 3530 ut
1741 3477 1910 3546 angeli
1939 3477 1990 3529 in
2014 3476 2146 3531 cbo-

561 3580 680 3618 rum
711 3566 916 3618 collecti
945 3581 1106 3632 super
1133 3567 1231 3620 hac
1259 3582 1319 3620 re
1345 3582 1440 3635 pro
1470 3576 1583 3621 toto
1624 3568 1753 3622 orbe
1795 3568 2001 3622 laudem
2031 3568 2146 3637 glo-

559 3655 800 3721 riamque
827 3653 1202 3719 concinerent,
1249 3664 1304 3708 et
1342 3657 1618 3724 propheta:
1643 3657 1752 3725 jam
1783 3659 1913 3712 olim
1941 3658 2008 3712 de
2046 3658 2147 3714 hac

559 3759 620 3797 re
646 3743 1083 3812 obstupescerent
1104 3786 1119 3808 ,
1149 3745 1288 3813 quod
1317 3745 1368 3798 in
1403 3754 1541 3799 terra
1562 3747 1706 3801 visus
1736 3759 1790 3802 et
1817 3763 1936 3802 cum
1967 3748 2145 3803 homi-

560 3835 716 3889 nibus
732 3844 1074 3889 conversatus
1089 3836 1156 3888 sit
1168 3835 1414 3904 (Baruclt.
1433 3838 1484 3890 5.
1509 3837 1622 3906 58).
1637 3837 1845 3894 Etenim
1860 3839 2145 3897 admodum

560 3925 880 3993 stupendum
910 3934 988 3978 est
1018 3924 1234 3992 audire,
1270 3927 1435 3981 Deum
1483 3927 1799 3982 ineffabilem
1825 3971 1840 3997 ,
1873 3929 2147 3985 inenarra-

560 4015 740 4079 bilem,
773 4015 1384 4084 incomprebensibilem,
1418 4017 1559 4071 Patri
1585 4019 1840 4088 aequalem
1865 4061 1881 4083 ,
1910 4036 2005 4088 per
2033 4023 2144 4077 vir-

559 4120 770 4175 gineam
803 4106 1013 4161 venisse
1037 4107 1270 4173 vulvam,
1293 4116 1348 4161 et
1370 4122 1440 4162 ex
1471 4107 1692 4162 muliere
1711 4110 1855 4163 nasci
1871 4109 2144 4180 dignatum

560 4211 702 4262 esse,
729 4211 964 4265 avosque
977 4198 1176 4252 habere
1197 4197 1446 4252 Davidem
1460 4207 1515 4253 et
1532 4197 1913 4255 Abrahamum.
1936 4201 2001 4255 Et
2019 4203 2143 4272 quid

561 4286 681 4340 dico
712 4286 967 4340 Davidem
989 4295 1044 4340 et
1064 4286 1460 4342 Abrahamum?
1487 4288 1618 4343 Nam
1645 4289 1786 4359 quod
1818 4290 2142 4360 horribilius,

561 4375 720 4429 etiam
759 4376 1011 4430 mulieres
1040 4376 1156 4431 illas
1199 4378 1511 4434 meretrices
1542 4380 1595 4445 ',
1644 4395 1775 4450 quas
1820 4383 1977 4450 paulo
2021 4393 2145 4438 ante

561 4467 874 4522 memoravi.
902 4467 1027 4522 Haec
1057 4469 1303 4536 audiens,
1335 4471 1570 4524 animum
1593 4473 1770 4541 erige,
1803 4481 1856 4526 et
1882 4474 2010 4528 nihil
2039 4476 2145 4530 vile

562 4559 849 4629 suspiceris
878 4575 891 4610 :
924 4558 1159 4629 illudque
1189 4560 1420 4616 maxime
1442 4562 1658 4629 mirare,
1683 4564 1824 4632 quod
1855 4565 2018 4620 Filius
2043 4608 2058 4633 ,
2090 4577 2145 4622 et

563 4649 827 4717 genuinus
847 4648 1013 4704 Filius
1036 4650 1126 4703 Dei
1145 4649 1262 4704 sine
1283 4651 1541 4720 principio
1561 4653 1866 4710 exsistentis
1899 4670 1956 4709 se
1979 4657 2143 4711 lilium

563 4740 778 4796 Davidis
803 4741 990 4796 audire
1030 4756 1218 4811 passus
1260 4743 1368 4810 sit,
1414 4753 1470 4797 ut
1499 4752 1549 4799 te
1579 4745 1778 4801 faceret
1809 4748 1898 4802 Dei
1927 4748 2093 4804 filium
2127 4767 2140 4804 :

561 4847 752 4902 passus
776 4841 859 4886 est
887 4849 945 4887 se
969 4845 1170 4902 patrem
1195 4833 1390 4889 habere
1415 4851 1648 4901 servum,
1674 4847 1730 4891 ut
1758 4838 1851 4892 tibi
1877 4854 2033 4894 servo
2053 4855 2147 4909 pa-

565 4932 699 4976 trem
746 4921 946 4977 faceret
990 4924 1290 4979 Dominum.
1346 4924 1529 4980 Viden’
1574 4929 1754 4981 statim
1801 4944 1829 4982 a
1879 4931 2144 5001 principio

563 5027 804 5080 quaenam
836 5013 943 5068 sint
965 5014 1281 5082 evangelia?
1309 5015 1458 5081 Quod
1488 5016 1533 5070 si
1563 5015 1630 5071 de
1661 5018 1764 5071 tuis
1791 5018 2004 5075 dubitas
2027 5063 2042 5086 ,
2076 5022 2144 5077 ab

566 5104 628 5158 iis
656 5119 774 5173 qua:
815 5102 883 5157 ad
925 5104 1096 5172 ipsum
1125 5113 1369 5174 spectant
1403 5107 1518 5161 haec
1557 5116 1613 5162 ut
1641 5109 1826 5164 credas
1854 5111 2141 5167 inducaris.

565 5197 744 5266 Longe
768 5197 909 5251 enim
939 5196 1211 5252 difﬁcilius
1239 5209 1342 5264 est,
1371 5209 1626 5268 quantum
1651 5201 1716 5255 ad
1743 5202 2031 5258 humanum
2061 5204 2143 5259 in-

565 5291 830 5346 tellectum
860 5306 942 5360 per
955 5291 1105 5358 tinet,
1137 5293 1303 5348 Deum
1338 5292 1606 5349 hominem
1633 5295 1768 5362 fieri,
1796 5313 1950 5366 quam
1970 5297 2143 5352 homi-

628 5479 1223 5548 {atihmisericordiam
1393 5544 1432 5548 __
1796 5539 1805 5548 _
1876 5539 1885 5548 ,
1945 5536 1955 5546 ,

630 5541 654 5576 ε
682 5543 800 5604 1ὀχ,
826 5539 1120 5605 meretrices,
1149 5545 1292 5593 deest
1319 5557 1366 5591 in
1393 5539 1734 5602 Manuscriptis
1761 5539 1999 5601 plurimis.

2239 418 2361 456 nem
2401 404 2492 458 Del
2528 403 2697 456 filium
2724 418 2864 458 esse.
2893 403 3032 457 Cum
3068 403 3234 472 igitur
3276 403 3433 458 audis
3479 400 3684 457 Filium
3715 403 3809 456 Dei

2237 494 2406 548 filium
2439 511 2560 550 esse
2589 494 2807 550 Davidis
2834 504 2887 549 et
2913 495 3165 558 Abrahtr,
3193 495 3443 550 dubitare
3459 494 3572 564 jam
3595 495 3809 557 desine,

2236 595 2288 640 te
2316 589 2487 640 tilium
2521 587 2649 643 Adae
2675 587 2845 640 [ilium
2884 589 2975 641 Dei
3006 586 3248 640 futurqu
3277 601 3418 641 esse.
3450 585 3635 655 Neque
3656 586 3807 640 enim

2234 676 2439 731 frustra
2460 687 2514 732 et
2539 679 2813 733 incassum
2841 678 3080 747 seipsum
3104 679 3176 732 ita
3194 677 3554 741 humiliasset,
3577 675 3686 730 nisi
3711 691 3812 728 nos

2233 771 2571 823 exaltaturus
2591 778 2754 824 esset.
2782 769 2956 824 Natus
2974 780 3057 824 est
3077 770 3220 822 enim
3245 769 3542 823 secundum
3565 782 3813 828 carnem,

2250 853 2307 903 ut
2334 860 2385 903 tu
2413 853 2708 906 nascereris
2733 854 3022 909 secundum
3036 857 3278 925 spiritum
3307 875 3320 911 :
3352 868 3501 913 natus
3517 868 3601 915 est
3616 875 3681 914 ex
3705 876 3828 915 mu-

2248 938 2400 1006 Iiere,
2453 951 2510 995 ut
2558 950 2612 995 tu
2649 942 2924 1000 desineres
2971 945 3108 1000 filius
3138 962 3256 1002 esse
3301 951 3562 1006 mulieris.
3604 951 3835 1022 Ideoque

2249 1029 2443 1100 duplex
2466 1034 2737 1100 generatio
2760 1034 2874 1098 fuit,
2907 1044 2959 1088 et
2987 1051 3105 1105 quae
3134 1038 3322 1092 similis
3351 1051 3547 1096 nostra:
3576 1051 3740 1106 esset,
3776 1054 3834 1097 et

2249 1135 2369 1190 qua:
2399 1132 2636 1176 nostram
2666 1123 2686 1154 ³
2712 1135 3074 1193 exsuperaret.
3100 1127 3306 1182 Etenim
3341 1147 3403 1183 ex
3438 1131 3659 1187 muliere
3687 1135 3834 1188 nasci

2251 1211 2408 1266 nobis
2437 1214 2710 1282 competit;
2741 1217 2882 1269 nasci
2904 1227 3080 1272 autem
3105 1235 3212 1272 non
3237 1236 3301 1274 ex
3331 1223 3607 1290 sanguine,
3637 1239 3743 1279 non
3767 1242 3834 1280 ex

2250 1305 2521 1359 voluntate
2547 1306 2642 1358 viri
2675 1315 2728 1361 et
2751 1309 2949 1375 carnis,
2979 1311 3072 1363 sed
3093 1326 3158 1365 ex
3190 1311 3387 1381 Spiritu
3419 1325 3603 1370 sancto
3623 1359 3637 1382 ,
3665 1332 3832 1386 gene-

2253 1398 2515 1452 rationem
2543 1414 2640 1453 nos
2679 1413 3086 1470 exsuperantem
3119 1413 3171 1457 et
3218 1404 3448 1460 futuram
3481 1409 3796 1475 prtenuntiat
3819 1449 3836 1473 ,

2251 1505 2370 1558 qua:
2394 1505 2458 1544 ex
2487 1489 2686 1558 Spiritu
2732 1492 2884 1546 nobis
2910 1494 3249 1549 concedenda
3281 1509 3414 1550 erat.
3444 1496 3581 1563 Quin
3623 1507 3676 1551 et
3721 1515 3831 1552 cae.

2252 1590 2366 1635 tera
2404 1597 2618 1651 quoque
2671 1584 2848 1636 omnia
2899 1584 3203 1654 bujusmodi
3251 1596 3422 1641 erant.
3469 1587 3678 1643 Etenim
3726 1590 3834 1643 tale

2251 1682 2366 1728 erat
2394 1683 2447 1728 et
2475 1675 2743 1729 lavacrum
2765 1694 2776 1728 :
2797 1677 3066 1746 quidpiam
3097 1680 3239 1732 enim
3265 1695 3330 1734 ex
3356 1681 3542 1743 veteri,
3564 1681 3834 1750 quidpiam

2251 1764 2410 1817 etiam
2442 1778 2513 1818 ex
2554 1779 2690 1818 novo
2721 1765 2970 1821 habebat.
3002 1766 3132 1821 Nam
3177 1783 3208 1821 a
3252 1771 3507 1839 propheta
3536 1771 3790 1839 baptizari
3817 1812 3840 1840 ,

2250 1869 2348 1924 per
2375 1855 2504 1909 illud
2531 1865 2683 1910 vetus
2712 1857 3110 1926 exprimebatur
3135 1876 3150 1912 :
3178 1859 3435 1928 Spiritum
3483 1871 3658 1916 autem
3709 1878 3838 1916 san-

2251 1958 2394 2001 ctum
2413 1947 2758 2013 descendere,
2779 1964 2970 2002 novum
2990 1949 3373 2004 subindicabat.
3393 1950 3468 2006 Ac
3485 1951 3840 2021 quemadmo-

2253 2037 2379 2092 dum
2407 2039 2449 2090 si
2477 2039 2595 2106 quis
2625 2038 2677 2090 in
2725 2038 2901 2093 medio
2941 2047 3121 2105 stans,
3163 2040 3297 2093 duos
3345 2042 3477 2096 alios
3524 2043 3830 2112 sejunctas,

2254 2127 2502 2197 expansis
2529 2128 2639 2181 suis
2668 2129 3005 2197 arreptisque
3032 2129 3242 2183 illorum
3290 2133 3534 2200 utrinque
3555 2133 3800 2187 manibus
3823 2174 3839 2196 ,

2254 2220 2594 2286 coniunxerit
2631 2220 2744 2272 :ita
2793 2229 2848 2274 et
2894 2221 2986 2274 ille
3030 2220 3185 2284 fecit,
3236 2221 3397 2276 Vetus
3438 2223 3842 2278 Testamentum

2255 2309 2401 2363 Novo
2443 2308 2774 2378 adjungens,
2824 2318 3065 2364 naturam
3118 2310 3348 2364 divinam
3401 2312 3688 2378 humanae,
3739 2327 3836 2367 sua

2256 2400 2472 2453 nostris.
2504 2399 2687 2454 Viden’
2711 2400 2854 2454 urbis
2902 2401 3121 2470 hujusce
3151 2401 3406 2471 fulgorem
3431 2445 3444 2468 ,
3473 2413 3838 2473 quantumque

2260 2500 2308 2544 te
2352 2505 2381 2543 a
2421 2490 2682 2558 principio
2731 2491 3157 2544 collustraverit?
3208 2492 3472 2559 quomodo
3522 2495 3610 2546 tibi
3659 2510 3842 2561 regem

2258 2583 2434 2637 statim
2463 2581 2696 2636 ostendit
2724 2584 2774 2635 in
2810 2593 2897 2636 tua
2929 2583 3106 2650 specie
3129 2622 3146 2648 ,
3177 2585 3325 2651 quasi
3355 2585 3404 2636 in
3436 2586 3610 2638 medio
3639 2587 3846 2640 exerci-

2259 2677 2350 2730 tu?
2378 2675 2558 2742 Neque
2588 2674 2728 2727 enim
2769 2674 2842 2727 ibi
2869 2689 2961 2728 rex
2993 2690 3207 2743 semper
3234 2675 3540 2744 dignitatem
3565 2692 3714 2729 suam
3748 2694 3842 2730 os-

2261 2767 2446 2833 tendit,
2475 2765 2569 2821 sed
2608 2766 2768 2820 missa
2809 2781 3039 2834 purpura
3068 2776 3121 2819 et
3163 2765 3461 2820 diademate
3493 2807 3506 2829 ,
3555 2767 3841 2822 militarem

2260 2872 2401 2926 saepe
2427 2865 2630 2910 vestem
2663 2855 2854 2908 induit.
2894 2854 2998 2908 Sed
3028 2855 3097 2907 ibi
3126 2855 3376 2923 quidem,
3410 2871 3476 2910 ne
3521 2865 3676 2909 notus
3717 2872 3845 2909 cum

2261 2949 2349 3014 sit,
2381 2947 2564 3002 hostes
2590 2946 2655 3001 ad
2684 2961 2744 3001 se
2769 2944 3035 3008 attrahat;
3073 2944 3159 2999 hic
3185 2955 3370 3000 contra
3393 2987 3406 3008 ,
3441 2962 3507 2998 ne
3533 2955 3688 2998 notns
3717 2961 3843 3000 eum

2266 3047 2356 3110 sit,
2377 3044 2585 3100 hostem
2607 3061 2672 3100 ex
2700 3044 2978 3099 conﬂictus
2999 3043 3188 3096 timore
3214 3043 3266 3095 in
3297 3040 3469 3110 fugam
3490 3047 3680 3104 vertat,
3707 3053 3844 3093 neve

2266 3151 2392 3191 suos
2415 3138 2698 3192 conturbet
2725 3136 2984 3190 :salutem
3031 3136 3173 3187 enim
3217 3133 3382 3201 ipsis,
3426 3147 3529 3184 non
3579 3139 3841 3184 terrorem

2266 3225 2456 3282 afferre
2485 3230 2681 3281 studet.
2716 3227 2838 3282 Ideo
2862 3225 3038 3281 statim
3062 3225 3233 3294 ipsum
3252 3224 3343 3276 illo
3365 3221 3579 3276 nomine
3608 3221 3839 3287 vocavit,

2266 3332 2457 3385 nempe
2482 3317 2681 3372 Jesum.
2712 3319 2819 3372 lloc
2839 3318 3034 3387 quippe
3055 3330 3247 3369 nomen
3277 3313 3431 3368 Jesus
3457 3327 3560 3366 non
3589 3321 3670 3366 est
3692 3311 3846 3365 Grato

2263 3421 2407 3472 cum;
2432 3407 2525 3462 sed
2549 3408 2802 3462 llebraica
2827 3408 2998 3477 lingua
3017 3407 3094 3461 sic
3109 3404 3404 3475 appellatur
3427 3403 3601 3464 Jesus;
3631 3401 3680 3455 id
3698 3401 3842 3470 quod

2264 3495 2450 3551 Graece
2470 3498 2750 3565 significat,
2779 3507 2960 3567 Σωτὴρ,
2987 3497 3232 3552 Salvator
3259 3513 3272 3549 :
3302 3495 3542 3549 Salvator
3567 3509 3726 3564 porro
3758 3494 3845 3548 di-

2261 3587 2420 3657 citur,
2443 3589 2583 3658 quod
2609 3591 2820 3648 salvum
2849 3588 3007 3644 faciat
3030 3587 3282 3659 populum
3303 3600 3480 3640 suum.

2341 3767 2392 3822 5.
2409 3766 2570 3821 Vides
2595 3769 2858 3838 quomodo
2879 3769 3173 3826 auditorem
3198 3772 3386 3834 erexit,
3408 3783 3666 3829 consueto
3693 3789 3849 3832 more

2268 3856 2428 3910 verba
2455 3856 2674 3924 faciens,
2703 3875 2764 3914 ac
2787 3875 2882 3929 per
2907 3877 2968 3915 ea
2998 3877 3116 3931 quae
3145 3862 3290 3928 dicit,
3321 3863 3409 3917 illa
3437 3879 3554 3932 qua;
3579 3878 3726 3933 Spem
3753 3881 3846 3920 su-

2265 3958 2454 4016 perant
2479 3950 2631 4005 nobis
2660 3952 2904 4005 omnibus
2935 3953 3174 4008 indicat?
3201 3955 3331 4007 Nam
3363 3955 3635 4024 utriusque
3665 3958 3846 4010 nomi-

2263 4039 2346 4090 nis
2380 4053 2568 4108 magna
2593 4051 2708 4095 erat
2736 4042 2873 4110 apud
2898 4043 3109 4098 Judmos
3148 4045 3396 4114 cognitio.
3432 4046 3562 4113 Quia
3589 4046 3734 4100 enim
3763 4047 3847 4102 in-

2259 4139 2562 4196 exspectata
2618 4131 2858 4201 quaedam
2913 4134 3114 4203 agenda
3160 4144 3353 4200 erant,
3403 4136 3513 4204 jam
3567 4137 3845 4193 nominum

2261 4217 2443 4287 figuras
2467 4232 2886 4290 praecesserant;
2917 4225 2988 4278 ita
3016 4234 3073 4278 ut
3097 4226 3205 4293 jam
3232 4227 3357 4280 olim
3389 4229 3564 4280 omnis
3592 4229 3844 4286 novitati;

2246 4323 2510 4378 tumultus
2525 4332 2820 4392 praareptus
2836 4330 2996 4376 esset.
3011 4321 3167 4377 Jesus
3183 4338 3326 4376 enim
3343 4333 3564 4378 vocatur
3574 4325 3820 4394 qui,p0st

2246 4412 2506 4482 Moysen],
2528 4413 2784 4482 populum
2805 4412 2856 4465 in
2878 4419 3078 4466 terram
3101 4413 3474 4482 promissionis
3494 4415 3816 4471 introduxit.

2251 4502 2448 4557 Vidisti
2493 4503 2741 4573 figuram,
2779 4501 2902 4556 vide
2942 4509 2996 4556 et
3040 4502 3338 4556 veritatem.
3384 4501 3478 4555 Ille
3517 4503 3570 4556 in
3616 4513 3851 4584 terram.

2247 4593 2668 4661 promissionis,
2719 4592 2806 4646 hic
2849 4593 2901 4646 in
2940 4592 3130 4646 caelum
3173 4601 3227 4646 et
3268 4592 3320 4646 in
3360 4593 3596 4648 caelestia
3637 4590 3844 4690 bona

2248 4683 2336 4737 ille
2383 4691 2503 4752 post
2563 4692 2786 4738 mortem
2829 4682 3028 4753 Moysis
3055 4722 3070 4746 ,
3115 4683 3202 4737 hic
3248 4691 3533 4753 postquam
3580 4685 3662 4738 lex
3705 4682 3825 4762 ces-l‘

2250 4777 2392 4830 savit
2435 4795 2449 4831 :
2494 4777 2583 4831 ille
2616 4787 2676 4831 ut
2715 4777 2898 4846 populi
2945 4777 3075 4841 dux,
3125 4778 3212 4832 hic
3250 4786 3307 4832 ut
3332 4793 3445 4832 rex.
3497 4776 3600 4832 Sed
3644 4793 3712 4831 ne
3731 4777 3845 4847 Je-_

2251 4869 2369 4921 sum
2409 4866 2632 4922 audiens
2670 4882 2732 4920 ex
2772 4867 3056 4921 nominum
3097 4867 3450 4922 similitudine
3487 4867 3778 4938 decipiaris
3804 4859 3848 4935 ,⁸

2251 4955 2398 5010 aliud
2416 4956 2658 5010 subdidit
2684 4972 2698 5008 :
2726 4954 2854 5010 Iesu
2874 4955 3074 5010 Christi
3098 4957 3200 5024 ﬁlii
3225 4956 3423 5010 David.
3447 4957 3540 5011 Ille
3562 4972 3691 5010 vero
3715 4971 3823 5009 non

2251 5063 2316 5101 ex
2345 5045 2564 5112 Davide,
2594 5048 2686 5101 sed
2711 5063 2776 5101 ex
2797 5048 2901 5100 alia
2926 5049 3069 5102 tribu
3097 5057 3235 5104 erat.
3264 5049 3368 5102 Sed
3389 5062 3488 5100 cur
3510 5047 3710 5101 Iibrmn
3738 5061 3829 5100 vo-

2255 5145 2344 5191 cat
2368 5139 2736 5207 generationis
2758 5136 2886 5193 Jesu
2912 5139 3136 5205 Christi,
3165 5155 3286 5194 cum
3315 5148 3496 5192 tamen
3523 5153 3630 5191 non
3649 5137 3822 5192 solam

2315 5361 2334 5392 ³
2359 5367 2508 5438 Savil.
2534 5374 2587 5417 et
2615 5369 3043 5438 Morelqnaturam
3068 5378 3298 5438 nostram.
3325 5371 3424 5420 Sed
3451 5375 3822 5438 voxmaturam,

2255 5429 2401 5494 deest
2437 5432 2744 5494 in‘omnibus
2767 5429 2896 5494 pene
2935 5431 3296 5494 Matiuscriptis,
3329 5446 3420 5481 nec
3440 5429 3742 5494 exprimitur
3761 5429 3824 5494 ab

2257 5489 2464 5539 Amano.
2495 5491 2615 5540 Nam
2644 5489 3010 5556 vox,'nostrant,
3036 5489 3252 5544 releriur
3270 5489 3329 5544 ad
3357 5489 3826 5557 roceui,generatio,

2257 5562 2310 5598 su
2317 5564 2417 5612 pra.
