4060 6156
279 188 349 241 25
1437 195 1498 249 ΙΝ
1539 199 1855 254 ΜΑΤΤΙΙίΕΙ

1979 205 2203 262 norum.
2248 211 2308 266 η.
2817 175 2826 182 ’
3495 218 3566 272 ειι

289 297 533 360 ἀναστὰς
581 299 691 351 τῶν
747 301 1060 371 βασιλικῶν,
1122 305 1215 357 καὶ
1258 305 1337 367 εἰς
1378 305 1474 374 τὴν
1507 303 1632 372 γῆν,
1671 304 1764 356 καὶ
1794 305 1872 368 εἰς

288 387 456 440 αὐτὸν
487 389 579 442 τὸν
605 391 740 462 ᾅδην
757 394 921 459 ἥλατο
942 396 969 447 6
997 395 1146 458 Θεὸς,
1176 397 1267 448 καὶ
1289 397 1381 448 ἐπὶ
1396 396 1493 465 τῆς
1517 395 1873 466 παρατάξεως

291 475 445 547 ἐστη-
479 479 594 544 πῶς
625 483 682 535 δὲ
729 483 776 515 ⁸⁸
806 485 1274 555 ἀντιπαρετάξατο
1302 489 1330 540 6
1355 486 1617 553 διάϐολος,
1667 488 1867 558 μᾶλλον

289 566 348 620 δέ
368 570 430 620 οὐ
453 571 570 644 Θεῷ
601 575 810 646 γυμνῷ,
847 577 979 630 ἀλλά
1015 578 1132 648 Θεῷ
1173 579 1483 650 ἀνθρωπίνῃ
1513 581 1871 650 κρυπτομένῳ

295 656 476 725 φύσει.
529 665 638 717 Καὶ
674 666 735 718 τὸ
782 667 845 738 δὴ
891 668 1218 738 θαυμαστὸν,
1257 670 1337 723 ὅτι
1383 670 1598 742 Θανάτῳ
1645 670 1872 724 θάνατον

292 749 412 816 ὕψει
450 751 724 820 λυόμενον,
758 755 846 805 καὶ
889 758 1130 826 κατάραν
1181 756 1578 826 ἀφανιζομένην
1630 759 1864 829 κατάρᾳ,

293 839 387 892 καὶ
407 839 478 892 δι’
500 834 574 894 ὧν
613 844 830 912 ἴσχυσεν
868 846 894 896 ὁ
931 845 1196 908 διάϐολος,
1227 845 1314 898 διὰ
1342 847 1545 900 τούτων
1573 845 1736 899 αὐτοῦ
1769 865 1868 901 κα-

289 927 624 1000 ταλυομένην
652 936 751 1002 τὴν
780 935 1086 1002 τυραννίδα.
1134 936 1516 1004 Διαναστῶμεν
1546 937 1742 1002 τοίνυν,
1773 939 1866 991 καὶ

291 1019 369 1088 μὴ
400 1020 764 1092 καθεύδωμεν·
805 1025 912 1078 ίδού
957 1025 1065 1095 γὰρ
1092 1026 1201 1096 ὁρῶ
1236 1027 1334 1085 τάς
1366 1025 1539 1090 πύλας
1559 1029 1690 1096 ἡμῖν
1720 1029 1866 1081 ἀνοι-

288 1110 546 1178 γομένας·
575 1112 690 1164 ἀλλ’
729 1113 983 1182 εἰσίωμεν
1029 1115 1166 1184 μετὰ
1205 1113 1457 1178 εὐταξίας
1496 1116 1714 1186 ἀπάσης
1770 1116 1862 1169 καὶ

285 1201 511 1270 τρόμου,
558 1203 667 1255 τῶν
706 1204 986 1276 προθύρων
1015 1205 1193 1259 αὐτῶν
1233 1207 1434 1269 εὐθέως
1475 1206 1861 1271 ἐπιϐαίνοντες.

287 1291 424 1345 Τίνα
449 1291 506 1344 δέ
539 1294 655 1347 ἐστι
683 1294 854 1348 ταῦτα
882 1296 952 1348 τὰ
991 1295 1268 1367 πρόθυρα;
1323 1299 1537 1364 Βίϐλος
1574 1299 1864 1368 γενέσεως

303 1383 506 1449 Ἰησού
547 1386 828 1458 Χριστοῦ,
875 1387 1010 1442 υἱοῦ
1065 1388 1263 1453 Δαυῒδ,
1300 1389 1436 1443 υἱοῦ
1495 1389 1763 1460 Ἀϐραάμ.
1798 1391 1863 1444 Τί

285 1470 501 1538 λέγεις;
539 1475 668 1543 περὶ
706 1474 799 1527 τοῦ
826 1476 1146 1545 μονογενοῦς
1175 1477 1304 1530 Υίοῦ
1342 1479 1436 1531 τοῦ
1468 1479 1602 1533 Θεοῦ
1629 1480 1864 1544 διαλέξε-

286 1561 412 1614 σθαι
443 1564 488 1593 ⁸⁸
517 1565 846 1633 ἐπηγγείλω,
892 1567 1101 1620 καὶτοῦ
1147 1569 1310 1622 Δαυῒδ
1353 1570 1728 1641 μνημονεύεις,
1765 1573 1862 1625 ἀν-

284 1650 505 1719 θρώπου
541 1654 675 1722 μετά
730 1655 929 1725 μυρίας
979 1658 1170 1726 γενεὰς
1207 1661 1523 1730 γενομένου,
1551 1664 1646 1715 καὶ
1699 1663 1862 1716 αὐτὸν

283 1736 426 1792 εἶναι
461 1743 567 1812 φὴς
598 1743 690 1796 καὶ
732 1744 941 1814 πατέρα
971 1747 1065 1798 καὶ
1103 1749 1398 1818 πρόγονον;
1461 1751 1738 1822 Ἑπίσχες,
1767 1753 1863 1806 καὶ

285 1831 365 1901 μὴ
420 1834 595 1886 πάντα
643 1834 853 1904 ἀθρόως
905 1834 1058 1905 ζήτει
1112 1838 1320 1908 μαθεῖν,
1362 1841 1475 1894 ἀλλ’
1539 1843 1720 1912 ἡρέμα
1768 1844 1862 1896 καὶ

282 1920 426 1971 κατά
470 1923 684 1992 μικρόν.
727 1924 813 1976 Ἐν
862 1927 971 1996 γὰρ
1003 1928 1115 1990 τοῖς
1167 1928 1455 1999 προθύροις
1502 1931 1736 2002 ἕστηκας
1779 1933 1859 1985 ἔτι

285 2010 417 2078 παρ’
467 2011 606 2064 αὐτά
653 2013 722 2065 τά
758 2014 1087 2084 προπύλαια·
1122 2019 1173 2071 τί
1222 2020 1398 2073 τοίνυν
1445 2021 1690 2086 σπεύδεις
1724 2024 1860 2094 πρὸς

280 2101 353 2153 τά
380 2101 545 2155 ἄδυτα
567 2120 581 2168 ;
612 2104 777 2157 Οὔπω
805 2106 872 2159 τὰ
895 2106 998 2171 ἔξω
1015 2109 1194 2173 καλῶς
1209 2112 1598 2176 κατώπτευσας
1624 2115 1856 2169 ἅπαντα.

282 2191 420 2244 Οὐδὲ
455 2193 560 2262 γάρ
591 2195 804 2265 ἐκείνην
833 2214 915 2249 σοι
959 2198 1097 2261 τέως
1135 2200 1426 2272 διηγοῦμαι
1461 2205 1559 2274 τὴν
1586 2205 1855 2274 γέννησιν·

286 2281 490 2350 μᾶλλον
517 2283 573 2335 δέ
595 2285 716 2337 οὐδὲ
739 2285 836 2356 τὴν
863 2287 1000 2356 μετά
1027 2289 1216 2344 ταῦτα·
1245 2293 1614 2362 ἀνέκφραστος
1635 2296 1742 2366 γὰρ
1765 2298 1858 2350 καὶ

283 2373 616 2445 ἀπόρρητος.
652 2377 762 2429 Καὶ
807 2378 912 2448 πρὸ
944 2381 1080 2448 ἐμοῦ
1120 2397 1200 2434 σοι
1228 2383 1384 2436 τοῦτο
1412 2387 1439 2436 6
1462 2387 1748 2457 προφήτης
1783 2385 1859 2440 εἷ·-

282 2482 387 2519 πεν
426 2467 671 2532 Ἡσαΐας·
708 2471 1099 2543 ἀνακηρύττων
1131 2475 1238 2547 γάρ
1278 2477 1440 2530 αὑτοῦ
1469 2478 1529 2530 τὸ
1561 2479 1732 2542 πάθος
1762 2479 1858 2532 καὶ

277 2556 382 2627 τὴν
426 2559 620 2630 πολλὴν
651 2562 791 2634 ὑπὲρ
837 2568 934 2634 τῆς
985 2568 1310 2638 οἰκουμένης
1366 2570 1710 2640 κηδεμονίαν,
1764 2573 1856 2625 κα)⁴

275 2648 713 2721 ἐκπληττόμενος
739 2656 823 2720 τίς
872 2656 946 2709 ὣν
995 2658 1047 2710 τί
1098 2659 1308 2726 γέγονε,
1343 2663 1436 2714 καὶ
1473 2663 1576 2714 ποῦ
1627 2664 1851 2734 κατέῆη,

276 2737 394 2811 [2|]
428 2742 687 2812 ἀνεϐόησε
732 2748 872 2817 μέγα
907 2750 1000 2802 καὶ
1043 2750 1293 2824 λαμπρὸν
1322 2753 1464 2806 οὕτω
1505 2755 1699 2824 λέγων·
1735 2757 1855 2825 Τὴν

274 2832 490 2897 γενεὰν
511 2835 696 2889 αὐτοῦ
712 2839 802 2903 τίς
837 2839 1182 2909 διηγήσεται
1204 2860 1220 2905 ;

350 2921 414 2989 β’.
436 2925 508 2976 Οὐ
529 2925 702 2980 τοίνυν
724 2931 851 3000 περὶ
865 2932 1076 3001 ἐκείνης
1090 2935 1221 3004 ἡμῖν
1235 2937 1263 2986 ὁ
1278 2935 1430 3002 λόγος
1445 2936 1563 3000 νῦν,
1580 2937 1714 2989 ἀλλά
1729 2955 1792 2989 πε
1801 2938 1853 3008 ρὶ

273 3013 479 3084 ταύτης
509 3016 608 3086 τῆς
640 3019 808 3085 κάτω,
836 3022 934 3090 τῆς
964 3024 1020 3076 ἐν
1051 3027 1208 3096 τῇγῇ
1248 3027 1562 3097 γενομένης,
1583 3028 1682 3098 τῆς
1717 3028 1852 3097 μετὰ

279 3106 489 3174 μυρίων
523 3110 832 3181 μαρτύρων.
865 3114 971 3165 Καὶ¹
1006 3114 1132 3185 περὶ
1157 3115 1359 3184 ταύτης
1377 3117 1454 3181 δέ,
1491 3116 1566 3180 ὡς
1598 3120 1730 3188 ἡμῖν
1757 3117 1850 3171 δυ-

279 3208 442 3262 νατὸν
475 3211 645 3260 εἰπεῖν
682 3208 993 3278 δεξαμένοις
1039 3209 1136 3279 τὴν
1190 3208 1284 3262 τοῦ
1328 3210 1642 3279 Πνεύματος
1672 3210 1849 3277 χάριν,

278 3297 424 3351 οὕτω
447 3298 835 3368 διηγησόμεθα.
857 3299 990 3351 Οὐδέ
1023 3298 1130 3367 γάρ
1156 3299 1359 3368 ταύτην
1397 3298 1534 3368 μετὰ
1556 3297 1852 3366 σαφηνείας

280 3387 465 3456 πάσης
492 3387 840 3457 παραστῆσαι
871 3386 968 3441 ἔνι·
994 3388 1114 3440 ἐπεὶ
1134 3389 1230 3440 καὶ
1254 3374 1389 3459 α’ύτη
1418 3388 1847 3458 φρικωδεστάτη.

277 3478 373 3548 Μὴ
405 3478 578 3530 τοίνυν
633 3476 807 3548 μικρά
853 3476 1080 3549 νομίσῃς
1133 3476 1370 3541 ἀκούειν,
1412 3476 1615 3545 ταύτην
1637 3475 1850 3528 ἀκούων

278 3569 378 3639 τὴν
403 3569 675 3639 γέννησιν·
726 3568 839 3622 ἀλλ’
872 3569 1172 3638 ἀνάστησόν
1213 3586 1307 3620 σου
1329 3569 1427 3638 τὴν
1454 3568 1707 3630 διάνοιαν,
1757 3567 1850 3619 καὶ

276 3657 480 3720 εὐθέως
506 3657 712 3728 φρίξον,
742 3657 981 3721 ἀκούσας
1008 3659 1088 3712 ὅτι
1111 3658 1240 3721 Θεὸς
1263 3659 1352 3710 ἐπὶ
1375 3659 1476 3726 γῆς
1515 3653 1698 3728 ἦλθεν.
1741 3655 1849 3710 Οὖ-

275 3765 356 3800 τω
386 3747 494 3818 γὰρ
520 3749 677 3802 τοῦτο
723 3749 1031 3819 θαυμαστὸν
1075 3750 1167 3801 καὶ
1196 3749 1493 3818 παράδοξον
1538 3745 1627 3817 ἦν,
1649 3749 1723 3810 ὡς
1756 3748 1850 3800 καὶ

276 3839 402 3901 τοὺς
458 3839 722 3908 ἀγγέλους
765 3839 924 3911 χορὸν
971 3837 1110 3910 ὑπὲρ
1154 3837 1358 3891 τούτων
1410 3839 1708 3906 στήσαντας
1751 3836 1848 3902 τὴν

277 3928 420 3999 ὑπὲρ
467 3928 568 3998 τῆς
619 3930 942 4000 οἰκουμένης
973 3930 1063 3982 ἐπὶ
1109 3928 1315 3991 τούτοις
1352 3926 1642 3995 ἀναφέρειν
1679 3925 1849 3994 εὐφη-

281 4019 429 4088 μίαν,
471 4020 564 4072 καὶ
600 4020 724 4082 τοὺς
761 4021 1044 4090 προφήτας
1088 4017 1293 4072 ἀνωθεν
1346 4017 1504 4070 τοῦτο
1550 4015 1847 4086 ἐκπλήττε-

281 4109 423 4172 σθαι,
458 4111 541 4162 ὅτι
588 4109 711 4162 Ἐπὶ
739 4108 848 4176 τῆς
871 4109 983 4177 γῆς
1021 4108 1208 4178 ὤφθη,
1242 4107 1340 4160 καὶ
1369 4106 1492 4172 τοῖς
1519 4103 1848 4172 ἀνθρώποις

275 4200 766 4270 συνανεστράφη.
799 4202 908 4254 Καὶ
929 4201 1034 4270 γὰρ
1068 4201 1110 4234 ⁸⁷
1133 4201 1339 4270 σφόδρα
1370 4197 1664 4270 παράδοξον
1685 4196 1848 4250 ἀκοῦ-

278 4308 391 4355 σαι,
426 4291 557 4347 ὅτιὸ
588 4292 630 4323 ⁸⁸
663 4291 794 4355 Θεὸς
832 4294 860 4345 6
893 4293 1202 4362 ἀπόρρητος
1235 4291 1300 4355 ⁸³,
1336 4290 1428 4343 καὶ
1457 4289 1844 4360 ἀνέκφραστος,

277 4381 374 4432 καὶ
391 4380 766 4452 ἁπερινόητος,
801 4382 894 4434 καὶ
926 4380 1004 4451 τῷ
1033 4382 1206 4453 Πατρὶ
1228 4380 1355 4444 ἴσος,
1381 4379 1469 4434 διὰ
1486 4381 1698 4450 μήτρας
1716 4373 1846 4449 ἦλθε

276 4469 633 4540 παρθενικῆς,
669 4473 762 4525 καὶ
789 4471 1043 4541 γενέσθαι
1090 4473 1154 4524 ἐκ
1195 4472 1451 4540 γυναικὸς
1501 4468 1844 4535 κατεδέξατο,

277 4563 370 4615 καὶ
401 4564 547 4632 σχεῖν
574 4564 870 4634 προγόνους
898 4563 988 4617 τὸν
1009 4563 1171 4617 Δαυῒδ
1193 4563 1287 4616 καὶ
1319 4564 1408 4615 τὸν
1449 4559 1716 4631 Ἀϐραάμ.
1736 4561 1846 4614 Καὶ

276 4653 328 4704 τί
367 4652 513 4720 λέγω
560 4653 648 4707 τὸν
698 4654 858 4706 Δαυῒδ
899 4654 991 4706 καὶ
1042 4654 1132 4706 τὸν
1189 4653 1468 4723 Ἀϐραάμ,
1518 4653 1592 4705 Τὸ
1638 4652 1748 4725 γὰρ
1783 4653 1847 4724 δὴ

275 4744 726 4815 φρικωδέστερον,
755 4745 852 4808 τὰς
882 4747 1146 4814 γυναῖκας
1189 4745 1400 4805 ἐκείνας
1439 4745 1506 4807 ⁷ο,
1537 4737 1612 4796 ὧν
1645 4744 1848 4815 ἀρτίως

273 4835 648 4907 ἐμνήσθημεν.
699 4837 880 4889 Ταῦτα
928 4838 1158 4902 ἁκούων,
1203 4835 1484 4906 ἀνάστηθι,
1532 4835 1626 4888 καὶ
1683 4835 1847 4906 μηδὲν

268 4929 527 4981 ταπεινὸν
558 4926 926 4998 ὑποπτεύσῃς,
958 4927 1093 4980 ἀλλά
1137 4929 1232 4980 καὶ
1265 4925 1353 4978 διὰ
1382 4926 1538 4978 τοῦτο
1576 4924 1706 4976 αὐτὸ
1738 4923 1846 4993 μά-

269 5019 431 5071 λιστα
462 5017 760 5088 θαύμασον,
788 5017 868 5069 ὅτι
900 5017 1028 5080 Υἱὸς
1059 5015 1132 5069 ὣν
1162 5016 1256 5070 τοῦ
1295 5016 1532 5086 ἀνάρχου
1561 5013 1717 5076 Θεοῦ,
1753 5015 1846 5066 καὶ

272 5110 497 5178 γνήσιος
528 5107 675 5172 Υἱὸς,
703 5107 962 5176 ἠνέσχετο
1011 5107 1238 5161 ἀκοῦσαι
1272 5107 1366 5159 καὶ
1400 5104 1560 5158 Δαυῒδ
1597 5105 1730 5168 υίὸς,
1759 5105 1848 5157 ἵνα

274 5199 335 5252 σέ
365 5199 564 5270 ποιήσῃ
596 5199 708 5252 υἱὸν
730 5197 886 5251 Θεοῦ·
913 5197 1166 5267 ἠνέσχετο
1190 5199 1401 5268 πατέρα
1427 5195 1574 5266 αὐτῷ
1595 5194 1845 5264 γενέσθαι

269 5289 481 5352 δοῦλον,
507 5290 594 5342 ἵνα
628 5289 710 5342 σοὶ
738 5289 816 5359 τῷ
855 5288 1026 5358 δούλῳ
1060 5288 1276 5358 Πατέρα
1295 5289 1495 5358 ποιήσῃ
1524 5287 1614 5340 τὸν
1641 5285 1847 5338 Δεσπόι-

269 5398 392 5452 την.
423 5376 574 5445 Εἶδες
629 5384 692 5436 ἐκ
739 5380 1038 5453 προοιμίων
1071 5379 1269 5444 εὐθέως
1297 5377 1384 5433 οἷα
1425 5381 1492 5434 τά
1520 5380 1844 5450 εὐαγγελια;

353 5597 401 5629 ⁸⁸
435 5595 517 5664 δὲ]
540 5593 580 5644 -Ξ-
605 5593 722 5659 Θεῷ
754 5593 813 5646 Ε.
893 5593 936 5625 ⁸⁵
958 5592 1307 5664 διαλέςασθαι

285 5665 426 5720 Edd.
500 5663 552 5698 3°
595 5663 927 5735 ἀπόρρητος]
953 5664 1257 5735 ἀπρόσιτος
1277 5663 1336 5735 Ε.

287 5735 474 5792 cancri
510 5735 664 5790 ἀλλά.
706 5732 717 5735 ’
741 5732 787 5765 ⁷³
817 5732 1198 5800 πρόαναφωνεῖ
1227 5732 1285 5785 Β.
1310 5733 1414 5786 Αη.

1341 5607 1422 5661 pr.
1462 5593 1521 5646 ἰ).
1553 5591 1894 5659 διαλέγεσθαι
1924 5591 1986 5647 Ε.

1417 5663 1460 5694 "°
1490 5658 1724 5733 ἐκείναςῖ
1745 5666 1784 5713 +
1815 5663 1910 5733 τὰς
1935 5662 2141 5733 πόρνας

1509 5725 1912 5802 πδίτοιοῦτονᾘ-
1932 5725 2112 5802 ἦν’Β.-
2161 5729 2217 5802 "_
2350 5725 2529 5802 x9119

1990 312 2058 369 Ιεῗί
2099 311 2156 368 δὲ
2206 313 2320 386 [22]
2372 313 2728 384 ἀμφιϐάλλεις
2784 315 2908 382 περὶ
2957 313 3062 364 τῶν
3119 312 3247 370 σῶν,
3292 310 3399 362 ἀπὸ
3446 322 3555 361 των

1989 409 2196 463 ἐκείνου
2219 409 2312 461 καὶ
2347 409 2518 460 ταῦτα
2567 407 2803 459 πίστευε.
2835 405 2972 456 Πολύ
3000 405 3107 473 γὰρ
3134 401 3551 469 δυσκολώτερον,

1989 501 2110 554 ὅσον
2135 504 2212 564 είς
2241 499 2574 571 ἀνθρώπινον
2603 498 2878 568 λογισμὸν,
2911 497 3042 549 Θεὸν
3084 495 3363 565 ἄνθρωπον
3396 493 3551 560 γενέ-

1991 591 2134 652 σθαι,
2179 592 2210 662 ἢ
2257 590 2539 661 ἄνθρωπον
2564 590 2674 642 υίὺν
2704 588 2837 640 Θεοῦ
2884 584 3232 656 χρηματίσαι.
3263 585 3428 636 Ὅταν
3459 579 3552 635 οὖν

1989 681 2244 752 ἀκούσῃς,
2275 683 2360 733 ὅτι
2392 683 2419 733 6
2446 681 2571 743 Υἱὸς
2592 678 2684 733 τοῦ
2711 678 2842 731 Θεοῦ
2873 678 2983 739 υίὸς
3012 675 3104 728 τοῦ
3133 675 3293 726 Δαυῖδ
3324 676 3435 724 ἐστ-ι
3461 673 3554 724 καὶ

1988 769 2082 822 τοῦ
2111 769 2379 838 Ἀϐραὰμ,
2408 769 2479 839 μὴ
2502 767 2802 838 ἀμφίϐαλλε
2827 766 3027 829 λοιπὸν,
3058 765 3138 816 ὅτι
3161 763 3249 814 καὶ
3282 764 3365 823 σὺ,
3393 764 3420 814 6
3441 761 3555 822 υίὸς

1979 860 2073 912 τοῦ
2119 862 2310 930 Ἀδὰμ,
2346 863 2460 924 υίὸς
2498 861 2596 932 ἔσῃ
2623 860 2716 911 τοῦ
2764 857 2918 910 Θεοῦ.
2961 855 3096 910 Οὐδέ
3129 855 3236 924 γὰρ
3274 853 3394 922 είκῆ
3453 851 3547 905 καὶ

1979 946 2155 1016 μάτην
2187 948 2434 1001 τοσοῦτον
2472 946 2663 999 ἑαυτὸν
2707 942 3087 1003 ἐταπείνωσεν,
3125 941 3173 991 εί
3218 939 3291 1008 μὴ
3323 937 3547 1006 ἔμελλεν

1977 1033 2122 1102 ἡμᾶς
2144 1032 2399 1102 ἀνυψοῦν.
2441 1030 2733 1100 Ἐγεννήθη
2759 1029 2865 1098 γὰρ
2895 1029 2938 1057 '”
2970 1025 3112 1078 κατὰ
3143 1026 3338 1093 σάρκα,
3370 1022 3455 1075 ἵνα
3479 1021 3544 1074 σὺ

1973 1122 2240 1192 γεννηθῇς
2285 1123 2426 1176 κατά
2473 1121 2708 1190 πνεῦμα·
2763 1118 3020 1188 ἐγεννήθη
3057 1117 3121 1167 ἐκ
3152 1112 3430 1182 γυναικὸς,
3459 1111 3545 1162 ἵνα

1974 1213 2039 1264 σὺ
2063 1213 2246 1285 παύσῃ
2279 1212 2532 1280 γυναικὸς
2561 1209 2635 1263 ὢν
2663 1210 2791 1272 υἱός.
2835 1208 2932 1260 Διά
2954 1205 3109 1258 τοῦτο
3133 1204 3296 1273 διπλῆ
3321 1203 3543 1271 γέγονεν

1972 1303 2005 1370 ή
2033 1303 2303 1373 γέννησις,
2337 1301 2432 1355 καὶ
2460 1303 2669 1353 ἐοικυῖα
2691 1301 2842 1368 ἡμῖν,
2873 1298 2966 1348 καὶ
2997 1294 3396 1366 ὑπερϐαίνουσα
3441 1291 3542 1362 τὴν

1972 1391 2263 1462 ἡμετέραν.
2297 1393 2368 1442 Τὸ
2400 1391 2497 1460 μὲν
2531 1389 2639 1458 γὰρ
2664 1391 2728 1440 ἐκ
2764 1385 3020 1454 γυναικὸς
3060 1383 3383 1454 γεννηθῆναι
3410 1383 3542 1451 ἡμῖν

1972 1482 2267 1535 συνέϐαινε·
2305 1482 2366 1534 τὸ
2395 1481 2452 1534 δέ
2509 1479 2582 1550 μὴ
2606 1478 2664 1542 ἐξ
2696 1478 2945 1547 αἵματος,
2995 1475 3126 1546 μηδέ
3153 1476 3217 1526 ἐκ
3242 1471 3539 1544 θελήματος

1971 1574 2230 1644 σαρκὸςῆ
2263 1573 2473 1643 ἀνδρὸς,
2510 1572 2623 1625 ἀλλ’
2671 1573 2736 1624 ἐκ
2783 1571 2828 1600 ⁷⁸
2875 1567 3186 1636 Πνεύματος
3226 1564 3401 1632 ἁγίου,
3439 1563 3537 1632 τὴν

1969 1663 2402 1734 ὑπερϐαίνουσαν
2439 1664 2584 1732 ἡμᾶς
2631 1662 2725 1715 καὶ
2749 1660 2844 1730 τὴν
2886 1658 3181 1729 μέλλουσαν
3222 1653 3537 1726 προανεφὼ-

1966 1769 2047 1808 νει
2075 1755 2121 1785 ⁷³
2145 1753 2412 1824 γέννησιν,
2437 1753 2505 1822 ἢν
2526 1755 2657 1823 ἡμῖν
2690 1749 2910 1821 ἔμελλεν
2936 1751 3003 1802 ἐκ
3031 1746 3167 1800 Πνεύ
3177 1762 3344 1817 ματος
3376 1743 3536 1815 χαρί-

1966 1843 2170 1907 ζεσθαι.
2190 1845 2300 1898 Καὶ
2345 1845 2520 1898 πάντα
2547 1843 2602 1896 δὲ
2637 1842 2705 1896 τὰ
2736 1842 2870 1896 ἄλλα
2902 1839 3126 1894 τοιαῦτα
3166 1833 3257 1908 ἦν.
3294 1835 3402 1889 Καὶ
3425 1835 3533 1904 γὰρ

1964 1933 2023 1986 τὸ
2043 1933 2264 2004 λουτρὸν
2293 1933 2536 1986 τοιοῦτον
2557 1933 2622 1964 ⁷⁸·
2648 1927 2759 2000 εἶχε
2801 1930 2910 2000 γάρ
2934 1947 2986 1981 τι
3010 1927 3102 1981 τοῦ
3135 1923 3386 1986 παλαιοῦ,
3419 1918 3534 1990 εἷχὲ

1963 2040 2014 2077 τι
2044 2023 2139 2077 καὶ
2170 2023 2262 2075 τοῦ
2310 2022 2518 2075 καινοῦ.
2573 2021 2646 2074 Τὸ
2705 2022 2802 2093 μὲν
2835 2020 2942 2092 γὰρ
2969 2018 3073 2070 ὑπὸ
3121 2015 3214 2068 τοῦ
3255 2013 3530 2084 προφήτου

1965 2115 2344 2184 βαπτισθῆναι,
2367 2114 2428 2166 τὸ
2456 2115 2502 2145 ⁷⁸
2533 2093 2755 2167 παλαιὸν
2805 2112 3030 2165 ἐδείκνυ·
3058 2108 3118 2161 τὸ
3139 2107 3194 2160 δὲ
3235 2103 3458 2172 Πνεῦμα
3482 2101 3530 2132 ⁷⁸⁵

1962 2206 2260 2266 κατελθεῖν,
2293 2204 2354 2257 τὸ
2379 2205 2496 2258 νέον
2531 2203 2814 2274 ὑπέγραψε
2839 2205 2905 2255 ⁷⁷.
2945 2201 3055 2254 Καὶ
3075 2198 3325 2266 καθάπερ
3345 2212 3428 2257 τις
3471 2194 3530 2244 ἐν

1964 2296 2268 2368 μεταιχμίῳ
2292 2295 2441 2360 στάς,
2460 2295 2551 2348 δύο
2567 2294 2724 2347 τινῶν
2752 2292 2993 2361 ἀλλήλων
3025 2286 3402 2358 διεστηκότων,
3426 2287 3531 2351 ἀμ-

1961 2389 2194 2459 φοτέρας
2227 2386 2484 2450 ἀπλώσας
2505 2386 2602 2448 τὰς
2645 2388 2830 2456 χεῖρας
2851 2380 3184 2452 ἑκατέρωθεν
3199 2377 3378 2430 λαϐὼν
3407 2391 3528 2427 συν-

1959 2479 2164 2546 άψειεν·
2198 2477 2337 2531 οὕτω
2363 2478 2456 2530 καὶ
2483 2476 2644 2540 αὐτὸς
2664 2475 2905 2545 ἐποίησε,
2933 2473 3030 2544 τὴν
3052 2469 3283 2524 παλαιὰν
3307 2470 3374 2537 τῇ
3403 2483 3526 2519 και-

1959 2572 2020 2640 νῇ
2050 2569 2353 2635 συνάπτων,
2372 2569 2469 2640 τὴν
2499 2568 2649 2622 θείαν
2675 2568 2833 2636 φύσιν
2865 2569 2928 2636 τῇ
2962 2563 3294 2633 ἀνθρωπίνῃ,
3331 2561 3399 2612 τά
3427 2559 3526 2611 αὑ-

1957 2660 2050 2713 τοῦ
2077 2662 2188 2723 τοῖς
2213 2661 2519 2731 ἡμετέροις.
2561 2657 2711 2722 Εἶδες
2736 2659 2834 2728 τὴν
2863 2656 3149 2728 ἀστραπὴν
3177 2655 3272 2722 τῆς
3296 2650 3522 2712 πόλεως.

1956 2755 2056 2827 ὅσῃ
2092 2773 2151 2808 σε
2188 2757 2250 2808 ἐκ
2287 2757 2586 2826 προοιμίων
2614 2757 2921 2825 κατηύγασε
2948 2756 3012 2824 τῇ
3043 2749 3376 2822 λαμπηδόνι;
3407 2745 3526 2809 πῶς

1959 2863 2040 2898 σοι
2066 2847 2156 2899 τὸν
2198 2846 2431 2898 Βασιλέα
2486 2846 2687 2908 εὐθέως
2713 2845 2913 2909 ἔδειξεν
2943 2846 3000 2895 ἐν
3027 2841 3105 2911 τῷ
3155 2840 3232 2910 σῷ
3259 2839 3520 2908 σχήματι.

1956 2937 2153 2989 ὡσανεὶ
2209 2939 2266 2989 ἐν
2296 2937 2670 3008 στρατοπέδῳ;
2721 2936 2854 2989 Οὑδέ
2907 2935 3014 3004 γὰρ
3059 2933 3175 2986 ἐκεῖ
3196 2930 3292 3000 τὴν
3318 2929 3524 2984 οἰκείαν

1954 3027 2110 3091 ἀξίαν
2142 3029 2392 3098 φαίνεται
2419 3029 2556 3099 ἔχων
2590 3026 2851 3096 διηνεκῶς
2883 3028 2911 3078 6
2955 3023 3224 3095 βασιλεὺς,
3255 3019 3391 3073 ἀλλά
3421 3019 3521 3088 τὴν

1955 3119 2246 3186 ἁλουργίδα
2271 3119 2430 3186 ἀφεὶς
2451 3118 2545 3171 καὶ
2577 3116 2637 3169 τὸ
2664 3116 2920 3186 διάδημα,
2964 3110 3290 3186 στρατιώτου
3335 3108 3520 3179 σχῆμα

1954 3210 2120 3263 ὑπέδυ
2163 3210 2441 3272 πολλάκις.
2473 3208 2609 3262 Ἀλλ’
2645 3209 2760 3260 ἐκεῖ
2795 3207 2912 3277 μὲν,
2949 3207 3035 3259 ἵνα
3069 3205 3141 3274 μὴ
3321 3197 3520 3270 γνώρι-

1959 3316 2056 3369 μος
2074 3297 2357 3368 γενόμενος
2387 3299 2473 3366 ἐφ’
2506 3297 2695 3350 ἑαυτὸν
2726 3295 2926 3367 ἐλκύσῃ
2948 3296 3071 3356 τοὺς
3104 3291 3411 3362 πολεμίους·
3436 3291 3524 3341 ἐνο

1953 3391 2128 3446 ταῦθα
2177 3390 2232 3443 δέ
2288 3389 2613 3451 τούναντίον,
2653 3389 2738 3440 ἵνα
2784 3387 2856 3457 μὴ
2912 3386 3184 3455 γνώριμος
3216 3383 3519 3450 γενόμενος,

1955 3481 2141 3548 φυγεῖν
2164 3478 2553 3550 παρασκευάσῃ
2593 3477 2692 3544 τῆς
2725 3477 2859 3545 πρδς
2897 3473 3054 3526 αὐτὸν
3085 3467 3402 3540 συμπλοκῆς
3430 3467 3521 3520 τὸν

1953 3569 2165 3641 ἐχθρὸν,
2205 3571 2296 3623 καὶ
2333 3571 2457 3632 τοὺς
2491 3568 2720 3630 οἰκείους
2749 3565 3044 3636 διαταράξῃ
3088 3563 3314 3623 πάντας·
3351 3558 3520 3611 σῶσαι

1960 3661 2090 3729 γάρ,
2129 3660 2228 3711 οὐκ
2253 3659 2536 3728 ἐκπλῆξαι,
2560 3657 2878 3711 ἐσπούδασε.
2898 3657 2996 3710 Διά
3020 3656 3175 3710 τοῦτο
3204 3657 3298 3710 καὶ
3329 3655 3531 3716 εὐθέως

1961 3750 2121 3802 αὐτὸν
2171 3748 2278 3802 ἀπὸ
2300 3747 2502 3816 ταύτης
2534 3747 2756 3800 ἐκάλεσε
2788 3748 2887 3816 τῆς
2917 3747 3304 3817 προσηγορίας,
3323 3745 3530 3816 Ἰησοῦν

1963 3839 2288 3909 προσειπών.
2321 3838 2393 3890 Τὸ
2437 3837 2542 3907 γὰρ
2582 3837 2784 3903 Ἰησοῦς
2813 3837 2970 3890 τοῦτο
3015 3837 3183 3906 ὄνομα
3235 3836 3334 3888 οὐκ
3384 3835 3529 3888 ἔστιν

1975 3929 2304 3999 Ἑλληνικὸν,
2362 3929 2496 3983 ἀλλά
2544 3931 2609 3999 τῇ
2647 3928 2912 3998 Ἐϐραίων
2967 3930 3114 3996 φωνῇ
3145 3925 3286 3978 οὑτω
3313 3925 3528 3992 λέγεται

1975 4019 2199 4090 Ἰησοῦς·
2237 4021 2265 4074 ὅ
2314 4021 2460 4073 ἐστιν
2515 4022 2592 4082 είς
2650 4019 2748 4088 τὴν
2813 4017 3034 4070 Ἐλλάδα
3079 4015 3324 4084 γλῶτταν
3358 4017 3530 4084 ἑρμη-

1963 4111 2265 4179 νευόμενον,
2299 4110 2508 4179 Σωτήρ·
2535 4110 2725 4180 Σωτὴρ
2756 4108 2833 4169 δὲ,
2865 4106 2973 4159 ἀπὸ
2992 4105 3082 4157 τοῦ
3107 4104 3278 4157 σῶσαι
3298 4104 3386 4156 τὸν
3403 4103 3529 4156 λαὸν

1965 4200 2149 4252 αὐτοῦ.

2033 4297 2102 4357 γ’.
2146 4286 2296 4352 Εἶδες
2337 4288 2451 4351 πῶς
2484 4287 2824 4358 ἀνεπτέρωσε
2849 4278 2938 4340 τὸν
2966 4284 3260 4356 ἀκροατὴν,
3288 4281 3356 4335 τά
3383 4297 3439 4334 τε
3472 4282 3529 4333 ἐν

1966 4378 2224 4448 συνηθείᾳ
2253 4377 2638 4446 φθεγξάμενος,
2664 4377 2757 4430 καὶ
2783 4376 2848 4429 δι’
2875 4375 3049 4428 αὐτῶν
3076 4373 3144 4426 τὰ
3173 4373 3312 4443 ὑπὲρ
3341 4371 3528 4424 ἐλπίδα

1969 4467 2132 4519 πᾶσιν
2163 4468 2294 4536 ἡμῖν
2327 4467 2613 4537 ἐμφήναςς
2646 4466 2756 4520 Καὶ
2787 4465 2894 4535 γὰρ
2922 4464 3245 4535 ἀμφοτέρων
3277 4461 3384 4515 τῶν
3409 4462 3528 4512 ὀνο-

1970 4556 2153 4625 μάτων
2186 4555 2389 4609 τούτων
2430 4555 2597 4626 πολλὴ
2632 4557 2667 4626 ή
2691 4556 2890 4624 γνῶσις
2925 4554 3076 4625 παρά
3111 4555 3222 4615 τοῖς
3256 4551 3530 4614 Ἰουδαίοις

1964 4644 2031 4718 ἦν
2063 4649 2127 4700 ⁷⁸.
2173 4646 2387 4717 Ἐπειδὴ
2417 4647 2526 4718 γὰρ
2559 4646 2836 4718 παράδοξα
2874 4643 2942 4716 ἦν
2973 4645 3042 4699 τά
3085 4644 3342 4714 μέλλοντα
3380 4641 3528 4709 γίνε-

1969 4739 2110 4800 σθαι,
2142 4739 2235 4792 καὶ
2266 4741 2316 4790 οἱ
2340 4739 2449 4792 τῶν
2480 4737 2756 4807 ὀνομάτων
2785 4737 3124 4808 προέδραμον
3153 4733 3342 4786 τύποι·
3388 4732 3527 4786 ὥστε

1966 4831 2170 4884 ἀνωθεν
2206 4831 2380 4884 πάντα
2409 4829 2755 4899 καινοτομίας
2786 4809 3246 4898 προαναιρεθῆναι
3273 4823 3524 4894 θόρυϐον.

1971 4922 2074 4974 Καὶ
2111 4919 2220 4991 γὰρ
2255 4920 2460 4990 Ἰησοῦς
2485 4921 2530 4952 ⁷⁸
2564 4920 2592 4970 6
2642 4918 2779 4988 μετὰ
2819 4916 3056 4969 Μωῦσέα
3103 4913 3410 4982 εἰσαγαγὼν
3442 4913 3536 4966 τὸν

1969 5009 2094 5061 λαὸν
2121 5011 2200 5071 είς
2227 5008 2325 5080 τὴν
2352 5008 2456 5076 γῆν
2482 5007 2581 5075 τῆς
2614 5002 2945 5070 ἐπαγγελίας
2988 5001 3225 5068 λέγεται.
3261 4995 3415 5061 Εἶδες
3446 4998 3536 5051 τὸν

1972 5098 2173 5159 τύπον;
2205 5097 2368 5166 βλέπε
2396 5095 2492 5165 τὴν
2526 5093 2571 5126 ⁸ο
2602 5091 2881 5163 ἀλήθειαν·
2922 5091 3158 5152 Ἐκεῖνος
3199 5088 3280 5151 είς
3305 5089 3404 5158 τὴν
3433 5089 3537 5155 γῆν

1971 5186 2068 5254 τῆς
2117 5183 2464 5252 ἐπαγγελίας,
2517 5173 2669 5244 οὗτος
2707 5181 2786 5242 είς
2833 5177 2924 5230 τὸν
2955 5177 3184 5247 οὐρανὸν
3216 5177 3311 5229 καὶ
3363 5174 3433 5227 τά
3478 5175 3536 5226 ἐν

1970 5277 2081 5337 τοῖς
2113 5276 2359 5346 οὐρανοῖς
2415 5272 2630 5342 ἀγαθά·
2680 5271 2885 5332 ἐκεῖνος
2936 5267 3075 5340 μετά
3113 5267 3174 5320 τὸ
3217 5265 3536 5331 τελευτῆσαι

1974 5364 2230 5430 Μωῦσέα,
2265 5358 2416 5428 οὗτος
2445 5363 2584 5434 μετά
2615 5362 2675 5415 τὸ
2705 5359 3016 5414 παύσασθαι
3041 5357 3132 5412 τδν
3171 5356 3354 5426 νόμον·
3396 5354 3536 5405 ἐκεῖ·

2088 5591 2132 5622 ⁸⁷
2170 5588 2288 5664 ‘59“.
2310 5585 2440 5664 γάρ]
2467 5586 2621 5664 UE“
2650 5584 2710 5664 (δ’
2791 5582 2860 5664 ,⁸⁸
2885 5583 2924 5664 ἐξ
2953 5595 3069 5664 0"1'.
3093 5575 3249 5664 94".);
3279 5573 3518 5664 15%.???

2388 5642 2440 5689 δι’
2501 5657 2535 5708 ά
2661 5654 2718 5705 ἐν
2747 5652 2815 5716 γά
2885 5652 2944 5701 Ε,
3024 5649 3070 5680 ’³⁸
3094 5645 3208 5698 ἀλλ’
3229 5642 3314 5712 ἐκ]
3336 5642 3427 5696 Sic
3459 5642 3516 5700 Β.

2388 5727 2441 5779 αὶ
2465 5672 2529 5778 :6
2543 5654 2655 5777 916.“
2720 5723 2764 5752 ⁷⁸
2791 5669 2852 5770 τὲ
2876 5719 2932 5769 δέ
2966 5715 3088 5776 Πν.)
3114 5713 3191 5781 τῷ
3229 5712 3284 5765 δὲ
3328 5729 3423 5769 πν.
3452 5710 3516 5772 G.

291 5783 718 5877 ὺῗζὸῃῖὲῖἔῷ)
748 5802 802 5856 δὲ
825 5783 1025 5857 EXEI
1040 5783 1136 5872 7E7
1153 5783 1540 5874 ’ἳτιῦπέὲγραφε
1567 5783 1723 5857 [έαᾶῖ
1744 5783 1855 5835 "7“

1968 5783 2055 5855 pinv.
2087 5800 2149 5853 A.
2180 5797 2239 5853 (ἶ.
2279 5783 2337 5850 Ιξ.
2414 5797 2458 5829 ’⁷ο
2491 5793 2697 5860 Ἰησοῦς
2723 5797 2846 5843 ante
2871 5786 3085 5856 λέγεται
3115 5783 3348 5840 collocat
3371 5784 3435 5835 A.
