4060 6156
482 181 549 235 ετ
1188 164 1246 219 s.
1283 163 1560 220 :omms
1597 143 2068 218 cnmsos‘rom
2107 160 2420 217 .mcmEp.
2462 161 2992 219 CONSTANTINOP.
3653 143 3747 222 εδ

491 286 578 331 νος
604 268 678 330 ὡς
711 265 1055 338 δημαγωγδς,
1084 259 1236 328 οὗτος
1268 266 1345 327 ὡς
1381 261 1649 334 βασιλεύς.
1686 258 1824 311 Ἀλλ’
1856 257 1943 310 ἴνα
1975 259 2052 326 μὴ

501 356 710 427 Ἰησοῦν
745 356 984 419 ἀκούσας
1013 355 1102 410 διὰ
1139 357 1238 424 τὴν
1279 353 1594 424 ὁμωνυμίαν
1637 348 1936 420 πλανηθῇς,
1961 349 2054 398 ἐπ-

491 450 696 516 ήγαγεν
720 465 734 478 '
780 447 983 513 Ἰησοῦ
1009 447 1284 516 Χριστοῦ,
1323 445 1454 501 υἱοῦ
1485 443 1682 499 Δαυΐδ.
1718 443 1953 502 Ἐκεῖνος
1995 438 2052 490 δὲ

489 539 588 590 οὐκ
617 533 685 607 ἦν
704 537 798 590 :06
825 536 1005 602 Δαυῖδ,
1029 535 1142 590 ἀλλ’
1167 536 1356 607 ἐτέρας
1385 535 1576 604 φυλῆς.
1602 533 1756 596 Τίνος
1783 532 1839 584 δὲ
1867 532 2052 583 ἕνεκεν

493 629 680 680 Βίϐλον
722 629 890 696 αὐτὴν
920 627 1180 695 γενέσεως
1212 625 1366 678 καλεῖ
1398 623 1572 694 Ἰησοῦ
1618 620 1882 693 Χριστοῦ;
1937 620 2057 672 καίο

491 736 639 786 τοιγε
672 719 732 771 οὐ
763 718 919 770 τοῦτο
941 718 1052 786 ἔχει
1087 716 1242 786 μόνον
1269 715 1367 787 τὴν
1393 715 1666 784 γέννησιν,
1715 710 1849 765 ἀλλά
1876 710 2056 762 πᾶσαν

493 808 590 875 τὴν
620 809 945 877 οἰκονομίαν.
973 809 1096 860 Ὅτι
1127 807 1308 874 πάσης
1339 807 1437 874 τῆς
1468 802 1776 868 οἰκονομίας
1800 802 1863 854 :6
1886 798 2056 870 κεφά-

461 885 872 952 .λαιονν“τ“οῦτο“,
907 895 1000 944 καὶ
1043 893 1185 961 ἀρχὴ
1233 893 1323 944 καὶ
1373 893 1496 963 ῥίζα
1542 895 1756 948 πάντων
1789 897 1922 964 ἡμῖν
1949 892 2060 946 τῶν

492 983 711 1053 ἀγαθῶν
737 983 962 1050 γίνεται.
995 983 1201 1052 ’Ὠσπερ
1223 977 1315 1034 οὖν
1347 982 1548 1051 βιϐλίον
1571 985 1799 1054 οὐρανοῦ
1833 986 1928 1038 καὶ
1956 984 2059 1052 γῆς

485 1077 650 1132 καλεῖ
679 1077 938 1144 Μωῦσῆς,
989 1075 1229 1143 καίτοιγε
1267 1077 1326 1128 οὐ
1362 1079 1490 1148 περὶ
1533 1080 1762 1150 οὐρανοῦ
1807 1078 1922 1150 [24]
1967 1079 2060 1130 καὶ¹

491 1169 596 1236 γῆς
626 1165 927 1235 διαλεχθεὶς
980 1167 1158 1235 μόνον,
1199 1166 1334 1220 ἀλλὰ
1366 1169 1458 1220 καὶ
1510 1171 1638 1240 περὶ
1669 1170 1777 1223 τῶν
1823 1171 1880 1222 ἐν
1911 1170 2060 1240 μέσῳ

489 1259 733 1311 πάντων·
795 1255 938 1309 οὕτω
985 1257 1080 1309 καὶ
1130 1252 1284 1320 οὗτος
1340 1257 1448 1310 ἀπὸ
1492 1260 1586 1312 τοῦ
1619 1260 1912 1328 κεφαλαίου
1951 1259 2060 1311 τῶν

490 1345 932 1417 κατορθωμάτων
975 1344 1036 1398 :6
1075 1344 1274 1413 βιϐλίον
1306 1347 1549 1403 ἐκάλεσε.
1584 1349 1658 1401 Τὸ
1700 1349 1806 1420 γὰρ
1854 1347 2059 1417 ἐκπλή-

493 1438 626 1502 ξεως
662 1437 831 1505 γέμον
863 1436 954 1488 καδ
993 1435 1134 1506 ὑπὲρ
1178 1436 1366 1489 ἐλπίδα
1399 1438 1495 1491 καί⁵
1544 1440 1867 1510 προσδοκίαν
1917 1440 2059 1494 ᾶπα-

493 1543 611 1590 σαν,
646 1525 930 1596 ἄνθρωπον
957 1524 1205 1592 γενέσθαι
1250 1525 1402 1578 Θεόν·
1433 1527 1622 1580 τούτου
1652 1529 1710 1582 δέ
1742 1529 2056 1598 γενομένου,

488 1617 557 1668 τά
593 1615 728 1684 μετὰ
765 1615 936 1668 ταῦτα
968 1615 1182 1668 ἅπαντα
1214 1616 1355 1669 κατά
1400 1616 1555 1685 λόγον
1601 1619 1695 1672 καὶ
1739 1617 2058 1671 ἀκολουθίαν

487 1705 703 1760 ἕπεται.

555 1796 711 1858 Τίνος
759 1795 813 1848 δὲ
859 1795 1043 1848 ’ένεκεν
1091 1797 1190 1849 οὐκ
1235 1793 1407 1861 εἶπεν,
1450 1796 1581 1851 Υίοῦ
1622 1797 1905 1868 Ἀϐραὰμ,
1959 1799 2060 1851 καὶ

485 1885 629 1946 τότε,
667 1884 801 1936 Υἰοῦ
856 1887 1047 1949 Δαυῒδ;
1099 1888 1211 1956 Οὐχ
1258 1889 1333 1950 ῶς
1367 1905 1510 1950 τινες
1540 1888 1761 1954 οἴονται,
1811 1888 2060 1943 κάτωθεν

483 1975 594 2027 ἅνω
621 1974 939 2045 βουλόμενος
963 1976 1154 2028 ἐλθεῖν·
1193 1977 1314 2030 ἐπεὶ
1339 1977 1589 2048 ἐποίησεν
1617 1978 1702 2042 ἂν,
1737 1980 1876 2049 ὅπερ
1900 1979 2052 2033 xal.“

481 2066 508 2116 6
556 2065 787 2128 Λουκᾶς·
847 2065 942 2118 νῦν
989 2065 1045 2119 δὲ
1085 2067 1390 2121 τούναντίον
1429 2070 1592 2120 ποιεῖ.
1641 2069 1795 2132 Τίνος
1824 2065 1917 2122 οὖν
1951 2069 2062 2122 ἓνε-

489 2171 583 2207 κεν
633 2155 727 2207 τοῦ
774 2155 936 2209 Δαυῒδ
985 2157 1428 2227 ἐμνημόνευσεν;
1476 2159 1562 2210 Ἐν
1593 2160 1637 2192 ⁸⁸
1677 2162 1790 2224 τοῖς
1840 2161 2060 2214 πάντων

490 2244 753 2313 στόμασιν
797 2247 826 2297 6
857 2244 1141 2314 ἄνθρωπος
1181 2241 1269 2318 ἦν,
1315 2248 1423 2299 ἀπό
1461 2264 1520 2299 τε
1551 2249 1647 2317 τῆς
1680 2251 2056 2319 περιφανείας,

487 2333 596 2386 ἀπό
623 2350 681 2385 τε
712 2333 807 2386 τοῦ
856 2333 1068 2403 χρόνου·
1100 2336 1160 2387 οὐ
1202 2336 1310 2406 γὰρ
1339 2335 1506 2388 πάλαι
1538 2332 1607 2407 ῆν
1633 2335 2056 2407 τετελευτηκὼς,

487 2422 680 2494 ὥσπερ
709 2426 736 2476 6
777 2423 1046 2494 Ἀϐραάμ.
1097 2426 1159 2478 Εἰ
1189 2425 1246 2477 δέ
1276 2426 1604 2497 ἀμφοτέροις
1638 2426 1999 2497 ἐπηγγείλατο
2031 2430 2061 2481 6

484 2514 638 2578 Θεὸς,
663 2515 778 2569 ἀλλ’
807 2517 957 2586 ὅμως
995 2517 1172 2569 ἐκεῖνο
1225 2516 1344 2586 μὲν,
1397 2517 1473 2580 ὡς
1506 2517 1757 2582 παλαιὸν,
1799 2518 2020 2585 ἐσιγᾶτο
2041 2535 2052 2548 ·

482 2603 735 2667 τοῦτοδὲ,
763 2605 840 2667 ὡς
872 2605 1181 2678 πρόσφατον
1221 2605 1313 2658 καὶ
1333 2605 1472 2672 νέον,
1511 2605 1616 2659 ὑπὸ
1653 2607 1870 2660 πάντων
1900 2624 2056 2676 περι-

484 2692 728 2763 εφέρετο.
753 2695 913 2747 Αὐτοὶ
937 2693 1067 2763 γοῦν
1093 2694 1339 2762 λέγουσιν
1361 2710 1376 2725 θ
1411 2697 1532 2748 Οὐκ
1562 2695 1631 2748 ἐκ
1659 2694 1766 2748 τοῦ
1794 2693 2057 2764 σπέρμα-

482 2803 584 2852 τος
621 2787 802 2840 Δαυῒδ
833 2787 931 2841 καὶ
955 2788 1073 2842 ἀπὸ
1097 2789 1368 2859 Βηθλεὲμ
1400 2788 1510 2858 τῆς
1538 2789 1759 2858 κώμης,
1785 2790 1939 2843 ὅπου
1976 2787 2057 2859 ἦν

485 2874 685 2942 Δαυῒδ,
717 2875 951 2944 ἔρχεται
990 2880 1024 2931 ὁ
1066 2880 1339 2948 Χριστός.
1387 2879 1496 2932 Kal
1547 2879 1720 2943 οὐδεὶς
1749 2880 1910 2934 αὑτὸν
1941 2880 2055 2933 υἱὸν

498 2965 770 3038 Ἀϐραὰμ,
805 2967 939 3021 ἀλλά
969 2968 1166 3032 πάντες
1192 2969 1307 3022 υίὺν
1339 2969 1502 3022 Δαυῖδ
1536 2969 1786 3023 ἐκάλουν·
1820 2970 1914 3022 καὶ
1942 2970 2078 3042 γὰρ-

485 3056 580 3109 καὶ
603 3054 690 3108 διὰ
715 3055 805 3110 τὸν
832 3057 1042 3128 χρόνον,
1067 3058 1143 3121 ὼς
1183 3056 1351 3128 ἔφθην
1381 3059 1576 3123 εἰπὼν,
1599 3059 1692 3113 καὶ
1713 3059 1802 3113 διὰ
1827 3059 1926 3129 τὴν
1953 3059 2051 3128 βα-

485 3145 710 3211 σιλείαν,
761 3147 958 3216 μᾶλλον
1004 3148 1061 3201 ἐν
1102 3149 1290 3218 μνήμῃ
1336 3149 1501 3202 πᾶσιν
1550 3141 1704 3212 οὗτος
1753 3144 1843 3218 ῆν.
1893 3147 2052 3202 Οὕτω

481 3232 610 3300 γοῦν
649 3235 741 3287 καὶ
777 3235 870 3300 οὒς
903 3237 1103 3304 ἐτίμων
1137 3237 1390 3306 βασιλέας
1425 3239 1542 3308 μετ’
1573 3238 1778 3291 ἐκεῖνον
1808 3237 1866 3302 ἐξ
1904 3237 2049 3290 ὲκεί-

493 3338 582 3378 νου
613 3323 856 3387 ἅπαντας
886 3324 1129 3388 ἐκάλουν,
1157 3325 1252 3378 xal
1275 3326 1425 3378 αὐτοὶ
1450 3327 1544 3380 καὶ
1570 3330 1598 3381 6
1622 3327 1772 3391 Θεός.
1804 3329 1912 3381 Kal
1940 3328 2048 3398 γὰρ

487 3413 583 3468 καὶ
618 3413 892 3484 Ἰεζεκιὴλ,
926 3416 1019 3467 καὶ
1056 3416 1232 3484 ἕτεροι
1256 3415 1311 3468 δὲ
1341 3418 1632 3489 προφῆται,
1660 3417 1908 3486 λέγουσιν
1951 3419 2050 3472 αὐ-

487 3504 600 3564 τοῖς
629 3502 1022 3572 παραγίνεσθαι
1081 3503 1244 3555 Δαυῒδ
1292 3504 1386 3555 καὶ
1442 3503 1784 3567 ἀνίστασθαι,
1824 3506 1884 3558 ού
1923 3505 2050 3575 περὶ

489 3591 694 3642 ἐκείνου
727 3591 974 3657 λέγοντες
1005 3589 1097 3642 τοῦ
1139 3591 1604 3660 τετελευτηκότος,
1640 3593 1776 3644 ἀλλὰ
1818 3593 1923 3644 τῶν
1953 3585 2050 3662 ζη-

489 3679 720 3732 λούντων
753 3681 853 3747 τὴν
877 3679 1074 3748 ἀρετὴν
1106 3681 1202 3749 τὴν
1242 3679 1471 3734 ἐκείνου.
1507 3683 1616 3734 Kal
1640 3683 1686 3714 ⁸³
1723 3682 1801 3752 τῷ
1835 3682 2050 3752 Ἐζεκίᾳ

491 3770 674 3840 φησίψ
721 3767 1082 3835 Ὑπερασπιῶ
1137 3767 1248 3835 τῆς
1299 3771 1528 3833 πόλεως
1576 3772 1797 3838 ταύτης
1842 3772 1915 3824 δι’
1948 3773 2052 3841 ἐμὲ

493 3859 590 3912 καὶ
620 3857 717 3911 διὰ
754 3857 933 3911 Δαυῒὸ
958 3859 1063 3910 τὸν
1091 3857 1272 3911 παῖδά
1303 3876 1443 3927 μου.
1474 3857 1578 3911 Καὶ
1603 3859 1680 3928 τῷ
1702 3859 1972 3929 Σολομῶνι
1995 3861 2052 3913 δὲ

491 3949 672 4016 ἔλεγεν
714 3949 798 4012 ⁸⁸,
849 3949 930 4002 6::
985 3949 1072 4002 διὰ
1121 3950 1280 4002 Δαυῖδ
1335 3951 1394 4001 οὺ
1457 3949 1701 4018 διέρρηξε
1751 3949 1795 3980 ⁸⁸
1855 3948 2052 4013 ζῶντος

491 4038 654 4092 αὑτοῦ
715 4040 814 4110 τὴν
863 4040 1154 4109 βασιλείαν.
1208 4039 1382 4108 Πολλὴ
1435 4039 1542 4109 γὰρ
1588 4040 1620 4108 ή
1668 4037 1793 4103 δόξα
1825 4039 1918 4091 τοῦ
1958 4042 2053 4093 ἀν-

491 4130 617 4202 δρὸς
644 4127 712 4200 ἦν
766 4131 858 4184 καὶ
908 4131 1056 4202 παρά
1103 4131 1218 4201 [25]
1256 4130 1374 4200 Θεῷ
1405 4130 1495 4182 καὶ
1532 4129 1682 4200 παρὰ
1727 4129 2049 4200 ἀνθρώποις.

489 4221 589 4276 Διὰ
615 4220 772 4274 τοῦτο
819 4221 1022 4283 εὐθέως
1063 4223 1126 4273 ἐκ
1149 4219 1241 4273 τοῦ
1281 4221 1699 4291 γνωριμωτέρου
1741 4221 1840 4290 τὴν
1879 4223 2053 4293 ἀρχὴν

491 4315 744 4377 ποιεῖται,
779 4313 870 4365 καὶ
906 4313 1024 4364 τότε
1051 4312 1143 4363 ἐπὶ
1175 4312 1262 4364 τὸν
1295 4299 1502 4381 πατέρα
1529 4311 1839 4382 ἀνατρέχει,
1870 4330 2055 4383 περιτ-

489 4405 586 4458 τὸν
624 4403 941 4475 ἡγούμενος,
987 4404 1109 4456 ὅσον
1144 4403 1281 4474 πρὸς
1317 4403 1618 4466 Ἰουδαίους,
1663 4404 1918 4474 ἀνωτέρω
1963 4406 2053 4459 τὸν

491 4495 647 4562 λόγον
684 4496 929 4562 ἀγαγεῖν.
966 4487 1124 4546 Οὗτοι
1152 4493 1260 4561 γὰρ
1311 4493 1543 4562 μάλιστα
1573 4490 1712 4565 ἦσαν
1759 4498 1806 4549 οἰ
1845 4497 2053 4567 θαυμα-

489 4587 707 4657 ζόμενοι
733 4601 746 4616 ·
778 4587 806 4638 6
839 4583 960 4654 μὲν,
1004 4583 1078 4646 ὡς
1125 4583 1408 4654 προφήτης
1452 4585 1544 4637 καὶ
1595 4585 1878 4654 βασιλεύς*
1913 4588 1941 4640 6
1970 4587 2050 4651 δὲ,

486 4676 567 4739 ὼς
595 4677 934 4746 πατριάρχης
966 4676 1060 4728 καὶ
1093 4676 1395 4745 προφήτης.
1441 4676 1550 4728 Kal
1582 4676 1742 4730 πόθεν
1784 4677 1941 4747 δῆλον
1972 4679 2052 4732 6::

490 4769 558 4819 ,ἐκ
582 4766 673 4819 τοῦ
705 4767 864 4818 Δαυῖδ
887 4767 1034 4830 ἐστι;
1064 4765 1246 4836 φησίν.
1272 4767 1333 4818 Εἰ
1356 4767 1462 4836 γὰρ
1487 4767 1544 4833 ἐξ
1571 4767 1758 4837 ἀνδρὸς
1786 4769 1884 4821 οὐκ
1913 4770 2055 4836 ἐγεν-

494 4857 648 4927 νήθη,
673 4857 784 4909 ἀλλ’
837 4858 944 4911 61:6
983 4858 1234 4926 γυναικὸς
1272 4857 1448 4927 μόνον,
1497 4859 1530 4929 ή
1582 4859 1636 4911 δὲ
1691 4861 1962 4930 Παρθένος
1992 4861 2052 4914 οὑ

487 4944 908 5012 γενεαλογεῖται,
949 4945 1064 5009 πῶς
1103 4946 1357 5016 εἰσόμεθα
1388 4948 1468 5000 6::
1511 4947 1604 5000 :06
1634 4948 1793 5001 Δαυῒδ
1836 4949 2053 5018 ἔκγονος

487 5032 588 5107 ῆν;
624 5034 726 5087 Δύο
767 5036 874 5104 γάρ
903 5037 1016 5088 ἐστι
1054 5035 1120 5089 τὰ
1159 5036 1459 5108 ζητούμενα
1480 5053 1494 5068 ⁸
1540 5039 1684 5103 τίνος
1709 5057 1767 5093 τε
1801 5041 1984 5094 ἕνεκεν
2016 5045 2048 5112 ἡ

494 5130 676 5199 μήτηρ
713 5127 774 5179 οὑ
807 5127 1227 5196 γενεαλογεῖται,
1263 5130 1356 5182 καὶ
1395 5129 1447 5182 τί
1490 5129 1686 5200 δήποτε
1712 5133 1739 5183 6
1773 5133 1990 5204 Ἰωσὴφ,
2025 5135 2053 5186 ὁ

467 5192 660 5292 ἶμηδὲν
693 5217 958 5269 συντελῶν
1005 5218 1139 5288 πρὸς
1181 5219 1280 5290 τὴν
1331 5220 1600 5290 γέννησιν,
1657 5223 2051 5292 μνημονεύεται

472 5293 619 5379 ’παρ’
654 5307 852 5360 αὐτῶν·
887 5307 1033 5360 δοκεῖ
1064 5309 1170 5378 γὰρ
1199 5308 1258 5361 τὸ
1284 5309 1382 5379 μὲν
1415 5310 1662 5380 περιττὸν
1690 5308 1845 5376 εἶναι,
1884 5315 1945 5367 :6
1993 5314 2050 5366 δέ

487 5401 687 5462 ἐνδεές.
732 5400 888 5452 Ποῖον
929 5395 1019 5453 οὖν
1065 5401 1324 5471 πρότερον
1359 5403 1648 5469 ἀναγκαῖον
1686 5404 1888 5462 εἰπεῖν;
1926 5403 2050 5467 Πῶς

585 5532 632 5600 ςέο
660 5529 783 5600 τήν]
806 5529 898 5583 καὶ
925 5527 1025 5594 τήν
1053 5528 1186 5584 Edd.

509 5599 1034 5688 ςλδὲιηιξιὲφησὲνη.
1093 5599 1376 5688 ἱδιέλεγεν]
1407 5599 1708 5688 λέγεταιἙ.
1745 5609 2056 5688 εἴρηταιηιῧ.

508 5669 825 5752 διαάρήξωέ
865 5669 875 5672 ἡ
909 5673 965 5752 ‘1‘:
985 5669 1275 5752 παρθένον]
1313 5669 1413 5745 τῆν
1431 5669 1709 5752 3.6906qu
1744 5669 1925 5752 [Et-Idl“
1969 5679 2022 5752 _3'

1281 5532 1324 5565 ⁸¹
1357 5532 1491 5608 ᾇπερ
1519 5537 1633 5608 καί]
1663 5537 1752 5608 Sic
1787 5538 1846 5592 Β.
1875 5539 2055 5592 utter:
2084 5553 2192 5593 om.
2228 5540 2341 5593 καί.

2183 266 2246 315 ἐκ
2274 264 2366 316 τοῦ
2394 260 2554 316 Δαυῒδ
2580 262 2612 329 ἡ
2643 258 2932 329 Παρθένος.
2979 258 3103 322 Πῶς
3130 253 3221 312 οὖν
3248 257 3504 328 εἰσόμεθα
3545 259 3627 310 ὅτι
3681 261 3745 309 ἐκ

2183 354 2277 406 :06
2309 354 2468 406 Δαυῑδ
2493 368 2508 416 ;
2533 353 2798 405 Ἄκουσον
2818 351 2911 405 :06
2942 350 3076 403 Θεοῦ
3104 351 3352 418 λέγοντος
3379 349 3456 420 τῷ
3483 348 3745 420 Γαϐριὴλ,

2177 444 2428 496 ἀπελθεῖν
2474 445 2629 511 Πρὸς
2675 444 2972 512 παρθένον
2999 445 3046 476 ⁸⁸
3072 443 3603 514 ,ιιεμνηστευμέγην
3634 441 3743 497 ἀν·-

2175 532 2288 600 δρὶ,
2317 525 2364 598 ᾧ
2396 533 2579 602 ὄνομα
2607 533 2836 602 Ἰωσὴφ,
2862 533 2932 596 ἐξ
2955 534 3122 587 οἴκου
3153 535 3252 588 καὶ
3277 535 3512 605 πατριᾶς
3539 530 3743 586 Δαυΐδ.

2177 629 2240 681 Τί
2270 631 2446 682 τοίνυν
2482 627 2656 698 βούλει
2689 629 2732 660 ⁸⁷
2778 627 2966 680 τούτου
3018 627 3370 698 σαφέστερον,
3405 629 3533 680 ὅταν
3575 623 3744 678 ἀκού-

2179 734 2278 790 σῃς
2314 719 2394 771 6::
2425 719 2485 782 ἐξ
2517 719 2663 770 οἴκου
2691 718 2783 771 καὶ
2815 720 3047 788 πατριᾶς
3077 717 3237 770 Δαυῖδ
3269 713 3393 788 ἦνή
3432 715 3741 786 Παρθένος;

2245 807 2310 861 δ’.
2364 807 2525 861 Ὅθεν
2559 807 2735 878 δῆλον,
2771 808 2852 860 6::
2884 808 2974 860 καὶ
2999 807 3029 858 ὁ
3071 807 3266 877 Ἰωσὴφ
3293 807 3498 860 ἐκεῖθεν
3524 801 3610 875 ἦν.
3634 804 3745 856 Καὶ

2177 896 2284 969 γὰρ
2299 898 2458 966 νόμος
2476 893 2542 966 ἦν
2560 897 2588 946 6
2605 896 2837 950 κελεύων
2856 896 2929 968 μὴ
2950 896 3355 965 ἐξεῖναιγαμεῖν
3372 894 3610 956 ἄλλοθεν,
3628 893 3742 947 ἀλλ’

2179 985 2212 1054 ἢ
2247 989 2310 1038 ἐκ
2335 985 2433 1054 τῆς
2457 986 2625 1054 αὐτῆς
2653 986 2842 1056 φυλῆς.
2885 984 2988 1037 Kal
3022 986 3051 1037 6
3081 985 3421 1056 πατριάρχης
3459 984 3516 1036 δὲ
3549 981 3745 1037 Ἰακὼϐ

2178 1073 2283 1126 ἀπὸ
2305 1075 2402 1142 τῆς
2434 1074 2603 1128 Ἰούδα
2625 1076 2793 1144 φυλῆς
2823 1076 3220 1146 ἀναστήσεσθαι
3248 1076 3408 1128 αὐτὸν
3425 1072 3742 1145 προῦλεγεν,

2177 1162 2318 1216 οὕτω
2346 1164 2538 1232 λέγων·
2568 1167 2687 1219 Οὐκ
2731 1166 3000 1232 ἐκλείψει
3028 1165 3230 1234 ἄρχων
3260 1165 3329 1228 ἐξ
3359 1164 3573 1227 Ἰούδα,
3602 1161 3747 1217 οὐδὲ

2177 1254 2508 1322 ἡγούμενος
2531 1255 2600 1306 ἐκ
2648 1254 2768 1307 τῶν
2789 1253 2999 1323 μηρῶν
3025 1255 3231 1318 αὐτοῦ,
3256 1254 3367 1320 ἕως
3402 1253 3480 1307 ἂν
3516 1256 3664 1320 ἔλθη
3696 1245 3748 1317 ᾧ

2177 1343 2502 1397 ἀπόκειται·
2538 1343 2635 1397 καὶ
2675 1344 2857 1406 αὐτὸς·
2911 1342 3247 1411 προσδοκία
3277 1342 3488 1398 ἐθνῶν.
3523 1343 3585 1395 Ἡ
3634 1341 3746 1410 γὰρ

2180 1430 2483 1500 προφητεία
2508 1429 2669 1498 αὕτη,
2691 1431 2773 1483 6::
2805 1432 2903 1500 μὲν
2931 1434 2996 1484 ὲκ
3015 1435 3114 1501 τῆς
3139 1431 3311 1502 φυλῆς
3343 1431 3514 1485 Ἰούδα
3533 1430 3744 1498 γέγονε,

2178 1520 2343 1589 δηλοῖο
2384 1522 2464 1574 6::
2491 1521 2546 1574 δὲ
2572 1522 2664 1574 καὶ
2697 1521 2792 1575 :06
2834 1523 3023 1590 γένους
3051 1524 3232 1586 Δαυῖδ,
3263 1524 3466 1577 οὐκέτι.
3487 1518 3633 1593 *Αρα
3653 1517 3749 1574 οὖν

2179 1615 2246 1682 τῇ
2274 1612 2410 1682 φυλῇ
2445 1612 2614 1664 Ἰούδα
2647 1612 2768 1682 οὐχὶ
2795 1613 2949 1680 γένος
2983 1613 3039 1666 ἐν
3065 1609 3132 1684 ἦν
3169 1614 3326 1682 μόνον
3358 1613 3419 1666 :6
3448 1612 3540 1665 :06
3563 1611 3746 1673 Δαυῒδ,

2184 1701 2318 1754 ἀλλὰ
2345 1703 2438 1754 καὶ
2467 1700 2639 1754 πολλά
2671 1701 2852 1771 ἓτερα’
2884 1704 2978 1756 καὶ
3013 1703 3289 1757 συνέϐαινε
3321 1703 3418 1772 τῆς
3450 1703 3547 1772 μὲν
3573 1700 3751 1769 φυλῆς

2185 1791 2322 1849 εἶναι
2354 1794 2445 1848 :06
2482 1794 2670 1857 Ἰούδα,
2715 1794 2898 1847 οὐκέτι
2947 1795 3005 1848 δέ
3057 1796 3151 1848 καὶ
3186 1795 3278 1848 τοῦ
3313 1795 3502 1862 γένους
3553 1792 3748 1855 Δαυῖδς

2198 1886 2337 1938 Ἀλλ’
2378 1885 2464 1937 ἵνα
2514 1885 2587 1954 μὴ
2630 1883 2786 1936 τοῦτο
2813 1883 2998 1954 λέγῃς,
3031 1883 3205 1938 ἀνεῖλέ
3234 1901 3326 1937 σου
3367 1883 3465 1953 τὴν
3495 1883 3752 1936 ὑπόνοιαν

2185 1973 2390 2044 ταύτην
2413 1975 2441 2026 6
2477 1973 2886 2041 εὐαγγέλια-τὴς,
2928 1972 3114 2036 εἰπὼν,
3151 1974 3232 2026 ὅτι
3265 1973 3322 2038 ἐξ
3349 1975 3497 2025 οἴκου
3523 1973 3616 2024 καὶ
3643 1989 3754 2024 πα-

2181 2065 2336 2134 τριᾶς
2365 2061 2477 2134 [26]
2500 2059 2567 2132 ἦν
2593 2063 2774 2116 Δαυῖδ.
2802 2063 2865 2114 Εἰ
2893 2061 2949 2114 δὲ
2985 2062 3080 2114 καὶ
3106 2061 3368 2133 ἑτέρωθεν
3390 2061 3564 2130 βούλει
3594 2059 3754 2112 τοῦτο

2185 2154 2394 2224 μαθεῖν,
2423 2153 2545 2206 οὐδὲ
2574 2153 2766 2223 ἐτέρας
2797 2153 3144 2222 ἀπορήσομεν
3174 2151 3521 2214 ἀποδείξεως·
3550 2151 3609 2203 οὐ
3641 2149 3751 2218 γὰρ

2179 2242 2244 2313 δὴ
2290 2243 2446 2311 μόνον
2475 2243 2582 2295 ἀπὸ
2607 2242 2779 2312 φυλῆς
2807 2242 2906 2295 οὐκ
2935 2243 3060 2312 ἐξῆν
3093 2241 3308 2311 ἐτέρας,
3348 2240 3462 2294 ἀλλ’
3492 2241 3610 2293 οὐδὲ
3640 2240 3752 2292 ἀπὸ

2181 2334 2415 2403 πατριᾶς
2442 2333 2651 2401 ἐτέρας,
2682 2334 2949 2395 τουτέστι,
2981 2331 3317 2400 συγγενείας,
3340 2333 3558 2400 γαμεῖν.
3587 2330 3750 2382 Ὥστε

2183 2421 2249 2476 ἄν
2284 2439 2344 2474 τε
2379 2424 2444 2491 τῇ
2482 2420 2764 2491 Παρθένῳ,
2794 2423 2854 2474 :6
2893 2421 2955 2485 ἐξ
2982 2423 3133 2475 οἴκου
3179 2422 3273 2475 καὶ
3319 2422 3552 2491 πατριᾶς
3587 2418 3752 2473 Δαυῖδ

2182 2508 2533 2579 ἀρμόσωμεν,
2560 2509 2758 2580 ἕστηκε
2785 2510 2847 2562 :6
2887 2511 3196 2580 εἰρημένονο
3235 2511 3301 2565 6v
3327 2527 3385 2563 τε
3417 2509 3496 2581 τῷ
3529 2508 3750 2578 Ἰωσὴφ,

2181 2598 2247 2650 δι’
2286 2598 2496 2651 ἐκείνου
2544 2599 2638 2651 καὶ
2681 2598 2835 2653 τοῦτο
2879 2599 3365 2665 κατασκευάζεται.
3417 2602 3479 2653 El
3535 2600 3642 2668 γὰρ
3691 2599 3755 2662 ἐξ

2183 2689 2332 2743 οἴκου
2363 2689 2525 2742 Δαυῖδ
2573 2690 2666 2743 καί.
2715 2692 2948 2760 πατριᾶς
2979 2686 3048 2760 ῆν
3079 2690 3128 2761 [6
3174 2691 3371 2760 Ἰωσὴφ
3403 2689 3496 2760 ⁸⁸],
3537 2691 3637 2741 οὐκ
3684 2688 3754 2741 ἂν

2182 2783 2401 2837 ἄλλοθεν
2428 2780 2585 2834 ἔλαϐε
2615 2781 2714 2851 τὴν
2739 2784 2994 2851 γυναῖκα,
3024 2783 3058 2854 ἢ
3097 2783 3218 2836 ὅθεν
3254 2785 3348 2838 καὶ
3373 2786 3536 2849 αὐτὸς
3563 2783 3650 2857 ἦν.
3678 2787 3750 2838 Τί

2182 2867 2294 2934 οὖν,
2323 2873 2372 2924 εἰ
2407 2871 2620 2942 παρέϐη
2655 2871 2744 2924 τὸν
2767 2873 2957 2942 νόμον;
2991 2866 3143 2944 φησί.
3171 2874 3267 2928 Διά
3291 2875 3399 2947 γάρ
3435 2877 3593 2930 τοῦτο
3619 2896 3750 2948 προ-

2182 2961 2360 3016 λαϐὼν
2397 2963 2793 3033 ἐμαρτύρησεν,
2822 2965 2902 3016 ὅτι
2929 2965 3134 3028 δίκαιος
3164 2961 3230 3035 ἦν
3255 2969 3284 3020 6
3313 2967 3529 3037 Ἰωσὴφ,
3558 2969 3644 3021 ἴνα
3670 2969 3748 3038 μὴ

2180 3054 2336 3108 τοῦτο
2365 3053 2550 3126 λέγῃς,
2577 3053 2711 3108 ἀλλὰ
2743 3054 2928 3124 μαθὼν
2953 3055 3116 3109 αὑτοῦ
3146 3057 3243 3126 τὴν
3277 3058 3494 3128 ἀρετήν,
3527 3060 3748 3112 κάκεῖνο

2181 3146 2345 3214 εἰδῇς,
2377 3146 2458 3198 6::
2508 3146 2606 3198 οὐκ
2641 3146 2708 3198 ἂν
2752 3146 2965 3218 παρέϐη
3006 3147 3095 3200 τὸν
3128 3148 3308 3217 νόμον.
3349 3149 3406 3202 '0
3446 3149 3555 3219 γάρ
3603 3149 3748 3202 οὕτω

2181 3232 2555 3304 φιλάνθρωπος
2607 3235 2698 3286 καὶ
2753 3233 2958 3296 πάθους
3004 3234 3179 3298 ἐκτὸς,
3216 3235 3291 3298 ὡς
3336 3236 3467 3306 μηδὲ
3512 3234 3748 3305 ὑποψίας

2182 3322 2596 3392 ἀναγκαζούσης
2639 3321 2960 3394 βουληθῆναι
3002 3325 3345 3394 ἐπιχειρῆσαι
3393 3325 3618 3380 κολάσαι
3646 3325 3747 3392 τὴν

2183 3412 2476 3481 Παρθένον,
2516 3413 2631 3475 πῶς
2669 3415 2733 3466 ἂν
2765 3414 2830 3466 δι’
2855 3415 3047 3484 ἡδονὴν
3079 3416 3294 3484 παρέϐη
3319 3417 3407 3469 τὸν
3435 3403 3638 3486 ’νόμον;
3685 3417 3745 3469 '0

2182 3502 2290 3570 γὰρ
2319 3503 2457 3572 ὑπὲρ
2500 3503 2661 3571 νόμον
2695 3504 3059 3573 φιλοσοφήσας
3105 3506 3223 3574 (καὶ
3271 3506 3376 3576 γάρ
3420 3507 3479 3559 τὸ
3530 3510 3746 3575 ἀφεῖναι

2188 3589 2280 3640 καὶ
2312 3587 2484 3657 λάθρα
2507 3590 2720 3655 ἀφεῖναι
2739 3591 2804 3653 ⁸⁸,
2833 3592 2972 3661 ὑπὲρ
2999 3592 3160 3662 νόμον
3186 3593 3599 3661 φιλοσοφοῦντος
3632 3591 3745 3664 ἦν),

2189 3678 2303 3741 πῶς
2332 3678 2396 3731 ἂν
2425 3681 2573 3749 παρὰ
2603 3680 2763 3748 νόμον
2784 3684 2828 3714 ⁹⁰
2853 3681 3053 3751 ἔπραξέ
3084 3700 3159 3745 τι,
3182 3683 3272 3736 καὶ
3294 3683 3465 3737 ταῦτα
3491 3685 3748 3755 οὐδεμιᾶς

2185 3770 2596 3841 ἀναγκαζούσης
2633 3772 2848 3838 αἰτίαςς
2893 3773 3028 3826 Ἀλλ’
3072 3775 3155 3826 6::
3195 3775 3293 3844 μὲν
3325 3776 3388 3828 ἐκ
3422 3776 3515 3827 :06
3558 3776 3748 3843 γένους

2184 3858 2277 3911 :06
2311 3859 2472 3913 Δαυῖδ
2510 3856 2577 3931 ἢν
2611 3865 2644 3931 ή
2692 3862 2982 3933 Παρθένος,
3027 3867 3090 3917 ἐκ
3130 3865 3333 3918 τούτων
3365 3866 3556 3936 δῆλον·
3603 3867 3749 3928 τίνος

2183 3951 2238 4001 δὲ
2268 3950 2450 4002 ἕνεκεν
2481 3951 2646 4022 αὐτὴν
2672 3954 2770 4006 οὐκ
2793 3954 3229 4024 ἐγενεαλόγησεν,
3261 3955 3394 4008 ἁλλά
3422 3957 3510 4008 τὸν
3527 3957 3744 4024 Ἰωσὴφ,

2182 4042 2476 4109 ἀναγκαῖον
2527 4045 2719 4096 εἰπεῖν.
2750 4045 2906 4108 Τίνος
2944 4041 3036 4099 οὖν
3078 4046 3291 4111 ἐνεκεν;
3326 4048 3437 4098 Οὐκ
3476 4043 3544 4117 ἣν
3586 4048 3768 4117 νόμος,

2185 4132 2331 4202 παρά
2380 4133 2651 4196 Ἰουδαίοις
2708 4136 3139 4204 γενεαλογεῖσθαι
3197 4141 3480 4205 γυναῖκας.
3509 4139 3605 4189 ”Ιν“
3655 4133 3750 4189 οὖν

2185 4223 2278 4276 καὶ
2309 4224 2371 4276 :6
2402 4224 2521 4288 ἔθος
2549 4225 2756 4296 φυλάξῃ
2788 4227 2880 4278 καὶ
2933 4227 3005 4298 μὴ
3043 4227 3169 4297 δόξῃ
3204 4229 3640 4298 παραχαράττειν
3683 4229 3749 4280 ἐκ

2184 4311 2503 4383 προοιμίων,
2553 4316 2645 4367 καὶ
2676 4315 2772 4386 τὴν
2801 4317 2967 4388 κόρην
3000 4319 3130 4386 ἡμῖν
3168 4319 3428 4389 γνωρίσῃ,
3465 4319 3550 4373 διὰ
3592 4321 3750 4374 τοῦτο

2183 4403 2307 4464 τοὺς
2329 4402 2623 4472 προγόνους
2655 4403 2823 4473 αὐτῆς
2864 4406 3112 4474 σιγήσας,
3160 4405 3251 4458 τὸν
3296 4406 3490 4474 Ἰωσὴφ
3530 4407 3749 4474 ἐγενεα-

2183 4492 2430 4561 λόγησεν.
2467 4493 2591 4545 Εἴτε
2625 4495 2731 4564 γὰρ
2766 4495 2858 4546 ἐπὶ
2888 4494 2987 4562 τῆς
3039 4495 3316 4564 Παρθένου
3361 4495 3517 4548 τοῦτο
3561 4497 3750 4565 ἐποίη-

2185 4601 2296 4645 σεν,
2328 4583 2500 4648 ἔδοξεν
2525 4585 2589 4636 ἂν
2619 4588 2976 4654 καινοτομεῖν·
3005 4587 3114 4638 εἴτε
3141 4587 3228 4640 τὸν
3246 4587 3441 4657 Ἰωσὴφ
3473 4588 3748 4657 ἐσίγησεν,

2183 4673 2282 4726 οὐκ
2313 4673 2378 4725 ἂν
2412 4672 2654 4743 ἔγνωμεν
2692 4675 2790 4744 τῆς
2836 4675 3110 4745 Παρθένου
3143 4676 3268 4739 τοὺς
3303 4677 3618 4745 προγόνους.
3652 4678 3750 4728 ’Ἰν⁹

2183 4759 2274 4816 οὖν
2312 4764 2568 4834 μάθωμεν
2611 4765 2709 4834 τὴν
2756 4765 2992 4834 Μαρίαν,
3045 4764 3160 4836 [27]
3210 4766 3293 4828 τίς
3336 4763 3404 4837 ἦν
3443 4768 3533 4819 καὶ
3565 4766 3748 4830 πόθεν,

2184 4856 2275 4908 καὶ
2307 4854 2375 4907 τὰ
2405 4854 2512 4908 τῶν
2545 4855 2724 4924 νόμων
2754 4856 2985 4925 ἀκίνητα
3021 4856 3195 4929 μείνῃ,
3223 4858 3311 4912 τὸν
3345 4859 3626 4928 μνηστῆρα
3653 4859 3752 4911 αὑ-

2183 4946 2280 5013 τῆς
2314 4946 2724 5015 ἐγενεαλόγησε,
2771 4947 2864 4999 καὶ
2914 4947 3110 5010 ἔδειξεν
3157 4949 3284 5000 ὄντα
3336 4950 3400 5000 ἐκ
3432 4949 3530 5016 τῆς
3572 4949 3751 5011 οἰκίας

2185 5037 2363 5088 Δαυῖδ.
2397 5037 2598 5088 Τούτου
2624 5037 2731 5108 γὰρ
2758 5037 3185 5106 ἀποδειχθέντος,
3225 5040 3441 5091 κακεῖνο
3466 5041 3754 5092 συναποδέ-

2183 5127 2410 5193 δεικται,
2439 5129 2499 5179 :6
2544 5129 2636 5180 καὶ
2685 5130 2782 5198 τὴν
2829 5129 3100 5199 Παρθένον
3132 5129 3336 5183 ἐκεῖθεν
3366 5125 3525 5193 εἶναι,
3567 5131 3653 5183 διὰ
3689 5133 3752 5184 :6

2184 5215 2508 5270 τὸν-δίκαιον
2537 5219 2742 5283 τοῦτον,
2777 5219 3024 5289 καθάπερ
3062 5219 3231 5289 ἔφθην
3260 5219 3449 5282 εἰπὼν,
3499 5221 3574 5290 μὴ
3619 5221 3754 5274 ἀνα-

2187 5307 2407 5378 σχέσθαι
2436 5308 2697 5380 ἑτέρωθεν
2741 5311 3043 5378 ἀγαγέσθαι
3089 5314 3339 5379 γυναῖκα.
3366 5313 3521 5366 Ἐστι
3565 5312 3622 5364 δέ
3654 5314 3751 5367 καὶ

2184 5401 2368 5470 ἕτερον
2395 5399 2549 5471 λόγον
2583 5402 2754 5454 εἰπεῖν
2781 5403 3204 5474 μυστικώτερον,
3233 5403 3299 5456 δι’
3324 5403 3382 5456 ὃν
3415 5405 3750 5474 ἐσιγήθησαν

2418 5539 2610 5612 ’τ’-Ἑν]
2633 5541 2838 5612 Ὤτιίὲν
2871 5540 2966 5612 Ep.
2994 5541 3092 5612 An.
3191 5538 3237 5569 ⁸³
3265 5540 3371 5594 καί
3395 5538 3435 5592 +
3463 5542 3492 5595 δ
3523 5540 3724 5603 θεδςδέ

2149 5609 2196 5681 ξε
2229 5609 2501 5681 διέρρηξε]
2531 5609 2621 5664 Sié
2657 5610 2714 5664 Β.
2761 5611 2824 5662 Ι).
2856 5610 3005 5662 Arm.
3027 5610 3352 5681 rdirumpere:
3386 5612 3517 5681 An.,r
3547 5618 3726 5681 ςωιοη

2060 5679 2258 5756 βούλει]
2287 5678 2326 5738 ’ξ
2349 5678 2550 5756 ’μαθεῖν
2695 5681 2893 5756 βούλεί.
2925 5719 2937 5731 .
2971 5680 3277 5756 ἒἀκούσῃς]
3295 5678 3719 5756 βούλει-λοιπὸν,

506 5738 751 5803 ἀκούσας
783 5738 843 5794 Ε.
920 5739 965 5771 ⁸⁸
993 5741 1022 5793 ὁ
1069 5738 1398 5814 Ἰωσήᾴοιιί.
1424 5742 1485 5802 Β.
1517 5738 1621 5802 λιι.
1658 5749 1807 5805 Ann.
1881 5746 1929 5782 δ’
1957 5749 2054 5819 ἀφῐ

2189 5738 2321 5806 Mbr.
2356 5738 2572 5820 ἀφιέναι
2599 5738 2726 5805 δεῖν.
2765 5749 2896 5804 Bcn.
2972 5750 3018 5782 9°
3049 5738 3359 5820 παράἶὶοξέον
3393 5749 3453 5804 D.
3486 5749 3548 5804 E.
