4060 6156
396 174 464 230 at
1575 185 1637 263 ιω
1673 188 1955 246 Mirum

2069 197 2072 220 "
2113 198 2339 258 llOMlL.
2382 205 2441 262 ll.
3586 219 3656 272 28

398 279 820 348 generationem,
852 281 943 335 sed
976 289 1138 336 totam
1177 280 1630 349 dispensationem
1660 284 1987 354 complecta-

401 370 532 422 tur?
560 369 692 437 Quia
725 372 826 424 hoc
866 372 1024 425 totius
1051 371 1462 441 dispensationis
1501 383 1660 442 caput
1690 383 1792 442 est,
1825 387 1986 448 atque

395 467 715 538 principium
759 473 910 529 nobis
938 485 991 531 et
1029 477 1179 530 radix
1208 479 1443 532 omnium
1477 479 1756 535 bonorum.
1783 479 1972 550 Quem-

392 559 683 615 admodum
736 565 926 620 librum
992 568 1106 622 cadi
1157 580 1212 623 et
1265 580 1420 624 terra:
1468 573 1678 625 vocavit
1726 572 1974 644 Moyses,

394 651 604 706 etiamsi
638 669 742 708 non
787 655 856 710 de
897 657 1029 712 caelo
1076 669 1129 713 et
1180 669 1317 714 terra
1350 669 1552 715 tantum
1588 661 1851 731 loquatur,
1882 662 1974 718 sed

393 740 462 794 de
494 743 556 796 iis
582 744 742 800 etiam
783 763 902 817 quae
936 750 986 802 in
1035 749 1211 804 medio
1256 751 1422 820 posita
1464 762 1616 806 erant
1647 770 1660 806 :
1691 752 1764 807 ita
1807 764 1861 808 et
1892 753 1974 810 hic

395 847 605 903 quoque
631 851 696 889 ex
726 839 899 908 capite
929 840 1190 895 bonorum
1216 855 1279 896 ac
1320 843 1573 910 pra-clare
1602 854 1870 913 gestorum
1915 845 1976 897 li-

393 919 548 976 brum
575 928 916 995 nuncupavit.
943 929 1095 996 Quod
1123 932 1264 986 enim
1287 933 1602 1001 stupendum
1627 943 1708 988 est
1734 949 1974 988 omnem-

392 1026 494 1079 que
521 1027 672 1082 spem
714 1023 1273 1090 exspectationemque
1311 1034 1561 1091 superat,
1595 1033 1677 1079 est
1703 1024 1974 1082 hominem

393 1103 562 1158 Deum
592 1105 705 1162 fieri
737 1127 748 1162 :
777 1127 882 1180 quo
911 1111 1050 1166 facto
1087 1115 1264 1168 omnia
1306 1113 1597 1170 secundum
1637 1116 1894 1172 rationein
1921 1125 1976 1173 et

391 1200 826 1266 consequentiam
847 1203 1119 1258 eveniunt.

464 1391 678 1447 Davidis
741 1394 998 1464 splendor.
1053 1395 1297 1461 Qutedam
1333 1398 1395 1451 de
1440 1400 1733 1471 geneaIOgia
1780 1401 1968 1457 Christi

383 1485 686 1554 qumstiones
732 1484 1012 1538 solvuntur.
1040 1517 1110 1525 —
1139 1486 1248 1541 Cur
1276 1498 1452 1542 autem
1498 1507 1601 1545 non
1647 1492 1812 1558 dixit,
1846 1494 1965 1549 Filii

382 1576 676 1642 Abraham,
706 1586 761 1630 et
788 1578 1125 1646 postea,Filii
1159 1580 1357 1634 David?
1381 1581 1519 1648 Non,
1547 1595 1605 1637 ut
1624 1585 1836 1654 quidam
1859 1587 1966 1656 opi-

384 1679 600 1733 nantur,
633 1669 701 1723 ab
731 1669 1072 1724 inferioribus
1119 1673 1305 1726 volens
1345 1674 1411 1727 ad
1455 1679 1728 1744 superiora
1779 1695 1967 1734 ascen-

381 1761 510 1814 dere
538 1779 550 1813 :
583 1760 815 1830 alioquin
866 1761 918 1815 id
951 1762 1162 1817 fecisset
1189 1765 1331 1834 quod
1374 1776 1426 1819 et
1460 1766 1663 1834 Lucas;
1693 1786 1833 1826 nunc
1872 1787 1968 1826 an-

383 1862 488 1904 tem
520 1867 550 1905 e
575 1853 841 1906 contrario
871 1852 1010 1907 facit.
1041 1853 1148 1908 Cur
1178 1871 1304 1923 ergo
1337 1855 1584 1911 Davidem
1615 1865 1966 1918 memoravit?

381 1943 513 2010 Quia
541 1943 627 1998 ille
657 1945 708 1998 in
751 1945 985 1998 omnium
1018 1961 1111 2000 ore
1140 1946 1425 2014 ferebatur,
1456 1959 1564 2004 tum
1595 1951 1663 2006 ob
1693 1963 1962 2022 gestorum

381 2034 744 2102 Splenilorem,
769 2047 876 2090 tum
905 2041 1066 2092 etiam
1101 2041 1356 2109 temporis
1378 2055 1558 2107 causa,
1587 2044 1728 2113 quod
1757 2061 1860 2100 non
1890 2057 1968 2102 tot

378 2134 506 2180 ante
538 2128 752 2182 sazculis
781 2137 1021 2182 mortuus
1047 2139 1190 2183 esset
1209 2172 1224 2195 ,
1247 2141 1377 2200 quot
1414 2133 1704 2188 Abraham.
1742 2137 1964 2193 Etiamsi

378 2234 509 2273 vero
539 2220 746 2289 utrique
768 2221 1032 2290 pollicitus
1052 2221 1122 2277 sit
1151 2222 1308 2290 Deus,
1336 2225 1463 2279 illud
1493 2233 1666 2282 tamen
1690 2230 1838 2298 quasi
1865 2247 1964 2287 an-

380 2313 579 2382 tiquius
643 2313 963 2379 tacebatur;
1018 2314 1118 2370 hoc
1161 2327 1380 2382 autem,
1414 2329 1595 2388 utpote
1647 2324 1912 2378 recentius
1943 2367 1960 2392 ,

378 2406 618 2458 omnium
666 2419 760 2459 ore
789 2403 1284 2460 circumferebatur.
1316 2407 1417 2476 Ipsi
1465 2425 1694 2479 namque
1731 2413 1913 2468 dicunt
1945 2433 1958 2468 :

380 2494 569 2548 Nonne
611 2511 674 2548 ea:
717 2496 904 2548 semine
932 2494 1100 2548 David
1143 2505 1188 2548 et
1231 2484 1522 2552 Bethlehem
1563 2501 1672 2554 vico
1694 2541 1711 2568 ,
1744 2503 1830 2555 ubi
1857 2514 1964 2558 erat

379 2586 565 2652 David,
579 2588 708 2640 venit
739 2586 964 2642 Christus
985 2587 1164 2656 (Joau.
1189 2589 1243 2642 7.
1269 2588 1398 2659 42)?
1425 2589 1592 2644 Nemo
1618 2591 1768 2647 illum
1796 2594 1963 2650 lilium

375 2675 606 2729 Abi-alue
631 2717 646 2740 ,
676 2676 769 2730 sed
796 2690 982 2731 omnes
1007 2677 1171 2730 tilium
1203 2677 1373 2732 David
1411 2679 1709 2735 vocabant:
1740 2697 1862 2736 nam
1893 2683 1964 2740 ob

377 2767 639 2836 temporis
663 2767 913 2836 spatium,
941 2775 999 2821 ut
1025 2765 1154 2833 dixi,
1183 2777 1239 2822 et
1262 2767 1332 2821 ob
1361 2783 1603 2838 regnum,
1630 2771 1680 2825 in
1709 2772 1963 2828 memoria

375 2862 652 2916 hominum
695 2861 865 2932 magis
903 2861 1236 2917 versabatur.
1264 2861 1518 2917 Similiter
1545 2871 1600 2916 ct
1634 2878 1788 2933 reges
1819 2879 1955 2935 quos

373 2952 781 3015 venerabantur,
817 2953 1011 3021 quique
1037 2963 1157 3022 post
1186 2952 1331 3004 illum
1360 2951 1526 3019 fuere,
1557 2951 1737 3007 abillo
1764 2968 1957 3025 cogno-

373 3040 646 3094 minabant
667 3081 684 3106 ,
713 3055 812 3095 nec
851 3039 952 3110 ipsi
995 3042 1164 3094 solum
1192 3081 1208 3108 ,
1240 3040 1332 3095 sed
1361 3042 1519 3095 etiam
1552 3041 1709 3097 Deus.
1742 3043 1951 3098 Etenim

374 3130 621 3185 Ezechiel
666 3141 720 3186 et
765 3131 853 3186 alii
886 3132 1156 3201 prOpbetae
1193 3132 1373 3187 dicunt
1400 3141 1680 3188 venturum
1706 3149 1826 3190 esse
1853 3135 1954 3189 Da-

371 3221 458 3272 vid
487 3229 540 3275 et
567 3233 989 3277 resurrecturum
1030 3237 1149 3277 esse
1167 3263 1182 3288 ,
1212 3239 1316 3276 non
1344 3223 1410 3278 de
1439 3223 1640 3280 Davide
1681 3225 1772 3292 qui
1808 3241 1953 3280 mor-

372 3317 496 3364 tuus
520 3321 636 3365 erat
667 3311 946 3381 loquentes
972 3351 988 3376 ,
1019 3311 1114 3367 sed
1140 3312 1207 3368 de
1238 3313 1302 3366 iis
1327 3315 1414 3384 qui
1441 3314 1558 3383 ejus
1590 3316 1836 3372 virtutem
1867 3332 1952 3372 se-

369 3411 661 3457 ctarentur.
688 3403 933 3458 Ezechim
958 3419 1086 3457 vero
1115 3405 1187 3457 ait
1213 3422 1226 3457 :
1257 3403 1525 3475 Protegam
1551 3406 1795 3460 civitatem
1819 3409 1950 3464 hanc

371 3501 575 3562 prapter
603 3509 682 3546 me
701 3503 748 3546 et
770 3502 974 3562 prapter
992 3491 1157 3546 David
1184 3510 1392 3563 puerum
1417 3511 1582 3548 meum
1617 3495 1689 3566 (4.
1712 3496 1835 3567 Reg.
1857 3498 1944 3554 l9.

371 3581 484 3654 ⁸54).
517 3584 790 3638 Salomoni
821 3599 948 3638 vero
977 3584 1203 3649 dicebat,
1235 3601 1294 3640 se
1325 3597 1541 3655 prepter
1577 3586 1828 3641 Davidem
1858 3604 1947 3643 re-

368 3690 531 3739 gnum
560 3675 770 3730 vivente
800 3677 916 3746 ipso
946 3674 1276 3747 [Salomone]
1309 3690 1412 3729 non
1440 3675 1682 3731 divisisse
1709 3678 1787 3747 (ὅ.
1814 3676 1947 3748 Reg.

369 3766 600 3835 “.34).
631 3765 814 3836 Magna
853 3767 995 3820 enim
1025 3773 1142 3820 erat
1180 3766 1319 3820 illius
1361 3766 1460 3820 viri
1500 3767 1666 3836 gloria
1715 3776 1768 3822 et
1807 3769 1946 3837 apud

370 3855 538 3910 Deum
581 3865 634 3911 et
660 3858 797 3926 apud
830 3857 1091 3911 homines.
1122 3856 1348 3926 Ideoque
1395 3858 1462 3911 ab
1499 3857 1591 3911 illo
1629 3857 1720 3927 qui
1769 3859 1946 3912 nciior

367 3957 484 4001 erat
523 3949 796 4003 exordium
826 3948 1006 4012 ducit,
1038 3958 1089 4002 et
1118 3955 1244 4001 tunc
1277 3948 1343 4002 ad
1367 3949 1716 4018 antiquiorem
1747 3964 1944 4019 paren-

369 4047 477 4092 tem
509 4040 770 4105 recurrit,
817 4038 1140 4107 superlluum
1181 4038 1417 4104 ducens,
1460 4047 1714 4108 quantum
1752 4039 1817 4093 ad
1847 4039 1944 4094 Ju-

370 4129 517 4182 dicos
537 4171 554 4194 ,
585 4132 828 4198 superius
865 4144 1166 4188 sermonem
1216 4129 1402 4183 ordiri.
1434 4129 1500 4184 lli
1529 4131 1672 4185 enim
1715 4132 1946 4187 maxime

365 4220 638 4274 mirabiles
681 4230 833 4274 erant
864 4236 878 4272 :
910 4220 996 4274 hic
1017 4260 1032 4286 ,
1063 4212 1242 4290 utpote
1280 4236 1372 4275 rex
1419 4230 1472 4275 et
1495 4222 1784 4290 propheta;
1819 4223 1941 4291 ille,

363 4320 423 4364 ut
450 4313 743 4380 patriarcha
771 4323 826 4367 et
856 4313 1135 4382 propheta.
1163 4314 1226 4367 Et
1247 4313 1385 4368 unde
1411 4314 1682 4382 probatur,
1708 4315 1938 4383 inquies,

365 4403 516 4456 illum
561 4418 626 4457 ex
670 4405 866 4459 Davide
893 4416 1067 4458 ortum
1097 4405 1254 4459 esse?
1279 4404 1335 4460 Si
1359 4406 1501 4459 enim
1532 4421 1636 4461 non
1683 4423 1751 4464 ex
1789 4408 1938 4476 viro,

363 4493 461 4547 sed
487 4510 552 4547 ex
583 4495 812 4550 muliere
835 4505 1036 4550 tantum
1070 4506 1224 4550 natus
1251 4505 1334 4550 est
1356 4534 1376 4564 ,
1403 4496 1622 4565 virginis
1646 4505 1823 4552 autem
1851 4513 1943 4568 ge-

361 4587 603 4656 nealogia
635 4603 740 4642 non
791 4589 1027 4654 texitur,
1060 4588 1329 4658 quomodo
1377 4587 1608 4642 sciemus
1655 4590 1824 4658 ipsum
1872 4605 1936 4645 ex

359 4677 563 4733 Davide
603 4693 722 4732 esse
751 4679 968 4732 ortum?
1000 4678 1124 4731 Dua:
1153 4693 1378 4747 namque
1416 4687 1542 4732 sunt
1569 4678 1889 4748 qumstiones
1920 4695 1933 4731 :

356 4782 458 4822 cur
484 4769 666 4822 matris
690 4770 995 4838 genealogia
1023 4784 1128 4823 non
1163 4769 1374 4834 texitur,
1404 4777 1459 4822 et
1486 4783 1580 4822 cur
1603 4769 1820 4838 .losepli,
1846 4769 1936 4839 qui

360 4861 490 4914 nihil
515 4861 738 4915 contulit
765 4861 830 4923 ad
870 4862 1286 4930 generationem,
1317 4859 1384 4912 ab
1431 4861 1534 4914 illis
1565 4870 1888 4915 memoratur
1917 4876 1932 4914 :

356 4951 567 5006 videtur
596 4951 737 5006 enim
763 4951 862 5006 lioc
889 4951 1208 5017 redundare,
1233 4959 1287 5006 et
1313 4950 1440 5004 illud
1467 4951 1776 5006 desiderari.
1798 4950 1932 5017 Quid

356 5057 486 5111 ergo
527 5043 673 5111 prius
718 5041 1128 5111 pcrquirendnm
1177 5051 1256 5098 est
1284 5043 1308 5096 ?
1336 5041 1613 5107 Quomodo
1641 5057 1706 5097 ex
1738 5043 1932 5097 Davide

355 5133 519 5203 Virgo
565 5145 682 5188 orta
727 5134 904 5188 fuerit.
927 5133 1042 5199 Quo
1070 5143 1224 5202 pacto
1269 5144 1445 5187 autem
1481 5133 1712 5188 sciemus
1736 5149 1803 5188 ex
1831 5134 1946 5188 Da-

352 5223 475 5276 vide
497 5231 667 5277 ortam
690 5238 809 5278 esse
834 5223 857 5276 ’ἶ
897 5222 1034 5277 Audi
1075 5223 1238 5277 Deum
1264 5222 1496 5278 Gabrieli
1533 5223 1926 5292 praecipiemein

359 5325 419 5369 ut
458 5317 632 5372 adiret
670 5317 918 5389 Virginem
957 5319 1310 5388 desponsatam
1352 5323 1490 5390 viro,
1522 5322 1608 5375 cui
1632 5338 1807 5376 nomen
1837 5332 1944 5377 erat

356 5405 575 5478 Ioseph,
605 5410 668 5462 de
697 5409 844 5464 domo
871 5421 919 5464 et
945 5412 1144 5481 familia
1167 5411 1330 5466 David
1354 5415 1371 5482 (
1401 5413 1524 5470 Luc.
1557 5416 1606 5468 l.
1635 5413 1704 5468 27
1735 5415 1773 5483 ).
1801 5414 1938 5482 Quid

357 5499 558 5552 clarius
585 5500 820 5569 postulas
841 5541 856 5565 ,
885 5516 1006 5555 cum
1047 5502 1199 5558 audis
1236 5503 1302 5560 dc
1336 5504 1496 5560 domo
1524 5513 1578 5561 et
1615 5504 1809 5560 familia
1843 5505 1947 5559 Da-

355 5587 449 5644 vid
492 5587 762 5660 Virginem
792 5589 1004 5647 fuisse?

2175 308 2227 360 4.
2262 307 2410 364 Unde
2459 320 2634 381 patet,
2667 311 2865 382 Josepb
2904 317 3062 372 etiam
3109 319 3231 375 inde
3275 330 3449 378 ortum
3482 327 3663 384 fuisse.

2105 395 2214 450 Lex
2245 400 2437 469 quippe
2463 411 2578 456 erat
2605 420 2721 472 quae
2765 415 2967 461 vetaret
3011 425 3204 468 uxores
3231 413 3457 481 ducere,
3489 416 3589 472 nisi
3617 434 3682 475 ex

2106 487 2313 554 propria
2343 490 2501 543 tribu.
2537 491 2838 547 Pairiarcba
2866 510 2994 549 vero
3034 496 3200 553 Jacob
3238 502 3384 556 illum
3430 520 3494 559 ex
3541 508 3680 561 tribu

2099 574 2232 629 Juda
2261 580 2589 635 exoriturum
2619 599 2738 638 esse
2767 587 3009 654 pra-dixit
3033 605 3046 641 :
3083 589 3203 645 Non
3229 592 3423 662 deﬁciet
3447 598 3682 668 princeps

2100 667 2163 718 de
2185 668 2325 722 Juda
2348 712 2363 735 ,
2406 689 2565 741 neque
2589 675 2697 728 dua;
2721 677 2783 730 de
2809 679 3080 748 femoribus
3123 683 3234 750 ejus
3254 724 3269 750 ,
3318 685 3476 738 donec
3521 667 3682 742 veniat

2096 759 2176 808 cui
2205 762 2477 827 repositum
2495 774 2605 818 est:
2633 773 2679 818 et
2704 765 2812 835 ipse
2835 769 2928 822 erit
2955 773 3257 839 exspectatio
3281 776 3501 844 gentium
3523 777 3676 848 (Gen.

2095 846 2183 900 49.
2216 849 2324 918 10).
2355 850 2515 906 Certe
2546 854 2659 908 hinc
2686 858 2962 926 prophetia
2987 900 3002 925 ,
3035 862 3176 930 quod
3217 878 3282 918 ex
3323 865 3460 919 tribu
3512 846 3676 924 David

2095 937 2273 1002 fuerit,
2297 939 2528 996 declarat
2554 959 2569 1007 ;
2601 955 2654 998 at
2681 962 2784 999 non
2816 948 2954 1016 quod
2981 965 3044 1004 ex
3066 966 3263 1021 genere
3288 955 3516 1011 Davidis.
3539 957 3678 1014 Num

2094 1026 2253 1094 igitur
2290 1029 2342 1084 in
2373 1032 2508 1085 tribu
2529 1033 2660 1087 Jiida
2683 1051 2788 1090 non
2818 1037 2959 1092 aliud
2989 1048 3108 1094 erat
3133 1056 3300 1111 genus
3326 1061 3482 1113 quam
3524 1047 3680 1101 Davi-

2092 1117 2216 1170 dis?
2245 1119 2352 1172 lmo
2388 1121 2552 1176 multa
2583 1124 2707 1190 alia,
2739 1135 2793 1179 et
2817 1127 3126 1198 contingere
3151 1135 3319 1200 potuit
3347 1142 3405 1188 ut
3433 1147 3575 1190 esset
3611 1154 3677 1193 cx

2093 1210 2231 1264 tribu
2255 1211 2388 1265 Juda
2412 1252 2430 1281 ,
2458 1215 2582 1283 quin
2619 1227 2761 1271 esset
2785 1233 2851 1273 ex
2875 1234 3070 1288 genere
3110 1223 3344 1278 Davidis.
3381 1225 3576 1282 Verum
3609 1245 3675 1284 ne

2093 1299 2195 1356 hoc
2221 1302 2448 1372 diceres,
2479 1305 2615 1362 hanc
2647 1308 2736 1364 tibi
2763 1313 3121 1379 suspicionem
3154 1315 3289 1370 tollit
3310 1321 3668 1389 evangelism,

2089 1391 2272 1447 dicens
2317 1393 2462 1448 illum
2509 1395 2670 1452 fuisse
2696 1414 2761 1452 ex
2801 1399 2963 1456 domo
3002 1412 3058 1456 et
3081 1403 3276 1458 familia
3307 1405 3490 1461 David.
3521 1410 3674 1476 Quod

2088 1486 2131 1537 si
2163 1485 2211 1539 id
2239 1487 2454 1543 aliunde
2483 1492 2640 1545 etiam
2668 1493 2875 1549 discere
2904 1497 3057 1565 velis,
3091 1513 3198 1554 non
3225 1500 3397 1557 deerit
3419 1503 3524 1560 alia
3552 1521 3674 1575 pro—

2088 1575 2232 1628 batio
2261 1595 2273 1630 :
2303 1594 2406 1632 non
2437 1581 2596 1634 modo
2629 1583 2769 1637 enim
2795 1600 2898 1639 non
2933 1586 3126 1641 licebat
3153 1604 3217 1644 ex
3244 1591 3347 1644 alia
3379 1593 3514 1648 tribu
3543 1611 3673 1648 uxo-

2086 1681 2198 1719 rem
2230 1665 2444 1735 ducere,
2473 1671 2565 1726 sed
2590 1687 2760 1740 neque
2785 1690 2848 1727 ex
2876 1675 2977 1729 alia
3002 1677 3217 1744 familia,
3249 1680 3300 1734 id
3328 1689 3430 1742 est.
3461 1698 3524 1736 ex
3562 1686 3666 1744 alia

2082 1758 2414 1824 Cogitatione.
2440 1759 2620 1831 Itaque
2649 1763 2693 1815 si
2718 1763 2868 1830 illud,
2901 1765 2981 1819 Ea;
3008 1767 3158 1820 domo
3187 1777 3232 1821 ct
3260 1771 3458 1840 familia
3477 1771 3668 1839 David,

2086 1843 2284 1914 Virgini
2311 1859 2574 1916 aptemus.
2598 1850 2796 1906 dictum
2827 1854 2955 1908 illud
2981 1858 3244 1912 constabit
3267 1875 3282 1924 ;
3325 1861 3368 1914 si
3395 1861 3660 1931 Joscpho,

2085 1935 2211 1990 illud
2243 1935 2412 2006 ipsum
2443 1945 2806 2011 consequitur.
2837 1944 2892 1999 Si
2928 1948 3071 2001 enim
3107 1963 3170 2003 ex
3197 1949 3357 2004 domo
3381 1962 3433 2006 et
3460 1953 3657 2008 familia

2080 2026 2240 2082 David
2266 2040 2380 2083 erat
2400 2030 2619 2101 Josepli,
2637 2049 2739 2090 non
2766 2038 2981 2093 aliunde
3005 2042 3208 2112 accepit
3239 2058 3485 2112 uxorem,
3505 2062 3662 2116 quam

2073 2131 2137 2170 ex
2169 2119 2489 2189 cognatione
2504 2138 2616 2177 sua.
2639 2125 2774 2191 Quid
2801 2143 2949 2195 vero,
2977 2131 3202 2199 inquies,
3222 2134 3266 2187 si
3294 2134 3465 2204 legem
3487 2145 3662 2193 trans-

2073 2221 2288 2274 gressus
2315 2210 2429 2263 sit?
2466 2211 2572 2266 Sed
2602 2215 2798 2269 idcirco
2825 2231 3204 2288 praeoccupans
3230 2224 3538 2278 testilicatus
3556 2237 3660 2291 est,

2071 2296 2272 2369 .losepli
2319 2299 2483 2357 fuisse
2522 2303 2724 2372 justum
2745 2346 2760 2371 ,
2803 2316 2864 2362 ut
2889 2323 2957 2362 ne
2988 2309 3090 2364 hoc
3114 2311 3323 2368 diceres
3347 2353 3362 2379 ,
3395 2314 3489 2368 sed
3523 2316 3665 2374 illius

2073 2393 2322 2445 virtutem
2355 2391 2608 2460 edoctus,
2641 2411 2828 2452 nosses
2865 2398 3042 2470 legem
3072 2401 3140 2455 ab
3180 2403 3297 2473 ipso
3337 2421 3444 2461 non
3489 2407 3654 2466 fuisse

2071 2481 2344 2537 violatam.
2373 2483 2472 2549 Qui
2499 2485 2640 2538 enim
2669 2485 2738 2541 ita
2769 2486 3032 2545 humanus
3054 2501 3170 2546 erat
3193 2495 3210 2525 ⁸
3234 2502 3286 2548 et
3309 2510 3340 2548 a
3369 2505 3530 2564 pravo
3557 2498 3654 2552 ho-

2075 2570 2233 2626 minis
2256 2571 2444 2626 all‘cctu
2465 2588 2679 2636 vacuus.
2703 2585 2758 2630 ut
2783 2594 2850 2633 ne
2874 2580 3175 2649 suspicione
3199 2583 3410 2653 quidem
3433 2598 3656 2656 urgente

2075 2659 2235 2714 vellet
2263 2659 2332 2715 de
2357 2660 2577 2732 Virgine
2594 2666 2730 2720 sumi
2761 2669 3100 2738 supplicium,
3130 2672 3400 2740 quomodo
3423 2674 3654 2732 libidinis

2071 2767 2227 2808 causa
2256 2755 2426 2824 legem
2450 2764 2810 2826 transgressus
2837 2761 3026 2816 esset?
3051 2761 3150 2831 Qui
3175 2765 3316 2819 enim
3347 2767 3466 2836 plus
3494 2783 3653 2839 quam

2073 2842 2158 2897 lex
2192 2844 2392 2900 ferebat
2417 2847 2889 2918 pliilosophabatur
2908 2853 3053 2921 (nam
3074 2854 3343 2911 dimittere
3367 2867 3423 2912 et
3447 2859 3654 2915 occulto

2073 2933 2372 3003 dimittere,
2407 2937 2532 2992 illud
2559 2949 2672 2996 erat
2701 2943 2835 2996 ultra
2862 2943 3032 3013 legem
3061 2945 3483 3019 philosophari),
3513 2965 3650 3020 quo-

2071 3023 2230 3079 modo
2253 3035 2438 3081 contra
2467 3027 2638 3097 legem
2665 3030 2870 3099 aliquid
2916 3034 3262 3102 admitteret,
3310 3037 3469 3108 idque
3507 3041 3650 3096 nulla

2064 3124 2290 3184 cogente
2317 3119 2635 3174 necessitate
2659 3121 2682 3173 ‘l
2710 3115 2908 3177 Verum
2950 3139 3014 3178 ex
3041 3141 3239 3195 genere
3285 3128 3450 3184 David
3475 3129 3650 3202 Virgi-

2078 3219 2197 3258 nem
2228 3204 2412 3272 fuisse,
2441 3223 2502 3261 ex
2525 3208 2632 3278 jam
2660 3210 2816 3266 dictis
2848 3214 3018 3282 palam
3045 3224 3150 3272 est.
3175 3216 3289 3272 Jam
3315 3235 3442 3274 vero
3470 3235 3647 3290 operte

2067 3293 2295 3362 pretium
2327 3295 2486 3351 fuerit
2515 3299 2712 3364 dicere,
2746 3317 2841 3357 cur
2865 3319 2969 3358 non
2997 3305 3159 3367 illius,
3188 3309 3280 3362 sed
3307 3309 3524 3381 Iosephi
3553 3328 3646 3382 ge-

2063 3386 2358 3456 nealogiam
2390 3388 2621 3444 duxerit.
2651 3392 2766 3457 Qua
2809 3392 2877 3447 de
2919 3409 3078 3449 causa
3124 3397 3323 3465 igitur?
3367 3400 3484 3456 Non
3527 3413 3644 3459 erat

2060 3489 2175 3529 mos
2204 3477 2341 3546 apud
2381 3477 2591 3534 Judasos
2630 3481 2912 3536 mulierum
2958 3486 3290 3556 genealogias
3331 3497 3531 3544 texere.
3574 3493 3644 3549 Ut

2059 3565 2217 3634 igitur
2245 3569 2539 3623 secundum
2578 3587 2780 3626 morem
2806 3583 3022 3643 ageret,
3055 3591 3151 3630 nec
3179 3577 3449 3633 videretur
3487 3581 3637 3638 illum

2057 3658 2126 3712 ab
2153 3657 2301 3712 initio
2321 3661 2636 3729 transgredi,
2665 3673 2824 3732 utque
2844 3665 3000 3718 simul
3038 3667 3191 3721 nobis
3213 3667 3445 3738 Virginis
3467 3687 3638 3741 genus

2057 3748 2314 3803 indicaret
2335 3791 2350 3815 ,
2383 3751 2547 3819 ipsius
2580 3755 2811 3822 majores
2847 3757 3075 3811 reticens
3099 3799 3114 3823 ,
3143 3758 3360 3830 Josephi
3388 3765 3639 3832 genealo-

2053 3838 2192 3907 giam
2221 3839 2390 3894 duxit.
2422 3842 2477 3896 Si
2519 3842 2660 3896 enim
2691 3844 2742 3898 id
2769 3844 2836 3900 de
2867 3847 3084 3916 Virgine
3111 3849 3357 3918 fecisset,
3386 3855 3636 3911 novitatis

2054 3939 2232 3984 notam
2255 3947 2358 3985 non
2381 3933 2651 4003 ell'ugisset
2672 3953 2686 4001 ;
2710 3937 2753 3990 si
2779 3936 3068 4008 Joseplium
3103 3943 3372 4012 tacuisset,
3405 3946 3635 4018 Virginis

2053 4023 2419 4093 progenitores
2448 4041 2552 4079 non
2583 4041 2878 4081 nossemus.
2902 4028 2972 4084 Ut
3011 4030 3188 4100 itaque
3217 4033 3484 4090 discamus
3511 4053 3632 4106 quae

2051 4124 2192 4168 esset
2217 4115 2398 4177 Mai-ia,
2423 4124 2478 4170 et
2499 4116 2637 4170 unde
2662 4128 2797 4181 orta,
2821 4119 3069 4188 legesque
3091 4121 3299 4188 intacta:
3326 4139 3627 4193 manerent,

2051 4203 2231 4272 Sponsi
2263 4205 2378 4272 eius
2404 4206 2764 4277 genealogiam
2787 4213 3081 4277 contexuit,
3113 4221 3166 4266 et
3192 4228 3257 4267 ex
3284 4213 3444 4268 domo
3467 4216 3630 4271 David

2051 4297 2280 4351 ostendit
2311 4311 2450 4352 esse.
2484 4297 2596 4352 Hoc
2621 4300 2760 4354 enim
2789 4312 3236 4368 commonstrato,
3270 4305 3399 4360 illud
3421 4322 3633 4377 quoque

2051 4386 2208 4440 simul
2251 4389 2548 4444 ostenditur
2584 4390 2852 4461 Virginem
2895 4395 3054 4448 etiam
3086 4395 3210 4449 inde
3229 4407 3401 4450 ortam
3429 4397 3630 4462 fuisse;

2050 4477 2505 4548 quandoquidem,
2530 4489 2590 4534 ut
2612 4481 2719 4534 dixi
2747 4522 2758 4543 ,
2783 4482 3044 4537 noluisset
3067 4484 3243 4553 justus
3290 4487 3379 4540 ille
3417 4487 3632 4544 aliunde

2052 4583 2269 4621 uxorem
2293 4569 2556 4639 accipere.
2581 4571 2838 4640 Superest
2861 4581 2916 4626 et
2938 4573 3039 4626 alia
3063 4590 3222 4628 causa
3252 4576 3418 4645 magis
3438 4592 3627 4634 arcana

2053 4669 2101 4710 et
2124 4661 2368 4728 mystica,
2391 4677 2485 4715 cur
2507 4662 2736 4730 Virginis
2763 4664 2993 4734 majores
3009 4666 3219 4720 silentio
3242 4667 3387 4721 missi
3411 4666 3626 4737 fuerint,

2040 4771 2198 4826 quam
2225 4756 2311 4813 hic
2339 4759 2547 4828 aperire
2581 4762 2758 4816 minus
2793 4773 3148 4831 Opportunum
3175 4774 3336 4832 esset,
3365 4769 3484 4838 quia
3501 4769 3612 4839 jam

2040 4845 2203 4900 multa
2231 4845 2370 4901 dicta
2395 4857 2539 4903 sunt.
2568 4850 2927 4915 Quamobrem
2955 4852 3040 4907 hic
3061 4856 3415 4922 quaestionum
3455 4860 3611 4916 linem

2039 4936 2310 5004 facientes,
2335 4953 2400 4992 ea
2426 4954 2543 5008 qua:
2575 4939 2728 4994 nobis
2766 4941 3024 5010 explicata
3049 4953 3174 4998 sunt
3207 4959 3452 5003 accurate
3481 4951 3614 5003 reti-

2039 5040 2295 5081 neamus:
2329 5043 2518 5097 nempe
2543 5069 2556 5092 ,
2585 5044 2682 5083 cur
2717 5030 2926 5084 Davidis
2964 5035 3165 5089 mentio
3203 5037 3429 5106 primum
3473 5037 3610 5094 facta

2038 5115 2196 5169 fuerit
2212 5132 2226 5179 ;
2241 5132 2336 5170 cur
2353 5118 2541 5172 librum
2559 5119 2827 5174 vocaverit
2843 5121 3030 5176 librum
3047 5126 3425 5194 generationis,
3447 5143 3612 5196 quare

2039 5205 2248 5270 dixerit,
2264 5206 2384 5260 Jesu
2402 5204 2788 5279 Christi;quarc
2815 5214 3092 5280 generatio
3120 5214 3188 5267 sit
3221 5216 3518 5270 communis
3557 5226 3612 5270 et

2037 5317 2142 5357 non
2158 5304 2483 5367 communis;
2503 5304 2764 5358 undenam
2789 5305 2948 5358 Maria
2970 5321 3034 5362 ex
3053 5305 3250 5361 Davide
3263 5319 3376 5362 orta
3394 5321 3511 5361 esse
3530 5322 3611 5360 os-

2039 5393 2312 5461 tendatur;
2335 5409 2429 5449 cur
2452 5395 2590 5452 illius
2614 5395 2904 5466 majoribus
2922 5396 3134 5454 silentio
3150 5397 3348 5467 missis,
3366 5398 3609 5469 genealo-

2115 5614 2130 5642 ¹
2169 5611 2283 5671 Atii,
2309 5608 2373 5660 ita
2399 5608 2582 5661 virtutis
2603 5616 2706 5662 erat
2731 5616 2937 5659 uitiator.
