4060 6156
416 115 486 170 9.9
1069 123 1130 177 S.

403 229 487 296 gia
501 226 718 294 Iosephi
747 225 905 282 ducta
936 225 1113 283 fuerit.
1139 227 1194 282 Si
1221 229 1360 282 enim
1387 229 1497 282 haec
1524 231 1889 293 servaveritis,
1914 233 1980 285 ad

404 321 604 388 reliqua
633 319 861 373 dicenda
891 321 1182 375 alacriores
1207 336 1303 374 nos
1324 320 1556 376 reddetis
1579 339 1592 387 ;
1613 326 1655 377 si
1698 340 1823 378 vero
1869 324 1980 378 hzec

403 411 715 478 respueritis
741 420 793 464 et
817 427 884 464 ex
919 411 1182 464 mentibus
1211 413 1367 464 missa
1401 413 1650 475 feceritis,
1685 414 1749 467 ad
1777 423 1970 468 caetera

403 500 721 569 proferenda
763 501 1037 570 segniores
1083 503 1305 556 eriinus.
1346 501 1526 570 Neque
1573 505 1712 557 enim
1749 505 1977 574 agricola

403 599 597 646 terram
622 633 634 655 ,
659 607 774 660 quae
803 592 1005 645 semina
1036 602 1380 661 corrumpat,
1415 595 1640 648 libenter
1664 597 1975 650 excoluerit.

401 679 755 746 Quamobrem
777 720 790 742 ,
820 695 949 748 rogo
973 721 986 741 ,
1035 679 1146 734 [nec
1190 693 1368 734 mente
1404 683 1644 736 volvatis.
1678 684 1755 736 Ex
1799 685 1977 736 talium

402 771 599 838 quippe
623 783 801 822 rerum
833 769 1178 824 meditatione
1207 788 1452 840 magnum
1487 772 1752 841 quidpiam
1769 781 1822 827 et
1841 773 1981 827 saltt-

406 873 517 915 tare
543 861 738 914 bonum
768 860 961 914 animae
985 863 1208 930 paritur.
1231 862 1361 915 Nam
1391 872 1443 916 et
1469 862 1578 916 Deo
1601 863 1808 931 placere
1831 872 1979 931 pote-

401 956 566 1010 rimus
587 994 602 1016 ,
631 954 673 1006 si
702 953 815 1006 haec
840 968 1105 1018 curemus,
1128 963 1181 1008 ct
1209 970 1298 1009 ora
1322 963 1498 1008 nostra
1539 969 1567 1007 a
1603 956 1938 1010 contumeliis
1960 996 1978 1022 ,

399 1047 663 1102 obsctenis
693 1048 868 1102 verbis
894 1057 945 1101 et
983 1049 1234 1102 conviciis
1283 1063 1410 1121 pura
1441 1057 1632 1114 erunt,
1665 1049 1789 1102 dum
1816 1049 1978 1118 spiri-

402 1140 632 1193 tualibus
679 1139 1070 1193 exercebuntur
1098 1139 1358 1215 eloquiis;
1407 1139 1839 1210 dmmonibusque
1871 1142 1980 1196 for-

401 1230 680 1285 midabiles
708 1245 826 1286 esse
853 1230 1164 1300 poterimus,
1192 1230 1238 1284 si
1267 1230 1496 1300 linguam
1521 1240 1756 1286 nostram
1788 1233 1980 1288 talibus

401 1322 684 1375 verborum
726 1323 889 1375 armis
932 1321 1268 1376 muniamus:
1321 1321 1444 1375 hinc
1494 1322 1770 1376 oculorum
1827 1324 1981 1377 nobis

402 1411 780 1480 perSpicacitas
810 1419 1048 1478 augetur.
1075 1409 1207 1463 Nam
1237 1419 1291 1464 et
1315 1411 1520 1476 oculos,
1553 1421 1606 1467 et
1629 1426 1709 1477 os,
1743 1421 1797 1467 et
1824 1413 1978 1467 audi-

406 1515 513 1559 tum
543 1504 662 1557 ideo
687 1505 737 1557 in
771 1502 923 1555 nobis
954 1503 1147 1570 posuit,
1177 1511 1234 1556 ut
1258 1503 1439 1557 omnia
1470 1503 1569 1572 ipsi
1599 1505 1835 1558 membra
1870 1520 1983 1558 ser-

406 1598 614 1660 virent;
647 1605 703 1650 ut
729 1611 846 1664 qua:
875 1596 1041 1666 ipsius
1073 1603 1198 1649 sunt
1226 1597 1538 1664 loquamur,
1572 1604 1630 1649 ut
1669 1613 1785 1665 qua:
1816 1599 1979 1666 ipsius

405 1697 526 1740 sunt
555 1700 855 1753 operemur,
889 1694 944 1737 ut
974 1693 1229 1754 perpetuo
1254 1684 1480 1755 hymnos
1505 1685 1604 1753 ipsi
1629 1699 1901 1751 canamus,
1925 1679 1988 1741 ut'

404 1776 694 1846 gratiarum
725 1775 961 1828 actiones
998 1775 1334 1840 emittamus,
1365 1789 1430 1829 ac
1454 1790 1548 1842 per
1569 1776 1682 1830 hzec
1705 1778 1982 1831 coascicn—

410 1869 531 1920 tiam
565 1875 802 1918 nostram
843 1881 1149 1934 purgemus.
1191 1865 1644 1932 Quemadmodum
1690 1871 1828 1921 enim
1859 1883 1979 1922 θοι-ο

403 1976 506 2029 pus
529 1974 671 2028 puro
699 1958 886 2012 fruens
912 1974 1037 2013 aere
1063 1959 1334 2014 valentius
1362 1960 1577 2022 evadet,
1608 1960 1686 2014 sic
1716 1970 1772 2014 et
1796 1959 1979 2013 anima

401 2055 489 2109 his
519 2051 797 2107 exercitiis
837 2051 1124 2116 innutrita,
1156 2051 1515 2122 philosophiae
1549 2053 1720 2122 magis
1760 2051 1980 2106 addicta

403 2141 532 2198 erit.

469 2324 522 2372 ες.
553 2322 740 2375 Annon
767 2318 917 2374 vides
959 2318 1202 2386 corporis
1231 2317 1413 2371 oculos
1438 2357 1452 2382 ,
1485 2317 1608 2370 dum
1639 2320 1690 2369 in
1714 2315 1856 2370 fumo
1877 2331 1996 2371 ver-

401 2423 607 2478 santur,
639 2411 899 2480 lacrymas
927 2422 1136 2477 semper
1167 2406 1402 2472 fundere,
1429 2421 1549 2461 cum
1577 2414 1752 2461 autem
1780 2406 1832 2460 in
1863 2421 1995 2476 puro

407 2523 553 2571 aere,
586 2506 637 2560 in
668 2514 840 2574 prato,
871 2504 922 2557 in
956 2503 1186 2556 fontibus
1207 2544 1222 2568 ,
1254 2503 1306 2557 in
1341 2503 1527 2566 hortis,
1558 2512 1614 2558 et
1636 2504 1992 2572 perspicacio-

405 2611 490 2648 rcs
521 2604 572 2648 et
601 2594 840 2648 saniores
862 2592 1019 2648 esse?
1048 2592 1192 2646 Talis
1214 2601 1370 2647 estet
1395 2593 1586 2647 anima:
1613 2593 1796 2648 oculus
1821 2611 1833 2646 :
1858 2593 1902 2646 si
1934 2593 1988 2645 in

403 2695 554 2756 [rato
576 2685 926 2752 spiritualium
948 2684 1277 2753 eloquiorum
1306 2689 1572 2754 pascatur,
1604 2699 1788 2754 purus,
1813 2684 1987 2738 clarus

404 2787 458 2830 et
485 2775 757 2844 perspicax
781 2774 917 2838 erit;
947 2775 1028 2828 sin
1071 2773 1270 2828 fumum
1293 2775 1624 2828 szecularium
1653 2775 1988 2844 negotiorum

405 2867 578 2931 adeat,
609 2866 887 2936 plurimum
919 2866 1294 2936 lacrymabitur
1314 2880 1377 2918 ac
1406 2864 1582 2929 flebit,
1613 2873 1667 2919 et
1697 2880 1836 2919 nunc
1861 2874 1913 2918 et
1939 2865 1990 2918 in

405 2961 604 3014 futuro.
648 2957 886 3012 Ilumana
927 2957 1122 3028 quippe
1182 2957 1392 3026 negotia
1443 2955 1584 3009 fumo
1628 2965 1751 3010 sunt
1780 2955 1990 3009 similia.

403 3051 632 3120 Ideoque
658 3049 870 3104 dicebat
911 3049 1205 3118 quispiam’:
1232 3047 1532 3117 Defererunt
1553 3049 1681 3101 sicut
1701 3047 1869 3116 [mnus
1889 3047 1993 3100 dies

406 3144 504 3195 mei
534 3141 703 3213 (Psal.
737 3142 858 3195 101.
891 3141 972 3208 4).
1013 3139 1117 3194 Sed
1169 3139 1258 3193 ille
1287 3139 1498 3208 quidem
1543 3139 1610 3192 de
1653 3138 1912 3192 brevitate
1940 3147 1991 3190 et

407 3231 474 3286 de
501 3231 617 3300 fuga
645 3231 858 3286 mobilis
887 3231 984 3284 aevi
1015 3230 1282 3299 loquitur:
1311 3245 1410 3299 ego
1437 3244 1563 3284 vero
1590 3244 1692 3282 non
1721 3229 1787 3283 de
1809 3230 1905 3283 hac
1929 3243 1988 3282 re

408 3333 635 3388 tantum,
668 3323 761 3378 sed
791 3324 949 3378 etiam
990 3322 1055 3376 de
1086 3322 1482 3392 perturbatione
1507 3323 1523 3352 ί
1551 3336 1724 3375 rerum
1756 3335 1991 3390 pnesens

407 3415 536 3468 tium
562 3415 674 3469 hrcc
702 3413 1008 3484 accipienda
1030 3427 1151 3468 esse
1176 3427 1391 3468 censeo.
1438 3410 1579 3464 Nihil
1629 3412 1771 3464 enim
1801 3409 1992 3463 mentis

405 3506 616 3558 oculum
646 3508 716 3558 ita
744 3506 882 3558 male
908 3504 1068 3558 afficit
1096 3513 1149 3558 et
1177 3504 1371 3565 turbat,
1399 3511 1454 3555 ut
1479 3502 1810 3555 smcularium
1837 3514 1993 3552 cura-

409 3610 526 3647 rum
558 3595 831 3653 tumultus,
857 3603 910 3646 et
933 3592 1480 3660 concupiscentiarum
1507 3592 1677 3644 turba.
1705 3591 1826 3644 Hmc
1848 3590 1990 3643 enim

416 3692 541 3736 sunt
588 3682 714 3736 fumi
765 3681 983 3750 hujusce
1030 3681 1192 3750 ligna.
1224 3682 1300 3734 Ac
1338 3680 1782 3750 quemadmodum
1814 3680 1948 3748 ignis
1971 3719 1988 3746 ,

408 3789 526 3827 cum
557 3773 826 3827 humidam
851 3773 1124 3826 materiam
1166 3771 1407 3839 corripit,
1437 3771 1658 3824 multum
1687 3771 1881 3826 excitat
1908 3770 1988 3824 fu-

417 3880 595 3918 mum:
626 3863 701 3917 sic
732 3873 783 3918 et
807 3862 1233 3931 concupiscentia
1254 3903 1269 3927 ,
1301 3877 1421 3931 quae
1465 3863 1674 3916 fervens
1705 3871 1758 3916 et
1788 3862 1898 3929 ipsa
1927 3875 1990 3916 ac

407 3955 552 4025 quasi
579 3955 817 4013 ﬂammea
852 3963 952 4017 cst,
983 3968 1100 4008 cum
1126 3953 1394 4008 humidam
1419 3953 1699 4022 quamdam
1725 3968 1786 4006 ac
1814 3953 1992 4006 disso-

417 4047 579 4098 lutam
605 4044 826 4113 corripit
849 4043 1099 4108 animam,
1135 4044 1357 4097 multum
1383 4053 1437 4098 et
1464 4044 1575 4112 ipsa
1608 4043 1806 4097 fumum
1831 4043 1986 4109 parit.

410 4136 608 4190 Idcirco
643 4151 774 4204 Opus
795 4147 878 4189 est
898 4151 1018 4190 rore
1040 4135 1286 4204 Spiritus,
1312 4145 1364 4188 et
1385 4148 1508 4187 aura
1538 4134 1648 4199 illa,
1673 4149 1792 4203 quae
1815 4133 1989 4201 ignem

408 4229 743 4296 exstinguat,
770 4241 832 4279 ac
859 4226 1062 4279 fumum
1091 4225 1344 4293 dissipet,
1378 4233 1714 4293 mentemque
1753 4233 1988 4276 nostram

407 4315 679 4370 velucrem
707 4315 911 4369 reddat.
940 4314 1047 4368 Nec
1075 4317 1195 4383 quis
1225 4323 1416 4385 potest,
1445 4329 1543 4369 nec
1569 4322 1741 4383 potest
1767 4313 1946 4380 utique
1969 4352 1984 4374 ,

405 4408 482 4453 tot
509 4399 729 4454 obrutus
755 4399 909 4452 malis
950 4399 1016 4453 ad
1064 4400 1256 4454 cmlum
1296 4400 1477 4454 volare
1507 4416 1520 4450 :
1567 4400 1660 4453 sed
1691 4398 1981 4468 Optandum

403 4499 505 4552 est,
535 4506 632 4544 nos
657 4490 928 4558 expeditos
949 4489 1086 4545 hanc
1113 4506 1267 4560 posse
1286 4507 1503 4561 carpere
1528 4492 1699 4554 viam;
1725 4492 1830 4544 imo
1858 4504 1986 4544 vero

404 4599 473 4637 ne
503 4583 579 4637 sic
623 4583 836 4652 quidem
867 4597 1151 4652 possumus
1171 4625 1184 4646 ,
1218 4583 1319 4636 nisi
1348 4585 1457 4638 alas
1487 4585 1717 4652 Spiritus
1741 4599 1983 4637 assuma-

405 4689 542 4729 mus.
575 4673 628 4728 Si
661 4675 837 4744 itaque
877 4671 1119 4741 expedita
1170 4683 1378 4736 mente,
1409 4689 1471 4728 ac
1509 4673 1768 4741 spirituali
1812 4673 1980 4742 gratia

405 4780 539 4836 opus
569 4764 720 4818 nobis
745 4773 825 4818 est
850 4804 862 4827 ,
890 4774 946 4816 nt
971 4763 1035 4816 ad
1069 4773 1266 4816 tantam
1296 4763 1674 4818 sublimitatem
1696 4762 1984 4818 ascendere

406 4857 713 4919 valeamus;
753 4869 873 4908 eum
922 4869 1106 4908 eorum
1146 4853 1302 4919 nihil,
1327 4853 1420 4908 sed
1468 4868 1685 4923 prorsus
1715 4854 1982 4906 contraria

406 4945 715 5016 pondusque
743 4945 1035 4998 satanicum
1066 4944 1441 4998 eontrahamns
1469 4962 1481 4999 :
1514 4961 1618 5012 quo
1651 4955 1802 5013 pacto
1835 4955 1985 5011 pote-

405 5036 573 5090 rimus
598 5035 843 5100 avolare,
879 5041 1024 5087 tanto
1069 5047 1231 5088 onere
1270 5033 1548 5104 depressi?
1595 5033 1648 5088 Si
1698 5034 1815 5103 quis
1842 5033 1982 5088 enim

473 5277 488 5307 ι
527 5273 671 5324 Morel
700 5309 713 5331 ,
741 5273 799 5322 de
832 5271 1108 5335 ﬂagitante.
1149 5271 1206 5335 In
1229 5278 1388 5321 Graeco
1419 5270 1620 5335 legitur,
1651 5277 1869 5335 ἀῃχνῶδις,
1891 5281 1984 5329 qua

407 5349 525 5386 voce
551 5329 842 5396 exprimitur
867 5329 1099 5396 fragilitas
1123 5333 1237 5396 tela:
1260 5329 1495 5396 araneae;—
1517 5332 1605 5396 sed
1637 5329 1764 5396 nulla
1804 5342 1985 5396 suppe-

404 5407 466 5508 ει
499 5410 590 5507 ἱοι
613 5392 755 5447 [atina
779 5409 888 5464 quae
907 5392 1146 5459 copiosam
1175 5395 1298 5444 hanc
1320 5393 1719 5458 signiﬁcationem
1741 5392 1792 5441 in
1814 5404 1871 5441 se
1895 5392 1984 5440 ha-

440 5471 500 5508 ea

1182 124 1468 177 JUANMS
1507 126 1986 180 CIIRYSUSTUMI
2029 127 2346 181 AIiClllEP.
2393 125 2932 182 CONSTANTINOP.
3577 138 3650 193 30

2081 234 2230 300 quasi
2259 231 2487 299 tnjustis
2529 237 2745 283 statcrls
2792 229 3052 298 cogitatus
3097 237 3307 283 nostros
3358 228 3658 298 appendere

2081 321 2242 387 velit,
2272 321 2408 373 inter
2436 319 2578 373 mille
2609 319 2800 372 talenta
2837 319 3166 372 saecularium
3192 334 3497 374 sermonum
3523 361 3538 385 ,
3570 321 3657 373 vix

2081 410 2326 464 denarios
2345 398 2556 462 centum
2574 408 2923 477 Spiritualium
2941 409 3220 463 verborum
3243 411 3504 472 Inveniet;
3530 412 3658 474 imo,

2082 515 2149 554 ne
2179 499 2362 554 decem
2387 499 2593 554 obolos.
2623 501 2813 552 Annon
2844 515 2970 569 ergo
2993 508 3145 568 turpe
3172 501 3495 571 omninoque
3523 500 3656 554 ridi-

2081 591 2254 644 culum
2286 598 2367 643 est
2387 630 2402 654 ,
2449 589 2575 643 dum
2623 603 2832 642 servum
2860 588 3133 655 habentes,
3163 590 3254 643 illo
3291 600 3346 644 ut
3375 591 3657 659 plurimum

2082 683 2279 736 utimur
2309 681 2374 733 ad
2406 696 2494 734 res
2519 681 2869 744 necessarias,
2903 694 3000 734 nos
3029 697 3142 744 ore,
3172 683 3413 736 membro
3435 692 3618 736 nostro
3641 726 3656 749 ,

2081 787 2186 826 non
2218 771 2434 840 perinde
2460 771 2532 824 uti
2573 779 2730 839 atque
2760 785 2953 834 servo;
2986 771 3080 824 sed
3111 781 3330 837 contra,
3362 773 3426 826 ad
3455 772 3660 826 inutilia

2081 872 2135 917 et
2155 863 2416 932 superflua
2444 862 2690 931 negotia?
2719 863 2889 931 Atque
2916 863 3113 916 utinam
3141 864 3208 917 ad
3237 865 3501 932 superflua
3535 876 3653 919 tan-

2087 965 2238 1019 tum;
2271 955 2367 1009 sed
2399 954 2564 1007 etiam
2598 952 2689 1006 illo
2732 955 2940 1007 utimur
2971 953 3037 1007 ad
3075 955 3354 1008 contraria
3403 962 3460 1009 et
3501 956 3664 1011 noxia

2085 1056 2142 1102 et
2185 1047 2321 1100 nihil
2365 1043 2618 1099 utilitatis
2658 1044 2938 1098 habentia.
2971 1044 3024 1099 Si
3062 1047 3208 1099 enim
3245 1045 3404 1100 nobis
3435 1061 3498 1100 ea
3543 1062 3666 1116 quae

2084 1138 2366 1208 loquimur
2393 1137 2550 1191 utilia
2577 1145 2782 1197 essent,
2801 1138 2966 1191 etiam
2998 1137 3110 1191 Deo
3138 1138 3328 1208 procul
3352 1138 3521 1194 dubio
3545 1139 3665 1210 pla-

2085 1240 2297 1285 cerent.

2151 1431 2362 1501 Linguae
2386 1427 2706 1481 moderanda:
2732 1425 2879 1478 ratio.
2896 1454 2967 1464 —
2987 1424 3137 1480 Nunc
3163 1435 3337 1481 autem
3379 1441 3440 1480 ea
3482 1426 3658 1479 omnia

2081 1523 2346 1592 loquimur
2374 1535 2492 1590 quae
2519 1518 2761 1572 diabolus
2801 1518 3151 1586 suggesserit,
3199 1519 3358 1572 modo
3393 1517 3624 1572 ridentes
3645 1557 3660 1581 ,

2083 1614 2244 1668 modo
2271 1611 2469 1665 urbana
2496 1609 2792 1678 loquentes,
2821 1606 2980 1659 modo
3006 1607 3286 1662 maledicta
3311 1618 3364 1662 et
3387 1617 3664 1662 contume-

2084 1703 2182 1757 lias
2212 1701 2562 1770 Proferentes,
2596 1695 2754 1750 modo
2789 1695 3028 1762 iurantes
3051 1735 3066 1759 ,
3119 1698 3438 1752 mentientes
3460 1738 3474 1760 ,
3521 1695 3666 1765 peje-

2084 1800 2290 1856 rantes;
2323 1804 2463 1844 nunc
2489 1787 2833 1855 ferocientes,
2879 1802 3018 1843 nunc
3059 1785 3222 1842 futilia
3251 1797 3303 1842 et
3332 1787 3558 1842 anilibus
3584 1787 3665 1840 fa-

2085 1883 2225 1937 bulis
2253 1882 2448 1936 leviora
2472 1922 2486 1946 ,
2517 1896 2634 1948 qua:
2665 1881 2793 1934 nihil
2822 1883 2888 1936 ad
2915 1896 3012 1935 nos
3052 1880 3310 1944 attinent,
3353 1879 3404 1932 in
3434 1879 3666 1932 medium

2086 1972 2388 2027 afferentes.
2407 1971 2536 2037 Quis
2554 1973 2694 2026 cnim
2718 1982 2970 2036 vestrum,
2994 1983 3196 2039 quurso,
3222 1969 3483 2037 psalmum
3505 1984 3665 2020 untun

2088 2067 2316 2119 recitare
2354 2073 2602 2132 rogatus.
2654 2063 2706 2117 id
2733 2063 2910 2119 dicere
2934 2061 3136 2130 possit,
3175 2059 3259 2112 vel
3297 2058 3450 2111 aliam
3479 2072 3666 2126 quam-

2090 2157 2228 2226 piam
2269 2155 2461 2208 divina:
2490 2154 2776 2222 Scriptura:
2807 2151 3050 2221 partem?
3088 2148 3254 2203 Nemo
3295 2164 3443 2202 sane.
3485 2147 3667 2215 Neque

2094 2246 2219 2300 illud
2247 2246 2418 2298 solum
2445 2259 2602 2312 grave
2629 2253 2738 2305 est;
2786 2241 2878 2297 sed
2917 2239 3054 2310 quod
3083 2240 3220 2293 circa
3250 2237 3537 2306 spiritualia
3569 2236 3665 2289 dc—

2090 2327 2229 2382 sides
2253 2369 2269 2392 ,
2317 2326 2458 2382 circa
2498 2330 2732 2383 satanica
2772 2328 2892 2396 igne
2921 2329 3036 2382 sitis
3065 2327 3430 2382 ferventiores.
3462 2327 3594 2381 Nam
3623 2342 3667 2382 St

2089 2419 2205 2486 quis
2234 2433 2327 2472 vos
2358 2419 2685 2487 interrogare
2729 2419 2855 2472 velit
2894 2418 2960 2472 de
2999 2418 3272 2472 diabolicis
3301 2419 3550 2483 canticis,
3599 2418 3668 2472 de

2090 2510 2403 2563 meretriciis
2445 2518 2498 2563 et
2541 2509 2750 2562 lascivis
2792 2509 3149 2575 carminibus,
3199 2508 3395 2563 multos
3438 2509 3668 2564 inveniet

2089 2599 2173 2665 qui
2209 2598 2322 2652 haec
2366 2608 2611 2652 accurate
2657 2597 2859 2663 sciant,
2902 2607 2956 2651 et
3003 2614 3123 2652 cum
3169 2599 3438 2668 voluptate
3478 2612 3666 2668 magna

2090 2690 2455 2756 pronuntient.
2484 2689 2587 2744 Sed
2617 2705 2734 2759 qure
2763 2689 3002 2745 defensio
3040 2691 3104 2745 ad
3146 2693 3302 2746 talem
3345 2692 3668 2746 criminatio-

2091 2781 2256 2833 nem?
2287 2779 2399 2833 Non
2431 2797 2547 2834 sum
2567 2823 2580 2843 ,
2627 2767 2827 2850 inquit,
2869 2781 3188 2847 monachus,
3231 2782 3323 2838 sed
3365 2798 3581 2837 uxorem
3611 2792 3667 2837 et

2091 2869 2227 2923 ﬁlios
2261 2869 2453 2933 habeo,
2483 2885 2769 2940 curamque
2797 2870 3104 2927 domesticae
3132 2873 3208 2926 rei
3238 2887 3386 2942 gero.
3417 2873 3576 2943 Atqui
3603 2873 3666 2926 il-

2090 2961 2176 3014 lud
2210 2972 2291 3016 est
2320 2963 2460 3032 quod
2492 2965 2666 3018 omnia
2695 2964 3004 3033 pessumdat
3027 3005 3041 3029 ,
3087 2965 3228 3034 quod
3271 2965 3336 3020 ad
3376 2966 3666 3020 monachos

2089 3052 2260 3106 solum
2292 3055 2486 3122 putetis
2530 3056 2793 3123 pertinere
2830 3056 3112 3110 lectionem
3151 3057 3446 3111 divinarum
3485 3056 3664 3124 Scrip-

2091 3150 2358 3206 turarum,
2403 3159 2522 3197 cum
2571 3145 2737 3197 nudto
2781 3146 2947 3214 magis
2983 3162 3138 3214 quam
3170 3144 3272 3200 illis
3301 3145 3369 3198 sit
3394 3147 3544 3199 vobis
3572 3161 3667 3200 ne‘

2088 3233 2341 3286 cessaria.
2376 3232 2450 3286 Illi
2481 3233 2622 3287 enim
2653 3235 2741 3302 qui
2776 3234 2826 3287 in
2859 3235 3034 3287 medio
3064 3244 3361 3297 versantur,
3393 3249 3448 3289 et
3483 3237 3662 3304 quoti-

2089 3321 2174 3376 die
2195 3324 2409 3378 vulnera
2433 3325 2722 3394 exeipiunt,
2749 3327 2914 3380 multo
2929 3328 3096 3397 magis
3117 3328 3464 3383 medicamine
3484 3340 3662 3398 egent.

2089 3409 2270 3478 Itaque
2299 3412 2453 3482 longe
2481 3415 2629 3483 pejus
2659 3425 2770 3478 est,
2794 3431 2949 3484 quam
2983 3431 3085 3469 non
3118 3417 3308 3487 legere,
3341 3419 3660 3487 superfluam

2090 3517 2200 3556 rem
2246 3518 2366 3557 esse
2418 3514 2623 3573 putare.
2676 3507 2798 3559 llaec
2827 3507 3021 3575 quippe
3065 3508 3224 3562 verba
3267 3509 3499 3563 satanica
3539 3521 3672 3569 sunt

2089 3602 2407 3646 commenta.

2161 3774 2211 3828 6.
2277 3771 2440 3824 Lectio
2487 3766 2851 3836 evangeliorum
2896 3751 3420 3812 accesserim—Non
3472 3751 3666 3804 auditis

2094 3867 2310 3919 Paulum
2343 3862 2641 3921 dicentem,
2680 3858 2792 3908 haec
2822 3851 2996 3906 omnia
3024 3849 3088 3901 ad
3119 3847 3508 3916 correptionem
3541 3859 3666 3897 nos-

2095 3966 2228 4007 tram
2257 3951 2451 4018 scripta
2471 3963 2589 4000 esse
2613 3947 2628 4016 (
2655 3947 2702 3998 1.
2731 3943 2847 3997 Cor.
2880 3941 2962 3995 10.
2994 3940 3051 3992 11
3076 3936 3130 4008 )'.’
3157 3938 3232 3991 'l'u
3255 3952 3402 3998 vero,
3431 3936 3474 3987 si
3505 3936 3668 3988 Evan-

2094 4047 2288 4116 gelium
2319 4042 2479 4096 illotis
2507 4038 2750 4092 manibus
2787 4048 2998 4088 sumere
3039 4039 3343 4098 oporteret,
3393 4026 3443 4079 id
3487 4026 3666 4094 utique

2096 4135 2287 4197 nolles,
2318 4143 2370 4188 et
2401 4141 2575 4184 tamen
2601 4139 2753 4197 putas
2779 4141 2838 4178 ea
2867 4141 2983 4193 quze
3007 4123 3057 4175 in
3085 4123 3175 4175 illo
3200 4120 3536 4175 continentur
3563 4133 3666 4170 non

2095 4244 2214 4283 esse
2242 4223 2526 4279 admodum
2555 4219 2871 4276 necessaria.
2913 4215 3141 4283 Ideoque
3167 4213 3342 4266 omnia
3372 4227 3462 4265 sus
3502 4211 3673 4278 deque

2099 4332 2248 4372 versa
2280 4323 2422 4370 sunt.
2453 4313 2602 4379 Quod
2630 4311 2675 4364 si
2718 4310 2924 4363 discere
2959 4307 3092 4359 velis
3121 4314 3374 4373 quantum
3421 4301 3552 4355 lucri
3590 4316 3676 4354 rc-

2101 4417 2339 4478 portetur
2363 4422 2427 4461 ex
2457 4403 2741 4471 Scripturis
2768 4419 2780 4453 :
2811 4409 2861 4454 te
2882 4399 3050 4468 ipsum
3073 4395 3334 4454 examina,
3360 4409 3464 4463 quo
3487 4408 3678 4460 nempe

2103 4504 2153 4555 in
2181 4501 2286 4555 situ
2312 4507 2364 4554 et
2393 4506 2532 4552 statu
2561 4496 2633 4548 sis
2664 4509 2782 4547 cum
2825 4491 3058 4560 psalmos
3087 4488 3235 4540 audis
3255 4527 3270 4552 ,
3320 4500 3372 4539 et
3402 4499 3527 4554 quo,
3557 4499 3678 4538 cum

2103 4591 2392 4643 satanicam
2441 4587 2758 4640 cantilenam
2803 4589 2957 4647 :quo
2997 4579 3185 4632 all‘ecm
3233 4578 3307 4630 sis
3356 4577 3407 4628 in
3453 4575 3683 4629 ecclesia

2107 4692 2327 4735 versans
2346 4719 2362 4744 ,
2394 4692 2498 4747 quo
2527 4676 2577 4730 in
2611 4675 2819 4729 theatro
2846 4674 3038 4728 sedens
3062 4689 3074 4723 :
3101 4669 3408 4737 videbisque
3433 4676 3686 4735 quantum

2108 4772 2178 4825 sit
2205 4769 2493 4824 discrimen
2526 4767 2663 4819 inter
2694 4764 2829 4818 banc
2858 4772 2910 4817 et
2952 4763 3092 4814 illam
3139 4760 3390 4823 animam,
3435 4757 3556 4810 licet
3586 4768 3688 4807 una

2108 4861 2400 4929 eademque
2430 4859 2515 4913 sit.
2551 4857 2778 4925 Ideoque
2807 4853 2998 4907 Paulus
3028 4851 3155 4904 dicit
3179 4868 3191 4903 :
3219 4847 3556 4915 Corrumpunt
3583 4861 3691 4897 mo-

2111 4969 2190 5006 res
2216 4954 2367 5005 bonos
2395 4948 2643 5016 colloquia
2672 4961 2825 5015 prava
2853 4946 2933 5013 (1.
2965 4942 3080 4995 Cor.
3113 4942 3198 4994 I5.
3228 4941 3354 5008 55).
3389 4937 3586 4990 Idcirco
3615 4951 3697 4990 as-

2111 5043 2278 5097 siduis
2301 5041 2524 5110 Spiritus
2549 5036 2715 5091 sancti
2739 5034 2979 5089 cantibus
2999 5047 3236 5100 egemus.
3265 5027 3394 5082 Illud
3435 5025 3576 5080 enim
3613 5035 3696 5078 est

2113 5135 2165 5188 in
2196 5150 2301 5202 quo
2339 5132 2506 5185 brutis
2552 5136 2902 5198 praestamus,
2954 5125 3077 5178 licet
3119 5125 3172 5178 in
3220 5122 3336 5175 aliis
3377 5117 3695 5188 quibusdam

2115 5226 2270 5294 longe
2303 5225 2428 5292 ipsis
2459 5221 2737 5274 inferiores
2766 5219 2956 5271 simus.
2987 5217 3098 5271 Hoc
3131 5225 3213 5270 est
3240 5215 3550 5266 alimentum
3582 5209 3696 5263 aui-

2118 5332 2246 5380 mac,
2285 5315 2383 5368 hoc
2410 5320 2780 5368 ornamentum
2807 5351 2822 5374 ,
2871 5309 2968 5363 hoc
3007 5307 3300 5366 securitas;
3340 5311 3524 5356 contra
3567 5316 3698 5354 vero

2119 5421 2223 5460 non
2250 5404 2464 5470 audire,
2508 5402 2631 5456 illud
2677 5402 2868 5466 fames,
2911 5399 3037 5453 illud
3075 5395 3344 5464 corruptio
3373 5403 3453 5448 est
3497 5403 3510 5439 :
3557 5390 3709 5443 Dabo
