4060 6156
337 290 408 346 29
1493 291 1566 372 my
1595 290 1894 348 unum

2009 289 2016 342 ί
2058 289 2288 349 HOMIL.
2333 295 2398 350 11.
3514 298 3583 352 5ο

335 396 387 442 οἱ
415 390 518 459 τῆς
550 391 828 462 Παρθένου
873 393 1144 463 πρόγονοι,
1182 394 1350 465 ὅνπερ
1376 395 1476 449 οὑκ
1525 395 1781 470 εὕκαιρον
1818 398 1914 457 νῦν
2016 391 2110 446 καὶ
2139 393 2342 463 πτηνὸν
2370 394 2567 466 ποιήσῃ
2597 395 2730 465 ἡμῖν
2754 393 2844 446 τὸν
2877 395 3149 465 λογισμόν.
3171 395 3246 449 Οὖ
3275 395 3384 468 γὰρ
3410 396 3582 458 ἐστιν.¹

333 480 636 550 ἐκκαλύψαι
657 482 746 534 διὰ
775 482 835 534 τὸ
865 482 1033 536 πολλά
1067 479 1204 536 εῖναι
1230 482 1298 536 τά
1329 483 1615 553 εἰρημένα.
1644 485 1689 517 ⁹¹
1713 486 1912 557 Διόπερ

333 568 569 622 ἐνταῦθα
602 571 900 638 στήσαντες
931 572 1022 622 τὸν
1054 570 1182 640 περὶ
1224 571 1332 622 τῶν
1367 572 1694 641 ζητημάτων
1728 573 1905 641 λόγον,

335 660 658 729 κατέχωμεν
698 661 833 724 τέως
874 660 1016 731 μετὰ
1066 659 1352 730 ἀκριϐείας
1395 663 1464 714 τὰ
1501 662 1909 730 ἐκκαλυφθέντα

329 751 483 819 ἡμῖν·
521 745 652 814 οἷον,
684 751 825 804 διατί
871 751 963 804 τοῦ
997 749 1160 804 Δαυῒδ
1193 752 1435 823 ἐμνήσθη
1464 754 1678 824 πρῶτον
1703 770 1715 782 ·
1766 753 1908 807 διατι

329 842 391 893 τὸ
422 841 642 910 βιϐλίον,
673 843 939 910 γενέσεως
989 843 1213 897 ἐκάλεσε
1264 844 1494 898 Βιϐλίον·
1545 845 1684 898 διατί
1731 841 1901 909 εἶπεν,

343 931 545 998 Ἰησοῦ
587 933 884 1000 Χριστοῦ·
942 934 1061 996 πῶς
1110 935 1144 1005 ἡ
1197 933 1447 1004 γέννησις
1505 937 1657 1007 κοινὴ
1708 939 1802 990 καί¹
1839 938 1898 989 οὑ

331 1024 513 1093 κοινή·
554 1025 717 1077 πόθεν
741 1025 822 1078 ὅτι
849 1027 882 1096 ἡ
917 1025 1109 1095 Μαρία
1131 1025 1224 1078 τοῦ
1248 1029 1294 1058 ⁸⁸
1319 1027 1483 1081 Δαυϊδ
1511 1022 1644 1081 οὖσα
1666 1029 1898 1100 ἐδείχθη’

331 1115 425 1168 καὶ
467 1115 614 1180 τίνος
661 1116 846 1169 ἕνεκεν
889 1117 917 1168 6
945 1115 1142 1186 Ἰωσὴφ
1183 1116 1602 1188 ἐγενεαλογὴθη,
1657 1118 1902 1187 σιγηθέν-

327 1223 437 1259 των
470 1205 576 1258 τῶν
613 1205 828 1276 ἐκείνης
858 1206 1157 1275 προγόνων.
1189 1208 1286 1260 Ἂν
1315 1207 1412 1276 μὲν
1450 1207 1559 1278 γὰρ
1599 1209 1901 1279 φυλάττητε

327 1296 521 1359 ταῦτα,
552 1295 997 1366 προθυμοτέρους
1043 1296 1191 1366 ἡμᾶς
1225 1297 1320 1349 καὶ
1362 1297 1497 1368 πρὸς
1529 1300 1598 1351 τὰ
1645 1298 1902 1368 μέλλοντα

327 1385 655 1457 ἐργάσεσθε·
707 1384 773 1439 ἂν
809 1385 868 1438 δέ
904 1385 1258 1456 ἀποπτύσητε
1316 1387 1410 1440 καὶ
1459 1389 1726 1458 ἐκϐάλητε
1765 1390 1904 1443 αὑτὰ

330 1479 432 1545 τῆς
460 1475 658 1545 ψυχῆς,
683 1477 778 1528 καὶ
806 1475 940 1546 πρὸς
968 1477 1036 1530 τὰ
1059 1476 1222 1530 λοιπά
1249 1476 1604 1548 ὀκνηρότερον
1629 1479 1900 1533 διακεισό-

326 1567 487 1635 μεθα.
535 1567 668 1620 Οὐδὲ
719 1567 828 1638 γὰρ
878 1570 982 1638 γῆς
1023 1569 1091 1622 τὰ
1142 1569 1387 1640 πρότερα
1421 1567 1815 1639 διαφθειράσης
1850 1571 1901 1602 ’³

327 1658 618 1729 σπέρματα
658 1659 819 1713 ἕλοιτ’
864 1659 931 1713 ἂν
975 1659 1353 1730 ἐπιμελεῖσθαι
1402 1658 1451 1692 ³⁸
1493 1658 1756 1728 γεωργός.
1809 1660 1900 1712 Διὸ

326 1750 628 1819 παρακαλῶ
660 1750 828 1803 ταῦτα
855 1750 1126 1820 στρέφειν.
1163 1750 1296 1804 Ἀπὸ
1323 1750 1432 1822 γὰρ
1453 1748 1549 1802 τοῦ
1574 1749 1643 1802 τά
1668 1750 1896 1804 τοιαῦτα

325 1843 618 1910 μεριμνᾷν,
657 1840 798 1911 μέγα
821 1859 872 1894 τι
903 1841 950 1874 ³⁵
977 1845 1042 1913 τῇ
1084 1842 1226 1912 ψυχῇ
1259 1844 1354 1896 καὶ
1386 1843 1656 1912 σωτήριον
1684 1843 1895 1911 ἐγγίνε-

327 1945 413 1981 ται
439 1930 660 1998 ἀγαθόν.
710 1932 820 1984 Kal
861 1933 970 2003 γὰρ
1001 1933 1094 1986 καὶ
1123 1932 1203 2002 τῷ
1238 1931 1357 2002 Θεῷ
1383 1932 1726 2003 δυνησόμεθα
1767 1932 1896 2003 ἀρέ-

326 2038 435 2080 σαι,
466 2021 641 2075 ταῦτα
683 2023 1078 2092 φροντίζοντες,
1111 2024 1204 2076 καὶ
1237 2022 1447 2094 ὕϐρεων
1488 2023 1583 2077 καὶ
1611 2023 1892 2094 αἰσχρολο-

321 2111 444 2173 γίας
474 2113 564 2164 καὶ
591 2113 866 2184 λοιδοριῶν
886 2114 956 2168 τὰ
987 2115 1232 2185 στόματα
1260 2115 1479 2186 καθαρὰ
1523 2115 1698 2176 ἐσται,
1731 2131 1894 2168 πνευ-

324 2202 528 2270 ματικά
553 2202 886 2271 ’μελετῶντα
939 2204 1196 2274 ῥήματαο
1243 2204 1339 2257 Ital
1378 2202 1628 2272 δαίμοσιν
1655 2201 1892 2271 ἐσόμεθα

319 2291 539 2361 φοϐεροὶ
565 2291 978 2356 καθοπλίζοντες
1021 2291 1176 2364 ἡμῶν
1217 2291 1314 2362 τὴν
1353 2290 1597 2360 γλῶτταν
1629 2288 1892 2352 τοιούτοις

319 2373 546 2444 ῥήμασιο
576 2377 670 2429 καὶ
697 2377 791 2429 τοῦ
821 2377 956 2431 Θεοῦ
985 2378 1085 2448 τὴν
1110 2378 1271 2450 χάριν
1303 2378 1722 2448 ἐπιστωσάμεθα
1751 2377 1888 2448 μᾶλ-

315 2465 429 2525 λον,
460 2465 552 2518 καὶ
581 2465 1025 2539 διορατικώτερον
1054 2471 1185 2539 ἡμῖν
1231 2471 1524 2539 ἐργάσεται
1553 2470 1598 2501 ⁸⁸
1624 2470 1687 2522 τὸ
1711 2469 1885 2540 ὄμμα.

317 2557 425 2609 Kal
458 2557 564 2628 γάρ
605 2561 696 2611 καὶ
740 2558 1072 2629 ὀφθαλμοὺς,
1107 2560 1203 2612 καὶ
1252 2559 1448 2628 στόμα,
1478 2559 1572 2612 καὶ
1599 2557 1768 2629 ἀκοὴν
1800 2558 1888 2612 διὰ

310 2647 470 2700 τοῦτο
512 2649 643 2718 ἡμῖν
685 2649 962 2720 ἐνέθηκεν,
999 2651 1086 2705 ἵνα
1141 2650 1289 2722 αὑτῷ
1338 2652 1515 2706 πάντα
1563 2651 1786 2722 δουλεύῃ
1821 2651 1888 2705 τά

312 2737 471 2808 μέλη·
507 2739 590 2791 ἵνα
608 2741 677 2792 τά
706 2742 871 2794 αὑτοῦ
895 2741 1280 2811 φθεγγώμεθα,
1309 2744 1395 2796 ἵνα
1431 2743 1499 2797 τὰ
1525 2742 1689 2796 αὑτοῦ
1721 2742 1888 2813 πράτ-

311 2846 515 2900 τωμεν,
549 2831 636 2884 ἵνα
689 2831 804 2904 ['28]
839 2833 1054 2905 ᾄδωμεν
1085 2835 1232 2904 αὑτῷ
1274 2835 1476 2906 ὕμνους
1509 2836 1776 2906 διηνεκεῖς
1815 2836 1885 2898 ³⁷,

311 2925 401 2975 ἵνα
435 2923 782 2992 εὐχαριστίας
828 2925 1258 2996 ἀναπέμπωμεν,
1309 2927 1404 2980 καὶ
1441 2926 1528 2980 διὰ
1572 2928 1777 2980 τούτων
1826 2927 1886 2979 τὸ

313 3013 552 3077 συνειδὸς
585 3016 792 3068 ἑαυτῶν
816 3016 1233 3087 ἐκκαθαίρωμεν
1255 3017 1323 3073 ⁸⁸.
1348 3019 1557 3090 ’Ὠσπερ
1589 3017 1696 3089 γὰρ
1729 3018 1888 3088 σῶμα

322 3100 484 3166 ἀέρος
503 3098 773 3152 ἀπολαῦον
796 3099 1037 3169 καθαροῦ
1061 3100 1418 3170 ὑγιεινότερον
1439 3101 1616 3164 ἕσται,
1634 3103 1775 3154 οὕτω
1798 3105 1890 3154 καὶ

322 3185 466 3254 ψυχὴ
490 3184 893 3255 φιλοσοφωτέρα
917 3183 1192 3248 τοιαύταις
1220 3188 1584 3257 ἐντρεφομένη
1616 3187 1884 3257 μελέταις.

392 3281 456 3328 ε’.
489 3276 600 3345 Οὐχ
625 3276 755 3346 ὁρᾷς
775 3277 868 3328 καὶ
891 3276 1014 3338 τοὺς
1032 3273 1126 3328 τοῦ
1147 3277 1395 3348 σώματος
1411 3280 1740 3352 ὀφθαλμοὺς,
1763 3283 1889 3335 ὅταν

327 3365 426 3434 μὲν
471 3368 531 3419 ἐν
578 3366 771 3435 καπνῷ
819 3366 1156 3436 διατρίϐωσι,
1202 3368 1491 3431 διαπαντὸς
1529 3371 1888 3438 δακρύοντας·

324 3457 450 3509 ὅταν
482 3457 536 3510 δὲ
570 3459 627 3510 ἐν
652 3458 775 3527 ἀέρι
808 3457 1008 3526 λεπτῷ,
1036 3461 1129 3512 καὶ
1154 3459 1398 3530 λειμῶνι,
1428 3464 1520 3515 καὶ
1548 3465 1768 3532 πηγαῖς,
1799 3464 1892 3517 καὶ

325 3547 690 3618 παραδείσοις,
724 3548 1011 3620 ὀξυτέρους
1046 3567 1105 3604 τε
1135 3552 1448 3622 γινομένους
1476 3552 1568 3606 καὶ
1601 3554 1892 3621 ὑγιεινοτέ-

327 3655 482 3707 ρους;
520 3638 771 3702 Τοιοῦτος
805 3641 900 3693 καὶ
943 3643 972 3694 6
1007 3642 1107 3712 τῆς
1133 3642 1308 3712 ψυχῆς
1348 3643 1656 3714 ὀφθαλμόςο
1698 3644 1764 3699 ἂν
1795 3646 1892 3714 μὲν

322 3732 432 3797 γὰρ
481 3731 537 3780 ἐν
566 3729 644 3799 τῷ
679 3731 902 3800 λειμῶνι
935 3731 1043 3784 τῶν
1085 3734 1470 3802 πνευματικῶν
1505 3735 1763 3806 βόσκηται
1806 3737 1894 3789 λο-

323 3821 478 3886 γίων,
509 3820 745 3888 καθαρὸς
786 3821 935 3874 ἔσται
968 3821 1062 3875 καλ⁸
1089 3823 1314 3893 διαυγὴς
1341 3824 1434 3876 καὶ
1477 3824 1781 3895 ὀξυδορκῶν
1809 3828 1854 3859 θ’
1875 3841 1888 3854 ·

323 3909 390 3961 ἂν
412 3909 466 3960 δὲ
485 3913 564 3971 εὶς
594 3908 684 3962 τὸν
707 3910 907 3963 καπνὸν
925 3911 1034 3963 τῶν
1066 3910 1336 3981 βιωτικῶν
1361 3913 1499 3986 ἀπίῃ
1531 3917 1890 3986 πραγμάτων.

321 3999 651 4069 δακρύσεται
671 4001 837 4070 μυρία
853 4003 948 4055 καὶ
968 4002 1280 4066 κλαύσεται,
1295 4005 1386 4056 καὶ
1406 4004 1500 4056 νῦν
1517 4006 1608 4058 καὶ
1624 4006 1765 4060 τότε.
1786 4008 1895 4060 Kal

323 4092 430 4161 γὰρ
447 4092 639 4162 καπνῷ
659 4091 802 4144 ἔοικε
835 4094 903 4145 τὰ
934 4093 1248 4164 ἀνθρώπινα
1278 4095 1596 4166 πράγματα.
1627 4099 1724 4151 Διά
1739 4097 1895 4152 τοῦτο

323 4183 417 4235 καί
445 4200 529 4245 τις
554 4183 755 4250 ἔλεγεν·
786 4183 1095 4246 Ἑξέλιπον
1121 4187 1134 4215 ¹
1159 4186 1301 4239 ὡσεί
1340 4186 1570 4252 καπνὸς
1591 4191 1651 4241 al
1683 4189 1891 4256 ἡμέραι

317 4290 460 4340 μου.
506 4271 644 4324 Ἀλλ’
682 4273 887 4337 ἐκεῖνος
940 4275 1037 4344 μὲν
1072 4275 1210 4346 πρὸς
1252 4277 1312 4328 τὸ
1355 4275 1713 4346 ὀλιγοχρόνιον
1751 4278 1770 4306 ¹
1805 4279 1896 4330 καὶ

321 4362 710 4416 ἀνυπόστατονο
747 4364 858 4432 ἐγὼ
891 4364 945 4416 δὲ
974 4366 1072 4419 οὐκ
1101 4367 1179 4427 εἰς
1209 4365 1364 4420 τοῦτο
1411 4367 1589 4436 μόνον,
1623 4366 1758 4420 ἀλλὰ
1799 4368 1890 4421 καί⁵

320 4453 402 4512 είς
423 4452 483 4503 τὸ
500 4452 811 4523 ταραχῶδες
840 4455 857 4485 ³
882 4455 1087 4525 εἴποιμι
1110 4455 1175 4508 ἀν
1191 4456 1299 4509 δεῖν
1329 4457 1691 4526 ἐκλαμϐάνειν
1722 4458 1789 4511 τά
1818 4461 1892 4510 εί-

326 4544 558 4612 ρημένα.
585 4543 749 4596 Οὐδὲν
782 4543 890 4615 γὰρ
920 4545 1060 4598 οὕτω
1086 4545 1245 4598 λυπεῖ
1282 4546 1455 4617 ψυχῆς
1495 4547 1767 4618 ὀφθαλμὸν
1799 4550 1892 4602 καὶ

323 4631 493 4694 θολοῖ,
516 4632 590 4695 ὡς
609 4635 636 4685 ὀ
658 4634 764 4686 τῶν
790 4635 1056 4704 βιωτικῶν
1085 4637 1378 4706 φροντίδων
1404 4637 1576 4707 ὄχλος,
1607 4639 1700 4691 καὶ
1724 4641 1752 4691 6
1783 4639 1891 4691 τῶν

323 4723 635 4793 ἐπιθυμιῶν
674 4726 840 4795 ὲσμός
859 4743 872 4756 ο
903 4727 1071 4780 ταῦτα
1110 4729 1218 4798 γὰρ
1245 4728 1339 4780 τοῦ
1369 4729 1570 4782 καπνοῦ
1603 4731 1792 4783 τούτου
1823 4730 1892 4783 τὰ

322 4813 472 4879 ξύλα.
510 4816 616 4868 Καὶ
646 4815 894 4888 καθάπερ
922 4817 981 4870 τὸ
1018 4818 1148 4888 πῦρ,
1180 4821 1308 4872 ὅταν
1340 4820 1514 4890 ὑγρᾶς
1559 4821 1651 4874 καὶ
1678 4821 1893 4890 διαϐρό-

322 4921 416 4972 χου
448 4904 591 4966 τινὸς
632 4903 952 4974 ἐπιλάϐηται
1001 4907 1160 4977 ὕλης,
1202 4908 1368 4960 πολὺν
1413 4907 1643 4960 ἀνάπτει
1674 4908 1766 4961 τὸν
1795 4927 1895 4961 κα·-

323 4997 474 5048 πνόν·
509 4995 652 5049 οὕτω
685 4999 778 5050 καὶ
811 4999 1130 5069 ἡέπιθυμία
1163 5001 1195 5069 ἡ
1227 4999 1432 5068 σφοδρά
1461 4998 1598 5069 αὕτη
1628 5001 1722 5054 καὶ
1761 5001 1891 5068 φλο-

321 5089 519 5159 γώδης,
559 5091 683 5142 ὅταν
711 5091 881 5162 ὑγρᾶς
917 5108 1060 5154 τινος
1092 5092 1183 5144 καὶ
1212 5091 1602 5162 διαλελυμένης
1633 5091 1895 5162 ἐπιλάϐη-

320 5197 405 5233 ται
432 5182 630 5251 ψυχῆς,
667 5182 833 5234 πολὺν
883 5183 975 5234 καὶ
1017 5182 1152 5251 αὑτὴ
1199 5183 1370 5235 τίκτει
1398 5183 1486 5235 τὸν
1527 5184 1751 5240 καπνόν.
1796 5185 1893 5238 Διά

320 5272 477 5326 τοῦτο
497 5273 656 5343 χρεία
680 5273 778 5343 τῆς
809 5273 997 5343 δρόσου
1020 5273 1114 5325 τοῦ
1134 5273 1274 5326 Πνεύ
1283 5292 1470 5344 ματος,
1493 5275 1699 5345 καὶτῆς
1723 5275 1893 5346 αὕρας

321 5363 558 5433 ἐκείνης,
595 5363 681 5415 ἵνα
711 5363 772 5415 τὸ
802 5363 911 5434 πῦρ
951 5362 1139 5434 σϐέσῃ,
1190 5365 1281 5414 καὶ
1327 5365 1417 5416 τὸν
1450 5367 1652 5418 καπνὸν
1682 5367 1891 5434 διαχέῃ,

411 5510 459 5543 ⁸⁸
491 5510 778 5569 ΗΘΙΚΟΝ.
811 5507 930 5564 Ὀτι
952 5511 1020 5563 τὰ
1049 5511 1262 5580 μεγάλα
1289 5513 1420 5582 ἡμῖν
1450 5513 1650 5582 ὠφελεῖ
1673 5516 1706 5584 ἡ

411 5581 546 5632 ύσης
572 5580 630 5632 Β.
743 5582 763 5613 ⁰
808 5581 1246 5632 ἐπιμελήσασθαι
1278 5583 1415 5632 Edd.
1500 5583 1546 5616 ⁸⁵
1571 5601 1626 5632 τι
1655 5600 1706 5632 οι

343 5597 546 5648 ρουσης
572 5597 630 5632 ι’).

1739 5514 1850 5566 τῶν
1883 5515 2056 5583 ἁγίων
2085 5512 2317 5583 Γραφῶν
2358 5512 2577 5581 μελέτη.

743 5582 763 5613 ⁰
808 5581 1246 5652 ἐπιμελήσασθαι
1277 5583 1415 5638 Edd.
1500 5581 1546 5616 ⁵⁵
1571 5601 1626 5636 τι
1655 5581 1766 5638 oin.
1797 5589 1860 5637 A.
1895 5581 1957 5640 CV.
1991 5583 2052 5636 D.
2092 5581 2150 5636 Ε.

336 5651 383 5722 ’_°
412 5649 812 5722 éx_za0_a9w9w
843 5649 918 5703 Α.
947 5649 1039 5722 Β(
1083 5651 1129 5722 ξ’
1158 5653 1464 5722 ὀξυδερκῶν
1486 5653 1546 5708 C.
1573 5652 1695 5707 Vid.
1724 5652 1894 5722 Lobec‘

2009 5655 2014 5706 Ι
2047 5655 2242 5722 l’ln'yn.
2275 5669 2326 5722 p.
2359 5649 2480 5722 576.

2013 486 2114 538 οὐκ
2142 484 2257 538 ἐστι
2278 486 2550 550 τοσούτοις
2579 488 2940 560 βαρυνόμενον
2969 490 3154 550 κακοῖς
3186 490 3320 558 πρὸς
3350 487 3466 561 [29]
3488 489 3581 543 τὸν

2013 576 2238 648 οὐρανὸν
2265 579 2600 650 ἀναπτῆναι·
2652 579 2766 633 ἀλλ’
2800 579 3104 649 ἀγαπητὸν,
3143 581 3407 644 εὐζώνους
3431 583 3578 652 ἡμᾶς

2011 665 2170 728 δντας
2199 666 2491 737 δυνηθῆναι
2517 667 2720 737 ταύτην
2750 670 2935 739 τεμεῖν
2973 668 3073 738 τὴν
3115 668 3254 722 ὀδόν·
3286 669 3486 740 μᾶλλον
3522 671 3579 723 δέ

2012 754 2133 807 οὐδὲ
2165 753 2307 807 οὕτω
2337 746 2579 815 δυνατὸν,
2617 751 2682 804 ἂν
2719 749 2794 820 μὴ
2832 748 2926 804 τοῦ
2973 749 3288 820 Πνεύματος
3329 751 3584 823 λάϐωμεν

2010 844 2070 896 τὸ
2095 843 2312 912 πτερόν.
2341 842 2403 894 El
2431 840 2608 892 τοίνυν
2631 841 2724 893 καὶ
2751 841 2960 910 κούφης
2985 840 3008 870 ⁸
3035 839 3270 903 διανοίας
3299 841 3394 893 καὶ
3424 857 3584 894 πνευ-

2017 935 2248 1002 ματικῆς
2305 931 2527 1002 χάριτος
2580 930 2680 992 δεῖ,
2735 930 2826 983 ἵνα
2873 929 3166 999 ἀναθῶμεν
3216 931 3296 993 εἰς
3345 929 3407 982 τὸ
3451 929 3585 999 ὕψος

2011 1027 2205 1090 ἐκεῖνο,
2255 1024 2385 1076 ὅταν
2438 1021 2602 1093 μηδὲν
2651 1019 2875 1088 τούτων,
2917 1019 3056 1074 ἀλλά
3107 1021 3202 1074 καὶ
3253 1021 3324 1074 τὰ
3369 1023 3585 1075 ἐναντία

2014 1114 2190 1168 πάντα
2222 1111 2576 1183 ἐφελκώμεθα
2608 1111 2704 1165 καὶ
2740 1110 2905 1182 βάρος
2943 1113 3248 1177 σατανικὸν,
3280 1112 3395 1175 πῶς
3424 1113 3586 1182 δυνη-

2014 1204 2217 1274 σόμεθα
2278 1203 2606 1271 ἀναπτῆναι,
2656 1197 2893 1272 τοσούτῳ
2955 1201 3110 1273 βάρει
3166 1201 3585 1272 καθελκόμενοι;

2014 1298 2122 1348 Καὶ
2146 1295 2251 1367 γὰρ
2280 1296 2334 1347 εί
2353 1313 2436 1358 τις
2465 1293 2653 1364 ῶσπερ
2696 1292 2753 1345 ἐν
2782 1291 3010 1354 δικαίοις
3050 1291 3308 1363 σταθμοῖς
3334 1293 3462 1356 τοὺς
3501 1293 3586 1346 λό-

2011 1403 2140 1455 γους
2163 1387 2184 1418 ’
2208 1385 2364 1457 ἡμῶν
2392 1385 2588 1452 στῆσαι
2632 1384 3049 1454 ἐπιχειρήσειεν,
3069 1384 3125 1437 ἐν
3152 1384 3365 1454 μυρίοις
3394 1383 3586 1438 ταλάν-

2012 1493 2124 1540 τοις
2160 1474 2430 1546 βιωτικῶν
2463 1475 2638 1543 λόγων
2685 1473 2837 1544 μόλις
2883 1474 3105 1544 εὑρήσει
3137 1472 3366 1543 δηνάρια
3396 1474 3587 1526 ἑκατὸν

2015 1567 2274 1637 ῥημάτων
2298 1562 2707 1635 πνευματικῶν·
2740 1563 2940 1634 μᾶλλον
2960 1562 3017 1616 δὲ
3037 1562 3158 1615 οὑδέ
3185 1562 3405 1626 ὀϐολοὺς
3430 1563 3584 1618 δέκα.

2011 1651 2136 1726 ’Ἆρ’
2162 1651 2256 1707 οὑν
2306 1653 2406 1705 οὑκ
2456 1650 2686 1725 αἰσχύνη
2733 1650 2828 1704 καὶ
2861 1649 3034 1718 γέλως
3078 1648 3325 1720 ἔσχατος,
3372 1648 3588 1720 οίκέτην

2015 1744 2114 1814 μὲν
2141 1743 2384 1814 ἔχοντας,
2411 1742 2480 1795 τὰ
2508 1741 2734 1795 πλείονα
2757 1735 2844 1804 ἐίς
2875 1739 2944 1793 τὰ
2970 1740 3242 1806 ἀναγκαῖα
3285 1739 3588 1810 κεχρῆσθαι

2011 1833 2160 1905 αὑτῷ
2187 1834 2504 1905 πράγματα,
2539 1831 2712 1902 στόμα
2742 1831 2796 1884 δὲ
2824 1831 3217 1901 κεκτημένους,
3249 1831 3383 1900 μηδέ
3404 1831 3586 1903 οἰκέτῃ

2013 1926 2215 1996 ὁμοίως
2265 1923 2672 1996 προσφέρεσθαι
2716 1922 2793 1993 τῷ
2827 1922 2978 1993 μέλει
3025 1922 3104 1992 τῷ
3151 1922 3424 1993 ἡμετέρῳ,
3473 1922 3587 1976 ἀλλ’

2013 2017 2382 2087 ἀντιστρόφως
2403 2017 2482 2078 είς
2501 2013 2750 2084 ἀχρηστα
2768 2014 2864 2068 καὶ
2884 2012 3224 2084 παρέλκοντα
3248 2013 3550 2083 πράγματα
3569 2028 3585 2077 ;

2013 2110 2124 2162 Kal
2154 2107 2264 2161 εἴθε
2292 2108 2374 2169 είς
2404 2104 2744 2177 παρέλκοντα
2786 2103 2967 2174 μόνον·
3006 2102 3102 2157 νῦν
3143 2101 3201 2156 δὲ
3243 2104 3322 2165 είς
3372 2103 3589 2156 ἐναντία

2014 2199 2108 2253 καὶ
2139 2197 2398 2269 βλαϐερὰ.
2424 2197 2518 2250 καὶ
2543 2198 2622 2259 είς
2649 2194 2801 2248 οὐδὲν
2825 2195 2960 2264 ἡμῖν
2985 2195 3251 2264 χρήσιμα.
3277 2194 3340 2245 El
3381 2193 3489 2263 γὰρ
3519 2189 3588 2264 ἦν

2015 2291 2146 2359 ἡμῖν
2169 2290 2418 2360 χρήσιμα
2465 2287 2502 2340 ἀ
2542 2283 2942 2354 ἐφθεγγόμεθα,
2975 2283 3070 2336 καὶ
3104 2282 3182 2351 τῷ
3223 2280 3345 2352 Θεῴ
3373 2283 3589 2346 πάντως

2015 2381 2144 2451 φίλα
2173 2376 2242 2451 ἦν
2265 2380 2332 2433 τὰ
2357 2379 2645 2447 λεγόμενα.

2083 2470 2220 2522 Νυνὶ
2237 2470 2293 2523 δέ
2320 2469 2462 2540 άπερ
2489 2467 2558 2522 ἂν
2579 2469 2606 2519 6
2627 2464 2869 2524 διάίδολος
2898 2461 3197 2533 ὑποϐάλλῃ,
3222 2463 3400 2516 πάντα
3420 2461 3588 2532 c9967-

2013 2561 2242 2632 γόμεθα·
2272 2560 2364 2613 νῦν
2396 2559 2494 2629 μὲν
2531 2557 2818 2626 γελῶντες,
2844 2553 2939 2607 νῦν
2977 2553 3034 2607 δέ
3077 2555 3264 2607 ἀστεῖα
3305 2554 3362 2606 λέ
3377 2571 3583 2622 γοντεςο

2013 2652 2108 2706 νῦν
2136 2652 2232 2722 μὲν
2261 2649 2638 2720 καταρώμενοι
2663 2648 2756 2699 καὶ
2783 2645 3116 2718 ὑϐρίζοντες,
3141 2644 3236 2698 νῦν
3270 2645 3326 2698 δὲ
3357 2645 3585 2714 ὀμνύον-

2011 2762 2104 2808 τες
2132 2745 2225 2798 καὶ
2269 2743 2588 2814 ψευδόμενοι
2629 2741 2723 2793 καὶ
2771 2737 3173 2809 ἐπιορκοῦντες·
3212 2739 3306 2790 καὶ
3353 2737 3448 2791 νῦν
3489 2740 3585 2808 μὲν

2013 2836 2529 2901 ἀποδυσπετοῦντες,
2569 2833 2664 2888 νῦν
2692 2833 2748 2886 δέ
2781 2831 3246 2902 βαττολογοῦντες,
3295 2832 3389 2886 καὶ
3427 2835 3584 2902 γραῖ-

2011 2928 2137 2981 δίων
2168 2927 2459 2998 ληροῦντες
2509 2924 2690 2988 πλέον,
2743 2923 2814 2976 τά
2861 2921 3026 2994 μηδὲν
3053 2922 3189 2994 πρὸς
3215 2924 3363 2993 ἡμᾶς
3405 2922 3584 2976 πάντα

2013 3023 2092 3082 εἰς
2126 3019 2288 3090 μέσον
2332 3019 2609 3088 φέροντες.
2642 3016 2738 3079 Τίς
2779 3015 2887 3086 γὰρ
2930 3014 3104 3085 ὑμῶν,
3157 3015 3277 3068 εἰπέ
3313 3032 3423 3080 μοι,
3474 3015 3582 3067 τῶν

2013 3111 2244 3164 ἐνταῦθα
2285 3109 2617 3180 ἑστηκότων,
2659 3105 2872 3176 ψαλμὸν
2912 3103 3008 3158 ενα
3051 3103 3374 3174 άπαιτηθεὶς
3407 3104 3582 3157 είπεῖν

2012 3203 2212 3256 δύναιτ’
2250 3201 2336 3264 ἂν,
2378 3201 2412 3270 ἢ
2463 3199 2590 3254 ἄλλο
2625 3215 2679 3250 τι
2737 3196 2902 3269 μέρος
2954 3195 3064 3249 τῶν
3103 3195 3265 3248 θείων
3310 3195 3578 3267 Γραφῶνς

2011 3295 2123 3346 Οὑκ
2152 3292 2296 3346 ἐστιν
2325 3291 2522 3354 οὐδείς.
2551 3289 2661 3343 Kal
2683 3289 2745 3342 οὑ
2772 3288 2933 3342 τοῦτο
2962 3287 3122 3358 μόνον
3154 3287 3270 3339 ἐστὶ
3299 3287 3359 3339 τὸ
3388 3287 3578 3347 δεινὸν,

2011 3385 2125 3453 ἀλλ’
2154 3386 2236 3438 ὅτι
2267 3383 2402 3453 πρὸς
2429 3383 2496 3435 τὰ
2534 3379 2884 3450 πνευματικά
2928 3379 3387 3441 ἀναπεπτωκότες
3415 3379 3579 3442 οὕτω,
3693 3395 3701 3405 ·

2005 3451 2142 3534 πρὸς
2165 3465 2232 3517 τὰ
2266 3451 2530 3520 σατανικά
2562 3467 2732 3538 πυρός
2761 3468 2883 3520 ἐστε
2923 3466 3286 3538 σφοδρότεροι.
3334 3464 3443 3518 Kal
3470 3462 3578 3531 γὰρ

2005 3558 2053 3610 εί
2078 3555 2362 3626 βουληθείη
2391 3574 2474 3621 τις
2503 3559 2647 3628 ὑμᾶς
2676 3557 2818 3628 ῲδάς
2845 3555 3097 3622 ἐξετάσαι
3121 3555 3454 3618 διαϐολικάς,
3487 3554 3581 3607 καὶ

2006 3647 2238 3718 πορνικὰ
2270 3649 2365 3701 καὶ
2391 3648 2878 3718 κατακεκλασμένα
2914 3647 3072 3718 μέλη,
3102 3647 3328 3702 πολλοὺς
3357 3647 3581 3716 εὑρήσει

2009 3736 2146 3806 μετὰ
2170 3736 2452 3806 ἀκριϐείας
2474 3737 2648 3790 ταῦτα
2678 3739 2908 3802 εἰδότας,
2928 3739 3021 3790 καὶ
3046 3738 3184 3807 μετά
3216 3735 3416 3805 πολλῆς
3443 3736 3580 3789 αὑτά

2007 3824 2122 3897 [501
2151 3825 2596 3893 ἀπαγγέλλοντας
2621 3826 2720 3894 τῆς
2745 3827 2957 3896 ἡδονῆς.
2999 3825 3158 3877 Ἀλλά
3192 3825 3277 3887 τίς
3305 3826 3336 3893 ἡ
3375 3823 3577 3876 ἀπολο-

2006 3915 2102 3982 γία
2137 3913 2246 3967 τῶν
2274 3912 2636 3984 ἐγκλημάτων
2664 3915 2712 3978 “;
2749 3914 2860 3966 Οὐκ
2907 3913 3041 3982 εἰμὶ,
3076 3913 3230 3980 φησὶ,
3276 3911 3385 3963 τῶν
3417 3927 3583 3980 μονα-

2007 4006 2136 4076 χῶν,
2170 4003 2304 4057 ἀλλά
2355 4003 2449 4055 καὶ
2480 4006 2712 4070 γυναῖκα
2744 4004 2852 4073 ἔχω
2898 4003 2992 4055 καὶ
3023 4001 3228 4055 παιδία.
3268 4002 3362 4053 καὶ
3405 4000 3582 4062 οἰκίας

2010 4093 2396 4166 ἐπιμελοῦμαι.
2426 4097 2445 4126 ⁷
2483 4091 2652 4146 Τοῦτο
2681 4093 2787 4163 γάρ
2814 4094 2961 4144 ἐστιν
2987 4090 3015 4143 ὃ
3044 4090 3221 4142 πάντα
3252 4089 3578 4158 ἐλυμήνατο,

2005 4189 2086 4240 ὄτι
2117 4187 2345 4249 ἐκείνοις
2367 4186 2546 4256 μόνοις
2567 4183 2814 4254 νομίζετε
2843 4183 3139 4251 προσήκειν
3159 4180 3262 4250 τὴν
3279 4181 3582 4246 ἀνάγνωσιν

2005 4279 2113 4332 τῶν
2143 4278 2300 4331 θείων
2337 4276 2588 4348 Γραφῶν,
2618 4273 2793 4344 πολλῷ
2823 4273 2983 4326 πλέον
3016 4273 3238 4326 ἐκείνων
3278 4273 3434 4341 ὑμεῖς
3466 4271 3606 4323 δεό-.

2009 4387 2178 4440 μενοι.
2197 4370 2321 4432 Τοῖς
2355 4368 2462 4440 γὰρ
2492 4371 2548 4420 ἐν
2578 4369 2726 4436 μέσῳ
2752 4365 3158 4434 στρεφομένοις,
3185 4367 3278 4417 καὶ
3305 4363 3428 4416 καθ’
3450 4364 3580 4416 ἐκά-

2005 4477 2137 4530 στην
2168 4460 2382 4529 ἡμέραν
2416 4457 2706 4527 τραύματα
2735 4455 3066 4525 δεχομένοις,
3098 4455 3303 4517 τούτοις
3348 4453 3583 4524 μάλιστα

2003 4551 2083 4604 δεῖ
2130 4552 2457 4622 φαρμάκων.
2505 4551 2666 4602 Ὥστε
2702 4548 2795 4601 τοῦ
2850 4549 2923 4618 μὴ
2955 4546 3352 4615 ἀναγινώσκειν
3402 4545 3582 4614 πολλῷ

2002 4638 2180 4708 χεῖρον
2211 4637 2272 4690 τὸ
2307 4637 2402 4690 καὶ
2444 4636 2695 4706 περιττὸν
2744 4632 2882 4688 εἶναι
2935 4635 2996 4687 τὸ
3040 4637 3273 4705 πρᾶγμα
3317 4633 3573 4704 νομίζειν·

2001 4729 2173 4783 ταῦτα
2221 4729 2329 4800 γὰρ
2360 4732 2656 4800 σατανικῆς
2692 4729 2924 4798 μελέτης
2952 4727 3022 4780 τά
3051 4730 3289 4798 ῥήματα.

2084 4829 2121 4877 ς
2134 4827 2162 4875 ’.
2197 4822 2309 4873 Οὑκ
2336 4821 2562 4873 ἀκούετε
2583 4819 2793 4872 Παύλου
2817 4819 3087 4886 λέγοντος,
3111 4818 3190 4870 ὃτι
3209 4818 3361 4885 Πρὸς
3379 4823 3588 4874 νουθεο

2002 4912 2147 4964 ciar-
2188 4912 2357 4980 ἡμῶν
2387 4912 2572 4965 ταῦτα
2623 4910 2815 4964 πάντα
2846 4909 3108 4978 érpdgan;
3145 4911 3215 4962 Συ
3246 4911 3336 4975 δέ,
3372 4912 3439 4965 ἂν
3484 4913 3582 4982 μὲν

2003 5001 2331 5070 Εὑαγγέλιον
2375 5001 2630 5065 δέξασθαι
2682 5002 2812 5073 δέῃ,
2860 5003 3047 5071 χερσὶν
3079 5002 3324 5064 ἀνίπτοις
3369 5003 3468 5055 οὑκ
3517 5002 3573 5056 ἂι

2003 5092 2142 5146 ἕλοιο
2176 5093 2334 5145 τοῦτο
2363 5094 2610 5163 ποιῆσαι·
2649 5095 2716 5146 τά
2742 5093 2796 5146 δὲ
2836 5093 2980 5146 ἔνδον
3012 5095 3307 5164 ἐγκείμενοι
3341 5095 3440 5164 οὑχ
3473 5097 3580 5165 ἡγῇ

2005 5185 2209 5254 σφόδρα
2254 5186 2526 5251 ἀναγκαῖα
2561 5181 2734 5249 εἶναι;
2789 5185 2885 5238 Διά
2936 5185 3091 5238 τοῦτο
3127 5186 3304 5239 πάντα
3335 5185 3446 5239 ἀνω
3485 5185 3581 5238 καὶ

2003 5273 2153 5327 κάτω
2181 5275 2420 5343 γέγονεν.
2458 5279 2518 5330 Εἰ
2548 5278 2656 5346 γάρ
2697 5278 2873 5347 βούλει
2903 5278 3094 5348 μαθεῖν
3137 5279 3260 5331 ὅσον
3292 5277 3400 5330 τῶν
3435 5276 3576 5346 Γρα·

2004 5366 2118 5434 φῶν
2151 5367 2210 5421 τὸ
2236 5367 2456 5437 κέρδος,
2488 5370 2738 5434 ἐξέτασον
2766 5369 3008 5432 σεαυτὸν,
3038 5369 3118 5432 τίς
3151 5370 3250 5436 μὲν
3288 5367 3413 5435 γίνῃ
3440 5363 3578 5433 ψαλο

2672 5511 2717 5542 θ’
2749 5509 2867 5578 τοῦῖ
2901 5510 2964 5560 ἐκ
2992 5508 3084 5560 τοῦ
3120 5507 3175 5558 Β.
3253 5506 3300 5539 ³³
3323 5504 3571 5571 διαφθει-

2672 5579 2703 5626 ί-
2735 5580 2932 5626 μᾶλλον
2966 5577 3023 5626 Β.
3129 5578 3172 5606 ⁸⁷
3204 5574 3465 5626 διηνεκῶς
3505 5574 3565 5626 Ε.

3237 5590 3346 5643 ιηνε
3356 5591 3465 5635 κως
3505 5590 3565 5643 ιι.

2251 5582 2296 5615 ⁹⁶
2324 5577 2712 5657 ἐὲξῖᾲσεέριιξῑές.
2733 5577 3027 5657 μᾶλλοῑῇ
3127 5577 3218 5657 1",!

2614 5640 2880 5714 ἐξέλειπον
2918 5647 3049 5698 Edd.
3126 5640 3564 5714 ξόλιγοχρόνιον]

2561 5651 2575 5679 ¹
2610 5647 2880 5714 ἐξέλειπον
2918 5647 3027 5698 Edd
3038 5684 3049 5696 .

411 5718 551 5794 ἰδὼν
580 5711 646 5774 υἱ
717 5711 741 5794 "_
776 5720 1109 5794 ταρᾳχῶὂες]
1134 5711 1446 5794 ᾁρὲικνίῖλδες
1477 5723 1561 5794 8:,
1592 5727 1628 5794 κ’
1663 5721 1894 5794 κρύφηςῖ

2009 5725 2125 5794 ἡμῖν
2152 5711 2223 5794 Ε.-
2276 5711 2305 5752 ’³
2341 5719 2550 5790 λόγους]
2579 5711 2671 5772 δίο
2698 5719 2848 5772 Ann.
2872 5725 2925 5769 cl
2955 5714 3114 5766 codd.
3138 5711 3429 5782 λογισμούς
3457 5711 3563 5766 Au:

342 5787 478 5843 Mor.
513 5788 646 5843 ΒεξηΔ
723 5791 744 5821 ⁸
777 5787 1456 5862 ἐγκλημάτώνῘ-Ρτούτων
1489 5792 1626 5847 Ειίιί.
1703 5791 1723 5822 ⁷
1754 5787 1894 5860 [uitii

2009 5787 2150 5847 ‘Edcx
2185 5791 2246 5846 ιθ.

657 5888 927 5947 ΡΑτιιοι.
978 5888 1096 5948 Gn.
1144 5889 1336 5953 LVII.

3188 5877 3228 5936 3
