4060 6156
325 333 379 388 Si
1459 329 1522 384 ΙΝ
1565 325 1914 384 ΜΑττιῌΕι

2047 321 2282 380 HOMIL.
2324 318 2418 374 Ill.

321 447 451 499 enim
503 443 598 506 eis,
645 442 846 512 inquit,
905 457 1009 496 non
1067 442 1262 511 famem
1316 441 1492 513 panis,
1538 457 1705 511 neque
1752 439 1894 495 sitim

322 565 499 620 aqua;
545 549 637 603 sed
692 548 890 618 famem
942 547 1193 602 audiendi
1245 549 1386 603 verbi
1438 549 1652 602 Domini
1703 547 1898 618 (Amos

323 656 368 710 8.
413 653 533 723 Η).
574 652 715 719 Quid
755 661 942 707 autem
982 651 1259 707 infelicius
1302 667 1424 708 esse
1458 654 1652 723 possit,
1705 669 1893 724 quam,

322 777 438 814 cum
471 758 607 814 illud
642 757 789 828 quod
818 757 962 812 Deus
992 766 1055 810 ut
1085 773 1303 828 poenam
1333 758 1724 822 comminatur,
1758 756 1898 812 illud

323 867 493 936 ipsum
537 866 742 918 malum
792 870 853 918 tu
895 871 1090 933 sponte
1139 864 1193 918 in
1240 872 1406 934 caput
1438 871 1591 919 tuum
1623 864 1895 928 attrahis,

321 971 444 1026 dum
468 970 793 1042 gravissima
815 969 958 1024 fame
986 969 1158 1026 allicis
1179 971 1419 1025 animam
1442 979 1613 1035 tuam,
1637 971 1898 1040 illamque

321 1077 571 1132 omnibus
609 1075 972 1130 infirmiorem
1002 1075 1234 1130 reddis?
1260 1076 1397 1130 Nam
1437 1092 1469 1130 a
1495 1076 1683 1131 verbis
1716 1075 1810 1131 illa
1843 1082 1901 1130 et

320 1181 592 1251 corrumpi
633 1190 690 1236 et
725 1181 905 1235 sanari
932 1181 1093 1236 solet.
1138 1181 1426 1251 Siquidem
1451 1181 1565 1237 illis
1595 1181 1732 1236 etin
1763 1179 1900 1236 iram

321 1287 641 1351 concitatur,
673 1295 728 1339 et
756 1293 1032 1340 commota
1059 1285 1382 1356 mitigatur:
1405 1285 1474 1341 ad
1503 1287 1902 1356 concupiscen-

322 1392 447 1445 tiam
499 1390 766 1445 lascivum
817 1389 1028 1444 dictum
1079 1389 1350 1455 incendit,
1384 1396 1441 1443 et
1476 1388 1542 1443 ad
1591 1387 1900 1442 castitatem

320 1496 547 1551 verbum
591 1495 886 1549 honestum
935 1493 1175 1550 reducit.
1233 1493 1292 1548 Si
1337 1493 1487 1548 enim
1534 1506 1716 1548 sermo
1751 1491 1902 1546 solus

325 1609 525 1655 tantam
553 1599 662 1653 vim
687 1599 875 1664 habet,
901 1615 1024 1666 cur,
1048 1612 1254 1670 quaeso,
1281 1599 1597 1669 Scripturas
1621 1597 1901 1667 despicis?

325 1705 378 1759 Si
406 1719 641 1774 namque
673 1703 1080 1758 admonitiones
1107 1711 1318 1758 tantum
1348 1703 1555 1768 valent,
1583 1703 1758 1757 multo
1783 1716 1899 1756 ma.

325 1807 401 1877 gis
449 1809 672 1877 quando
723 1823 848 1864 cum
904 1807 1375 1863 admonitionibus
1429 1807 1588 1863 adest
1638 1806 1896 1877 Spiritus.

325 1913 538 1967 Etenim
578 1913 806 1984 verbum
837 1928 906 1967 ex
944 1913 1252 1982 Scripturis
1280 1912 1485 1968 divinis
1510 1913 1784 1984 prolatum
1819 1912 1903 1967 in-

325 2017 572 2071 duratam
607 1977 842 2073 anima’m
881 2019 1004 2090 igne
1035 2019 1420 2074 vehementius
1452 2019 1682 2084 emollit,
1730 2025 1786 2074 et
1831 2017 1899 2073 ad

325 2122 579 2191 quaelibet
600 2123 745 2177 bona
770 2134 950 2193 aptam
979 2122 1165 2179 eilicit.
1198 2123 1291 2179 Sic
1317 2138 1443 2179 cum
1473 2123 1676 2178 Paulus
1700 2121 1898 2178 Corin—

327 2227 468 2281 thios
489 2227 707 2284 inﬂatos
731 2236 786 2282 et
815 2236 1091 2284 tumentes
1112 2243 1234 2285 esse
1257 2195 1728 2300 deprehendisset,
1754 2242 1901 2282 com-

326 2334 522 2403 pressit
560 2349 625 2388 ac
663 2333 1026 2390 modestiores
1075 2335 1336 2390 reddidit.
1385 2335 1462 2389 De
1503 2334 1710 2404 quibus
1754 2333 1905 2389 enim

325 2437 532 2506 pudore
564 2438 878 2508 ruboreque
908 2438 1046 2494 allici
1084 2455 1184 2509 par
1215 2448 1357 2504 erat,
1403 2437 1472 2495 de
1501 2438 1696 2494 iisdem
1727 2439 1901 2494 altum

327 2541 629 2611 sapiebant.
670 2542 774 2597 Sed
817 2551 1108 2612 postquam
1152 2543 1308 2598 Pauli
1347 2543 1636 2614 epistolam
1671 2557 1901 2612 accepe-

329 2654 472 2710 rant,
517 2645 645 2700 audi
691 2647 912 2702 illorum
945 2647 1330 2712 mutationem,
1358 2664 1522 2719 quam
1566 2649 1682 2719 ipse
1712 2649 1907 2704 doctor

329 2749 651 2803 testiﬁcatus
671 2758 758 2805 est
782 2750 871 2807 his
897 2751 1118 2831 verbis:
1139 2751 1250 2806 Hoc
1266 2754 1407 2807 enim
1424 2754 1598 2823 ipsum
1621 2754 1907 2807 secundum

330 2853 503 2906 Deum
541 2857 870 2922 contristari,
910 2866 1171 2927 quantam
1207 2860 1262 2912 in
1295 2860 1435 2913 vobis
1468 2868 1719 2930 operatur
1755 2859 1908 2914 solli-

329 2959 612 3012 citudinem
637 2976 655 3013 :
683 2961 776 3014 sed
803 2961 1182 3031 defensionem,
1216 2964 1306 3018 sed
1342 2965 1781 3036 indignationem,
1820 2967 1912 3019 sed

330 3062 751 3132 inmutationem,
797 3065 889 3120 sed
934 3066 1224 3122 uindictam
1257 3066 1344 3139 (‘2.
1393 3066 1516 3122 Cor.
1560 3068 1610 3121 7.
1659 3068 1778 3137 ii).
1820 3067 1910 3123 Sic

3495 327 3566 382 3'2

1994 439 2248 503 famulos,
2288 439 2449 503 filios,
2486 452 2705 505 uxores,
2749 440 2957 495 amicos
2994 439 3366 505 instituamus,
3397 450 3453 496 ct
3498 442 3568 497 dc

1995 547 2236 604 inimicis
2262 549 2469 602 amicos
2499 547 2680 602 facere
2703 563 2980 602 curemus.
3007 547 3096 603 Sic
3122 549 3302 618 magni
3335 549 3414 602 illi
3439 548 3568 612 viri,

1996 653 2220 724 Deoque
2252 653 2436 717 amici,
2468 652 2728 707 meliores
2755 652 2936 707 etIccti
2968 660 3117 706 sunt.
3154 651 3369 707 Etenim
3401 652 3571 707 David

1996 767 2120 828 post
2172 767 2480 828 peccatum,
2531 758 2689 813 verbi
2744 757 2948 820 fructu,
3005 757 3059 812 in
3109 757 3372 827 Optimam
3423 757 3575 813 illam

1997 863 2268 918 deductus
2297 873 2383 919 est
2411 863 2792 933 pmnitentiam
2819 862 2894 933 (‘2.
2917 862 3046 932 Reg.
3072 861 3156 916 12.
3187 864 3274 933 15)
3302 880 3316 916 :
3339 865 3575 932 apostoli

1998 983 2218 1037 quoque
2269 967 2350 1022 sic
2395 968 2535 1022 tales
2583 977 2900 1032 evaserunt,
2955 966 3144 1036 quales
3194 969 3470 1033 novimus,
3518 976 3578 1024 et

2000 1073 2319 1128 universum
2349 1074 2541 1128 orbem
2579 1081 2944 1129 attraxerunt.
2982 1074 3186 1144 Ecquis
3217 1073 3454 1140 fructus,
3491 1074 3577 1128 in-

1999 1179 2271 1250 quies,-si
2317 1179 2443 1250 quis
2488 1179 2694 1246 audiat,
2743 1187 2800 1236 et
2848 1179 2995 1235 dicta
3044 1194 3156 1235 non
3203 1180 3579 1250 exsequatur?

2000 1286 2119 1342 Non
2171 1286 2449 1341 modicum
2497 1293 2647 1341 certe
2697 1301 2767 1340 ex
2814 1285 3008 1340 auditu
3061 1285 3286 1341 accedet
3339 1285 3575 1340 lucrum.

2000 1393 2136 1448 Nam
2159 1393 2206 1448 is
2242 1393 2483 1462 seipsum
2517 1390 2800 1446 damnabit
2831 1399 2888 1445 et
2924 1391 3265 1461 ingemiscat,
3296 1401 3352 1446 et
3382 1406 3449 1445 eo
3481 1391 3582 1444 ali-

2000 1499 2222 1569 quando
2251 1497 2577 1561 deducetur,
2607 1505 2671 1552 ut
2699 1510 2821 1566 quae
2854 1495 3001 1550 dicta
3027 1503 3160 1550 sunt
3193 1495 3439 1565 impleat.
3475 1494 3594 1564 (ξιῂ

1998 1619 2132 1661 vero
2165 1619 2236 1659 ne
2282 1603 2506 1674 quidem
2544 1603 2652 1658 scit
2686 1615 2757 1657 an
2780 1600 3114 1671 peccaverit,
3139 1599 3362 1668 quando
3391 1614 3422 1653 a
3453 1614 3582 1668 pec-

2006 1707 2183 1764 cando
2211 1708 2480 1764 desistet?
2513 1705 2735 1777 quando
2767 1711 2990 1775 peccata
3024 1703 3310 1758 damnabit
3337 1703 3475 1758 sua?
3503 1703 3582 1758 Ne

1999 1812 2194 1882 itaque
2223 1819 2643 1867 contemnamus
2671 1809 2982 1865 divinarum
3009 1808 3304 1863 lectionem
3335 1807 3586 1878 Scriptu-

2004 1933 2213 1972 rarum.
2250 1918 2378 1973 Haec
2405 1917 2554 1974 enim
2586 1916 2858 1972 diabolica
2895 1927 2981 1972 est
3019 1915 3280 1986 cogitatio
3320 1931 3442 1985 qua:
3470 1930 3582 1969 non

2003 2023 2278 2090 permittit
2315 2029 2378 2078 ut
2420 2023 2739 2078 thesaurum
2782 2019 3092 2084 videamus,
3132 2033 3203 2073 ne
3235 2017 3458 2073 divitias
3489 2032 3583 2072 ac-

2004 2129 2311 2199 quiramus.
2332 2127 2461 2185 ldeo
2483 2127 2624 2182 nihil
2650 2141 2772 2183 esse
2793 2125 2933 2181 dicit
2955 2124 3148 2180 audire
3171 2124 3390 2179 divinas
3410 2123 3583 2194 leges,

2006 2251 2077 2295 ne
2105 2250 2174 2290 ex
2202 2234 2396 2290 auditu
2423 2249 2527 2290 nos
2557 2233 2625 2288 ad
2648 2232 2909 2289 eﬂ‘ectum
2932 2246 3046 2286 rem
3070 2230 3346 2285 deducere
3374 2230 3582 2284 videat.

2009 2343 2257 2398 Scientes
2279 2342 2467 2413 igitur,
2499 2341 2644 2396 hanc
2666 2341 2786 2410 ejus
2804 2353 2927 2394 esse
2960 2336 3354 2408 nequissimam
3385 2341 3584 2400 artem,

2009 2451 2253 2523 undique
2291 2465 2394 2507 nos
2430 2449 2764 2510 muniamus,
2796 2457 2856 2502 ut
2886 2447 2974 2501 bis
3014 2445 3184 2501 armis
3221 2443 3497 2508 instructi,
3529 2451 3585 2498 et

2009 2573 2111 2614 nos
2126 2557 2312 2613 invicti
2333 2550 2653 2611 maneamus
2667 2554 2896 2624 ejusque
2916 2558 3080 2621 caput
3095 2549 3285 2604 feriam
3293 2565 3377 2614 us,
3395 2549 3584 2618 sicque

2006 2664 2250 2719 victoriae
2289 2661 2598 2733 insignibus
2635 2660 2907 2724 coronati,
2962 2658 3147 2712 futura
3178 2670 3584 2725 consequamur

2009 2769 2182 2834 bona,
2233 2768 2405 2840 gratia
2463 2775 2520 2821 et
2564 2765 2903 2836 benignitate
2956 2761 3175 2818 Domini
3227 2759 3404 2814 nostri
3456 2758 3582 2814 Jesu

2007 2873 2250 2939 Christi,
2289 2874 2379 2928 cui
2410 2871 2585 2942 gloria
2611 2878 2669 2926 et
2701 2869 2992 2939 imperium
3034 2869 3088 2923 in
3123 2866 3323 2922 saecula
3362 2865 3592 2921 saeculo-

2016 2996 2161 3035 rum.
2198 2980 2389 3034 Amen.

1697 3676 2072 3746 'IIOMILIA
2119 3683 2224 3745 IIl.

349 3968 482 4027 CAP.
535 3967 581 4034 l,
627 3983 681 4022 ν.
717 3967 770 4019 1.
806 3965 957 4019 Liber
999 3963 1353 4036 generationis
1399 3961 1525 4016 Jesu
1566 3959 1785 4026 Christi,
1835 3957 1934 4026 ﬁlii

826 4071 1019 4135 David,
1056 4069 1160 4137 ﬁlii
1184 4069 1474 4123 Abraham.

432 4281 483 4333 1.
515 4279 626 4334 Cur
672 4279 918 4348 Iosephi,
967 4293 1072 4330 non
1107 4275 1295 4329 Mariae
1336 4274 1646 4345 genealogia
1683 4277 1932 4327 ducatur.

350 4386 584 4441 —Ecce
626 4387 740 4456 jam
789 4383 1006 4438 tertiam
1050 4381 1533 4444 dissertationem,
1579 4390 1636 4435 ct
1673 4380 1937 4448 prommia

351 4491 601 4546 nondum
647 4488 1003 4544 absolvimus.
1057 4485 1180 4540 Non
1234 4499 1366 4556 ergo
1412 4484 1616 4539 frustra
1664 4483 1936 4549 dicebam,

350 4595 657 4651 admodum
717 4591 1048 4663 profundam
1101 4605 1223 4646 esse
1279 4590 1476 4644 barum
1537 4589 1937 4645 sententiarum

347 4710 633 4756 naturam.
683 4703 794 4771 Age
828 4699 1009 4755 hodie
1050 4712 1172 4768 qua:
1221 4697 1442 4752 residua
1493 4703 1624 4751 sunt
1669 4695 1935 4750 dicamus.

348 4804 500 4872 Quid
530 4821 664 4875 ergo
688 4805 800 4875 jam
834 4801 1173 4873 quaerimus?
1206 4800 1318 4856 Cur
1364 4800 1591 4871 Josepbi
1623 4799 1939 4870 genealogia

351 4913 615 4975 ducatur,
648 4911 743 4980 qui
774 4910 915 4964 nihil
956 4908 1026 4964 ad
1064 4907 1476 4978 generationem
1524 4905 1793 4962 contulit?
1819 4905 1940 4960 Jam

346 5033 520 5072 unam
555 5030 777 5071 causam
802 5015 1040 5070 diximus
1069 5030 1082 5064 :
1113 5027 1294 5081 opera:
1314 5011 1557 5080 pretium
1583 5019 1668 5065 est
1691 5019 1752 5064 ut
1777 5009 1938 5064 aliam

344 5121 626 5182 dicamus,
674 5118 850 5188 magis
900 5116 1184 5187 mysticam
1237 5125 1295 5170 et
1351 5131 1626 5170 arcanam.
1681 5115 1939 5181 Quaanam

344 5226 445 5280 illa
492 5225 612 5278 est?
655 5223 893 5277 Nolebat
938 5220 1146 5276 Judaeis
1194 5229 1388 5274 notum
1422 5236 1544 5276 esse
1589 5221 1707 5289 ipso
1754 5229 1942 5290 partus

358 5338 618 5398 tempore
653 5345 718 5382 ex
746 5326 972 5397 Virgine
996 5325 1148 5380 nasci
1173 5323 1474 5380 Christum.
1507 5324 1613 5380 Sed
1648 5339 1718 5380 nc
1752 5326 1942 5382 turbe-

340 5433 489 5489 mini
511 5433 582 5488 de
607 5433 978 5501 inexspectata
1004 5428 1382 5498 responsione.
1406 5429 1594 5499 Neque
1612 5429 1761 5486 enim
1785 5445 1942 5485 meus

341 5538 445 5593 hic
472 5545 560 5592 est
597 5549 802 5599 sermo,
833 5533 928 5589 sed
962 5540 1182 5604 patrum
1219 5540 1539 5588 nostrorum
1583 5534 1936 5590 admirando-

337 5658 474 5700 ruzn
530 5641 945 5712 insigniumquc
979 5654 1250 5695 urorum.
1284 5638 1342 5694 Si
1396 5638 1546 5698 enim
1580 5641 1753 5697 multa
1805 5641 1938 5698 sub-

2037 3957 2268 4011 obscure
2295 3957 2366 4010 ab
2392 3955 2550 4009 initio
2580 3957 2840 4024 loquutus
2869 3963 2974 4018 est,
2998 3955 3199 4011 Filium
3224 3958 3467 4010 hominis
3487 3971 3610 4014 sese

2033 4074 2257 4122 vocans,
2286 4073 2391 4113 nec
2422 4058 2627 4126 ubique
2676 4071 2830 4110 suam
2876 4071 3004 4110 cum
3043 4057 3202 4111 Patre
3243 4059 3610 4126 aequalitatem

2035 4167 2180 4221 clare
2230 4166 2500 4230 revolans,
2539 4164 2671 4234 quid
2704 4165 2923 4218 miraris
2972 4164 3017 4220 si
3067 4164 3174 4219 hoc
3219 4165 3384 4219 etiam
3422 4165 3615 4220 adum-

2037 4273 2236 4336 bravit,
2267 4286 2462 4341 magna
2493 4270 2728 4340 quadam
2763 4280 2821 4326 et
2846 4270 3085 4325 mirabili
3113 4287 3246 4326 usus
3275 4273 3615 4328 oeconomia?

2037 4376 2248 4446 Ecquid
2274 4375 2365 4430 hic
2384 4375 2675 4430 mirabile?
2700 4375 3017 4444 inquies.Ut
3044 4385 3290 4431 servaret
3314 4376 3613 4446 Virginem,

2035 4491 2092 4537 et
2115 4499 2146 4537 a
2180 4497 2346 4553 prava
2376 4483 2689 4552 suspicione
2725 4482 3006 4537 liberaret.
3034 4482 3091 4538 Si
3119 4484 3267 4538 enim
3295 4485 3412 4540 haec
3439 4484 3615 4540 Judaei

2038 4589 2106 4644 ab
2157 4588 2318 4643 initio
2368 4589 2676 4652 audissent,
2724 4588 2966 4660 maligne
3017 4605 3133 4644 rem
3182 4590 3616 4658 interpretantes

2037 4693 2318 4764 Virginem
2346 4694 2700 4763 lapidasseut,
2727 4703 2891 4764 atque
2919 4704 2980 4749 ut
3023 4695 3328 4750 adulteram
3358 4695 3616 4749 damnas-

2038 4805 2180 4853 sent.
2213 4797 2349 4853 Nam
2398 4799 2444 4854 si
2492 4799 2549 4853 in
2597 4799 2741 4863 aliis,
2773 4813 3009 4868 quorum
3037 4799 3205 4853 etiam
3231 4801 3479 4870 exempla
3517 4802 3617 4856 ha-

2038 4880 2246 4960 bebant
2272 4908 2327 4961 in
2356 4908 2540 4963 Veteri
2570 4905 2942 4972 Testamento,
2974 4907 3324 4977 impudenter
3350 4912 3526 4980 palam
3558 4927 3616 4968 se

2042 5013 2307 5080 gerebant
2342 5030 2354 5065 :
2383 5012 2428 5065 si
2457 5011 2679 5081 quando
2703 5011 2980 5068 daemonas
3008 5014 3187 5084 ejecit,
3221 5015 3614 5072 dmmoniacum

2044 5117 2334 5181 vocabant,
2371 5118 2412 5170 si
2443 5119 2570 5186 quia
2598 5117 2655 5171 in
2685 5118 2913 5173 sabbato
2947 5119 3180 5185 curavit,
3219 5121 3332 5176 Deo
3360 5123 3617 5177 adversa-

2052 5220 2196 5275 rium
2226 5221 2513 5290 putabant,
2538 5222 2756 5277 etiamsi
2784 5233 2948 5300 antea
2975 5224 3264 5280 sabbatum
3296 5241 3440 5296 saepe
3467 5227 3612 5281 solu-

2050 5335 2167 5381 tum
2203 5327 2399 5382 fuisset
2427 5345 2440 5381 ε
2469 5329 2601 5398 quid
2647 5345 2755 5383 non
2789 5329 2989 5385 dicturi
3023 5340 3201 5398 erant,
3233 5333 3341 5388 hoc
3384 5333 3613 5387 audien-

2048 5435 2168 5488 tes?
2193 5433 2409 5489 Etenim
2437 5449 2538 5505 pro
2578 5435 2712 5505 ipsis
2739 5448 3038 5507 pugnasset
3069 5447 3242 5492 totum
3275 5439 3614 5507 praeteritum

2045 5546 2283 5608 tempus,
2308 5540 2401 5596 ubi
2428 5556 2725 5610 numquam
2754 5543 2887 5612 quid
2915 5543 3091 5599 simile
3111 5551 3325 5614 gestum
3348 5543 3541 5597 fucrat.
3560 5539 3616 5600 Si

2045 5659 2282 5714 namque
2312 5653 2438 5714 post
2465 5654 2544 5702 tot
2573 5646 2725 5717 signa
2758 5648 2914 5702 illum
2966 5647 3144 5702 adhuc
3195 5647 3412 5716 Josephi
3447 5648 3621 5704 filium
