4060 6156
419 281 494 346 ἇῦ
1135 293 1191 349 s.
1223 293 1497 352 JOANNIS
1535 294 2005 354 CHRYSOSTOMI
2044 298 2356 352 aatzumr.
2401 300 2928 362 (IONS't‘ANTlNOl‘.
3622 311 3692 365 at

425 391 786 459 appellabant,
815 392 1081 461 quomodo
1121 403 1242 446 ante
1283 393 1368 446 illa
1415 399 1560 464 signa
1591 400 1761 468 ipsum
1791 415 1854 456 ex
1890 402 2004 456 Vir-

420 484 542 550 gine
575 493 753 538 natum
781 485 1132 539 credidissent
1163 486 1185 539 ?
1229 486 1350 542 Ideo
1395 490 1572 559 itaque
1611 493 1729 566 ejus
1755 508 2005 562 genealo-

421 575 503 642 gia
542 575 784 639 ducitur,
817 575 1190 647 Virgincmque
1234 578 1541 649 deSponsat.
1589 582 1810 650 Quando
1860 585 2002 640 enim

421 664 637 732 .loselih,
684 665 765 716 vir
805 664 978 733 justus
1009 675 1063 720 et
1103 667 1485 736 admirandus,
1537 673 1714 726 multis
1743 689 1876 743 opus
1909 677 2002 730 ha-

419 757 552 818 buit,
583 767 638 809 ut
666 757 806 824 quod
835 768 1041 826 gestum
1084 771 1201 816 erat
1228 763 1506 826 edisceret,
1536 766 1757 834 angelo,
1796 769 2004 825 visione

419 861 515 915 per
541 862 787 901 somnum
819 890 834 913 ,
866 857 922 904 et
952 853 1329 921 prophetarum
1361 856 1694 922 testimonio;
1735 862 2001 928 quomodo

416 938 582 991 .luda-i
610 941 846 1007 perversi
880 951 935 995 et
972 946 1229 1013 corrupti,
1253 955 1306 1000 et
1336 947 1408 1000 illi
1442 946 1655 1016 in'fensi,
1687 949 1821 1006 hanc
1844 967 1998 1006 exce-

413 1031 616 1098 pissent
663 1031 1015 1100 opinionem?
1065 1036 1363 1091 Admodum
1407 1039 1546 1091 enim
1594 1039 1713 1094 illos
1758 1055 1845 1096 res
1892 1051 1997 1097 tam

420 1145 553 1183 nova
580 1170 594 1197 ,
621 1137 729 1183 tam
758 1129 1115 1197 inexspectata
1160 1129 1528 1196 perturbatura
1558 1143 1672 1190 erat
1692 1174 1706 1196 ,
1751 1149 1815 1190 eo
1859 1137 2000 1203 quod

417 1220 812 1289 progenitorum
853 1235 1071 1274 suormn
1115 1234 1229 1274 aevo
1277 1220 1409 1274 nihil
1440 1221 1739 1290 hujusniodi
1792 1235 2000 1295 gestum

417 1328 664 1382 uutquam
696 1312 898 1365 fuisset.
928 1311 1134 1366 Etenim
1156 1311 1244 1379 qui
1268 1312 1433 1365 semel
1459 1313 1683 1368 credidit
1711 1315 1861 1370 illum
1881 1332 2001 1372 esse

418 1404 506 1457 Dei
533 1403 744 1467 Filium,
770 1402 896 1455 nihil
928 1401 1026 1456 hac
1048 1401 1115 1455 de
1141 1417 1201 1455 re
1221 1402 1488 1472 ambigere
1509 1403 1727 1476 debuit:
1756 1407 1845 1476 qui
1873 1423 2001 1462 vero

415 1494 562 1547 illum
609 1492 946 1545 seductorem
975 1503 1027 1545 et
1071 1491 1178 1546 Deo
1221 1492 1585 1548 adversarium
1632 1496 1996 1564 existimaret,

414 1583 679 1653 quomodo
723 1597 828 1636 non
864 1583 961 1636 hac
1003 1581 1071 1638 de
1107 1597 1168 1636 re
1195 1583 1361 1653 magis
1403 1583 1796 1651 offenderetur,
1826 1589 1914 1657 qui
1947 1588 1999 1642 in

415 1676 556 1728 illatn
590 1688 691 1727 non
721 1675 1074 1728 deduceretur
1115 1674 1419 1742 opinionem
1445 1675 1468 1729 ?
1498 1674 1727 1746 Ideoque
1774 1679 2004 1748 apostoli

417 1769 516 1823 hoc
542 1765 720 1820 statim
750 1767 817 1820 ab
840 1767 987 1820 initio
1014 1781 1118 1820 non
1139 1765 1324 1822 dicunt
1343 1808 1356 1830 ,
1387 1768 1483 1823 sed
1515 1768 1584 1824 de
1608 1771 2000 1828 resurrectione

415 1859 577 1913 multa
616 1873 757 1930 smpe
805 1859 1108 1926 disserunt,
1159 1859 1312 1928 cujus
1349 1859 1459 1930 jam
1499 1865 1746 1931 exempla
1791 1863 2001 1921 fuerant

417 1953 696 2022 praeteritis
749 1953 1103 2021 temporibus,
1151 1953 1249 2007 etsi
1281 1968 1386 2008 non
1417 1952 1542 2009 huic
1589 1955 1783 2010 similia
1814 1976 1826 2010 :
1857 1957 1999 2028 quod

416 2056 590 2100 autem
614 2046 680 2101 de
695 2044 911 2115 Virgine
937 2051 1090 2098 natus
1119 2044 1207 2111 sit,
1233 2059 1340 2100 non
1363 2046 1430 2099 ita
1454 2045 1756 2116 frequenter
1781 2047 1997 2116 dicunt;

416 2138 508 2191 sed
555 2153 724 2204 neque
773 2143 940 2190 mater
964 2133 1015 2188 id
1042 2143 1122 2189 est
1151 2149 1277 2189 ausa
1308 2137 1564 2204 proferre.
1599 2138 1730 2194 Vide
1772 2155 2000 2210 namque

415 2229 538 2298 quid
569 2229 642 2281 illi
675 2227 830 2296 Virgo
858 2227 996 2280 dicat
1028 2245 1040 2280 :
1073 2224 1207 2280 Ecce
1246 2243 1336 2297 ego
1364 2238 1410 2280 et
1438 2237 1580 2297 pater
1605 2240 1718 2282 tuus
1744 2232 2002 2301 qua'reba-

415 2339 527 2375 mus
557 2318 874 2389 te(Luc.‘2.
903 2319 971 2373 48
989 2318 1031 2384 ).
1082 2317 1213 2372 Nam
1264 2319 1310 2373 si
1357 2319 1485 2373 illud
1541 2320 1594 2374 iu
1641 2322 1999 2390 suspicionem

417 2413 682 2474 venisset,
737 2426 911 2480 neque
959 2409 1173 2464 Davidis
1201 2409 1417 2464 demum
1463 2410 1597 2464 filius
1622 2426 1740 2466 esse
1767 2412 2002 2468 creditus

418 2506 632 2560 fuisset:
656 2505 752 2558 hac
793 2516 950 2581 porro
978 2502 1182 2558 sublata
1225 2503 1506 2570 opinione,
1534 2503 1698 2558 multa
1736 2506 1843 2562 alia;
1868 2506 1999 2561 sub-

417 2601 616 2654 oritnra
663 2595 799 2650 mala
841 2602 1014 2649 erant.
1043 2594 1326 2663 Propterea
1358 2610 1424 2648 ne
1451 2595 1548 2664 ipsi
1581 2587 1795 2664 quidem
1824 2597 1997 2666 angeli

422 2689 551 2742 illud
592 2687 800 2750 dicunt,
847 2685 950 2738 nisi
991 2684 1174 2739 Maria:
1212 2693 1422 2740 tantum
1457 2695 1512 2739 et
1554 2684 1822 2754 Joscpho;
1868 2702 1993 2740 cum

419 2795 546 2832 vero
582 2777 895 2847 pastoribus
936 2774 1112 2831 fausta
1169 2778 1500 2842 nuntiarent,
1550 2777 1602 2831 id
1647 2778 1870 2832 minimc
1907 2777 1997 2831 ad-

417 2871 682 2940 jecerunt.
749 2867 860 2922 Cur
919 2869 1190 2922 Abraham
1257 2879 1598 2932 memorato,
1643 2884 1766 2923 cum
1822 2870 1993 2926 dixis-

421 2972 521 3025 set,
560 2961 748 3032 genuit
783 2962 952 3026 lsaac,
981 2969 1036 3014 et
1067 2961 1224 3016 lsaac
1253 2960 1443 3025 Jacob,
1478 2965 1578 3016 nec
1612 2962 1834 3018 fratrem
1858 2965 1873 2994 ³
1899 2961 1991 3018 ,1³-

418 3054 542 3108 cohi
565 3053 920 3117 nominasset,
956 3068 1081 3107 cum
1127 3053 1192 3106 ad
1218 3053 1483 3108 Jacobum
1521 3061 1708 3122 postea
1745 3055 1910 3121 venit,
1940 3064 1995 3110 et

417 3140 610 3195 Judam
633 3151 684 3196 et
707 3144 904 3198 fratres
922 3145 1041 3213 ejus
1065 3152 1455 3197 commemorat
1478 3141 1501 3194 ?

483 3312 540 3367 2.
580 3309 804 3379 Quidam
851 3307 1062 3366 dicunt.
1105 3303 1154 3358 id
1208 3301 1277 3356 ob
1321 3313 1514 3370 pravos
1557 3297 1698 3352 Esaii
1728 3309 1904 3350 mores
1951 3300 2008 3348 et

419 3404 645 3456 aliorum
696 3401 929 3468 priorum
978 3395 1173 3450 factum
1204 3407 1344 3447 esse.
1397 3392 1510 3461 Ego
1555 3405 1685 3445 vero
1741 3386 1867 3442 illud
1897 3403 2004 3440 non

417 3494 639 3547 dixerim
670 3507 683 3542 :
717 3505 835 3542 nam
864 3489 907 3542 si
937 3482 1036 3540 hoc
1061 3494 1226 3549 esset,
1255 3498 1351 3538 cur
1381 3483 1512 3536 tales
1536 3481 1694 3550 paulo
1733 3487 1852 3548 post
1883 3493 2002 3530 mu-

417 3585 573 3638 lieres
595 3578 1014 3636 conunemorat?
1054 3577 1182 3630 Nam
1204 3576 1368 3645 gloria
1392 3573 1506 3642 ejus
1530 3573 1615 3626 hic
1635 3587 1700 3625 ex
1722 3568 2004 3624 contrariis

413 3675 664 3729 elucescit
691 3691 703 3702 -
735 3688 840 3725 non
867 3686 930 3724 ex
961 3684 1026 3723 eo
1056 3667 1195 3737 quod
1227 3680 1446 3734 magnos
1473 3663 1665 3717 habeat
1696 3660 2000 3729 progenito-

418 3781 534 3830 res,
567 3765 661 3819 sed
704 3764 877 3832 potius
920 3763 1138 3830 exiguos
1167 3769 1221 3815 et
1251 3759 1397 3812 viles.
1439 3756 1662 3813 Sublimi
1705 3755 1846 3809 enim
1886 3753 2003 3809 inec

415 3873 600 3926 magna
645 3857 812 3927 gloria
843 3864 962 3918 est,
1009 3854 1052 3908 si
1100 3854 1268 3923 possit
1317 3851 1581 3906 demissus
1611 3848 1894 3904 admodum
1947 3857 2002 3902 et

416 3950 533 4002 vilis
561 3963 820 4019 apparere
853 3967 864 4002 :
900 3962 996 4000 cur
1022 3945 1201 4014 itaque
1229 3959 1332 3998 non
1362 3940 1842 3997 commemoravit?
1868 3940 2001 4006 Quia

415 4042 546 4095 nihil
573 4055 857 4095 commune
889 4038 1154 4094 habebant
1181 4037 1254 4090 illi
1294 4049 1413 4089 cum
1452 4034 1741 4088 Israelitico
1763 4047 1957 4102 genere
1983 4073 1998 4094 ,

413 4147 603 4198 nempe
629 4130 920 4196 Saraceni,
955 4127 1235 4183 lsmaelitae
1283 4135 1337 4181 et
1376 4125 1612 4189 Arabes,
1645 4133 1700 4179 et
1742 4132 2001 4193 quotqiiot

411 4221 602 4275 abillis
628 4221 921 4291 majoribus
951 4221 1053 4274 orti
1083 4227 1227 4273 sunt.
1251 4204 1480 4286 Ideoque
1512 4215 1618 4270 illis
1643 4215 2001 4270 silentiomis-

411 4316 483 4366 sis
502 4355 515 4376 ,
547 4313 610 4366 ad
639 4314 756 4382 ejus
781 4322 837 4366 et
864 4311 1069 4366 .ludaici
1099 4309 1278 4380 populi
1305 4308 1533 4378 majores
1559 4315 1826 4377 properat.
1873 4307 1997 4361 [deo

409 4405 479 4458 ait
514 4423 526 4457 :
567 4403 729 4458 Jacob
757 4412 924 4458 autent
970 4403 1141 4474 genuit
1185 4400 1382 4454 ludam
1421 4407 1466 4452 et
1493 4399 1674 4469 fratres
1720 4399 1849 4468 ejus.
1900 4397 1997 4454 llic

409 4497 513 4563 jam
541 4496 845 4550 Judamrum
874 4495 1183 4566 designatur
1221 4493 1466 4562 populus.
1511 4491 1680 4547 ludas
1711 4501 1873 4545 autent
1910 4508 1999 4562 ge-

409 4588 517 4640 nuit
549 4585 741 4640 Phares
779 4595 824 4640 et
853 4585 1038 4639 Zaram
1065 4585 1128 4637 de
1155 4582 1402 4637 Thamar.

476 4774 553 4827 De
595 4776 847 4844 majorum
893 4770 1117 4840 nequitia
1163 4785 1263 4823 non
1306 4767 1712 4822 erubescendum.
1743 4798 1814 4808 --
1851 4768 1988 4835 Quid

402 4866 564 4927 facis,
593 4868 662 4920 mi
699 4869 858 4918 homo
882 4907 896 4924 ,
938 4864 1062 4918 dum
1093 4863 1364 4916 historiam
1408 4862 1566 4916 affers
1607 4863 1831 4931 improbi
1879 4863 1990 4916 cois

401 4967 485 5010 tus
509 4958 530 5009 ?
556 4953 697 5020 Quid
725 4949 898 5007 dicis?
927 4951 1123 5021 inquit.
1150 4953 1307 5008 Certe
1329 4955 1370 5007 si
1417 4954 1537 5008 nudi
1569 4955 1796 5010 hominis
1822 4969 1990 5023 genus

399 5061 806 5110 cnam-aremus,
847 5047 968 5116 jure
1011 5047 1130 5117 quis
1165 5043 1279 5100 inec
1325 5047 1600 5106 tacuisset;
1633 5047 1674 5101 si
1703 5055 1878 5101 autem
1908 5047 1989 5100 in-

399 5142 601 5194 carnati
629 5140 720 5194 Dei
742 5181 755 5199 .
780 5156 885 5193 non
929 5140 1089 5194 modo
1120 5139 1232 5193 hmc
1256 5155 1359 5192 non
1393 5139 1612 5194 tacenda
1638 5180 1653 5202 ,
1707 5140 1797 5194 sed
1824 5139 1983 5193 etiam

402 5232 680 5302 magnifice
710 5232 1070 5301 expromenda
1100 5241 1245 5299 sunt,
1271 5241 1326 5287 ut
1352 5232 1467 5301 ejus
1498 5242 1551 5286 et
1583 5233 1912 5300 providentia
1934 5243 1987 5288 et

403 5337 636 5398 potestas
664 5324 990 5380 ostendatur.
1037 5326 1161 5380 ldeo
1204 5341 1431 5395 namque
1462 5325 1640 5388 venit,
1674 5340 1776 5379 non
1811 5336 1867 5379 ut
1890 5341 1988 5394 op-

366 5418 613 5487 Iprohria
664 5425 845 5471 nostra
891 5418 1091 5487 fugiat;
1143 5417 1236 5473 sed
1282 5425 1339 5471 ut
1384 5417 1470 5471 illa
1497 5417 1563 5473 de
1607 5417 1784 5473 medio
1813 5418 1982 5475 tollat.

476 5605 492 5634 ¹
529 5601 664 5652 Savil.
691 5602 829 5666 legit,
857 5605 1063 5656 Domini.

2107 400 2255 454 Sicut
2284 415 2388 453 non
2418 408 2523 452 tam
2555 401 2910 460 admiramur,
2943 400 3082 470 quod
3113 409 3356 457 mortuus
3386 404 3490 470 sit,
3533 421 3692 474 quam

2105 489 2246 557 quod
2273 489 2587 553 crucifixus;
2614 490 2735 544 ltcet
2757 506 2842 544 res
2872 493 3122 558 probrosa
3155 493 3259 546 sit:
3292 493 3386 548 sed
3421 509 3533 564 quo
3573 511 3694 564 pro-

2107 579 2346 643 brosior,
2408 589 2554 636 tanto
2604 582 2772 649 magis
2821 583 2937 650 ejus
2990 597 3112 652 erga
3159 583 3405 639 homines
3453 601 3690 641 amorem

2098 669 2318 724 exhibet
2355 687 2367 720 :
2414 671 2492 725 sic
2537 670 2604 724 de
2657 671 3001 740 generatione
3048 670 3166 740 ejus
3207 671 3538 730 dicendum:
3585 691 3691 730 non

2105 761 2265 816 modo
2291 761 2431 830 quod
2461 777 2677 816 carnem
2699 763 2999 831 susceperit
3032 762 3376 817 admirandus
3422 773 3543 829 est;
3595 769 3691 822 sed

2103 852 2265 906 etiam
2294 853 2435 922 quod
2466 852 2598 908 tales
2624 851 2822 906 habere
2847 862 3102 923 cognatos
3129 854 3374 924 dignatus
3424 857 3525 920 sit,
3565 872 3681 911 nus

2101 963 2256 1015 quam
2297 947 2364 1002 de
2402 947 2556 1001 malis
2578 947 2774 1002 nostris
2801 947 3062 1016 susceptis
3087 949 3426 1004 erubescens.
3453 949 3692 1018 llltidque

2099 1055 2163 1093 ex
2199 1040 2314 1109 ipso
2350 1039 2711 1109 generationis
2740 1039 2961 1094 exordio
2992 1040 3334 1108 praedicavit,
3364 1057 3424 1096 se
3449 1041 3516 1095 de
3540 1042 3690 1096 nullo

2099 1131 2240 1199 quod
2267 1129 2333 1186 ad
2360 1145 2457 1185 nos
2485 1132 2745 1200 pertineat
2789 1133 3107 1187 erubescere
3132 1150 3146 1186 :
3174 1148 3269 1202 per
3294 1132 3408 1188 lnrc
3434 1149 3530 1188 nos
3556 1136 3691 1190 edo-

2097 1237 2264 1289 cens,
2306 1237 2373 1276 ne
2400 1237 2649 1292 umquam
2688 1221 2757 1276 de
2797 1237 3057 1292 majorum
3103 1233 3409 1279 nostrorum
3454 1227 3686 1294 nequitia

2096 1315 2508 1378 erubescamus;
2555 1313 2650 1369 sed
2681 1328 2838 1367 unam
2879 1315 3052 1368 solum
3079 1330 3379 1384 quaaramus
3411 1316 3683 1371 virtutem.

2095 1406 2228 1460 Nam
2251 1409 2338 1476 qui
2368 1407 2510 1460 illam
2543 1414 2794 1469 sectatur,
2819 1408 3026 1459 etiamsi
3056 1406 3408 1475 alienigenam
3439 1408 3686 1476 progenie

2097 1511 2266 1552 torem
2294 1497 2505 1561 habeat,
2531 1497 2739 1550 etiamsi
2793 1505 3016 1549 matrem
3071 1497 3428 1562 meretricem,
3465 1498 3548 1551 vel
3578 1497 3684 1552 alio

2097 1591 2257 1645 modo
2286 1588 2704 1659 deSpiciendam,
2739 1587 2866 1641 nihil
2907 1587 3030 1641 hinc
3078 1586 3379 1642 nocumenti
3428 1602 3684 1657 passurus

2094 1691 2197 1739 est.
2229 1682 2360 1736 Nam
2390 1681 2434 1734 si
2464 1680 2860 1743 fornicatorem,
2893 1678 2981 1749 qui
3011 1679 3313 1748 resipuerit,
3359 1679 3507 1733 nullo
3535 1679 3683 1748 prior

2092 1777 2199 1830 vita
2222 1774 2484 1830 dedecore
2499 1772 2666 1827 afficit
2699 1788 2712 1825 :
2743 1771 2911 1825 multo
2931 1771 3103 1824 minus
3124 1771 3206 1825 vir
3224 1771 3440 1840 probus,
3469 1785 3534 1825 ex
3562 1787 3682 1826 me-

2092 1869 2288 1924 retrice
2309 1866 2390 1921 vel
2417 1865 2655 1920 adultera
2673 1873 2847 1929 natus,
2870 1877 2930 1931 pa
2939 1871 3150 1916 rentum
3168 1861 3504 1933 improbitate
3523 1861 3684 1916 deho-

2093 1956 2406 2014 nestabitur.
2453 1956 2542 2012 Sic
2586 1969 2743 2022 porro
2763 1969 2823 2009 se
2849 1952 3088 2022 gerebat,
3116 1955 3242 2006 non‘
3271 1961 3472 2018 tantum
3501 1961 3558 2006 ut
3582 1968 3682 2007 nos

2091 2052 2408 2116 institueret,
2437 2049 2530 2105 sed
2549 2049 2708 2103 etiam
2725 2055 2785 2102 ut
2803 2045 3107 2102 Jud:corum
3128 2053 3388 2100 tumorem
3409 2044 3683 2116 deprime-

2089 2151 2191 2198 ret.
2209 2142 2341 2210 Quia
2370 2141 2510 2195 enim
2553 2135 2716 2192 animi
2759 2137 2953 2190 virtute
2982 2134 3220 2205 neglecta
3256 2175 3271 2200 ,
3317 2135 3679 2190 Abrahamum

2090 2248 2306 2303 semper
2334 2247 2427 2286 ore
2469 2228 2746 2292 ferebant,
2785 2233 3035 2297 putantes
3062 2238 3377 2293 proavorum
3427 2227 3680 2279 virtutem

2089 2323 2384 2379 defensioni
2416 2322 2514 2376 sibi
2542 2335 2682 2384 esse,
2705 2319 2772 2371 ab
2794 2318 2908 2386 ipso
2935 2317 3085 2370 initio
3110 2315 3361 2382 ostendit,
3383 2315 3506 2372 hinc
3523 2319 3682 2371 mini-

2090 2434 2177 2473 me
2197 2419 2416 2488 gloriam
2441 2414 2690 2482 aucupari
2714 2419 2963 2480 oportere
2985 2451 2999 2475 ,
3040 2409 3133 2463 sed
3173 2407 3240 2463 de
3264 2411 3493 2478 propriis
3535 2421 3681 2465 recte

2090 2511 2260 2565 factis.
2285 2509 2411 2563 Post
2431 2507 2544 2561 hmc
2569 2503 2696 2559 illud
2721 2518 2934 2573 quoque
2955 2501 3081 2571 agit,
3115 2510 3174 2555 ut
3213 2501 3460 2555 ostendat
3489 2516 3680 2556 omnes

2090 2601 2321 2673 peccatis
2339 2596 2598 2653 obnoxios
2618 2594 2805 2658 fuisse,
2827 2594 3095 2662 etiamque
3117 2606 3344 2662 proavos
3365 2593 3523 2662 ipsos.
3542 2586 3705 2646 Nam‘

2089 2695 2200 2763 ipse
2224 2688 2545 2762 patriarcha,
2566 2687 2656 2756 qui
2677 2699 2869 2739 nomen
2888 2683 3077 2738 indidit
3091 2684 3258 2754 genti,
3279 2699 3383 2738 non
3407 2684 3674 2738 modicum

2090 2790 2142 2840 in
2172 2791 2452 2855 peccatum
2485 2779 2662 2848 lapsus
2693 2785 2937 2829 narratur
2960 2792 2975 2828 :
2998 2784 3104 2828 stat
3131 2773 3273 2829 enim
3303 2774 3534 2829 Thamar
3558 2774 3678 2845 ejus

2090 2877 2492 2934 fornicationem
2520 2881 2776 2926 accusans
2801 2883 2815 2933 ;
2847 2867 3010 2922 David
3057 2882 3267 2937 quoque
3294 2882 3356 2922 ex
3381 2867 3676 2922 adulterata

2088 2970 2311 3026 muliere
2330 2965 2668 3020 Salomouem
2689 2954 2942 3026 suscepit.
2961 2955 3016 3012 Si
3039 2971 3197 3026 porro
3217 2956 3304 3011 lex
3323 2971 3390 3012 ne
3410 2971 3440 3010 a
3467 2958 3675 3027 magnis

2094 3050 2307 3120 quidem
2325 3049 2428 3103 illis
2445 3048 2574 3103 viris
2591 3047 2805 3116 impleta
2832 3054 2934 3108 est,
2955 3047 3125 3100 multo
3142 3046 3317 3100 minus
3345 3046 3413 3100 ab
3436 3046 3677 3113 exiguis;

2095 3142 2334 3194 siautem
2365 3139 2576 3208 impleta
2603 3153 2709 3191 non
2740 3145 2843 3198 est,
2869 3151 3053 3191 omnes
3081 3143 3453 3204 peccaverunt,
3485 3150 3548 3189 ac
3575 3151 3672 3189 ne-

2094 3229 2362 3284 eessarius
2405 3228 2503 3282 fuit
2531 3226 2726 3281 Christi
2756 3227 3034 3281 adventus.
3066 3226 3350 3294 Propterea
3395 3225 3679 3279 duodecim

2096 3318 2422 3388 patriarchas
2467 3319 2935 3383 commemoravit,
2967 3318 3089 3371 inde
3133 3332 3341 3386 quoque
3366 3316 3677 3386 jactantiam

2096 3412 2238 3464 illam
2280 3410 2349 3466 de
2394 3409 2790 3480 progenitorum
2840 3408 3114 3463 nobilitate
3163 3407 3488 3477 deprimens.
3543 3407 3676 3461 Nam

2096 3502 2283 3556 horum
2309 3502 2456 3555 multi
2484 3516 2550 3555 ex
2581 3499 2788 3555 ancillis
2821 3499 2929 3553 nati
2969 3507 3160 3553 erant:
3192 3509 3246 3552 et
3278 3507 3454 3552 tamen
3485 3512 3679 3567 paren-

2097 3603 2205 3646 tum
2234 3592 2321 3645 illa
2350 3591 2648 3645 differentia
2677 3588 3031 3644 differentiam
3066 3589 3203 3641 inter
3243 3587 3378 3640 filios
3407 3603 3512 3640 non
3541 3589 3681 3641 intu-

2097 3683 2173 3735 lit.
2198 3681 2395 3737 Omnes
2415 3681 2556 3736 enim
2587 3680 2742 3734 simul
2768 3687 2920 3733 erant
2949 3687 3000 3731 et
3023 3675 3338 3747 patriarcha:
3362 3684 3418 3730 et
3446 3677 3676 3731 tribuum

2099 3775 2387 3845 principes.
2422 3773 2508 3827 Illa
2532 3773 2727 3842 quippe
2753 3779 2835 3824 est
2865 3768 3118 3823 Ecclesiae
3145 3768 3490 3837 praerogativa
3517 3786 3530 3820 :
3561 3767 3677 3822 have

2095 3865 2230 3934 apud
2255 3880 2351 3918 nos
2372 3871 2455 3918 est
2480 3861 2768 3915 nobilitatis
2789 3859 3162 3928 dignitatisque
3187 3857 3344 3923 ratio,
3373 3857 3525 3926 cujus
3548 3858 3675 3912 olim

2095 3956 2256 4026 figura
2285 3952 2574 4024 prmeessit.
2605 3951 2680 4005 lta
2709 3952 2820 4004 sive
2850 3963 3064 4011 servus,
3108 3949 3220 4002 sive
3250 3947 3386 4001 liber
3413 3949 3518 4012 sis,
3543 3945 3676 4000 nihil

2097 4049 2213 4118 plus
2237 4077 2251 4115 ~,
2282 4047 2410 4102 nihil
2437 4045 2612 4098 minus
2641 4041 2858 4104 habeas,
2889 4039 2983 4094 sed
3009 4055 3171 4094 unum
3213 4048 3295 4094 est
3317 4038 3458 4109 quod
3479 4038 3675 4108 quaeri-

2097 4149 2212 4201 tur,
2249 4139 2493 4191 voluntas
2518 4132 2788 4202 animique
2814 4144 3015 4185 mores.

2165 4231 2218 4286 5.
2259 4229 2360 4285 Cur
2384 4228 2520 4283 Zara
2548 4237 2594 4282 et
2622 4227 2820 4281 Phares
2864 4227 2917 4278 in
2955 4224 3246 4294 genealogia
3287 4223 3474 4278 Christi
3515 4225 3678 4278 nomi-

2096 4332 2299 4377 nantur.
2323 4352 2390 4362 —
2411 4321 2615 4376 Praster
2634 4333 2698 4372 ea
2716 4332 2836 4385 quae
2865 4315 3005 4370 dicta
3048 4325 3193 4380 sunt,
3234 4316 3336 4369 alia
3376 4329 3536 4369 causa
3579 4315 3680 4369 fuit

2098 4415 2210 4468 hzec
2251 4407 2705 4467 commemorandi
2739 4425 2751 4460 :
2780 4421 2951 4476 neque
2994 4405 3136 4458 cnim
3182 4407 3300 4460 sine
3350 4419 3509 4459 causa
3556 4415 3676 4474 post

2097 4505 2294 4559 Phares
2319 4502 2529 4556 additus
2554 4508 2637 4554 est
2659 4507 2713 4552 et
2739 4497 2894 4551 Zara.
2945 4496 3072 4550 Erat
3111 4497 3252 4549 enim
3299 4494 3602 4549 redundans
3623 4505 3679 4549 et

2095 4595 2417 4666 superﬂuum
2461 4602 2584 4664 post
2631 4587 3106 4645 cemmemoratnm
3153 4585 3405 4649 Pharetn,
3459 4600 3523 4640 ex
3567 4601 3677 4655 quo

2093 4689 2287 4743 Christi
2321 4689 2337 4718 ¹
2364 4683 2671 4756 genealogis
2701 4681 2930 4741 ducitur,
2964 4678 3116 4731 Zara:
3141 4677 3303 4730 etiam
3322 4675 3499 4730 facere
3525 4691 3678 4732 men-

2096 4783 2311 4834 tionem.
2334 4776 2442 4832 Cur
2466 4791 2594 4845 ergo
2618 4781 2668 4827 et
2694 4773 2836 4824 hunc
2866 4767 3215 4822 memoravit?
3238 4765 3373 4819 Cum
3402 4767 3499 4820 hos
3533 4770 3677 4835 pari-

2097 4883 2209 4925 tura
2242 4870 2472 4923 Thamar
2509 4874 2669 4927 esset,
2715 4860 3032 4916 adveni-ente
3078 4868 3252 4927 partu,
3297 4857 3431 4912 Zara
3477 4859 3677 4927 primus

2096 4976 2310 5015 manum
2339 4959 2518 5014 emisit
2542 4971 2573 5011 e
2601 4955 2754 5008 vulva
2786 4973 2799 5007 :
2832 4951 2933 5004 hoc
2961 4958 3250 5019 conspecto
3293 4949 3554 5003 obstetrix
3574 4990 3590 5012 ,
3620 4959 3679 5003 ut

2098 5052 2187 5106 ille
2217 5051 2361 5120 prior
2387 5055 2718 5108 nasceretur,
2749 5043 2994 5098 coccinea
3025 5040 3184 5094 fascia
3210 5053 3422 5092 manum
3463 5040 3581 5107 ejus
3609 5039 3675 5092 li-
3721 5025 3730 5040 “

2095 5143 2269 5213 gavit;
2294 5153 2353 5194 ut
2378 5154 2538 5210 porro
2571 5138 2725 5206 ligata
2755 5135 2870 5196 fuit,
2901 5133 3118 5186 retraxit
3143 5145 3276 5198 puer
3305 5143 3542 5193 manum,
3571 5144 3678 5197 quo
3763 5175 3765 5177 ,

2099 5235 2236 5290 facto
2260 5246 2506 5302 egressus
2537 5237 2618 5284 est
2644 5225 2866 5288 Phares,
2909 5231 2963 5277 et
3007 5230 3188 5289 postea
3216 5218 3369 5272 Zara.
3400 5217 3511 5272 Hoc
3541 5233 3674 5272 cou-

2097 5334 2281 5392 spectu
2309 5317 2564 5376 obstetrix
2592 5317 2665 5370 ait
2689 5333 2701 5370 :
2725 5314 2894 5381 Quare
2923 5321 3124 5381 prapter
3153 5319 3199 5362 te
3237 5309 3400 5361 excisa
3434 5317 3507 5361 est
3537 5324 3676 5377 sepes

2099 5413 2247 5482 (Gen.
2277 5413 2370 5472 58,
2391 5409 2521 5480 29)?
2547 5406 2731 5464 Viden’
2751 5402 3121 5477 mysteriorum
3145 5397 3463 5466 :enigmata?
3497 5397 3677 5466 Neque
