4060 6156
477 259 548 315 δεῖ
1188 267 1245 323 S.
1284 266 1563 329 JOANNIS
1601 271 2072 330 CllRYSOSTOMl
2107 273 2423 336 ARCHIEP.
2461 282 2989 340 CONSTANTINOP.

476 355 685 409 ἐκείνου
714 355 983 427 προῆλθεν
1011 358 1039 408 6
1065 356 1259 426 Φαρὲς,
1301 358 1395 410 καὶ
1436 360 1554 412 τότε
1594 362 1622 412 6
1653 359 1822 430 Ζαρά.
1867 360 2051 414 Ταῦτα

478 449 661 504 ίδοῦσα
689 452 720 519 ἡ
757 450 894 520 μαῖά
922 467 1088 520 φησι·
1129 452 1191 506 Τί
1221 450 1466 520 διεκόπη
1501 453 1599 508 διὰ
1637 454 1714 507 σὲ
1749 457 2051 524 φραγμόςί

475 538 628 603 Εἶδες
669 541 980 611 μυστηρίων
1024 541 1360 611 αἰνίγματας
1401 545 1476 597 Οὐ
1524 547 1635 615 γάρ
1663 545 1848 608 ἁπλῶς
1877 546 2052 601 ταῦτα

474 633 607 701 ἡμῖν
646 628 1059 698 αναγέγραπται
1081 644 1094 659 ⁸
1141 630 1263 684 οὐδέ
1307 631 1414 702 γάρ
1451 633 1691 702 ἱστορίας
1719 631 1866 695 ἄξιον
1895 628 1962 703 ἦν
1991 632 2052 684 τὸ

475 720 686 790 μαθεῖν,
736 720 787 772 τί
816 737 946 772 ποτε
980 721 1277 789 ἐφθέγξατο
1308 723 1342 792 ἡ
1377 739 1509 792 μαια
1530 739 1544 752 ⁸
1599 721 1716 775 οὐδὲ
1752 722 2054 794 διηγήσεως

472 812 531 864 τὸ
564 811 798 880 γνῶναι,
837 814 918 866 ὅτι
946 813 1044 885 τὴν
1070 817 1228 885 χεῖρα
1262 817 1540 886 προήκατο
1570 815 1786 885 πρῶτος
1813 818 1842 868 6
1872 816 2054 870 δεύτε-
2089 817 2094 827 ’

472 920 562 974 ρος
593 903 842 968 ἐξελθών.
894 903 959 959 Τί
1006 903 1097 960 οὖν
1139 908 1256 959 ἐστι
1295 908 1358 958 τὸ
1391 907 1653 977 αίνιγμας
1689 907 1910 978 Πρῶτον
1943 909 2052 962 ἀπὸ

466 993 566 1060 τῆς
601 996 970 1064 προσηγορίας
1006 993 1099 1047 τοῦ
1136 995 1348 1048 παιδίου
1387 996 1730 1068 μανθάνομεν
1755 997 1816 1050 τὸ
1859 996 2051 1070 ζητού-

469 1101 628 1151 μενον
653 1100 667 1115 ο
720 1084 782 1137 τὸ
830 1083 940 1155 γάρ
979 1087 1156 1156 Φαρὲς
1193 1087 1454 1158 διαίρεσίς
1493 1088 1610 1140 ἐστι
1650 1089 1744 1141 καὶ
1789 1091 2046 1161 διακοπή.

469 1175 704 1228 Ἔπειτα
721 1176 817 1229 ἀπ’
837 1177 1003 1230 αὐτοῦ
1033 1178 1128 1230 τοῦ
1159 1179 1465 1249 συμϐάντος
1489 1197 1502 1210 ·
1537 1179 1657 1233 οὐδὲ
1675 1180 1784 1251 γὰρ
1815 1182 2048 1252 φυσικῆς

466 1265 788 1330 ἀκολουθίας
813 1262 902 1336 ἦν,
932 1268 1030 1338 τὴν
1060 1271 1218 1338 χεῖρα
1245 1269 1542 1324 ἐκϐαλόντα
1574 1271 1848 1326 συστεῖλαι
1886 1273 2046 1326 πάλιν

463 1355 686 1410 δεθέντα
711 1375 724 1389 ·
771 1358 893 1411 οὐδὲ
922 1358 1029 1430 γάρ
1059 1359 1321 1430 κινήσεως
1356 1357 1426 1432 ἦν
1450 1361 1673 1434 λογικῆς
1709 1362 1901 1428 ταῦτα,
1927 1365 2048 1420 οὐδέ

466 1449 574 1501 ἀπὸ
605 1451 842 1519 φυσικῆς
861 1450 1082 1519 γέγονεν
1109 1452 1448 1517 ἀκολουθίας.
1477 1455 1929 1529 Προεκπεσούσης
1951 1458 2048 1528 μὲν

465 1539 572 1609 γάρ
603 1541 701 1609 τῆς
727 1540 925 1611 χειρὸς,
975 1541 1159 1612 ἕτερον
1199 1543 1562 1614 προεξελθεῖν,
1609 1547 1740 1612 ἴσως
1780 1550 2006 1618 φυσικόν
2029 1566 2044 1582 ·

464 1633 525 1684 τὸ
559 1631 614 1684 δὲ
641 1631 914 1686 συστεῖλαι
955 1634 1178 1704 ταύτην,
1228 1635 1322 1688 καὶ
1357 1637 1530 1708 ἐτέρῳ
1568 1638 1752 1694 δοῦναι
1793 1640 2044 1712 πάροδον,

465 1725 646 1777 οὐκέτι
680 1724 822 1778 κατὰ
859 1725 948 1778 τὸν
979 1725 1089 1778 τῶν
1127 1729 1458 1798 τικτομένων
1501 1728 1664 1800 νόμον
1699 1726 1798 1799 ἦν’
1851 1732 1970 1786 ἀλλ’
2013 1735 2046 1804 η

465 1815 558 1868 106
587 1815 720 1870 Θεοῦ
767 1817 926 1887 χάρις
971 1817 1155 1888 παρῆν
1202 1821 1315 1882 τοῖς
1361 1820 1594 1884 παιδίοις
1635 1821 1807 1875 ταῦτα
1844 1825 2048 1877 οίκονο-

468 1903 664 1974 μοῦσα,
702 1906 794 1958 καὶ
815 1906 1001 1961 είκόνα
1027 1908 1158 1978 ἡμῖν
1177 1913 1309 1962 ’τινα
1336 1909 1445 1963 τῶν
1480 1910 1783 1981 μελλόντων
1805 1913 2046 1984 ὑπογρά-

467 2011 638 2062 φουσα
667 1995 732 2048 δι’
764 1996 964 2052 αὐτῶν.
1004 1998 1069 2052 Τί
1106 1992 1200 2053 οὖν
1243 2001 1321 2067 ³⁸;
1363 2003 1499 2054 Φασί
1537 2019 1681 2066 τινες
1724 2003 1832 2056 τῶν
1874 2005 2048 2059 ταῦτα

465 2086 707 2156 ἀκριϐῶς
751 2088 1113 2160 ἐξητακότων,
1165 2091 1246 2144 ὅτι
1278 2092 1388 2146 τῶν
1424 2093 1518 2148 δύο
1551 2093 1695 2150 λαῶν
1733 2095 1900 2160 τύπος
1929 2099 2046 2151 ἐστὶ

463 2177 634 2230 ταῦτα
661 2179 728 2233 τὰ
762 2180 970 2234 παιδία.
1007 2177 1144 2235 Εἶτα
1185 2181 1272 2236 ἴνα
1321 2184 1498 2257 μάθῃς
1536 2187 1618 2239 ὅτι
1655 2185 1750 2240 τοῦ
1787 2189 2044 2259 δευτέρου

464 2268 591 2322 λαοῦ
627 2271 660 2341 ὴ
703 2270 946 2324 πολιτεία
982 2271 1360 2343 προεξέλαμψε
1401 2275 1501 2345 τῆς
1543 2276 1592 2308 ³⁸
1637 2277 1730 2331 τοῦ
1777 2279 2044 2350 προτέρου

465 2362 788 2431 γεννήσεως,
837 2361 937 2430 τὴν
979 2364 1138 2432 χεῖρα
1169 2362 1554 2434 ἐκτεινομένην
1594 2364 1716 2436 ἔχον
1743 2367 1803 2420 τὸ
1834 2368 2045 2421 παιδίον

461 2451 560 2519 οὐχ
586 2449 875 2521 ὁλόκληρον
904 2451 1064 2503 ἐαυτὸ
1102 2451 1394 2518 δείκνυσιν,
1445 2451 1580 2507 ἀλλά
1614 2455 1706 2507 καὶ
1751 2455 1920 2526 αὐτὴν
1957 2473 2045 2509 συ-

465 2542 670 2594 στέλλει
719 2543 879 2596 πάλιν
901 2559 916 2574 ·
954 2543 1048 2595 καὶ
1097 2544 1234 2614 μετά
1273 2543 1334 2597 τό
1379 2545 1667 2616 ὁλόκληρον
1699 2547 2044 2619 ἐξολισθῆσαι

462 2634 551 2686 τὸν
576 2633 823 2703 ἀδελφὸν,
867 2634 989 2687 τότε
1017 2635 1114 2687 καὶ
1159 2635 1321 2701 αὐτὸς
1359 2635 1478 2700 ὅλος
1529 2639 1814 2706 φαίνεται·
1869 2642 1898 2694 6
1951 2643 2044 2696 καὶ

461 2725 552 2777 ἐπὶ
577 2724 686 2777 τῶν
707 2724 852 2778 λαῶν
879 2725 1201 2798 ἀμφοτέρων
1229 2727 1438 2797 γέγονε.
1468 2729 1582 2800 Τῆς
1611 2729 1728 2802 [58]
1757 2731 1864 2803 γὰρ
1881 2733 2042 2786 ’πολι-

461 2817 610 2878 τείας
642 2815 742 2882 τῆς
780 2816 1236 2888 ἐκκλησιαστικῆς
1273 2821 1330 2873 ἐν
1356 2823 1467 2885 τοῖς
1506 2822 1648 2876 κατὰ
1671 2825 1761 2878 τὸν
1795 2823 2044 2896 Ἀϐραάμ

462 2908 669 2977 χρόνοις
716 2907 994 2979 φανείσης,
1050 2903 1167 2962 εἶτα
1224 2911 1282 2963 ἐν
1331 2911 1411 2982 τῷ
1458 2913 1610 2985 μέσῳ
1666 2915 2039 2988 συσταλείσης,

458 2996 620 3068 ἦλθεν
651 2999 679 3050 6
719 2999 1005 3063 Ἰουδαῖκὸς
1046 2999 1172 3064 λαὸς
1216 3002 1310 3054 καὶ
1355 3005 1386 3074 ή
1421 3006 1619 3077 νομικὴ
1649 3007 1907 3072 πολιτεία,
1945 3009 2040 3062 καὶ

459 3088 581 3140 τότε
612 3087 901 3158 ὁλόκληρος
938 3091 967 3142 6
1006 3089 1122 3152 νέος
1162 3090 1333 3161 ἐφάνη
1375 3091 1502 3158 λαὸς
1554 3095 1692 3164 μετά
1723 3095 1831 3150 τῶν
1871 3094 2040 3150 αὐτοῦ

462 3177 664 3247 νόμων.
703 3176 794 3229 Διὸ
838 3177 933 3230 καὶ
966 3178 999 3248 ὴ
1032 3178 1170 3248 μαῖά
1200 3195 1396 3249 φησιν⁸
1453 3183 1514 3236 Τί
1561 3183 1808 3252 διεκόπη
1836 3185 1934 3238 διὰ
1965 3185 2041 3238 σὲ

462 3271 770 3339 φραγ-μύω
805 3269 926 3323 Ὅτι
967 3270 1065 3340 τῆς
1095 3272 1368 3337 πολιτείας
1395 3273 1493 3346 τὴν
1523 3275 1832 3346 ἐλευθερίαν
1857 3278 2041 3331 ἐπεισ-

464 3360 632 3415 ελθὼν
663 3364 692 3415 6
729 3361 891 3432 νόμος
940 3361 1174 3432 διέκοψε.
1215 3365 1325 3418 Καὶ
1363 3367 1472 3436 γὰρ
1524 3368 1776 3438 φραγμὸν
1818 3369 1905 3422 ἀεὶ
1947 3371 2040 3423 τὸν

464 3453 679 3525 νόμονή
710 3454 903 3524 Γραφὴ
942 3453 1124 3507 καλεῖν
1158 3456 1368 3510 είωθεν’
1405 3457 1594 3529 ὥσπερ
1633 3459 1727 3512 καὶ¹
1757 3462 1786 3514 6
1824 3462 2039 3532 προφή-

466 3565 567 3617 της
612 3549 654 3580 ³⁷
702 3547 872 3618 φησί’
911 3548 1192 3614 Καθεῖλες
1235 3552 1345 3604 τὸν
1392 3551 1664 3621 φραγμὸν
1706 3549 1914 3620 αὐτῆς,
1949 3553 2047 3607 καὶ

467 3638 768 3707 τρυγῶσιν
795 3637 990 3704 αὐτὴν
1015 3637 1238 3702 πάντες
1260 3642 1315 3693 οὶ
1353 3644 1898 3710 παραπορευόμενοι
1934 3645 2049 3711 τὴν

469 3731 634 3785 ὀδόν.
686 3729 802 3794 καὶ,
837 3728 1113 3797 Φραγμὸν
1155 3728 1311 3798 αὐτῇ
1347 3729 1686 3799 περιέθηκα·
1727 3734 1874 3786 καὶὸ
1903 3736 2049 3790 Παῦ-

475 3823 584 3888 λος,
623 3821 731 3876 Καὶ
755 3820 821 3874 τὸ
846 3820 1209 3894 μεσότοιχον
1244 3821 1352 3876 τοῦ
1379 3821 1653 3891 φραγμοῦ
1686 3825 1906 3889 λύσας.

534 3910 598 3965 δ’.
637 3911 821 3964 Ἀλλοι
855 3909 910 3962 66
951 3909 1031 3975 16,
1071 3910 1131 3963 Τί
1145 3910 1394 3976 διεκόπη
1417 3909 1515 3963 διὰ
1533 3909 1608 3963 σὲ
1631 3915 1929 3983 φραγμός;
1956 3916 2047 3968 ἐπὶ

463 4003 558 4056 τοῦ
590 4002 710 4055 νέου
734 4001 1336 4073 φασὶνείρῆσοαιλαοῦο
1374 3993 1528 4063 οὗτος
1558 4000 1666 4071 γάρ
1700 4006 2070 4077 παραγενόμε-

466 4114 554 4160 νος
577 4096 667 4149 τὸν
713 4096 874 4166 νόμον
908 4095 1222 4149 κατέλυσεν.
1277 4095 1439 4167 Ὁρᾷς
1472 4093 1548 4158 ώς
1578 4094 1678 4148 οὐκ
1705 4095 1900 4164 ὀλίγων
1926 4100 2047 4154 οὐδέ

469 4188 681 4259 μικρῶν
725 4187 912 4240 ἐνεκεν
963 4185 1338 4256 ἐμνημόνευσε
1391 4187 1491 4255 τῆς
1536 4185 1676 4239 κατὰ
1714 4187 1808 4241 τὸν
1850 4191 2046 4247 Ἰούδαν

2161 289 2423 336 liCHlEP.
2461 289 2989 340 CUNSTANTINOP.
3677 289 3749 345 36

2153 359 2470 431 εφρόνησεν,
2499 361 2621 416 οὐτε
2662 363 2758 434 τὴν
2793 364 3106 434 δυσγένειαν
3152 365 3503 432 ἐϐδελύξατο·
3545 365 3732 440 ὥσπερ

2151 450 2248 506 οὖν
2294 454 2390 507 καὶ
2429 455 2458 506 6
2493 454 2730 526 Χριστὸς
2773 456 2873 528 τὴν
2925 457 3248 529 Ἐκκλησίαν
3287 459 3594 532 δεξάμενος,
3637 464 3733 516 καὶ

2153 541 2449 610 ἀλλόφυλον
2480 543 2575 597 καὶ
2597 545 2656 597 ἐν
2685 547 2845 616 πενίᾳ
2874 546 3062 618 πολλῇ,
3094 548 3202 602 τῶν
3235 550 3488 618 μεγάλων
3513 551 3732 619 ἀγαθῶν

2151 632 2343 687 ἐλαϐεν
2400 635 2571 705 αὐτὴν
2625 639 2896 692 κοινωνόν.
2959 639 3096 692 Ἀλλ’
3137 639 3325 710 ὥσπερ
3359 641 3518 714 αὕτη,
3567 646 3615 697 εί
3657 644 3731 714 μὴ

2150 725 2414 794 πρότερον
2461 727 2639 796 ἀφῆκε
2675 729 2905 800 πατέρα,
2955 732 3051 785 καὶ
3089 731 3359 802 ἠτίμασεν
3396 735 3572 787 οἰκίαν
3617 734 3728 807 [59]

2149 813 2244 867 καὶ
2271 812 2428 882 γένος
2460 816 2553 870 καὶ
2573 818 2810 889 πατρίδα
2839 819 2933 873 καὶ
2955 825 3256 889 συγγενεῖς,
3281 823 3380 876 οὐκ
3403 824 3469 877 ἂν
3497 825 3728 896 ἐπέτυχε

2147 901 2246 972 τῆς
2271 902 2584 972 ἀγχιστείας
2616 905 2839 976 ταύτης
2865 907 3008 962 οὕτω
3030 911 3118 963 καὶ
3141 913 3174 980 ἡ
3210 913 3506 984 Ἐκκλησία
3526 915 3593 968 τά
3620 931 3728 968 πα·-

2146 992 2298 1064 τρῷα
2325 993 2420 1065 ἔθη
2452 995 2850 1062 καταλιποῦσα,
2885 1000 3007 1053 τότε
3048 1002 3351 1072 ἐπέραστος
3392 1002 3610 1071 ἐγένετο
3649 1007 3730 1077 τῷ

2149 1085 2384 1156 νυμφίῳ.
2414 1086 2592 1158 Ὅπερ
2635 1082 2727 1142 οὖν
2761 1090 2855 1143 καὶ
2898 1092 2926 1143 6
2976 1093 3261 1163 προφήτης
3313 1093 3451 1163 αὐτῇ
3484 1093 3739 1163 διαλεγόο-

2150 1175 2308 1244 μενός
2343 1193 2538 1246 φησιν·
2596 1178 2916 1235 Ἐπιλάθου
2952 1182 3059 1236 τοῦ
3104 1182 3259 1238 λαοῦ
3301 1199 3418 1238 σου
3470 1185 3570 1237 καί
3620 1186 3729 1239 τσῦ

2150 1267 2323 1322 οἴκου
2351 1268 2456 1321 τοῦ
2485 1272 2707 1338 πατρός
2727 1287 2864 1334 σου,
2882 1272 2980 1326 καί
3008 1271 3360 1340 ἐπιθυμήσει
3381 1275 3414 1326 ό
3422 1272 3724 1341 βασιλεὺς

2147 1359 2257 1413 τοῦ
2283 1358 2553 1426 κάλλους
2582 1377 2716 1415 σου.
2759 1361 2928 1414 Τοῦτο
2953 1362 3045 1414 καὶ
3073 1363 3105 1432 η
3146 1360 3302 1414 Ῥούθ
3338 1363 3580 1434 ἐποίησε.
3623 1367 3721 1419 Διὰ

2148 1448 2309 1501 τοῦτο
2338 1449 2431 1502 καὶ
2463 1451 2647 1521 μήτηρ
2688 1450 2902 1518 ἐγένετο
2945 1449 3229 1518 βασιλέων,
3267 1449 3454 1522 ῶσπερ
3498 1450 3590 1508 οὖν
3627 1457 3720 1508 καὶ

2149 1540 2183 1612 ἡ
2227 1541 2521 1612 Ἐκκλησία
2545 1558 2560 1574 ο
2587 1542 2685 1595 καὶ
2717 1543 2826 1612 γὰρ
2854 1543 2918 1595 ἐκ
2939 1542 3141 1612 ταύτης
3173 1544 3317 1596 ἐστὶν
3343 1547 3372 1597 6
3402 1546 3582 1600 Δαυΐδ.
3622 1548 3720 1601 Διά

2147 1630 2210 1700 δὴ
2239 1631 2442 1684 τούτων
2469 1631 2686 1684 πάντων
2719 1632 2994 1701 ἐντρέπων
3023 1632 3238 1696 αὐτοὺς,
3277 1633 3370 1686 καὶ
3402 1634 3604 1686 πείθων
3644 1636 3719 1706 μὴ

2149 1716 2294 1786 μέγα
2336 1721 2572 1787 φρονεῖν,
2599 1721 2698 1789 τήν
2721 1737 2781 1771 τε
2809 1720 3155 1789 γενεαλογίαν
3183 1723 3466 1794 συνέθηκε,
3501 1725 3592 1777 καὶ
3622 1724 3720 1787 τὰς

2146 1809 2407 1874 γυναῖκας
2442 1808 2644 1873 ταύτας
2668 1811 2747 1874 είς
2779 1810 2944 1880 μέσον
2970 1813 3162 1883 ἤγαγε.
3191 1815 3301 1868 Καὶ
3323 1815 3430 1885 γάρ
3448 1816 3539 1868 τὸν
3569 1816 3721 1886 βασι-

2145 1899 2241 1952 λέα
2275 1900 2365 1953 τὸν
2403 1901 2576 1971 μέγαν
2607 1901 2764 1986 αὕτηκ
2785 1900 2873 1956 διὰ
2909 1903 3015 1956 τῶν
3064 1903 3244 1973 μέσων
3279 1906 3536 1977 ἐγέννησε
3557 1925 3568 1937 ·
3623 1908 3719 1960 καὶ

2144 1994 2244 2046 οὐκ
2271 1994 2581 2064 αἰσχύνεται
2605 1996 2633 2048 6
2657 1994 2818 2048 Δαυῖδ
2854 1997 2944 2049 ἐπὶ
2975 1997 3198 2060 τούτοις.

2216 2083 2290 2136 Οὐ
2318 2083 2426 2155 γὰρ
2460 2084 2625 2147 ἐστιν,
2655 2086 2755 2138 οὐκ
2786 2084 2932 2166 ἔστιν
2965 2085 3088 2138 οὐτε
3110 2085 3170 2150 ἐξ
3198 2086 3416 2156 ἀρετῆς,
3449 2087 3572 2140 οὐτε
3609 2089 3718 2144 άπὸ

2146 2177 2342 2240 κακίας
2365 2178 2643 2248 προγόνων
2667 2172 2804 2230 εἶναι
2841 2177 3142 2241 σπουδαῖον,
3183 2178 3466 2248 ἢφαύλον,
3508 2180 3540 2250 ἢ
3580 2182 3717 2252 ἄση-

2148 2284 2270 2337 μον,
2297 2268 2330 2337 ἢ
2359 2267 2608 2339 λαμπρόν
2631 2285 2644 2297 ·
2673 2269 2787 2322 ἀλλ’
2810 2271 2858 2322 εί
2883 2270 2985 2340 χρή
3003 2287 3056 2322 τι
3085 2270 3179 2322 καὶ
3201 2270 3500 2341 παράδοξον
3522 2274 3715 2337 εἰπεῖν,

2144 2361 2349 2422 ἐκεῖνος
2389 2359 2657 2430 ἐκλάμπει
2688 2361 2734 2392 ⁸⁵
2778 2361 3057 2432 μειζόνως,
3097 2364 3126 2415 6
3158 2361 3231 2433 μὴ
3264 2362 3370 2415 τῶν
3413 2365 3718 2420 σπουδαίων

2146 2450 2423 2520 προγόνων
2453 2450 2548 2515 ὣν,
2566 2453 2853 2522 γενόμενος
2882 2453 2938 2506 δὲ
2961 2453 3182 2521 ἀγαθός.
3226 2454 3270 2486 υ
3312 2455 3512 2525 Μηδεὶς
3539 2457 3717 2509 τοίνυν

2142 2541 2234 2595 ἐπὶ
2262 2541 2468 2605 τούτοις
2491 2542 2632 2611 μέγα
2664 2543 2949 2614 φρονείτω·
2978 2545 3366 2616 ἀλλ’ἐννοήσας
3394 2548 3486 2600 106
3516 2549 3717 2602 Δεσπό-

2138 2649 2230 2684 του
2265 2633 2392 2696 τοὺς
2435 2633 2751 2705 προγόνους,
2793 2634 2854 2688 16
2889 2635 3116 2706 φύσημα
3145 2637 3288 2691 άπαν
3328 2638 3582 2701 κενούτω,
3619 2641 3716 2693 καὶ

2140 2721 2233 2774 ἐπὶ
2264 2720 2650 2792 κατορθώμασι
2695 2722 2838 2794 μέγα
2885 2724 3186 2795 φρονείτωο
3238 2725 3435 2795 μᾶλλον
3472 2726 3528 2778 δὲ
3578 2727 3712 2797 μηδέ

2139 2808 2232 2868 ἐπὶ
2258 2814 2483 2879 τούτοις.
2512 2815 2667 2870 Οὕτω
2699 2815 2807 2887 γὰρ
2845 2817 2939 2870 καὶ
2969 2819 2997 2870 6
3023 2819 3314 2888 Φαρισαῖος
3349 2818 3443 2871 τοῦ
3484 2817 3714 2872 τελώνου

2138 2905 2357 2973 γέγονεν
2417 2904 2660 2978 ὕστερος.
2721 2905 2784 2960 Εἰ
2826 2906 2937 2976 γὰρ
2981 2906 3159 2977 βούλει
3204 2908 3372 2974 δεῖξαι
3437 2907 3578 2977 μέγα
3649 2907 3713 2960 16

2139 2997 2488 3068 κατόρθωμα,
2520 2999 2595 3067 μὴ
2629 2996 2772 3067 μέγα
2805 2997 3010 3068 φρόνει,
3044 2999 3139 3050 καὶ
3173 2999 3295 3051 τότε
3342 3000 3522 3068 μεῖζον
3555 2998 3713 3051 τοῦτο

2137 3085 2448 3156 ἀπέφηνας·
2495 3085 2568 3158 μὴ
2603 3087 2829 3160 νομίσῃς
2859 3105 2912 3140 τι
2948 3089 3324 3158 πεποιηκέναι,
3384 3089 3478 3142 καὶ
3515 3089 3575 3141 τὸ
3603 3091 3712 3142 πᾶν

2136 3179 2396 3249 εἰργάσω.
2429 3179 2490 3232 Εἰ
2528 3177 2637 3250 γάρ
2663 3180 2788 3233 ὅταν
2819 3180 3134 3251 ἁμαρτωλοί
3171 3175 3342 3250 ὦμεν,
3382 3181 3446 3232 ἂν
3478 3180 3711 3250 νομίσω-

2140 3286 2239 3339 μεν
2271 3269 2426 3322 τοῦτο
2452 3265 2588 3323 εἷναι
2620 3273 2756 3342 ὅπερ
2785 3273 2970 3342 ἐσμὲν,
2991 3273 3189 3326 δίκαιοι
3211 3271 3491 3342 γινόμεθα,
3510 3271 3711 3350 ⁸ὥσπερ

2137 3356 2228 3415 οὖν
2254 3362 2350 3414 καὶ
2377 3363 2405 3415 6
2438 3361 2673 3432 τελώνης
2695 3379 2709 3393 ·
2752 3363 2905 3435 πόσῳ
2953 3364 3153 3435 μᾶλλον
3190 3365 3314 3416 ὅταν
3343 3362 3536 3415 δίκαιοι
3559 3363 3712 3422 ὅντες

2136 3453 2490 3524 ἁμαρτωλοὺς
2533 3456 2756 3519 ἐαυτούς
2811 3451 2952 3509 εἶναι
2993 3455 3334 3525 νομίζωμεν;
3395 3455 3456 3507 Εἰ
3494 3455 3600 3524 γὰρ
3651 3452 3713 3519 ἐξ

2136 3545 2470 3616 ἁμαρτωλῶν
2509 3545 2745 3608 δικαίους
2784 3549 2926 3598 ποιεῖ
2981 3548 3041 3598 τὸ
3083 3549 3543 3616 ταπεινοφρονεῖν·
3587 3546 3710 3598 καί-

2132 3652 2281 3703 τοιγε
2310 3635 2428 3688 οὐδὲ
2459 3633 2922 3704 ταπεινοφροσύνη
2957 3629 3026 3704 ἦν
3059 3633 3104 3664 ⁵⁸
3136 3633 3328 3694 ἐκεῖνο,
3364 3631 3477 3686 ἀλλ’
3502 3633 3708 3700 εὐγνω-

2139 3727 2367 3798 μοσύνη·
2402 3729 2448 3781 εί
2489 3723 2581 3780 οὖν
2612 3724 2999 3796 εὐγνωμοσύνη
3048 3723 3300 3778 τοσοῦτον
3340 3723 3561 3776 δύναται
3613 3724 3709 3779 ἐπὶ

2131 3816 2541 3889 άμαρτωλῶν,ἠ
2564 3814 3026 3885 ταπεινοφροσύνη
3065 3812 3335 3883 σκόπησον
3363 3813 3453 3865 ἐπὶ
3485 3813 3710 3866 δικαίων

2130 3911 2183 3964 τί
2213 3910 2314 3964 οὐκ
2347 3908 2463 3981 [40]
2503 3908 2831 3977 ἐργάσεται;
2872 3907 2962 3978 Μὴ
2989 3906 3170 3958 τοίνυν
3209 3906 3424 3976 λυμήνῃ
3452 3907 3577 3969 τούς
3609 3907 3708 3960 πό-

2131 4021 2276 4067 νους,
2307 4001 2439 4072 μηδέ
2471 3999 2717 4070 ὐποτέμῃ
2741 3998 2786 4029 ’⁵³
2809 3997 2934 4061 τοὺς
2976 3998 3222 4068 ἱδρῶτας,
3267 3997 3400 4066 μηδὲ
3429 3997 3550 4066 εἰκῆ
3581 3997 3709 4068 δρα-

2136 4113 2262 4166 μῃς,
2297 4093 2432 4164 μετά
2475 4093 2599 4152 τοὺς
2635 4091 2860 4161 μυρίους
2898 4091 3146 4152 διαύλους
3180 4089 3356 4143 πάντα
3403 4089 3572 4142 κενῶν
3617 4089 3708 4142 τὸν

2134 4197 2312 4250 πόνον.
2342 4191 2451 4245 Καὶ
2479 4188 2586 4257 γὰρ
2620 4186 2714 4240 006
2761 4186 2958 4257 μᾶλλον
2991 4182 3100 4240 οἵδε
3136 4187 3204 4240 τὰ
3243 4186 3644 4256 κατορθώματα
3675 4187 3708 4239 6

467 4279 704 4349 ἱστορίας
759 4278 1006 4345 άπάσης;
1046 4276 1145 4329 Διὰ
1184 4276 1342 4330 τοῦτο
1381 4276 1472 4328 καὶ
1504 4276 1603 4346 τῆς
1647 4277 1800 4332 Ῥούθ
1832 4281 1924 4334 καὶ
1950 4274 2083 4355 τῆςθ
2134 4285 2408 4352 Δεσπότης
2431 4281 2502 4334 τά
2530 4281 2615 4333 σά.
2649 4279 2768 4330 Κᾶν
2800 4279 3056 4348 ποτήριον
3087 4277 3297 4350 ψυχροῦ
3346 4279 3390 4309 ⁸⁸
3437 4278 3561 4347 δῷς,
3588 4280 3708 4332 οὐδὲ

475 4371 643 4424 Ῥαὰϐ
675 4370 718 4401 ³⁸
749 4367 1040 4438 μέμνηται,
1068 4367 1168 4438 τῆς
1200 4367 1299 4438 μέν
1340 4366 1658 4436 ἀλλοφύλου,
1696 4370 1793 4442 τῆς
1825 4372 1882 4425 δὲ
1913 4373 2039 4443 πόρ-

465 4481 582 4534 νης,
632 4463 718 4515 ἵνα
755 4463 934 4533 μάθῃς
973 4463 1056 4514 ὅτι
1098 4461 1274 4514 πάντα
1315 4456 1444 4532 ἦλθε
1485 4462 1552 4515 τά
1592 4463 1734 4516 κακά
1773 4464 1950 4519 λύσων
1977 4469 2044 4520 τὰ

463 4556 724 4626 ἡμέτερα.
779 4555 866 4618 Ὦς
911 4554 1020 4624 γάρ
1072 4553 1275 4624 ἰατρὸς.
1305 4555 1404 4624 οὐχ
1457 4555 1533 4618 ώς
1575 4555 1833 4628 δικαστὴς
1861 4577 2034 4630 παρα-

463 4649 705 4716 γέγονεν.
749 4649 961 4718 Ὥσπερ
989 4642 1081 4700 οὖν
1116 4637 1317 4718 πόρνας
1353 4647 1543 4702 ἔλαϐον
1586 4653 1851 4717 γυναῖκας
1875 4645 2041 4715 οὗτοι,

462 4740 605 4793 οὕτω
626 4741 718 4792 καὶ
740 4742 768 4792 6
801 4739 934 4802 Θεὸς
957 4739 1054 4808 τὴν
1090 4739 1248 4808 φύσιν
1278 4739 1374 4810 τὴν
1401 4741 1841 4812 ἐκπορνεύσασαν
1869 4745 2042 4813 ἡρμό-

464 4847 594 4881 σατο
618 4829 795 4899 ἐαυτῷ
820 4846 834 4861 θ
869 4829 898 4882 6
938 4832 1032 4882 καὶ
1061 4831 1106 4862 ³³
1133 4831 1408 4902 προφῆται
1447 4833 1652 4886 ἄνωθεν
1687 4834 2042 4904 προλέγουσιν

463 4925 553 4976 ἐπὶ
578 4922 677 4990 τῆς
699 4923 1017 4992 συναγωγῆς
1035 4925 1331 4992 γεγονέναι.
1372 4924 1508 4976 Ἀλλ’
1531 4925 1713 4993 ἐκείνη
1739 4926 1838 4993 μὲν
1869 4925 2044 4992 ἀγνώ-
2067 4998 2070 5001 1

466 5033 580 5084 μων
607 5013 893 5084 γεγένηται
929 5015 1055 5083 περὶ
1086 5017 1176 5070 τὸν
1213 5020 1605 5087 συνοικήσαντα
1629 5035 1642 5048 ο
1673 5019 1704 5087 ή
1734 5018 1790 5070 δὲ
1819 5018 2044 5088 Ἐκκλη-

464 5109 554 5158 σία
589 5107 733 5172 ἅπαξ
762 5106 1135 5176 ἀπαλλαγεῖσα
1158 5108 1266 5161 τῶν
1290 5109 1558 5178 πατρῴων
1589 5111 1796 5176 κακῶν,
1827 5110 2042 5182 ἔμεινεν

423 5198 429 5212 ⁵
461 5197 816 5268 ἀσπαζομένη
847 5199 937 5252 τὸν
961 5199 1210 5269 νυμφίον.
1237 5200 1378 5272 Ὅρα
1407 5200 1535 5267 γοῦν
1573 5201 1668 5254 καὶ
1705 5202 1774 5254 τὰ
1812 5203 1905 5254 ἐπὶ
1945 5201 2042 5270 τῆς

421 5293 428 5315 ’
473 5292 630 5345 Ῥοὐο
671 5291 937 5361 γενόμενα
981 5292 1195 5350 ἐοικότι
1235 5297 1345 5356 τοῖς
1390 5292 1698 5363 ἡμετέροις⁶
1744 5291 1892 5362 Αὕτη
1933 5291 2040 5363 γὰρ

461 5383 756 5454 ἁλλόφυλὸς
785 5401 844 5436 τε
868 5379 957 5452 ἦν,
982 5385 1074 5436 καὶ
1099 5385 1178 5447 είς
1199 5386 1437 5456 ἐσχάτην
1471 5384 1778 5454 κατηνέχθη
1814 5383 2002 5438 πενίαν
2018 5402 2034 5417 ο

461 5477 576 5531 ἀλλ’
608 5477 756 5546 ὅμως
796 5472 920 5528 ἰδὼν
951 5475 1166 5548 αὐτὴνό
1199 5476 1352 5540 Βοὸζ,
1388 5474 1512 5529 οὐτε
1539 5476 1640 5546 τῆς
1683 5476 1870 5539 πενίας
1909 5495 2038 5530 κατ-

2135 4375 2291 4430 10610
2314 4373 2530 4445 παρορᾷ
2552 4388 2565 4401 ·
2611 4369 2712 4422 κᾶν
2742 4369 2924 4422 ὀϐολὸν
2954 4369 3283 4440 καταϐάλῃς,
3315 4369 3416 4422 κᾶν
3450 4370 3711 4440 στενάξῃς

2139 4467 2318 4537 μόνον,
2363 4463 2502 4534 μετὰ
2531 4461 2730 4530 πολλῆς
2759 4461 2937 4514 πάντα
2981 4460 3191 4530 δέχεται
3219 4462 3315 4530 τῆς
3345 4460 3576 4525 εὐνοίας,
3617 4463 3712 4514 καὶ

2140 4557 2431 4626 μέμνηται,
2479 4551 2575 4604 καὶ
2598 4549 2865 4619 μεγάλους
2891 4550 3071 4612 αὐτοῖς
3097 4551 3264 4621 ὁρίζει
3286 4550 3526 4619 μισθούς.
3555 4552 3711 4614 Τίνος

2136 4647 2192 4697 66
2217 4646 2401 4696 ἐνεκεν
2431 4640 2700 4705 ἐξετάζεις
2719 4639 2788 4692 τὰ
2817 4640 2904 4703 σὰ,
2942 4641 3034 4692 καὶ
3061 4640 3246 4710 φέρεις
3279 4642 3411 4709 ἡμῖν
3433 4643 3510 4702 είς
3549 4642 3712 4709 μέσον

2137 4732 2436 4804 διηνεκῶς;
2477 4731 2588 4783 Οὐκ
2617 4727 2761 4791 οἶδας
2799 4730 2878 4782 ὅτι
2909 4729 3004 4781 ἐὰν
3044 4729 3334 4800 ἐπαινέσῃς
3370 4732 3584 4790 σαυτὸν,
3623 4741 3716 4781 ού-

2140 4825 2256 4878 κέτι
2298 4840 2355 4874 σε
2387 4824 2415 4874 ὁ
2448 4821 2578 4883 Θεὸς
2626 4819 3003 4884 ἐπαινέσεται;
3051 4819 3239 4890 ὥσπερ
3277 4816 3370 4873 οὐν
3401 4821 3466 4872 ἂν
3498 4821 3716 4872 ταλανί-

2140 4932 2238 4986 an;
2283 4915 2352 4976 ⁸⁵,
2401 4913 2461 4965 οὐ
2496 4912 2758 4964 παύσεταί
2803 4929 2860 4964 σε
2897 4912 3048 4983 παρά
3085 4915 3247 4965 πᾶσιν
3286 4913 3715 4982 ἀνακηρύττων;

2140 5007 2273 5058 Οὐδὲ
2304 5004 2411 5074 γάρ
2449 5004 2695 5072 βούλεταί
2724 5021 2817 5055 σου
2851 5004 2976 5065 τούς
3004 5003 3196 5066 πόνους
3229 5003 3614 5073 ἐλαττωθῆναι.
3653 5006 3696 5056 Τ
3704 5008 3720 5057 ί

2141 5097 2280 5163 λέγω
2305 5095 2698 5164 ἐλαττωθῆναι;
2741 5094 2925 5147 Πάντα
2969 5094 3067 5159 μὲν
3089 5090 3199 5172 ⁹οὐν
3237 5095 3380 5145 ποιεῖ
3433 5093 3528 5146 καὶ
3572 5112 3720 5164 πρα-

2141 5186 2495 5256 γματεύεται,
2531 5185 2670 5238 ὥστε
2699 5185 2792 5238 καὶ
2813 5185 2920 5238 ἀπὸ
2947 5184 3158 5255 μικρῶν
3185 5201 3243 5235 σε
3276 5183 3614 5250 στεφανῶσαι
3649 5183 3718 5246 ⁸⁵,

2144 5278 2237 5330 καὶ
2269 5279 2504 5348 περίεισι
2524 5277 2824 5345 προφάσεις
2851 5275 3026 5345 ζητῶν
3059 5274 3123 5326 δι’
3156 5267 3230 5326 ὧν
3262 5273 3462 5342 δυνήσῃ
3479 5271 3719 5325 ἀπαλλα-

2146 5366 2302 5436 γῆναι
2339 5368 2435 5436 τῆς
2469 5366 2710 5435 γεέννης.

2199 5464 2272 5512 ε’.
2284 5458 2380 5510 Διά
2395 5458 2550 5510 τοῦτο
2573 5457 2671 5510 κᾶν
2694 5458 2980 5533 ἑνδεκάτην
2993 5454 3142 5524 ῶραν
3156 5455 3177 5504 ὲ
3189 5455 3360 5525 ργάσυῃ
3373 5453 3468 5530 τῆς
3484 5452 3714 5522 ἡμέρας,

546 5597 592 5626 ³⁵
619 5597 681 5647 Τί
710 5592 824 5675 06v]
848 5597 958 5675 Καὶ
988 5596 1094 5675 γάρ
1123 5593 1182 5646 Β.
1220 5595 1280 5675 Ε.
1309 5593 1350 5648 +
1400 5595 1547 5648 ἐστιν
1569 5597 1754 5675 εἰπεῖν
1937 5595 1981 5626 ³ο
2020 5594 2208 5675 προεξ.
2235 5595 2357 5675 τῆς]
2384 5595 2570 5674 προεξ.
2591 5594 2812 5675 ξιάῆτῆς
2842 5593 2901 5648 Ε.
2926 5595 3061 5675 διεξ.
3088 5595 3314 5675 διάξῆε
3332 5594 3448 5675 13'.“
3467 5596 3710 5675 ':_Ad_di-

475 5675 711 5718 huncum
746 5664 909 5718 Δαυῖδ
950 5674 1075 5733 post
1107 5665 1388 5734 προφήτης
1418 5676 1471 5719 et
1498 5666 1590 5734 καὶ
1620 5667 1648 5718 6
1680 5665 1910 5727 Ἡσαΐας
1953 5683 2046 5734 pos

2142 5665 2218 5719 ἱόν
2250 5664 2448 5721 desum
2484 5665 2538 5734 in
2589 5664 2649 5719 D.
2685 5664 2745 5718 F.
2771 5664 2882 5719 'An.
2926 5667 3074 5718 Arm.

2000 5737 2044 5766 ⁸ο
2067 5736 2271 5805 λάμπει
2315 5736 2375 5788 D.
2402 5735 2459 5788 [ε’.
2499 5733 2598 5802 Ep.
2641 5750 2766 5805 mox

475 5736 601 5786 δην.
636 5734 764 5787 Ben.
798 5735 1020 5788 Codices
1046 5733 1282 5803 Θάμαρ.
1342 5733 1386 5766 ³9
1423 5733 1654 5804 καηκαὶ
1681 5735 1730 5788 οἱ
1756 5735 1895 5804 Ed_d.

475 5805 516 5876 ff
557 5805 836 5876 ῌΘΙΚΟΝ.
875 5804 1546 5876 Περιταπεινοφροσύνης
1581 5810 1646 5858 Α.

1751 5803 1795 5836 ⁸³
1821 5801 1888 5875 ἦν
1918 5821 2025 5860 0m.
2053 5801 2183 5859 Μ(ιῇ
2227 5807 2354 5858 an.

3180 5663 3224 5697 δε
3260 5664 3450 5734 Ῥαὰϐ]
3477 5662 3568 5719 Sic
3597 5669 3706 5719 An.

2811 5733 2884 5801 μὴ
2920 5737 2983 5787 ἐκ
3024 5735 3129 5786 τῶν
3161 5745 3216 5788 cl
3252 5733 3536 5802 γινόμενος
3567 5734 3703 5790 Iuld.

2452 5805 2497 5876 ν
2545 5801 2818 5876 ὑποτέμῃῖ
2848 5802 3038 5876 δὶα-ί).
3089 5802 3144 5856 F.
3189 5801 3706 5876 ςωιυιὶύποτέμῃς.

473 5873 518 5903 ⁸⁸
558 5874 797 5946 φὐχροῦν
819 5878 881 5931 Α.
916 5881 975 5930 υ.
1009 5875 1211 5945 ψυχρόν
1239 5873 1328 5932 υ(
1378 5876 1422 5910 ³⁵⁸
1449 5875 1765 5950 ταλανίσῃς]
1800 5873 1936 5935 Add.
1978 5893 2044 5932 σα

2147 5896 2170 5929 ν
2208 5876 2341 5932 l‘ldd.
2420 5875 2460 5906 ⁵³
2504 5875 2912 5944 στεφανωθῆναι
2943 5873 3075 5929 Edd.
