4060 6156
428 205 498 256 35

425 322 569 376 enim
599 322 711 378 hrec
736 325 851 382 sine
893 341 1049 383 causa
1077 332 1272 402 scripta
1314 333 1468 390 nobis
1506 335 1654 392 fuere
1685 355 1698 392 :
1728 355 1899 410 neque
1940 345 2005 396 ad

424 412 662 469 historiae
682 416 992 487 dignitatem
1020 424 1322 491 pertinebat
1349 425 1610 495 ediscere,
1637 431 1762 498 quid
1782 431 1999 488 dixisset

421 505 726 562 obstetrix:
762 526 935 581 neque
965 515 1289 570 narrandum
1332 518 1612 575 videbatur
1657 537 1816 590 esse,
1863 525 2004 594 quod

421 611 635 651 manum
661 601 910 656 extulerit
931 603 1134 672 primus
1162 606 1204 660 is
1234 608 1319 676 qui
1348 609 1612 666 secundus
1636 627 1882 682 egressus
1900 625 2001 669 est.

418 688 874 760 Quodnamigitur
894 691 995 748 hoc
1021 696 1242 766 aenigma
1257 700 1376 752 est?
1403 700 1602 769 Primo,
1619 718 1685 759 ex
1711 705 1826 775 ipso
1853 708 2004 775 pueri

418 779 635 834 nomine
663 784 1014 850 quaestionem
1041 786 1302 842 solvimus
1327 805 1340 843 :
1367 789 1567 848 Phares
1595 809 1740 849 enim
1767 807 1848 852 est
1869 799 2002 854 divi-

416 871 499 924 sio
527 879 580 926 et
595 873 851 928 concisio.
878 875 1127 932 Secundo
1143 894 1208 934 ex
1233 881 1344 950 ipsa
1369 897 1424 936 re
1445 893 1630 952 gesta:
1661 902 1832 957 neque
1858 891 2002 945 enim

415 975 480 1015 ex
537 963 764 1018 naturali
819 969 1198 1036 consequentia
1254 981 1373 1025 erat
1413 987 1534 1028 eum
1584 975 1673 1045 qui
1721 978 2001 1035 extulisset

415 1067 655 1119 manum,
695 1054 864 1122 ipsam
887 1065 1067 1124 postea
1099 1058 1374 1115 retrahere
1400 1061 1650 1132 ligatam;
1683 1081 1785 1120 nec
1823 1068 1876 1122 id
1917 1084 2000 1124 ra-

416 1145 546 1198 tioni
575 1145 662 1199 vel
689 1154 890 1201 naturae
936 1153 1493 1211 consonumvidetur.
1545 1155 1678 1212 Nam
1726 1162 1998 1228 praemissa

412 1235 628 1304 quidem
647 1228 802 1292 unius
821 1254 1004 1307 manu,
1033 1241 1263 1297 alterum
1287 1244 1488 1314 egredi,
1514 1245 1564 1300 id
1591 1247 1728 1304 forte
1755 1253 1998 1308 naturale

413 1325 610 1393 fuerit;
641 1327 736 1418 sed
767 1337 994 1385 retracta
1025 1346 1210 1401 manu,
1237 1333 1390 1388 alteri
1422 1337 1702 1392 transitum
1733 1341 1994 1410 praebere,

412 1419 465 1474 id
490 1436 596 1474 non
628 1421 687 1475 fit
730 1436 798 1477 ex
839 1439 990 1478 more
1035 1428 1369 1481 nascentium
1397 1447 1409 1482 :
1442 1445 1628 1487 verum
1661 1433 1847 1489 aderat
1901 1436 1995 1493 Dei

408 1511 580 1580 gratia
607 1526 726 1582 qua:
757 1512 872 1568 haec
899 1515 1042 1569 circa
1072 1531 1266 1585 pueros
1291 1518 1626 1588 dispensaret
1646 1565 1661 1589 ,
1683 1533 1737 1578 et
1763 1541 1857 1593 per
1880 1528 1994 1584 haec

409 1603 709 1656 futurorum
731 1605 1012 1672 quamdam
1034 1606 1316 1676 imaginem
1339 1609 1703 1668 adumbraret.
1735 1615 1870 1684 Quid
1897 1619 1995 1689 igi-

411 1703 497 1747 tur
535 1694 686 1748 aiunt
727 1694 940 1763 quidam
990 1712 1056 1751 ex
1105 1698 1211 1754 illis
1256 1701 1345 1768 qui
1389 1702 1504 1758 haec
1543 1705 1992 1775 exploraverunt?

411 1785 584 1840 Hosce
635 1802 831 1856 pueros
899 1789 1126 1844 duorum
1185 1805 1306 1848 esse
1365 1795 1682 1864 populorum
1746 1801 1988 1871 figuram.

408 1877 613 1932 Deinde
662 1889 721 1932 ut
767 1879 964 1947 discas,
1013 1882 1235 1936 secundi
1263 1885 1444 1954 populi
1473 1887 1769 1944 institutum
1796 1894 1991 1962 prioris

405 1971 548 2023 ortui
577 1970 901 2039 prmluxisse,
935 1988 1150 2027 manum
1177 1976 1468 2032 extendens
1493 1994 1624 2048 puer
1668 1998 1773 2037 non
1808 1999 1867 2040 se
1913 1996 1992 2039 to-

407 2073 519 2115 tum
549 2061 784 2127 exhibet,
817 2063 926 2117 imo
955 2064 1096 2119 illam
1127 2076 1310 2136 postea
1338 2069 1593 2136 retrahit,
1628 2083 1681 2127 et
1713 2085 1988 2145 postquam

406 2160 548 2206 totus
573 2153 737 2208 frater
763 2167 1009 2222 egressus
1029 2166 1130 2220 est,
1163 2164 1288 2212 tunc
1317 2167 1370 2213 et
1397 2161 1512 2229 ipse
1542 2170 1682 2217 toms
1719 2176 1940 2235 apparet
1972 2185 1986 2221 :

365 2229 368 2231 ’
405 2244 459 2298 id
489 2244 630 2315 quod
667 2244 828 2299 etiam
858 2246 908 2299 in
951 2245 1158 2303 duobus
1211 2249 1420 2318 populis
1460 2260 1668 2320 gestum
1853 2257 1988 2314 Nam

403 2352 526 2392 cum
556 2338 972 2393 ecclesiasticum
1002 2339 1300 2394 institutum
1332 2341 1383 2394 in
1414 2341 1604 2399 diebus
1638 2345 1865 2402 Abrahze
1887 2363 1986 2417 ap-

403 2431 690 2500 paruisset,
741 2429 1039 2498 deindeque
1090 2431 1141 2483 in
1183 2431 1360 2485 medio
1411 2437 1983 2508 suppressumfuisset,

400 2524 548 2578 venit
570 2522 818 2578 Judaicus
840 2522 1068 2592 p0pulus
1088 2531 1140 2578 et
1165 2522 1462 2579 institutum
1492 2527 1658 2596 legale
1682 2570 1696 2594 ,
1726 2538 1779 2584 et
1800 2543 1983 2599 postea

400 2631 573 2673 novus
599 2618 687 2672 ille
715 2618 940 2688 populus
975 2633 1094 2671 cum
1127 2618 1327 2688 legibus
1353 2621 1482 2676 suis.
1515 2621 1739 2692 Ideoque
1773 2626 1846 2678 ait
1884 2625 1981 2681 ob-

399 2710 586 2764 stetrix
618 2727 630 2760 :
663 2709 764 2762 Cur
793 2709 959 2762 excisa
985 2719 1057 2767 est
1085 2719 1288 2780 propter
1329 2719 1375 2764 te
1406 2729 1548 2781 sepes
1570 2714 1732 2783 ?quia
1755 2715 1983 2771 instituti

397 2800 696 2854 libertatem
724 2799 804 2852 lex
831 2800 1206 2868 superveniens
1230 2800 1502 2856 dissecuit.
1553 2802 1761 2858 Etenim
1807 2805 1977 2876 legem

396 2883 675 2955 Scriptura
700 2903 884 2958 sepem
912 2903 1107 2943 vocare
1141 2889 1308 2955 solet;
1340 2891 1478 2944 sicut
1506 2890 1672 2946 David
1720 2891 1984 2961 propheta

394 2977 547 3043 dicit,
582 2977 852 3033 Sustulisti
875 2996 1038 3050 sepem
1064 2981 1194 3046 eius,
1225 2990 1272 3034 et
1309 2981 1615 3034 vindemiant
1657 2998 1766 3035 eam
1816 2999 1990 3038 omnes

393 3070 981 3140 quiprwtergrediuntur
998 3073 1130 3125 viam
1150 3070 1321 3144 (Psal.
1353 3072 1445 3126 79.
1472 3070 1595 3141 1'5);
1630 3081 1685 3127 et
1709 3072 1892 3138 Isaias,
1923 3071 1991 3130 Et

393 3178 565 3230 sepem
590 3163 929 3234 circamposui
946 3165 992 3218 ei
1014 3162 1163 3235 (Isai.
1197 3164 1254 3224 5,
1272 3161 1362 3235 ‘2);
1392 3164 1516 3217 item
1546 3164 1760 3227 Paulus,
1797 3163 1858 3218 Et
1881 3180 1986 3217 mc-

393 3253 534 3307 dium
566 3255 811 3324 parietem
836 3255 1072 3310 maceria:
1097 3255 1294 3309 solvens
1323 3253 1540 3325 (Ep/tes.
1572 3256 1630 3315 '2,
1658 3256 1771 3325 Η).

457 3451 510 3503 4.
555 3450 658 3504 Alii
705 3450 858 3516 illud,
894 3451 996 3506 Cur
1015 3453 1185 3506 excisa
1234 3461 1307 3506 est
1356 3463 1562 3523 propter
1601 3462 1648 3506 te
1693 3453 1884 3524 sepes?
1910 3452 1978 3510 de

385 3554 525 3594 novo
553 3542 748 3610 popqu
776 3541 978 3597 dictum
1003 3552 1206 3612 putant.
1233 3543 1331 3599 l-lic
1356 3547 1551 3616 quippe
1580 3561 1698 3600 cum
1725 3546 1975 3618 advenis-

382 3639 488 3694 set,
515 3631 684 3702 legem
711 3632 1010 3703 abrogavit.
1042 3633 1203 3690 Vides
1228 3638 1402 3704 ipsum
1433 3651 1538 3691 non
1573 3637 1673 3691 levi
1713 3636 1782 3693 de
1812 3649 1973 3693 causa

383 3729 548 3775 totam
615 3727 1124 3782 commemoravisse
1189 3726 1341 3782 Judte
1410 3726 1726 3784 historiam?
1772 3728 1976 3786 Idcirco

376 3815 544 3868 etiam
577 3815 718 3871 Ruth
743 3828 797 3872 et
824 3817 1010 3873 Rahab
1037 3819 1054 3850 ¹
1086 3820 1352 3886 meminit,
1393 3835 1616 3889 quarum
1647 3821 1814 3876 altera
1843 3823 1974 3879 alie-

381 3908 596 3976 nigena,
619 3910 786 3964 altera
813 3913 1067 3966 meretrix
1096 3921 1233 3979 erat,
1267 3922 1324 3968 ut
1359 3912 1632 3970 edisceres
1676 3915 1848 3985 ipsum
1879 3931 1974 3972 ve-

380 3999 528 4053 nisse
548 4007 604 4052 ut
621 4001 756 4054 mala
775 4003 953 4056 omnia
973 4013 1154 4058 nostra
1184 4004 1435 4060 solveret.
1457 4005 1527 4061 Ut
1544 4006 1781 4062 medicus
1805 4008 1970 4076 enim,

381 4105 487 4143 non
516 4101 570 4144 ut
611 4091 774 4160 judex
825 4095 992 4148 venit.
1039 4095 1503 4160 Quemadmodum
1537 4097 1696 4168 igitur
1726 4098 1778 4152 hi
1811 4099 1973 4154 forni-

376 4181 550 4235 earias
577 4183 778 4239 duxere
799 4185 1066 4252 mulieres,
1103 4189 1175 4242 ita
1201 4199 1255 4242 et
1281 4188 1424 4243 Deus
1451 4200 1696 4244 naturam
1727 4189 1968 4247 fornica-

379 4281 486 4325 tam
539 4275 809 4344 copulavit
857 4279 1003 4333 sibi:
1038 4279 1090 4335 id
1134 4280 1274 4350 quod
1324 4281 1453 4337 olim
1507 4285 1781 4352 prophetae
1827 4286 1969 4340 circa

375 4380 698 4438 synagogam
733 4371 926 4426 factum
965 4386 1086 4428 esse
1130 4373 1401 4430 dixerunt.
1459 4374 1566 4430 Sed
1615 4376 1704 4431 illa
1751 4377 1966 4444 quidem

374 4458 585 4529 coniugi
613 4474 712 4515 suo
742 4463 945 4533 ingrata
972 4463 1094 4527 fuit,
1125 4465 1368 4522 Ecclesia
1397 4481 1527 4522 vero
1547 4482 1574 4521 a
1603 4468 1786 4538 patriis
1811 4469 1968 4524 malis

375 4551 545 4604 Semel
577 4551 823 4619 liberata,
855 4556 907 4610 in
939 4557 1121 4625 sponsi
1153 4559 1399 4627 amplexu
1424 4561 1736 4628 permansit.
1769 4561 1958 4616 Anim-

373 4641 601 4697 adverte
621 4658 683 4698 ea
710 4661 830 4714 quae
858 4646 924 4701 ad
947 4647 1089 4702 Ruth
1116 4658 1359 4717 spectant
1381 4652 1577 4706 nostris
1606 4667 1727 4708 esse
1746 4653 1959 4709 similia.

372 4731 497 4787 "me
516 4735 713 4806 quippe
738 4738 1038 4809 alienigena
1078 4749 1214 4806 erat,
1241 4750 1295 4796 et
1323 4741 1390 4796 ad
1429 4751 1724 4798 extremam
1764 4760 1962 4814 paupe-

367 4827 500 4879 riem
530 4827 792 4894 deducta;
830 4839 1068 4886 attamen
1089 4832 1280 4889 videns
1301 4834 1444 4889 illam
1469 4835 1630 4902 Booz,
1648 4851 1746 4892 nec
1764 4853 1963 4908 paupe-

368 4917 502 4971 riem
555 4918 841 4989 despexit,
879 4938 1052 4992 neque
1097 4925 1326 4994 ignobile
1371 4928 1695 4996 contempsit
1738 4943 1956 4998 genus:

364 5011 815 5077 quemadmodum
846 5023 901 5069 et
932 5014 1174 5070 Christus
1227 5028 1526 5088 susceptam
1556 5018 1873 5086 Ecclesium,
1904 5033 1959 5076 et

363 5104 716 5173 alienigenam
744 5115 798 5161 et
826 5122 1137 5176 magnorum
1168 5111 1389 5179 penuria
1411 5112 1673 5168 bonorum
1706 5114 1956 5170 laboran-

364 5205 495 5258 tem,
543 5195 596 5249 in
635 5210 941 5254 consortem
985 5199 1215 5257 admisit.
1246 5206 1322 5258 Ac
1365 5204 1810 5274 quemadmodum
1844 5208 1951 5275 illa,

362 5287 462 5341 nisi
486 5288 633 5348 prius
660 5299 866 5360 patrem
887 5291 1197 5363 dimisisset,
1215 5294 1432 5352 domum
1463 5299 1874 5369 contempsisset
1897 5310 1952 5356 ct

460 5484 715 5565 Llntttorel.
734 5495 867 5565 post,
899 5489 1040 5552 Raab,
1060 5491 1188 5544 male
1211 5494 1417 5558 additur,
1432 5505 1478 5549 et
1496 5498 1717 5561 Thamar,
1736 5503 1837 5565 ipsa
1859 5517 1942 5555 se-

355 5546 432 5594 rie
459 5545 642 5609 lapsum
667 5545 923 5602 indicante.

1601 213 1669 271 ΙΝ
1719 215 1981 276 ΜΛΤἸἮΛ

2085 223 2136 276 Μ
2200 222 2430 280 uouiL.
2470 225 2550 280 III.
3621 256 3689 311 δα

2122 356 2289 410 genus
2317 355 2370 400 et
2401 348 2625 416 patriam
2647 359 2700 403 et
2730 365 2984 422 cognatos
3005 398 3020 422 ,
3054 373 3340 430 numquam
3369 360 3456 415 tali
3500 375 3703 416 connu-

2122 433 2211 486 bio
2232 435 2444 506 dignata
2469 439 2652 496 fuisset
2679 460 2691 494 :
2723 445 2800 499 sic
2829 445 3066 503 Ecclesia
3118 454 3301 521 patriis
3331 455 3568 509 dimissis
3595 471 3709 508 mo-

2119 524 2288 593 ribus,
2323 537 2448 584 tunc
2473 532 2718 588 amabilis
2767 549 2967 605 Sponsa
2998 539 3114 594 fuit.
3147 541 3302 608 Quod
3345 555 3400 599 et
3444 545 3702 616 propinata

2119 623 2289 690 ipsam
2327 625 2606 694 alloquens
2626 628 2863 685 declarat
2887 649 2899 684 :
2935 631 3239 691 Oblivisccre
3265 640 3506 707 papulum
3535 653 3701 705 tuum,
3729 693 3734 709 ,

2113 721 2161 766 et
2181 713 2387 769 domum
2425 719 2584 785 patris
2610 719 2701 784 tui,
2731 732 2778 775 et
2824 727 3140 792 concupiscet
3183 744 3274 782 rem
3301 732 3530 785 decorem
3559 741 3702 788 tuum

2113 807 2286 877 (Psal.
2316 811 2404 865 44.
2431 812 2522 866 11.
2562 814 2654 884 12)
2685 831 2699 845 ·
2734 813 2835 871 hoc
2876 826 2930 873 et
2977 819 3122 875 Ruth
3172 821 3298 877 fecit
3325 839 3340 876 :
3371 825 3490 879 ideo
3537 835 3706 882 mater

2110 914 2294 970 regum
2325 901 2440 970 fuit,
2465 906 2912 975 quemadmodum
2928 920 2980 965 ct
3003 912 3234 968 Ecclesia
3262 931 3274 967 :
3301 931 3368 970 ex
3400 917 3486 971 illa
3508 920 3705 988 quippe

2109 1002 2260 1049 ortus
2289 1004 2373 1051 est
2398 997 2591 1052 David.
2626 1000 2728 1055 Per
2751 1001 2864 1058 luce
2907 1005 3068 1074 igitur
3116 1009 3292 1061 omnia
3343 1011 3544 1078 pudore
3585 1012 3705 1067 illos

2108 1083 2366 1154 afficiens,
2396 1089 2734 1162 suadensque
2762 1109 2828 1147 nc
2855 1095 3018 1150 altum
3042 1108 3309 1167 saperent,
3337 1103 3701 1172 genealogiam

2109 1182 2296 1245 texuit,
2321 1181 2680 1252 mulieresque
2703 1185 2832 1240 istas
2854 1188 2906 1241 in
2936 1190 3173 1245 medium
3203 1194 3442 1260 protulit.
3487 1195 3699 1249 Etenim

2107 1283 2358 1336 magnum
2381 1271 2466 1326 illa
2499 1290 2680 1344 regem
2710 1293 2804 1346 per
2833 1289 3055 1357 nepotes
3085 1285 3307 1354 genuit;
3340 1302 3512 1356 neque
3539 1303 3598 1342 ea
3634 1289 3701 1343 de

2105 1373 2164 1414 re
2192 1361 2459 1418 erubescit
2489 1365 2674 1422 David.

2164 1525 2405 1597 Nequitia
2431 1537 2696 1597 parentum
2723 1545 2822 1583 non
2850 1537 2994 1585 nocet
3027 1532 3236 1600 probis:
3260 1544 3530 1596 parentum
3557 1554 3683 1607 pro-

2089 1617 2217 1672 bitas
2262 1636 2366 1673 non
2400 1620 2602 1688 prodest
2629 1621 2889 1690 improbis.
2921 1653 2992 1662 —
3020 1622 3135 1678 Non
3165 1634 3340 1693 potest
3379 1628 3543 1692 enim,
3575 1645 3682 1684 non

2090 1719 2267 1778 potest
2287 1712 2472 1781 utique
2497 1712 2761 1783 quispiam
2791 1729 2857 1768 ex
2888 1715 3083 1772 virtute
3111 1727 3201 1771 aut
3223 1733 3284 1773 ex
3311 1719 3542 1790 nequitia
3571 1737 3683 1774 ma-

2084 1801 2260 1873 jorum
2304 1813 2395 1857 aut
2433 1807 2628 1874 probus
2665 1815 2756 1860 aut
2790 1807 3064 1879 improbus
3105 1825 3244 1875 esse,
3289 1819 3380 1866 aut
3419 1813 3683 1878 gloriosus

2088 1904 2180 1949 aut
2209 1896 2463 1965 inglorius
2493 1916 2506 1952 :
2538 1913 2723 1954 verum
2756 1901 2799 1955 si
2827 1901 2950 1970 quid
2989 1904 3179 1956 mirum
3223 1904 3366 1958 dictu
3401 1905 3679 1972 proferen-

2089 1986 2237 2053 dum,
2272 1987 2361 2042 ille
2402 1989 2590 2060 majori
2621 1992 2780 2061 fulget
2809 1993 3119 2062 splendore,
3143 1996 3231 2064 qui
3260 2011 3322 2050 ex
3368 2013 3471 2051 non
3500 1999 3680 2065 probis

2088 2077 2382 2144 majoribus
2420 2088 2590 2143 ortus,
2639 2081 2835 2149 probus
2880 2091 3056 2138 tamen
3103 2084 3323 2141 cllectus
3364 2095 3464 2142 est.
3510 2087 3678 2144 Nemo

2087 2167 2248 2237 igitur
2281 2169 2348 2223 de
2389 2171 2456 2226 iis
2495 2172 2661 2226 altmn
2705 2173 2897 2243 sapiat,
2949 2176 3042 2230 scd
3091 2179 3442 2238 consideratis
3471 2184 3678 2238 Domini

2086 2261 2537 2329 progenitoribus,
2568 2272 2734 2317 totum
2776 2265 2991 2334 abjiciat
3021 2275 3305 2335 tumorem,
3340 2282 3394 2325 et
3437 2273 3504 2328 de
3546 2277 3676 2331 solis

2085 2351 2254 2420 probe
2303 2354 2466 2422 gestis
2509 2353 2792 2422 glorietur;
2851 2359 2958 2410 imo
2997 2374 3096 2414 nec
3141 2360 3208 2415 de
3239 2363 3360 2418 illis.
3412 2365 3484 2419 lta
3534 2369 3675 2422 enim

2085 2442 2388 2500 Pharisaus
2434 2447 2720 2515 publicano
2760 2448 2984 2505 inferior
3016 2451 3129 2507 fuit.
3169 2455 3223 2509 Si
3262 2457 3341 2513 vis
3379 2460 3520 2514 enim
3566 2479 3678 2517 ma-

2083 2550 2246 2605 gnum
2297 2546 2553 2605 praestare
2599 2537 2824 2605 facinus,
2878 2557 2946 2596 ne
2990 2543 3154 2598 altum
3205 2548 3400 2616 sapias,
3450 2560 3504 2604 ct
3553 2559 3676 2605 tunc

2085 2627 2256 2696 majus
2297 2625 2504 2684 facinus
2537 2629 2826 2687 exhibuisti
2861 2651 2872 2687 :
2903 2650 2968 2688 ne
3006 2644 3163 2704 putes
3204 2648 3254 2692 te
3284 2640 3553 2710 quidpiam
3597 2645 3674 2698 fe-

2083 2719 2242 2786 cisse,
2274 2729 2326 2775 et
2355 2730 2479 2776 tunc
2507 2731 2673 2777 totum
2701 2724 2891 2779 fecisti.
2921 2726 2974 2781 Si
3011 2729 3151 2783 enim
3182 2733 3394 2800 quando
3427 2746 3673 2804 peccato-

2083 2823 2170 2864 res
2205 2824 2408 2874 sumus,
2451 2827 2572 2866 cum
2615 2829 2713 2868 nos
2748 2829 2868 2870 esse
2914 2827 3164 2886 putamus
3197 2821 3246 2874 id
3287 2824 3426 2890 quod
3463 2841 3670 2891 Stllnlls‘,

2078 2898 2207 2969 justi
2239 2900 2519 2968 efficimur,
2556 2914 2612 2958 ut
2642 2905 2956 2974 publicanus
2983 2909 3072 2964 ille
3097 2928 3109 2964 :
3134 2923 3332 2980 quanto
3355 2917 3522 2985 magis
3549 2933 3670 2972 cum

2079 2991 2207 3062 justi
2252 3007 2458 3060 sumus,
2492 3004 2546 3050 et
2577 3012 2672 3052 nos
2719 3011 2842 3053 esse
2871 3009 3178 3068 peccatores
3221 3005 3583 3061 arbitramur?
3615 3009 3672 3063 Si

2081 3083 2223 3137 enim
2253 3083 2526 3139 humiliter
2549 3102 2737 3156 sapere
2775 3105 2840 3143 cx
2883 3094 3252 3160 peccatoribus
3278 3094 3451 3162 justos
3486 3097 3669 3163 efficit,

2081 3174 2291 3230 etiamsi
2325 3176 2452 3232 illud
2485 3195 2590 3232 non
2618 3195 2744 3235 vere
2767 3180 3040 3237 humilitas
3069 3185 3158 3248 sit,
3186 3187 3280 3241 sed
3309 3188 3450 3254 justa
3483 3191 3670 3245 existi-

2080 3268 2245 3321 matio
2265 3268 2283 3299 ³
2315 3283 2327 3321 :
2359 3269 2404 3322 si
2431 3268 2591 3338 igitur
2625 3269 2740 3325 haec
2763 3271 2905 3341 justa
2937 3274 3262 3332 existimatio
3294 3287 3498 3334 tantum
3526 3281 3668 3335 vatct

2083 3355 2138 3409 in
2160 3355 2548 3424 peccatoribus,
2580 3356 2704 3423 quid
2727 3373 2830 3409 non
2855 3368 2974 3426 aget
3003 3360 3274 3412 humilitas
3301 3363 3352 3414 in
3376 3363 3534 3430 justis
3551 3365 3574 3412 ?
3595 3363 3671 3417 Ne

2082 3445 2242 3514 igitur
2271 3445 2479 3501 labores
2505 3456 2622 3500 tuos
2649 3448 2954 3512 labefactes,
2982 3465 3114 3504 neve
3134 3451 3386 3506 sudorum
3419 3454 3669 3506 meritum

2082 3535 2316 3604 auferas,
2365 3553 2433 3592 ne
2476 3553 2612 3594 vane
2657 3555 2842 3594 curras
2875 3549 2994 3609 post
3043 3542 3187 3596 mille
3221 3541 3446 3596 decursa
3500 3543 3668 3596 stadia

2077 3640 2292 3682 omnem
2331 3627 2612 3684 effundens
2642 3629 2900 3685 laborem.
2944 3631 3199 3688 Dominus
3240 3633 3383 3688 enim
3431 3634 3586 3703 longe
3618 3645 3668 3689 te

2075 3717 2264 3772 melius
2303 3720 2450 3773 novit
2483 3734 2644 3789 opera
2694 3731 2801 3774 tua.
2845 3720 2900 3776 Si
2936 3722 3022 3776 vel
3059 3733 3238 3791 potum
3278 3739 3430 3794 aqua:
3459 3724 3666 3794 frigida:

2075 3808 2327 3875 dederis,
2361 3824 2429 3866 ne
2480 3811 2611 3865 illud
2653 3811 2867 3881 quidem
2920 3813 3260 3883 deSpicitzsi
3317 3817 3400 3869 vel
3448 3817 3661 3871 obolum

2073 3899 2408 3968 profuderis,
2452 3901 2500 3955 si
2542 3902 2866 3972 ingemueris
2913 3914 3147 3973 tantum,
3194 3908 3370 3963 omnia
3412 3909 3500 3962 ille
3539 3925 3660 3963 cum

2073 4005 2261 4060 tnagna
2310 3991 2679 4048 benevolentia
2727 3997 2937 4064 recipit,
2987 3997 3176 4052 horum
3226 4002 3559 4069 recordatur,
3606 4013 3660 4057 et

2070 4094 2259 4150 magna
2287 4079 2370 4135 his
2399 4082 2615 4150 praemia
2645 4083 2851 4138 definit.
2892 4085 3001 4139 Cur
3023 4095 3107 4139 tua
3136 4088 3404 4156 exploras,
3433 4099 3486 4143 et
3514 4106 3657 4160 srepe

2066 4171 2118 4224 in
2161 4172 2396 4228 medium
2434 4172 2633 4228 affers?
2672 4177 2753 4229 An
2780 4176 2954 4231 nescis
2987 4177 3032 4230 si
3072 4187 3121 4231 te
3159 4177 3364 4247 laudes,
3396 4179 3561 4234 Deum
3604 4191 3654 4237 Ic

2065 4276 2170 4316 non
2199 4262 2334 4317 ultra
2363 4263 2696 4318 laudaturum
2733 4267 2897 4321 esse?
2926 4268 3372 4338 quemadmodum
3417 4280 3472 4327 et
3512 4274 3556 4326 si
3601 4284 3652 4328 te

2066 4351 2322 4407 miserum
2349 4353 2517 4419 dicas,
2547 4371 2651 4409 non
2682 4367 3013 4413 cessaturum
3044 4369 3094 4416 te
3121 4362 3260 4430 apud
3293 4372 3483 4418 mimes
3515 4381 3652 4434 prae-

2060 4443 2281 4497 dicare?
2308 4445 2423 4499 Non
2457 4447 2566 4501 vult
2589 4448 2732 4501 enim
2759 4449 2970 4505 labores
3001 4463 3119 4507 tuos
3160 4455 3210 4506 in
3241 4455 3448 4510 minore
3477 4458 3648 4524 pretio

2061 4532 2264 4590 haberi.
2305 4538 2371 4592 Et
2395 4539 2518 4608 quid
2550 4540 2673 4594 dico
2709 4541 2760 4594 in
2804 4543 3009 4600 minore
3043 4548 3218 4616 pretio
3249 4549 3477 4603 haberi?
3507 4551 3646 4607 Nihil

2057 4641 2162 4678 non
2181 4628 2288 4695 agit
2308 4637 2360 4682 et
2393 4630 2628 4695 molitur,
2653 4640 2711 4685 ut
2730 4633 2809 4686 vel
2832 4649 2896 4688 ex
2922 4637 3097 4704 parvis
3119 4639 3322 4691 meritis
3347 4642 3640 4706 coroneris,

2057 4726 2110 4770 et
2138 4719 2325 4773 circuit
2353 4721 2664 4778 occasiones
2688 4740 2956 4794 qumrens,
2981 4730 3132 4796 queis
3155 4729 3326 4797 pOSsis
3346 4747 3374 4782 a
3401 4733 3641 4800 gehenna

2056 4809 2290 4866 liberari.

2124 4903 2177 4957 5.
2223 4903 2499 4960 Humilitas
2527 4909 2926 4962 commendatur.
2967 4910 3182 4966 Peccata
3207 4918 3482 4984 memerita,
3514 4919 3642 4972 bona

2105 5172 2121 5203 ¹
2159 5170 2213 5218 In
2236 5177 2415 5246 Graeco.
2434 5186 2694 5246 gme.
2723 5175 2938 5246 Anianus
2961 5183 3128 5239 vertit,
3142 5186 3390 5246 confessio,
3413 5205 3504 5237 non
3523 5206 3625 5238 ma-

2047 5231 2112 5291 le,
2136 5245 2228 5282 nec
2245 5241 2411 5282 contra
2431 5231 2750 5299 Chrysostomi
2777 5251 2996 5302 scopum,
3035 5231 3128 5306 qui
3145 5231 3240 5295 limi
3253 5231 3630 5311 '6iiii.i.i};”.'..'~§£n

2047 5306 2127 5378 hic
2151 5311 2417 5370 peccatoris
2448 5316 2863 5387 colliplitlctionctn
2888 5331 3002 5387 esse
3022 5335 3147 5387 vere
3170 5323 3506 5387 humilitatem,
3545 5334 3636 5381 sed

2046 5371 2115 5437 ait
2134 5384 2264 5428 esse.
2290 5371 2570 5442 ιρττεμμιτσηδνηνζ
2596 5375 2892 5439 probitatem,
2907 5380 3164 5442 justitiam,
3189 5371 3632 5441 instantem-idin}:

2048 5433 2236 5511 inuenit,
2269 5433 2639 5511 utdi‘slinguata
2661 5433 2941 5511 sanctorum
2959 5433 3262 5511 humilitate}
3289 5433 3632 5511 ιῡτνοέᾷέξζξξίξῖ-

2049 5492 2439 5601 ιυιιὶῌέίίέυωιόυ,
2461 5492 2651 5556 arat-mn
2674 5512 2904 5564 (mimum,
2931 5492 3124 5566 indicat,
3148 5492 3628 5577 quandoque

2053 5568 2139 5601 ΠΪΟ
2171 5567 2186 5601 ι
2209 5570 2235 5601 α
2260 5569 2346 5601 (Ὧι.

2051 5559 2346 5611 probiitth’ﬂt.
