4060 6156
343 5183 357 5197 ‘

396 188 464 242 57

390 309 546 360 Opera
571 291 806 348 oblivioni
837 292 1098 346 tradenda.
1130 291 1302 346 Penus
1317 308 1492 346 secura
1525 292 1678 360 probe
1696 299 1970 360 gestorum,

394 393 468 438 est
516 385 696 439 oblivio
741 382 1285 452 eorum—Ideoque
1336 382 1543 442 etiamsi
1585 382 1640 435 in
1692 380 1976 436 undecima

390 475 518 530 hora
556 476 660 531 diei
695 475 926 539 labores,
957 484 1120 529 totam
1147 474 1448 530 mercedem
1489 474 1723 538 tribuet;
1755 473 1974 528 Etiamsi

387 567 584 621 nullam
626 567 804 621 salutis
841 583 1019 619 ansam
1066 565 1266 630 habeas,
1315 567 1504 633 inquit,
1549 575 1748 636 prepter
1788 582 1866 617 me
1893 568 1975 634 fa-

385 658 538 722 ciam,
570 673 632 709 ne
653 673 832 710 nomen
856 671 1022 709 meum
1043 655 1334 724 profanetur
1359 654 1570 720 (Ezech.
1605 656 1692 709 '56.
1719 655 1808 708 29..
1837 657 1966 725 '52);

392 747 598 800 etiamsi
631 755 830 801 tantum
860 748 1144 817 gemueris,
1177 747 1260 800 vel
1287 747 1682 816 lacrymaveris,
1715 747 1828 802 ha-c
1864 759 1975 804 sta~

393 839 486 891 tim
528 837 614 892 ille
650 839 786 907 rapit
825 838 878 891 in
921 838 1255 892 occasionem
1286 837 1472 890 salutis
1514 848 1641 891 tute.
1682 838 1760 892 Ne
1797 837 1978 908 itaque

394 930 732 993 extollantur,
769 929 864 984 sed
905 944 1002 984 nos
1030 928 1272 982 dicamus
1306 928 1541 992 inutiles,
1584 937 1642 984 ut
1682 929 1836 984 utiles
1865 932 1976 986 efﬁ-

392 1023 617 1076 ciamur.
642 1021 773 1075 Nam
800 1023 843 1077 si
878 1031 927 1076 te
948 1021 1264 1076 laudabilem
1287 1008 1517 1088 dixeris,
1547 1022 1749 1079 inutilis
1772 1023 1970 1092 evadis,

393 1116 602 1169 etiamsi
649 1116 929 1170 laudabilis
970 1132 1095 1169 vere
1125 1115 1308 1170 fueris.
1351 1117 1406 1171 Si
1449 1126 1501 1171 te
1539 1117 1780 1173 inutilem
1807 1117 1975 1185 dicas,

393 1207 538 1259 utilis
593 1207 795 1271 evadis,
849 1206 1058 1258 etian'isi
1118 1205 1498 1273 improbandus
1545 1205 1728 1261 fueris.
1776 1206 1976 1274 Quam-

391 1297 575 1350 obrem
615 1296 916 1350 necessaria
958 1297 1113 1350 nobis
1141 1305 1224 1350 est
1249 1297 1413 1364 probe
1456 1307 1728 1366 gestorum
1755 1298 1976 1354 oblivio.

390 1386 458 1440 Et
500 1386 770 1454 quomodo
819 1400 1123 1455 possumus,
1167 1387 1394 1455 inquies,
1437 1403 1556 1456 qua:
1604 1403 1728 1442 vere
1779 1390 1979 1445 scimus

388 1476 635 1546 ignorare
655 1476 678 1529 ?
694 1475 829 1544 Quid
847 1476 1018 1530 dicis?
1037 1492 1157 1529 cum
1179 1476 1390 1530 assidue
1408 1476 1648 1530 oll’endas
1673 1478 1976 1548 Dominum,

391 1567 661 1621 deliciaris
688 1577 743 1622 et
770 1567 933 1629 rides,
978 1583 1041 1622 ac
1068 1583 1242 1638 neque
1281 1568 1386 1622 scis
1423 1578 1474 1623 te
1519 1584 1792 1638 peccasse,
1820 1582 1979 1643 atque

392 1661 572 1714 orunia
616 1660 870 1714 oblivioni
918 1659 1128 1714 tradis:
1163 1660 1328 1728 probe
1375 1672 1646 1728 gestorum
1693 1677 1821 1716 vero
1871 1679 1976 1717 non

391 1764 544 1823 potes
570 1754 882 1823 memoriam
920 1753 1186 1821 abjicere?
1217 1753 1436 1807 Etiamsi
1466 1753 1872 1809 vehementiore
1911 1756 1980 1810 sit

388 1861 522 1916 opus
549 1846 760 1900 timore.
792 1845 900 1899 Nos
925 1854 1137 1912 contra,
1167 1861 1290 1899 cum
1327 1846 1564 1914 quotidie
1591 1860 1891 1914 peccemus,
1928 1849 1976 1901 id

389 1955 460 1994 ne
508 1939 561 1993 in
607 1947 784 1992 mente
823 1937 1038 2008 quidem
1078 1939 1401 2002 retinemus;
1449 1939 1493 1991 si
1543 1952 1670 1991 vero
1719 1939 1977 1992 tantillum

394 2031 636 2102 pecuniae
664 2031 879 2099 pauperi
912 2030 1121 2093 demus,
1164 2030 1294 2082 illud
1325 2043 1415 2083 sus
1453 2030 1626 2094 deque
1655 2023 1932 2084 versamus
1960 2047 1976 2085 :

390 2121 439 2175 id
477 2121 614 2191 quod
645 2131 898 2175 extremre
928 2131 1008 2174 est
1036 2121 1373 2189 insipientiam
1403 2121 1797 2186 maximumque
1827 2123 1979 2176 colli-

388 2211 562 2278 gentis
587 2211 983 2265 detrimentum.
1017 2210 1193 2264 Penus
1218 2211 1359 2264 enim
1391 2225 1576 2264 secura
1604 2211 1770 2280 probe
1796 2222 1970 2283 gesto-

390 2319 528 2369 rum,
577 2313 659 2358 est
709 2303 906 2356 oblivio
970 2317 1178 2355 eorum.
1216 2305 1316 2379 ’Ac
1359 2303 1806 2370 quemadmodum
1856 2319 1976 2359 eum

389 2393 712 2448 vestimenta
741 2403 792 2446 et
823 2407 1010 2445 anrmn
1052 2393 1104 2445 in
1134 2394 1246 2446 foro
1267 2392 1570 2464 pandimus,
1602 2394 1799 2448 multos
1824 2395 1980 2450 nobis

391 2483 736 2538 insidiatores
783 2497 1066 2552 paramus,
1106 2483 1149 2536 si
1195 2498 1323 2537 vero
1365 2482 1509 2536 domi
1550 2482 1976 2552 deponamusct

394 2576 745 2641 occultemus,
785 2575 836 2626 in
865 2583 976 2626 tuto
1007 2575 1184 2626 omnia
1226 2573 1551 2628 collocamus
1581 2591 1594 2628 :
1623 2573 1692 2627 ita
1740 2584 1792 2629 et
1836 2580 1980 2630 recte

392 2667 550 2731 facta,
583 2666 626 2720 si
659 2666 965 2736 frequenter
994 2665 1046 2719 in
1098 2664 1352 2718 memoria
1381 2665 1836 2729 circumferamus,
1883 2668 1981 2718 Ilu-

391 2759 594 2812 minum
624 2759 688 2811 ad
717 2758 848 2810 iram
879 2757 1231 2820 concitamus,
1261 2755 1574 2825 hostemque
1601 2771 1891 2821 armamus,
1924 2768 1977 2810 et

392 2850 458 2905 ad
492 2850 686 2903 furtum
715 2849 1030 2914 iuvitamus;
1058 2848 1138 2902 sin
1171 2864 1298 2901 vero
1339 2863 1494 2901 nemo
1523 2848 1574 2901 id
1605 2849 1806 2912 scierit,
1843 2867 1974 2917 pra:-

393 2955 473 2995 ter
496 2956 618 2994 eum
655 2955 813 3010 quem
845 2940 1016 2993 solum
1048 2939 1162 2992 haec
1198 2953 1354 2992 nosse
1385 2947 1610 3006 oportet.
1645 2940 1696 2991 in
1743 2949 1854 2992 tuto
1897 2941 1978 2992 illa

410 3033 589 3080 erunt.
627 3022 704 3078 Ne
761 3027 940 3094 itaque
979 3026 1066 3080 illa
1128 3027 1438 3092 frequenter
1487 3039 1691 3084 verses,
1745 3040 1808 3076 ne
1853 3023 1977 3091 quis

411 3114 502 3167 illa
547 3114 813 3183 diripiat;
851 3115 902 3168 id
920 3115 1065 3184 quod
1089 3114 1367 3168 Pharisaao
1423 3113 1638 3172 accidit,
1668 3113 1758 3180 qui
1796 3112 1886 3164 illa
1924 3112 1977 3164 in

391 3209 490 3249 ore
521 3192 764 3249 ferebat:
793 3206 1118 3266 quapropter
1153 3212 1216 3252 ea
1260 3195 1374 3266 ipsa
1415 3197 1660 3251 diabolus
1703 3196 1973 3265 abripuit;

391 3285 602 3339 etiamsi
630 3301 750 3340 cum
788 3289 1076 3356 gratiarum
1116 3287 1360 3342 actione’
1393 3287 1482 3340 illa
1511 3296 1978 3351 commemoraret,

311 3361 321 3371 ’
393 3378 678 3448 ottiniaque
707 3378 935 3435 referret
962 3380 1092 3434 De’o.
1116 3379 1313 3434 Verum
1346 3379 1447 3434 hoc
1473 3395 1576 3432 non
1605 3380 1734 3433 satis
1764 3379 1836 3433 illi
1863 3378 1978 3433 fuit.

390 3477 507 3530 Non
557 3480 698 3533 enim
744 3481 1030 3550 gratiarum
1079 3479 1306 3533 actionis
1346 3487 1428 3532 est
1475 3478 1607 3530 alios
1655 3477 1978 3547 vituperare,

392 3569 492 3621 sibi
525 3585 588 3622 ex
622 3571 860 3636 plurimis
889 3571 1111 3638 gloriam
1149 3583 1411 3637 quaerere,
1461 3577 1515 3620 et
1542 3577 1726 3621 contra
1755 3581 1982 3634 peccan-

393 3667 476 3713 tes
522 3655 722 3714 efferri.
767 3660 824 3713 Si
872 3660 1014 3713 enim
1045 3659 1242 3728 gratias
1286 3658 1397 3710 Deo
1444 3658 1578 3726 agis,
1619 3656 1717 3709 hac
1761 3658 1871 3709 sola
1924 3670 1980 3709 re

391 3758 674 3805 contentus
718 3758 854 3814 esto,
903 3761 956 3804 et
996 3765 1062 3805 ne
1094 3749 1146 3802 id
1193 3748 1397 3803 referas
1439 3747 1764 3810 hominibus,
1809 3763 1980 3815 neque

388 3844 648 3914 judicium
697 3844 835 3898 feras
861 3844 927 3899 de
957 3843 1200 3914 proximo
1230 3861 1241 3896 :
1276 3843 1327 3897 id
1367 3842 1506 3897 enim
1535 3859 1639 3897 non
1671 3853 1753 3897 est
1781 3844 1978 3910 gratia-

391 3952 509 3989 rum
536 3938 777 3992 actionis.
812 3938 866 3992 Si
913 3939 1204 4009 gratiarum
1250 3937 1476 3991 actionis
1506 3937 1720 3990 modum
1758 3939 1836 3990 vis
1867 3936 1980 3989 edi-

392 4042 564 4091 scere,
595 4027 715 4082 audi
743 4037 852 4084 tres
877 4045 1071 4099 pueros
1096 4029 1334 4083 dicentes
1367 4046 1378 4082 :
1415 4027 1761 4094 Peccavimus,
1794 4029 1980 4096 injuste

391 4122 582 4189 egimus
621 4137 639 4174 .'
659 4123 831 4191 justus
875 4139 948 4188 es,
1000 4121 1246 4186 Domine,
1292 4123 1344 4174 in
1383 4122 1612 4174 onmibns
1664 4136 1777 4191 qua:
1816 4120 1981 4188 fecisti

390 4212 554 4272 nobis,
584 4212 704 4282 quia
742 4213 794 4264 in
843 4229 957 4265 vero
991 4213 1192 4281 judicio
1240 4212 1410 4266 omnia
1457 4213 1704 4266 induxisti
1731 4211 1890 4282 (Dan.
1920 4213 1974 4266 5.

390 4301 478 4356 9-9.
511 4301 601 4354 27.
631 4302 744 4371 5|).
773 4303 994 4370 Propria
1023 4305 1162 4356 enim
1193 4313 1402 4372 peccata
1444 4304 1708 4366 conﬁteri,
1743 4304 1864 4356 illud
1896 4312 1978 4357 est

388 4391 586 4457 gratias
615 4407 770 4462 agere
803 4391 910 4445 Deo
951 4392 1316 4456 conﬁtentem,
1345 4393 1432 4462 qui
1461 4393 1696 4448 declarat
1728 4408 1786 4448 se
1819 4395 1976 4447 innu-

389 4484 552 4537 meris
596 4484 886 4537 obnoxium
930 4498 1050 4537 esse
1099 4485 1349 4552 peccatis,
1400 4501 1500 4538 nec
1543 4485 1721 4540 subire
1764 4501 1974 4554 pinnam

389 4589 677 4629 recusare:
709 4575 795 4628 hic
833 4575 1070 4628 omnium
1103 4577 1330 4629 maxime
1372 4577 1569 4646 gratias
1613 4577 1737 4645 agit.
1769 4577 1974 4630 Carea-

389 4683 510 4722 mns
541 4669 698 4738 igitur
727 4685 794 4724 ne
824 4669 888 4723 ad
919 4669 1126 4722 laudem
1163 4679 1396 4723 nostram
1426 4670 1548 4740 quid
1575 4670 1856 4740 loquamur
1885 4688 1898 4722 :
1925 4672 1975 4725 id

389 4762 531 4814 enim
579 4777 676 4815 nos
704 4773 758 4816 e1
802 4763 1108 4817 hominibus
1146 4763 1362 4817 odiosus
1400 4774 1454 4817 et
1483 4763 1593 4817 Deo
1619 4765 1978 4819 exsecrandos

389 4855 580 4908 reddit.
620 4854 823 4910 Idcirco
861 4871 967 4925 quo
994 4857 1193 4922 majora
1227 4857 1528 4919 fecerimus,
1575 4872 1640 4911 eo
1673 4857 1876 4910 minora
1909 4859 1975 4912 de

362 4946 542 5043 :nobis
567 4946 839 5011 dicamus;
871 4948 937 5000 ita
968 4950 1110 5002 enim
1148 4964 1390 5019 magnam
1437 4962 1826 5014 consequemur
1856 4948 1974 5016 glo-

356 5039 520 5150 3friam
548 5055 667 5093 cum
699 5039 839 5108 apud
882 5039 1152 5104 homines,
1178 5051 1286 5094 tum
1329 5040 1465 5108 apud
1498 5040 1684 5104 Deum,
1720 5041 1827 5093 imo
1869 5057 1972 5095 non

624 5131 834 5150 _.__.-___
865 5130 999 5150 ______.
1028 5131 1065 5150 η
1161 5147 1186 5150 ,,
1251 5146 1299 5150 ,,
1322 5131 1338 5150 ι
1772 5135 1921 5150 _

357 5130 590 5200 itantum
620 5131 840 5199 gloriam
863 5130 1001 5199 apud
1028 5131 1214 5195 Deum,
1247 5131 1339 5186 sed
1373 5146 1614 5200 magnam
1648 5135 1971 5188 mercedem.

355 5201 464 5273 {Ne
506 5221 661 5290 igitur
691 5222 993 5276 mercedem
1031 5223 1230 5292 exigas,
1279 5230 1338 5277 ut
1379 5221 1682 5277 mercedem
1725 5224 1972 5292 recipias.

385 5299 658 5358 tiquﬁlere
681 5309 730 5352 te
749 5315 846 5368 per
863 5303 1092 5370 gratiam
1115 5303 1346 5357 salutem
1367 5307 1648 5375 consequi,
1672 5315 1731 5360 ut
1754 5307 1964 5362 tibi‘ille

458 5511 477 5542 ί
507 5513 656 5562 Morel
670 5552 676 5560 .
689 5551 701 5573 ,
730 5526 836 5566 cum
860 5512 1057 5580 gaudio.

1078 193 1134 248 S.
1175 191 1458 249 JOANNIS
1496 191 1985 250 CllRYSOSTOMl
2026 195 2342 253 ARCHIEP.
2383 195 2925 254 CONSTANTINOP.

3572 183 3642 235 33

2073 314 2134 355 se
2169 299 2463 354 debitorem
2507 314 2633 369 esse
2671 300 3008 363 conﬁteatur,
3051 313 3157 353 non
3201 299 3271 354 ob
3298 299 3464 370 probe
3506 316 3656 372 geSta

2075 401 2298 456 tantum,
2347 390 2440 446 sed
2488 390 2558 445 ob
2593 399 2802 460 gratum
2844 389 3080 444 animum
3123 399 3292 444 tuum.
3333 390 3468 445 Cum
3513 396 3660 448 enim

2073 494 2220 538 recte
2266 499 2571 554 operantur,
2617 483 2870 554 operibus
2899 492 3099 535 tantum
3141 481 3440 537 debitorem
3484 483 3655 554 ipsum

2075 575 2333 629 habemus
2359 591 2372 634 ;
2397 591 2514 628 cum
2544 590 2651 629 non.
2671 583 2920 646 putamus
2941 588 3038 627 nos
3057 573 3251 644 aliquid
3273 583 3419 629 recte
3444 575 3651 644 iccissv.

2075 681 2172 735 pro
2211 666 2301 718 illo
2332 666 2447 733 ipso
2472 664 2664 718 affectu
2695 664 2863 734 magis
2893 679 3051 732 quam
3095 679 3194 732 pro
3220 665 3477 734 operibus
3504 665 3652 720 debi-

2077 764 2243 808 torem
2275 755 2532 808 habemus
2557 772 2570 809 :
2595 756 2666 808 ita
2711 765 2766 806 ut
2805 753 2856 808 id
2893 754 3022 823 ipsis
3049 755 3118 806 sit
3142 755 3397 823 operibus
3421 757 3657 827 mquipa-

2074 849 2320 902 randum.
2367 847 2425 901 Si
2477 849 2577 902 hoc
2617 847 2759 901 enim
2809 863 2913 900 non
2966 846 3142 913 adsit,
3191 847 3279 900 illa
3331 862 3492 916 opera
3550 865 3658 904 non

2076 955 2267 1010 magna
2313 940 2650 994 videbuntur.
2709 938 2982 1010 Siquidem
3025 949 3080 993 et
3135 954 3235 993 nos
3277 955 3490 1010 quoque
3539 952 3663 998 tunc

2077 1032 2306 1086 maxime
2342 1031 2566 1085 famulos
2611 1042 2824 1085 nostros
2867 1039 3113 1100 acceptos
3140 1029 3418 1096 habemus,
3446 1033 3663 1101 quando

2074 1124 2252 1176 omnia
2278 1137 2397 1176 cum
2425 1122 2793 1177 benevolentia
2821 1130 3056 1192 agentes,
3082 1119 3212 1176 nihil
3238 1136 3298 1176 se
3318 1122 3496 1193 magni
3529 1139 3664 1195 prte-

2075 1214 2274 1268 sﬁtisse
2301 1223 2506 1284 putant.
2833 1198 2840 1205 ’

2148 1379 2200 1432 Η
2206 1380 2428 1434 nmilitas
2452 1381 2831 1436 commendatur
2855 1392 2910 1448 ut
2929 1384 3091 1438 omnis
3113 1384 3448 1456 philosophice
3472 1389 3660 1456 princi-

2074 1471 2235 1542 pium.
2258 1503 2331 1512 —
2360 1471 2539 1543 Itaque
2567 1473 2614 1527 si
2641 1475 2718 1528 vis
2744 1490 2904 1544 Opera
2933 1486 3017 1530 tua
3041 1476 3176 1532 bona
3207 1494 3394 1548 magna
3421 1495 3563 1547 esse,
3590 1498 3660 1536 ne

2075 1579 2263 1634 magna
2292 1578 2410 1618 esse
2435 1575 2606 1634 putes,
2635 1577 2863 1635 tuncque
2890 1582 3076 1637 magna
3103 1577 3276 1622 erunt.
3307 1569 3393 1623 Sic
3419 1575 3661 1625 centurio

2075 1644 2284 1731 dicebat
2305 1695 2320 1719 ,
2357 1655 2475 1709 Non
2503 1673 2616 1709 sum
2645 1657 2829 1727 dignus
2864 1667 2916 1710 nt
2953 1658 3107 1711 intres
3141 1661 3233 1713 sub
3271 1671 3456 1713 tectum
3496 1679 3662 1715 meum

2079 1744 2286 1813 (Matth.
2313 1745 2367 1801 8.
2397 1743 2487 1815 8);
2525 1745 2747 1814 ideoque
2785 1746 2975 1814 dignus
3013 1747 3145 1811 fuit,
3179 1764 3444 1818 Supra-lue
3472 1767 3660 1807 omnes

2073 1835 2287 1890 Jttdmos
2315 1837 2590 1890 mirabilis.
2623 1839 2695 1891 Ita
2723 1847 2778 1892 et
2801 1838 2992 1892 Paulus
3020 1841 3095 1893 ait
3121 1859 3132 1892 :
3164 1840 3285 1894 Non
3327 1860 3438 1896 sum
3477 1845 3661 1913 dignus

2075 1930 2242 1982 vocari
2266 1931 2525 2000 apostolus
2553 1932 2627 2002 (l.
2662 1931 2779 1984 Cor.
2811 1933 2895 1985 15.
2928 1932 3017 2002 9).
3053 1933 3281 2002 Ideoque
3313 1936 3514 2004 primus
3538 1953 3656 1990 om-

2075 2019 2219 2072 nium
2259 2020 2480 2074 effectus
2518 2031 2616 2073 est.
2660 2020 2747 2074 Sic
2778 2030 2830 2074 et
2853 2020 3125 2076 Joannes:
3161 2023 3280 2076 Non
3320 2042 3431 2078 sum
3479 2029 3660 2096 dignus

2073 2111 2264 2164 solvere
2309 2113 2576 2181 corrigiam
2621 2113 2943 2166 calceamenti
2991 2115 3100 2184 ejus
3149 2113 3354 2186 (Marc.
3407 2119 3458 2170 1.
3511 2120 3562 2172 7.
3611 2129 3658 2172 et

2080 2201 2268 2257 Matth.
2302 2202 2356 2256 5.
2389 2203 2498 2272 ll).
2525 2203 2646 2257 ldeo
2673 2214 2726 2258 et
2751 2204 2954 2257 amicus
2977 2206 3158 2272 sponsi
3183 2217 3297 2259 erat
3319 2246 3334 2271 ,
3365 2216 3419 2261 et
3444 2224 3658 2264 manum

2076 2293 2244 2357 illam,
2271 2309 2427 2362 quam
2459 2293 2725 2363 indignam
2751 2294 3124 2348 calceamentis
3154 2295 3389 2364 putabat,
3417 2297 3662 2352 Christus

2076 2400 2232 2454 supra
2257 2382 2416 2454 caput
2441 2401 2594 2439 suum
2623 2387 2855 2440 attraxit.
2886 2385 2975 2441 Sic
3003 2397 3055 2440 et
3084 2388 3273 2442 Petrus
3293 2388 3500 2443 dicebat
3526 2411 3537 2443 :
3565 2391 3664 2446 Exi

2078 2492 2110 2529 a
2148 2493 2227 2530 me
2250 2517 2264 2542 ,
2305 2477 2423 2546 quia
2463 2477 2612 2530 homo
2651 2488 2882 2546 peccator
2911 2494 3022 2531 sum
3051 2476 3215 2547 (Luc.
3241 2479 3293 2533 5.
3330 2479 3415 2548 8).
3464 2481 3664 2537 Idcirco

2082 2588 2483 2641 fundamentum
2517 2581 2769 2635 Ecclesia.-
2796 2581 2963 2633 factus
2983 2587 3085 2634 est.
3115 2577 3254 2632 Nihil
3279 2577 3420 2632 enim
3451 2576 3519 2627 ita
3553 2575 3662 2628 Deo

2081 2686 2290 2748 gratum
2318 2683 2420 2737 est,
2453 2688 2608 2741 quam
2634 2671 2676 2724 si
2709 2670 2826 2738 quis
2853 2685 2910 2723 se
2931 2685 3050 2722 cum
3075 2668 3272 2721 ultimis
3297 2665 3663 2735 peccatoribus

2086 2773 2346 2821 numeret.
2381 2763 2492 2817 Hoc
2519 2761 2691 2816 omnis
2717 2759 3066 2830 philosophia:
3096 2758 3410 2829 principium
3438 2763 3538 2809 est.
3561 2753 3662 2820 Qui

2081 2863 2223 2916 enim
2250 2858 2465 2914 humilis
2493 2866 2548 2912 ct
2572 2856 2830 2911 centrilus
2852 2866 2955 2919 est,
2982 2869 3084 2906 non
3116 2851 3256 2906 inani
3283 2850 3448 2920 gloria
3477 2847 3664 2901 effere-

2083 2963 2187 3017 tur,
2216 2967 2318 3005 non
2350 2951 2624 3012 irascetur,
2655 2964 2762 3001 non
2797 2945 3034 3016 proximo
3062 2943 3350 3006 invidebit,
3381 2957 3487 2993 non
3519 2938 3660 2992 aliud

2080 3045 2348 3117 quidpiam
2390 3042 2502 3095 vitii
2541 3041 2803 3094 admittet.
2849 3039 3028 3108 Neque
3065 3037 3207 3089 enim
3236 3033 3516 3088 contritam
3549 3045 3661 3082 ma-

2080 3153 2226 3199 num,
2257 3135 2595 3204 quantumvis
2639 3131 3022 3186 contendamus
3044 3169 3059 3194 ,
3106 3142 3388 3198 possumus
3416 3127 3465 3178 in
3495 3124 3658 3176 altum

2077 3229 2288 3284 efferre.
2334 3228 2389 3284 Si
2435 3227 2612 3296 itaque
2652 3227 2730 3281 sic
2771 3225 3002 3277 animam
3044 3233 3412 3282 eonteramus,
3451 3217 3662 3272 etiamsi

2078 3323 2253 3376 cordis
2276 3320 2498 3375 affectus
2527 3319 2790 3374 innumeri
2819 3319 2962 3372 illam
2988 3316 3171 3372 inflare
3191 3326 3243 3371 et
3263 3315 3524 3369 extollere
3547 3323 3661 3366 teu-

2078 3426 2210 3482 tent,
2232 3432 2296 3470 ne
2313 3415 2396 3468 vel
2425 3414 2702 3467 mininuun
2733 3412 2926 3482 poterit
2951 3411 3100 3481 erigi.
3127 3410 3182 3466 Si
3209 3409 3350 3464 enim
3378 3409 3464 3478 qui
3493 3422 3658 3460 szccu-

2079 3507 2204 3560 Iaria
2248 3506 2440 3559 damna
2482 3505 2763 3574 deplorat,
2791 3518 2977 3557 omnes
3006 3518 3036 3554 a
3069 3516 3126 3554 se
3158 3503 3301 3569 fugat
3327 3503 3517 3552 aniuue
3550 3500 3662 3550 latt-

2077 3613 2270 3670 guores
2300 3615 2313 3651 :
2345 3596 2512 3650 multo
2535 3595 2702 3663 magis
2729 3594 2818 3648 ille
2838 3593 2923 3661 qui
2949 3607 3044 3661 pro
3070 3592 3298 3659 peccatis
3325 3591 3372 3642 id
3396 3592 3525 3658 agit,
3548 3591 3661 3658 phi-

2078 3689 2317 3758 losophia
2360 3688 2611 3756 potietur.
2659 3685 2726 3738 Et
2769 3686 2888 3754 quis
2928 3683 2996 3736 ita
3041 3681 3265 3752 poterit,
3301 3681 3535 3749 inquies.
3567 3697 3662 3734 cor

2077 3799 2230 3838 suum
2258 3780 2575 3837 conterere?
2614 3778 2751 3833 Audi
2797 3776 3081 3840 Davitlem,
3123 3774 3211 3845 qui
3253 3775 3348 3827 hac
3394 3773 3459 3827 de
3500 3788 3659 3828 causa

2078 3876 2306 3929 maxime
2336 3872 2643 3943 splendidus
2673 3871 2786 3935 fuit,
2817 3877 2870 3923 et
2895 3868 3015 3922 vide
3040 3867 3154 3936 ejus
3186 3865 3345 3919 animi
3375 3865 3656 3919 contritio-

2079 3983 2221 4022 nem.
2251 3967 2378 4021 Post
2408 3966 2682 4019 innumera
2717 3962 2971 4032 prmclare
2997 3970 3141 4030 gesta
3162 4000 3178 4024 ,
3207 3974 3326 4012 cum
3361 3959 3658 4027 proximum

2079 4067 2219 4110 esset
2245 4066 2300 4109 ut
2323 4054 2514 4124 patria,
2543 4053 2704 4107 domo
2733 4060 2787 4105 et
2816 4052 2926 4121 ipsa
2958 4051 3061 4103 vita
3089 4049 3392 4113 excideret,
3428 4049 3541 4117 ipso
3567 4063 3658 4101 ca-

2079 4147 2324 4200 lamitatis
2350 4155 2608 4214 tempore,
2637 4144 2792 4197 vilem
2823 4143 3195 4211 abjcctumque
3225 4141 3444 4193 militem
3477 4139 3662 4193 videns

2077 4238 2415 4292 insultantem
2453 4236 2549 4292 sibi
2578 4246 2632 4291 et
2659 4235 3044 4290 conviciantetu
3070 4274 3085 4299 ,
3134 4247 3236 4285 non
3276 4233 3447 4285 solum
3490 4233 3658 4285 vicem

2078 4345 2183 4382 non
2214 4327 2480 4390 reddidit,
2523 4327 2615 4381 sed
2643 4326 2801 4380 etiam
2831 4327 3017 4378 ducem
3050 4324 3348 4393 quempiam
3382 4323 3552 4390 ipsum
3581 4323 3661 4376 in-

2078 4421 2324 4475 terimere
2345 4421 2607 4474 volentem
2636 4417 2926 4488 impedivit,
2955 4417 3137 4470 dicens
3163 4435 3175 4470 :
3208 4415 3456 4468 Dimittitc
3480 4415 3620 4468 illum
3641 4458 3657 4482 ,

2075 4511 2194 4580 quia
2220 4511 2468 4563 Dominus
2495 4509 2750 4561 mandavit
2786 4509 2831 4561 ei
2858 4510 2873 4575 (
2896 4507 2950 4560 2.
2981 4506 3104 4577 Reg.
3136 4506 3224 4560 16.
3252 4507 3308 4560 il
3427 4505 3657 4558 Rursum

2076 4601 2437 4656 sacerdotibus
2466 4600 2790 4670 rogantibus.
2823 4599 3006 4652 liceret
3047 4597 3145 4651 sibi
3187 4613 3306 4649 cum
3353 4597 3442 4648 illo
3480 4612 3657 4650 arcam

2075 4693 2421 4747 circumferre
2441 4735 2455 4756 ,
2489 4693 2536 4746 id
2568 4709 2671 4745 non
2706 4705 2892 4760 passus
2922 4701 3004 4744 est
3033 4706 3046 4741 :
3071 4688 3162 4742 sed
3190 4689 3312 4757 qttid
3336 4689 3448 4741 ait?
3491 4689 3662 4742 licduc

2072 4801 2242 4836 arcam
2268 4783 2471 4836 Domini
2495 4784 2546 4836 in
2575 4783 2847 4846 civitatem,
2879 4791 2924 4834 et
2949 4789 3040 4831 stet
3065 4780 3114 4830 iu
3144 4780 3253 4831 loco
3288 4796 3398 4832 suo.
3433 4780 3492 4833 Si
3519 4781 3659 4830 inve-

2075 4895 2192 4930 nero
2213 4878 2430 4947 gratiam
2451 4878 2500 4928 in
2517 4887 2785 4945 conspectu
2812 4874 3034 4934 Domini,
3052 4883 3095 4925 et
3118 4873 3396 4928 liberaverit
3420 4891 3496 4927 mc
3525 4873 3662 4927 Dens

2073 4969 2134 5022 de
2158 4969 2458 5022 instantibus
2491 4968 2637 5021 malis
2657 4970 2694 5032 ¹,
2725 4966 2898 5018 videbo
2932 4966 3161 5019 decorem
3187 4966 3328 5033 ejus;
3370 4967 3445 5019 sin
3478 4965 3662 5018 dixerit

2134 5192 2145 5219 ι
2180 5187 2266 5234 llic
2291 5186 2551 5234 admodum
2576 5185 2762 5233 variant
2780 5183 3102 5251 exemplaria.
3127 5184 3254 5251 Savil
3301 5189 3351 5251 et
3375 5183 3542 5251 Morel.
3561 5185 3648 5251 ινιτ

2070 5251 2193 5298 bent
2218 5256 2267 5295 ut
2295 5263 2342 5294 In
2366 5255 2505 5295 textu
2535 5262 2542 5292 :
2569 5249 3030 5307 ntannscriptivero
3054 5248 3194 5307 multi
3223 5245 3426 5307 t‘oditjcs
3451 5245 3538 5300 sic,
3563 5245 3648 5307 sed

2070 5311 2204 5360 stabo
2227 5309 2274 5357 in
2295 5311 2490 5369 templo,
2510 5313 2556 5357 et
2577 5307 2618 5357 si
2643 5305 2930 5369 liberaverit
2961 5321 3034 5356 me
3069 5307 3130 5354 de
3175 5305 3458 5369 instantibus
3481 5306 3640 5354 ntalis.

2075 5373 2215 5426 (tltee
2240 5378 2338 5435 est_
2367 5365 2518 5418 lectio
2557 5371 2735 5435 Graeca
2758 5370 2836 5417 ed.
2881 5368 3026 5435 lfiehl
3069 5381 3214 5435 quam
3267 5365 3642 5435 exscripsimus.

2077 5436 2191 5483 Ιίυιτ
2221 5430 2470 5500 )Anianus
2490 5430 2735 5500 ve_ro,_sed
2759 5436 2866 5500 stet,
2895 5427 3066 5500 inquit,
3089 5427 3136 5477 in
3163 5428 3340 5500 {erupto
3361 5441 3377 5476 :
3397 5427 3650 5500 pisi-libe-

2073 5487 2249 5546 raverit
2274 5507 2348 5543 me
2386 5496 2508 5542 Intus
2531 5495 2590 5544 de
2617 5487 2918 5543 instantibus
2941 5487 3103 5548 malis,
3130 5487 3299 5538 videbo
3324 5487 3650 5550 pulchritudi-

2076 5569 2179 5608 nen
2206 5569 2329 5620 απυδ,
2357 5563 2454 5603 etc.
