4060 6156
395 251 464 309 59
1113 247 1173 306 8.
1209 247 1490 308 JOANNIS
1525 249 2000 308 CIIRYSOSTOMI
2037 250 2354 308 ARCHIEP.
2395 252 2925 313 GONSTANTINOP.
3613 265 3683 322 ιο

410 358 610 426 αὐτῆς
627 375 642 389 ο
677 357 754 412 ἂν
772 356 840 410 δὲ
861 356 1131 425 είπῃμοι,
1171 357 1252 409 Οὐ
1275 354 1564 421 τεθέληκα
1587 368 1680 416 σε,
1704 352 1833 405 ίδοὺ
1854 353 1990 422 ἐγὼ,

421 451 654 503 ποιείτω
668 466 770 520 μοι
795 446 1152 518 τὸξάρεστόν
1178 444 1433 500 ἐνώπιον
1452 445 1657 499 αὐτοῦ.
1695 444 1768 497 Τὸ
1801 445 1856 497 δὲ
1894 444 1986 496 ἐπὶ

412 540 505 591 τοῦ
533 539 705 592 Σαοὺλ
741 538 838 592 καὶ⁵
869 536 1015 602 ἅπαξ
1045 535 1140 589 καὶ
1163 535 1246 598 δὶς
1267 534 1312 566 ⁸⁸
1341 535 1437 587 καὶ
1466 533 1723 596 πολλάκις
1755 547 1984 601 γεγενη-

414 629 594 697 μένον,
619 628 779 681 ποίαν
806 628 908 680 οὑκ
939 625 1272 678 ἐνδείκνυται
1300 622 1613 692 φιλοσοφίας
1647 619 1982 692 ὑπερϐολήν;

413 719 524 771 Καὶ
555 717 666 787 γὰρ
707 718 802 772 καὶ
839 717 930 770 τὸν
973 713 1202 769 παλαιὸν
1239 712 1481 783 ὑπερέϐη
1524 713 1705 782 νόμον,
1753 709 1987 764 καὶτῶν

413 807 787 861 άποστολικῶν
811 806 976 875 ἐγγὺς
1005 805 1220 874 ἐγένετο
1239 803 1688 873 προσταγμάτων.
1712 801 1811 854 Διὰ
1832 799 1988 855 τοῦτο

415 901 595 953 πάντα
629 899 854 968 ἔστεργε
885 895 955 950 τὰ
986 893 1137 965 παρὰ
1157 894 1250 946 τοῦ
1282 892 1396 965 [44]
1419 893 1710 957 Δεσπότου,
1744 892 1804 945 οὑ
1832 891 1987 945 δικά-

416 991 524 1054 ζων
551 992 663 1051 τοῖς
690 988 1013 1058 γινομένοις,
1044 985 1159 1038 ἀλλ’
1191 984 1251 1038 ἓν
1292 983 1451 1055 μόνον
1481 983 1815 1047 σπουδάζων,
1850 998 1986 1036 παν-

415 1075 582 1146 ταχοῦ
616 1075 893 1152 πείθεσθαι
932 1073 1026 1126 καὶ
1055 1071 1284 1125 ἕπεσθαι
1313 1074 1425 1134 τοῖς
1458 1069 1585 1141 παρ’
1609 1069 1771 1122 αὑτοῦ
1801 1069 1989 1138 κειμέ-

417 1185 528 1229 νοις
548 1166 750 1236 νόμοις.
790 1165 901 1217 Καὶ
945 1163 1085 1235 ὁρῶν
1116 1162 1254 1233 μετὰ
1295 1159 1534 1216 τοσαῦτα
1579 1159 1742 1214 αὑτοῦ
1788 1176 1990 1229 κατορ-

417 1255 643 1325 θώματα
685 1255 776 1306 τὸν
818 1251 1102 1320 τύραννον,
1155 1251 1247 1304 τὸν
1294 1249 1646 1322 πατραλοίαν,
1698 1249 1788 1303 τὸν
1839 1247 1992 1302 ἀδελ-

418 1346 694 1412 φοκτόνον,
733 1343 825 1395 τὸν
851 1341 1131 1412 ὑϐριστὴν,
1163 1340 1253 1394 τὸν
1297 1341 1639 1410 μαινόμενον,
1678 1339 1793 1393 ἀντ’
1825 1336 1989 1392 αὑτοῦ

416 1436 514 1504 τὴν
542 1433 703 1486 αὑτοῦ
732 1433 921 1502 έχοντα
953 1431 1250 1501 βασιλείαν,
1296 1430 1417 1483 οὑδὲ
1457 1429 1629 1492 οὑτως
1674 1428 1990 1482 ἐσκανδαλί-

417 1530 540 1594 ζετο
565 1546 578 1559 ·
610 1529 746 1593 ἀλλ’,
781 1527 878 1579 Ἀν
905 1525 984 1595 τῷ
1017 1525 1137 1596 Θεῷ
1162 1525 1330 1579 ταῦτα
1348 1525 1499 1596 δοκῇ,
1531 1525 1712 1595 φησὶν,
1747 1524 1847 1594 ἐμὲ
1895 1524 1994 1596 μὲν

417 1618 734 1673 ἐλαύνεσθαι
777 1618 871 1671 καὶ
913 1616 1212 1670 πλανᾶσθαι
1255 1616 1350 1669 καὶ
1394 1615 1636 1685 φεύγειν,
1685 1617 1889 1667 ἐκεῖνον
1932 1615 1988 1668 δὲ

418 1705 557 1762 εἷναι
579 1711 636 1761 ἐν
668 1711 832 1779 τιμῇ,
878 1709 1090 1780 στέργω
1137 1706 1232 1760 καὶ
1265 1707 1512 1778 δέχομαι,
1555 1707 1652 1759 καὶ
1685 1707 1842 1778 χάριν
1883 1706 1991 1777 ἔχω

420 1800 529 1852 τῶν
564 1799 771 1869 μυρίων
799 1798 962 1853 αὑτοῦ
997 1799 1203 1854 κακῶν.
1239 1801 1353 1870 Οὑχ
1389 1801 1464 1864 ὡς
1488 1799 1672 1852 πολλοὶ
1707 1801 1813 1854 τῶν
1836 1801 1989 1854 ἀναι-

423 1890 664 1960 σχύντων
688 1891 782 1943 καὶ
816 1890 1042 1961 ίταμῶν,
1067 1891 1186 1944 οὐδὲ
1203 1891 1262 1944 τὸ
1282 1891 1572 1944 πολλοστὸν
1601 1890 1994 1962 κατορθοῦντες

419 1982 528 2035 τῶν
566 1981 756 2050 ἐκείνῳ
801 1981 1247 2052 κατωρθωμένων
1297 1982 1364 2044 ⁸⁸,
1424 1982 1491 2035 ἂν
1539 1981 1688 2034 ίδωσί
1731 1997 1881 2044 τινας
1937 1983 1994 2035 ἐν

420 2074 743 2144 εὐημερίαις
772 2073 953 2138 ὄντας,
992 2073 1220 2138 ἑαυτοὺς
1259 2073 1316 2128 δὲ
1361 2073 1562 2145 μικρὰν
1600 2074 1994 2142 ὑπομείναντας

490 2295 539 2330 ³⁸
565 2292 671 2366 δίς]
699 2293 792 2366 δὶςΔ
809 2290 866 2344 δέ
897 2290 1035 2366 Εξὰιι.
1080 2360 1121 2366 η
1147 2290 1193 2320 ⁸⁸
1224 2285 1680 2366 κατρρθουμένων
1706 2281 1842 2342 Edd.

419 2367 525 2422 An.
553 2354 735 2419 (ιωὶέτί
765 2354 1000 2432 άρετῶν.
1077 2360 1122 2392 ⁸³
1152 2355 1298 2427 ταῖς]
1330 2354 1386 2406 ἐν
1409 2356 1529 2416 ταῖς
1563 2354 1623 2406 Ι).

433 2481 3175 2534 ___________________________________________._

1956 2282 2002 2312 θ’
2030 2279 2268 2347 οίσωμεν
2295 2282 2350 2330 οι
2378 2287 2502 2328 mox
2525 2265 2944 2341 καρπωσώμεθα
2964 2264 3028 2318 Ι).

2082 354 2339 426 ἀθυμίαν,
2408 355 2636 426 μυρίαις
2684 354 2782 419 τὰς
2828 353 3038 408 ἑαυτῶν
3095 355 3273 426 ψυχὰς
3331 356 3656 414 ἀπολλύουσι

2086 445 2475 516 βλασφημίαις.
2519 445 2658 500 Ἀλλ’
2680 446 2778 515 οὑχ
2805 448 2833 499 6
2853 445 3016 500 Δαυῒδ
3030 447 3284 512 τοιοῦτος,
3309 447 3444 501 ἀλλὰ
3477 451 3657 504 πᾶσαν

2083 535 2423 589 ἐπεδείκνυτο
2488 535 2807 590 ἐπιείκειαν.
2845 537 2935 589 Διὸ
2994 537 3088 590 καὶ
3147 536 3331 607 ἔλεγεν
3393 541 3423 592 6
3483 539 3650 602 Θεός·

2079 623 2274 697 Εὗρον
2310 627 2492 682 Δαυῒδ
2531 628 2638 681 τὸν
2687 626 2795 680 τοῦ
2837 627 3076 694 Ἰεσσαὶ,
3123 627 3311 696 ἄνδρα
3347 629 3499 684 κατὰ
3543 630 3656 699 τὴν

2081 717 2333 785 καρδίαν
2353 734 2493 786 μου.
2515 715 2782 788 Τοιαύτην
2801 716 2896 770 καὶ
2920 716 3080 788 ἡμεῖς
3100 717 3428 790 κτησώμεθα
3453 719 3652 793 ψυχὴν,

2082 809 2176 862 καὶ
2207 808 2345 878 ὅπερ
2376 807 2443 861 ἂν
2481 807 2763 878 πάθωμεν,
2800 807 3018 878 οἴσομεν
3066 810 3109 841 ⁸⁷
3156 810 3376 881 ῥᾳδίως,
3409 813 3504 864 καὶ
3548 813 3657 883 πρὸ

2078 901 2177 970 τῆς
2217 898 2491 969 βασιλείας
2532 898 2781 951 ἐντεῦθεν
2821 899 3226 970 καρπωσόμεθα
3263 901 3365 971 τῆς
3405 920 3655 957 ταπεινο-

2081 990 2352 1062 φροσύνης
2397 990 2495 1060 τὴν
2542 989 2823 1061 πρόσοδον.
2873 991 3103 1047 Μὰθετε
3140 991 3268 1063 γὰρ,
3313 994 3496 1064 φησὶν,
3553 996 3655 1049 ἀπ’

2078 1082 2243 1152 ἐμοῦ.
2275 1081 2364 1135 ότι
2390 1079 2578 1149 πρᾶός
2600 1083 2715 1151 εἰμι
2745 1082 2855 1136 καὶδ
2868 1083 3146 1149 ταπεινὸς
3180 1070 3272 1153 tif
3287 1084 3518 1154 καρδίᾳ,
3558 1087 3656 1140 καὶ

2078 1173 2365 1242 εὑρήσετε
2401 1171 2748 1227 ἀνάπαυσιν
2769 1172 2902 1239 ταῖς
2925 1172 3155 1242 Δψυχαῖς
3196 1172 3395 1243 ὑμῶν.
3430 1176 3526 1229 Ἵν’
3564 1172 3657 1232 οὖν

2081 1262 2477 1333 ἀπολαύσωμεν
2521 1262 2902 1330 ἀναπαύσεως,
2955 1265 3049 1318 καὶ
3083 1264 3320 1320 ἐνταῦθα
3366 1265 3460 1319 καὶ
3498 1268 3654 1333 ἐκεῖ,

2087 1352 2224 1424 μετὰ
2250 1352 2449 1423 πολλῆς
2490 1353 2592 1422 τῆς
2629 1353 2866 1423 σπουδῆς
2894 1354 2993 1425 τὴν
3034 1353 3252 1406 πάντων
3291 1354 3506 1423 μητέρα
3545 1353 3653 1406 τῶν

2081 1443 2302 1512 ἀγαθῶν
2323 1445 2390 1512 ⁸⁸,
2417 1444 2516 1515 τὴν
2540 1443 3039 1514 ταπεινοφροσύνην
3068 1443 3231 1513 λέγω,
3249 1446 3371 1507 ταῖς
3387 1436 3430 1475 ’τ
3447 1442 3656 1496 ἑαυτῶν

2085 1536 2436 1607 φυτεύσωμεν
2468 1535 2683 1606 ψυχαῖς.
2721 1535 2877 1589 Οὕτω
2908 1535 3017 1606 γὰρ
3043 1537 3138 1588 καὶ
3166 1536 3230 1588 τὸ
3256 1535 3350 1588 τοῦ
3393 1535 3504 1605 βίου
3534 1535 3658 1588 τού-

2083 1643 2178 1678 του
2216 1626 2448 1694 πέλαγος
2486 1627 2654 1697 χωρὶς
2703 1625 2961 1696 κυμάτων
3002 1625 3342 1696 δυνησόμεθα
3393 1624 3661 1696 διαϐῆναι.

2080 1712 2174 1764 καὶ
2220 1714 2300 1774 εἰς
2344 1713 2436 1765 τὸν
2482 1712 2714 1782 γαληνὸν
2760 1715 2966 1768 ἐκεῖνον
3016 1714 3386 1768 καταπλεῦσαι
3443 1716 3655 1785 λιμένα,

2081 1801 2265 1871 χάριτι
2312 1801 2406 1854 καὶ
2449 1799 2828 1872 φιλανθρωπίᾳ
2877 1803 2969 1855 τοῦ
3017 1801 3217 1873 Κυρίου
3266 1803 3423 1873 ἡμῶν
3485 1804 3657 1874 Ἰησοῦ

2084 1890 2343 1961 Χριστοῦ,
2470 1893 2504 1961 ἡ
2555 1893 2681 1957 δόξα
2724 1895 2818 1947 καὶ
2854 1894 2916 1947 τὸ
2953 1895 3153 1965 κράτος
3182 1895 3261 1958 είς
3292 1896 3416 1958 τοὺς
3459 1896 3656 1960 αίῶνας

2085 1981 2163 2034 τῶ
2195 1979 2424 2036 αἰώνων.
2469 1983 2659 2052 Ἀμήν.

3127 2263 3173 2295 εδ
3206 2258 3450 2330 ἀγαθῶν]
3475 2257 3566 2314 Sic
3595 2257 3664 2314 ι).

3190 2477 3639 2493 m

1875 2607 2121 2662 OMIAIA
2159 2605 2231 2658 A'.

419 2757 612 2812 Πᾶσαι
658 2749 771 2808 οὖν
815 2752 876 2806 al
920 2751 1116 2819 γενεαὶ
1156 2750 1276 2805 ἀπὸ
1318 2750 1582 2820 ,Ἀϐραὰμ
1619 2749 1763 2820 ἔωςῌ
1783 2747 1984 2820 Amm},

487 2823 682 2894 γενεαί
713 2818 1186 2894 δεκατέσσαρες·
1233 2819 1330 2873 καί
1369 2818 1486 2894 ἀπό
1524 2818 1841 2894 ᾼαυῒδ-ἓως
1880 2818 1990 2886 τῆς

483 2888 856 2964 μετοικεσίας
886 2891 1261 2964 Βαϐυλῶνος,
1297 2890 1489 2964 γενεαὶ
1519 2888 1987 2964 δεκατέσσαρες-ς

487 2958 582 3016 καὶ
615 2961 734 3016 ἀπὸ
770 2959 879 3027 τῆς
911 2958 1310 3028 μετοικεσίας
1335 2958 1693 3025 Βαϐυλῶνος
1731 2959 1844 3024 ἕως
1882 2958 1990 3013 τοῦ

487 3031 762 3101 Χριστοῦ,
795 3029 990 3101 γενεαί
1019 3028 1477 3096 δεκατέσσαρες.

493 3221 560 3270 α’.
586 3213 681 3276 Είς
726 3211 876 3282 τρεῖς
926 3206 1085 3262 διεῖλε
1121 3205 1346 3279 μερίδας
1384 3204 1481 3268 τὰς
1508 3202 1699 3273 γενεὰς
1732 3201 1951 3265 ἁπάσας
1973 3243 1990 3268 ,

418 3305 630 3366 δεικνὺς
672 3304 753 3356 ὅτι
785 3301 907 3354 οὐδὲ
944 3299 1053 3352 τῶν
1094 3296 1374 3352 πολιτειῶν
1410 3294 1846 3368 μεταϐληθεισῶν
1867 3293 1992 3363 ἐγέ-

419 3413 572 3450 νοντο
619 3393 880 3464 βελτίους,
937 3390 1076 3444 ἀλλὰ
1131 3391 1226 3444 καὶ
1275 3387 1850 3460 ἀριστοκρατούμενοι,
1899 3385 1994 3439 καὶ

423 3486 850 3557 βασιλευόμενοι,
911 3485 1006 3537 καὶ
1038 3481 1505 3553 ὀλιγαρχούμενοι,
1550 3483 1608 3534 ἐν
1654 3482 1763 3542 τοῖς
1808 3478 1994 3540 αὑτοῖς

420 3576 559 3650 ἦσαν
610 3579 799 3638 κακοῖς
821 3590 835 3605 ο
889 3573 986 3626 καὶ
1041 3571 1166 3624 οὔτε
1217 3569 1581 3641 δημαγωγῶν,
1625 3567 1750 3621 οὕτε
1783 3567 1991 3636 ἱερέων,

421 3668 546 3722 οὔτε
586 3665 847 3736 βασιλέων
868 3663 1066 3725 αὑτοὺς
1097 3661 1412 3726 διεπόντων,
1444 3660 1599 3730 ἔσχον
1635 3676 1688 3711 τι
1712 3659 1873 3712 πλέον
1917 3657 1997 3720 είς

422 3760 623 3832 ἀρετῆς
651 3759 827 3826 λόγον.
863 3756 1019 3818 Τίνος
1045 3754 1101 3808 δὲ
1127 3755 1311 3807 ἕνεκεν
1346 3757 1402 3808 ἐν
1439 3755 1536 3824 μὲν
1569 3756 1633 3824 τῇ
1655 3753 1794 3824 μέσῃ
1818 3750 1996 3822 μερίδι

423 3853 572 3923 τρεῖς
599 3849 916 3920 παρέδραμε
948 3846 1208 3917 βασιλεῖς,
1248 3847 1305 3898 ἐν
1351 3845 1407 3898 δέ
1444 3848 1510 3917 τῇ
1554 3846 1755 3916 ἐσχάτῃ
1791 3843 1997 3896 δώδεκα

425 3945 539 4008 θεὶς
577 3938 788 4011 γενεὰς,
840 3939 1240 4010 δεκατέσσαρας
1281 3939 1452 4002 αὑτάς
1493 3934 1634 3992 εἶναι
1663 3938 1865 4009 ἔφησες
1924 3935 1999 3988 Τὸ

429 4036 527 4106 μὲν
552 4035 813 4104 πρότερον
853 4033 980 4103 ὑμῖν
1016 4031 1218 4101 ἀφίημι
1253 4030 1433 4098 ζητεῖν
1458 4047 1472 4060 ο
1517 4029 1636 4082 οὑδὲ
1674 4030 1780 4099 γὰρ
1819 4028 1997 4080 πάντα

425 4122 668 4176 ἐπιλύειν
707 4123 836 4192 ὑμῖν
875 4122 1191 4190 ἀναγκαῖον,
1228 4121 1314 4176 ἵνα
1351 4119 1427 4190 μὴ
1468 4119 1777 4187 ἀναπέσητε
1801 4135 1814 4148 ο
1857 4117 1918 4170 τὸ
1943 4116 2000 4169 δὲ

425 4215 676 4284 δεύτερον
719 4214 876 4283 ἡμεῖς
921 4211 1173 4282 ἐροῦμεν.
1237 4212 1389 4282 Ἐμοὶ
1426 4211 1537 4279 γὰρ
1571 4208 1803 4262 ἐνταῦθα
1853 4208 2003 4275 δοκεῖ

426 4307 522 4359 καὶ
564 4304 656 4356 τὸν
698 4303 887 4372 χρόνον
935 4303 1035 4370 τῆς
1085 4300 1459 4371 αίχμαλωσίας
1502 4301 1558 4353 ἐν
1604 4299 1754 4362 τάξει
1810 4298 2002 4366 γενεᾶς

425 4397 654 4461 τιθέναι,
710 4393 804 4448 καὶ
845 4393 1006 4446 αὑτὸν
1053 4392 1144 4445 τὸν
1196 4391 1451 4462 Χριστὸν,
1499 4388 1830 4458 πανταχόθεν
1880 4405 2004 4441 συν-

425 4490 613 4544 άπτων
643 4487 774 4556 ἡμῖν
799 4483 980 4537 αὑτόν.
1013 4483 1443 4552 ’Δναμιμνήσκει
1477 4480 1532 4532 δὲ
1573 4480 1666 4533 καὶ
1702 4480 1798 4550 τῆς
1834 4480 2000 4549 αἰχμ-

427 4580 664 4642 αλωσίας
697 4576 909 4645 ἐκείνης
946 4573 1148 4637 καλῶς,
1177 4571 1352 4642 δηλῶν
1389 4573 1470 4625 ὅτι
1502 4571 1620 4624 οὑδὲ
1657 4573 1771 4625 ἐκεῖ
1812 4571 2004 4624 κατελ-

427 4671 634 4735 θόντες,
696 4666 943 4737 ἐγένοντο
1004 4661 1468 4735 σωφρονέστεροι·
1529 4661 1670 4715 ὥστε
1739 4659 2000 4715 πάντοθεν

424 4758 727 4828 ἀναγκαίαν
771 4757 1004 4828 φανῆναι
1041 4754 1139 4826 τὴν
1173 4751 1336 4805 αὑτοῦ
1380 4751 1696 4821 παρουσίαν.
1736 4750 1801 4803 Τί
1834 4745 1928 4804 οὖν
1971 4751 2004 4802 6

424 4851 673 4921 Μάρκος,
735 4849 921 4919 φησὶν,
971 4846 1034 4899 οὐ
1093 4845 1238 4896 ποιεῖ
1283 4841 1461 4903 τοῦτο,
1518 4841 1637 4894 οὑδὲ
1699 4841 2008 4911 γενεαλογεῖ

424 4942 517 4994 τὸν
561 4938 794 5010 Χριστὸν
839 4938 910 4997 ⁷⁰,
947 4934 1062 4989 ἀλλ’
1106 4933 1378 5003 ἐπιτόμως
1413 4931 1524 5004 [46]
1577 4932 1792 4986 ἅπαντα
1842 4933 2006 5001 φθέγ-

426 5048 617 5100 γεται;
695 5028 849 5099 Ἐμοὶ
923 5027 1071 5080 δοκεῖ
1133 5026 1161 5078 6
1233 5025 1331 5094 μὲν
1392 5023 1664 5086 Ματθαῖος
1733 5025 1838 5094 πρὸ
1897 5022 2006 5076 τῶν

426 5123 600 5178 ἄλλων
636 5117 836 5192 ἦρχθαι
873 5118 964 5172 τοῦ
1008 5117 1356 5188 πράγματος
1389 5116 1467 5169 διὸ
1500 5117 1593 5171 καὶ
1621 5117 1718 5187 τὴν
1759 5116 2007 5185 γενεαλο-

427 5219 552 5286 γίαν
584 5217 766 5286 τίθησι
796 5214 932 5285 μετὰ
964 5213 1270 5284 ἀκριϐείας,
1323 5211 1416 5265 καὶ⁵
1464 5212 1598 5282 πρὸς
1643 5211 1710 5264 τὰ
1753 5210 2005 5263 κατεπεί-

427 5330 590 5382 γοντα
625 5311 857 5363 ῖσταται⁶
895 5313 923 5362 6
966 5311 1022 5363 δὲ
1072 5311 1298 5382 Μάρκος
1349 5309 1465 5380 μετ’
1515 5310 1741 5371 ἐκεῖνον,
1794 5307 1875 5361 6:5
1913 5307 2000 5360 ἐπὶ

429 5403 691 5474 σύντομον
719 5398 880 5472 ἦλθεν
912 5402 1050 5467 ὁδὸν,
1078 5401 1171 5456 ᾶτε
1190 5403 1302 5462 τοῖς
1326 5401 1425 5469 ἤδη
1451 5398 1684 5470 λεχθεῖσι
1712 5400 1806 5451 καί
1830 5397 2005 5468 δηλοις

504 5629 552 5662 *⁸
581 5629 838 5702 Χριστὸν]
874 5630 1089 5702 Ἰησοῦν
1113 5631 1187 5702 D,
1255 5631 1294 5661 ⁷¹
1321 5632 1369 5684 οἱ
1399 5627 1678 5702 προφῆται
1709 5626 1769 5702 Ι).
1848 5624 1902 5702 ξ’.
1924 5622 2189 5702 ἐκόμαζεν
2215 5619 2340 5687 (sic)
2473 5621 2762 5702 ὲκῶμασεν
2939 5619 3195 5702 τζὲγίνετο
3225 5617 3280 5671 Β.
3309 5619 3370 5672 (3.
3409 5617 3469 5670 Ε.

2089 2759 2259 2825 ἔθνος,
2294 2755 2375 2821 οἷς
2405 2757 2498 2810 καὶ
2533 2753 2732 2826 μᾶλλον
2760 2755 3046 2823 προσεῖχεν
3068 2755 3096 2805 6
3119 2751 3226 2804 τῶν
3266 2749 3533 2802 Ἰουδαίων
3568 2746 3665 2814 δῆ-

2092 2869 2213 2922 μος.
2243 2849 2441 2919 Διόπερ
2471 2849 2766 2915 ἀναγκαῖος
2809 2837 2960 2908 οὗτος
3002 2843 3110 2896 τῶν
3148 2842 3447 2913 προοιμίων
3489 2840 3516 2891 6
3542 2837 3668 2908 τρό-

2090 2961 2190 3007 πος
2214 2938 2281 3012 ἦν
2312 2942 2438 3011 παρ’
2466 2941 2666 3001 αὑτοῖς.
2702 2939 2766 2990 Ei
2796 2937 2854 2989 δέ
2886 2953 3015 2989 ποτε
3050 2936 3143 2987 καὶ
3191 2933 3408 3002 ἐγένετο
3445 2932 3664 3001 σημεῖα,

2089 3036 2198 3088 τῶν
2228 3032 2518 3104 βαρϐάρων
2543 3031 2727 3084 ἕνεκεν
2751 3029 2965 3097 ἐγένετο
2993 3028 3061 3092 ⁷³,
3093 3027 3234 3079 ὥστε
3260 3024 3487 3086 πολλοὺς
3517 3023 3667 3090 γενέ-

2091 3126 2213 3178 σθαι
2273 3125 2396 3187 τοὺς
2449 3121 2840 3193 προσηλύτους,
2901 3121 2994 3172 καὶ
3049 3121 3128 3180 είς
3170 3117 3395 3183 ἔνδειξιν
3437 3116 3537 3184 τῆς
3575 3113 3668 3166 τοῦ

2090 3215 2224 3269 Θεοῦ
2270 3215 2573 3284 δυνάμεως,
2615 3210 2669 3264 εἴ
2704 3227 2832 3264 ποτε
2877 3210 3072 3272 αὐτοὺς
3105 3211 3154 3262 οἱ
3190 3207 3438 3277 πολέμιοι
3480 3205 3670 3258 λαϐόν-

2089 3323 2200 3370 τες,
2226 3305 2302 3368 ὼς
2339 3303 2446 3357 τῶν
2471 3303 2603 3374 παρ’
2631 3302 2812 3364 αὑτοῖς
2838 3300 2975 3354 θεῶν
3005 3299 3239 3372 ἰσχυρῶν
3265 3299 3451 3359 ὄντων,
3485 3296 3670 3364 ἐνόμι-

2093 3415 2190 3451 σαν
2219 3396 2616 3466 κεκρατηκέναι
2639 3393 2706 3425 ⁷¹⁵⁶
2735 3392 2986 3461 καθάπερ
3017 3392 3075 3444 ἐν
3110 3389 3389 3459 Αἰγύπτῳ,
3419 3387 3539 3441 ὅθεν
3581 3386 3673 3438 καὶ

2092 3491 2256 3554 πολὺς
2301 3491 2329 3544 6
2376 3488 2681 3558 σύμμικτος
2713 3487 2759 3518 ⁷⁵
2803 3484 2970 3553 ἀνέϐη
2994 3485 3039 3515 ⁷⁸
3061 3499 3074 3512 ·
3106 3483 3199 3537 καὶ
3239 3482 3377 3552 μετὰ
3411 3480 3585 3533 ταῦτα
3613 3481 3673 3532 ἐν

2093 3577 2393 3642 Βαϐυλῶνι,
2448 3577 2517 3630 τά
2563 3575 2707 3630 κατὰ
2749 3575 2846 3644 τὴν
2888 3575 3118 3644 κάμινον
3158 3572 3253 3624 καὶ
3287 3571 3356 3623 τὰ
3395 3571 3667 3640 ὀνείρατα.

2106 3671 2352 3740 Ἐγένετο
2382 3669 2438 3722 δὲ
2467 3668 2561 3722 καὶ
2587 3667 2747 3738 ἡνίκα
2781 3666 2905 3722 καθ’
2935 3664 3158 3727 ἑαυτοὺς
3186 3659 3347 3734 ἦσαν,
3379 3665 3582 3732 σημεῖα
3614 3664 3672 3714 ὲν

2092 3765 2158 3833 τῇ
2189 3763 2400 3833 ἐρήμῳν
2438 3759 2687 3830 καθάπερ
2729 3760 2824 3811 καὶ
2861 3758 2942 3826 ἐφ’
2977 3754 3151 3826 ήμῶνο
3189 3754 3282 3808 καὶ
3313 3754 3420 3824 γὰρ
3462 3753 3554 3806 καὶ
3586 3753 3670 3821 ἐφ’

2094 3855 2272 3926 ἡμῶν,
2316 3855 2478 3924 ἡνίκα
2511 3854 2608 3921 τῆς
2639 3851 2847 3919 πλάνης
2889 3849 3158 3918 ἐξῄειμεν,
3209 3844 3380 3898 πολλὰ
3419 3844 3672 3914 θαύματα

2097 3946 2329 4016 ἐδείχθη
2357 3945 2494 4015 μετὰ
2518 3944 2573 3997 δὲ
2607 3943 2777 3996 ταῦτα
2805 3939 2918 4013 [4⁸7]
2954 3939 3106 4010 ἔστη,
3139 3937 3412 4007 πανταχοῦ
3445 3937 3546 4006 τῆς
3579 3938 3670 3988 εὑ-

2098 4038 2312 4100 σεϐείας
2338 4035 2710 4106 φυτευθείσης.
2742 4035 2806 4087 Εί
2837 4033 2894 4086 δὲ
2926 4032 3019 4085 καὶ
3060 4031 3197 4102 μετὰ
3226 4031 3400 4083 ταῦτα
3427 4029 3669 4097 γέγονεν,

2096 4130 2252 4197 ὀλίγα
2300 4129 2392 4182 καὶ
2428 4126 2722 4199 σποράδην’
2772 4119 2903 4187 οἷον,
2945 4124 3108 4196 ἡνίκα
3146 4126 3174 4177 6
3215 4123 3362 4193 ἣλιος
3409 4121 3536 4191 ἔστη
3575 4119 3669 4174 τοῦ

2099 4210 2486 4281 γεγενημένοις
2518 4209 2830 4283 ἐπιχειρῶν.
2864 4207 2987 4271 Πῶς
3006 4201 3098 4260 οὑν
3138 4207 3167 4258 6
3187 4205 3419 4267 Λουκᾶς,
3462 4202 3553 4256 καὶ
3581 4218 3673 4270 γε-

2099 4303 2363 4371 νεαλογεῖ,
2418 4301 2512 4355 καὶ
2553 4300 2640 4354 διὰ
2688 4299 2946 4352 πλειόνων
2988 4296 3146 4350 τοῦτο
3187 4297 3357 4362 ποιεῖ;
3405 4295 3535 4346 "Acs
3579 4289 3676 4345 τοῦ

2099 4395 2375 4451 Ματθαίου
2401 4393 2944 4465 προοδοποιὴσαντος,
2974 4387 3217 4460 βούλεταί
3244 4404 3297 4440 τι
3324 4385 3432 4439 τῶν
3457 4384 3679 4454 εἰρημέ-

2099 4505 2205 4541 νων
2235 4483 2438 4550 διδάξαι
2472 4484 2633 4537 πλέον
2661 4483 2826 4553 ἡμᾶς.
2858 4482 2966 4536 Καὶ
3006 4481 3233 4540 ἕκαστος
3270 4479 3327 4530 δὲ
3358 4476 3560 4547 ὁμοίως
3585 4473 3677 4527 τὸν

2099 4578 2416 4632 διδάσκαλον
2442 4577 2770 4648 ἐμιμήσατο·
2807 4575 2835 4626 6
2864 4573 2963 4644 μὲν
2996 4572 3086 4624 τὸν
3123 4571 3354 4635 Παῦλον,
3383 4569 3524 4639 ὑπὲρ
3550 4567 3677 4630 τοὺς

2101 4667 2377 4738 ποταμοὺς
2411 4665 2622 4738 ῥέοντα·
2651 4666 2679 4718 6
2711 4664 2767 4716 δὲ
2793 4663 2882 4717 τὸν
2913 4663 3136 4732 Πέτρον,
3168 4659 3528 4731 βραχυλογίας
3557 4661 3677 4711 ἐπι-

2103 4759 2451 4832 μελούμενον.
2489 4757 2600 4811 Καὶ
2635 4755 2687 4809 τί
2733 4755 2931 4826 δήποτε
2977 4752 3277 4822 ἀρχόμενος
3327 4752 3356 4803 6
3400 4750 3678 4812 Ματθαίος

2097 4854 2198 4906 οὑκ
2227 4848 2398 4914 εἶπεν,
2425 4851 2612 4919 ὥσπερ
2638 4850 2666 4900 6
2696 4847 2980 4917 προφήτης
3003 4845 3046 4874 ⁷⁸
3069 4859 3084 4874 ·
3118 4843 3360 4910 ’Ὀρασις
3391 4841 3470 4909 ἢν
3492 4838 3674 4896 εἶδον·

2100 4945 2214 5009 καὶ,
2257 4945 2312 4995 '0
2336 4943 2521 5012 λόγος
2549 4943 2581 4994 ὁ
2607 4939 2918 5009 γενόμενος
2958 4936 3106 5005 πρός
3132 4951 3244 5005 ys;
3269 4937 3387 4990 Ὅτι
3418 4936 3552 5004 πρὸς
3587 4935 3677 4986 εὑ-

2098 5034 2381 5106 γνώμονας
2433 5033 2661 5103 ἔγραφε,
2707 5032 2800 5082 καὶ
2841 5029 3045 5099 σφόδρα
3099 5028 3248 5099 αὑτῷ
3289 5028 3672 5098 προσέχοντας.

2101 5129 2212 5180 Καὶ
2233 5126 2340 5196 γὰρ
2374 5125 2468 5177 καὶ
2492 5123 2560 5176 τὰ
2586 5123 2852 5192 γενόμενα
2882 5121 3135 5192 θαύματα
3163 5122 3309 5182 ἐϐόα,
3345 5120 3437 5172 καὶ
3466 5121 3514 5170 οἱ
3535 5119 3679 5188 δεχόο

2103 5232 2252 5286 μενοι
2304 5213 2505 5282 σφόδρα
2551 5208 2690 5281 ἦσαν
2739 5211 2935 5264 πιστοί.
2982 5212 3106 5264 Ἐπὶ
3145 5211 3198 5262 δὲ
3237 5209 3344 5262 τῶν
3383 5210 3676 5279 προφητῶν

2100 5305 2220 5360 οὔτε
2278 5303 2529 5374 θαύματα
2575 5298 2642 5370 ἦν
2693 5300 2928 5354 τοσαῦτα
2967 5302 3162 5364 αὐτοὺς
3208 5298 3672 5368 ἀνακηρύττοντα,

2104 5395 2196 5448 καὶ
2253 5393 2388 5446 πολὺ
2439 5392 2500 5444 τὸ
2556 5390 2665 5444 τῶν
2721 5390 3181 5462 ψευδοπροφητῶν
3235 5386 3591 5459 ἐπεκώμαζεν
3629 5391 3674 5422 ⁷’

3563 5621 3610 5648 ’⁸
3642 5619 3692 5670 εί

433 5689 646 5771 georg...-
667 5689 1091 5771 κεκρατηκέναι]
1127 5701 1279 5771 ἵν’-εἴ
1306 5689 1668 5757 ποτεάὗτοὺς
1697 5697 1745 5747 οἱ
1779 5689 2033 5771 πολέμιοι
2058 5693 2285 5755 λάϐωσι,
2329 5690 2402 5770 μὴ
2437 5689 2751 5771 νομίσωσιν,
2788 5693 2934 5754 ὡς...
2967 5689 3156 5771 ἤντεον,
3189 5690 3587 5758 κεκρατηκέναι
3619 5693 3683 5740 Α.

436 5770 495 5824 Ιι.
531 5769 592 5826 C.
638 5772 698 5826 Ε.
773 5773 818 5805 ⁷⁸
843 5774 870 5824 6
897 5755 1226 5841 σύμμικτος]
1256 5771 1560 5840 σύμμικτος
1593 5755 1658 5820 (Σ.
1698 5767 1789 5819 καὶ
1829 5755 1995 5832 σύμμι

2090 5782 2132 5826 ις
2163 5764 2226 5815 Λ.
2308 5755 2353 5793 ⁷⁷⁸³
2388 5755 2577 5832 ἀνέϐη]
2604 5763 2741 5817 Add.
2782 5763 2903 5822 λαός
2943 5759 3002 5810 D.
3033 5755 3090 5810 ιθ.
3128 5759 3251 5811 Sav.
3282 5755 3426 5814 Βυιι.
3448 5759 3542 5813 scd
3580 5760 3688 5813 νὲιι.

438 5843 606 5896 l’xud.
647 5858 743 5911 xu,
785 5844 871 5906 '58,
910 5841 1018 5897 Jur.
1059 5858 1096 5905 ι,
1148 5841 1235 5894 57.
