4060 6156
449 208 522 265 59

429 326 557 378 mihi
575 365 590 388 ,
620 325 758 380 Nolo
789 335 836 380 te
865 342 884 380 :
911 343 1024 382 ecce
1047 342 1159 398 ego,
1187 327 1339 397 faciat
1367 328 1491 380 mihi
1521 330 1656 390 quod
1680 340 1752 381 est
1783 329 2022 395 placitum

431 417 485 471 in
508 427 778 486 conspectu
801 435 914 487 ejus
943 418 1017 488 (2.
1044 416 1174 489 Reg.
1199 419 1284 472 15.
1309 419 1399 472 25.
1426 418 1536 487 26).
1569 417 1702 472 Illud
1727 434 1855 473 vero
1881 420 2022 490 quod

429 525 557 580 erga
585 509 798 565 Saulem
826 519 881 565 et
902 511 1067 565 semel
1094 522 1149 566 et
1175 511 1256 566 bis
1281 521 1336 565 et
1364 511 1559 579 pluries
1585 510 1730 578 fecit,
1762 522 2015 582 quanuun

430 619 539 657 non
568 602 918 672 philosophiae
941 604 1152 658 culmen
1175 603 1433 658 ostendit!
1459 603 1515 658 ld
1540 604 1682 658 enim
1709 614 1764 659 et
1787 615 2020 659 veterem

431 695 604 765 legem
635 695 920 766 superabat
944 737 958 760 ,
991 706 1041 751 et
1070 694 1134 750 ad
1165 697 1456 766 apostolica
1488 706 1749 767 praecepta
1782 701 2022 766 proxime

430 784 739 840 accedebat.
789 786 914 840 Ideo
952 787 1131 840 omnia
1175 802 1294 856 quae
1327 802 1357 840 a
1400 787 1508 842 Deo
1548 787 2021 858 proficiscebantur

428 876 850 945 amplectebatur
875 917 890 942 ,
934 891 1032 932 nec
1075 880 1335 932 rationem
1376 879 1624 948 exigebat
1673 895 1857 934 eorum
1903 896 2022 950 quae

429 967 766 1031 accidebant,
790 967 884 1022 sed
904 983 1066 1022 unum
1087 969 1352 1036 studebat,
1378 981 1434 1024 ut
1455 969 1652 1040 ubique
1675 971 1791 1040 ejus
1816 971 2021 1040 legibus

430 1057 837 1127 obsequeretur.
865 1058 930 1112 Et
953 1068 1074 1129 post
1105 1067 1180 1114 tot
1207 1068 1456 1130 tantaque
1484 1060 1737 1130 praeclara
1763 1060 2017 1128 facinora,

429 1151 620 1207 videns
651 1161 965 1222 tyrannum,
999 1152 1338 1221 parricidam,
1368 1153 1712 1222 fratricidam,
1741 1163 2017 1210 contume-

433 1241 647 1306 liosum,
668 1245 947 1308 furiosum,
965 1245 1052 1313 qui
1071 1260 1290 1313 regnum
1314 1260 1467 1300 suum
1488 1247 1773 1310 invaserat,
1804 1262 1870 1301 ne
1891 1247 2017 1302 illud

428 1334 644 1404 quidem
687 1335 790 1404 ipsi
832 1335 1152 1390 offendiculo
1182 1335 1313 1390 fuit:
1345 1335 1438 1392 sed
1466 1338 1508 1390 si
1541 1336 1612 1391 ita
1643 1338 1751 1391 Deo
1778 1338 2016 1406 placeat,

428 1425 621 1497 inquit,
654 1427 777 1494 pelli
802 1442 909 1492 me,
942 1442 1123 1482 errare
1150 1437 1206 1482 et
1232 1427 1433 1497 fugere,
1467 1429 1612 1483 illum
1637 1439 1814 1486 autem
1847 1431 1898 1483 in
1924 1431 2018 1484 bo-

431 1533 562 1571 nore
597 1533 740 1582 esse,
773 1519 824 1574 id
851 1521 1144 1590 amplector
1187 1530 1346 1589 atque
1386 1521 1617 1590 suscipio
1641 1519 1672 1586 ,'
1703 1531 1758 1576 et
1796 1526 2014 1591 gratiam

433 1610 606 1665 habeo
635 1625 728 1679 pro
750 1613 905 1666 malis
934 1612 1248 1666 innumeris.
1274 1611 1388 1666 Non
1418 1621 1474 1666 ut
1500 1613 1647 1667 multi
1681 1614 2015 1683 impudentes

428 1717 494 1755 ac
512 1702 831 1772 petulantes,
861 1703 948 1772 qui
978 1718 1045 1757 ne
1075 1703 1344 1756 minimam
1371 1702 1585 1771 quidem
1617 1715 1820 1772 partem
1851 1705 2017 1773 probe

429 1805 698 1862 gestorum
726 1794 842 1864 ejus
867 1795 1146 1864 exsequuti
1175 1803 1319 1861 sunt,
1345 1795 1541 1864 quique
1567 1796 1610 1848 si
1638 1811 1771 1865 quos
1799 1797 2014 1850 videant

430 1899 684 1954 prospere
703 1900 884 1954 agere,
905 1899 965 1940 se
980 1899 1109 1940 vero
1129 1898 1346 1954 parvam
1367 1883 1663 1939 molestiam
1684 1885 2016 1942 rno:stitiam-

1624 207 1694 264 IN
1733 207 2043 266 ΜΛΤΊἭᾹΞ
2053 209 2148 268 UM
2203 209 2435 270 llOMlL.
2460 213 2551 271 ιν.

3642 231 3714 288 40

2124 350 2227 405 quc
2254 336 2454 403 subire,
2484 335 2776 389 innumeris
2804 337 3006 389 animas
3034 351 3155 391 suas
3185 332 3528 409 blaspbcmiis
3550 341 3702 395 labe-

2124 424 2341 479 factant.
2389 425 2459 479 At
2499 440 2603 479 non
2635 425 2697 478 iis
2723 425 2911 488 similis
2942 425 3103 479 David
3139 435 3285 493 erat,
3313 429 3401 497 qui
3433 429 3528 482 fuit
3557 433 3702 485 omni

2128 515 2384 570 modestia
2413 516 2686 586 prteditus.
2723 514 2846 570 Ideo
2874 516 3084 571 dicebat
3119 517 3293 572 Deus.
3336 518 3509 574 Inveni
3543 521 3706 574 David

2125 608 2286 675 ﬁlium
2311 607 2493 672 .Iesstt',
2524 609 2684 662 cirum
2707 610 2984 662 secundum
3009 623 3097 660 cor
3122 623 3283 661 meum
3307 620 3326 678 κ
3354 608 3495 664 Psal.
3533 611 3620 665 88.
3651 613 3704 665 4.

2121 697 2183 753 21
2209 701 2249 768 ).
2277 699 2460 754 Talem
2486 709 2540 755 ct
2566 715 2664 756 nos
2689 700 3054 770 Possideamus
3079 700 3342 766 animam,
3372 710 3426 755 et
3453 703 3708 772 quidquid

2125 791 2356 860 patimur
2373 832 2388 856 ,
2419 793 2608 846 leniter
2632 793 2864 847 feramus
2882 833 2899 859 ,
2925 801 2979 847 et
3002 800 3124 845 ante
3150 807 3369 861 regnum
3391 835 3405 858 ,
3437 795 3522 848 hic
3553 797 3708 850 nobis

2125 883 2392 952 parianms
2433 882 2740 937 humilitatis
2771 891 3105 952 proventum.
3139 882 3269 937 Nam
3310 883 3381 937 ait
3409 901 3422 936 :
3459 883 3650 940 Discite
3673 903 3706 938 a

2123 989 2223 1037 me,
2246 975 2364 1041 quia
2385 975 2516 1027 initis
2536 990 2646 1026 smn
2664 984 2709 1026 et
2730 973 2936 1026 humilis
2955 975 3124 1037 corde,
3142 984 3188 1026 et
3209 974 3466 1028 invenietis
3485 978 3706 1044 requiem

2125 1072 2381 1126 animabus
2419 1070 2594 1125 vestris
2633 1071 2654 1139 (
2677 1069 2866 1124 Matth.
2896 1072 2983 1124 Η.
3007 1071 3118 1142 9.9)
3179 1071 3247 1126 Ut
3275 1071 3426 1139 igitur
3455 1079 3510 1125 et
3536 1071 3622 1124 hic
3647 1081 3701 1125 et

2125 1163 2230 1217 illic
2258 1163 2440 1232 requie
2468 1161 2725 1227 fruamur,
2752 1176 2956 1216 summa
2977 1179 3104 1217 cura
3132 1163 3367 1217 omnium
3396 1163 3653 1218 bonorum
3680 1164 3697 1194 ¹

2118 1264 2343 1310 matrem
2383 1256 2731 1310 humilitatem
2763 1257 2814 1309 in
2839 1255 3116 1310 animabus
3155 1257 3348 1310 nostris
3380 1255 3694 1310 inseramus.

2120 1353 2211 1408 Sic
2234 1353 2374 1407 enim
2401 1364 2455 1406 et
2478 1351 2632 1420 lmjus
2659 1352 2778 1404 vita:
2805 1351 3019 1435 pelagus
3044 1352 3161 1404 sine
3183 1351 3431 1405 fluctibus
3459 1352 3702 1419 trajicere

2123 1443 2438 1512 poterimus,
2468 1453 2521 1496 et
2547 1442 2612 1495 ad
2641 1441 2977 1510 tranquillum
3011 1440 3158 1494 illum
3190 1450 3399 1507 portum
3429 1444 3694 1511 navigare,

2121 1537 2288 1607 gratia
2325 1543 2379 1590 et
2417 1535 2739 1604 benignitate
2763 1531 2970 1586 Domini
2998 1531 3165 1584 nostri
3192 1531 3319 1585 Jesu
3344 1533 3578 1598 Christi,
3611 1539 3697 1592 cui

2121 1629 2288 1699 gloria
2312 1638 2368 1684 et
2389 1628 2668 1698 imperium
2694 1626 2746 1678 in
2772 1625 2962 1680 szecola
2992 1621 3330 1677 saeculorum.
3366 1623 3553 1677 Amen.

2183 1819 2536 1892 [Manuscripti
2570 1833 2665 1892 non
2697 1821 2854 1892 periei,
2888 1820 3132 1892 virttttttnt,
3156 1823 3518 1892 ‘leguntgqua:
3551 1828 3697 1882 lectio

2119 1881 2301 1942 Optime
2325 1881 2611 1944 quadraret;
2636 1884 2727 1934 sed
2748 1881 2964 1933 Auianus
2987 1883 3126 1945 legit.
3149 1881 3396 1937 bonarum.

457 2132 3695 2169 Μ

1823 2285 2176 2348 IIOMILIA
2223 2285 2327 2350 ιν.

471 2566 597 2618 Car.
630 2562 668 2615 Ι.
693 2577 744 2613 ν.
771 2561 856 2614 l7.
899 2557 1083 2611 Omnes
1115 2556 1269 2625 igitur
1307 2554 1646 2623 generationes
1687 2551 1748 2606 ab
1792 2550 2048 2603 Abraham

540 2669 694 2722 usque
717 2652 782 2704 ad
811 2649 995 2713 David,
1017 2647 1359 2717 generationes
1383 2644 1801 2715 qttatuordecim;
1829 2651 1874 2695 et
1894 2657 1925 2692 a
1947 2639 2048 2692 Da-

539 2743 621 2797 vid
646 2758 800 2811 usque
827 2741 894 2793 ad
915 2737 1404 2804 transmigrationem
1432 2734 1728 2804 Babylonis,
1757 2730 2041 2803 generatio-

538 2851 626 2888 nes
663 2832 1083 2903 quatuordecim;
1124 2838 1169 2883 et
1211 2845 1243 2880 a
1288 2827 1728 2896 transmigratione
1769 2820 2044 2893 Babylonis

536 2943 691 2996 usque
710 2926 778 2978 ad
806 2925 1078 2988 Christum,
1105 2921 1446 2998 generationes
1473 2917 1871 2989 quatuordecim.

536 3060 588 3113 l.
612 3057 811 3113 Omnes
834 3053 1205 3126 generationes
1226 3053 1276 3105 in
1307 3060 1414 3105 tres
1441 3059 1618 3119 partes
1637 3048 1837 3112 divisit,
1861 3055 2043 3102 osten-

464 3152 598 3207 dens
628 3150 746 3205 illos
775 3149 936 3204 etiam
964 3154 1084 3216 post
1112 3143 1415 3214 reipublicae
1440 3141 1667 3196 formam
1695 3139 1892 3209 pluries
1921 3155 2041 3193 mu-

464 3251 627 3297 tatam
655 3256 760 3294 non
789 3241 1023 3294 evasisse
1058 3237 1306 3291 meliores
1329 3274 1345 3300 ,
1379 3233 1474 3288 sed
1509 3233 1622 3287 sive
1659 3231 2003 3286 aristocratia:
2025 3270 2042 3297 ,

461 3333 574 3386 sive
600 3345 786 3398 regno,
814 3331 926 3382 sive
947 3325 1250 3397 oligarehia:
1279 3333 1546 3393 parerent,
1570 3325 1623 3376 in
1656 3321 1844 3376 iisdem
1867 3335 2067 3376 versa-.

462 3433 546 3478 tos
575 3423 731 3476 malis
756 3435 876 3475 esse
906 3437 919 3472 :
947 3434 1009 3472 ac
1035 3432 1208 3487 neque
1251 3415 1472 3470 ducibus
1495 3455 1512 3481 ,
1552 3427 1726 3482 neque
1755 3411 2044 3466 sacerdoti-

461 3514 580 3576 bus,
611 3526 784 3581 ncque
826 3509 1038 3580 regibus
1081 3523 1194 3562 rem
1235 3506 1496 3576 publicam
1525 3502 2040 3568 administrantibus,

461 3605 716 3674 majorem
748 3617 911 3672 penes
935 3601 1053 3656 illos
1080 3599 1286 3653 virtutis
1309 3597 1571 3651 rationem
1601 3593 1782 3648 fuisse.
1817 3591 1923 3648 Cur
1944 3606 2043 3645 au-

460 3709 568 3752 tem
591 3699 642 3751 in
665 3696 836 3750 media
862 3704 1007 3763 parte
1032 3703 1141 3746 tres
1157 3689 1683 3762 prmtcrmisitreges,
1705 3686 1758 3738 in
1777 3693 2043 3752 postrema

461 3799 638 3844 autem
665 3795 814 3856 parte
833 3782 1262 3855 generatiOuibus
1286 3779 1566 3833 duodecim
1601 3784 1800 3830 tantum
1834 3775 2036 3843 positis,

460 3877 860 3949 quatuordecim
904 3876 1044 3944 ipsas
1071 3888 1191 3927 esse
1219 3871 1380 3925 dicit?
1424 3869 1658 3923 Primam
1689 3865 2040 3935 quaestionem

462 3969 610 4024 vobis
635 3965 948 4022 solvendam
979 3965 1252 4032 relinquo;
1299 3976 1404 4014 non
1441 3959 1584 4013 enim
1619 3957 1795 4010 omnia
1835 3955 2043 4010 solvere

461 4063 611 4115 vobis
638 4073 857 4114 necesse
885 4066 984 4118 est,
1019 4070 1086 4109 ne
1112 4054 1261 4106 vobis
1292 4051 1558 4106 fastidium
1580 4061 1898 4119 generemus
1923 4059 2044 4100 :se—

459 4155 684 4209 cumlam
710 4163 884 4206 autem
911 4146 1319 4216 explanabimus
1340 4146 1380 4198 ί.
1407 4143 1530 4196 Mihi
1559 4151 1702 4196 certe
1728 4140 1936 4194 videtur
1953 4150 2044 4191 ca-

460 4235 718 4308 ptivitatis
749 4243 957 4302 tempus
984 4230 1069 4284 hic
1099 4243 1194 4298 pro
1225 4241 1324 4280 una
1351 4225 1694 4295 generatione
1729 4219 1998 4276 munerari
2019 4258 2040 4288 ,

460 4331 556 4386 sed
583 4337 638 4384 et
666 4329 838 4398 ipsum
863 4325 1132 4380 Christum
1162 4319 1400 4393 [alteram
1430 4315 1668 4387 implere]
1691 4356 1708 4384 ,
1738 4332 1896 4386 quem
1924 4315 2042 4370 ubi-

411 4397 416 4458 ἶ
458 4435 566 4488 quo
607 4397 759 4473 nobis
787 4412 1077 4484 conjungit.
1118 4412 1159 4466 E
1200 4426 1257 4464 re
1290 4419 1466 4463 autem
1501 4407 1854 4476 captivitatem
1895 4407 2038 4461 illam

460 4517 884 4573 commemorat,
913 4504 1202 4560 ostendens
1232 4502 1356 4555 illuc
1380 4500 1634 4554 deductos
1659 4540 1674 4564 ,
1705 4513 1806 4552 non
1837 4507 2040 4566 tempe-

461 4575 723 4656 rantiores
740 4599 1001 4661 evasisse;
1033 4595 1103 4648 ita
1125 4601 1180 4647 ut
1200 4607 1413 4662 prorsus
1441 4591 1773 4646 necessarius
1799 4591 2042 4644 videatur

462 4694 624 4748 fuisse
638 4690 834 4746 Christi
851 4689 1128 4743 adventus.
1151 4682 1286 4751 Quid
1307 4697 1434 4751 ergo
1455 4683 1659 4736 Marcus
1684 4696 1786 4734 non
1810 4681 2037 4748 idipsum

461 4789 589 4856 agit,
614 4801 784 4855 neque
805 4783 927 4839 Jcsu
950 4777 1308 4850 genealogiam
1331 4785 1590 4836 recenset,
1607 4773 1701 4828 scd
1723 4772 2040 4841 compendio

461 4881 640 4935 utnnia
685 4876 882 4932 refert?
925 4873 1047 4928 Mihi
1095 4869 1307 4941 quidem
1352 4867 1560 4921 videtur
1600 4864 1874 4918 Mattbazus
1915 4874 2039 4918 ante

462 4985 648 5026 omnes
673 4983 886 5022 maumu
917 4961 1064 5032 operi
1091 4958 1392 5016 admovisse
1417 4976 1432 5012 :
1453 4963 1774 5026 quapropter
1791 4954 2042 5024 genealo—

527 5200 542 5230 ‘
583 5208 702 5249 Tres
723 5206 828 5247 Mss.
865 5197 934 5258 sic
956 5195 1236 5252 babent,....
1278 5195 1541 5258 secundum
1584 5196 1743 5258 autent
1773 5195 1948 5258 aptati

469 5275 592 5321 mas,
611 5262 708 5312 into
730 5266 774 5321 et
798 5256 1232 5321 prinunngnogtte,
1259 5254 1453 5321 etc._lbi
1479 5265 1582 5302 tres
1604 5253 1793 5321 paginae
1814 5251 2048 5310 adjiciun-

469 5275 592 5321 mas,
611 5274 708 5312 uno
730 5271 774 5309 et
798 5271 1008 5320 primum
1029 5274 1042 5303 t
1064 5271 1232 5318 noque,
1259 5271 1354 5304 etc.
1381 5271 1453 5304 lDl
1479 5271 1582 5302 tres
1604 5271 1793 5314 pagum:
1814 5271 2048 5310 uujtclun-

469 5332 566 5381 tur,
592 5333 644 5372 ut
663 5320 970 5382 evplicentur
1004 5271 1097 5365 ilhc
1134 5317 1500 5378 quatuordecim
1532 5313 1902 5382 generationes,
1937 5322 2050 5382 qtae

467 5371 581 5434 ante
606 5371 930 5444 captivitatem
967 5371 1300 5444 numerantur,
1325 5391 1512 5444 necnon
1533 5371 1896 5444 Quatuordecim
1921 5371 2048 5428 aliae,

467 5432 577 5508 qua.
602 5432 709 5508 post
725 5441 1074 5508 captivitatem.
1099 5439 1214 5508 Quia
1238 5432 1355 5508 vero
1373 5439 1475 5508 haec
1493 5432 1778 5508 IahﬂAnmuo
1802 5432 1927 5481 lecta
1951 5445 2046 5508 non

469 5496 716 5563 s'untfnee
741 5496 969 5552 videntur
994 5512 1106 5563 esse
1123 5498 1465 5562 Chrysostomi,
1493 5501 1542 5548 in
1574 5498 1719 5548 linem
1744 5496 2048 5545 Commenta-

464 5561 650 5618 riorum
675 5569 719 5616 iu
739 5565 1004 5616 Matthaeum
1023 5561 1249 5621 ablegata
1272 5567 1400 5610 sunt.

1278 5193 1541 5243 secundum
1584 5196 1743 5240 autem
1773 5185 2054 5249 explanabi-

2139 2553 2277 2624 giam
2323 2558 2570 2606 accurate
2615 2547 2796 2618 ponit,
2833 2553 2888 2600 et
2912 2545 2965 2600 in
2991 2546 3056 2599 iis
3081 2559 3200 2614 quae
3230 2552 3524 2599 necessaria
3562 2545 3710 2599 erant

2139 2644 2367 2708 insistit;
2413 2641 2619 2696 Marcus
2665 2651 2794 2692 vero
2835 2644 2954 2705 post
2997 2635 3169 2704 ipsum
3214 2635 3443 2704 scripsit,
3492 2634 3715 2701 ideoque

2137 2732 2454 2804 compendio
2477 2731 2671 2792 studet,
2698 2737 2882 2796 utpote
2900 2726 2987 2796 qui
3009 2726 3116 2795 jam
3144 2725 3282 2780 dicta
3304 2735 3358 2778 et
3383 2733 3502 2777 nota
3531 2739 3715 2778 recen-

2137 2834 2272 2881 seat.
2320 2823 2426 2876 (lur
2461 2837 2588 2888 ergo
2633 2821 2802 2873 Lucas
2839 2818 2998 2872 etiam
3027 2816 3387 2886 genealogiam
3415 2823 3470 2869 et
3497 2816 3710 2884 quidem

2136 2917 2376 2988 pluribus
2426 2912 2645 2967 scribit?
2699 2909 2839 2976 Quia’
2884 2909 3163 2963 Matthmus
3203 2908 3311 2977 jam
3373 2919 3716 2976 [trﬂECCSScrsll

2136 3010 2383 3077 viamque
2426 3010 2739 3074 paraverat,
2776 3001 2940 3054 voluit
2989 3000 3076 3052 ille
3118 2999 3312 3068 aliquid
3355 2999 3579 3068 amplius
3618 3016 3716 3054 nos

2136 3101 2382 3154 educere.
2426 3095 2662 3163 Quisque
2704 3091 3082 3159 discipulorum
3114 3090 3422 3158 magistrum
3453 3105 3605 3144 sumn
3633 3099 3716 3145 est

2136 3191 2402 3252 imitatus;
2441 3188 2525 3240 hic
2554 3186 2795 3249 Paulum,
2819 3182 3060 3236 ubertate
3089 3181 3302 3234 flumina
3333 3192 3669 3250 superantem
3695 3198 3710 3247 ;

2135 3283 2224 3338 ille
2248 3282 2485 3344 Petrum,
2513 3275 2755 3333 brevitati
2779 3274 3098 3330 studentem.
3127 3271 3234 3327 Cur
3254 3288 3414 3341 porro
3440 3273 3714 3329 Matthaeus

2135 3376 2190 3430 in
2216 3372 2436 3428 exordio
2465 3384 2570 3423 non
2600 3369 2770 3432 dixit,
2801 3366 2938 3419 sicut
2963 3375 3014 3418 et
3042 3363 3312 3434 propheta:
3332 3403 3348 3428 ,
3391 3363 3526 3417 Visio
3561 3381 3712 3430 quam

2133 3465 2256 3527 vidi,
2283 3462 2390 3525 vel,
2424 3459 2604 3515 Sermo
2640 3457 2727 3526 qui
2767 3461 2929 3527 factus
2968 3461 3039 3508 est
3076 3453 3144 3506 ad
3183 3453 3298 3506 me?
3341 3453 3600 3518 Quoniam
3641 3454 3706 3506 ad

2133 3555 2270 3624 irugi
2315 3552 2558 3607 homines
2591 3547 2890 3614 scribebat,
2921 3545 3009 3614 qui
3038 3541 3324 3598 admodum
3355 3543 3510 3597 dictis
3537 3553 3714 3598 atten-

2133 3649 2340 3703 derent.
2388 3645 2599 3699 Etenim
2638 3644 2746 3711 jam
2784 3648 2986 3708 patrata
3017 3637 3266 3691 miracula
3293 3635 3630 3702 clamabant,
3660 3646 3715 3692 et

2134 3742 2221 3809 qui
2250 3738 2583 3807 evangelium
2612 3734 2964 3803 accipiebant,
2997 3730 3148 3799 plane
3175 3729 3364 3783 ﬁdeles
3388 3739 3558 3783 erant.
3586 3731 3712 3784 Pro-

2133 3835 2410 3900 phetarum
2435 3846 2562 3883 vero
2588 3837 2827 3891 tempore
2856 3839 2962 3877 non
2990 3831 3067 3876 tot
3091 3831 3243 3875 erant
3271 3820 3521 3874 miracula
3544 3861 3559 3887 ,
3591 3837 3710 3888 qua:

2138 3918 2511 3973 auctoritatem
2534 3917 2664 3986 ipsis
2686 3917 2954 3984 iuderent,
2975 3927 3029 3972 et
3051 3933 3239 3987 magna
3261 3927 3389 3972 tunc
3408 3918 3724 3987 erumpebat

2141 4007 2721 4077 pseudoprophetarum
2753 4008 2903 4061 turba
2921 4049 2937 4073 ,
2967 4008 3159 4076 quibus
3186 4009 3353 4076 magis
3378 4009 3725 4063 attendebant

2137 4102 2326 4157 Judaei.
2350 4100 2708 4166 Quamobrem
2731 4100 2815 4154 hic
2833 4099 3211 4168 prommiorum
3234 4099 3423 4152 modus
3440 4099 3578 4167 apud
3600 4099 3721 4155 illos

2139 4191 2472 4266 necessarius
2509 4199 2644 4245 erat.
2692 4189 2745 4244 Si
2791 4204 2918 4243 vero
2963 4190 3114 4258 signa
3151 4187 3467 4257 quandoque
3507 4189 3725 4256 fierent,

2139 4282 2487 4338 barbarorum
2509 4295 2690 4346 causa,
2715 4288 2772 4333 ut
2791 4279 2938 4334 multi
2959 4279 3208 4350 proselyti
3231 4279 3565 4346 accederent,
3593 4280 3724 4331 ede.-

2138 4374 2354 4428 Lantur.
2386 4373 2611 4428 Ficbant
2638 4386 2849 4443 quoque
2870 4372 3018 4441 signa
3043 4370 3109 4424 ad
3140 4371 3229 4425 Dei
3263 4372 3549 4440 potentiam
3576 4372 3726 4425 exhi-

2137 4465 2386 4529 bendam,
2419 4463 2632 4534 quando
2660 4464 2948 4518 adversarii
2977 4463 3210 4517 subactis
3245 4462 3463 4527 Judmis,
3500 4462 3725 4516 deormn

2136 4569 2356 4611 auorum
2387 4556 2434 4609 vi
2465 4563 2520 4610 et
2545 4553 2745 4607 auxilio
2772 4568 2831 4607 se
2859 4554 3050 4608 vicisse
3080 4553 3354 4621 putabant,
3388 4563 3442 4606 ut
3469 4552 3521 4605 in
3553 4552 3725 4624 [Egy-

2141 4656 2232 4717 pto
2255 4646 2511 4715 contigit,
2541 4644 2681 4699 unde
2721 4645 3018 4713 promiscua
3060 4644 3210 4696 turba
3256 4641 3486 4711 profecta
3513 4651 3598 4696 est
3629 4661 3641 4696 :
3675 4654 3729 4700 et

2139 4746 2323 4807 postea
2355 4737 2406 4790 in
2436 4736 2727 4805 Babylone,
2758 4751 2876 4804 qua:
2902 4734 2968 4788 ad
2996 4734 3265 4788 fornacem
3296 4741 3351 4787 et
3373 4733 3577 4786 somnia
3607 4749 3730 4803 spe-

2137 4838 2302 4884 ctant.
2350 4829 2480 4882 Erat
2515 4828 2674 4882 etiam
2716 4842 2838 4880 cum
2877 4826 3026 4894 signa
3066 4824 3354 4878 ederentur
3397 4824 3448 4877 in
3490 4824 3726 4888 deserto,

2136 4920 2350 4991 quando
2380 4920 2460 4972 sui
2487 4918 2624 4986 juris
2649 4926 2823 4982 erant,
2855 4914 3302 4985 quemadmodum
3333 4924 3386 4969 et
3413 4915 3551 4984 apud
3581 4930 3678 4967 nos
3713 4930 3726 4967 :

2137 5014 2336 5069 etenim
2365 5011 2502 5079 apud
2536 5025 2634 5064 nos
2663 5025 2785 5063 cum
2814 5011 2882 5064 ab
2908 5025 3092 5064 errore
3117 5025 3534 5080 emergeremus,
3569 5011 3719 5079 signa

2140 5106 2303 5158 multa
2327 5102 2564 5156 exhibita
2590 5111 2746 5166 sunt;
2776 5111 2894 5170 post
2919 5101 3034 5156 huic
3061 5110 3262 5168 autem,
3292 5117 3412 5155 cum
3445 5117 3566 5155 vera
3596 5102 3722 5154 reli-

2139 5195 2230 5264 gio
2256 5194 2454 5262 ubique
2479 5192 2820 5247 disseminata
2853 5201 2992 5246 esset
3016 5234 3028 5255 ,
3061 5193 3148 5245 illa
3178 5201 3542 5247 cessaverunt.
3570 5190 3723 5256 Quod

2141 5288 2185 5341 si
2210 5294 2328 5355 post
2353 5287 2552 5338 exitum
2583 5301 2648 5338 ex
2681 5285 2892 5338 deserto
2913 5285 3061 5353 signa
3093 5285 3228 5337 facta
3254 5293 3378 5337 sunt
3399 5324 3414 5346 ,
3446 5283 3534 5334 illa
3559 5297 3724 5350 pauca

2141 5387 2198 5432 ct
2221 5379 2418 5431 rariora
2447 5376 2694 5439 fuerunt;
2733 5386 2788 5430 ut
2813 5392 2934 5431 cum
2963 5377 3038 5429 sol
3068 5376 3339 5439 substitit,
3374 5375 3453 5428 vel
3483 5391 3604 5427 cum
3633 5392 3724 5429 re-

2145 5483 2376 5524 trorsum
2407 5469 2591 5522 abivit.
2636 5467 2799 5536 Signa
2842 5483 3052 5536 quoque
3079 5467 3216 5534 apud
3249 5480 3348 5518 nos
3378 5458 3509 5518 facta
3544 5467 3722 5520 videre

2145 5563 2291 5617 licuit
2317 5577 2330 5615 :
2360 5578 2479 5615 tum)
2508 5572 2661 5616 anule
2691 5569 2870 5614 nostra
2901 5558 2998 5613 sub
3024 5557 3250 5621 Juliano,
3277 5555 3366 5623 qui
3393 5568 3579 5608 omnes
3613 5553 3716 5605 itu-
