  <div class='ocr_page' id='page_1' title='image "/cluster/home/n/w/nwhite01/storage/ocr_20150623/57/mdp.39015008622600/055.png"; bbox 0 0 4060 6156; ppageno 0'>
   <div class='ocr_carea' id='block_1_1' title="bbox 363 173 3614 244">
    <p class='ocr_par' dir='ltr' id='par_1_1' title="bbox 363 173 3614 244">
     <span class='ocr_line' id='line_1_1' title="bbox 363 173 3614 244; baseline 0.004 -14"><span class='ocrx_word' id='word_1_1' title='bbox 363 193 422 244; x_wconf 69' lang='grc' dir='ltr'><strong>ιι</strong></span> <span class='ocrx_word' id='word_1_2' title='bbox 1099 175 1158 232; x_wconf 79' lang='grc' dir='ltr'><strong>Β.</strong></span> <span class='ocrx_word' id='word_1_3' title='bbox 1197 174 1483 231; x_wconf 77' lang='lat' dir='ltr'><strong>JOANNIS</strong></span> <span class='ocrx_word' id='word_1_4' title='bbox 1521 173 2003 231; x_wconf 72' lang='lat' dir='ltr'><strong>(IHRYSOSTOMI</strong></span> <span class='ocrx_word' id='word_1_5' title='bbox 2040 176 2359 235; x_wconf 72' lang='lat' dir='ltr'><strong>ARCHIEP.</strong></span> <span class='ocrx_word' id='word_1_6' title='bbox 2399 178 2937 237; x_wconf 82' lang='lat' dir='ltr'><strong>CONSTANTINOP.</strong></span> <span class='ocrx_word' id='word_1_7' title='bbox 3546 187 3614 244; x_wconf 72' lang='lat'><strong>42</strong></span> 
     </span>
    </p>
   </div>
   <div class='ocr_carea' id='block_1_2' title="bbox 365 276 1944 356">
    <p class='ocr_par' dir='ltr' id='par_1_2' title="bbox 365 276 1944 356">
     <span class='ocr_line' id='line_1_2' title="bbox 365 276 1944 356; baseline -0.009 -18"><span class='ocrx_word' id='word_1_8' title='bbox 365 295 562 356; x_wconf 75' lang='lat' dir='ltr'><strong>pietate</strong></span> <span class='ocrx_word' id='word_1_9' title='bbox 590 282 884 349; x_wconf 81' lang='lat' dir='ltr'><strong>superavit,</strong></span> <span class='ocrx_word' id='word_1_10' title='bbox 908 279 1068 333; x_wconf 81' lang='lat' dir='ltr'><strong>multa</strong></span> <span class='ocrx_word' id='word_1_11' title='bbox 1093 276 1460 344; x_wconf 89' lang='lat' dir='ltr'><strong>mirabiliaque</strong></span> <span class='ocrx_word' id='word_1_12' title='bbox 1487 276 1622 330; x_wconf 90' lang='lat' dir='ltr'><strong>facta</strong></span> <span class='ocrx_word' id='word_1_13' title='bbox 1643 285 1786 330; x_wconf 89' lang='lat' dir='ltr'><strong>sunt.</strong></span> <span class='ocrx_word' id='word_1_14' title='bbox 1817 278 1944 328; x_wconf 79' lang='lat' dir='ltr'><strong>Cum</strong></span> 
     </span>
    </p>
   </div>
   <div class='ocr_carea' id='block_1_3' title="bbox 364 366 1947 440">
    <p class='ocr_par' dir='ltr' id='par_1_3' title="bbox 364 366 1947 440">
     <span class='ocr_line' id='line_1_3' title="bbox 364 366 1947 440; baseline -0.004 -9"><span class='ocrx_word' id='word_1_15' title='bbox 364 377 506 431; x_wconf 88' lang='lat' dir='ltr'><strong>enim</strong></span> <span class='ocrx_word' id='word_1_16' title='bbox 563 374 734 430; x_wconf 69' lang='lat' dir='ltr'><strong>Judzei</strong></span> <span class='ocrx_word' id='word_1_17' title='bbox 781 370 1032 440; x_wconf 89' lang='lat' dir='ltr'><strong>templum</strong></span> <span class='ocrx_word' id='word_1_18' title='bbox 1076 366 1582 438; x_wconf 81' lang='lat' dir='ltr'><strong>Jerosolymitanum</strong></span> <span class='ocrx_word' id='word_1_19' title='bbox 1626 369 1947 424; x_wconf 72' lang='lat' dir='ltr'><strong>remdiﬁcare</strong></span> 
     </span>
    </p>
   </div>
   <div class='ocr_carea' id='block_1_4' title="bbox 365 457 1945 533">
    <p class='ocr_par' dir='ltr' id='par_1_4' title="bbox 365 457 1945 533">
     <span class='ocr_line' id='line_1_4' title="bbox 365 457 1945 533; baseline -0.005 -13"><span class='ocrx_word' id='word_1_20' title='bbox 365 476 654 528; x_wconf 86' lang='lat' dir='ltr'><strong>tentarent,</strong></span> <span class='ocrx_word' id='word_1_21' title='bbox 685 463 822 533; x_wconf 92' lang='lat' dir='ltr'><strong>ignis</strong></span> <span class='ocrx_word' id='word_1_22' title='bbox 861 477 893 514; x_wconf 92' lang='lat' dir='ltr'><strong>e</strong></span> <span class='ocrx_word' id='word_1_23' title='bbox 928 457 1286 512; x_wconf 77' lang='lat' dir='ltr'><strong>fundamentis</strong></span> <span class='ocrx_word' id='word_1_24' title='bbox 1320 472 1610 527; x_wconf 84' lang='lat' dir='ltr'><strong>erumpens</strong></span> <span class='ocrx_word' id='word_1_25' title='bbox 1638 473 1826 512; x_wconf 85' lang='lat' dir='ltr'><strong>omnes</strong></span> <span class='ocrx_word' id='word_1_26' title='bbox 1851 458 1945 512; x_wconf 91' lang='lat' dir='ltr'><strong>de-</strong></span> 
     </span>
    </p>
   </div>
   <div class='ocr_carea' id='block_1_5' title="bbox 369 547 1946 620">
    <p class='ocr_par' dir='ltr' id='par_1_5' title="bbox 369 547 1946 620">
     <span class='ocr_line' id='line_1_5' title="bbox 369 547 1946 620; baseline -0.008 -7"><span class='ocrx_word' id='word_1_27' title='bbox 369 559 594 620; x_wconf 88' lang='lat' dir='ltr'><strong>terruit;</strong></span> <span class='ocrx_word' id='word_1_28' title='bbox 622 563 674 608; x_wconf 90' lang='lat' dir='ltr'><strong>et</strong></span> <span class='ocrx_word' id='word_1_29' title='bbox 701 566 821 606; x_wconf 93' lang='lat' dir='ltr'><strong>cum</strong></span> <span class='ocrx_word' id='word_1_30' title='bbox 851 549 1096 604; x_wconf 80' lang='lat' dir='ltr'><strong>Julianus</strong></span> <span class='ocrx_word' id='word_1_31' title='bbox 1123 547 1357 604; x_wconf 90' lang='lat' dir='ltr'><strong>furorem</strong></span> <span class='ocrx_word' id='word_1_32' title='bbox 1388 564 1541 603; x_wconf 92' lang='lat' dir='ltr'><strong>suum</strong></span> <span class='ocrx_word' id='word_1_33' title='bbox 1575 550 1624 602; x_wconf 93' lang='lat' dir='ltr'><strong>in</strong></span> <span class='ocrx_word' id='word_1_34' title='bbox 1655 563 1776 604; x_wconf 89' lang='lat' dir='ltr'><strong>vasa</strong></span> <span class='ocrx_word' id='word_1_35' title='bbox 1799 563 1946 603; x_wconf 84' lang='lat' dir='ltr'><strong>sacra</strong></span> 
     </span>
    </p>
   </div>
   <div class='ocr_carea' id='block_1_6' title="bbox 368 639 1944 712">
    <p class='ocr_par' dir='ltr' id='par_1_6' title="bbox 368 639 1944 712">
     <span class='ocr_line' id='line_1_6' title="bbox 368 639 1944 712; baseline -0.008 -7"><span class='ocrx_word' id='word_1_36' title='bbox 368 655 678 708; x_wconf 78' lang='lat' dir='ltr'><strong>exerceret,</strong></span> <span class='ocrx_word' id='word_1_37' title='bbox 709 651 944 712; x_wconf 68' lang='lat' dir='ltr'><strong>qua:stor</strong></span> <span class='ocrx_word' id='word_1_38' title='bbox 969 648 1023 695; x_wconf 90' lang='lat' dir='ltr'><strong>et</strong></span> <span class='ocrx_word' id='word_1_39' title='bbox 1049 639 1247 696; x_wconf 86' lang='lat' dir='ltr'><strong>Juliani</strong></span> <span class='ocrx_word' id='word_1_40' title='bbox 1284 641 1576 696; x_wconf 77' lang='lat' dir='ltr'><strong>avunculus</strong></span> <span class='ocrx_word' id='word_1_41' title='bbox 1613 640 1711 709; x_wconf 86' lang='lat' dir='ltr'><strong>ipsi</strong></span> <span class='ocrx_word' id='word_1_42' title='bbox 1748 653 1944 710; x_wconf 87' lang='lat' dir='ltr'><strong>cogno-</strong></span> 
     </span>
    </p>
   </div>
   <div class='ocr_carea' id='block_1_7' title="bbox 369 731 1949 806">
    <p class='ocr_par' dir='ltr' id='par_1_7' title="bbox 369 731 1949 806">
     <span class='ocr_line' id='line_1_7' title="bbox 369 731 1949 806; baseline -0.008 -12"><span class='ocrx_word' id='word_1_43' title='bbox 369 739 526 794; x_wconf 87' lang='lat' dir='ltr'><strong>minis</strong></span> <span class='ocrx_word' id='word_1_44' title='bbox 573 735 714 806; x_wconf 84' lang='lat' dir='ltr'><strong>plexi</strong></span> <span class='ocrx_word' id='word_1_45' title='bbox 758 743 925 786; x_wconf 92' lang='lat' dir='ltr'><strong>sunt:</strong></span> <span class='ocrx_word' id='word_1_46' title='bbox 955 731 1103 802; x_wconf 88' lang='lat' dir='ltr'><strong>prior</strong></span> <span class='ocrx_word' id='word_1_47' title='bbox 1140 733 1282 788; x_wconf 90' lang='lat' dir='ltr'><strong>enim</strong></span> <span class='ocrx_word' id='word_1_48' title='bbox 1325 748 1354 785; x_wconf 93' lang='lat' dir='ltr'><strong>a</strong></span> <span class='ocrx_word' id='word_1_49' title='bbox 1391 733 1659 787; x_wconf 82' lang='lat' dir='ltr'><strong>vermibus</strong></span> <span class='ocrx_word' id='word_1_50' title='bbox 1695 745 1949 786; x_wconf 84' lang='lat' dir='ltr'><strong>corrosus</strong></span> 
     </span>
    </p>
   </div>
   <div class='ocr_carea' id='block_1_8' title="bbox 371 824 1952 894">
    <p class='ocr_par' dir='ltr' id='par_1_8' title="bbox 371 824 1952 894">
     <span class='ocr_line' id='line_1_8' title="bbox 371 824 1952 894; baseline -0.006 -10"><span class='ocrx_word' id='word_1_51' title='bbox 371 829 572 885; x_wconf 89' lang='lat' dir='ltr'><strong>interiit</strong></span> <span class='ocrx_word' id='word_1_52' title='bbox 595 869 610 894; x_wconf 92' lang='lat'><strong>,</strong></span> <span class='ocrx_word' id='word_1_53' title='bbox 639 827 776 880; x_wconf 85' lang='lat' dir='ltr'><strong>alter</strong></span> <span class='ocrx_word' id='word_1_54' title='bbox 802 840 931 879; x_wconf 89' lang='lat' dir='ltr'><strong>vero</strong></span> <span class='ocrx_word' id='word_1_55' title='bbox 955 824 1166 879; x_wconf 89' lang='lat' dir='ltr'><strong>medius</strong></span> <span class='ocrx_word' id='word_1_56' title='bbox 1193 824 1436 893; x_wconf 91' lang='lat' dir='ltr'><strong>diruptus</strong></span> <span class='ocrx_word' id='word_1_57' title='bbox 1463 833 1575 889; x_wconf 91' lang='lat' dir='ltr'><strong>est;</strong></span> <span class='ocrx_word' id='word_1_58' title='bbox 1619 824 1952 892; x_wconf 83' lang='lat' dir='ltr'><strong>peractisque</strong></span> 
     </span>
    </p>
   </div>
   <div class='ocr_carea' id='block_1_9' title="bbox 371 917 1947 986">
    <p class='ocr_par' dir='ltr' id='par_1_9' title="bbox 371 917 1947 986">
     <span class='ocr_line' id='line_1_9' title="bbox 371 917 1947 986; baseline -0.006 -8"><span class='ocrx_word' id='word_1_59' title='bbox 371 922 566 978; x_wconf 83' lang='lat' dir='ltr'><strong>ibidem</strong></span> <span class='ocrx_word' id='word_1_60' title='bbox 595 917 871 974; x_wconf 88' lang='lat' dir='ltr'><strong>sacriﬁciis</strong></span> <span class='ocrx_word' id='word_1_61' title='bbox 894 918 1068 972; x_wconf 88' lang='lat' dir='ltr'><strong>fontes</strong></span> <span class='ocrx_word' id='word_1_62' title='bbox 1088 917 1416 981; x_wconf 89' lang='lat' dir='ltr'><strong>defecerunt,</strong></span> <span class='ocrx_word' id='word_1_63' title='bbox 1443 928 1498 972; x_wconf 79' lang='lat' dir='ltr'><strong>et</strong></span> <span class='ocrx_word' id='word_1_64' title='bbox 1524 917 1689 971; x_wconf 87' lang='lat' dir='ltr'><strong>fames</strong></span> <span class='ocrx_word' id='word_1_65' title='bbox 1718 932 1835 986; x_wconf 67' lang='lat' dir='ltr'><strong>quae</strong></span> <span class='ocrx_word' id='word_1_66' title='bbox 1860 931 1947 970; x_wconf 88' lang='lat' dir='ltr'><strong>eo-</strong></span> 
     </span>
    </p>
   </div>
   <div class='ocr_carea' id='block_1_10' title="bbox 370 1006 1955 1081">
    <p class='ocr_par' dir='ltr' id='par_1_10' title="bbox 370 1006 1955 1081">
     <span class='ocr_line' id='line_1_10' title="bbox 370 1006 1955 1081; baseline -0.006 -11"><span class='ocrx_word' id='word_1_67' title='bbox 370 1017 492 1070; x_wconf 87' lang='lat' dir='ltr'><strong>dem</strong></span> <span class='ocrx_word' id='word_1_68' title='bbox 535 1014 829 1081; x_wconf 91' lang='lat' dir='ltr'><strong>imperante</strong></span> <span class='ocrx_word' id='word_1_69' title='bbox 863 1010 1109 1066; x_wconf 84' lang='lat' dir='ltr'><strong>civitates</strong></span> <span class='ocrx_word' id='word_1_70' title='bbox 1134 1010 1364 1076; x_wconf 92' lang='lat' dir='ltr'><strong>invasit,</strong></span> <span class='ocrx_word' id='word_1_71' title='bbox 1398 1009 1687 1064; x_wconf 84' lang='lat' dir='ltr'><strong>maximum</strong></span> <span class='ocrx_word' id='word_1_72' title='bbox 1717 1018 1832 1063; x_wconf 90' lang='lat' dir='ltr'><strong>erat</strong></span> <span class='ocrx_word' id='word_1_73' title='bbox 1857 1006 1955 1061; x_wconf 87' lang='lat' dir='ltr'><strong>tui-</strong></span> 
     </span>
    </p>
   </div>
   <div class='ocr_carea' id='block_1_11' title="bbox 373 1100 998 1161">
    <p class='ocr_par' dir='ltr' id='par_1_11' title="bbox 373 1100 998 1161">
     <span class='ocr_line' id='line_1_11' title="bbox 373 1100 998 1161; baseline -0.002 0"><span class='ocrx_word' id='word_1_74' title='bbox 373 1105 636 1161; x_wconf 85' lang='lat' dir='ltr'><strong>racuium.</strong></span> <span class='ocrx_word' id='word_1_75' title='bbox 985 1100 998 1113; x_wconf 72' lang='grc'><em>’</em></span> 
     </span>
    </p>
   </div>
   <div class='ocr_carea' id='block_1_12' title="bbox 426 1298 1939 1371">
    <p class='ocr_par' dir='ltr' id='par_1_12' title="bbox 426 1298 1939 1371">
     <span class='ocr_line' id='line_1_12' title="bbox 426 1298 1939 1371; baseline -0.008 -5"><span class='ocrx_word' id='word_1_76' title='bbox 426 1311 485 1366; x_wconf 78' lang='lat'><strong>2.</strong></span> <span class='ocrx_word' id='word_1_77' title='bbox 511 1310 660 1367; x_wconf 87' lang='lat' dir='ltr'><strong>Solet</strong></span> <span class='ocrx_word' id='word_1_78' title='bbox 695 1309 836 1364; x_wconf 87' lang='lat' dir='ltr'><strong>enim</strong></span> <span class='ocrx_word' id='word_1_79' title='bbox 874 1306 1014 1361; x_wconf 86' lang='lat' dir='ltr'><strong>Deus</strong></span> <span class='ocrx_word' id='word_1_80' title='bbox 1059 1305 1178 1359; x_wconf 57' lang='lat' dir='ltr'><strong>haec</strong></span> <span class='ocrx_word' id='word_1_81' title='bbox 1223 1301 1515 1358; x_wconf 88' lang='lat' dir='ltr'><strong>exhibere:</strong></span> <span class='ocrx_word' id='word_1_82' title='bbox 1543 1299 1756 1371; x_wconf 87' lang='lat' dir='ltr'><strong>quando</strong></span> <span class='ocrx_word' id='word_1_83' title='bbox 1797 1298 1939 1354; x_wconf 88' lang='lat' dir='ltr'><strong>mala</strong></span> 
     </span>
    </p>
   </div>
   <div class='ocr_carea' id='block_1_13' title="bbox 360 1390 1938 1474">
    <p class='ocr_par' dir='ltr' id='par_1_13' title="bbox 360 1390 1938 1474">
     <span class='ocr_line' id='line_1_13' title="bbox 360 1390 1938 1474; baseline -0.012 -13"><span class='ocrx_word' id='word_1_84' title='bbox 360 1421 520 1474; x_wconf 83' lang='lat' dir='ltr'><strong>supra</strong></span> <span class='ocrx_word' id='word_1_85' title='bbox 543 1400 758 1456; x_wconf 91' lang='lat' dir='ltr'><strong>modum</strong></span> <span class='ocrx_word' id='word_1_86' title='bbox 782 1407 1059 1467; x_wconf 82' lang='lat' dir='ltr'><strong>augentur,</strong></span> <span class='ocrx_word' id='word_1_87' title='bbox 1085 1409 1204 1450; x_wconf 87' lang='lat' dir='ltr'><strong>cunt</strong></span> <span class='ocrx_word' id='word_1_88' title='bbox 1236 1408 1360 1447; x_wconf 90' lang='lat' dir='ltr'><strong>suos</strong></span> <span class='ocrx_word' id='word_1_89' title='bbox 1381 1393 1433 1444; x_wconf 91' lang='lat' dir='ltr'><strong>in</strong></span> <span class='ocrx_word' id='word_1_90' title='bbox 1450 1393 1701 1445; x_wconf 77' lang='lat' dir='ltr'><strong>:erumnis</strong></span> <span class='ocrx_word' id='word_1_91' title='bbox 1714 1390 1938 1456; x_wconf 89' lang='lat' dir='ltr'><strong>versari,</strong></span> 
     </span>
    </p>
   </div>
   <div class='ocr_carea' id='block_1_14' title="bbox 361 1483 1944 1560">
    <p class='ocr_par' dir='ltr' id='par_1_14' title="bbox 361 1483 1944 1560">
     <span class='ocr_line' id='line_1_14' title="bbox 361 1483 1944 1560; baseline -0.011 -8"><span class='ocrx_word' id='word_1_92' title='bbox 361 1495 805 1560; x_wconf 70' lang='lat' dir='ltr'><strong>adversariosque</strong></span> <span class='ocrx_word' id='word_1_93' title='bbox 849 1489 1120 1559; x_wconf 87' lang='lat' dir='ltr'><strong>tyrannica</strong></span> <span class='ocrx_word' id='word_1_94' title='bbox 1162 1487 1212 1541; x_wconf 88' lang='lat' dir='ltr'><strong>vi</strong></span> <span class='ocrx_word' id='word_1_95' title='bbox 1260 1485 1573 1540; x_wconf 89' lang='lat' dir='ltr'><strong>debaccbari</strong></span> <span class='ocrx_word' id='word_1_96' title='bbox 1606 1483 1787 1547; x_wconf 83' lang='lat' dir='ltr'><strong>videt,</strong></span> <span class='ocrx_word' id='word_1_97' title='bbox 1821 1495 1944 1537; x_wconf 91' lang='lat' dir='ltr'><strong>tunc</strong></span> 
     </span>
    </p>
   </div>
   <div class='ocr_carea' id='block_1_15' title="bbox 364 1571 1945 1646">
    <p class='ocr_par' dir='ltr' id='par_1_15' title="bbox 364 1571 1945 1646">
     <span class='ocr_line' id='line_1_15' title="bbox 364 1571 1945 1646; baseline -0.012 -6"><span class='ocrx_word' id='word_1_98' title='bbox 364 1598 514 1640; x_wconf 81' lang='lat' dir='ltr'><strong>suam</strong></span> <span class='ocrx_word' id='word_1_99' title='bbox 528 1580 759 1636; x_wconf 89' lang='lat' dir='ltr'><strong>ostendit</strong></span> <span class='ocrx_word' id='word_1_100' title='bbox 775 1579 1084 1646; x_wconf 83' lang='lat' dir='ltr'><strong>potentiam.</strong></span> <span class='ocrx_word' id='word_1_101' title='bbox 1101 1575 1155 1629; x_wconf 94' lang='lat' dir='ltr'><strong>ld</strong></span> <span class='ocrx_word' id='word_1_102' title='bbox 1169 1574 1308 1645; x_wconf 84' lang='lat' dir='ltr'><strong>quod</strong></span> <span class='ocrx_word' id='word_1_103' title='bbox 1325 1573 1484 1629; x_wconf 90' lang='lat' dir='ltr'><strong>etiam</strong></span> <span class='ocrx_word' id='word_1_104' title='bbox 1504 1574 1553 1626; x_wconf 92' lang='lat' dir='ltr'><strong>in</strong></span> <span class='ocrx_word' id='word_1_105' title='bbox 1573 1571 1790 1627; x_wconf 88' lang='lat' dir='ltr'><strong>Perside</strong></span> <span class='ocrx_word' id='word_1_106' title='bbox 1805 1571 1945 1624; x_wconf 90' lang='lat' dir='ltr'><strong>circa</strong></span> 
     </span>
    </p>
   </div>
   <div class='ocr_carea' id='block_1_16' title="bbox 363 1660 1946 1742">
    <p class='ocr_par' dir='ltr' id='par_1_16' title="bbox 363 1660 1946 1742">
     <span class='ocr_line' id='line_1_16' title="bbox 363 1660 1946 1742; baseline -0.011 -10"><span class='ocrx_word' id='word_1_107' title='bbox 363 1677 575 1732; x_wconf 82' lang='lat' dir='ltr'><strong>Judaeos</strong></span> <span class='ocrx_word' id='word_1_108' title='bbox 606 1670 872 1742; x_wconf 67' lang='lat' dir='ltr'><strong>praestitit.</strong></span> <span class='ocrx_word' id='word_1_109' title='bbox 899 1669 1051 1735; x_wconf 87' lang='lat' dir='ltr'><strong>Quod</strong></span> <span class='ocrx_word' id='word_1_110' title='bbox 1081 1682 1207 1736; x_wconf 89' lang='lat' dir='ltr'><strong>ergo</strong></span> <span class='ocrx_word' id='word_1_111' title='bbox 1235 1681 1339 1720; x_wconf 91' lang='lat' dir='ltr'><strong>non</strong></span> <span class='ocrx_word' id='word_1_112' title='bbox 1390 1667 1506 1719; x_wconf 86' lang='lat' dir='ltr'><strong>sine</strong></span> <span class='ocrx_word' id='word_1_113' title='bbox 1544 1678 1703 1718; x_wconf 88' lang='lat' dir='ltr'><strong>causa</strong></span> <span class='ocrx_word' id='word_1_114' title='bbox 1749 1660 1946 1717; x_wconf 84' lang='lat' dir='ltr'><strong>Christi</strong></span> 
     </span>
    </p>
   </div>
   <div class='ocr_carea' id='block_1_17' title="bbox 368 1754 1939 1836">
    <p class='ocr_par' dir='ltr' id='par_1_17' title="bbox 368 1754 1939 1836">
     <span class='ocr_line' id='line_1_17' title="bbox 368 1754 1939 1836; baseline -0.011 -16"><span class='ocrx_word' id='word_1_115' title='bbox 368 1766 730 1836; x_wconf 77' lang='lat' dir='ltr'><strong>progenitores</strong></span> <span class='ocrx_word' id='word_1_116' title='bbox 777 1762 830 1815; x_wconf 94' lang='lat' dir='ltr'><strong>in</strong></span> <span class='ocrx_word' id='word_1_117' title='bbox 875 1770 987 1815; x_wconf 89' lang='lat' dir='ltr'><strong>tres</strong></span> <span class='ocrx_word' id='word_1_118' title='bbox 1032 1767 1210 1828; x_wconf 84' lang='lat' dir='ltr'><strong>partes</strong></span> <span class='ocrx_word' id='word_1_119' title='bbox 1248 1754 1614 1816; x_wconf 65' lang='lat' dir='ltr'><strong>distribuerit,</strong></span> <span class='ocrx_word' id='word_1_120' title='bbox 1661 1769 1727 1807; x_wconf 90' lang='lat' dir='ltr'><strong>ex</strong></span> <span class='ocrx_word' id='word_1_121' title='bbox 1776 1767 1939 1820; x_wconf 80' lang='lat' dir='ltr'><strong>supra</strong></span> 
     </span>
    </p>
   </div>
   <div class='ocr_carea' id='block_1_18' title="bbox 369 1843 1950 1924">
    <p class='ocr_par' dir='ltr' id='par_1_18' title="bbox 369 1843 1950 1924">
     <span class='ocr_line' id='line_1_18' title="bbox 369 1843 1950 1924; baseline -0.012 -15"><span class='ocrx_word' id='word_1_122' title='bbox 369 1856 522 1910; x_wconf 87' lang='lat' dir='ltr'><strong>dictis</strong></span> <span class='ocrx_word' id='word_1_123' title='bbox 557 1853 730 1924; x_wconf 87' lang='lat' dir='ltr'><strong>palam</strong></span> <span class='ocrx_word' id='word_1_124' title='bbox 757 1859 858 1905; x_wconf 90' lang='lat' dir='ltr'><strong>est.</strong></span> <span class='ocrx_word' id='word_1_125' title='bbox 891 1848 1294 1905; x_wconf 81' lang='lat' dir='ltr'><strong>Animadvertas</strong></span> <span class='ocrx_word' id='word_1_126' title='bbox 1324 1845 1484 1899; x_wconf 89' lang='lat' dir='ltr'><strong>velim</strong></span> <span class='ocrx_word' id='word_1_127' title='bbox 1535 1843 1625 1897; x_wconf 87' lang='lat' dir='ltr'><strong>ubi</strong></span> <span class='ocrx_word' id='word_1_128' title='bbox 1653 1844 1871 1909; x_wconf 82' lang='lat' dir='ltr'><strong>incipiat.</strong></span> <span class='ocrx_word' id='word_1_129' title='bbox 1899 1851 1950 1891; x_wconf 82' lang='lat' dir='ltr'><strong>ct</strong></span> 
     </span>
    </p>
   </div>
   <div class='ocr_carea' id='block_1_19' title="bbox 374 1937 1947 2021">
    <p class='ocr_par' dir='ltr' id='par_1_19' title="bbox 374 1937 1947 2021">
     <span class='ocr_line' id='line_1_19' title="bbox 374 1937 1947 2021; baseline -0.009 -15"><span class='ocrx_word' id='word_1_130' title='bbox 374 1966 480 2021; x_wconf 90' lang='lat' dir='ltr'><strong>quo</strong></span> <span class='ocrx_word' id='word_1_131' title='bbox 505 1947 718 2005; x_wconf 83' lang='lat' dir='ltr'><strong>desinat</strong></span> <span class='ocrx_word' id='word_1_132' title='bbox 747 1964 763 2001; x_wconf 87' lang='lat'><strong><em>:</em></strong></span> <span class='ocrx_word' id='word_1_133' title='bbox 804 1943 872 2000; x_wconf 88' lang='lat' dir='ltr'><strong>ab</strong></span> <span class='ocrx_word' id='word_1_134' title='bbox 903 1942 1165 1998; x_wconf 80' lang='lat' dir='ltr'><strong>Abraham</strong></span> <span class='ocrx_word' id='word_1_135' title='bbox 1199 1943 1250 1995; x_wconf 93' lang='lat' dir='ltr'><strong>in</strong></span> <span class='ocrx_word' id='word_1_136' title='bbox 1290 1939 1574 2005; x_wconf 89' lang='lat' dir='ltr'><strong>Davidcm;</strong></span> <span class='ocrx_word' id='word_1_137' title='bbox 1607 1953 1636 1992; x_wconf 89' lang='lat' dir='ltr'><strong>a</strong></span> <span class='ocrx_word' id='word_1_138' title='bbox 1668 1937 1865 1993; x_wconf 90' lang='lat' dir='ltr'><strong>Davide</strong></span> <span class='ocrx_word' id='word_1_139' title='bbox 1894 1953 1947 1992; x_wconf 88' lang='lat' dir='ltr'><strong>tn</strong></span> 
     </span>
    </p>
   </div>
   <div class='ocr_carea' id='block_1_20' title="bbox 371 2030 1946 2114">
    <p class='ocr_par' dir='ltr' id='par_1_20' title="bbox 371 2030 1946 2114">
     <span class='ocr_line' id='line_1_20' title="bbox 371 2030 1946 2114; baseline -0.009 -15"><span class='ocrx_word' id='word_1_140' title='bbox 371 2042 728 2114; x_wconf 80' lang='lat' dir='ltr'><strong>captivitatem</strong></span> <span class='ocrx_word' id='word_1_141' title='bbox 754 2038 1066 2109; x_wconf 83' lang='lat' dir='ltr'><strong>Babylonis;</strong></span> <span class='ocrx_word' id='word_1_142' title='bbox 1115 2037 1182 2088; x_wconf 92' lang='lat' dir='ltr'><strong>ab</strong></span> <span class='ocrx_word' id='word_1_143' title='bbox 1230 2034 1331 2088; x_wconf 89' lang='lat' dir='ltr'><strong>hac</strong></span> <span class='ocrx_word' id='word_1_144' title='bbox 1359 2033 1415 2088; x_wconf 91' lang='lat' dir='ltr'><strong>in</strong></span> <span class='ocrx_word' id='word_1_145' title='bbox 1449 2032 1623 2101; x_wconf 89' lang='lat' dir='ltr'><strong>ipsum</strong></span> <span class='ocrx_word' id='word_1_146' title='bbox 1654 2030 1946 2087; x_wconf 86' lang='lat' dir='ltr'><strong>Christum.</strong></span> 
     </span>
    </p>
   </div>
   <div class='ocr_carea' id='block_1_21' title="bbox 370 2122 1950 2193">
    <p class='ocr_par' dir='ltr' id='par_1_21' title="bbox 370 2122 1950 2193">
     <span class='ocr_line' id='line_1_21' title="bbox 370 2122 1950 2193; baseline -0.009 -3"><span class='ocrx_word' id='word_1_147' title='bbox 370 2135 502 2190; x_wconf 71' lang='lat' dir='ltr'><strong>Nam</strong></span> <span class='ocrx_word' id='word_1_148' title='bbox 527 2133 677 2188; x_wconf 91' lang='lat' dir='ltr'><strong>initio</strong></span> <span class='ocrx_word' id='word_1_149' title='bbox 698 2131 885 2186; x_wconf 91' lang='lat' dir='ltr'><strong>ambos</strong></span> <span class='ocrx_word' id='word_1_150' title='bbox 914 2142 1016 2182; x_wconf 88' lang='lat' dir='ltr'><strong>una</strong></span> <span class='ocrx_word' id='word_1_151' title='bbox 1045 2125 1184 2181; x_wconf 90' lang='lat' dir='ltr'><strong>serie</strong></span> <span class='ocrx_word' id='word_1_152' title='bbox 1207 2125 1400 2193; x_wconf 89' lang='lat' dir='ltr'><strong>posuit,</strong></span> <span class='ocrx_word' id='word_1_153' title='bbox 1423 2123 1673 2178; x_wconf 87' lang='lat' dir='ltr'><strong>Davidem</strong></span> <span class='ocrx_word' id='word_1_154' title='bbox 1705 2132 1758 2176; x_wconf 93' lang='lat' dir='ltr'><strong>et</strong></span> <span class='ocrx_word' id='word_1_155' title='bbox 1781 2122 1950 2177; x_wconf 82' lang='lat' dir='ltr'><strong>Abra-</strong></span> 
     </span>
    </p>
   </div>
   <div class='ocr_carea' id='block_1_22' title="bbox 373 2214 1950 2288">
    <p class='ocr_par' dir='ltr' id='par_1_22' title="bbox 373 2214 1950 2288">
     <span class='ocr_line' id='line_1_22' title="bbox 373 2214 1950 2288; baseline -0.006 -10"><span class='ocrx_word' id='word_1_156' title='bbox 373 2214 584 2280; x_wconf 86' lang='lat' dir='ltr'><strong>lamum</strong></span> <span class='ocrx_word' id='word_1_157' title='bbox 623 2241 638 2278; x_wconf 90' lang='lat'><strong>:</strong></span> <span class='ocrx_word' id='word_1_158' title='bbox 664 2222 858 2278; x_wconf 91' lang='lat' dir='ltr'><strong>deinde</strong></span> <span class='ocrx_word' id='word_1_159' title='bbox 888 2227 1157 2286; x_wconf 90' lang='lat' dir='ltr'><strong>resumpta</strong></span> <span class='ocrx_word' id='word_1_160' title='bbox 1188 2217 1497 2288; x_wconf 87' lang='lat' dir='ltr'><strong>genealogia</strong></span> <span class='ocrx_word' id='word_1_161' title='bbox 1525 2226 1812 2284; x_wconf 85' lang='lat' dir='ltr'><strong>utrumque</strong></span> <span class='ocrx_word' id='word_1_162' title='bbox 1833 2229 1950 2268; x_wconf 88' lang='lat' dir='ltr'><strong>me-</strong></span> 
     </span>
    </p>
   </div>
   <div class='ocr_carea' id='block_1_23' title="bbox 370 2307 1950 2381">
    <p class='ocr_par' dir='ltr' id='par_1_23' title="bbox 370 2307 1950 2381">
     <span class='ocr_line' id='line_1_23' title="bbox 370 2307 1950 2381; baseline -0.009 -10"><span class='ocrx_word' id='word_1_163' title='bbox 370 2316 612 2371; x_wconf 91' lang='lat' dir='ltr'><strong>moravit.</strong></span> <span class='ocrx_word' id='word_1_164' title='bbox 646 2315 797 2377; x_wconf 84' lang='lat' dir='ltr'><strong>Nam,</strong></span> <span class='ocrx_word' id='word_1_165' title='bbox 826 2321 884 2365; x_wconf 89' lang='lat' dir='ltr'><strong>ut</strong></span> <span class='ocrx_word' id='word_1_166' title='bbox 907 2312 1016 2381; x_wconf 90' lang='lat' dir='ltr'><strong>jam</strong></span> <span class='ocrx_word' id='word_1_167' title='bbox 1045 2309 1186 2373; x_wconf 88' lang='lat' dir='ltr'><strong>dixi,</strong></span> <span class='ocrx_word' id='word_1_168' title='bbox 1219 2309 1323 2363; x_wconf 90' lang='lat' dir='ltr'><strong>illis</strong></span> <span class='ocrx_word' id='word_1_169' title='bbox 1354 2308 1507 2362; x_wconf 70' lang='lat' dir='ltr'><strong>facta:</strong></span> <span class='ocrx_word' id='word_1_170' title='bbox 1563 2307 1775 2360; x_wconf 79' lang='lat' dir='ltr'><strong>fuerant</strong></span> <span class='ocrx_word' id='word_1_171' title='bbox 1820 2321 1950 2374; x_wconf 87' lang='lat' dir='ltr'><strong>pro-</strong></span> 
     </span>
    </p>
   </div>
   <div class='ocr_carea' id='block_1_24' title="bbox 372 2397 1952 2471">
    <p class='ocr_par' dir='ltr' id='par_1_24' title="bbox 372 2397 1952 2471">
     <span class='ocr_line' id='line_1_24' title="bbox 372 2397 1952 2471; baseline -0.009 -10"><span class='ocrx_word' id='word_1_172' title='bbox 372 2408 669 2462; x_wconf 88' lang='lat' dir='ltr'><strong>missiones.</strong></span> <span class='ocrx_word' id='word_1_173' title='bbox 697 2403 804 2458; x_wconf 91' lang='lat' dir='ltr'><strong>Cur</strong></span> <span class='ocrx_word' id='word_1_174' title='bbox 847 2417 1039 2471; x_wconf 91' lang='lat' dir='ltr'><strong>porro,</strong></span> <span class='ocrx_word' id='word_1_175' title='bbox 1095 2409 1152 2454; x_wconf 93' lang='lat' dir='ltr'><strong>ut</strong></span> <span class='ocrx_word' id='word_1_176' title='bbox 1182 2399 1556 2468; x_wconf 80' lang='lat' dir='ltr'><strong>Babylonicam</strong></span> <span class='ocrx_word' id='word_1_177' title='bbox 1606 2397 1952 2464; x_wconf 83' lang='lat' dir='ltr'><strong>transmigra-</strong></span> 
     </span>
    </p>
   </div>
   <div class='ocr_carea' id='block_1_25' title="bbox 371 2488 1953 2562">
    <p class='ocr_par' dir='ltr' id='par_1_25' title="bbox 371 2488 1953 2562">
     <span class='ocr_line' id='line_1_25' title="bbox 371 2488 1953 2562; baseline -0.008 -8"><span class='ocrx_word' id='word_1_178' title='bbox 371 2503 570 2555; x_wconf 91' lang='lat' dir='ltr'><strong>tionem</strong></span> <span class='ocrx_word' id='word_1_179' title='bbox 603 2496 939 2559; x_wconf 86' lang='lat' dir='ltr'><strong>memoravit,</strong></span> <span class='ocrx_word' id='word_1_180' title='bbox 973 2509 1075 2547; x_wconf 93' lang='lat' dir='ltr'><strong>non</strong></span> <span class='ocrx_word' id='word_1_181' title='bbox 1116 2493 1336 2562; x_wconf 89' lang='lat' dir='ltr'><strong>perinde</strong></span> <span class='ocrx_word' id='word_1_182' title='bbox 1361 2492 1654 2546; x_wconf 89' lang='lat' dir='ltr'><strong>descensus</strong></span> <span class='ocrx_word' id='word_1_183' title='bbox 1687 2490 1737 2542; x_wconf 84' lang='lat' dir='ltr'><strong>in</strong></span> <span class='ocrx_word' id='word_1_184' title='bbox 1784 2488 1953 2558; x_wconf 54' lang='lat' dir='ltr'><strong>{Egy-</strong></span> 
     </span>
    </p>
   </div>
   <div class='ocr_carea' id='block_1_26' title="bbox 371 2580 1952 2662">
    <p class='ocr_par' dir='ltr' id='par_1_26' title="bbox 371 2580 1952 2662">
     <span class='ocr_line' id='line_1_26' title="bbox 371 2580 1952 2662; baseline -0.009 -17"><span class='ocrx_word' id='word_1_185' title='bbox 371 2602 518 2662; x_wconf 90' lang='lat' dir='ltr'><strong>ptum</strong></span> <span class='ocrx_word' id='word_1_186' title='bbox 538 2588 861 2644; x_wconf 90' lang='lat' dir='ltr'><strong>mentionem</strong></span> <span class='ocrx_word' id='word_1_187' title='bbox 891 2585 1012 2640; x_wconf 91' lang='lat' dir='ltr'><strong>fecit</strong></span> <span class='ocrx_word' id='word_1_188' title='bbox 1035 2585 1058 2637; x_wconf 87' lang='lat'><strong>?</strong></span> <span class='ocrx_word' id='word_1_189' title='bbox 1083 2584 1213 2651; x_wconf 87' lang='lat' dir='ltr'><strong>Quia</strong></span> <span class='ocrx_word' id='word_1_190' title='bbox 1245 2581 1526 2652; x_wconf 66' lang='lat' dir='ltr'><strong>Egyptios</strong></span> <span class='ocrx_word' id='word_1_191' title='bbox 1555 2596 1659 2633; x_wconf 88' lang='lat' dir='ltr'><strong>non</strong></span> <span class='ocrx_word' id='word_1_192' title='bbox 1680 2580 1812 2632; x_wconf 82' lang='lat' dir='ltr'><strong>ultra</strong></span> <span class='ocrx_word' id='word_1_193' title='bbox 1840 2593 1952 2631; x_wconf 91' lang='lat' dir='ltr'><strong>me-</strong></span> 
     </span>
    </p>
   </div>
   <div class='ocr_carea' id='block_1_27' title="bbox 371 2671 1946 2752">
    <p class='ocr_par' dir='ltr' id='par_1_27' title="bbox 371 2671 1946 2752">
     <span class='ocr_line' id='line_1_27' title="bbox 371 2671 1946 2752; baseline -0.01 -14"><span class='ocrx_word' id='word_1_194' title='bbox 371 2685 620 2749; x_wconf 90' lang='lat' dir='ltr'><strong>tuebant,</strong></span> <span class='ocrx_word' id='word_1_195' title='bbox 671 2680 992 2752; x_wconf 83' lang='lat' dir='ltr'><strong>Babylonios</strong></span> <span class='ocrx_word' id='word_1_196' title='bbox 1037 2692 1166 2731; x_wconf 90' lang='lat' dir='ltr'><strong>vero</strong></span> <span class='ocrx_word' id='word_1_197' title='bbox 1195 2675 1368 2729; x_wconf 91' lang='lat' dir='ltr'><strong>adhuc</strong></span> <span class='ocrx_word' id='word_1_198' title='bbox 1422 2673 1718 2728; x_wconf 85' lang='lat' dir='ltr'><strong>tremebant</strong></span> <span class='ocrx_word' id='word_1_199' title='bbox 1774 2671 1946 2724; x_wconf 89' lang='lat' dir='ltr'><strong>:illud</strong></span> 
     </span>
    </p>
   </div>
   <div class='ocr_carea' id='block_1_28' title="bbox 368 2766 1950 2845">
    <p class='ocr_par' dir='ltr' id='par_1_28' title="bbox 368 2766 1950 2845">
     <span class='ocr_line' id='line_1_28' title="bbox 368 2766 1950 2845; baseline -0.008 -14"><span class='ocrx_word' id='word_1_200' title='bbox 368 2778 509 2831; x_wconf 89' lang='lat' dir='ltr'><strong>enim</strong></span> <span class='ocrx_word' id='word_1_201' title='bbox 536 2775 766 2845; x_wconf 90' lang='lat' dir='ltr'><strong>priscum</strong></span> <span class='ocrx_word' id='word_1_202' title='bbox 797 2781 946 2832; x_wconf 89' lang='lat' dir='ltr'><strong>erat,</strong></span> <span class='ocrx_word' id='word_1_203' title='bbox 970 2770 1072 2824; x_wconf 91' lang='lat' dir='ltr'><strong>hoc</strong></span> <span class='ocrx_word' id='word_1_204' title='bbox 1101 2784 1228 2823; x_wconf 91' lang='lat' dir='ltr'><strong>vero</strong></span> <span class='ocrx_word' id='word_1_205' title='bbox 1268 2782 1456 2821; x_wconf 84' lang='lat' dir='ltr'><strong>recens</strong></span> <span class='ocrx_word' id='word_1_206' title='bbox 1479 2807 1496 2832; x_wconf 96' lang='lat'><strong>,</strong></span> <span class='ocrx_word' id='word_1_207' title='bbox 1542 2776 1596 2819; x_wconf 88' lang='lat' dir='ltr'><strong>et</strong></span> <span class='ocrx_word' id='word_1_208' title='bbox 1624 2766 1782 2833; x_wconf 90' lang='lat' dir='ltr'><strong>paulo</strong></span> <span class='ocrx_word' id='word_1_209' title='bbox 1823 2771 1950 2818; x_wconf 87' lang='lat' dir='ltr'><strong>ante</strong></span> 
     </span>
    </p>
   </div>
   <div class='ocr_carea' id='block_1_29' title="bbox 368 2853 1945 2938">
    <p class='ocr_par' dir='ltr' id='par_1_29' title="bbox 368 2853 1945 2938">
     <span class='ocr_line' id='line_1_29' title="bbox 368 2853 1945 2938; baseline -0.008 -17"><span class='ocrx_word' id='word_1_210' title='bbox 368 2878 614 2938; x_wconf 87' lang='lat' dir='ltr'><strong>gestum;</strong></span> <span class='ocrx_word' id='word_1_211' title='bbox 645 2874 805 2933; x_wconf 88' lang='lat' dir='ltr'><strong>atque</strong></span> <span class='ocrx_word' id='word_1_212' title='bbox 835 2862 962 2916; x_wconf 91' lang='lat' dir='ltr'><strong>illuc</strong></span> <span class='ocrx_word' id='word_1_213' title='bbox 989 2875 1096 2915; x_wconf 89' lang='lat' dir='ltr'><strong>non</strong></span> <span class='ocrx_word' id='word_1_214' title='bbox 1143 2853 1222 2913; x_wconf 76' lang='lat' dir='ltr'><strong>ob&#39;</strong></span> <span class='ocrx_word' id='word_1_215' title='bbox 1242 2868 1460 2928; x_wconf 89' lang='lat' dir='ltr'><strong>peccata</strong></span> <span class='ocrx_word' id='word_1_216' title='bbox 1507 2856 1722 2911; x_wconf 89' lang='lat' dir='ltr'><strong>deducti</strong></span> <span class='ocrx_word' id='word_1_217' title='bbox 1751 2864 1908 2911; x_wconf 89' lang='lat' dir='ltr'><strong>erant</strong></span> <span class='ocrx_word' id='word_1_218' title='bbox 1929 2896 1945 2920; x_wconf 93' lang='lat'><strong>,</strong></span> 
     </span>
    </p>
   </div>
   <div class='ocr_carea' id='block_1_30' title="bbox 369 2947 1940 3015">
    <p class='ocr_par' dir='ltr' id='par_1_30' title="bbox 369 2947 1940 3015">
     <span class='ocr_line' id='line_1_30' title="bbox 369 2947 1940 3015; baseline -0.008 -2"><span class='ocrx_word' id='word_1_219' title='bbox 369 2963 504 3014; x_wconf 87' lang='lat' dir='ltr'><strong>istuc</strong></span> <span class='ocrx_word' id='word_1_220' title='bbox 542 2972 671 3012; x_wconf 90' lang='lat' dir='ltr'><strong>vero</strong></span> <span class='ocrx_word' id='word_1_221' title='bbox 714 2955 977 3010; x_wconf 88' lang='lat' dir='ltr'><strong>scelerum</strong></span> <span class='ocrx_word' id='word_1_222' title='bbox 1001 2967 1159 3006; x_wconf 89' lang='lat' dir='ltr'><strong>causa</strong></span> <span class='ocrx_word' id='word_1_223' title='bbox 1192 2949 1434 3005; x_wconf 86' lang='lat' dir='ltr'><strong>translati</strong></span> <span class='ocrx_word' id='word_1_224' title='bbox 1463 2947 1693 3002; x_wconf 83' lang='lat' dir='ltr'><strong>fuerant.</strong></span> <span class='ocrx_word' id='word_1_225' title='bbox 1733 2947 1791 3003; x_wconf 89' lang='lat' dir='ltr'><strong>Si</strong></span> <span class='ocrx_word' id='word_1_226' title='bbox 1820 2947 1940 3015; x_wconf 87' lang='lat' dir='ltr'><strong>quis</strong></span> 
     </span>
    </p>
   </div>
   <div class='ocr_carea' id='block_1_31' title="bbox 371 3039 1948 3114">
    <p class='ocr_par' dir='ltr' id='par_1_31' title="bbox 371 3039 1948 3114">
     <span class='ocr_line' id='line_1_31' title="bbox 371 3039 1948 3114; baseline -0.005 -12"><span class='ocrx_word' id='word_1_227' title='bbox 371 3068 501 3107; x_wconf 85' lang='lat' dir='ltr'><strong>vero</strong></span> <span class='ocrx_word' id='word_1_228' title='bbox 532 3050 804 3106; x_wconf 90' lang='lat' dir='ltr'><strong>nominum</strong></span> <span class='ocrx_word' id='word_1_229' title='bbox 827 3045 1322 3114; x_wconf 87' lang='lat' dir='ltr'><strong>interpretationem</strong></span> <span class='ocrx_word' id='word_1_230' title='bbox 1345 3040 1564 3111; x_wconf 80' lang='lat' dir='ltr'><strong>aggredi</strong></span> <span class='ocrx_word' id='word_1_231' title='bbox 1607 3039 1772 3105; x_wconf 88' lang='lat' dir='ltr'><strong>velit,</strong></span> <span class='ocrx_word' id='word_1_232' title='bbox 1806 3041 1948 3094; x_wconf 84' lang='lat' dir='ltr'><strong>mul-</strong></span> 
     </span>
    </p>
   </div>
   <div class='ocr_carea' id='block_1_32' title="bbox 368 3130 1949 3211">
    <p class='ocr_par' dir='ltr' id='par_1_32' title="bbox 368 3130 1949 3211">
     <span class='ocr_line' id='line_1_32' title="bbox 368 3130 1949 3211; baseline -0.008 -14"><span class='ocrx_word' id='word_1_233' title='bbox 368 3153 474 3197; x_wconf 86' lang='lat' dir='ltr'><strong>tam</strong></span> <span class='ocrx_word' id='word_1_234' title='bbox 507 3143 576 3196; x_wconf 87' lang='lat' dir='ltr'><strong>ibi</strong></span> <span class='ocrx_word' id='word_1_235' title='bbox 604 3140 835 3211; x_wconf 89' lang='lat' dir='ltr'><strong>reperiet</strong></span> <span class='ocrx_word' id='word_1_236' title='bbox 859 3135 1168 3206; x_wconf 85' lang='lat' dir='ltr'><strong>speculandi</strong></span> <span class='ocrx_word' id='word_1_237' title='bbox 1213 3134 1490 3187; x_wconf 87' lang='lat' dir='ltr'><strong>materiam</strong></span> <span class='ocrx_word' id='word_1_238' title='bbox 1519 3173 1534 3198; x_wconf 93' lang='lat'><strong>,</strong></span> <span class='ocrx_word' id='word_1_239' title='bbox 1567 3147 1688 3201; x_wconf 72' lang='lat' dir='ltr'><strong>quze</strong></span> <span class='ocrx_word' id='word_1_240' title='bbox 1712 3131 1776 3185; x_wconf 92' lang='lat' dir='ltr'><strong>ad</strong></span> <span class='ocrx_word' id='word_1_241' title='bbox 1817 3130 1949 3185; x_wconf 81' lang='lat' dir='ltr'><strong>Novi</strong></span> 
     </span>
    </p>
   </div>
   <div class='ocr_carea' id='block_1_33' title="bbox 368 3221 1952 3296">
    <p class='ocr_par' dir='ltr' id='par_1_33' title="bbox 368 3221 1952 3296">
     <span class='ocr_line' id='line_1_33' title="bbox 368 3221 1952 3296; baseline -0.008 -8"><span class='ocrx_word' id='word_1_242' title='bbox 368 3231 693 3288; x_wconf 81' lang='lat' dir='ltr'><strong>&#39;l&#39;estamenti</strong></span> <span class='ocrx_word' id='word_1_243' title='bbox 716 3228 1118 3296; x_wconf 90' lang='lat' dir='ltr'><strong>intelligentiam</strong></span> <span class='ocrx_word' id='word_1_244' title='bbox 1147 3225 1376 3279; x_wconf 85' lang='lat' dir='ltr'><strong>maxime</strong></span> <span class='ocrx_word' id='word_1_245' title='bbox 1410 3221 1686 3288; x_wconf 89' lang='lat' dir='ltr'><strong>conferat;</strong></span> <span class='ocrx_word' id='word_1_246' title='bbox 1719 3221 1952 3289; x_wconf 80' lang='lat' dir='ltr'><strong>exempli</strong></span> 
     </span>
    </p>
   </div>
   <div class='ocr_carea' id='block_1_34' title="bbox 366 3311 1946 3380">
    <p class='ocr_par' dir='ltr' id='par_1_34' title="bbox 366 3311 1946 3380">
     <span class='ocr_line' id='line_1_34' title="bbox 366 3311 1946 3380; baseline -0.009 -1"><span class='ocrx_word' id='word_1_247' title='bbox 366 3339 522 3379; x_wconf 71' lang='lat' dir='ltr'><strong>causa</strong></span> <span class='ocrx_word' id='word_1_248' title='bbox 548 3339 616 3378; x_wconf 89' lang='lat' dir='ltr'><strong>ex</strong></span> <span class='ocrx_word' id='word_1_249' title='bbox 650 3319 956 3375; x_wconf 91' lang='lat' dir='ltr'><strong>nominibus</strong></span> <span class='ocrx_word' id='word_1_250' title='bbox 995 3316 1283 3373; x_wconf 83' lang='lat' dir='ltr'><strong>Abrahami</strong></span> <span class='ocrx_word' id='word_1_251' title='bbox 1315 3356 1328 3380; x_wconf 93' lang='lat'><strong>,</strong></span> <span class='ocrx_word' id='word_1_252' title='bbox 1355 3314 1561 3376; x_wconf 80' lang='lat' dir='ltr'><strong>Jacobi,</strong></span> <span class='ocrx_word' id='word_1_253' title='bbox 1597 3311 1905 3369; x_wconf 91' lang='lat' dir='ltr'><strong>Salomonis</strong></span> <span class='ocrx_word' id='word_1_254' title='bbox 1930 3352 1946 3378; x_wconf 97' lang='lat'><strong>,</strong></span> 
     </span>
    </p>
   </div>
   <div class='ocr_carea' id='block_1_35' title="bbox 367 3404 1945 3471">
    <p class='ocr_par' dir='ltr' id='par_1_35' title="bbox 367 3404 1945 3471">
     <span class='ocr_line' id='line_1_35' title="bbox 367 3404 1945 3471; baseline -0.01 0"><span class='ocrx_word' id='word_1_255' title='bbox 367 3414 706 3471; x_wconf 79' lang='lat' dir='ltr'><strong>anobabelis</strong></span> <span class='ocrx_word' id='word_1_256' title='bbox 736 3431 749 3467; x_wconf 88' lang='lat'><strong>:</strong></span> <span class='ocrx_word' id='word_1_257' title='bbox 784 3408 888 3466; x_wconf 71' lang='lat' dir='ltr'><strong>non</strong></span> <span class='ocrx_word' id='word_1_258' title='bbox 921 3412 1063 3467; x_wconf 89' lang='lat' dir='ltr'><strong>enim</strong></span> <span class='ocrx_word' id='word_1_259' title='bbox 1093 3420 1295 3464; x_wconf 89' lang='lat' dir='ltr'><strong>temere</strong></span> <span class='ocrx_word' id='word_1_260' title='bbox 1322 3409 1436 3461; x_wconf 63' lang='lat' dir='ltr'><strong>haec</strong></span> <span class='ocrx_word' id='word_1_261' title='bbox 1474 3407 1579 3460; x_wconf 88' lang='lat' dir='ltr'><strong>illis</strong></span> <span class='ocrx_word' id='word_1_262' title='bbox 1620 3405 1837 3459; x_wconf 88' lang='lat' dir='ltr'><strong>nomina</strong></span> <span class='ocrx_word' id='word_1_263' title='bbox 1861 3404 1945 3457; x_wconf 56' lang='lat' dir='ltr'><strong>in.</strong></span> 
     </span>
    </p>
   </div>
   <div class='ocr_carea' id='block_1_36' title="bbox 365 3495 1949 3572">
    <p class='ocr_par' dir='ltr' id='par_1_36' title="bbox 365 3495 1949 3572">
     <span class='ocr_line' id='line_1_36' title="bbox 365 3495 1949 3572; baseline -0.011 -8"><span class='ocrx_word' id='word_1_264' title='bbox 365 3509 474 3564; x_wconf 89' lang='lat' dir='ltr'><strong>dita</strong></span> <span class='ocrx_word' id='word_1_265' title='bbox 505 3515 644 3561; x_wconf 89' lang='lat' dir='ltr'><strong>sunt.</strong></span> <span class='ocrx_word' id='word_1_266' title='bbox 671 3505 775 3561; x_wconf 89' lang='lat' dir='ltr'><strong>Sed</strong></span> <span class='ocrx_word' id='word_1_267' title='bbox 807 3521 873 3558; x_wconf 94' lang='lat' dir='ltr'><strong>nc</strong></span> <span class='ocrx_word' id='word_1_268' title='bbox 913 3503 1121 3572; x_wconf 91' lang='lat' dir='ltr'><strong>longius</strong></span> <span class='ocrx_word' id='word_1_269' title='bbox 1147 3509 1494 3555; x_wconf 88' lang='lat' dir='ltr'><strong>excurrentes</strong></span> <span class='ocrx_word' id='word_1_270' title='bbox 1535 3495 1835 3552; x_wconf 90' lang='lat' dir='ltr'><strong>molestiam</strong></span> <span class='ocrx_word' id='word_1_271' title='bbox 1864 3495 1949 3548; x_wconf 58' lang='lat' dir='ltr'><strong>in-</strong></span> 
     </span>
    </p>
   </div>
   <div class='ocr_carea' id='block_1_37' title="bbox 367 3587 1946 3663">
    <p class='ocr_par' dir='ltr' id='par_1_37' title="bbox 367 3587 1946 3663">
     <span class='ocr_line' id='line_1_37' title="bbox 367 3587 1946 3663; baseline -0.01 -10"><span class='ocrx_word' id='word_1_272' title='bbox 367 3601 620 3663; x_wconf 86' lang='lat' dir='ltr'><strong>feramus,</strong></span> <span class='ocrx_word' id='word_1_273' title='bbox 653 3597 830 3650; x_wconf 88' lang='lat' dir='ltr'><strong>missis</strong></span> <span class='ocrx_word' id='word_1_274' title='bbox 861 3595 986 3658; x_wconf 89' lang='lat' dir='ltr'><strong>illis,</strong></span> <span class='ocrx_word' id='word_1_275' title='bbox 1014 3592 1081 3645; x_wconf 90' lang='lat' dir='ltr'><strong>ad</strong></span> <span class='ocrx_word' id='word_1_276' title='bbox 1108 3591 1274 3660; x_wconf 91' lang='lat' dir='ltr'><strong>magis</strong></span> <span class='ocrx_word' id='word_1_277' title='bbox 1303 3587 1605 3643; x_wconf 88' lang='lat' dir='ltr'><strong>necessaria</strong></span> <span class='ocrx_word' id='word_1_278' title='bbox 1647 3587 1946 3640; x_wconf 85' lang='lat' dir='ltr'><strong>veniamus.</strong></span> 
     </span>
    </p>
   </div>
   <div class='ocr_carea' id='block_1_38' title="bbox 366 3676 1949 3758">
    <p class='ocr_par' dir='ltr' id='par_1_38' title="bbox 366 3676 1949 3758">
     <span class='ocr_line' id='line_1_38' title="bbox 366 3676 1949 3758; baseline -0.011 -11"><span class='ocrx_word' id='word_1_279' title='bbox 366 3695 496 3747; x_wconf 81' lang='lat' dir='ltr'><strong>Cum</strong></span> <span class='ocrx_word' id='word_1_280' title='bbox 531 3691 708 3758; x_wconf 88' lang='lat' dir='ltr'><strong>itaque</strong></span> <span class='ocrx_word' id='word_1_281' title='bbox 760 3685 1126 3756; x_wconf 82' lang='lat' dir='ltr'><strong>progenitores</strong></span> <span class='ocrx_word' id='word_1_282' title='bbox 1152 3695 1338 3735; x_wconf 88' lang='lat' dir='ltr'><strong>omnes</strong></span> <span class='ocrx_word' id='word_1_283' title='bbox 1366 3686 1735 3732; x_wconf 86' lang='lat' dir='ltr'><strong>enumerasset</strong></span> <span class='ocrx_word' id='word_1_284' title='bbox 1758 3717 1774 3742; x_wconf 97' lang='lat'><strong>,</strong></span> <span class='ocrx_word' id='word_1_285' title='bbox 1798 3685 1853 3730; x_wconf 90' lang='lat' dir='ltr'><strong>et</strong></span> <span class='ocrx_word' id='word_1_286' title='bbox 1896 3676 1949 3730; x_wconf 94' lang='lat' dir='ltr'><strong>in</strong></span> 
     </span>
    </p>
   </div>
   <div class='ocr_carea' id='block_1_39' title="bbox 365 3767 1949 3850">
    <p class='ocr_par' dir='ltr' id='par_1_39' title="bbox 365 3767 1949 3850">
     <span class='ocr_line' id='line_1_39' title="bbox 365 3767 1949 3850; baseline -0.01 -13"><span class='ocrx_word' id='word_1_287' title='bbox 365 3781 655 3850; x_wconf 85' lang='lat' dir='ltr'><strong>Joscpltttm</strong></span> <span class='ocrx_word' id='word_1_288' title='bbox 677 3778 944 3836; x_wconf 88' lang='lat' dir='ltr'><strong>desiisset,</strong></span> <span class='ocrx_word' id='word_1_289' title='bbox 971 3788 1076 3827; x_wconf 92' lang='lat' dir='ltr'><strong>non</strong></span> <span class='ocrx_word' id='word_1_290' title='bbox 1107 3771 1191 3825; x_wconf 92' lang='lat' dir='ltr'><strong>hic</strong></span> <span class='ocrx_word' id='word_1_291' title='bbox 1209 3770 1377 3836; x_wconf 90' lang='lat' dir='ltr'><strong>stetit,</strong></span> <span class='ocrx_word' id='word_1_292' title='bbox 1401 3768 1497 3824; x_wconf 89' lang='lat' dir='ltr'><strong>sed</strong></span> <span class='ocrx_word' id='word_1_293' title='bbox 1515 3768 1739 3833; x_wconf 87' lang='lat' dir='ltr'><strong>addidit,</strong></span> <span class='ocrx_word' id='word_1_294' title='bbox 1755 3767 1949 3837; x_wconf 82' lang='lat' dir='ltr'><strong>Joseplt</strong></span> 
     </span>
    </p>
   </div>
   <div class='ocr_carea' id='block_1_40' title="bbox 364 3859 1947 3931">
    <p class='ocr_par' dir='ltr' id='par_1_40' title="bbox 364 3859 1947 3931">
     <span class='ocr_line' id='line_1_40' title="bbox 364 3859 1947 3931; baseline -0.008 -6"><span class='ocrx_word' id='word_1_295' title='bbox 364 3874 531 3926; x_wconf 80' lang='lat' dir='ltr'><strong>virum</strong></span> <span class='ocrx_word' id='word_1_296' title='bbox 551 3870 734 3923; x_wconf 68' lang='lat' dir='ltr'><strong>Mariis</strong></span> <span class='ocrx_word' id='word_1_297' title='bbox 759 3883 778 3923; x_wconf 91' lang='lat'><em>:</em></span> <span class='ocrx_word' id='word_1_298' title='bbox 803 3865 1092 3921; x_wconf 89' lang='lat' dir='ltr'><strong>ostendens</strong></span> <span class='ocrx_word' id='word_1_299' title='bbox 1121 3878 1181 3918; x_wconf 92' lang='lat' dir='ltr'><strong>se</strong></span> <span class='ocrx_word' id='word_1_300' title='bbox 1207 3869 1424 3931; x_wconf 88' lang='lat' dir='ltr'><strong>propter</strong></span> <span class='ocrx_word' id='word_1_301' title='bbox 1445 3861 1588 3914; x_wconf 87' lang='lat' dir='ltr'><strong>illam</strong></span> <span class='ocrx_word' id='word_1_302' title='bbox 1609 3859 1726 3928; x_wconf 83' lang='lat' dir='ltr'><strong>ejus</strong></span> <span class='ocrx_word' id='word_1_303' title='bbox 1749 3875 1947 3928; x_wconf 81' lang='lat' dir='ltr'><strong>genea-</strong></span> 
     </span>
    </p>
   </div>
   <div class='ocr_carea' id='block_1_41' title="bbox 368 3949 1946 4033">
    <p class='ocr_par' dir='ltr' id='par_1_41' title="bbox 368 3949 1946 4033">
     <span class='ocr_line' id='line_1_41' title="bbox 368 3949 1946 4033; baseline -0.01 -16"><span class='ocrx_word' id='word_1_304' title='bbox 368 3965 558 4033; x_wconf 87' lang='lat' dir='ltr'><strong>logiam</strong></span> <span class='ocrx_word' id='word_1_305' title='bbox 602 3962 841 4016; x_wconf 85' lang='lat' dir='ltr'><strong>duxisse.</strong></span> <span class='ocrx_word' id='word_1_306' title='bbox 875 3955 1076 4010; x_wconf 89' lang='lat' dir='ltr'><strong>Deinde</strong></span> <span class='ocrx_word' id='word_1_307' title='bbox 1120 3969 1188 4008; x_wconf 91' lang='lat' dir='ltr'><strong>ne</strong></span> <span class='ocrx_word' id='word_1_308' title='bbox 1218 3953 1441 4007; x_wconf 90' lang='lat' dir='ltr'><strong>audiens</strong></span> <span class='ocrx_word' id='word_1_309' title='bbox 1465 3992 1480 4015; x_wconf 95' lang='lat'><strong>,</strong></span> <span class='ocrx_word' id='word_1_310' title='bbox 1524 3949 1700 4004; x_wconf 86' lang='lat' dir='ltr'><strong>Virum</strong></span> <span class='ocrx_word' id='word_1_311' title='bbox 1723 3949 1908 4003; x_wconf 75' lang='lat' dir='ltr'><strong>Maria:</strong></span> <span class='ocrx_word' id='word_1_312' title='bbox 1929 3991 1946 4018; x_wconf 92' lang='lat'><strong>,</strong></span> 
     </span>
    </p>
   </div>
   <div class='ocr_carea' id='block_1_42' title="bbox 366 4044 1942 4124">
    <p class='ocr_par' dir='ltr' id='par_1_42' title="bbox 366 4044 1942 4124">
     <span class='ocr_line' id='line_1_42' title="bbox 366 4044 1942 4124; baseline -0.006 -18"><span class='ocrx_word' id='word_1_313' title='bbox 366 4065 583 4124; x_wconf 88' lang='lat' dir='ltr'><strong>putares</strong></span> <span class='ocrx_word' id='word_1_314' title='bbox 609 4049 876 4107; x_wconf 90' lang='lat' dir='ltr'><strong>communi</strong></span> <span class='ocrx_word' id='word_1_315' title='bbox 907 4058 1108 4102; x_wconf 77' lang='lat' dir='ltr'><strong>natura:</strong></span> <span class='ocrx_word' id='word_1_316' title='bbox 1139 4047 1255 4115; x_wconf 85' lang='lat' dir='ltr'><strong>lege</strong></span> <span class='ocrx_word' id='word_1_317' title='bbox 1282 4044 1556 4098; x_wconf 89' lang='lat' dir='ltr'><strong>Christum</strong></span> <span class='ocrx_word' id='word_1_318' title='bbox 1590 4050 1771 4095; x_wconf 89' lang='lat' dir='ltr'><strong>natttm</strong></span> <span class='ocrx_word' id='word_1_319' title='bbox 1800 4055 1942 4096; x_wconf 84' lang='lat' dir='ltr'><strong>esse:</strong></span> 
     </span>
    </p>
   </div>
   <div class='ocr_carea' id='block_1_43' title="bbox 364 4132 1944 4210">
    <p class='ocr_par' dir='ltr' id='par_1_43' title="bbox 364 4132 1944 4210">
     <span class='ocr_line' id='line_1_43' title="bbox 364 4132 1944 4210; baseline -0.009 -10"><span class='ocrx_word' id='word_1_320' title='bbox 364 4144 728 4200; x_wconf 85' lang='lat' dir='ltr'><strong>animadverte</strong></span> <span class='ocrx_word' id='word_1_321' title='bbox 748 4137 1016 4210; x_wconf 89' lang='lat' dir='ltr'><strong>quomodo</strong></span> <span class='ocrx_word' id='word_1_322' title='bbox 1041 4153 1103 4191; x_wconf 91' lang='lat' dir='ltr'><strong>ea</strong></span> <span class='ocrx_word' id='word_1_323' title='bbox 1125 4134 1283 4190; x_wconf 81' lang='lat' dir='ltr'><strong>addat</strong></span> <span class='ocrx_word' id='word_1_324' title='bbox 1305 4150 1426 4204; x_wconf 72' lang='lat' dir='ltr'><strong>qua:</strong></span> <span class='ocrx_word' id='word_1_325' title='bbox 1452 4132 1760 4200; x_wconf 87' lang='lat' dir='ltr'><strong>opinionem</strong></span> <span class='ocrx_word' id='word_1_326' title='bbox 1789 4132 1944 4186; x_wconf 89' lang='lat' dir='ltr'><strong>istam</strong></span> 
     </span>
    </p>
   </div>
   <div class='ocr_carea' id='block_1_44' title="bbox 364 4217 1945 4306">
    <p class='ocr_par' dir='ltr' id='par_1_44' title="bbox 364 4217 1945 4306">
     <span class='ocr_line' id='line_1_44' title="bbox 364 4217 1945 4306; baseline -0.011 -12"><span class='ocrx_word' id='word_1_327' title='bbox 364 4240 653 4306; x_wconf 78' lang='lat' dir='ltr'><strong>corrigunt.</strong></span> <span class='ocrx_word' id='word_1_328' title='bbox 691 4217 920 4296; x_wconf 81' lang='lat' dir='ltr'><strong>Audisti,</strong></span> <span class='ocrx_word' id='word_1_329' title='bbox 956 4231 1126 4298; x_wconf 89' lang='lat' dir='ltr'><strong>inquit</strong></span> <span class='ocrx_word' id='word_1_330' title='bbox 1149 4270 1164 4293; x_wconf 95' lang='lat'><strong>,</strong></span> <span class='ocrx_word' id='word_1_331' title='bbox 1196 4227 1368 4281; x_wconf 88' lang='lat' dir='ltr'><strong>virum</strong></span> <span class='ocrx_word' id='word_1_332' title='bbox 1393 4265 1408 4289; x_wconf 92' lang='lat'><strong>,</strong></span> <span class='ocrx_word' id='word_1_333' title='bbox 1449 4224 1642 4278; x_wconf 88' lang='lat' dir='ltr'><strong>audisti</strong></span> <span class='ocrx_word' id='word_1_334' title='bbox 1673 4233 1897 4278; x_wconf 89' lang='lat' dir='ltr'><strong>matrem</strong></span> <span class='ocrx_word' id='word_1_335' title='bbox 1928 4265 1945 4290; x_wconf 95' lang='lat'><strong>,</strong></span> 
     </span>
    </p>
   </div>
   <div class='ocr_carea' id='block_1_45' title="bbox 364 4315 1946 4391">
    <p class='ocr_par' dir='ltr' id='par_1_45' title="bbox 364 4315 1946 4391">
     <span class='ocr_line' id='line_1_45' title="bbox 364 4315 1946 4391; baseline -0.009 -7"><span class='ocrx_word' id='word_1_336' title='bbox 364 4329 557 4384; x_wconf 78' lang='lat' dir='ltr'><strong>audisti</strong></span> <span class='ocrx_word' id='word_1_337' title='bbox 585 4340 778 4380; x_wconf 90' lang='lat' dir='ltr'><strong>nomen</strong></span> <span class='ocrx_word' id='word_1_338' title='bbox 811 4336 978 4391; x_wconf 90' lang='lat' dir='ltr'><strong>puero</strong></span> <span class='ocrx_word' id='word_1_339' title='bbox 1005 4319 1214 4382; x_wconf 89' lang='lat' dir='ltr'><strong>dattm;</strong></span> <span class='ocrx_word' id='word_1_340' title='bbox 1245 4316 1366 4370; x_wconf 90' lang='lat' dir='ltr'><strong>audi</strong></span> <span class='ocrx_word' id='word_1_341' title='bbox 1400 4315 1559 4370; x_wconf 89' lang='lat' dir='ltr'><strong>etiam</strong></span> <span class='ocrx_word' id='word_1_342' title='bbox 1586 4316 1946 4384; x_wconf 87' lang='lat' dir='ltr'><strong>generationis</strong></span> 
     </span>
    </p>
   </div>
   <div class='ocr_carea' id='block_1_46' title="bbox 365 4405 1943 4476">
    <p class='ocr_par' dir='ltr' id='par_1_46' title="bbox 365 4405 1943 4476">
     <span class='ocr_line' id='line_1_46' title="bbox 365 4405 1943 4476; baseline -0.013 0"><span class='ocrx_word' id='word_1_343' title='bbox 365 4419 603 4476; x_wconf 91' lang='lat' dir='ltr'><strong>tnodnm.</strong></span> <span class='ocrx_word' id='word_1_344' title='bbox 646 4415 732 4470; x_wconf 75' lang='grc'><strong>18.</strong></span> <span class='ocrx_word' id='word_1_345' title='bbox 781 4412 908 4465; x_wconf 78' lang='lat' dir='ltr'><strong>Iesu</strong></span> <span class='ocrx_word' id='word_1_346' title='bbox 951 4408 1138 4464; x_wconf 80' lang='lat' dir='ltr'><strong>Christi</strong></span> <span class='ocrx_word' id='word_1_347' title='bbox 1187 4416 1355 4460; x_wconf 84' lang='lat' dir='ltr'><strong>autem</strong></span> <span class='ocrx_word' id='word_1_348' title='bbox 1402 4406 1658 4476; x_wconf 78' lang='lat' dir='ltr'><strong>generatio</strong></span> <span class='ocrx_word' id='word_1_349' title='bbox 1705 4405 1776 4459; x_wconf 89' lang='lat' dir='ltr'><strong>sic</strong></span> <span class='ocrx_word' id='word_1_350' title='bbox 1814 4415 1943 4458; x_wconf 84' lang='lat' dir='ltr'><strong>erat.</strong></span> 
     </span>
    </p>
   </div>
   <div class='ocr_carea' id='block_1_47' title="bbox 363 4497 1939 4578">
    <p class='ocr_par' dir='ltr' id='par_1_47' title="bbox 363 4497 1939 4578">
     <span class='ocr_line' id='line_1_47' title="bbox 363 4497 1939 4578; baseline -0.004 -20"><span class='ocrx_word' id='word_1_351' title='bbox 363 4514 532 4578; x_wconf 75' lang='lat' dir='ltr'><strong>Quam</strong></span> <span class='ocrx_word' id='word_1_352' title='bbox 561 4507 709 4567; x_wconf 91' lang='lat' dir='ltr'><strong>mibi,</strong></span> <span class='ocrx_word' id='word_1_353' title='bbox 749 4518 954 4574; x_wconf 64' lang='lat' dir='ltr'><strong>quaeso,</strong></span> <span class='ocrx_word' id='word_1_354' title='bbox 986 4499 1385 4569; x_wconf 87' lang='lat' dir='ltr'><strong>generationem</strong></span> <span class='ocrx_word' id='word_1_355' title='bbox 1418 4497 1629 4550; x_wconf 80' lang='lat' dir='ltr'><strong>narras?</strong></span> <span class='ocrx_word' id='word_1_356' title='bbox 1661 4513 1780 4550; x_wconf 89' lang='lat' dir='ltr'><strong>nam</strong></span> <span class='ocrx_word' id='word_1_357' title='bbox 1811 4513 1939 4565; x_wconf 86' lang='lat' dir='ltr'><strong>pro-</strong></span> 
     </span>
    </p>
   </div>
   <div class='ocr_carea' id='block_1_48' title="bbox 362 4590 1940 4676">
    <p class='ocr_par' dir='ltr' id='par_1_48' title="bbox 362 4590 1940 4676">
     <span class='ocr_line' id='line_1_48' title="bbox 362 4590 1940 4676; baseline -0.01 -18"><span class='ocrx_word' id='word_1_358' title='bbox 362 4607 632 4676; x_wconf 82' lang='lat' dir='ltr'><strong>genitores</strong></span> <span class='ocrx_word' id='word_1_359' title='bbox 657 4598 773 4668; x_wconf 84' lang='lat' dir='ltr'><strong>ejus</strong></span> <span class='ocrx_word' id='word_1_360' title='bbox 793 4597 902 4665; x_wconf 87' lang='lat' dir='ltr'><strong>jam</strong></span> <span class='ocrx_word' id='word_1_361' title='bbox 935 4592 1138 4649; x_wconf 78' lang='lat' dir='ltr'><strong>dixisti.</strong></span> <span class='ocrx_word' id='word_1_362' title='bbox 1165 4594 1232 4645; x_wconf 82' lang='lat' dir='ltr'><strong>At</strong></span> <span class='ocrx_word' id='word_1_363' title='bbox 1256 4590 1376 4644; x_wconf 91' lang='lat' dir='ltr'><strong>volo</strong></span> <span class='ocrx_word' id='word_1_364' title='bbox 1397 4590 1556 4643; x_wconf 90' lang='lat' dir='ltr'><strong>etiam</strong></span> <span class='ocrx_word' id='word_1_365' title='bbox 1577 4590 1940 4658; x_wconf 87' lang='lat' dir='ltr'><strong>generationis</strong></span> 
     </span>
    </p>
   </div>
   <div class='ocr_carea' id='block_1_49' title="bbox 364 4680 1940 4758">
    <p class='ocr_par' dir='ltr' id='par_1_49' title="bbox 364 4680 1940 4758">
     <span class='ocr_line' id='line_1_49' title="bbox 364 4680 1940 4758; baseline -0.01 -9"><span class='ocrx_word' id='word_1_366' title='bbox 364 4695 578 4750; x_wconf 88' lang='lat' dir='ltr'><strong>modum</strong></span> <span class='ocrx_word' id='word_1_367' title='bbox 627 4703 914 4758; x_wconf 78' lang='lat' dir='ltr'><strong>exponere.</strong></span> <span class='ocrx_word' id='word_1_368' title='bbox 952 4683 1135 4737; x_wconf 82' lang='lat' dir='ltr'><strong>Viden‘</strong></span> <span class='ocrx_word' id='word_1_369' title='bbox 1170 4681 1440 4751; x_wconf 91' lang='lat' dir='ltr'><strong>quomodo</strong></span> <span class='ocrx_word' id='word_1_370' title='bbox 1465 4680 1762 4734; x_wconf 88' lang='lat' dir='ltr'><strong>auditorem</strong></span> <span class='ocrx_word' id='word_1_371' title='bbox 1789 4681 1940 4735; x_wconf 88' lang='lat' dir='ltr'><strong>exci-</strong></span> 
     </span>
    </p>
   </div>
   <div class='ocr_carea' id='block_1_50' title="bbox 356 4769 1931 4840">
    <p class='ocr_par' dir='ltr' id='par_1_50' title="bbox 356 4769 1931 4840">
     <span class='ocr_line' id='line_1_50' title="bbox 356 4769 1931 4840; baseline -0.001 -16"><span class='ocrx_word' id='word_1_372' title='bbox 356 4773 572 4830; x_wconf 79' lang='lat' dir='ltr'><strong>taverit?</strong></span> <span class='ocrx_word' id='word_1_373' title='bbox 587 4769 718 4826; x_wconf 86' lang='lat' dir='ltr'><strong>Nam</strong></span> <span class='ocrx_word' id='word_1_374' title='bbox 743 4773 893 4840; x_wconf 88' lang='lat' dir='ltr'><strong>quasi</strong></span> <span class='ocrx_word' id='word_1_375' title='bbox 913 4771 1035 4825; x_wconf 86' lang='lat' dir='ltr'><strong>novi</strong></span> <span class='ocrx_word' id='word_1_376' title='bbox 1052 4770 1323 4840; x_wconf 89' lang='lat' dir='ltr'><strong>quidpiam</strong></span> <span class='ocrx_word' id='word_1_377' title='bbox 1345 4769 1606 4836; x_wconf 89' lang='lat' dir='ltr'><strong>dicturus,</strong></span> <span class='ocrx_word' id='word_1_378' title='bbox 1633 4785 1692 4824; x_wconf 90' lang='lat' dir='ltr'><strong>se</strong></span> <span class='ocrx_word' id='word_1_379' title='bbox 1715 4769 1931 4824; x_wconf 90' lang='lat' dir='ltr'><strong>modum</strong></span> 
     </span>
    </p>
   </div>
   <div class='ocr_carea' id='block_1_51' title="bbox 354 4861 1936 4934">
    <p class='ocr_par' dir='ltr' id='par_1_51' title="bbox 354 4861 1936 4934">
     <span class='ocr_line' id='line_1_51' title="bbox 354 4861 1936 4934; baseline -0.002 -16"><span class='ocrx_word' id='word_1_380' title='bbox 354 4879 567 4934; x_wconf 84' lang='lat' dir='ltr'><strong>quoque</strong></span> <span class='ocrx_word' id='word_1_381' title='bbox 614 4862 998 4931; x_wconf 83' lang='lat' dir='ltr'><strong>explicaturum</strong></span> <span class='ocrx_word' id='word_1_382' title='bbox 1046 4862 1326 4931; x_wconf 88' lang='lat' dir='ltr'><strong>promittit.</strong></span> <span class='ocrx_word' id='word_1_383' title='bbox 1357 4863 1422 4916; x_wconf 86' lang='lat' dir='ltr'><strong>Et</strong></span> <span class='ocrx_word' id='word_1_384' title='bbox 1450 4863 1572 4916; x_wconf 83' lang='lat' dir='ltr'><strong>vide</strong></span> <span class='ocrx_word' id='word_1_385' title='bbox 1611 4861 1741 4916; x_wconf 88' lang='lat' dir='ltr'><strong>mihi</strong></span> <span class='ocrx_word' id='word_1_386' title='bbox 1789 4861 1936 4932; x_wconf 87' lang='lat' dir='ltr'><strong>opti-</strong></span> 
     </span>
    </p>
   </div>
   <div class='ocr_carea' id='block_1_52' title="bbox 355 4950 1936 5023">
    <p class='ocr_par' dir='ltr' id='par_1_52' title="bbox 355 4950 1936 5023">
     <span class='ocr_line' id='line_1_52' title="bbox 355 4950 1936 5023; baseline -0.006 -9"><span class='ocrx_word' id='word_1_387' title='bbox 355 4973 496 5014; x_wconf 89' lang='lat' dir='ltr'><strong>tnam</strong></span> <span class='ocrx_word' id='word_1_388' title='bbox 521 4955 786 5010; x_wconf 79' lang='lat' dir='ltr'><strong>dictorum</strong></span> <span class='ocrx_word' id='word_1_389' title='bbox 833 4955 1295 5023; x_wconf 89' lang='lat' dir='ltr'><strong>consequentiam.</strong></span> <span class='ocrx_word' id='word_1_390' title='bbox 1319 4952 1436 5008; x_wconf 85' lang='lat' dir='ltr'><strong>Non</strong></span> <span class='ocrx_word' id='word_1_391' title='bbox 1479 4954 1622 5009; x_wconf 90' lang='lat' dir='ltr'><strong>enim</strong></span> <span class='ocrx_word' id='word_1_392' title='bbox 1663 4954 1842 5007; x_wconf 84' lang='lat' dir='ltr'><strong>statim</strong></span> <span class='ocrx_word' id='word_1_393' title='bbox 1869 4950 1936 5005; x_wconf 90' lang='lat' dir='ltr'><strong>ad</strong></span> 
     </span>
    </p>
   </div>
   <div class='ocr_carea' id='block_1_53' title="bbox 355 5046 1940 5116">
    <p class='ocr_par' dir='ltr' id='par_1_53' title="bbox 355 5046 1940 5116">
     <span class='ocr_line' id='line_1_53' title="bbox 355 5046 1940 5116; baseline -0.003 -14"><span class='ocrx_word' id='word_1_394' title='bbox 355 5047 757 5116; x_wconf 78' lang='lat' dir='ltr'><strong>generationem</strong></span> <span class='ocrx_word' id='word_1_395' title='bbox 784 5047 932 5101; x_wconf 89' lang='lat' dir='ltr'><strong>venit</strong></span> <span class='ocrx_word' id='word_1_396' title='bbox 964 5064 977 5100; x_wconf 91' lang='lat'>:</span> <span class='ocrx_word' id='word_1_397' title='bbox 1008 5046 1100 5100; x_wconf 89' lang='lat' dir='ltr'><strong>sed</strong></span> <span class='ocrx_word' id='word_1_398' title='bbox 1133 5061 1231 5101; x_wconf 92' lang='lat' dir='ltr'><strong>nos</strong></span> <span class='ocrx_word' id='word_1_399' title='bbox 1253 5046 1478 5114; x_wconf 89' lang='lat' dir='ltr'><strong>primum</strong></span> <span class='ocrx_word' id='word_1_400' title='bbox 1509 5046 1714 5111; x_wconf 89' lang='lat' dir='ltr'><strong>edocet,</strong></span> <span class='ocrx_word' id='word_1_401' title='bbox 1743 5055 1940 5116; x_wconf 85' lang='lat' dir='ltr'><strong>quotus</strong></span> 
     </span>
    </p>
   </div>
   <div class='ocr_carea' id='block_1_54' title="bbox 353 5134 1927 5207">
    <p class='ocr_par' dir='ltr' id='par_1_54' title="bbox 353 5134 1927 5207">
     <span class='ocr_line' id='line_1_54' title="bbox 353 5134 1927 5207; baseline -0.004 -13"><span class='ocrx_word' id='word_1_402' title='bbox 353 5148 498 5194; x_wconf 80' lang='lat' dir='ltr'><strong>esset</strong></span> <span class='ocrx_word' id='word_1_403' title='bbox 520 5141 588 5193; x_wconf 89' lang='lat' dir='ltr'><strong>ab</strong></span> <span class='ocrx_word' id='word_1_404' title='bbox 617 5138 920 5191; x_wconf 82' lang='lat' dir='ltr'><strong>Abrahamo</strong></span> <span class='ocrx_word' id='word_1_405' title='bbox 943 5179 958 5203; x_wconf 91' lang='lat'><strong>,</strong></span> <span class='ocrx_word' id='word_1_406' title='bbox 987 5147 1182 5207; x_wconf 89' lang='lat' dir='ltr'><strong>quotus</strong></span> <span class='ocrx_word' id='word_1_407' title='bbox 1226 5153 1256 5190; x_wconf 86' lang='lat' dir='ltr'><strong>a</strong></span> <span class='ocrx_word' id='word_1_408' title='bbox 1289 5136 1487 5191; x_wconf 91' lang='lat' dir='ltr'><strong>Davide</strong></span> <span class='ocrx_word' id='word_1_409' title='bbox 1515 5147 1568 5190; x_wconf 91' lang='lat' dir='ltr'><strong>ct</strong></span> <span class='ocrx_word' id='word_1_410' title='bbox 1611 5152 1640 5189; x_wconf 89' lang='lat' dir='ltr'><strong>a</strong></span> <span class='ocrx_word' id='word_1_411' title='bbox 1673 5134 1927 5191; x_wconf 88' lang='lat' dir='ltr'><strong>transmi-</strong></span> 
     </span>
    </p>
   </div>
   <div class='ocr_carea' id='block_1_55' title="bbox 355 5225 1936 5298">
    <p class='ocr_par' dir='ltr' id='par_1_55' title="bbox 355 5225 1936 5298">
     <span class='ocr_line' id='line_1_55' title="bbox 355 5225 1936 5298; baseline -0.001 -16"><span class='ocrx_word' id='word_1_412' title='bbox 355 5230 597 5298; x_wconf 85' lang='lat' dir='ltr'><strong>gratione</strong></span> <span class='ocrx_word' id='word_1_413' title='bbox 624 5227 930 5298; x_wconf 85' lang='lat' dir='ltr'><strong>Babylonis,</strong></span> <span class='ocrx_word' id='word_1_414' title='bbox 957 5238 1010 5282; x_wconf 92' lang='lat' dir='ltr'><strong>et</strong></span> <span class='ocrx_word' id='word_1_415' title='bbox 1032 5227 1341 5296; x_wconf 82' lang='lat' dir='ltr'><strong>diligentem</strong></span> <span class='ocrx_word' id='word_1_416' title='bbox 1369 5227 1665 5281; x_wconf 89' lang='lat' dir='ltr'><strong>auditorem</strong></span> <span class='ocrx_word' id='word_1_417' title='bbox 1693 5241 1790 5295; x_wconf 89' lang='lat' dir='ltr'><strong>per</strong></span> <span class='ocrx_word' id='word_1_418' title='bbox 1821 5225 1936 5280; x_wconf 54' lang='lat' dir='ltr'><strong>ha‘c</strong></span> 
     </span>
    </p>
   </div>
   <div class='ocr_carea' id='block_1_56' title="bbox 355 5316 1939 5389">
    <p class='ocr_par' dir='ltr' id='par_1_56' title="bbox 355 5316 1939 5389">
     <span class='ocr_line' id='line_1_56' title="bbox 355 5316 1939 5389; baseline -0.003 -16"><span class='ocrx_word' id='word_1_419' title='bbox 355 5320 420 5374; x_wconf 86' lang='lat' dir='ltr'><strong>ad</strong></span> <span class='ocrx_word' id='word_1_420' title='bbox 447 5330 743 5389; x_wconf 87' lang='lat' dir='ltr'><strong>temporum</strong></span> <span class='ocrx_word' id='word_1_421' title='bbox 762 5322 1214 5385; x_wconf 88' lang='lat' dir='ltr'><strong>computationem</strong></span> <span class='ocrx_word' id='word_1_422' title='bbox 1246 5318 1452 5376; x_wconf 84' lang='lat' dir='ltr'><strong>invitat.</strong></span> <span class='ocrx_word' id='word_1_423' title='bbox 1483 5317 1776 5371; x_wconf 88' lang='lat' dir='ltr'><strong>ostendens</strong></span> <span class='ocrx_word' id='word_1_424' title='bbox 1799 5316 1939 5369; x_wconf 90' lang='lat' dir='ltr'><strong>hunc</strong></span> 
     </span>
    </p>
   </div>
   <div class='ocr_carea' id='block_1_57' title="bbox 353 5404 1938 5479">
    <p class='ocr_par' dir='ltr' id='par_1_57' title="bbox 353 5404 1938 5479">
     <span class='ocr_line' id='line_1_57' title="bbox 353 5404 1938 5479; baseline -0.007 -13"><span class='ocrx_word' id='word_1_425' title='bbox 353 5427 476 5466; x_wconf 85' lang='lat' dir='ltr'><strong>esse</strong></span> <span class='ocrx_word' id='word_1_426' title='bbox 501 5410 772 5465; x_wconf 81' lang='lat' dir='ltr'><strong>Christum</strong></span> <span class='ocrx_word' id='word_1_427' title='bbox 803 5425 832 5462; x_wconf 86' lang='lat' dir='ltr'><strong>a</strong></span> <span class='ocrx_word' id='word_1_428' title='bbox 878 5409 1154 5479; x_wconf 83' lang='lat' dir='ltr'><strong>prepltetis</strong></span> <span class='ocrx_word' id='word_1_429' title='bbox 1201 5408 1567 5479; x_wconf 62' lang='lat' dir='ltr'><strong>praedicatum.</strong></span> <span class='ocrx_word' id='word_1_430' title='bbox 1618 5404 1748 5459; x_wconf 87' lang='lat' dir='ltr'><strong>Cum</strong></span> <span class='ocrx_word' id='word_1_431' title='bbox 1795 5409 1938 5459; x_wconf 86' lang='lat' dir='ltr'><strong>enim</strong></span> 
     </span>
    </p>
   </div>
   <div class='ocr_carea' id='block_1_58' title="bbox 351 5498 1938 5572">
    <p class='ocr_par' dir='ltr' id='par_1_58' title="bbox 351 5498 1938 5572">
     <span class='ocr_line' id='line_1_58' title="bbox 351 5498 1938 5572; baseline -0.008 -11"><span class='ocrx_word' id='word_1_432' title='bbox 351 5507 726 5572; x_wconf 64' lang='lat' dir='ltr'><strong>generationes</strong></span> <span class='ocrx_word' id='word_1_433' title='bbox 756 5504 1119 5562; x_wconf 86' lang='lat' dir='ltr'><strong>numeraveris</strong></span> <span class='ocrx_word' id='word_1_434' title='bbox 1139 5545 1154 5568; x_wconf 93' lang='lat'><strong>,</strong></span> <span class='ocrx_word' id='word_1_435' title='bbox 1184 5512 1347 5571; x_wconf 90' lang='lat' dir='ltr'><strong>atque</strong></span> <span class='ocrx_word' id='word_1_436' title='bbox 1391 5500 1454 5557; x_wconf 79' lang='lat' dir='ltr'><strong>c&#39;x</strong></span> <span class='ocrx_word' id='word_1_437' title='bbox 1503 5498 1756 5570; x_wconf 88' lang='lat' dir='ltr'><strong>temporis</strong></span> <span class='ocrx_word' id='word_1_438' title='bbox 1789 5511 1938 5551; x_wconf 82' lang='lat' dir='ltr'><strong>com—</strong></span> 
     </span>
    </p>
   </div>
   <div class='ocr_carea' id='block_1_59' title="bbox 2074 283 3649 356">
    <p class='ocr_par' dir='ltr' id='par_1_59' title="bbox 2074 283 3649 356">
     <span class='ocr_line' id='line_1_59' title="bbox 2074 283 3649 356; baseline 0.004 -21"><span class='ocrx_word' id='word_1_439' title='bbox 2074 285 2346 351; x_wconf 87' lang='lat' dir='ltr'><strong>putatione</strong></span> <span class='ocrx_word' id='word_1_440' title='bbox 2373 283 2624 340; x_wconf 90' lang='lat' dir='ltr'><strong>didiceris</strong></span> <span class='ocrx_word' id='word_1_441' title='bbox 2648 285 2897 341; x_wconf 87' lang='lat' dir='ltr'><strong>eumdem</strong></span> <span class='ocrx_word' id='word_1_442' title='bbox 2930 286 3107 356; x_wconf 89' lang='lat' dir='ltr'><strong>ipsum</strong></span> <span class='ocrx_word' id='word_1_443' title='bbox 3128 301 3250 344; x_wconf 90' lang='lat' dir='ltr'><strong>esse</strong></span> <span class='ocrx_word' id='word_1_444' title='bbox 3273 329 3289 354; x_wconf 93' lang='lat'><strong>,</strong></span> <span class='ocrx_word' id='word_1_445' title='bbox 3323 285 3479 343; x_wconf 89' lang='lat' dir='ltr'><strong>facile</strong></span> <span class='ocrx_word' id='word_1_446' title='bbox 3498 289 3649 342; x_wconf 78' lang='lat' dir='ltr'><strong>exci-</strong></span> 
     </span>
    </p>
   </div>
   <div class='ocr_carea' id='block_1_60' title="bbox 2068 375 3648 446">
    <p class='ocr_par' dir='ltr' id='par_1_60' title="bbox 2068 375 3648 446">
     <span class='ocr_line' id='line_1_60' title="bbox 2068 375 3648 446; baseline 0.003 -21"><span class='ocrx_word' id='word_1_447' title='bbox 2068 376 2182 441; x_wconf 91' lang='lat' dir='ltr'><strong>pies</strong></span> <span class='ocrx_word' id='word_1_448' title='bbox 2225 375 2540 428; x_wconf 90' lang='lat' dir='ltr'><strong>miraculum</strong></span> <span class='ocrx_word' id='word_1_449' title='bbox 2585 375 2638 430; x_wconf 91' lang='lat' dir='ltr'><strong>in</strong></span> <span class='ocrx_word' id='word_1_450' title='bbox 2667 376 2785 444; x_wconf 90' lang='lat' dir='ltr'><strong>ejus</strong></span> <span class='ocrx_word' id='word_1_451' title='bbox 2828 384 2951 431; x_wconf 93' lang='lat' dir='ltr'><strong>ortu</strong></span> <span class='ocrx_word' id='word_1_452' title='bbox 2991 386 3276 446; x_wconf 87' lang='lat' dir='ltr'><strong>patratum.</strong></span> <span class='ocrx_word' id='word_1_453' title='bbox 3323 377 3457 445; x_wconf 91' lang='lat' dir='ltr'><strong>Quia</strong></span> <span class='ocrx_word' id='word_1_454' title='bbox 3504 379 3648 431; x_wconf 90' lang='lat' dir='ltr'><strong>enim</strong></span> 
     </span>
    </p>
   </div>
   <div class='ocr_carea' id='block_1_61' title="bbox 2066 465 3646 539">
    <p class='ocr_par' dir='ltr' id='par_1_61' title="bbox 2066 465 3646 539">
     <span class='ocr_line' id='line_1_61' title="bbox 2066 465 3646 539; baseline 0.003 -19"><span class='ocrx_word' id='word_1_455' title='bbox 2066 465 2615 535; x_wconf 89' lang='lat' dir='ltr'><strong>magnumquidpiam</strong></span> <span class='ocrx_word' id='word_1_456' title='bbox 2645 467 2962 536; x_wconf 90' lang='lat' dir='ltr'><strong>loquuturus</strong></span> <span class='ocrx_word' id='word_1_457' title='bbox 2990 477 3126 534; x_wconf 87' lang='lat' dir='ltr'><strong>erat,</strong></span> <span class='ocrx_word' id='word_1_458' title='bbox 3149 469 3310 539; x_wconf 82' lang='lat' dir='ltr'><strong>quod</strong></span> <span class='ocrx_word' id='word_1_459' title='bbox 3337 485 3403 522; x_wconf 83' lang='lat' dir='ltr'><strong>ex</strong></span> <span class='ocrx_word' id='word_1_460' title='bbox 3427 468 3646 539; x_wconf 82' lang='lat' dir='ltr'><strong>Virgine</strong></span> 
     </span>
    </p>
   </div>
   <div class='ocr_carea' id='block_1_62' title="bbox 2066 556 3648 628">
    <p class='ocr_par' dir='ltr' id='par_1_62' title="bbox 2066 556 3648 628">
     <span class='ocr_line' id='line_1_62' title="bbox 2066 556 3648 628; baseline 0.004 -19"><span class='ocrx_word' id='word_1_461' title='bbox 2066 567 2220 609; x_wconf 88' lang='lat' dir='ltr'><strong>natus</strong></span> <span class='ocrx_word' id='word_1_462' title='bbox 2240 565 2400 618; x_wconf 91' lang='lat' dir='ltr'><strong>esset,</strong></span> <span class='ocrx_word' id='word_1_463' title='bbox 2427 556 2735 626; x_wconf 88' lang='lat' dir='ltr'><strong>priusquam</strong></span> <span class='ocrx_word' id='word_1_464' title='bbox 2759 565 2972 628; x_wconf 90' lang='lat' dir='ltr'><strong>tempus</strong></span> <span class='ocrx_word' id='word_1_465' title='bbox 2991 567 3266 628; x_wconf 90' lang='lat' dir='ltr'><strong>computet</strong></span> <span class='ocrx_word' id='word_1_466' title='bbox 3284 600 3298 622; x_wconf 88' lang='lat'><strong>,</strong></span> <span class='ocrx_word' id='word_1_467' title='bbox 3320 560 3648 616; x_wconf 86' lang='lat' dir='ltr'><strong>subobscure</strong></span> 
     </span>
    </p>
   </div>
   <div class='ocr_carea' id='block_1_63' title="bbox 2064 645 3638 721">
    <p class='ocr_par' dir='ltr' id='par_1_63' title="bbox 2064 645 3638 721">
     <span class='ocr_line' id='line_1_63' title="bbox 2064 645 3638 721; baseline 0.006 -23"><span class='ocrx_word' id='word_1_468' title='bbox 2064 645 2318 713; x_wconf 86' lang='lat' dir='ltr'><strong>loquitur,</strong></span> <span class='ocrx_word' id='word_1_469' title='bbox 2354 645 2532 700; x_wconf 87' lang='lat' dir='ltr'><strong>Virum</strong></span> <span class='ocrx_word' id='word_1_470' title='bbox 2558 646 2742 702; x_wconf 75' lang='lat' dir='ltr'><strong>Maria:</strong></span> <span class='ocrx_word' id='word_1_471' title='bbox 2767 648 2952 704; x_wconf 88' lang='lat' dir='ltr'><strong>dicens</strong></span> <span class='ocrx_word' id='word_1_472' title='bbox 2977 689 2994 715; x_wconf 91' lang='lat'><strong>,</strong></span> <span class='ocrx_word' id='word_1_473' title='bbox 3025 649 3152 719; x_wconf 92' lang='lat' dir='ltr'><strong>quin</strong></span> <span class='ocrx_word' id='word_1_474' title='bbox 3193 659 3249 704; x_wconf 88' lang='lat' dir='ltr'><strong>et</strong></span> <span class='ocrx_word' id='word_1_475' title='bbox 3275 652 3638 721; x_wconf 85' lang='lat' dir='ltr'><strong>generationis</strong></span> 
     </span>
    </p>
   </div>
   <div class='ocr_carea' id='block_1_64' title="bbox 2063 737 3639 810">
    <p class='ocr_par' dir='ltr' id='par_1_64' title="bbox 2063 737 3639 810">
     <span class='ocr_line' id='line_1_64' title="bbox 2063 737 3639 810; baseline 0.005 -20"><span class='ocrx_word' id='word_1_476' title='bbox 2063 737 2257 792; x_wconf 90' lang='lat' dir='ltr'><strong>seriem</strong></span> <span class='ocrx_word' id='word_1_477' title='bbox 2285 738 2573 793; x_wconf 88' lang='lat' dir='ltr'><strong>intersecat</strong></span> <span class='ocrx_word' id='word_1_478' title='bbox 2604 757 2618 793; x_wconf 91' lang='lat'><strong>:</strong></span> <span class='ocrx_word' id='word_1_479' title='bbox 2653 740 2975 810; x_wconf 88' lang='lat' dir='ltr'><strong>insuperque</strong></span> <span class='ocrx_word' id='word_1_480' title='bbox 3002 756 3170 796; x_wconf 88' lang='lat' dir='ltr'><strong>annos</strong></span> <span class='ocrx_word' id='word_1_481' title='bbox 3198 751 3519 809; x_wconf 87' lang='lat' dir='ltr'><strong>enumerat,</strong></span> <span class='ocrx_word' id='word_1_482' title='bbox 3542 744 3639 798; x_wconf 90' lang='lat' dir='ltr'><strong>ad-</strong></span> 
     </span>
    </p>
   </div>
   <div class='ocr_carea' id='block_1_65' title="bbox 2063 827 3647 902">
    <p class='ocr_par' dir='ltr' id='par_1_65' title="bbox 2063 827 3647 902">
     <span class='ocr_line' id='line_1_65' title="bbox 2063 827 3647 902; baseline 0.006 -23"><span class='ocrx_word' id='word_1_483' title='bbox 2063 843 2286 883; x_wconf 90' lang='lat' dir='ltr'><strong>monens</strong></span> <span class='ocrx_word' id='word_1_484' title='bbox 2322 827 2651 896; x_wconf 88' lang='lat' dir='ltr'><strong>auditorem,</strong></span> <span class='ocrx_word' id='word_1_485' title='bbox 2676 829 2815 885; x_wconf 92' lang='lat' dir='ltr'><strong>hunc</strong></span> <span class='ocrx_word' id='word_1_486' title='bbox 2838 831 3012 900; x_wconf 87' lang='lat' dir='ltr'><strong>ipsum</strong></span> <span class='ocrx_word' id='word_1_487' title='bbox 3041 845 3161 886; x_wconf 86' lang='lat' dir='ltr'><strong>esse</strong></span> <span class='ocrx_word' id='word_1_488' title='bbox 3185 873 3200 896; x_wconf 95' lang='lat'><strong>,</strong></span> <span class='ocrx_word' id='word_1_489' title='bbox 3227 847 3387 901; x_wconf 86' lang='lat' dir='ltr'><strong>quem</strong></span> <span class='ocrx_word' id='word_1_490' title='bbox 3420 835 3647 902; x_wconf 87' lang='lat' dir='ltr'><strong>patriar-</strong></span> 
     </span>
    </p>
   </div>
   <div class='ocr_carea' id='block_1_66' title="bbox 2059 917 3647 991">
    <p class='ocr_par' dir='ltr' id='par_1_66' title="bbox 2059 917 3647 991">
     <span class='ocr_line' id='line_1_66' title="bbox 2059 917 3647 991; baseline 0.005 -21"><span class='ocrx_word' id='word_1_491' title='bbox 2059 917 2158 970; x_wconf 89' lang='lat' dir='ltr'><strong>cha</strong></span> <span class='ocrx_word' id='word_1_492' title='bbox 2173 917 2338 973; x_wconf 84' lang='lat' dir='ltr'><strong>Jacob</strong></span> <span class='ocrx_word' id='word_1_493' title='bbox 2357 917 2510 987; x_wconf 73' lang='lat' dir='ltr'><strong>(Gen.</strong></span> <span class='ocrx_word' id='word_1_494' title='bbox 2533 919 2621 976; x_wconf 76' lang='grc'><strong>49.</strong></span> <span class='ocrx_word' id='word_1_495' title='bbox 2651 919 2763 991; x_wconf 78' lang='grc'><strong>10),</strong></span> <span class='ocrx_word' id='word_1_496' title='bbox 2790 920 3157 976; x_wconf 84' lang='lat' dir='ltr'><strong>deficientibus</strong></span> <span class='ocrx_word' id='word_1_497' title='bbox 3179 922 3394 980; x_wconf 90' lang='lat' dir='ltr'><strong>demum</strong></span> <span class='ocrx_word' id='word_1_498' title='bbox 3412 924 3647 978; x_wconf 79' lang='lat' dir='ltr'><strong>Judaicis</strong></span> 
     </span>
    </p>
   </div>
   <div class='ocr_carea' id='block_1_67' title="bbox 2061 1008 3641 1084">
    <p class='ocr_par' dir='ltr' id='par_1_67' title="bbox 2061 1008 3641 1084">
     <span class='ocr_line' id='line_1_67' title="bbox 2061 1008 3641 1084; baseline 0.007 -24"><span class='ocrx_word' id='word_1_499' title='bbox 2061 1008 2407 1078; x_wconf 88' lang='lat' dir='ltr'><strong>principibus,</strong></span> <span class='ocrx_word' id='word_1_500' title='bbox 2443 1009 2745 1066; x_wconf 90' lang='lat' dir='ltr'><strong>adfuturum</strong></span> <span class='ocrx_word' id='word_1_501' title='bbox 2780 1012 2913 1066; x_wconf 82' lang='lat' dir='ltr'><strong>dixit</strong></span> <span class='ocrx_word' id='word_1_502' title='bbox 2938 1030 2950 1065; x_wconf 92' lang='lat'>:</span> <span class='ocrx_word' id='word_1_503' title='bbox 2975 1029 3134 1083; x_wconf 87' lang='lat' dir='ltr'><strong>quem</strong></span> <span class='ocrx_word' id='word_1_504' title='bbox 3177 1015 3432 1084; x_wconf 88' lang='lat' dir='ltr'><strong>propheta</strong></span> <span class='ocrx_word' id='word_1_505' title='bbox 3458 1016 3641 1071; x_wconf 84' lang='lat' dir='ltr'><strong>Daniel</strong></span> 
     </span>
    </p>
   </div>
   <div class='ocr_carea' id='block_1_68' title="bbox 2060 1099 3637 1176">
    <p class='ocr_par' dir='ltr' id='par_1_68' title="bbox 2060 1099 3637 1176">
     <span class='ocr_line' id='line_1_68' title="bbox 2060 1099 3637 1176; baseline 0.006 -23"><span class='ocrx_word' id='word_1_506' title='bbox 2060 1099 2227 1171; x_wconf 84' lang='lat' dir='ltr'><strong>(Cap.</strong></span> <span class='ocrx_word' id='word_1_507' title='bbox 2258 1101 2312 1156; x_wconf 91' lang='lat'><strong>9.</strong></span> <span class='ocrx_word' id='word_1_508' title='bbox 2345 1117 2393 1156; x_wconf 82' lang='grc' dir='ltr'><strong>υ.</strong></span> <span class='ocrx_word' id='word_1_509' title='bbox 2423 1102 2495 1158; x_wconf 73' lang='lat'><strong>25</strong></span> <span class='ocrx_word' id='word_1_510' title='bbox 2517 1133 2542 1146; x_wconf 90' lang='lat'><strong>-</strong></span> <span class='ocrx_word' id='word_1_511' title='bbox 2568 1102 2676 1176; x_wconf 75' lang='grc'><strong>27)</strong></span> <span class='ocrx_word' id='word_1_512' title='bbox 2716 1113 2837 1176; x_wconf 90' lang='lat' dir='ltr'><strong>post</strong></span> <span class='ocrx_word' id='word_1_513' title='bbox 2864 1105 3057 1159; x_wconf 90' lang='lat' dir='ltr'><strong>multas</strong></span> <span class='ocrx_word' id='word_1_514' title='bbox 3111 1106 3227 1163; x_wconf 89' lang='lat' dir='ltr'><strong>illas</strong></span> <span class='ocrx_word' id='word_1_515' title='bbox 3276 1107 3637 1163; x_wconf 83' lang='lat' dir='ltr'><strong>hebdomadas</strong></span> 
     </span>
    </p>
   </div>
   <div class='ocr_carea' id='block_1_69' title="bbox 2056 1196 3646 1265">
    <p class='ocr_par' dir='ltr' id='par_1_69' title="bbox 2056 1196 3646 1265">
     <span class='ocr_line' id='line_1_69' title="bbox 2056 1196 3646 1265; baseline 0.004 -20"><span class='ocrx_word' id='word_1_516' title='bbox 2056 1200 2337 1247; x_wconf 86' lang='lat' dir='ltr'><strong>venturum</strong></span> <span class='ocrx_word' id='word_1_517' title='bbox 2399 1209 2521 1249; x_wconf 88' lang='lat' dir='ltr'><strong>esse</strong></span> <span class='ocrx_word' id='word_1_518' title='bbox 2583 1196 2848 1264; x_wconf 81' lang='lat' dir='ltr'><strong>praedixit.</strong></span> <span class='ocrx_word' id='word_1_519' title='bbox 2916 1196 2970 1251; x_wconf 91' lang='lat' dir='ltr'><strong>Si</strong></span> <span class='ocrx_word' id='word_1_520' title='bbox 3020 1197 3140 1265; x_wconf 89' lang='lat' dir='ltr'><strong>quis</strong></span> <span class='ocrx_word' id='word_1_521' title='bbox 3191 1205 3368 1253; x_wconf 90' lang='lat' dir='ltr'><strong>autem</strong></span> <span class='ocrx_word' id='word_1_522' title='bbox 3419 1199 3646 1252; x_wconf 86' lang='lat' dir='ltr'><strong>voluerit</strong></span> 
     </span>
    </p>
   </div>
   <div class='ocr_carea' id='block_1_70' title="bbox 2057 1285 3635 1359">
    <p class='ocr_par' dir='ltr' id='par_1_70' title="bbox 2057 1285 3635 1359">
     <span class='ocr_line' id='line_1_70' title="bbox 2057 1285 3635 1359; baseline 0.003 -21"><span class='ocrx_word' id='word_1_523' title='bbox 2057 1298 2227 1338; x_wconf 90' lang='lat' dir='ltr'><strong>annos</strong></span> <span class='ocrx_word' id='word_1_524' title='bbox 2254 1285 2374 1340; x_wconf 90' lang='lat' dir='ltr'><strong>illos</strong></span> <span class='ocrx_word' id='word_1_525' title='bbox 2413 1301 2509 1355; x_wconf 89' lang='lat' dir='ltr'><strong>per</strong></span> <span class='ocrx_word' id='word_1_526' title='bbox 2549 1286 3002 1343; x_wconf 85' lang='lat' dir='ltr'><strong>hebdomadarum</strong></span> <span class='ocrx_word' id='word_1_527' title='bbox 3039 1302 3318 1343; x_wconf 88' lang='lat' dir='ltr'><strong>numerum</strong></span> <span class='ocrx_word' id='word_1_528' title='bbox 3349 1289 3417 1342; x_wconf 90' lang='lat' dir='ltr'><strong>ab</strong></span> <span class='ocrx_word' id='word_1_529' title='bbox 3445 1289 3635 1359; x_wconf 83' lang='lat' dir='ltr'><strong>angelo</strong></span> 
     </span>
    </p>
   </div>
   <div class='ocr_carea' id='block_1_71' title="bbox 2058 1377 3624 1444">
    <p class='ocr_par' dir='ltr' id='par_1_71' title="bbox 2058 1377 3624 1444">
     <span class='ocr_line' id='line_1_71' title="bbox 2058 1377 3624 1444; baseline 0.004 -14"><span class='ocrx_word' id='word_1_530' title='bbox 2058 1377 2259 1432; x_wconf 89' lang='lat' dir='ltr'><strong>Danieli</strong></span> <span class='ocrx_word' id='word_1_531' title='bbox 2289 1377 2461 1433; x_wconf 90' lang='lat' dir='ltr'><strong>dictos</strong></span> <span class='ocrx_word' id='word_1_532' title='bbox 2483 1420 2498 1444; x_wconf 93' lang='lat'><strong>,</strong></span> <span class='ocrx_word' id='word_1_533' title='bbox 2541 1378 2609 1432; x_wconf 90' lang='lat' dir='ltr'><strong>ab</strong></span> <span class='ocrx_word' id='word_1_534' title='bbox 2632 1379 2986 1434; x_wconf 84' lang='lat' dir='ltr'><strong>aediﬁcatione</strong></span> <span class='ocrx_word' id='word_1_535' title='bbox 3012 1379 3158 1434; x_wconf 89' lang='lat' dir='ltr'><strong>urbis</strong></span> <span class='ocrx_word' id='word_1_536' title='bbox 3183 1395 3504 1436; x_wconf 86' lang='lat' dir='ltr'><strong>enumerans</strong></span> <span class='ocrx_word' id='word_1_537' title='bbox 3525 1423 3538 1444; x_wconf 91' lang='lat'><strong>,</strong></span> <span class='ocrx_word' id='word_1_538' title='bbox 3572 1383 3624 1436; x_wconf 89' lang='lat' dir='ltr'><strong>in</strong></span> 
     </span>
    </p>
   </div>
   <div class='ocr_carea' id='block_1_72' title="bbox 2057 1460 3624 1549">
    <p class='ocr_par' dir='ltr' id='par_1_72' title="bbox 2057 1460 3624 1549">
     <span class='ocr_line' id='line_1_72' title="bbox 2057 1460 3624 1549; baseline 0.004 -29"><span class='ocrx_word' id='word_1_539' title='bbox 2057 1467 2226 1536; x_wconf 86' lang='lat' dir='ltr'><strong>ipsius</strong></span> <span class='ocrx_word' id='word_1_540' title='bbox 2250 1477 2425 1522; x_wconf 89' lang='lat' dir='ltr'><strong>ortum</strong></span> <span class='ocrx_word' id='word_1_541' title='bbox 2456 1467 2786 1549; x_wconf 80' lang='lat' dir='ltr'><strong>descendere</strong></span> <span class='ocrx_word' id='word_1_542' title='bbox 2812 1510 2827 1536; x_wconf 96' lang='lat'><strong>,</strong></span> <span class='ocrx_word' id='word_1_543' title='bbox 2875 1469 2991 1524; x_wconf 67' lang='lat' dir='ltr'><strong>haec</strong></span> <span class='ocrx_word' id='word_1_544' title='bbox 3037 1460 3160 1524; x_wconf 89' lang='lat' dir='ltr'><strong>cum</strong></span> <span class='ocrx_word' id='word_1_545' title='bbox 3193 1471 3296 1525; x_wconf 91' lang='lat' dir='ltr'><strong>illis</strong></span> <span class='ocrx_word' id='word_1_546' title='bbox 3319 1473 3624 1527; x_wconf 89' lang='lat' dir='ltr'><strong>consentire</strong></span> 
     </span>
    </p>
   </div>
   <div class='ocr_carea' id='block_1_73' title="bbox 2039 1559 3629 1631">
    <p class='ocr_par' dir='ltr' id='par_1_73' title="bbox 2039 1559 3629 1631">
     <span class='ocr_line' id='line_1_73' title="bbox 2039 1559 3629 1631; baseline 0.003 -19"><span class='ocrx_word' id='word_1_547' title='bbox 2039 1559 2440 1628; x_wconf 75' lang='lat' dir='ltr'><strong>deprehendet.</strong></span> <span class='ocrx_word' id='word_1_548' title='bbox 2473 1560 2567 1615; x_wconf 92' lang='lat' dir='ltr'><strong>Dic</strong></span> <span class='ocrx_word' id='word_1_549' title='bbox 2591 1576 2720 1631; x_wconf 85' lang='lat' dir='ltr'><strong>ergo</strong></span> <span class='ocrx_word' id='word_1_550' title='bbox 2744 1562 3014 1631; x_wconf 88' lang='lat' dir='ltr'><strong>quomodo</strong></span> <span class='ocrx_word' id='word_1_551' title='bbox 3042 1570 3199 1617; x_wconf 87' lang='lat' dir='ltr'><strong>natus</strong></span> <span class='ocrx_word' id='word_1_552' title='bbox 3221 1564 3292 1617; x_wconf 91' lang='lat' dir='ltr'><strong>sit</strong></span> <span class='ocrx_word' id='word_1_553' title='bbox 3318 1579 3330 1616; x_wconf 91' lang='lat'><strong>:</strong></span> <span class='ocrx_word' id='word_1_554' title='bbox 3355 1561 3482 1617; x_wconf 88' lang='lat' dir='ltr'><strong>Cum</strong></span> <span class='ocrx_word' id='word_1_555' title='bbox 3503 1573 3629 1617; x_wconf 83' lang='lat' dir='ltr'><strong>esset</strong></span> 
     </span>
    </p>
   </div>
   <div class='ocr_carea' id='block_1_74' title="bbox 2054 1651 3629 1722">
    <p class='ocr_par' dir='ltr' id='par_1_74' title="bbox 2054 1651 3629 1722">
     <span class='ocr_line' id='line_1_74' title="bbox 2054 1651 3629 1722; baseline 0.004 -20"><span class='ocrx_word' id='word_1_556' title='bbox 2054 1651 2365 1720; x_wconf 75' lang='lat' dir='ltr'><strong>desponsata</strong></span> <span class='ocrx_word' id='word_1_557' title='bbox 2393 1661 2555 1704; x_wconf 85' lang='lat' dir='ltr'><strong>mater</strong></span> <span class='ocrx_word' id='word_1_558' title='bbox 2573 1653 2684 1721; x_wconf 85' lang='lat' dir='ltr'><strong>ejus</strong></span> <span class='ocrx_word' id='word_1_559' title='bbox 2710 1651 2901 1706; x_wconf 73' lang='lat' dir='ltr'><strong>Maria.</strong></span> <span class='ocrx_word' id='word_1_560' title='bbox 2935 1652 3050 1708; x_wconf 82' lang='lat' dir='ltr'><strong>Non</strong></span> <span class='ocrx_word' id='word_1_561' title='bbox 3080 1653 3247 1718; x_wconf 80' lang='lat' dir='ltr'><strong>dixit,</strong></span> <span class='ocrx_word' id='word_1_562' title='bbox 3292 1654 3454 1722; x_wconf 88' lang='lat' dir='ltr'><strong>Virgo</strong></span> <span class='ocrx_word' id='word_1_563' title='bbox 3478 1694 3492 1719; x_wconf 96' lang='lat'><strong>,</strong></span> <span class='ocrx_word' id='word_1_564' title='bbox 3535 1656 3629 1708; x_wconf 78' lang='lat' dir='ltr'><strong>sed</strong></span> 
     </span>
    </p>
   </div>
   <div class='ocr_carea' id='block_1_75' title="bbox 2053 1741 3624 1815">
    <p class='ocr_par' dir='ltr' id='par_1_75' title="bbox 2053 1741 3624 1815">
     <span class='ocr_line' id='line_1_75' title="bbox 2053 1741 3624 1815; baseline 0.001 -19"><span class='ocrx_word' id='word_1_565' title='bbox 2053 1742 2368 1810; x_wconf 87' lang='lat' dir='ltr'><strong>simpliciter</strong></span> <span class='ocrx_word' id='word_1_566' title='bbox 2391 1783 2407 1808; x_wconf 91' lang='lat'><strong>,</strong></span> <span class='ocrx_word' id='word_1_567' title='bbox 2463 1741 2653 1810; x_wconf 79' lang='lat' dir='ltr'><strong>Mater,</strong></span> <span class='ocrx_word' id='word_1_568' title='bbox 2682 1753 2740 1798; x_wconf 91' lang='lat' dir='ltr'><strong>ut</strong></span> <span class='ocrx_word' id='word_1_569' title='bbox 2765 1758 2946 1798; x_wconf 79' lang='lat' dir='ltr'><strong>sermo</strong></span> <span class='ocrx_word' id='word_1_570' title='bbox 2986 1744 3136 1799; x_wconf 81' lang='lat' dir='ltr'><strong>facile</strong></span> <span class='ocrx_word' id='word_1_571' title='bbox 3162 1756 3466 1815; x_wconf 84' lang='lat' dir='ltr'><strong>caperetur.</strong></span> <span class='ocrx_word' id='word_1_572' title='bbox 3501 1745 3624 1800; x_wconf 90' lang='lat' dir='ltr'><strong>Ideo</strong></span> 
     </span>
    </p>
   </div>
   <div class='ocr_carea' id='block_1_76' title="bbox 2050 1834 3622 1908">
    <p class='ocr_par' dir='ltr' id='par_1_76' title="bbox 2050 1834 3622 1908">
     <span class='ocr_line' id='line_1_76' title="bbox 2050 1834 3622 1908; baseline 0.004 -22"><span class='ocrx_word' id='word_1_573' title='bbox 2050 1849 2170 1886; x_wconf 89' lang='lat' dir='ltr'><strong>cutn</strong></span> <span class='ocrx_word' id='word_1_574' title='bbox 2203 1834 2350 1902; x_wconf 84' lang='lat' dir='ltr'><strong>prius</strong></span> <span class='ocrx_word' id='word_1_575' title='bbox 2373 1845 2724 1904; x_wconf 81' lang='lat' dir='ltr'><strong>praeparasset</strong></span> <span class='ocrx_word' id='word_1_576' title='bbox 2749 1837 3045 1891; x_wconf 87' lang='lat' dir='ltr'><strong>auditorem</strong></span> <span class='ocrx_word' id='word_1_577' title='bbox 3075 1837 3140 1891; x_wconf 90' lang='lat' dir='ltr'><strong>ad</strong></span> <span class='ocrx_word' id='word_1_578' title='bbox 3169 1839 3366 1908; x_wconf 90' lang='lat' dir='ltr'><strong>aliquid</strong></span> <span class='ocrx_word' id='word_1_579' title='bbox 3415 1854 3622 1907; x_wconf 82' lang='lat' dir='ltr'><strong>eorum,</strong></span> 
     </span>
    </p>
   </div>
   <div class='ocr_carea' id='block_1_77' title="bbox 2049 1929 3634 2002">
    <p class='ocr_par' dir='ltr' id='par_1_77' title="bbox 2049 1929 3634 2002">
     <span class='ocr_line' id='line_1_77' title="bbox 2049 1929 3634 2002; baseline 0.006 -25"><span class='ocrx_word' id='word_1_580' title='bbox 2049 1942 2169 1994; x_wconf 74' lang='lat' dir='ltr'><strong>qnze</strong></span> <span class='ocrx_word' id='word_1_581' title='bbox 2196 1942 2261 1980; x_wconf 85' lang='lat' dir='ltr'><strong>cx</strong></span> <span class='ocrx_word' id='word_1_582' title='bbox 2293 1939 2443 1982; x_wconf 91' lang='lat' dir='ltr'><strong>more</strong></span> <span class='ocrx_word' id='word_1_583' title='bbox 2485 1929 2735 1994; x_wconf 88' lang='lat' dir='ltr'><strong>veniunt,</strong></span> <span class='ocrx_word' id='word_1_584' title='bbox 2762 1929 3085 1984; x_wconf 90' lang='lat' dir='ltr'><strong>audiendum</strong></span> <span class='ocrx_word' id='word_1_585' title='bbox 3111 1971 3126 1992; x_wconf 97' lang='lat'><strong>,</strong></span> <span class='ocrx_word' id='word_1_586' title='bbox 3171 1939 3227 1985; x_wconf 93' lang='lat' dir='ltr'><strong>ct</strong></span> <span class='ocrx_word' id='word_1_587' title='bbox 3269 1933 3320 1985; x_wconf 91' lang='lat' dir='ltr'><strong>in</strong></span> <span class='ocrx_word' id='word_1_588' title='bbox 3363 1933 3464 1987; x_wconf 90' lang='lat' dir='ltr'><strong>bac</strong></span> <span class='ocrx_word' id='word_1_589' title='bbox 3489 1931 3634 2002; x_wconf 88' lang='lat' dir='ltr'><strong>c0gi-</strong></span> 
     </span>
    </p>
   </div>
   <div class='ocr_carea' id='block_1_78' title="bbox 2052 2017 3625 2088">
    <p class='ocr_par' dir='ltr' id='par_1_78' title="bbox 2052 2017 3625 2088">
     <span class='ocr_line' id='line_1_78' title="bbox 2052 2017 3625 2088; baseline 0.005 -20"><span class='ocrx_word' id='word_1_590' title='bbox 2052 2017 2250 2070; x_wconf 79' lang='lat' dir='ltr'><strong>talione</strong></span> <span class='ocrx_word' id='word_1_591' title='bbox 2277 2017 2591 2071; x_wconf 90' lang='lat' dir='ltr'><strong>retinuisset</strong></span> <span class='ocrx_word' id='word_1_592' title='bbox 2616 2059 2629 2078; x_wconf 89' lang='lat'><strong>,</strong></span> <span class='ocrx_word' id='word_1_593' title='bbox 2662 2029 2785 2073; x_wconf 92' lang='lat' dir='ltr'><strong>tunc</strong></span> <span class='ocrx_word' id='word_1_594' title='bbox 2812 2021 3069 2088; x_wconf 84' lang='lat' dir='ltr'><strong>percellit.</strong></span> <span class='ocrx_word' id='word_1_595' title='bbox 3115 2036 3229 2075; x_wconf 90' lang='lat' dir='ltr'><strong>rem</strong></span> <span class='ocrx_word' id='word_1_596' title='bbox 3261 2021 3625 2076; x_wconf 83' lang='lat' dir='ltr'><strong>admirandam</strong></span> 
     </span>
    </p>
   </div>
   <div class='ocr_carea' id='block_1_79' title="bbox 2048 2106 3634 2179">
    <p class='ocr_par' dir='ltr' id='par_1_79' title="bbox 2048 2106 3634 2179">
     <span class='ocr_line' id='line_1_79' title="bbox 2048 2106 3634 2179; baseline 0.003 -18"><span class='ocrx_word' id='word_1_597' title='bbox 2048 2106 2378 2176; x_wconf 84' lang='lat' dir='ltr'><strong>subjungens</strong></span> <span class='ocrx_word' id='word_1_598' title='bbox 2409 2106 2492 2160; x_wconf 89' lang='lat' dir='ltr'><strong>his</strong></span> <span class='ocrx_word' id='word_1_599' title='bbox 2520 2107 2695 2161; x_wconf 86' lang='lat' dir='ltr'><strong>verbis</strong></span> <span class='ocrx_word' id='word_1_600' title='bbox 2725 2125 2738 2160; x_wconf 93' lang='lat'><strong>:</strong></span> <span class='ocrx_word' id='word_1_601' title='bbox 2773 2111 3051 2179; x_wconf 72' lang='lat' dir='ltr'><strong>Antequam</strong></span> <span class='ocrx_word' id='word_1_602' title='bbox 3071 2111 3410 2176; x_wconf 82' lang='lat' dir='ltr'><strong>convenirent,</strong></span> <span class='ocrx_word' id='word_1_603' title='bbox 3434 2111 3634 2165; x_wconf 84' lang='lat' dir='ltr'><strong>inventa</strong></span> 
     </span>
    </p>
   </div>
   <div class='ocr_carea' id='block_1_80' title="bbox 2047 2199 3633 2270">
    <p class='ocr_par' dir='ltr' id='par_1_80' title="bbox 2047 2199 3633 2270">
     <span class='ocr_line' id='line_1_80' title="bbox 2047 2199 3633 2270; baseline 0.005 -19"><span class='ocrx_word' id='word_1_604' title='bbox 2047 2209 2118 2251; x_wconf 77' lang='lat' dir='ltr'><strong>est</strong></span> <span class='ocrx_word' id='word_1_605' title='bbox 2144 2200 2196 2251; x_wconf 89' lang='lat' dir='ltr'><strong>in</strong></span> <span class='ocrx_word' id='word_1_606' title='bbox 2213 2207 2355 2251; x_wconf 83' lang='lat' dir='ltr'><strong>utero</strong></span> <span class='ocrx_word' id='word_1_607' title='bbox 2379 2199 2570 2254; x_wconf 83' lang='lat' dir='ltr'><strong>habens</strong></span> <span class='ocrx_word' id='word_1_608' title='bbox 2596 2202 2658 2254; x_wconf 88' lang='lat' dir='ltr'><strong>de</strong></span> <span class='ocrx_word' id='word_1_609' title='bbox 2695 2199 2895 2269; x_wconf 81' lang='lat' dir='ltr'><strong>Spiritu</strong></span> <span class='ocrx_word' id='word_1_610' title='bbox 2918 2211 3112 2256; x_wconf 89' lang='lat' dir='ltr'><strong>sancto.</strong></span> <span class='ocrx_word' id='word_1_611' title='bbox 3140 2202 3254 2256; x_wconf 87' lang='lat' dir='ltr'><strong>Non</strong></span> <span class='ocrx_word' id='word_1_612' title='bbox 3285 2203 3438 2270; x_wconf 88' lang='lat' dir='ltr'><strong>dixit,</strong></span> <span class='ocrx_word' id='word_1_613' title='bbox 3469 2206 3633 2260; x_wconf 75' lang='lat' dir='ltr'><strong>Ante-</strong></span> 
     </span>
    </p>
   </div>
   <div class='ocr_carea' id='block_1_81' title="bbox 2053 2298 3634 2370">
    <p class='ocr_par' dir='ltr' id='par_1_81' title="bbox 2053 2298 3634 2370">
     <span class='ocr_line' id='line_1_81' title="bbox 2053 2298 3634 2370; baseline 0.002 -17"><span class='ocrx_word' id='word_1_614' title='bbox 2053 2315 2210 2369; x_wconf 91' lang='lat' dir='ltr'><strong>quam</strong></span> <span class='ocrx_word' id='word_1_615' title='bbox 2234 2298 2518 2354; x_wconf 87' lang='lat' dir='ltr'><strong>duceretur</strong></span> <span class='ocrx_word' id='word_1_616' title='bbox 2550 2298 2603 2353; x_wconf 93' lang='lat' dir='ltr'><strong>in</strong></span> <span class='ocrx_word' id='word_1_617' title='bbox 2649 2299 2867 2354; x_wconf 89' lang='lat' dir='ltr'><strong>domum</strong></span> <span class='ocrx_word' id='word_1_618' title='bbox 2896 2301 3075 2370; x_wconf 89' lang='lat' dir='ltr'><strong>sponsi</strong></span> <span class='ocrx_word' id='word_1_619' title='bbox 3107 2318 3122 2354; x_wconf 87' lang='lat'><strong>:</strong></span> <span class='ocrx_word' id='word_1_620' title='bbox 3165 2301 3306 2355; x_wconf 91' lang='lat' dir='ltr'><strong>intus</strong></span> <span class='ocrx_word' id='word_1_621' title='bbox 3341 2301 3484 2357; x_wconf 89' lang='lat' dir='ltr'><strong>enim</strong></span> <span class='ocrx_word' id='word_1_622' title='bbox 3523 2301 3634 2370; x_wconf 88' lang='lat' dir='ltr'><strong>jam</strong></span> 
     </span>
    </p>
   </div>
   <div class='ocr_carea' id='block_1_82' title="bbox 2051 2391 3617 2462">
    <p class='ocr_par' dir='ltr' id='par_1_82' title="bbox 2051 2391 3617 2462">
     <span class='ocr_line' id='line_1_82' title="bbox 2051 2391 3617 2462; baseline -0.001 -15"><span class='ocrx_word' id='word_1_623' title='bbox 2051 2401 2187 2447; x_wconf 89' lang='lat' dir='ltr'><strong>erat.</strong></span> <span class='ocrx_word' id='word_1_624' title='bbox 2206 2391 2342 2446; x_wconf 89' lang='lat' dir='ltr'><strong>Nam</strong></span> <span class='ocrx_word' id='word_1_625' title='bbox 2367 2405 2485 2444; x_wconf 93' lang='lat' dir='ltr'><strong>mos</strong></span> <span class='ocrx_word' id='word_1_626' title='bbox 2515 2391 2703 2460; x_wconf 89' lang='lat' dir='ltr'><strong>priscis</strong></span> <span class='ocrx_word' id='word_1_627' title='bbox 2729 2401 2844 2445; x_wconf 91' lang='lat' dir='ltr'><strong>erat</strong></span> <span class='ocrx_word' id='word_1_628' title='bbox 2871 2407 3096 2461; x_wconf 88' lang='lat' dir='ltr'><strong>sponsas</strong></span> <span class='ocrx_word' id='word_1_629' title='bbox 3123 2402 3176 2446; x_wconf 91' lang='lat' dir='ltr'><strong>ut</strong></span> <span class='ocrx_word' id='word_1_630' title='bbox 3208 2394 3491 2462; x_wconf 89' lang='lat' dir='ltr'><strong>plurimum</strong></span> <span class='ocrx_word' id='word_1_631' title='bbox 3516 2394 3617 2447; x_wconf 88' lang='lat' dir='ltr'><strong>do-</strong></span> 
     </span>
    </p>
   </div>
   <div class='ocr_carea' id='block_1_83' title="bbox 2052 2482 3628 2548">
    <p class='ocr_par' dir='ltr' id='par_1_83' title="bbox 2052 2482 3628 2548">
     <span class='ocr_line' id='line_1_83' title="bbox 2052 2482 3628 2548; baseline -0.001 -10"><span class='ocrx_word' id='word_1_632' title='bbox 2052 2485 2122 2538; x_wconf 91' lang='lat' dir='ltr'><strong>mi</strong></span> <span class='ocrx_word' id='word_1_633' title='bbox 2154 2493 2335 2538; x_wconf 88' lang='lat' dir='ltr'><strong>tenere</strong></span> <span class='ocrx_word' id='word_1_634' title='bbox 2357 2523 2372 2548; x_wconf 94' lang='lat'><strong>,</strong></span> <span class='ocrx_word' id='word_1_635' title='bbox 2421 2483 2528 2535; x_wconf 91' lang='lat' dir='ltr'><strong>imo</strong></span> <span class='ocrx_word' id='word_1_636' title='bbox 2556 2482 2715 2536; x_wconf 91' lang='lat' dir='ltr'><strong>etiam</strong></span> <span class='ocrx_word' id='word_1_637' title='bbox 2744 2496 2883 2535; x_wconf 91' lang='lat' dir='ltr'><strong>nunc</strong></span> <span class='ocrx_word' id='word_1_638' title='bbox 2919 2482 2970 2535; x_wconf 94' lang='lat' dir='ltr'><strong>id</strong></span> <span class='ocrx_word' id='word_1_639' title='bbox 3006 2482 3186 2536; x_wconf 90' lang='lat' dir='ltr'><strong>videre</strong></span> <span class='ocrx_word' id='word_1_640' title='bbox 3227 2493 3312 2538; x_wconf 88' lang='lat' dir='ltr'><strong>est</strong></span> <span class='ocrx_word' id='word_1_641' title='bbox 3353 2501 3370 2538; x_wconf 68' lang='grc' dir='ltr'>ς</span> <span class='ocrx_word' id='word_1_642' title='bbox 3413 2496 3468 2538; x_wconf 88' lang='lat' dir='ltr'><strong>et</strong></span> <span class='ocrx_word' id='word_1_643' title='bbox 3511 2484 3628 2538; x_wconf 88' lang='lat' dir='ltr'><strong>Loti</strong></span> 
     </span>
    </p>
   </div>
   <div class='ocr_carea' id='block_1_84' title="bbox 2049 2571 3631 2645">
    <p class='ocr_par' dir='ltr' id='par_1_84' title="bbox 2049 2571 3631 2645">
     <span class='ocr_line' id='line_1_84' title="bbox 2049 2571 3631 2645; baseline 0.001 -19"><span class='ocrx_word' id='word_1_644' title='bbox 2049 2574 2232 2644; x_wconf 88' lang='lat' dir='ltr'><strong>generi</strong></span> <span class='ocrx_word' id='word_1_645' title='bbox 2262 2589 2382 2628; x_wconf 92' lang='lat' dir='ltr'><strong>cum</strong></span> <span class='ocrx_word' id='word_1_646' title='bbox 2428 2573 2544 2642; x_wconf 87' lang='lat' dir='ltr'><strong>ipso</strong></span> <span class='ocrx_word' id='word_1_647' title='bbox 2575 2571 2902 2628; x_wconf 88' lang='lat' dir='ltr'><strong>habitabant.</strong></span> <span class='ocrx_word' id='word_1_648' title='bbox 2933 2572 3211 2628; x_wconf 86' lang='lat' dir='ltr'><strong>llabitabat</strong></span> <span class='ocrx_word' id='word_1_649' title='bbox 3264 2589 3394 2644; x_wconf 86' lang='lat' dir='ltr'><strong>ergo</strong></span> <span class='ocrx_word' id='word_1_650' title='bbox 3421 2585 3476 2629; x_wconf 90' lang='lat' dir='ltr'><strong>et</strong></span> <span class='ocrx_word' id='word_1_651' title='bbox 3519 2575 3631 2645; x_wconf 88' lang='lat' dir='ltr'><strong>ipsa</strong></span> 
     </span>
    </p>
   </div>
   <div class='ocr_carea' id='block_1_85' title="bbox 2052 2665 2454 2735">
    <p class='ocr_par' dir='ltr' id='par_1_85' title="bbox 2052 2665 2454 2735">
     <span class='ocr_line' id='line_1_85' title="bbox 2052 2665 2454 2735; baseline -0.005 -15"><span class='ocrx_word' id='word_1_652' title='bbox 2052 2681 2170 2723; x_wconf 84' lang='lat' dir='ltr'><strong>eum</strong></span> <span class='ocrx_word' id='word_1_653' title='bbox 2198 2665 2454 2735; x_wconf 77' lang='lat' dir='ltr'><strong>Josepho.</strong></span> 
     </span>
    </p>
   </div>
   <div class='ocr_carea' id='block_1_86' title="bbox 2127 2827 3637 2901">
    <p class='ocr_par' dir='ltr' id='par_1_86' title="bbox 2127 2827 3637 2901">
     <span class='ocr_line' id='line_1_86' title="bbox 2127 2827 3637 2901; baseline -0.004 -13"><span class='ocrx_word' id='word_1_654' title='bbox 2127 2834 2182 2888; x_wconf 75' lang='grc'><strong>5.</strong></span> <span class='ocrx_word' id='word_1_655' title='bbox 2230 2833 2335 2888; x_wconf 87' lang='lat' dir='ltr'><strong>Cur</strong></span> <span class='ocrx_word' id='word_1_656' title='bbox 2363 2831 2532 2886; x_wconf 82' lang='lat' dir='ltr'><strong>Maria</strong></span> <span class='ocrx_word' id='word_1_657' title='bbox 2573 2847 2676 2886; x_wconf 90' lang='lat' dir='ltr'><strong>non</strong></span> <span class='ocrx_word' id='word_1_658' title='bbox 2699 2839 2816 2885; x_wconf 85' lang='lat' dir='ltr'><strong>ante</strong></span> <span class='ocrx_word' id='word_1_659' title='bbox 2839 2829 3098 2901; x_wconf 85' lang='lat' dir='ltr'><strong>sponsalia</strong></span> <span class='ocrx_word' id='word_1_660' title='bbox 3135 2829 3436 2898; x_wconf 79' lang='lat' dir='ltr'><strong>conceperit.</strong></span> <span class='ocrx_word' id='word_1_661' title='bbox 3464 2827 3637 2896; x_wconf 83' lang='lat' dir='ltr'><strong>Spiri-</strong></span> 
     </span>
    </p>
   </div>
   <div class='ocr_carea' id='block_1_87' title="bbox 2053 2921 3632 2995">
    <p class='ocr_par' dir='ltr' id='par_1_87' title="bbox 2053 2921 3632 2995">
     <span class='ocr_line' id='line_1_87' title="bbox 2053 2921 3632 2995; baseline -0.003 -16"><span class='ocrx_word' id='word_1_662' title='bbox 2053 2935 2130 2980; x_wconf 88' lang='lat' dir='ltr'><strong>tus</strong></span> <span class='ocrx_word' id='word_1_663' title='bbox 2157 2924 2381 2995; x_wconf 81' lang='lat' dir='ltr'><strong>Operatio</strong></span> <span class='ocrx_word' id='word_1_664' title='bbox 2408 2925 2460 2976; x_wconf 84' lang='lat' dir='ltr'><strong>in</strong></span> <span class='ocrx_word' id='word_1_665' title='bbox 2491 2921 2695 2993; x_wconf 85' lang='lat' dir='ltr'><strong>Virgine</strong></span> <span class='ocrx_word' id='word_1_666' title='bbox 2714 2938 2813 2975; x_wconf 90' lang='lat' dir='ltr'><strong>non</strong></span> <span class='ocrx_word' id='word_1_667' title='bbox 2842 2921 3170 2989; x_wconf 75' lang='lat' dir='ltr'><strong>exploranda.</strong></span> <span class='ocrx_word' id='word_1_668' title='bbox 3195 2921 3384 2976; x_wconf 91' lang='lat' dir='ltr'><strong>—Sed</strong></span> <span class='ocrx_word' id='word_1_669' title='bbox 3407 2936 3503 2974; x_wconf 92' lang='lat' dir='ltr'><strong>cur</strong></span> <span class='ocrx_word' id='word_1_670' title='bbox 3528 2936 3632 2975; x_wconf 90' lang='lat' dir='ltr'><strong>non</strong></span> 
     </span>
    </p>
   </div>
   <div class='ocr_carea' id='block_1_88' title="bbox 2052 3010 3615 3084">
    <p class='ocr_par' dir='ltr' id='par_1_88' title="bbox 2052 3010 3615 3084">
     <span class='ocr_line' id='line_1_88' title="bbox 2052 3010 3615 3084; baseline -0.004 -14"><span class='ocrx_word' id='word_1_671' title='bbox 2052 3026 2176 3070; x_wconf 91' lang='lat' dir='ltr'><strong>ante</strong></span> <span class='ocrx_word' id='word_1_672' title='bbox 2228 3014 2497 3084; x_wconf 87' lang='lat' dir='ltr'><strong>sponsalia</strong></span> <span class='ocrx_word' id='word_1_673' title='bbox 2545 3013 2837 3082; x_wconf 88' lang='lat' dir='ltr'><strong>concepit?</strong></span> <span class='ocrx_word' id='word_1_674' title='bbox 2867 3011 2953 3077; x_wconf 90' lang='lat' dir='ltr'><strong>Ut,</strong></span> <span class='ocrx_word' id='word_1_675' title='bbox 2996 3010 3441 3080; x_wconf 88' lang='lat' dir='ltr'><strong>quemadmodum</strong></span> <span class='ocrx_word' id='word_1_676' title='bbox 3484 3010 3615 3073; x_wconf 83' lang='lat' dir='ltr'><strong>dixi,</strong></span> 
     </span>
    </p>
   </div>
   <div class='ocr_carea' id='block_1_89' title="bbox 2053 3102 3634 3172">
    <p class='ocr_par' dir='ltr' id='par_1_89' title="bbox 2053 3102 3634 3172">
     <span class='ocr_line' id='line_1_89' title="bbox 2053 3102 3634 3172; baseline -0.004 -12"><span class='ocrx_word' id='word_1_677' title='bbox 2053 3121 2141 3160; x_wconf 87' lang='lat' dir='ltr'><strong>res</strong></span> <span class='ocrx_word' id='word_1_678' title='bbox 2169 3105 2547 3166; x_wconf 89' lang='lat' dir='ltr'><strong>occultaretur,</strong></span> <span class='ocrx_word' id='word_1_679' title='bbox 2576 3112 2631 3158; x_wconf 90' lang='lat' dir='ltr'><strong>et</strong></span> <span class='ocrx_word' id='word_1_680' title='bbox 2660 3111 2718 3156; x_wconf 92' lang='lat' dir='ltr'><strong>ut</strong></span> <span class='ocrx_word' id='word_1_681' title='bbox 2749 3102 2910 3172; x_wconf 88' lang='lat' dir='ltr'><strong>Virgo</strong></span> <span class='ocrx_word' id='word_1_682' title='bbox 2951 3117 3166 3171; x_wconf 89' lang='lat' dir='ltr'><strong>pravam</strong></span> <span class='ocrx_word' id='word_1_683' title='bbox 3212 3116 3426 3156; x_wconf 88' lang='lat' dir='ltr'><strong>onmem</strong></span> <span class='ocrx_word' id='word_1_684' title='bbox 3454 3103 3634 3170; x_wconf 79' lang='lat' dir='ltr'><strong>saSpi-</strong></span> 
     </span>
    </p>
   </div>
   <div class='ocr_carea' id='block_1_90' title="bbox 2051 3195 3632 3268">
    <p class='ocr_par' dir='ltr' id='par_1_90' title="bbox 2051 3195 3632 3268">
     <span class='ocr_line' id='line_1_90' title="bbox 2051 3195 3632 3268; baseline -0.003 -16"><span class='ocrx_word' id='word_1_685' title='bbox 2051 3199 2256 3253; x_wconf 91' lang='lat' dir='ltr'><strong>cionem</strong></span> <span class='ocrx_word' id='word_1_686' title='bbox 2286 3197 2562 3268; x_wconf 81' lang='lat' dir='ltr'><strong>effugeret.</strong></span> <span class='ocrx_word' id='word_1_687' title='bbox 2601 3196 2824 3264; x_wconf 85' lang='lat' dir='ltr'><strong>Quando</strong></span> <span class='ocrx_word' id='word_1_688' title='bbox 2866 3197 3009 3250; x_wconf 91' lang='lat' dir='ltr'><strong>enim</strong></span> <span class='ocrx_word' id='word_1_689' title='bbox 3053 3196 3160 3258; x_wconf 90' lang='lat' dir='ltr'><strong>ille,</strong></span> <span class='ocrx_word' id='word_1_690' title='bbox 3205 3197 3294 3263; x_wconf 92' lang='lat' dir='ltr'><strong>qui</strong></span> <span class='ocrx_word' id='word_1_691' title='bbox 3323 3195 3442 3265; x_wconf 91' lang='lat' dir='ltr'><strong>plus</strong></span> <span class='ocrx_word' id='word_1_692' title='bbox 3473 3211 3632 3264; x_wconf 87' lang='lat' dir='ltr'><strong>qttam</strong></span> 
     </span>
    </p>
   </div>
   <div class='ocr_carea' id='block_1_91' title="bbox 2051 3286 3632 3360">
    <p class='ocr_par' dir='ltr' id='par_1_91' title="bbox 2051 3286 3632 3360">
     <span class='ocr_line' id='line_1_91' title="bbox 2051 3286 3632 3360; baseline -0.003 -17"><span class='ocrx_word' id='word_1_693' title='bbox 2051 3303 2236 3343; x_wconf 91' lang='lat' dir='ltr'><strong>omnes</strong></span> <span class='ocrx_word' id='word_1_694' title='bbox 2278 3289 2538 3360; x_wconf 88' lang='lat' dir='ltr'><strong>zelotypia</strong></span> <span class='ocrx_word' id='word_1_695' title='bbox 2571 3288 2764 3357; x_wconf 91' lang='lat' dir='ltr'><strong>corripi</strong></span> <span class='ocrx_word' id='word_1_696' title='bbox 2794 3295 3022 3357; x_wconf 89' lang='lat' dir='ltr'><strong>poterat,</strong></span> <span class='ocrx_word' id='word_1_697' title='bbox 3068 3286 3351 3341; x_wconf 87' lang='lat' dir='ltr'><strong>videbatur</strong></span> <span class='ocrx_word' id='word_1_698' title='bbox 3377 3301 3494 3340; x_wconf 87' lang='lat' dir='ltr'><strong>eam</strong></span> <span class='ocrx_word' id='word_1_699' title='bbox 3527 3302 3632 3339; x_wconf 83' lang='lat' dir='ltr'><strong>non</strong></span> 
     </span>
    </p>
   </div>
   <div class='ocr_carea' id='block_1_92' title="bbox 2055 3373 3632 3445">
    <p class='ocr_par' dir='ltr' id='par_1_92' title="bbox 2055 3373 3632 3445">
     <span class='ocr_line' id='line_1_92' title="bbox 2055 3373 3632 3445; baseline -0.001 -12"><span class='ocrx_word' id='word_1_700' title='bbox 2055 3373 2215 3436; x_wconf 90' lang='lat' dir='ltr'><strong>modo</strong></span> <span class='ocrx_word' id='word_1_701' title='bbox 2245 3396 2350 3434; x_wconf 91' lang='lat' dir='ltr'><strong>non</strong></span> <span class='ocrx_word' id='word_1_702' title='bbox 2383 3380 2664 3435; x_wconf 90' lang='lat' dir='ltr'><strong>traducere</strong></span> <span class='ocrx_word' id='word_1_703' title='bbox 2689 3421 2702 3445; x_wconf 91' lang='lat'><strong>,</strong></span> <span class='ocrx_word' id='word_1_704' title='bbox 2736 3395 2835 3434; x_wconf 88' lang='lat' dir='ltr'><strong>nec</strong></span> <span class='ocrx_word' id='word_1_705' title='bbox 2879 3379 3200 3433; x_wconf 84' lang='lat' dir='ltr'><strong>inltonorare</strong></span> <span class='ocrx_word' id='word_1_706' title='bbox 3225 3420 3240 3445; x_wconf 92' lang='lat'><strong>,</strong></span> <span class='ocrx_word' id='word_1_707' title='bbox 3268 3378 3362 3433; x_wconf 91' lang='lat' dir='ltr'><strong>sed</strong></span> <span class='ocrx_word' id='word_1_708' title='bbox 3390 3379 3550 3432; x_wconf 89' lang='lat' dir='ltr'><strong>etiam</strong></span> <span class='ocrx_word' id='word_1_709' title='bbox 3581 3380 3632 3432; x_wconf 92' lang='lat' dir='ltr'><strong>in</strong></span> 
     </span>
    </p>
   </div>
   <div class='ocr_carea' id='block_1_93' title="bbox 2051 3470 3630 3540">
    <p class='ocr_par' dir='ltr' id='par_1_93' title="bbox 2051 3470 3630 3540">
     <span class='ocr_line' id='line_1_93' title="bbox 2051 3470 3630 3540; baseline -0.003 -15"><span class='ocrx_word' id='word_1_710' title='bbox 2051 3472 2379 3526; x_wconf 76' lang='lat' dir='ltr'><strong>consortium</strong></span> <span class='ocrx_word' id='word_1_711' title='bbox 2426 3471 2686 3540; x_wconf 86' lang='lat' dir='ltr'><strong>accipere,</strong></span> <span class='ocrx_word' id='word_1_712' title='bbox 2737 3471 2940 3539; x_wconf 89' lang='lat' dir='ltr'><strong>ipsique</strong></span> <span class='ocrx_word' id='word_1_713' title='bbox 2970 3470 3270 3524; x_wconf 87' lang='lat' dir='ltr'><strong>ministrare</strong></span> <span class='ocrx_word' id='word_1_714' title='bbox 3314 3471 3630 3538; x_wconf 56' lang='lat' dir='ltr'><strong>praegnanti,</strong></span> 
     </span>
    </p>
   </div>
   <div class='ocr_carea' id='block_1_94' title="bbox 2052 3558 3633 3630">
    <p class='ocr_par' dir='ltr' id='par_1_94' title="bbox 2052 3558 3633 3630">
     <span class='ocr_line' id='line_1_94' title="bbox 2052 3558 3633 3630; baseline -0.003 -16"><span class='ocrx_word' id='word_1_715' title='bbox 2052 3562 2224 3630; x_wconf 88' lang='lat' dir='ltr'><strong>palam</strong></span> <span class='ocrx_word' id='word_1_716' title='bbox 2257 3570 2339 3615; x_wconf 90' lang='lat' dir='ltr'><strong>est</strong></span> <span class='ocrx_word' id='word_1_717' title='bbox 2367 3575 2487 3614; x_wconf 92' lang='lat' dir='ltr'><strong>eum</strong></span> <span class='ocrx_word' id='word_1_718' title='bbox 2519 3575 2623 3613; x_wconf 93' lang='lat' dir='ltr'><strong>non</strong></span> <span class='ocrx_word' id='word_1_719' title='bbox 2652 3561 2728 3614; x_wconf 88' lang='lat' dir='ltr'><strong>sic</strong></span> <span class='ocrx_word' id='word_1_720' title='bbox 2759 3561 3042 3624; x_wconf 91' lang='lat' dir='ltr'><strong>facturum,</strong></span> <span class='ocrx_word' id='word_1_721' title='bbox 3076 3558 3175 3612; x_wconf 81' lang='lat' dir='ltr'><strong>nisi</strong></span> <span class='ocrx_word' id='word_1_722' title='bbox 3199 3572 3507 3627; x_wconf 89' lang='lat' dir='ltr'><strong>persuasum</strong></span> <span class='ocrx_word' id='word_1_723' title='bbox 3542 3560 3633 3611; x_wconf 84' lang='lat' dir='ltr'><strong>ha-</strong></span> 
     </span>
    </p>
   </div>
   <div class='ocr_carea' id='block_1_95' title="bbox 2048 3650 3632 3720">
    <p class='ocr_par' dir='ltr' id='par_1_95' title="bbox 2048 3650 3632 3720">
     <span class='ocr_line' id='line_1_95' title="bbox 2048 3650 3632 3720; baseline -0.001 -15"><span class='ocrx_word' id='word_1_724' title='bbox 2048 3653 2251 3706; x_wconf 89' lang='lat' dir='ltr'><strong>buisset</strong></span> <span class='ocrx_word' id='word_1_725' title='bbox 2295 3668 2412 3706; x_wconf 88' lang='lat' dir='ltr'><strong>eam</strong></span> <span class='ocrx_word' id='word_1_726' title='bbox 2459 3667 2522 3706; x_wconf 91' lang='lat' dir='ltr'><strong>ex</strong></span> <span class='ocrx_word' id='word_1_727' title='bbox 2551 3652 2749 3720; x_wconf 90' lang='lat' dir='ltr'><strong>Spiritu</strong></span> <span class='ocrx_word' id='word_1_728' title='bbox 2793 3662 2978 3706; x_wconf 89' lang='lat' dir='ltr'><strong>sancto</strong></span> <span class='ocrx_word' id='word_1_729' title='bbox 3014 3650 3366 3720; x_wconf 90' lang='lat' dir='ltr'><strong>concepisse;</strong></span> <span class='ocrx_word' id='word_1_730' title='bbox 3399 3651 3632 3717; x_wconf 85' lang='lat' dir='ltr'><strong>alioquin</strong></span> 
     </span>
    </p>
   </div>
   <div class='ocr_carea' id='block_1_96' title="bbox 2049 3741 3631 3812">
    <p class='ocr_par' dir='ltr' id='par_1_96' title="bbox 2049 3741 3631 3812">
     <span class='ocr_line' id='line_1_96' title="bbox 2049 3741 3631 3812; baseline -0.003 -14"><span class='ocrx_word' id='word_1_731' title='bbox 2049 3744 2191 3798; x_wconf 86' lang='lat' dir='ltr'><strong>illam</strong></span> <span class='ocrx_word' id='word_1_732' title='bbox 2239 3760 2337 3799; x_wconf 88' lang='lat' dir='ltr'><strong>nec</strong></span> <span class='ocrx_word' id='word_1_733' title='bbox 2382 3745 2522 3812; x_wconf 91' lang='lat' dir='ltr'><strong>apud</strong></span> <span class='ocrx_word' id='word_1_734' title='bbox 2564 3758 2623 3799; x_wconf 89' lang='lat' dir='ltr'><strong>se</strong></span> <span class='ocrx_word' id='word_1_735' title='bbox 2667 3744 2998 3808; x_wconf 88' lang='lat' dir='ltr'><strong>retinuisset,</strong></span> <span class='ocrx_word' id='word_1_736' title='bbox 3030 3756 3128 3797; x_wconf 91' lang='lat' dir='ltr'><strong>nec</strong></span> <span class='ocrx_word' id='word_1_737' title='bbox 3157 3742 3210 3795; x_wconf 93' lang='lat' dir='ltr'><strong>in</strong></span> <span class='ocrx_word' id='word_1_738' title='bbox 3237 3741 3358 3795; x_wconf 92' lang='lat' dir='ltr'><strong>aliis</strong></span> <span class='ocrx_word' id='word_1_739' title='bbox 3398 3756 3497 3796; x_wconf 87' lang='lat' dir='ltr'><strong>suo</strong></span> <span class='ocrx_word' id='word_1_740' title='bbox 3527 3743 3631 3794; x_wconf 90' lang='lat' dir='ltr'><strong>mi-</strong></span> 
     </span>
    </p>
   </div>
   <div class='ocr_carea' id='block_1_97' title="bbox 2049 3832 3632 3904">
    <p class='ocr_par' dir='ltr' id='par_1_97' title="bbox 2049 3832 3632 3904">
     <span class='ocr_line' id='line_1_97' title="bbox 2049 3832 3632 3904; baseline -0.002 -17"><span class='ocrx_word' id='word_1_741' title='bbox 2049 3835 2270 3888; x_wconf 90' lang='lat' dir='ltr'><strong>nisterio</strong></span> <span class='ocrx_word' id='word_1_742' title='bbox 2299 3835 2546 3904; x_wconf 88' lang='lat' dir='ltr'><strong>dignatus</strong></span> <span class='ocrx_word' id='word_1_743' title='bbox 2572 3843 2735 3889; x_wconf 89' lang='lat' dir='ltr'><strong>esset.</strong></span> <span class='ocrx_word' id='word_1_744' title='bbox 2769 3833 3025 3903; x_wconf 88' lang='lat' dir='ltr'><strong>Apposite</strong></span> <span class='ocrx_word' id='word_1_745' title='bbox 3065 3843 3240 3887; x_wconf 87' lang='lat' dir='ltr'><strong>autem</strong></span> <span class='ocrx_word' id='word_1_746' title='bbox 3282 3841 3336 3886; x_wconf 90' lang='lat' dir='ltr'><strong>et</strong></span> <span class='ocrx_word' id='word_1_747' title='bbox 3377 3832 3502 3885; x_wconf 91' lang='lat' dir='ltr'><strong>illud</strong></span> <span class='ocrx_word' id='word_1_748' title='bbox 3546 3833 3632 3884; x_wconf 86' lang='lat' dir='ltr'><strong>ad-</strong></span> 
     </span>
    </p>
   </div>
   <div class='ocr_carea' id='block_1_98' title="bbox 2046 3923 3632 3995">
    <p class='ocr_par' dir='ltr' id='par_1_98' title="bbox 2046 3923 3632 3995">
     <span class='ocr_line' id='line_1_98' title="bbox 2046 3923 3632 3995; baseline -0.002 -15"><span class='ocrx_word' id='word_1_749' title='bbox 2046 3925 2201 3995; x_wconf 77' lang='lat' dir='ltr'><strong>jecit,</strong></span> <span class='ocrx_word' id='word_1_750' title='bbox 2236 3925 2451 3980; x_wconf 84' lang='lat' dir='ltr'><strong>Inventa</strong></span> <span class='ocrx_word' id='word_1_751' title='bbox 2481 3935 2552 3980; x_wconf 87' lang='lat' dir='ltr'><strong>est</strong></span> <span class='ocrx_word' id='word_1_752' title='bbox 2583 3927 2634 3978; x_wconf 87' lang='lat' dir='ltr'><strong>in</strong></span> <span class='ocrx_word' id='word_1_753' title='bbox 2675 3934 2816 3978; x_wconf 85' lang='lat' dir='ltr'><strong>utero</strong></span> <span class='ocrx_word' id='word_1_754' title='bbox 2847 3924 3074 3989; x_wconf 80' lang='lat' dir='ltr'><strong>habens;</strong></span> <span class='ocrx_word' id='word_1_755' title='bbox 3109 3924 3160 3977; x_wconf 91' lang='lat' dir='ltr'><strong>id</strong></span> <span class='ocrx_word' id='word_1_756' title='bbox 3191 3923 3331 3992; x_wconf 87' lang='lat' dir='ltr'><strong>quod</strong></span> <span class='ocrx_word' id='word_1_757' title='bbox 3360 3925 3462 3978; x_wconf 87' lang='lat' dir='ltr'><strong>dici</strong></span> <span class='ocrx_word' id='word_1_758' title='bbox 3495 3925 3632 3977; x_wconf 84' lang='lat' dir='ltr'><strong>solet</strong></span> 
     </span>
    </p>
   </div>
   <div class='ocr_carea' id='block_1_99' title="bbox 2049 4015 3631 4086">
    <p class='ocr_par' dir='ltr' id='par_1_99' title="bbox 2049 4015 3631 4086">
     <span class='ocr_line' id='line_1_99' title="bbox 2049 4015 3631 4086; baseline -0.001 -19"><span class='ocrx_word' id='word_1_759' title='bbox 2049 4017 2099 4068; x_wconf 91' lang='lat' dir='ltr'><strong>in</strong></span> <span class='ocrx_word' id='word_1_760' title='bbox 2145 4017 2303 4071; x_wconf 89' lang='lat' dir='ltr'><strong>rebus</strong></span> <span class='ocrx_word' id='word_1_761' title='bbox 2332 4015 2628 4086; x_wconf 84' lang='lat' dir='ltr'><strong>stupendis,</strong></span> <span class='ocrx_word' id='word_1_762' title='bbox 2679 4031 2798 4084; x_wconf 80' lang='lat' dir='ltr'><strong>qua:</strong></span> <span class='ocrx_word' id='word_1_763' title='bbox 2843 4023 3039 4084; x_wconf 78' lang='lat' dir='ltr'><strong>praeter</strong></span> <span class='ocrx_word' id='word_1_764' title='bbox 3080 4029 3230 4083; x_wconf 91' lang='lat' dir='ltr'><strong>spem</strong></span> <span class='ocrx_word' id='word_1_765' title='bbox 3275 4025 3330 4067; x_wconf 91' lang='lat' dir='ltr'><strong>et</strong></span> <span class='ocrx_word' id='word_1_766' title='bbox 3358 4024 3631 4082; x_wconf 85' lang='lat' dir='ltr'><strong>exspecta-</strong></span> 
     </span>
    </p>
   </div>
   <div class='ocr_carea' id='block_1_100' title="bbox 2049 4107 3628 4178">
    <p class='ocr_par' dir='ltr' id='par_1_100' title="bbox 2049 4107 3628 4178">
     <span class='ocr_line' id='line_1_100' title="bbox 2049 4107 3628 4178; baseline 0 -19"><span class='ocrx_word' id='word_1_767' title='bbox 2049 4108 2247 4162; x_wconf 90' lang='lat' dir='ltr'><strong>tionem</strong></span> <span class='ocrx_word' id='word_1_768' title='bbox 2296 4123 2509 4163; x_wconf 87' lang='lat' dir='ltr'><strong>omnem</strong></span> <span class='ocrx_word' id='word_1_769' title='bbox 2555 4109 2823 4162; x_wconf 89' lang='lat' dir='ltr'><strong>accidunt.</strong></span> <span class='ocrx_word' id='word_1_770' title='bbox 2868 4107 2946 4163; x_wconf 86' lang='lat' dir='ltr'><strong>Ne</strong></span> <span class='ocrx_word' id='word_1_771' title='bbox 2990 4109 3147 4178; x_wconf 85' lang='lat' dir='ltr'><strong>igitur</strong></span> <span class='ocrx_word' id='word_1_772' title='bbox 3175 4109 3309 4162; x_wconf 85' lang='lat' dir='ltr'><strong>ultra</strong></span> <span class='ocrx_word' id='word_1_773' title='bbox 3351 4109 3628 4177; x_wconf 82' lang='lat' dir='ltr'><strong>procedas,</strong></span> 
     </span>
    </p>
   </div>
   <div class='ocr_carea' id='block_1_101' title="bbox 2049 4201 3631 4271">
    <p class='ocr_par' dir='ltr' id='par_1_101' title="bbox 2049 4201 3631 4271">
     <span class='ocr_line' id='line_1_101' title="bbox 2049 4201 3631 4271; baseline 0 -17"><span class='ocrx_word' id='word_1_774' title='bbox 2049 4218 2114 4254; x_wconf 83' lang='lat' dir='ltr'><strong>ne</strong></span> <span class='ocrx_word' id='word_1_775' title='bbox 2145 4201 2269 4270; x_wconf 87' lang='lat' dir='ltr'><strong>quid</strong></span> <span class='ocrx_word' id='word_1_776' title='bbox 2298 4217 2506 4270; x_wconf 58' lang='lat' dir='ltr'><strong>quaeras</strong></span> <span class='ocrx_word' id='word_1_777' title='bbox 2539 4203 2672 4255; x_wconf 88' lang='lat' dir='ltr'><strong>ultra</strong></span> <span class='ocrx_word' id='word_1_778' title='bbox 2700 4218 2760 4256; x_wconf 90' lang='lat' dir='ltr'><strong>ea</strong></span> <span class='ocrx_word' id='word_1_779' title='bbox 2790 4217 2908 4271; x_wconf 68' lang='lat' dir='ltr'><strong>qum</strong></span> <span class='ocrx_word' id='word_1_780' title='bbox 2934 4202 3071 4256; x_wconf 89' lang='lat' dir='ltr'><strong>dicta</strong></span> <span class='ocrx_word' id='word_1_781' title='bbox 3101 4211 3247 4261; x_wconf 85' lang='lat' dir='ltr'><strong>sunt.</strong></span> <span class='ocrx_word' id='word_1_782' title='bbox 3277 4217 3452 4270; x_wconf 89' lang='lat' dir='ltr'><strong>neque</strong></span> <span class='ocrx_word' id='word_1_783' title='bbox 3480 4201 3631 4255; x_wconf 85' lang='lat' dir='ltr'><strong>dixe-</strong></span> 
     </span>
    </p>
   </div>
   <div class='ocr_carea' id='block_1_102' title="bbox 2047 4294 3628 4364">
    <p class='ocr_par' dir='ltr' id='par_1_102' title="bbox 2047 4294 3628 4364">
     <span class='ocr_line' id='line_1_102' title="bbox 2047 4294 3628 4364; baseline 0 -16"><span class='ocrx_word' id='word_1_784' title='bbox 2047 4296 2142 4357; x_wconf 90' lang='lat' dir='ltr'><strong>ris,</strong></span> <span class='ocrx_word' id='word_1_785' title='bbox 2171 4295 2448 4360; x_wconf 89' lang='lat' dir='ltr'><strong>Quomodo</strong></span> <span class='ocrx_word' id='word_1_786' title='bbox 2469 4297 2701 4362; x_wconf 90' lang='lat' dir='ltr'><strong>Spiritus</strong></span> <span class='ocrx_word' id='word_1_787' title='bbox 2722 4304 2936 4350; x_wconf 89' lang='lat' dir='ltr'><strong>sanctus</strong></span> <span class='ocrx_word' id='word_1_788' title='bbox 2963 4294 3013 4348; x_wconf 91' lang='lat' dir='ltr'><strong>id</strong></span> <span class='ocrx_word' id='word_1_789' title='bbox 3040 4311 3102 4348; x_wconf 90' lang='lat' dir='ltr'><strong>cx</strong></span> <span class='ocrx_word' id='word_1_790' title='bbox 3133 4294 3349 4364; x_wconf 85' lang='lat' dir='ltr'><strong>Virgine</strong></span> <span class='ocrx_word' id='word_1_791' title='bbox 3377 4303 3628 4362; x_wconf 90' lang='lat' dir='ltr'><strong>operatus</strong></span> 
     </span>
    </p>
   </div>
   <div class='ocr_carea' id='block_1_103' title="bbox 2037 4388 3614 4457">
    <p class='ocr_par' dir='ltr' id='par_1_103' title="bbox 2037 4388 3614 4457">
     <span class='ocr_line' id='line_1_103' title="bbox 2037 4388 3614 4457; baseline -0.003 -14"><span class='ocrx_word' id='word_1_792' title='bbox 2037 4399 2117 4443; x_wconf 73' lang='lat' dir='ltr'><strong>est</strong></span> <span class='ocrx_word' id='word_1_793' title='bbox 2142 4389 2165 4442; x_wconf 77' lang='lat'><strong>2’</strong></span> <span class='ocrx_word' id='word_1_794' title='bbox 2195 4389 2250 4442; x_wconf 88' lang='lat' dir='ltr'><strong>Si</strong></span> <span class='ocrx_word' id='word_1_795' title='bbox 2287 4388 2428 4442; x_wconf 90' lang='lat' dir='ltr'><strong>enim</strong></span> <span class='ocrx_word' id='word_1_796' title='bbox 2457 4398 2641 4441; x_wconf 91' lang='lat' dir='ltr'><strong>natura</strong></span> <span class='ocrx_word' id='word_1_797' title='bbox 2673 4398 2928 4457; x_wconf 88' lang='lat' dir='ltr'><strong>operante</strong></span> <span class='ocrx_word' id='word_1_798' title='bbox 2954 4403 3112 4443; x_wconf 90' lang='lat' dir='ltr'><strong>nemo</strong></span> <span class='ocrx_word' id='word_1_799' title='bbox 3143 4396 3317 4456; x_wconf 86' lang='lat' dir='ltr'><strong>potest</strong></span> <span class='ocrx_word' id='word_1_800' title='bbox 3347 4388 3614 4442; x_wconf 86' lang='lat' dir='ltr'><strong>formatio-</strong></span> 
     </span>
    </p>
   </div>
   <div class='ocr_carea' id='block_1_104' title="bbox 2041 4479 3626 4550">
    <p class='ocr_par' dir='ltr' id='par_1_104' title="bbox 2041 4479 3626 4550">
     <span class='ocr_line' id='line_1_104' title="bbox 2041 4479 3626 4550; baseline -0.002 -17"><span class='ocrx_word' id='word_1_801' title='bbox 2041 4481 2122 4534; x_wconf 91' lang='lat' dir='ltr'><strong>nis</strong></span> <span class='ocrx_word' id='word_1_802' title='bbox 2162 4479 2376 4533; x_wconf 83' lang='lat' dir='ltr'><strong>modum</strong></span> <span class='ocrx_word' id='word_1_803' title='bbox 2421 4479 2689 4548; x_wconf 88' lang='lat' dir='ltr'><strong>explicare</strong></span> <span class='ocrx_word' id='word_1_804' title='bbox 2713 4521 2728 4541; x_wconf 83' lang='lat'><strong>,</strong></span> <span class='ocrx_word' id='word_1_805' title='bbox 2761 4480 3029 4550; x_wconf 86' lang='lat' dir='ltr'><strong>quomodo</strong></span> <span class='ocrx_word' id='word_1_806' title='bbox 3059 4480 3258 4549; x_wconf 86' lang='lat' dir='ltr'><strong>Spiritu</strong></span> <span class='ocrx_word' id='word_1_807' title='bbox 3311 4479 3626 4537; x_wconf 85' lang='lat' dir='ltr'><strong>mirabiliter</strong></span> 
     </span>
    </p>
   </div>
   <div class='ocr_carea' id='block_1_105' title="bbox 2039 4571 3625 4642">
    <p class='ocr_par' dir='ltr' id='par_1_105' title="bbox 2039 4571 3625 4642">
     <span class='ocr_line' id='line_1_105' title="bbox 2039 4571 3625 4642; baseline -0.001 -16"><span class='ocrx_word' id='word_1_808' title='bbox 2039 4582 2228 4642; x_wconf 69' lang='lat' dir='ltr'><strong>agente</strong></span> <span class='ocrx_word' id='word_1_809' title='bbox 2251 4614 2267 4638; x_wconf 93' lang='lat'><strong>,</strong></span> <span class='ocrx_word' id='word_1_810' title='bbox 2315 4572 2606 4640; x_wconf 82' lang='lat' dir='ltr'><strong>poterimus</strong></span> <span class='ocrx_word' id='word_1_811' title='bbox 2649 4572 2763 4626; x_wconf 78' lang='lat' dir='ltr'><strong>ltzec</strong></span> <span class='ocrx_word' id='word_1_812' title='bbox 2807 4573 3138 4642; x_wconf 80' lang='lat' dir='ltr'><strong>explanare?</strong></span> <span class='ocrx_word' id='word_1_813' title='bbox 3172 4571 3247 4626; x_wconf 89' lang='lat' dir='ltr'><strong>Ne</strong></span> <span class='ocrx_word' id='word_1_814' title='bbox 3277 4573 3418 4626; x_wconf 90' lang='lat' dir='ltr'><strong>enim</strong></span> <span class='ocrx_word' id='word_1_815' title='bbox 3463 4587 3625 4625; x_wconf 49' lang='lat' dir='ltr'><strong>evan-</strong></span> 
     </span>
    </p>
   </div>
   <div class='ocr_carea' id='block_1_106' title="bbox 2039 4662 3626 4734">
    <p class='ocr_par' dir='ltr' id='par_1_106' title="bbox 2039 4662 3626 4734">
     <span class='ocr_line' id='line_1_106' title="bbox 2039 4662 3626 4734; baseline -0.001 -16"><span class='ocrx_word' id='word_1_816' title='bbox 2039 4667 2282 4734; x_wconf 89' lang='lat' dir='ltr'><strong>gelistam</strong></span> <span class='ocrx_word' id='word_1_817' title='bbox 2310 4678 2534 4717; x_wconf 85' lang='lat' dir='ltr'><strong>vexares</strong></span> <span class='ocrx_word' id='word_1_818' title='bbox 2563 4672 2617 4718; x_wconf 92' lang='lat' dir='ltr'><strong>et</strong></span> <span class='ocrx_word' id='word_1_819' title='bbox 2643 4663 2961 4732; x_wconf 90' lang='lat' dir='ltr'><strong>importunis</strong></span> <span class='ocrx_word' id='word_1_820' title='bbox 2988 4665 3374 4734; x_wconf 72' lang='lat' dir='ltr'><strong>qumstiouibtts</strong></span> <span class='ocrx_word' id='word_1_821' title='bbox 3395 4662 3626 4729; x_wconf 77' lang='lat' dir='ltr'><strong>exagi&#39;a-</strong></span> 
     </span>
    </p>
   </div>
   <div class='ocr_carea' id='block_1_107' title="bbox 2040 4755 3626 4821">
    <p class='ocr_par' dir='ltr' id='par_1_107' title="bbox 2040 4755 3626 4821">
     <span class='ocr_line' id='line_1_107' title="bbox 2040 4755 3626 4821; baseline -0.003 -12"><span class='ocrx_word' id='word_1_822' title='bbox 2040 4774 2146 4820; x_wconf 73' lang='lat' dir='ltr'><strong>res,</strong></span> <span class='ocrx_word' id='word_1_823' title='bbox 2175 4757 2287 4821; x_wconf 92' lang='lat' dir='ltr'><strong>ipse</strong></span> <span class='ocrx_word' id='word_1_824' title='bbox 2305 4756 2582 4809; x_wconf 88' lang='lat' dir='ltr'><strong>enuntiato</strong></span> <span class='ocrx_word' id='word_1_825' title='bbox 2606 4756 2843 4809; x_wconf 84' lang='lat' dir='ltr'><strong>miraculi</strong></span> <span class='ocrx_word' id='word_1_826' title='bbox 2875 4766 3094 4810; x_wconf 88' lang='lat' dir='ltr'><strong>auctore</strong></span> <span class='ocrx_word' id='word_1_827' title='bbox 3121 4771 3240 4809; x_wconf 73' lang='lat' dir='ltr'><strong>sese</strong></span> <span class='ocrx_word' id='word_1_828' title='bbox 3271 4756 3353 4808; x_wconf 89' lang='lat' dir='ltr'><strong>bis</strong></span> <span class='ocrx_word' id='word_1_829' title='bbox 3379 4755 3626 4810; x_wconf 85' lang='lat' dir='ltr'><strong>omnibus</strong></span> 
     </span>
    </p>
   </div>
   <div class='ocr_carea' id='block_1_108' title="bbox 2042 4846 3620 4917">
    <p class='ocr_par' dir='ltr' id='par_1_108' title="bbox 2042 4846 3620 4917">
     <span class='ocr_line' id='line_1_108' title="bbox 2042 4846 3620 4917; baseline -0.002 -16"><span class='ocrx_word' id='word_1_830' title='bbox 2042 4848 2302 4902; x_wconf 84' lang='lat' dir='ltr'><strong>liberavit.</strong></span> <span class='ocrx_word' id='word_1_831' title='bbox 2339 4847 2476 4900; x_wconf 88' lang='lat' dir='ltr'><strong>Nihil</strong></span> <span class='ocrx_word' id='word_1_832' title='bbox 2525 4848 2657 4900; x_wconf 85' lang='lat' dir='ltr'><strong>ultra</strong></span> <span class='ocrx_word' id='word_1_833' title='bbox 2687 4848 2820 4912; x_wconf 84' lang='lat' dir='ltr'><strong>scio,</strong></span> <span class='ocrx_word' id='word_1_834' title='bbox 2855 4848 3053 4917; x_wconf 88' lang='lat' dir='ltr'><strong>inquit,</strong></span> <span class='ocrx_word' id='word_1_835' title='bbox 3088 4847 3189 4901; x_wconf 79' lang='lat' dir='ltr'><strong>nisi</strong></span> <span class='ocrx_word' id='word_1_836' title='bbox 3222 4846 3323 4901; x_wconf 88' lang='lat' dir='ltr'><strong>hoc</strong></span> <span class='ocrx_word' id='word_1_837' title='bbox 3359 4862 3387 4900; x_wconf 85' lang='lat' dir='ltr'><strong>a</strong></span> <span class='ocrx_word' id='word_1_838' title='bbox 3419 4846 3620 4915; x_wconf 88' lang='lat' dir='ltr'><strong>Spiritu</strong></span> 
     </span>
    </p>
   </div>
   <div class='ocr_carea' id='block_1_109' title="bbox 2041 4937 3624 5008">
    <p class='ocr_par' dir='ltr' id='par_1_109' title="bbox 2041 4937 3624 5008">
     <span class='ocr_line' id='line_1_109' title="bbox 2041 4937 3624 5008; baseline -0.001 -18"><span class='ocrx_word' id='word_1_839' title='bbox 2041 4938 2236 4992; x_wconf 72' lang='lat' dir='ltr'><strong>fautum</strong></span> <span class='ocrx_word' id='word_1_840' title='bbox 2268 4951 2413 4993; x_wconf 91' lang='lat' dir='ltr'><strong>esse.</strong></span> <span class='ocrx_word' id='word_1_841' title='bbox 2450 4938 2780 4992; x_wconf 85' lang='lat' dir='ltr'><strong>Erubescant</strong></span> <span class='ocrx_word' id='word_1_842' title='bbox 2810 4939 2843 4991; x_wconf 92' lang='lat' dir='ltr'><strong>ii</strong></span> <span class='ocrx_word' id='word_1_843' title='bbox 2889 4939 2977 5007; x_wconf 90' lang='lat' dir='ltr'><strong>qtti</strong></span> <span class='ocrx_word' id='word_1_844' title='bbox 3010 4953 3295 5008; x_wconf 88' lang='lat' dir='ltr'><strong>supernam</strong></span> <span class='ocrx_word' id='word_1_845' title='bbox 3325 4937 3624 5006; x_wconf 83' lang='lat' dir='ltr'><strong>generatio-</strong></span> 
     </span>
    </p>
   </div>
   <div class='ocr_carea' id='block_1_110' title="bbox 2041 5029 3624 5098">
    <p class='ocr_par' dir='ltr' id='par_1_110' title="bbox 2041 5029 3624 5098">
     <span class='ocr_line' id='line_1_110' title="bbox 2041 5029 3624 5098; baseline -0.001 -15"><span class='ocrx_word' id='word_1_846' title='bbox 2041 5046 2162 5083; x_wconf 88' lang='lat' dir='ltr'><strong>nem</strong></span> <span class='ocrx_word' id='word_1_847' title='bbox 2194 5031 2460 5085; x_wconf 89' lang='lat' dir='ltr'><strong>curiosius</strong></span> <span class='ocrx_word' id='word_1_848' title='bbox 2484 5030 2785 5098; x_wconf 86' lang='lat' dir='ltr'><strong>explorant.</strong></span> <span class='ocrx_word' id='word_1_849' title='bbox 2812 5029 2866 5085; x_wconf 90' lang='lat' dir='ltr'><strong>Si</strong></span> <span class='ocrx_word' id='word_1_850' title='bbox 2897 5030 3038 5083; x_wconf 90' lang='lat' dir='ltr'><strong>enim</strong></span> <span class='ocrx_word' id='word_1_851' title='bbox 3075 5031 3209 5083; x_wconf 89' lang='lat' dir='ltr'><strong>hanc</strong></span> <span class='ocrx_word' id='word_1_852' title='bbox 3235 5046 3354 5098; x_wconf 70' lang='lat' dir='ltr'><strong>qua:</strong></span> <span class='ocrx_word' id='word_1_853' title='bbox 3380 5029 3624 5082; x_wconf 89' lang='lat' dir='ltr'><strong>innume-</strong></span> 
     </span>
    </p>
   </div>
   <div class='ocr_carea' id='block_1_111' title="bbox 2041 5120 3625 5190">
    <p class='ocr_par' dir='ltr' id='par_1_111' title="bbox 2041 5120 3625 5190">
     <span class='ocr_line' id='line_1_111' title="bbox 2041 5120 3625 5190; baseline -0.003 -14"><span class='ocrx_word' id='word_1_854' title='bbox 2041 5121 2114 5176; x_wconf 84' lang='lat' dir='ltr'><strong>ris</strong></span> <span class='ocrx_word' id='word_1_855' title='bbox 2133 5122 2356 5177; x_wconf 87' lang='lat' dir='ltr'><strong>testibus</strong></span> <span class='ocrx_word' id='word_1_856' title='bbox 2381 5121 2700 5183; x_wconf 89' lang='lat' dir='ltr'><strong>celebratur,</strong></span> <span class='ocrx_word' id='word_1_857' title='bbox 2727 5131 2780 5176; x_wconf 91' lang='lat' dir='ltr'><strong>ct</strong></span> <span class='ocrx_word' id='word_1_858' title='bbox 2801 5131 2924 5175; x_wconf 85' lang='lat' dir='ltr'><strong>ante</strong></span> <span class='ocrx_word' id='word_1_859' title='bbox 2949 5131 3024 5176; x_wconf 90' lang='lat' dir='ltr'><strong>tot</strong></span> <span class='ocrx_word' id='word_1_860' title='bbox 3055 5122 3248 5176; x_wconf 78' lang='lat' dir='ltr'><strong>sarcula</strong></span> <span class='ocrx_word' id='word_1_861' title='bbox 3276 5120 3625 5190; x_wconf 68' lang='lat' dir='ltr'><strong>prtenuntiata</strong></span> 
     </span>
    </p>
   </div>
   <div class='ocr_carea' id='block_1_112' title="bbox 2041 5212 3624 5282">
    <p class='ocr_par' dir='ltr' id='par_1_112' title="bbox 2041 5212 3624 5282">
     <span class='ocr_line' id='line_1_112' title="bbox 2041 5212 3624 5282; baseline -0.003 -15"><span class='ocrx_word' id='word_1_862' title='bbox 2041 5212 2211 5268; x_wconf 85' lang='lat' dir='ltr'><strong>fuerat</strong></span> <span class='ocrx_word' id='word_1_863' title='bbox 2239 5229 2359 5281; x_wconf 71' lang='lat' dir='ltr'><strong>qum</strong></span> <span class='ocrx_word' id='word_1_864' title='bbox 2383 5222 2436 5267; x_wconf 93' lang='lat' dir='ltr'><strong>ct</strong></span> <span class='ocrx_word' id='word_1_865' title='bbox 2456 5214 2624 5267; x_wconf 91' lang='lat' dir='ltr'><strong>oculis</strong></span> <span class='ocrx_word' id='word_1_866' title='bbox 2650 5223 2704 5266; x_wconf 90' lang='lat' dir='ltr'><strong>et</strong></span> <span class='ocrx_word' id='word_1_867' title='bbox 2732 5214 2897 5266; x_wconf 89' lang='lat' dir='ltr'><strong>tactui</strong></span> <span class='ocrx_word' id='word_1_868' title='bbox 2949 5216 3129 5282; x_wconf 88' lang='lat' dir='ltr'><strong>pervia</strong></span> <span class='ocrx_word' id='word_1_869' title='bbox 3171 5213 3288 5277; x_wconf 90' lang='lat' dir='ltr'><strong>fuit,</strong></span> <span class='ocrx_word' id='word_1_870' title='bbox 3339 5226 3498 5265; x_wconf 89' lang='lat' dir='ltr'><strong>nemo</strong></span> <span class='ocrx_word' id='word_1_871' title='bbox 3527 5225 3624 5280; x_wconf 92' lang='lat' dir='ltr'><strong>po-</strong></span> 
     </span>
    </p>
   </div>
   <div class='ocr_carea' id='block_1_113' title="bbox 2043 5304 3626 5376">
    <p class='ocr_par' dir='ltr' id='par_1_113' title="bbox 2043 5304 3626 5376">
     <span class='ocr_line' id='line_1_113' title="bbox 2043 5304 3626 5376; baseline -0.002 -16"><span class='ocrx_word' id='word_1_872' title='bbox 2043 5315 2144 5360; x_wconf 92' lang='lat' dir='ltr'><strong>tcst</strong></span> <span class='ocrx_word' id='word_1_873' title='bbox 2167 5306 2437 5375; x_wconf 79' lang='lat' dir='ltr'><strong>explicare</strong></span> <span class='ocrx_word' id='word_1_874' title='bbox 2467 5323 2480 5359; x_wconf 92' lang='lat'><strong>:</strong></span> <span class='ocrx_word' id='word_1_875' title='bbox 2516 5307 2568 5360; x_wconf 91' lang='lat' dir='ltr'><strong>in</strong></span> <span class='ocrx_word' id='word_1_876' title='bbox 2617 5323 2778 5376; x_wconf 87' lang='lat' dir='ltr'><strong>quem</strong></span> <span class='ocrx_word' id='word_1_877' title='bbox 2811 5325 2914 5360; x_wconf 86' lang='lat' dir='ltr'><strong>non</strong></span> <span class='ocrx_word' id='word_1_878' title='bbox 2963 5308 3180 5360; x_wconf 81' lang='lat' dir='ltr'><strong>insania:</strong></span> <span class='ocrx_word' id='word_1_879' title='bbox 3220 5307 3487 5360; x_wconf 79' lang='lat' dir='ltr'><strong>cumulum</strong></span> <span class='ocrx_word' id='word_1_880' title='bbox 3530 5304 3626 5357; x_wconf 88' lang='lat' dir='ltr'><strong>dc-</strong></span> 
     </span>
    </p>
   </div>
   <div class='ocr_carea' id='block_1_114' title="bbox 2041 5398 3626 5467">
    <p class='ocr_par' dir='ltr' id='par_1_114' title="bbox 2041 5398 3626 5467">
     <span class='ocr_line' id='line_1_114' title="bbox 2041 5398 3626 5467; baseline 0 -19"><span class='ocrx_word' id='word_1_881' title='bbox 2041 5398 2261 5452; x_wconf 88' lang='lat' dir='ltr'><strong>vcniunt</strong></span> <span class='ocrx_word' id='word_1_882' title='bbox 2292 5398 2348 5464; x_wconf 94' lang='lat' dir='ltr'><strong>ii,</strong></span> <span class='ocrx_word' id='word_1_883' title='bbox 2389 5398 2480 5467; x_wconf 88' lang='lat' dir='ltr'><strong>qui</strong></span> <span class='ocrx_word' id='word_1_884' title='bbox 2525 5413 2772 5453; x_wconf 89' lang='lat' dir='ltr'><strong>arcanam</strong></span> <span class='ocrx_word' id='word_1_885' title='bbox 2819 5401 2960 5452; x_wconf 88' lang='lat' dir='ltr'><strong>illam</strong></span> <span class='ocrx_word' id='word_1_886' title='bbox 3011 5415 3222 5452; x_wconf 79' lang='lat' dir='ltr'><strong>curiose</strong></span> <span class='ocrx_word' id='word_1_887' title='bbox 3247 5406 3546 5451; x_wconf 87' lang='lat' dir='ltr'><strong>scrutantur</strong></span> <span class='ocrx_word' id='word_1_888' title='bbox 3574 5404 3626 5448; x_wconf 78' lang='grc' dir='ltr'>ρι</span> 
     </span>
    </p>
   </div>
   <div class='ocr_carea' id='block_1_115' title="bbox 2040 5490 3625 5562">
    <p class='ocr_par' dir='ltr' id='par_1_115' title="bbox 2040 5490 3625 5562">
     <span class='ocr_line' id='line_1_115' title="bbox 2040 5490 3625 5562; baseline -0.003 -15"><span class='ocrx_word' id='word_1_889' title='bbox 2040 5491 2370 5562; x_wconf 81' lang='lat' dir='ltr'><strong>explorant?</strong></span> <span class='ocrx_word' id='word_1_890' title='bbox 2415 5491 2600 5562; x_wconf 86' lang='lat' dir='ltr'><strong>Neque</strong></span> <span class='ocrx_word' id='word_1_891' title='bbox 2644 5494 2787 5548; x_wconf 92' lang='lat' dir='ltr'><strong>cnim</strong></span> <span class='ocrx_word' id='word_1_892' title='bbox 2835 5493 3088 5561; x_wconf 88' lang='lat' dir='ltr'><strong>Gabriel,</strong></span> <span class='ocrx_word' id='word_1_893' title='bbox 3135 5507 3307 5562; x_wconf 88' lang='lat' dir='ltr'><strong>neque</strong></span> <span class='ocrx_word' id='word_1_894' title='bbox 3345 5490 3625 5545; x_wconf 77' lang='lat' dir='ltr'><strong>Mattlnrus</strong></span> 
     </span>
    </p>
   </div>
  </div>
