4060 6156
483 180 546 235 «Μ
1623 184 1689 240 IN
1725 183 2018 241 ΜΛΤἸἹΙᾹ

2120 186 2142 242 νί
2207 186 2430 244 IIOMIL.
2476 188 2563 246 IV.

497 301 720 370 δρόμου,
752 303 845 357 καὶ
873 303 1033 360 πάλιν
1063 305 1404 381 ἀνεχαίτισεν
1443 313 1525 377 εἰς
1555 313 1625 368 τὰ
1645 316 1839 372 ὀπίσω.
1872 317 1999 372 Ἵδοι
2022 317 2069 373 δ’

2157 310 2290 364 Οὐδὲ
2324 314 2434 384 γὰρ
2465 315 2666 376 εὐθέως
2706 320 2798 371 ἐπὶ
2827 320 2926 390 τήν
2965 323 3215 394 γέννησιν
3247 319 3429 396 ἦλθεν,
3459 326 3572 380 ἀλλ’
3599 328 3726 382 ἀνα-

497 395 562 448 ἄν
596 409 681 455 τις
705 393 864 447 τοῦτο
897 396 940 429 τ’
979 399 1068 455 καὶ
1088 401 1174 468 ἐφ’
1208 403 1365 472 ἡμῶν
1396 405 1780 476 γεγενημένον.
1818 409 1928 460 Καὶ
1960 408 2070 480 γὰρ
2156 405 2458 475 μιμνήσκει
2480 408 2690 477 πρῶτον
2713 412 2879 480 ἡμᾶς,
2899 416 3094 476 πόστος
3115 410 3182 484 ἦν
3203 393 3311 470 ἀπὸ
3330 416 3422 470 τοῦ
3452 418 3720 488 Ἀϐραὰμ.

492 485 586 538 καὶ
617 485 674 535 ἐν
704 487 766 553 τῇ
795 489 957 557 γενεᾷ
978 491 1042 557 τῇ
1075 490 1337 560 ἡμετέρᾳ,
1372 493 1464 545 ἐπὶ
1492 492 1584 545 τοῦ
1611 494 1818 556 πάντας
1843 493 2068 564 ἀσεϐείᾳ

489 575 808 644 νικήσαντος
859 577 1164 642 Ἰουλιανοῦ,
1200 581 1372 634 πολλὰ
1407 583 1498 635 καὶ
1532 583 1812 654 παράδοξα
1844 584 2064 653 συνέϐη.

490 666 596 717 Καὶ
650 665 760 736 γάρ
814 669 924 721 τῶν
975 670 1237 724 Ἰουδαίων
1279 673 1370 725 τὸν
1409 675 1467 726 ἐν
1503 675 1892 746 Ἱεροσολύμοις
1936 677 2064 730 ναὸν

482 758 789 828 ἀναστῆσαι
823 761 1264 834 ἐπιχειρούντων,
1303 765 1415 837 πῦρ
1450 768 1559 820 τῶν
1596 768 1859 838 θεμελίων
1886 773 2061 841 ἐκπη-

479 849 648 919 δῆσαν
678 851 723 882 ⁷⁸
748 851 991 916 ἅπαντας
1008 853 1322 909 διεκώλυσε·
1350 859 1445 911 καὶ
1465 859 1552 911 ὅτε
1581 861 1674 912 ἐπὶ
1703 861 1772 914 τὰ
1800 862 1966 932 σκεύη
1993 862 2060 915 τὰ

480 941 601 1011 ίερὰ
629 941 728 1013 τὴν
761 943 927 997 αὑτοῦ
964 947 1247 1016 παροινίαν
1272 951 1319 988 πθ
1351 949 1659 1017 ἐπεδείξατο
1687 952 1715 1005 ὅ
1741 970 1802 1005 τε
1831 954 2053 1022 ταμίας,

478 1033 504 1086 ὃ
524 1050 580 1085 τε
606 1034 747 1098 θεῖος
769 1036 863 1089 καὶ
883 1037 1171 1109 ὁμώνυμος
1193 1040 1422 1106 ἐκείνου,
1443 1043 1472 1094 6
1493 1043 1592 1112 μὲν
1614 1045 2056 1116 σκοληκόϐρωτος

479 1123 761 1190 γενόμενος
787 1124 1062 1194 ἐξέψυξεν,
1089 1130 1117 1182 ὁ
1140 1129 1197 1182 δὲ
1221 1130 1439 1185 ἐλάκισε
1467 1133 1512 1164 ⁸ο
1542 1135 1723 1204 μέσος·
1751 1138 1844 1191 καὶ
1865 1137 1927 1190 τὸ
1954 1139 2054 1202 τὰς

476 1213 655 1282 πηγὰς
696 1213 751 1266 δὲ
794 1215 1086 1282 ἐπιλιπεῖν,
1132 1218 1334 1272 θυσιῶν
1368 1222 1484 1275 ἐκεῖ
1517 1225 1842 1294 γενομένων,
1878 1229 1970 1280 καὶ
2004 1229 2047 1261 ⁸¹

473 1307 587 1373 μετ’
617 1306 779 1360 αὐτοῦ
827 1308 920 1361 τοῦ
971 1310 1232 1380 βασιλέως
1281 1315 1370 1369 τὸν
1422 1315 1576 1387 λιμὸν
1613 1319 1693 1382 εἰς
1730 1319 1830 1383 τὰς
1864 1322 2048 1387 πόλεις

474 1399 851 1465 συνεμπεσεῖν,
877 1403 1102 1470 σημεῖον
1137 1405 1392 1473 μέγιστον
1424 1403 1511 1478 ἦν.

533 1485 600 1554 β’.
631 1488 786 1552 Ἔθος
813 1489 921 1558 γὰρ
941 1493 1166 1547 τοιαῦτα
1197 1500 1370 1550 ποιεῖν
1396 1499 1475 1569 τῷ
1511 1499 1648 1570 Θεῷ·
1681 1501 1810 1557 ὅταν
1830 1505 2037 1578 αὐξηθῇ

464 1577 527 1629 τὰ
552 1578 717 1640 κακὰ,
735 1581 970 1646 καὶτοὺς
1001 1583 1100 1654 μὲν
1119 1587 1281 1640 αὑτοῦ
1312 1592 1681 1662 κακουμένους
1705 1593 1812 1666 ίδῃ.
1828 1598 1952 1661 τοὺς

457 1667 735 1734 ἐίαντίους
758 1673 961 1744 σφόδρα
982 1677 1046 1746 τῇ
1069 1679 1191 1730 κατ’
1213 1679 1393 1733 αὐτῶν
1416 1684 1690 1752 τυραννίδι
1713 1687 2033 1757 μεθύοντας,

452 1772 484 1806 τ
504 1759 578 1811 ὅτε
608 1761 707 1830 τὴν
739 1763 946 1817 οἰκείαν
985 1767 1384 1824 ἐπιδείκνυσθαι
1413 1773 1746 1832 δυναστείαν·
1783 1779 1812 1832 6
1843 1781 1938 1834 καὶ
1975 1784 2034 1836 ἐν

461 1847 676 1918 Περσίδι
708 1851 1006 1923 πεποίηκεν
1050 1856 1280 1912 ἐπὶτῶν
1315 1861 1602 1919 Ἰουδαίων.
1639 1866 1760 1918 Ὅτι
1799 1867 1898 1937 μὲν
1938 1864 2031 1922 οὖν

453 1940 548 2006 οὔχ
573 1940 759 2006 ἁπλῶς
785 1944 906 1997 οὐδὲ
927 1946 1002 2010 ὡς
1031 1946 1188 2018 ἔτυχε
1209 1950 1394 2011 ποιῶν.
1415 1954 1494 2016 εἰς
1514 1958 1663 2026 τρεῖς
1690 1959 1884 2029 μοίρας
1905 1963 2030 2025 τοὺς

461 2031 750 2099 προγόνους
776 2033 1010 2106 διένειμε
1040 2037 1133 2091 τοῦ
1166 2040 1425 2110 Χριστοῦ,
1451 2043 1606 2116 δῆλον
1642 2048 1707 2100 ἐκ
1731 2049 1839 2102 τῶν
1875 2052 2028 2121 εἰρη-

457 2118 652 2186 μένων.
680 2122 877 2178 Σκόπει
909 2125 964 2178 δὲ
989 2129 1083 2182 καὶ
1107 2131 1269 2185 πόθεν
1293 2134 1537 2206 ἄρχεται,
1573 2141 1670 2194 καὶ
1697 2145 1798 2194 ποῦ
1837 2118 2022 2197 τελευ-

458 2211 541 2280 τᾷ·
577 2211 708 2265 Ἀπὸ
735 2212 828 2266 τοῦ
871 2216 1115 2290 Ἀϐραὰμ
1145 2222 1224 2286 εἰς
1257 2225 1348 2278 τὸν
1379 2228 1562 2282 Δαυῖδ·
1596 2231 1705 2284 ἀπὸ
1729 2232 1822 2286 τοῦ
1857 2234 2020 2289 Δαυῒδ

455 2301 532 2363 εἰς
570 2302 668 2373 τὴν
697 2307 1038 2373 μετοικεσίαν
1075 2309 1408 2378 Βαϐυλῶνος·
1447 2319 1554 2372 ἀπὸ
1578 2321 1780 2393 ταύτης
1813 2324 1893 2388 είς
1923 2326 2020 2378 αὐ-

452 2391 540 2443 τὸν
571 2391 665 2445 τὸν
691 2395 943 2464 Χριστόν.
970 2400 1080 2454 Καὶ
1106 2401 1213 2474 γὰρ
1235 2405 1328 2458 καὶ
1355 2409 1652 2480 ἀρχόμενος
1674 2391 1798 2477 τοῦς
1822 2414 1915 2468 δύο
1939 2416 2020 2469 τέ-

452 2481 630 2577 θεικεν
673 2487 888 2577 ἐιρεξῆς,
929 2491 1018 2544 τόν
1060 2510 1120 2546 τε
1161 2496 1324 2551 Δαυῒδ
1365 2502 1458 2554 καὶ
1493 2501 1586 2556 τὸν
1612 2503 1886 2577 Ἀϐραὰμ,
1921 2507 2017 2560 καὶ

449 2571 1012 2646 ἀνακεφαλαιούμενος
1033 2583 1355 2658 ἀμφοτέρων
1373 2571 1773 2660 ἐμνημόνευσεν
1793 2571 2011 2662 ὁμοίως.

449 2663 558 2715 Καὶ
605 2665 731 2756 γάρ,
763 2668 898 2740 ὅπερ
935 2671 1104 2744 ἔφθην
1147 2677 1336 2745 εἰπὼν,
1380 2681 1516 2752 πρὸς
1552 2684 1746 2750 αὐτοὺς
1783 2681 1921 2756 ἦσαν
1957 2688 2014 2740 αἰ

447 2753 770 2849 ἐπαγγελίαι
802 2763 1184 2849 γεγενημέναι.
1219 2767 1282 2820 Τί
1314 2769 1510 2841 δήποτε
1549 2773 1625 2838 δὲ,
1663 2753 1851 2848 ὥσπερ
1898 2775 2010 2849 [48]

445 2840 544 2911 τῆς
586 2847 923 2914 μετοικεσίας
963 2850 1280 2920 Βαϐυλῶνος
1322 2840 1589 2932 ἐμνήσθη,
1633 2862 1731 2915 οὐκ
1767 2840 2011 2937 ἐμνήσθη

447 2934 539 2986 καὶ
564 2936 662 3004 τῆς
682 2937 910 3006 ,καθόδου
935 2941 1032 3011 τῆς
1060 2945 1139 3008 εἰς
1160 2947 1429 3015 Αἴγυπτον
1452 2967 1467 3014 ;
1500 2951 1620 3004 Ὅτι
1645 2934 2011 3026 ἐκείνουςίμέν

445 3023 625 3078 οὐκέτι
656 3027 1008 3094 ἐδεδοίκεσαν,
1057 3035 1277 3100 τούτους
1320 3038 1377 3090 δὲ
1420 3038 1649 3111 ἔτρεμον
1683 3042 1783 3096 ἐτι·
1823 3023 1925 3098 καὶ*
1950 3044 2011 3097 τὸ

448 3114 544 3183 μὲν
569 3117 792 3186 ἀρχαῖον
815 3115 904 3188 ἦν,
943 3122 1003 3174 τὸ
1037 3123 1094 3176 δὲ
1122 3126 1312 3197 νεαρὸν
1351 3129 1443 3180 καὶ
1469 3129 1594 3202 ἄρτι
1623 3134 2006 3204 γεγενημένον·

444 3205 603 3258 κάκεῖ
628 3207 726 3276 μὲν
751 3210 809 3262 οὐ
833 3210 902 3264 δι’
925 3213 1293 3286 ἁμαρτήματα
1319 3211 1744 3291 κατηνέχθησαν,
1774 3222 2008 3278 ἐνταῦθα

441 3292 498 3344 δὲ
541 3293 628 3349 διὰ
668 3301 1013 3370 παρανομίας
1052 3305 1452 3378 ἀπηνέχθησαν.
1480 3311 1545 3362 Εἰ
1577 3310 1632 3363 δέ
1660 3328 1743 3376 τις
1775 3313 1870 3368 καὶ
1899 3315 2009 3370 τῶν

441 3384 720 3454 ὀνομάτων
773 3391 954 3444 αὐτῶν
1013 3393 1112 3456 τὰς
1161 3396 1452 3467 ἑρμηνείας
1511 3402 1829 3470 μεταϐαλεῖν
1887 3407 2008 3460 ἐπι-

441 3479 733 3550 χειρήσειε,
763 3482 962 3554 πολλὴν
991 3486 1209 3557 εὑρήσει
1242 3489 1335 3542 καὶ
1364 3491 1612 3546 ἐντεῦθεν
1650 3495 1749 3565 τὴν
1779 3495 2009 3568 θεωρίαν

441 3566 622 3634 οὖσαν,
675 3574 767 3627 καὶ
823 3577 1032 3646 μεγάλα
1078 3579 1216 3651 πρὸς
1256 3581 1354 3653 τὴν
1398 3581 1599 3655 Καινὴν
1655 3566 2008 3644 συντελοῦσαν

440 3660 732 3733 Διαθήκην·
764 3658 894 3729 οἷον,
932 3665 1040 3718 ἀπὸ
1077 3667 1172 3720 τοῦ
1208 3667 1480 3741 Ἀϐραὰμ,
1513 3672 1622 3726 ἀπὸ
1656 3675 1750 3728 τοῦ
1791 3675 2005 3742 Ἰακὼϐ,

440 3750 546 3802 ἀπὸ
595 3750 689 3805 τοῦ
743 3753 1075 3824 Σολομῶνος,
1126 3759 1234 3813 ἀπὸ
1287 3761 1380 3815 τοῦ
1427 3764 1749 3836 Ζοροϐάϐελ·
1793 3771 1852 3822 οὐ
1898 3772 2006 3843 γὰρ

438 3838 622 3902 ἁπλῶς
645 3840 815 3895 ταῦτα
843 3842 1022 3909 αὐτοῖς
1055 3847 1333 3902 ἐπετίθετο
1363 3850 1431 3903 τὰ
1456 3850 1712 3922 ὀνόματα.
1755 3858 1893 3912 Ἀλλ’
1911 3838 2005 3912 ῖνα

439 3929 515 3998 μὴ
552 3929 792 4010 δόξωμεν
836 3932 970 3988 πολὺ
1006 3935 1180 4005 μῆκος
1217 3938 1495 4003 ποιοῦντες
1544 3942 1800 4014 ἐνοχλεῖν,
1832 3947 2005 4001 ταῦτα

436 4007 702 4089 παρέντες
737 4022 830 4077 ἐπὶ
868 4024 938 4076 τά
971 4027 1363 4096 κατεπείγοντα
1399 4030 1587 4102 ἴωμεν.
1619 4007 1802 4089 ἰξίπὼν
1827 4037 2004 4093 τοίνυν

433 4115 557 4174 τοὺς
609 4115 902 4183 προγόνους
942 4115 1205 4181 ἅπαντας,
1263 4121 1355 4173 καὶ
1411 4124 1737 4194 τελευτήσας
1785 4129 1865 4192 είς
1912 4129 2002 4184 τὸν

447 4201 662 4272 Ἰωσὴφ,
701 4205 801 4257 ούκ
830 4205 956 4276 ἔστη
1007 4208 1167 4280 μέχρι
1209 4211 1420 4274 τούτου,
1462 4213 1598 4268 ἀλλὰ
1643 4216 1999 4288 προσέθηκεν⁶
2044 4276 2047 4277 ,

446 4291 656 4362 Ἰωσὴφ
688 4295 793 4348 τὸν
816 4295 1004 4366 ἄνδρα
1035 4302 1284 4369 Μαρίας·
1319 4302 1528 4367 δεικνὺς
1567 4306 1648 4358 ὅτι
1682 4307 1750 4360 δι’
1787 4311 2002 4382 ἐκείνην

431 4381 524 4433 καὶ
579 4383 766 4437 τοῦτον
821 4385 1260 4460 ἐγενεαλόγησεν.
1318 4389 1450 4447 Εἶτα
1495 4395 1583 4448 ἵνα
1636 4398 1712 4468 μὴ
1764 4381 2001 4466 ἀκούσας

435 4467 647 4541 Ἄνδρα
673 4478 919 4545 Μαρίας,
951 4479 1028 4550 τῷ
1050 4482 1212 4552 κοινῷ
1246 4485 1472 4559 νομίσῃς
1497 4467 1745 4560 τετέχθαι
1772 4491 1872 4561 τῆς
1899 4493 1998 4563 φύ-

432 4580 568 4627 σεως
613 4566 781 4636 νόμῳ,
842 4570 1031 4624 σκόπει
1088 4573 1204 4637 πῶς
1260 4576 1393 4628 αὐτὸ
1429 4577 1732 4650 διορθοῦται
1772 4585 1838 4654 τῇ
1899 4585 1996 4639 ἐπ-

426 4659 632 4727 αγωγῇ.
670 4660 964 4724 Ἤκουσας,
1014 4665 1198 4735 φησὶν,
1252 4666 1436 4738 ἄνδρα,
1482 4670 1717 4741 ἤκουσας
1761 4675 1992 4748 μητέρα,

426 4747 663 4816 ἤκουσας
709 4750 872 4822 ὄνομα
915 4753 991 4824 τῷ
1030 4757 1227 4828 παιδίῳ
1269 4761 1444 4813 τεθέν·
1483 4762 1678 4817 οὐκοῦν
1707 4765 1867 4819 ἄκουε
1903 4769 1996 4820 καὶ

425 4838 514 4889 τὸν
539 4840 736 4908 τρίπον
764 4842 862 4911 τῆς
893 4847 1213 4916 γεννήσεως.
1256 4849 1366 4905 Τοῦ
1398 4849 1467 4904 δὲ
1506 4852 1709 4920 Ἰησοῦ
1735 4856 1992 4922 Χριστοῦ

424 4928 463 4992 ἠ
507 4926 790 4994 γέννησις
819 4930 1002 4997 οὕτως
1035 4931 1130 5004 ἣν.
1167 4936 1333 4990 Ποίαν
1367 4956 1456 5008 μοι
1488 4941 1739 5012 γέννησιν
1779 4943 1989 5011 λέγεις;

425 5017 544 5070 εἰπέ
576 5034 686 5088 μοι·
717 5019 956 5088 καίτοιγε
993 5026 1117 5087 τοὺς
1147 5028 1443 5096 προγόνους
1463 5026 1642 5094 εἶπας,
1684 5031 1842 5086 Ἀλλὰ
1866 5033 1990 5101 βού-

424 5107 584 5177 λομαι
634 5111 727 5162 καὶ
775 5111 865 5162 τὸν
907 5113 1099 5181 τρόπον
1129 5118 1224 5189 τῆς
1267 5122 1571 5192 γεννήσεως
1612 5125 1805 5178 εἰπεῖν.
1837 5121 1989 5190 Εἶδες

425 5200 540 5261 πῶς
580 5199 895 5273 διανέστησε
932 5203 1022 5255 τὸν
1063 5205 1366 5280 ἀκροατήνς
1413 5213 1498 5278 Ὠς
1530 5213 1636 5284 γάρ
1681 5214 1889 5284 μέλλων
1936 5233 1990 5269 τι

423 5291 732 5375 καινότερον
769 5297 933 5365 ἐρεῖν,
980 5299 1363 5369 ἐπαγγέλλεται
1401 5311 1492 5363 καὶ
1536 5312 1626 5365 τόν
1655 5314 1851 5383 τρόπον
1893 5315 1982 5369 λέ-

421 5393 552 5441 γειν.
576 5370 686 5437 Καὶ
712 5388 900 5441 σκόπει
929 5390 1036 5443 τῶν
1062 5395 1366 5462 εἰρημένων
1385 5370 1702 5459 ἀκολουθίαν
1729 5407 1977 5476 ἀρίστην.

2153 494 2350 560 πόστος
2380 498 2488 550 ἀπὸ
2516 500 2609 551 τοῦ
2639 501 2821 565 Δαυῖδ,
2851 504 2958 557 ἀπὸ
2977 505 3024 536 ⁸⁸
3051 506 3150 575 τῆς
3180 507 3519 575 μετοικεσίας
3545 508 3722 560 Βαϐυ-

2151 584 2339 651 λῶνος,
2401 589 2494 640 καὶ
2557 589 2646 642 τὸν
2702 592 2900 662 ἀκριϐῆ
2945 594 3034 648 διὰ
3071 595 3274 648 τούτων
3324 596 3595 666 ἀκροατὴν
3642 597 3723 659 εἰς

2150 675 2392 739 ἐξέτασιν
2422 677 2677 748 ἐμϐάλλει
2705 683 2812 734 τῶν
2839 684 3062 754 χρόνων,
3092 683 3207 757 [49]
3229 685 3440 748 δεικνὺς
3467 687 3547 738 ὅτι
3566 683 3718 750 οὗτός

2149 768 2295 820 ἐστιν
2328 768 2531 831 ἐκεῖνος
2567 771 2596 822 6
2625 771 2859 841 Χριστὸς
2883 775 2911 825 6
2950 773 3037 827 διὰ
3069 774 3176 827 τῶν
3219 775 3516 846 Προφητῶν
3550 792 3719 845 κηρυ-

2147 855 2312 925 χθείς.
2350 855 2516 909 Ὅταν
2539 859 2645 927 γὰρ
2675 860 2982 934 ἀριθμήσῃς
3019 863 3117 926 τὰς
3155 865 3367 932 γενεὰς,
3416 865 3509 918 καὶ
3540 865 3719 939 μάθῃς

2145 944 2252 998 ἀπὸ
2297 946 2392 999 τοῦ
2447 950 2660 1017 χρόνου,
2708 953 2789 1004 ὅτι
2830 949 2982 1016 οὗτος
3027 956 3231 1019 ἐκεῖνός
3271 958 3438 1019 ἐστιν,
3481 957 3718 1020 εὐκόλως

2143 1033 2267 1108 δέξῃ
2323 1038 2417 1090 καὶ
2469 1039 2529 1090 τὸ
2562 1039 2743 1110 θαῦμα
2792 1043 2853 1095 τὸ
2891 1044 3018 1116 περὶ
3058 1046 3156 1116 τὴν
3195 1047 3442 1117 γέννησιν
3481 1048 3713 1116 συμϐάν.

2156 1123 2372 1194 Ἐπειδὴ
2420 1125 2528 1197 γὰρ
2586 1127 2778 1195 ἔμελλε
2832 1131 2973 1200 μέγα
3032 1149 3083 1183 τι
3131 1131 3479 1200 φθέγγεσθαι,
3526 1134 3608 1185 ὅτι
3652 1133 3716 1185 ἐκ

2143 1213 2418 1284 Παρθένου
2457 1217 2672 1287 ἐτέχθη,
2701 1221 2827 1290 πρὶν
2860 1220 2892 1290 ἢ
2930 1221 3031 1289 μὲν
3056 1221 3354 1292 ἀριθμῆσαι
3380 1222 3471 1275 τὸν
3502 1222 3713 1292 χρόνον,
3786 1249 3790 1259 ι

2145 1308 2424 1370 συσκιάζει
2439 1309 2499 1361 τὸ
2514 1310 2631 1380 είρη
2641 1311 3038 1380 μένον,”Αν-δρα
3055 1315 3297 1380 Μαρίας,
3311 1311 3496 1377 εἰπὼν,
3517 1313 3714 1383 μᾶλλον

2139 1396 2196 1449 δὲ
2228 1398 2321 1450 καὶ
2353 1399 2634 1468 συντέμνει
2661 1400 2758 1470 τὴν
2791 1402 2836 1433 ⁸³
2866 1403 3116 1472 διήγησιν
3144 1403 3309 1474 αὐτῆς
3334 1403 3380 1434 ³⁸
3400 1405 3497 1473 τῆς
3519 1405 3711 1474 γεννή-

2140 1501 2296 1550 σεως·
2332 1487 2555 1558 ἀριθμεῖ
2591 1490 2647 1542 δὲ
2676 1491 2768 1543 καὶ
2810 1491 2880 1544 τά
2916 1492 3008 1561 ἐτη
3042 1491 3246 1557 λοιπὸν,
3284 1494 3710 1564 ἀναμιμνήσκων

2133 1574 2226 1628 τὸν
2251 1576 2544 1647 ἀκροατὴν,
2571 1578 2650 1630 ὅτι
2677 1575 2830 1642 οὗτος
2857 1581 3060 1645 ἐκεῖνός
3097 1584 3263 1646 ἐστιν,
3297 1583 3355 1635 ὃν
3383 1584 3411 1634 ό
3444 1584 3708 1654 πατριάρ-

2134 1679 2237 1734 χης
2282 1663 2496 1730 Ἰακὼϐ,
2549 1667 2910 1722 ἐπιλιπόντων
2941 1669 2986 1701 ⁸⁵
3019 1665 3202 1722 λοιπὸν
3247 1670 3355 1724 τῶν
3411 1670 3708 1725 Ἰουδαϊκῶν

2138 1755 2434 1825 ἀρχόντων,
2460 1757 2795 1828 παρέσεσθαι
2818 1759 3037 1830 ἔφησεν·
3061 1761 3119 1814 ὃν
3140 1763 3169 1814 6
3193 1763 3475 1833 προφήτης
3511 1762 3710 1833 Δανιὴλ

2135 1845 2273 1914 μετά
2303 1845 2402 1908 τὰς
2431 1846 2730 1916 ἑϐδομάδας
2765 1849 2861 1912 τὰς
2906 1849 3106 1914 πολλὰς
3139 1851 3352 1914 ἐκείνας
3392 1849 3544 1920 ἥξειν
3577 1868 3706 1922 προς

2129 1935 2461 2006 ανεφώνησε.
2522 1939 2642 1991 Κᾶν
2676 1939 2908 2014 ἐθελήσῃ
2957 1959 3040 2004 τις
3086 1942 3155 1996 τὰ
3197 1943 3290 2011 ἐτη
3324 1942 3493 1995 ταῦτα
3534 1943 3603 1996 τὰ
3649 1945 3704 1995 ἐν

2129 2023 2436 2094 ἑϐδομάδων
2474 2026 2692 2098 ἀριθμῷ
2739 2031 2890 2100 παρὰ
2929 2031 3023 2083 τοῦ
3059 2032 3290 2100 ἀγγέλου
3333 2033 3598 2104 εἰρημένα
3630 2033 3702 2103 τῷ

2126 2113 2323 2184 Δανιὴλ
2370 2115 2480 2167 ἀπὸ
2525 2117 2572 2148 ³⁸
2611 2117 2712 2187 τῆς
2754 2119 3042 2190 οἰκοδομῆς
3077 2122 3176 2192 τῆς
3213 2122 3417 2186 πόλεως
3455 2123 3700 2196 ἀριθμῶν

2125 2205 2426 2275 καταϐῆναι
2484 2208 2563 2270 εἰς
2621 2209 2720 2279 τὴν
2774 2211 2940 2265 αὑτοῦ
2988 2213 3262 2284 γέννησιν,
3303 2215 3489 2284 ὄψεται
3530 2215 3702 2270 ταῦτα

2121 2295 2353 2358 ἐκείνοις
2404 2299 2815 2366 συμφωνοῦντα.
2875 2302 3001 2365 Πῶς
3049 2299 3142 2356 οὖν
3190 2304 3482 2374 ἐγεννήθη,
3540 2306 3696 2372 εἰπέ;

2121 2388 2620 2456 Μνηστευθείσης
2658 2389 2768 2459 τῆς
2809 2395 3035 2461 μητρὸς
3074 2396 3260 2450 αὑτοῦ
3303 2398 3550 2465 Μαρίας.
3588 2398 3700 2451 Οὐκ

2121 2473 2264 2541 εἰπε,
2291 2479 2590 2550 Παρθένου,
2617 2481 2731 2536 ἀλλ’
2754 2484 2962 2549 ἁπλῶς,
2998 2487 3252 2556 Μητρός,
3283 2487 3422 2541 ὥστε
3457 2490 3700 2559 εὐπαρά-

2119 2569 2304 2624 δεκτον
2329 2572 2582 2639 γενέσθαι
2609 2575 2701 2629 τὸν
2730 2575 2906 2645 λόγον.
2936 2577 3027 2632 Διδ
3057 2579 3318 2650 πρότερον
3344 2583 3692 2653 παρασκευά-

2111 2663 2223 2723 ’σας
2277 2663 2581 2734 προσδοκᾷν
2634 2665 2725 2718 τὸν
2778 2667 3053 2739 ἀκροατὴν
3105 2669 3434 2723 ἀκούσεσθαί
3482 2688 3534 2724 τι
3590 2673 3697 2725 τῶν

2123 2751 2387 2822 συνήθων,
2423 2754 2519 2806 καὶ
2552 2756 2836 2827 κατασχὼν
2869 2759 3044 2830 τούτῳ
3070 2761 3139 2824 ⁸⁷,
3168 2763 3287 2814 τότε
3312 2761 3602 2833 ἐκπλήττει
3627 2765 3691 2833 τῇ

2117 2840 2210 2894 τοῦ
2273 2844 2572 2914 παραδόξου
2641 2847 2964 2919 πράγματος
3010 2852 3291 2921 ἐπαγωγῇ,
3354 2852 3555 2920 λέγων,
3614 2853 3694 2907 ὅτι

2114 2930 2260 2998 Πρὶν
2321 2931 2359 3000 ἢ
2414 2936 2734 2988 συνελθεῖν
2783 2938 3023 3005 αὐτοὺς,
3089 2939 3319 3009 εὐρέθτΐ
3358 2942 3429 2995 ἐν
3481 2941 3692 3010 γαστρί

2116 3021 2345 3088 ἔχουσα
2365 3022 2433 3076 ἐκ
2453 3026 2796 3095 Πνεύματος
2810 3027 3001 3098 ἁγίου.
3022 3032 3136 3084 Οὐκ
3155 3030 3296 3085 εἷπε·
3325 3033 3457 3099 Πρὶν
3474 3034 3506 3103 ἢ
3525 3033 3689 3102 ἀχθῆ-

2118 3127 2204 3164 ναι
2241 3113 2409 3184 αὐτὴν
2434 3117 2514 3178 εἰς
2537 3116 2634 3186 τὴν
2667 3119 2839 3174 οἰκίαν
2870 3121 2964 3174 τοῦ
2997 3123 3254 3191 νυμφίου·
3283 3123 3374 3176 καὶ
3409 3125 3517 3194 γὰρ
3542 3123 3690 3177 ἔνδον

2115 3195 2204 3272 ἦν.
2248 3204 2408 3268 Ἔθος
2435 3207 2544 3277 γὰρ
2579 3209 2690 3273 τοῖς
2738 3211 2982 3276 παλαιοῖς
3030 3213 3106 3276 ὡς
3145 3213 3213 3267 τὰ
3242 3213 3410 3267 πολλὰ
3450 3215 3507 3268 ἐν
3541 3214 3689 3285 οἰκίᾳ

2112 3292 2211 3356 τὰς
2239 3294 2721 3364 μεμνηστευμένας
2741 3296 2906 3367 ἔχειν,
2931 3300 3064 3352 ὅπου
3094 3318 3157 3367 γε
3185 3302 3278 3354 καὶ
3302 3302 3396 3355 νῦν
3424 3304 3579 3357 τοῦτο
3603 3321 3687 3372 γι-

2115 3384 2335 3453 νόμενον
2367 3384 2466 3437 ἴδοι
2502 3403 2585 3448 τις
2607 3387 2692 3440 ἄν·
2719 3390 2810 3441 καὶ
2830 3391 2879 3442 οί
2912 3391 3152 3462 γαμϐροὶ
3181 3393 3236 3446 δὲ
3265 3394 3360 3447 τοῦ
3387 3395 3510 3448 Λὼτ
3538 3396 3687 3449 ἔνδον

2113 3468 2401 3545 ἧσανμετ⁹
2432 3475 2617 3532 αὐτοῦ.
2649 3478 2835 3532 Ἔνδον
2865 3476 2957 3534 οὖν
2994 3484 3089 3536 καὶ
3116 3483 3253 3555 αὑτὴ
3285 3485 3423 3555 μετὰ
3450 3486 3542 3539 τοῦ
3569 3486 3685 3560 [50]

2126 3563 2317 3634 Ἰωσὴφ
2348 3560 2434 3635 ἦν.
2721 3609 2723 3611 ι
3144 3644 3146 3647 ι

2177 3660 2246 3722 γ’.
2274 3656 2382 3709 Καὶ
2406 3656 2550 3721 τίνος
2573 3657 2759 3712 ἐνεκεν
2777 3659 2840 3712 ού
2863 3660 2969 3732 πρὸ
2990 3662 3089 3732 τῆς
3103 3665 3399 3734 μνηστείας
3415 3666 3646 3739 ἐκύησεν
3667 3684 3683 3733 ;

2115 3744 2245 3809 Ἵνα,
2269 3747 2406 3818 ὅπερ
2429 3748 2565 3820 ἔφην
2603 3751 2648 3782 ⁸⁸
2670 3751 2729 3816 ἐξ
2757 3753 2949 3824 ἀρχῆς,
2978 3757 3280 3828 συσκιασθῇ
3322 3757 3382 3810 τὸ
3405 3753 3686 3828 γινόμενον

2102 3837 2270 3903 τέως,
2301 3841 2393 3892 καὶ
2434 3841 2520 3893 ἵνα
2568 3844 2745 3896 πᾶσαν
2786 3847 3029 3916 πονηρὰν
3066 3846 3368 3921 διαφύγῃή
3409 3849 3686 3919 Παρθένος

2109 3929 2381 3986 ὑπόνοιαν.
2408 3933 2576 3987 Ὅταν
2610 3936 2717 4007 γὰρ
2761 3939 2790 3991 6
2829 3937 3150 4008 ζηλοτυπεῖν
3179 3941 3407 4010 ὀφείλων
3449 3944 3683 4013 μάλιστα

2108 4021 2326 4075 πάντων
2383 4025 2639 4097 φαίνηται
2694 4029 2768 4099 μὴ
2814 4030 2973 4100 μόνον
3003 4032 3049 4062 ⁸⁸
3079 4032 3444 4102 ἐκπομπεύων
3489 4037 3681 4105 αὐτὴν,

2108 4113 2241 4184 μηδὲ
2274 4116 2576 4186 ἀτιμάζων,
2610 4119 2746 4174 ἀλλά
2780 4122 2872 4175 καὶ
2900 4122 3189 4194 δεχόμενος
3229 4125 3324 4177 καὶ
3362 4125 3684 4196 θεραπεύων

2106 4207 2245 4274 μετὰ
2263 4209 2360 4278 τὴν
2395 4209 2608 4280 κύησιν,
2640 4209 2861 4282 εὔδηλον
2880 4215 2962 4268 ὅτι
2987 4216 3034 4268 εἰ
3069 4216 3142 4287 μὴ
3178 4217 3365 4286 σαφῶς
3389 4213 3456 4290 ἦν
3490 4237 3686 4272 πεπει-

2103 4295 2214 4360 κὼς
2254 4299 2464 4365 ἐαυτὸν,
2497 4301 2578 4355 ὅτι
2614 4304 2678 4356 ἐκ
2700 4303 2802 4373 τῆς
2832 4304 2924 4358 τοῦ
2957 4305 3271 4375 Πνεύματος
3304 4308 3581 4378 ἐνεργείας
3619 4310 3686 4363 τὸ

2102 4390 2526 4460 γεγεννημένον,
2569 4393 2670 4448 οὐκ
2727 4393 2794 4448 ἂν
2826 4395 3056 4466 κατέσχε
3082 4436 3097 4460 ,
3147 4401 3241 4451 καὶ
3279 4398 3448 4452 τᾶλλα
3502 4401 3686 4453 πάντα.

2102 4480 2438 4553 ὑπηρέτησε.
2474 4485 2694 4556 Κυρίως
2735 4486 2791 4540 δὲ
2825 4489 3032 4559 σφόδρα
3077 4490 3169 4542 καὶ
3213 4490 3295 4551 τὸ,
3343 4490 3572 4559 Εὐρέθη
3609 4493 3686 4544 ἐν

2100 4572 2311 4640 γτιστρί
2345 4573 2596 4642 ἔχουσα,
2628 4576 2890 4631 τέθεικεν·
2923 4581 3059 4648 ὅπερ
3079 4581 3172 4633 ἐπὶ
3197 4581 3305 4634 τῶν
3335 4582 3680 4652 παραδόξων,

2100 4662 2192 4715 καὶ
2233 4664 2363 4736 παρ’
2398 4666 2584 4719 ἐλπίδα
2617 4669 2798 4721 πᾶσαν
2827 4669 3204 4733 ἐκϐαινόντων,
3232 4671 3325 4725 καὶ
3353 4673 3413 4725 οὐ
3446 4674 3677 4744 προσδο-
3717 4675 3731 4754 ξ’

2099 4750 2358 4820 κωμένων
2385 4753 2638 4820 λέγεσθαι
2673 4758 2849 4813 εῖωθε.
2885 4759 2978 4828 Μὴ
3014 4759 3190 4813 τοίνυν
3223 4762 3537 4833 περαιτέρω
3564 4763 3676 4833 χὼ·

2099 4859 2201 4912 ρει,
2235 4846 2370 4914 μηδὲ
2408 4846 2559 4916 ζήτει
2583 4848 2744 4901 πλέον
2776 4867 2826 4902 τι
2862 4851 2971 4902 τῶν
3004 4853 3326 4922 εἰρημένων,
3360 4856 3496 4928 μηδέ
3523 4856 3676 4926 λέγετ

2097 4935 2204 4986 Καὶ
2223 4934 2340 4997 πῶς
2360 4936 2420 4989 τὸ
2443 4938 2666 5008 Πνεῦμα
2694 4941 2984 5008 εἰργάσατο
3007 4943 3166 4998 τοῦτο
3191 4947 3254 4999 ἐκ
3273 4948 3568 5026 παρ,θένου;
3602 4949 3674 5003 EE

2095 5025 2202 5096 γάρ
2226 5027 2325 5096 τῆς
2356 5028 2568 5096 φύσεως
2610 5032 2984 5103 ἐργαζομένης
3029 5036 3287 5092 ἀδύνατον
3330 5025 3670 5111 ἑρμηνεῦσαι

2099 5117 2187 5186 τῆς
2215 5117 2551 5184 διαπλάσεως
2578 5123 2668 5176 τὸν
2691 5125 2911 5196 τρόπον,
2941 5127 3058 5191 πῶς
3081 5128 3177 5182 τοῦ
3204 5131 3513 5202 Πνεύματος
3536 5132 3668 5185 θαυ-

2093 5212 2525 5282 ματουργοῦντος
2568 5216 2906 5290 δυνησόμεθα
2945 5221 3116 5275 ταῦτα
3160 5224 3370 5286 εἰπεῖν;
3400 5221 3515 5276 Ἵνα
3551 5221 3667 5288 γὰρ

2093 5300 2166 5368 μὴ
2186 5301 2393 5374 κόπτῃς
2411 5304 2458 5335 ⁹⁰
2479 5305 2571 5359 τὸν
2587 5308 2995 5382 εὐαγγελιστὴν,
3027 5311 3160 5383 μηδὲ
3182 5313 3401 5382 ἐνοχλῇς
3425 5311 3662 5381 συνεχῶς

2090 5392 2261 5446 ταῦ;α
2311 5395 2550 5465 ἐρωτῶν,
2592 5398 2760 5453 εἰπὼν
2799 5400 2895 5458 ,τὸν
2937 5405 3304 5473 ἐργασάμενον
3346 5403 3407 5455 τὸ
3449 5401 3657 5471 θαῦμα,

3668 209 3740 264 (Β

463 5555 695 5657 1⁷33ῗὶἶῖ
708 5557 925 5657 US$53
951 5559 1076 5657 πάξ
1087 5559 1460 5657 νέἏί¹;,,,,⁷ῗ
1492 5567 2018 5657 εῖδειίςςεηάνξπηδῆι

2120 5615 2132 5657 ε
2204 5648 2214 5657 _
2325 5577 2741 5657 πιπιράνοιοιν-Α.Δ
2979 5654 2988 5657 Α
3055 5584 3102 5657 '_°
3129 5581 3362 5657 ἐλάκῃσε
3389 5588 3450 5643 C.
3480 5588 3540 5645 D.
3578 5591 3644 5650 Ρ.

392 5624 436 5656 ⁸¹
466 5625 579 5697 καί]
607 5629 700 5684 καὶ
719 5624 781 5681 τό
812 5629 950 5684 Edd.
1031 5632 1076 5662 ⁸²
1103 5632 1232 5703 ἀπό]
1266 5637 1458 5699 ποστὸς
1488 5641 1596 5692 ἀπό
1636 5640 1696 5694 D.
1732 5640 1790 5695 Ρ.

396 5694 483 5738 ἦίιε
519 5697 574 5738 Δ.
601 5700 782 5738 nmlnri
817 5702 1001 5738 αὖε-ητα·
1098 5701 1144 5733 δῦ
1169 5703 1559 5738 ἐπι-,Ἅμ-Αησ-...η
1591 5708 1627 5738 ιτ·
1664 5735 1673 5738 -
1725 5711 1770 5738 εει
1803 5713 1930 5738 ;_n
1967 5715 2018 5738 -1

2120 5624 2129 5630 ,
2331 5624 2399 5630 .--ν
2443 5624 2497 5632 ν.-
2517 5624 2621 5635 "v.-
2659 5624 2722 5638 .-.
2767 5624 2825 5638 υ.
2864 5624 2922 5639 υ.
3129 5624 3280 5639 suun--
3303 5624 3362 5640 νῦ
3389 5624 3450 5643 ει.
3482 5624 3540 5645 ι’.
3581 5624 3608 5645 I‘
3625 5632 3644 5650 ο

2120 5648 2217 5701 ἰιπό
2250 5624 2564 5738 Μυεκῖςοηλ
2607 5651 2660 5738 ξε
2685 5652 2806 5733 ςεήν]
2832 5654 2910 5715 εἰς
2931 5654 3112 5715 mc.
3147 5656 3203 5710 ι).
3235 5624 3295 5710 F.‘
3370 5659 3418 5691 οι
3447 5662 3644 5738 warm

2120 5721 2173 5738 _I
2213 5721 2231 5738 Δ
2294 5719 2332 5738 τι
2394 5721 2476 5738 ,,,\
2513 5737 2529 5738 κ
2742 5723 2776 5738 η
2833 5722 2871 5738 n
2970 5725 3015 5738 ο·
3125 5727 3134 5738 ι
3223 5727 3241 5738 Ἰ
3279 5729 3330 5738 ιιι
3410 5732 3422 5738 -
3484 5733 3519 5738 ..
3578 5733 3618 5738 --

1779 5694 1785 5695 ,
1838 5694 1850 5696 ,
1869 5694 1892 5696 η
1938 5694 1948 5697 -
1989 5694 2078 5699 --πν
2109 5694 2214 5701 φ---
2250 5694 2351 5700 --ση--
2372 5694 2384 5702 υ
2407 5694 2536 5702 -ι-ι--υ
2695 5694 2733 5704 -ι
2765 5694 2777 5703 r
2832 5694 2879 5704 Iv-
2942 5694 3026 5712 *1,*
3054 5694 3112 5710 υ.
3147 5694 3203 5710 ι’.
3236 5694 3254 5709 ι
3280 5696 3294 5710 ο
3447 5694 3614 5724 Ἆῆἶυσξξ

396 5694 484 5797 :ic
513 5694 577 5748 Α.
601 5700 783 5752 cmleri
817 5702 1022 5797 αὑτὲἴς.
1098 5694 1559 5797 ⁸⁵1ἐπιλειπόντων
1590 5708 1680 5762 F.~
1725 5711 1770 5742 ⁸⁸
1798 5713 1932 5784 ἀπό]
1965 5715 2034 5768 τὰ
2067 5719 2174 5770 ἀπό
2203 5721 2266 5770 Α.
2294 5719 2334 5769 Β
2392 5721 2485 5770 καὶ
2507 5720 2574 5771 τὰ
2595 5715 2704 5772 ἀπὸ
2833 5694 2906 5774 F.’
2969 5713 3015 5755 ⁸⁷
3049 5727 3242 5797 τούτῳ]
3278 5729 3367 5782 Sic
3398 5732 3460 5784 Λ,
3484 5733 3541 5786 Β,
3577 5694 3637 5785 ξειῖὲ

417 5764 430 5779 Ἰ
490 5775 542 5797 nl
570 5768 873 5797 ιιηηῖιιηηηηιο
955 5787 1018 5797 οι-.
1065 5786 1130 5797 -νιι
1162 5790 1220 5797 .-Α
1254 5776 1400 5797 _-7"__
1504 5779 1546 5797 un
1574 5780 1592 5797 ορ
1718 5780 1726 5797 I
1763 5781 1785 5797 α
1835 5784 1858 5797 ν.
1991 5786 2002 5797 ι
2063 5784 2074 5797 ι
2155 5787 2189 5797 ιι
2215 5790 2224 5797 .
2254 5789 2262 5797 .
2352 5789 2396 5797 Α.
2474 5789 2484 5797 ι
2595 5791 2604 5797 .
2786 5791 2796 5797 .
2895 5794 2902 5797 .

483 5775 543 5843 _ul
570 5764 1037 5843 (ποηῇειιτρτηι-ξιτιν.
1065 5774 1226 5843 vulgo
1251 5776 1424 5828 τοῦτο.

1504 5779 1546 5808 ⁸⁸
1571 5780 1728 5851 ἔφην]
1763 5779 1932 5854 ἔφθην
1957 5784 2124 5837 εἰπὼν
2153 5787 2288 5842 Edd.
2351 5789 2396 5818 ⁸³
2429 5789 2501 5856 μὴ
2536 5791 2718 5857 μόνον,
2739 5791 2812 5862 μὴ
2838 5794 2996 5860 μόνον
3022 5802 3093 5867 μή
3123 5779 3257 5852 ΕιίιιΙ.
3290 5779 3375 5831 vi“

395 5831 563 5898 Vulgo
589 5839 862 5901 σκώπτῃς.
892 5839 1014 5894 Vnd.
1049 5831 1237 5899 ιηίιιῧῐ.

3757 5901 3801 5919 -Ι-
