4060 6156
384 191 452 245 τιὸ
1185 193 1237 246 S.
1283 189 1564 248 JOANNIS
1602 188 2088 247 CIIRYSOSTOMI
2129 189 2447 246 ARCHIEP.
2487 187 3029 246 CONSTANTINOP.
3573 187 3636 245 Η

387 292 698 362 ἀπηλλάγη.
731 291 896 345 Ούδέν
940 293 1046 360 γάρ
1075 286 1210 353 οῖδα,
1257 291 1411 358 φησί,
1452 289 1633 350 πλέον,
1669 285 1844 355 ἀλλ’ἢ
1879 286 1961 338 ὅτι

387 385 452 434 ἐκ
481 383 618 436 Πνεύ
627 402 793 454 ματος
818 386 973 452 ἁγίου
1003 389 1042 422 ⁹¹
1072 384 1260 452 γέγονε
1283 384 1342 436 τὸ
1365 380 1746 451 γεγενημένον.
1772 378 1963 445 Αἰσχυ-

386 472 664 528 νέσθωσαν
701 475 749 527 οἰ
789 474 887 544 τὴν
926 474 1036 526 ἄνω
1064 473 1552 545 περιεργαζόμενοι
1592 470 1861 539 γέννησιν.
1892 465 1957 519 Εἰ

387 565 497 635 γὰρ
533 567 734 634 ταύτην
759 565 854 635 τὴν
891 563 1118 634 μυρίους
1147 565 1375 634 ἔχουσαν
1403 564 1706 633 μάρτυρας,
1729 558 1822 612 καὶ
1853 557 1959 628 πρὸ

385 657 652 708 τοσούτων
678 656 1147 726 ἀνακηρυχθεῖσαν
1178 656 1406 726 χρόνων,
1438 654 1532 706 καὶ
1559 653 1840 720 φανεῖσαν,
1866 647 1962 699 καὶ

384 747 818 816 ψηλαφηθεῖσαν,
874 747 1049 809 οὐδεὶς
1105 745 1438 816 ἐρμηνεῦσαι
1495 743 1733 804 δύναται,
1798 738 1958 791 ποίαν

387 837 774 890 καταλείπουσι
829 837 1022 905 μανίας
1065 837 1368 909 ὑπερϐολὴν
1410 835 1460 886 οἱ
1509 833 1607 902 τὴν
1650 830 1957 900 ἀπόρρητον

385 927 597 994 ἐκείνην
658 926 1143 998 περιεργαζόμενοι
1207 928 1301 980 καὶ
1349 920 1957 994 πολυπραγμονοῦντες;

386 1018 518 1069 Οὺδέ
544 1017 652 1088 γάρ
679 1019 707 1070 6
741 1019 999 1090 Γαϐριὴλ,
1025 1018 1144 1071 οὺδέ
1173 1021 1200 1071 6
1226 1017 1500 1079 Ματθαίος
1533 1014 1865 1086 ἐδυνήθησάν
1906 1028 1960 1065 τι

386 1107 548 1160 πλέον
585 1111 778 1170 εἰπεῖν,
815 1109 929 1162 ἀλλ’
965 1110 998 1180 ἢ
1034 1111 1115 1162 ὅτι
1148 1112 1210 1163 ἐκ
1239 1107 1550 1177 Πνεύματος
1578 1107 1755 1175 μόνον·
1791 1103 1852 1156 τὸ
1880 1103 1958 1169 δέ,

389 1198 502 1262 πῶς
547 1201 611 1252 ἐκ
643 1199 980 1270 Πνεύματος,
1029 1202 1120 1254 καὶ
1160 1200 1265 1252 τίνι
1303 1198 1508 1268 τρόπῳ,
1543 1197 1715 1258 οὐδεὶς
1755 1195 1958 1248 τούτων

393 1293 754 1362 ήρμήνευσεν·
787 1293 904 1346 ούδέ
935 1294 1044 1362 γὰρ
1084 1290 1305 1344 δυνατὸν
1332 1284 1419 1358 ἦν.
1462 1287 1610 1358 Μηδὲ
1640 1286 1866 1356 νομίσῃς
1897 1285 1959 1338 τὸ

393 1381 506 1451 [51]
553 1384 660 1434 πᾶν
698 1380 1091 1450 μεμαθηκέναι,
1129 1381 1192 1431 ἐκ
1225 1375 1538 1446 Πνεύματος
1586 1372 1818 1426 ἀκούων·
1866 1371 1960 1424 καὶ

391 1474 499 1541 γάρ
527 1472 690 1524 πολλά
715 1471 1013 1540 ἀγνοοῦμεν
1043 1471 1142 1534 ἔτι,
1180 1470 1272 1522 καὶ
1299 1471 1457 1522 τοῦτο
1491 1465 1848 1536 μανθάνοντες
1873 1464 1916 1495 ⁹¹
1941 1479 1956 1494 ·

387 1559 516 1627 οἷον,
550 1563 666 1626 πῶς
696 1566 724 1616 6
750 1563 972 1634 ἄπειρος
1005 1564 1060 1614 ἐν
1098 1561 1281 1632 μήτρᾳ.
1307 1560 1420 1614 ἐστί
1449 1563 1526 1594 ⁵³·
1563 1556 1678 1620 πῶς
1719 1557 1747 1609 6
1780 1556 1959 1608 πάντα

391 1654 626 1722 συνέχων
669 1655 1012 1724 κυοφορεῐται
1073 1653 1177 1705 ὑπὸ
1218 1650 1491 1718 γυναικός·
1541 1648 1657 1710 πῶς
1705 1647 1878 1699 τίκτει
1925 1647 1958 1713 ή

389 1743 677 1814 Παρθένος,
721 1744 815 1796 καὶ
871 1743 1018 1814 μένει
1066 1742 1352 1814 παρθένος.
1397 1737 1520 1803 Πῶς
1555 1738 1808 1800 ἔπλασεν,
1839 1735 1960 1788 εἰπέ

392 1855 498 1908 μοι,
521 1834 581 1888 τὸ
611 1835 836 1906 Πνεῦμα
871 1835 962 1888 τὸν
991 1835 1117 1888 ναὸν
1145 1837 1350 1888 ἐκεῖνον
1371 1852 1385 1901 ;
1410 1833 1525 1897 πῶς
1551 1832 1612 1884 οὐ
1647 1831 1824 1884 πᾶσαν
1861 1827 1961 1896 τὴν

392 1935 570 2004 σάρκα
591 1931 698 1985 ἀπὸ
727 1932 824 2003 τῆς
857 1933 1068 2003 μήτρας
1098 1932 1145 1966 ⁸⁸
1170 1932 1382 1998 ἐλαϐεν,
1412 1935 1547 1990 ἀλλὰ
1582 1935 1746 2006 μέρος
1780 1935 1969 2004 αὐτῆς,

393 2024 485 2078 καὶ
534 2021 738 2094 ηὔξησε
772 2023 865 2076 καὶ
913 2022 1278 2091 διετύπωσεν;
1307 2026 1428 2078 Ὅτι
1459 2027 1558 2096 μὲν
1593 2026 1700 2095 γάρ
1731 2024 1838 2079 ἀπὸ
1871 2025 1972 2094 τῆς

395 2117 595 2188 σαρκὸς
623 2117 720 2186 τῆς
747 2114 1022 2186 Παρθένου
1054 2116 1342 2187 προῆλθεν,
1380 2118 1649 2187 ἐδήλωσεν
1678 2117 1866 2170 εἰπών·
1901 2117 1973 2171 Τὸ

392 2209 502 2277 γὰρ
526 2207 596 2259 ἐν
630 2206 784 2273 αὐτῇ
814 2205 1120 2274 γεννηθέν·
1153 2209 1248 2260 καλ⁸
1277 2209 1305 2260 ὁ
1324 2208 1556 2273 Παῦλος,
1576 2210 1912 2278 Γενόμενος
1927 2209 1975 2240 ⁸⁸

393 2301 461 2352 ἐκ
495 2299 810 2367 γυναικός·
841 2297 1206 2369 ἐπιστομίζων
1251 2299 1378 2360 τοὺς
1413 2299 1690 2368 λέγοντας,
1743 2300 1824 2353 ὃτι
1872 2299 1980 2353 ώσ-

396 2407 502 2459 περ
541 2389 630 2443 διά
653 2407 796 2453 τινος
837 2390 1074 2461 σωλῆνος
1114 2391 1392 2462 παρῆλθεν
1423 2392 1452 2445 6
1479 2392 1732 2463 Χριστός.
1765 2393 1828 2445 Εἰ
1868 2391 1977 2463 γάρ

396 2480 552 2534 τοῦτο
587 2477 675 2550 ἦν,
702 2480 784 2543 τίς
811 2481 968 2551 χρεία
999 2481 1098 2550 τῆς
1134 2483 1378 2553 μήτρας;
1424 2484 1487 2536 Εἰ
1517 2482 1675 2536 τοῦτο
1702 2478 1791 2555 ἦν,
1826 2483 1980 2536 οὐδὲν

401 2571 512 2641 ἕχει
543 2569 718 2624 κοινὸν
750 2570 887 2640 πρὸς
923 2571 1090 2642 ἡμᾶς·
1122 2571 1236 2624 ἀλλ’
1262 2571 1394 2642 ἄλλη
1432 2571 1514 2637 τίς
1540 2574 1687 2626 ἐστιν
1723 2572 1905 2643 ἐκείνη
1945 2573 1980 2642 ή

405 2662 560 2734 σὰρξ,
593 2664 654 2716 οὐ
693 2663 786 2716 τοῦ
818 2663 1138 2735 φυράματος
1174 2663 1268 2717 τοῦ
1301 2666 1590 2736 ήμετέρου.
1634 2665 1760 2730 Πῶς
1796 2661 1890 2720 οῦν
1915 2668 1982 2719 ἐκ

401 2757 498 2826 τῆς
527 2754 949 2826 ῥίζης-Ἰεσσαί;
983 2755 1098 2821 πῶς
1141 2757 1197 2810 δὲ
1224 2757 1449 2826 ῥάϐδοςς
1484 2757 1601 2820 πῶς
1627 2758 1743 2820 υίὸς
1776 2756 1987 2828 ἀνθρὼ-

402 2864 504 2899 που
536 2848 583 2880 ’θ
609 2863 622 2911 ;
659 2846 786 2911 πῶς,
808 2847 864 2899 δὲ
895 2847 1076 2919 μήτηρ
1104 2847 1138 2918 ἡ
1165 2849 1208 2880 ⁸⁷
1241 2848 1513 2919 Μαριάμ;
1559 2847 1677 2911 πῶς
1710 2851 1786 2911 ἐκ,
1816 2849 1983 2920 σπέρ-

404 2955 571 3008 ματος
611 2939 810 3004 Δαυῖδ;
861 2939 977 3002 πῶς
1025 2938 1239 3009 μορφὴν
1284 2940 1471 2993 δούλου
1519 2940 1713 3006 έλαϐε;
1760 2940 1877 3004 πῶς
1921 2942 1984 2995 '0

402 3033 591 3099 Λόγος
635 3030 872 3099 ἐγένετο
929 3031 1124 3100 σάρξ;
1173 3032 1286 3096 πῶς
1322 3033 1379 3086 δὲ
1418 3032 1706 3103 Ῥωμαίοις
1752 3035 1916 3105 φησὶν
1957 3036 1987 3088 6

402 3122 631 3186 Παῦλος·
676 3123 778 3187 Ἐξ
801 3118 888 3177 ὧν
931 3127 964 3176 ὀ
1009 3124 1262 3194 Χριστὸς
1296 3125 1363 3179 τὸ
1397 3127 1547 3180 κατὰ
1577 3127 1796 3194 σάρκα,
1831 3130 1864 3182 ὁ
1901 3127 1986 3181 ὢν

399 3213 499 3266 ἐπὶ
551 3213 792 3268 πάντων
842 3214 1021 3280 Θεός;
1053 3215 1172 3267 Ὅτι
1215 3215 1314 3286 μέν
1343 3209 1436 3269 οῦν
1474 3213 1534 3280 ἐξ
1563 3215 1721 3286 ήμῶν
1765 3217 1858 3269 καὶ
1891 3216 1984 3270 τοῦ

406 3305 726 3376 φυράματος
752 3305 846 3358 τοῦ
875 3305 1169 3378 ἡμετέρου,
1202 3307 1296 3359 καλ⁴
1333 3310 1433 3375 τῆς
1470 3309 1682 3379 μήτρας
1714 3307 1810 3378 τῆς
1839 3326 1985 3380 παρ-

405 3399 644 3468 θενικῆς,
673 3396 830 3469 δῆλον
852 3399 916 3451 ἐκ
946 3397 1149 3451 τούτων
1183 3399 1276 3451 καὶ
1307 3397 1367 3463 ἐξ
1392 3399 1596 3471 ἐτέρων
1621 3399 1900 3453 πλειόνων·
1927 3401 1990 3454 τὸ

403 3491 461 3544 δὲ
487 3490 620 3554 πῶς,
649 3489 831 3543 οὐκέτι
853 3489 1030 3560 δῆλον.
1055 3489 1146 3559 Μὴ
1175 3489 1353 3542 τοίνυν
1383 3489 1519 3560 μηδὲ
1549 3490 1613 3542 σὺ
1649 3489 1818 3560 ζήτει,
1853 3490 1990 3544 ἀλλά

404 3581 560 3650 δέχου
579 3580 640 3633 τὸ
667 3579 1070 3650 ἀποκαλυφθέν,
1106 3581 1201 3633 καὶ
1228 3581 1302 3651 μὴ
1339 3580 1704 3652 περιεργάζου
1741 3581 1800 3633 τὸ
1831 3599 1988 3653 σιγη-

406 3672 516 3726 θέν.
559 3671 782 3741 Ἰωσὴφ
823 3671 892 3724 δὲ
933 3675 964 3726 ό
994 3671 1149 3740 ἀνὴρ
1185 3670 1395 3739 αὐτῆς,
1426 3671 1656 3738 δίκαιος
1685 3671 1790 3738 ὢν,
1831 3674 1989 3743 φησί,

409 3763 505 3817 καί
530 3763 616 3832 μὴ
649 3762 843 3817 θέλων
880 3763 1075 3830 αὐτὴν
1099 3763 1650 3832 παραδειγματίσαι,
1680 3764 1990 3832 ἠϐουλήθη

409 3853 602 3919 λάθρα
640 3851 947 3905 ἀπολῦσαι
983 3850 1196 3917 αὑτήν.
1225 3850 1410 3904 Εἰπὼν
1443 3851 1524 3904 ὅτι
1570 3851 1634 3903 ἐκ
1676 3849 1991 3919 Πνεύματος

408 3946 588 4009 ἁγίου.
642 3944 734 3996 καὶ
783 3943 1066 4007 συνουσίας
1114 3943 1304 4014 χωρὶς,
1357 3943 1450 3996 καὶ
1507 3941 1770 4012 ἑτέρωθεν
1826 3957 1994 3993 κατα-

412 4034 665 4098 σκευάζει
713 4035 804 4090 τὸν
855 4037 1031 4107 λόγον.
1060 4038 1174 4091 Ἵνα
1223 4037 1329 4107 γάρ
1386 4037 1459 4108 μή
1504 4053 1589 4098 τις
1632 4035 1785 4107 λέγῃ,
1827 4033 1996 4086 Πόθεν

381 4127 566 4180 -τοῦτο
596 4128 779 4199 δῆλον;
825 4128 909 4192 τίς
957 4125 1085 4192 εἶδε,
1133 4129 1217 4191 τίς
1254 4129 1455 4198 ήκουσε
1493 4125 1733 4179 τοιοῦτόν
1778 4125 1831 4176 τί
1866 4141 1998 4176 ποτε

405 4230 786 4302 συμϐεϐηκός;
835 4226 967 4297 μηδὲ
1008 4221 1355 4290 ὑποπτεύσῃς
1407 4219 1498 4271 τὸν
1717 4217 1984 4288 μαθητὴν,

401 4324 478 4386 ὡς
519 4319 872 4393 χαριζόμενον
911 4315 989 4385 τῷ
1025 4311 1347 4378 διδασκάλῳ,
1389 4308 1562 4360 ταῦτα
1588 4309 1633 4340 ⁸⁸
1662 4308 1983 4370 πλάττονται,

403 4417 610 4484 εἰσάγει
640 4413 729 4466 τὸν
757 4409 974 4477 Ἰωσὴφ,
1006 4406 1073 4459 δι’
1102 4399 1176 4458 ὧν
1207 4401 1396 4466 ἐπαθε,
1425 4401 1562 4472 πρὸς
1587 4401 1687 4470 τὴν
1709 4401 1816 4453 τῶν
1845 4402 1994 4471 εἰρη-

409 4507 584 4577 μένων
620 4499 977 4556 συντελοῦντα
1022 4497 1226 4558 πίστιν,
1277 4492 1558 4560 μονονουχὶ
1596 4491 1767 4559 λέγων
1808 4491 1876 4544 δι’
1912 4485 1990 4548 ὧν

405 4593 760 4663 ἀπαγγέλλει·
809 4592 874 4644 Εἰ
915 4589 1161 4650 ἀπιστεῖς
1205 4584 1348 4654 ἐμοὶ,
1391 4581 1486 4634 καὶ
1516 4581 1844 4645 ὑποπτεύεις
1887 4599 1986 4651 μου

405 4688 505 4757 τὴν
543 4684 864 4756 μαρτυρίαν,
919 4680 1207 4734 πίστευσον
1259 4672 1336 4743 τῷ
1374 4672 1547 4742 ἀνδρί.
1610 4669 1821 4739 Ἰωσὴφ
1854 4671 1981 4742 γάρ,

407 4778 593 4848 φησὶν,
626 4779 658 4830 ό
692 4777 846 4842 ἀνὴρ
873 4769 1082 4838 αὐτῆς,
1117 4769 1345 4830 δίκαιος
1375 4764 1477 4817 ὧν.
1503 4763 1719 4816 Δίκαιον
1758 4761 1987 4814 ἐνταῦθα

405 4870 498 4924 τὸν
527 4868 776 4938 ἐνάρετον
810 4867 867 4917 ἐν
911 4864 1080 4916 ἅπασι
1112 4861 1278 4928 λέγει.
1310 4861 1465 4912 Ἔστι
1499 4856 1599 4927 μὲν
1642 4854 1751 4925 γὰρ
1781 4853 1988 4907 δίκαιοι

411 4959 543 5028 σύνη
574 4957 668 5010 καί.
699 4957 759 5010 :6
790 4956 866 5026 μὴ
895 4953 1258 5006 πλεονεκτεῖν·
1294 4951 1407 5003 ἐστι
1452 4948 1507 5001 δέ
1555 4946 1650 5002 καὶ
1688 4948 1721 5017 ἡ
1759 4945 1990 4999 καθόλου

407 5049 598 5120 ἀρετή·
635 5048 726 5102 καὶ
768 5044 999 5116 μάλιστα
1042 5042 1136 5094 ἐπὶ
1174 5041 1364 5094 τούτου
1405 5040 1470 5109 τῇ
1512 5038 1609 5110 τῆς
1647 5034 1992 5105 δικαιοσύνηλ

411 5139 761 5213 προσηγορίᾳ
788 5137 1050 5207 κέχρηται
1085 5135 1118 5204 ἡ
1157 5133 1370 5204 Γραφὴ,
1403 5130 1477 5193 ὡς
1513 5129 1640 5183 ὅταν
1680 5129 1833 5213 λέγῃ·
1869 5128 1996 5180 Ἄν-

410 5212 642 5298 θρωπος
681 5227 929 5290 δίκαιος,
978 5225 1282 5290 ἀληθινός·
1339 5219 1433 5273 καὶ
1487 5216 1668 5281 πάλιν,
1699 5212 1903 5272 Ἶισαν
1928 5213 1996 5266 δὲ

407 5321 624 5375 δίκαιοι
655 5320 992 5390 ἀμφότεροι.

480 5413 540 5466 δ’.
571 5416 805 5478 Δίκαιος
823 5407 918 5463 οὖν
940 5405 1045 5472 ὢν,
1064 5394 1332 5468 τουτέέτι,
1363 5401 1598 5475 χρηστὸς
1614 5417 1709 5455 και
1729 5395 1997 5470 ἐπιεικὴς,

2064 287 2374 356 ἠϐουλήθη
2399 289 2590 356 λάθρα
2611 289 2920 342 ἀπολῦσαι
2947 289 3158 357 αὑτήν.
3189 291 3287 343 Διά
3318 292 3474 345 τοῦτο
3501 295 3651 362 λέγει

2062 376 2125 430 τό
2159 377 2372 448 συμϐάν
2404 379 2510 449 πρὸ
2540 380 2639 449 τῆς
2672 379 2946 448 γνώσεως,
2981 381 3066 434 ἵνα
3107 381 3182 452 μὴ
3204 384 3513 456 ἀπιστήσῃς
3539 387 3651 448 τοῖς

2065 471 2201 540 μετά
2243 469 2340 540 τὴν
2385 470 2585 538 γνῶσιν
2631 471 3036 541 γεγενημένοις.
3072 473 3330 542 Καίτοιγε
3373 475 3436 526 οὐ
3473 492 3650 546 παραυ

2062 561 2460 632 δειγματισμοῦ
2521 561 2680 632 μόνον
2722 563 3020 626 ὑπεύθυνος
3049 559 3117 634 ἦν
3155 566 3188 635 ἡ
3234 565 3480 636 τοιαύτη,
3515 567 3652 621 ἀλλὰ

2066 653 2160 704 καὶ
2194 653 2518 716 κολάζεσθαι
2545 653 2716 724 αὐτὴν
2741 654 2770 706 6
2797 654 2961 724 νόμος
2987 655 3258 710 ἐκέλευεν.
3302 658 3440 711 Ἀλλ’
3469 661 3497 711 6
3539 659 3650 712 Ἰωο

2068 743 2174 813 σήιρ
2216 745 2276 797 οὐ
2310 745 2470 814 μόνον
2498 745 2559 798 τδ
2588 744 2770 816 μεῖζον
2809 748 3004 809 ἐκεῖνο,
3036 747 3173 800 ἀλλὰ
3210 751 3301 803 καὶ
3331 750 3392 802 7:6
3431 750 3649 804 ἔλαττον

2067 836 2434 907 συνεχώρησε,
2479 837 2576 908 τὴν
2614 838 2898 909 αἰσχύνην.
2933 840 3008 892 Οὐ
3037 839 3147 910 γὰρ
3179 841 3340 910 μόνον
3381 842 3442 894 οὐ
3489 841 3650 896 κολά-

2063 947 2173 993 σαι,
2204 930 2320 983 ἀλλ’
2348 931 2468 984 ούδέ
2494 931 2988 1003 παραδειγματίσαι
3019 931 3287 986 ἐϐούλετο.
3311 928 3468 996 Εἶδες
3497 933 3648 1002 φιλό-

2061 1040 2221 1092 σοφον
2255 1022 2424 1093 ἀνδρα.
2454 1025 2548 1075 καὶ
2575 1023 2783 1086 πάθους
2810 1024 3230 1094 ἀπηλλαγμένον
3266 1024 3362 1077 τοῦ
3396 1041 3648 1096 τυραννι-

2058 1115 2338 1180 κωτάτου;
2365 1115 2509 1168 Ἰστε
2539 1115 2647 1187 γάρ
2680 1115 2863 1188 ήλίκον
2895 1116 3214 1188 ζηλοτυπία.
3247 1117 3345 1171 Διὰ
3369 1116 3526 1170 τοῦτο
3553 1119 3646 1172 καὶ

2059 1208 2087 1260 6
2117 1207 2286 1260 ταῦτα
2315 1209 2501 1277 σαφῶς
2529 1211 2684 1273 εἰδὼς
2711 1211 2886 1277 ἔλεγε·
2914 1213 3154 1278 Μεστύς
3190 1213 3300 1281 γὰρ
3325 1210 3506 1277 ζήλου
3545 1215 3647 1267 θυ-

2063 1301 2178 1370 μὸς
2197 1303 2416 1371 ἀνδρός
2434 1305 2500 1336 ’θ’
2524 1308 2596 1359 οὐ
2620 1308 2886 1375 φείσεται
2917 1311 2986 1364 ἐν
3007 1312 3197 1379 ἡμέρᾳ
3229 1314 3504 1380 κρίσεως·
3527 1315 3638 1376 καὶ,

2069 1391 2340 1457 Σκληρός
2392 1393 2473 1458 ὡς
2521 1393 2670 1461 ᾅδης
2711 1394 2908 1462 ζῆλος.
2951 1398 3059 1451 Καὶ
3106 1401 3264 1470 ήμεῖς
3309 1399 3365 1453 66
3417 1401 3642 1464 πολλοὺς

2072 1482 2230 1551 ἴσμεν
2283 1482 2378 1553 τὴν
2419 1483 2594 1554 ψυχὴν
2630 1486 2915 1557 ἑλομένους
2943 1489 3202 1558 προέσθαι
3243 1491 3459 1560 μᾶλλον,
3495 1492 3528 1564 ἢ
3565 1497 3643 1556 εἰς

2069 1573 2394 1642 ζηλοτυπίας
2425 1575 2657 1644 ὑποψίαν
2685 1579 2962 1647 ἐμπεσεῖν.
2981 1581 3242 1634 Ἐνταῦθα
3270 1582 3326 1634 δέ
3354 1583 3474 1636 ούδέ
3504 1584 3648 1637 ὑπο-

2067 1663 2166 1731 ψία
2202 1659 2292 1734 ἦν,
2324 1666 2417 1720 τοῦ
2479 1668 2577 1738 τῆς
2615 1671 2848 1740 γαστρὸς
2879 1671 3044 1739 ὄγκου
3082 1673 3462 1745 διελέγχοντος.
3506 1675 3644 1728 Ἀλλ’

2067 1752 2219 1822 ὅμως
2252 1753 2426 1818 οὕτως
2447 1751 2515 1826 ἦν
2544 1757 2750 1822 πάθους
2774 1759 3028 1831 καθαρὸς,
3058 1762 3134 1826 ὡς
3163 1763 3239 1834 μὴ
3275 1763 3390 1836 [55]
3424 1765 3644 1836 θελῆσαι

2073 1844 2205 1913 μηδὲ
2251 1846 2309 1897 ἐν
2361 1850 2471 1910 τοῖς
2520 1851 2866 1919 μικροτάτοις
2919 1853 3156 1922 λυπῆσαι
3207 1857 3306 1926 τὴν
3349 1857 3643 1924 Παρθένον.

2083 1935 2301 2006 Ἐπειδὴ
2324 1937 2431 2006 γὰρ
2470 1939 2529 1992 τὸ
2570 1941 2668 2010 μὲν
2694 1943 2943 2012 κατέχειν
2965 1943 3112 1998 ἔνδον
3141 1946 3482 2017 παρανομίας
3507 1942 3646 2001 εἶναι

2070 2025 2264 2092 ἐδόκει,
2290 2028 2350 2081 τὺ
2378 2030 2434 2082 δὲ
2467 2030 2835 2102 ἐκπομπεύειν
2865 2035 2959 2088 καὶ
2987 2037 3066 2098 εἰς
3087 2035 3436 2109 δικαστήριον
3471 2039 3645 2106 ἄγειν,

2072 2115 2286 2189 θανάτῳ
2311 2122 3006 2194 παραδοῦναι-ἠνάγκαζεν·
3031 2128 3184 2180 οὐδὲν
3212 2131 3416 2182 τούτων
3443 2133 3586 2182 ποιεῖ
3607 2131 3646 2194 ¹,

2071 2209 2186 2263 ἀλλ’
2214 2212 2357 2284 ὑπὲρ
2383 2214 2545 2284 νόμον
2569 2215 2670 2286 ήδη
2698 2216 3054 2272 πολιτεύεται.
3093 2219 3239 2273 Ἔδει
3273 2221 3382 2292 γάρ
3409 2221 3510 2290 τῆς
3548 2221 3649 2292 χά-

2073 2320 2222 2372 ριτος
2261 2306 2714 2377 παραγενομένης
2761 2307 2930 2360 πολλὰ
2963 2306 3147 2362 λοιπὸν
3175 2305 3314 2364 εἶναι
3351 2311 3420 2364 τὰ
3450 2315 3651 2383 σημεῖα

2072 2396 2170 2464 τῆς
2216 2395 2428 2468 ὑψηλῆς
2466 2398 2758 2462 πολιτείας.
2814 2400 3083 2472 Καθάπερ
3132 2401 3241 2473 γὰρ
3296 2403 3325 2455 6
3364 2402 3515 2472 ἥλιος
3559 2405 3652 2457 καὶ

2075 2484 2302 2555 μηδέπω
2325 2486 2425 2551 τὰς
2455 2487 2679 2553 ἀκτῖνας
2707 2489 2905 2556 δείξας,
2932 2492 3215 2564 πόρρωθεν
3242 2494 3322 2564 τῷ
3351 2497 3489 2564 φωτὶ
3517 2513 3651 2550 κατ-

2073 2575 2300 2642 αυγάζει
2322 2577 2422 2647 τῆς
2445 2579 2768 2651 οἰκουμένης
2795 2582 2855 2635 τὸ
2875 2581 3056 2636 πλέον·
3085 2583 3228 2638 οὕτω
3255 2587 3350 2640 καὶ
3371 2588 3399 2640 6
3421 2587 3652 2658 Χριστὸς

2077 2667 2284 2736 μέλλων
2324 2669 2564 2740 ἀνίσχειν
2608 2673 2716 2726 ἀπὸ
2745 2675 2844 2744 τῆς
2884 2675 3096 2746 μήτρας
3125 2677 3360 2748 ἐκείνης,
3395 2679 3490 2732 καὶ
3524 2679 3653 2749 πρὶν

2075 2757 2109 2829 ἢ
2142 2759 2398 2826 ἐξελθεῖν,
2429 2762 2528 2833 τήν
2564 2765 2886 2837 οἰκουμένην
2910 2767 3256 2838 κατέλαμψεν
3290 2769 3529 2826 ἅπασαν.
3562 2775 3655 2828 Διὸ

2075 2850 2167 2902 καὶ
2201 2851 2306 2921 πρὸ
2341 2852 2448 2905 τῶν
2475 2854 2680 2909 ὠδίνων
2709 2857 2980 2928 προφῆται
3011 2859 3298 2931 ἐσκίρτων.
3329 2863 3422 2915 καί
3463 2869 3655 2932 γυναῖ-

2077 2942 2279 3004 κες-τά
2311 2943 2571 3013 μέλλοντα
2601 2946 2922 3018 προῦλεγον,
2957 2949 3052 3004 καὶ
3084 2949 3336 3022 Ἰωάννης
3372 2952 3525 3007 ούπω
3557 2957 3654 3025 τῆς

2075 3030 2267 3102 νηδύος
2313 3034 2620 3105 προελθὼν,
2671 3037 2780 3091 ἀπὸ
2828 3039 2932 3108 τῆς
2987 3041 3197 3113 μήτρας
3248 3042 3418 3113 αὐτῆς
3460 3046 3652 3116 ἐπήδα.

2088 3121 2369 3178 Ἐντεῦθεν
2410 3125 2504 3178 καὶ⁸
2541 3118 2696 3191 οὗτος
2737 3129 2938 3200 πολλὴν
2985 3131 3331 3188 ἐπεδείκνυτο
3374 3136 3395 3166 ’
3437 3136 3655 3204 φιλοσο-

2078 3215 2227 3283 φίαν·
2257 3215 2380 3270 οὔτε
2408 3219 2516 3290 γὰρ
2555 3219 2894 3286 ἐνεκάλεσεν,
2929 3220 3052 3275 οὔτε
3077 3223 3371 3290 ὠνείδισεν,
3411 3226 3526 3280 ἀλλ’
3559 3230 3653 3281 ἐκο

2078 3306 2261 3361 ϐαλεῖν
2286 3308 2609 3383 ἐπεχείρησε
2654 3314 2832 3382 μόνον.
2871 3315 2957 3369 Ἐν
2986 3315 3161 3388 τούτῳ
3192 3317 3369 3371 τοίνυν
3390 3319 3500 3372 τῶν
3521 3337 3655 3391 πρα-

2079 3400 2306 3469 γμάτων
2333 3401 2519 3469 δντων,
2544 3405 2638 3457 καί⁵
2659 3405 2873 3459 πάντων
2894 3406 2950 3459 ἐν
2973 3407 3252 3480 ἀμηχανίᾳ
3275 3408 3652 3474 καθεστώτων,

2080 3492 2440 3560 παραγίνεται
2469 3495 2497 3546 6
2523 3494 2752 3563 ἄγγελος
2776 3496 2954 3550 πάντα
2977 3497 3117 3550 λύων
3142 3498 3210 3550 τά
3235 3499 3437 3570 ἄπορα.
3471 3501 3654 3565 Ἀξιον

2080 3582 2137 3637 δέ
2167 3583 2436 3651 ἐξετάσαι,
2461 3584 2549 3640 διὰ
2577 3586 2630 3639 τί
2662 3588 2737 3659 μὴ
2763 3589 2870 3659 πρὸ
2890 3589 3081 3642 τούτου
3106 3583 3256 3644 εἶπεν
3291 3591 3310 3622 ³
3339 3593 3369 3644 6
3399 3591 3650 3661 ἄγγελος,

2079 3672 2189 3737 r96
2208 3673 2301 3726 τοῦ
2329 3673 2670 3747 διανοηθῆναι
2696 3676 2785 3730 τὸν
2817 3677 2984 3748 ἄνδρα
3007 3677 3180 3742 τοῦτο,
3213 3679 3326 3732 ἀλλ’
3350 3682 3535 3750 ἐπειδὴ
3566 3685 3647 3734 ὲν-

2083 3762 2350 3832 εθυμήθη,
2382 3763 2502 3814 τότε
2531 3763 2858 3830 ἀφικνεῖται·
2892 3762 3080 3816 Ταῦτα
3104 3762 3211 3829 γὰρ
3232 3759 3439 3822 αὐτοῦ,
3467 3759 3651 3828 φησὶν,

2082 3851 2536 3921 ἐνθυμηθέντος,
2563 3855 2595 3906 ὀ
2636 3853 2888 3922 ἅγγελος
2917 3851 3169 3918 ἔρχεται·
3209 3847 3451 3917 καίτοιγε
3484 3848 3656 3917 αὐτὴν

2084 3943 2179 3996 καὶ
2224 3943 2330 4013 πρὸ
2383 3942 2476 3994 τοῦ
2523 3942 2802 3996 συλλαϐεῖν
2847 3938 3276 4008 εὐαγγελίζεται,
3327 3938 3356 3990 6
3403 3938 3496 3991 καὶ
3527 3937 3658 3991 αὐτὸ

2085 4033 2246 4087 πάλιν
2285 4034 2473 4104 ἐτέραν
2507 4034 2739 4104 ἀπορίαν
2783 4033 2914 4102 ἔχει.
2964 4032 3024 4083 El
3075 4030 3181 4100 γὰρ
3222 4029 3316 4082 καὶ
3360 4031 3389 4082 6
3429 4027 3659 4097 ἄγγελος

2083 4127 2184 4179 οὐκ
2214 4120 2356 4186 εἶπε,
2389 4125 2533 4186 τίνος
2565 4124 2749 4176 ἕνεκεν
2781 4125 2813 4193 ἡ
2861 4121 3133 4193 Παρθένος
3179 4121 3454 4189 ἐσίγησεν,
3491 4118 3658 4172 ἀκού-

2087 4234 2230 4271 σασα
2280 4217 2432 4288 παρά
2479 4215 2572 4270 τοῦ
2617 4216 2850 4285 ἀγγέλου
2874 4256 2887 4276 ,
2927 4213 3020 4266 καὶ
3051 4213 3140 4264 τὸν
3171 4211 3454 4281 μνηστῆρα
3479 4210 3660 4281 δρῶσα

2087 4308 2502 4379 θορυϐούμενον,
2534 4307 2633 4360 οὐκ
2667 4306 2854 4359 ἔλυσεν
2877 4303 3040 4358 αὑτοῦ
3074 4302 3172 4373 τὴν
3201 4302 3468 4368 ἀπορίαν;
3505 4299 3660 4361 Τίνος

2086 4395 2179 4454 οῦν
2216 4400 2400 4452 ἕνεκεν
2427 4396 2533 4470 πρὸ
2568 4396 2662 4450 τοῦ
2690 4394 3052 4467 θορυϐηθῆναι
3075 4393 3236 4446 αὐτὸν
3261 4394 3288 4445 6
3314 4390 3540 4458 ἅγγελος
3562 4388 3661 4442 οὐκ

2088 4487 2239 4543 εἶπεν
2260 4507 2274 4555 ;
2299 4490 2390 4542 καὶ
2419 4491 2527 4558 γὰρ
2554 4489 2846 4556 ἀναγκαῖον
2872 4486 2932 4538 τὸ
2959 4484 3223 4555 πρότερον
3243 4482 3402 4535 λῦσαι
3426 4481 3658 4550 πρῶτον.

2089 4581 2244 4643 Τίνος
2283 4578 2377 4633 οὖν
2416 4580 2598 4632 ἐνεκεν
2630 4579 2729 4631 οὐκ
2754 4575 2942 4642 sin-av;
2974 4574 3087 4628 Ἵνα
3126 4572 3200 4644 μὴ
3229 4571 3527 4640 ἀπιστήσῃ,
3570 4569 3663 4620 καὶ

2091 4673 2239 4745 πάθῃ
2267 4672 2327 4724 τὸ
2369 4671 2500 4723 αὐτὸ
2530 4669 2608 4739 τῷ
2639 4667 2904 4738 Ζαχαρία.
2952 4665 3260 4734 Ὀρωμένου
3294 4661 3392 4730 μὲν
3422 4660 3531 4730 γὰρ
3569 4656 3664 4711 τοῦ

2092 4765 2432 4834 πράγματος,
2465 4761 2681 4822 εὔκολος
2708 4762 2740 4829 ἡ
2772 4758 2952 4820 πίστις
2980 4755 3182 4807 λοιπόν·
3221 4753 3445 4823 μηδέπω
3469 4751 3524 4803 δὲ

2093 4855 2266 4926 ἀρχὴν
2295 4852 2571 4914 λαϐόντος,
2606 4851 2702 4920 οὐχ
2730 4847 2928 4918 ὁμοίως
2957 4844 3358 4916 εὐπαράδεκτον
3389 4837 3456 4912 ῆν
3487 4841 3548 4892 τὸ
3575 4840 3660 4891 λετ-

2094 4946 2343 5014 γόμενον.
2393 4943 2492 4995 Διά
2528 4941 2684 4994 τοῦτο
2729 4940 2828 4992 οὐκ
2860 4933 3012 4989 εἶπεν
3045 4935 3102 5000 ἔξ
3142 4935 3316 5005 ἀρχῆς
3349 4936 3378 4985 6
3413 4929 3663 4998 ἄγγελος·

2094 5034 2188 5087 καὶ
2213 5036 2244 5103 ή
2277 5031 2552 5104 Παρθένος
2571 5030 2627 5082 δέ
2654 5029 2752 5098 τῆς
2778 5027 2946 5097 αὐτῆς
2973 5025 3158 5077 ’ἐνεκεν
3183 5022 3360 5086 αἰτίας
3390 5020 3665 5088 ἐσίγησεν.

2091 5126 2167 5180 Οὐ
2193 5125 2301 5193 γὰρ
2323 5121 2535 5192 ἐνόμιζε
2562 5117 2911 5172 πιστεύεσθαι
2941 5115 3090 5186 παρὰ
3109 5114 3188 5186 τῷ
3215 5113 3505 5184 μνηστῆρι,
3531 5111 3667 5181 πρᾶ-

2091 5234 2210 5286 γμα
2242 5212 2656 5282 ἀπαγγέλλουσα
2688 5210 2855 5275 ξένον·
2884 5207 3017 5260 ἀλλά
3046 5208 3140 5260 καὶ
3174 5203 3495 5274 παροξύνειν
3534 5201 3665 5271 μᾶλα

2092 5306 2182 5362 λον
2214 5307 2396 5366 αὐτὸν,
2431 5305 2505 5366 ὡς
2535 5303 2836 5374 ἁμάρτημα
2879 5297 3240 5370 γεγενημένον
3276 5294 3665 5356 συσκιάζουσα.

2097 5400 2157 5452 Εί
2179 5399 2286 5467 γάρ
2307 5393 2444 5466 αὑτὴ
2473 5391 2506 5459 ἡ
2534 5392 2887 5464 ὑποδέχεσθαι
2916 5389 3182 5462 μέλλουσα
3201 5385 3465 5454 τοσαύτην
3485 5383 3666 5454 χάριν.

487 5554 530 5587 ³⁸
599 5553 719 5619 γίου
747 5564 857 5619 οη).
888 5546 947 5602 F.
1133 5545 1393 5619 μαθόντες
1425 5545 1510 5619 Δ.-
1583 5543 1636 5619 :3
1670 5542 1807 5619 ἐστί]
1842 5543 1977 5619 γίνενι

2084 5537 2142 5619 B_.
2198 5538 2312 5619 Εεῃ
2361 5540 2409 5572 ⁸⁸
2440 5533 2674 5607 μήτρας]
2718 5533 2808 5619 εἰς
2841 5532 3010 5619 (τοιΙιί.¹
3049 5503 3198 5619 Ανξιι.
3235 5538 3288 5619 ει
3322 5545 3511 5619 717mg?
3555 5528 3663 5586 An.

421 5618 626 5694 μητρός
655 5623 760 5674 Au.
782 5618 936 5694 _Edd.

1023 5616 1086 5661 ς⁹⁵
1122 5601 1458 5685 γεννώμενος
1485 5615 1551 5668 Α.
1583 5612 1638 5667 E.
1675 5611 1739 5685 _F.
1773 5601 1972 5685 γενόμε

2096 5610 2203 5685 An.
2238 5609 2374 5685 Edd.
2406 5601 2829 5685 -Ροὲέγυναικός
2859 5603 3012 5685 ﬂuod
3026 5602 3210 5685 “vulgo
3234 5601 3445 5685 .lggifuir.
3470 5601 3544 5685 ἐκ,
3571 5617 3671 5685 γυ-

655 5668 838 5756 ξησίἶ
859 5704 963 5741 nnn
998 5668 1486 5756 agno'scungfcoda.
1522 5687 1624 5756 An_.
1660 5668 1819 5756 [μυί.
1889 5681 1977 5756 ’δᾲς

2077 5679 2279 5756 ρώτερυῑ
2304 5680 2444 5756 Md;
2473 5668 2826 5756 τξῶςζάὶιίέτζςὲ
2859 5671 2993 5756 θείνει
3026 5668 3164 5756 Br"!
3193 5668 3312 5756 ,ιίβέ
3347 5668 3671 5756 kal-81,1:

417 5764 464 5795 ’⁷
500 5754 685 5832 vi???
716 5754 1135 5832 HWMTWRC:
1158 5756 1228 5832 ,οι
1270 5754 1328 5832 ξ’·

1442 5755 1486 5787 ³⁸
1512 5750 1708 5822 ταῦτα]
1738 5751 1832 5822 καὶ
1869 5751 2041 5804 ταῦτα
2073 5749 2142 5804 Ὀ.
2176 5749 2238 5804 ιθ.

2338 5753 2383 5782 ⁹⁹
2414 5736 2627 5818 ἀνδρός]
2655 5742 3010 5818 Λαιλαύτῆς
3051 5743 3152 5794 An.
3191 5739 3323 5794 Edd.
3439 5739 3456 5768 ί
3491 5736 3668 5790 ἐποίει

419 5808 1030 5887 Ειιῦζ³⁷θ⁵τὲέἐδὲίὲνὺξὸ¹
1055 5808 1190 5883 [ίιίθ.
1221 5808 1228 5810 ὴ
1270 5827 1288 5857 ³
1318 5808 1496 5892 εἶπεν]
1527 5826 1614 5876 Sic
1647 5808 1707 5874 υί
1749 5819 1810 5875 F.
1845 5823 1974 5876 Arn)

2077 5862 2102 5885 η,
2143 5831 2201 5876 ut
2237 5820 2471 5880 videtur,
2505 5808 2822 5871 Anfcwteri
2849 5808 3035 5881 ἦλθεν.
