4060 6156
482 204 555 256 43
1625 204 1691 260 ΙΝ
1733 201 2044 258 ΜΑΤΤΙΙᾸΕ

2147 208 2150 259 ζ
2194 208 2404 267 llOMll
2468 214 2555 270 IV.
3651 227 3724 285 46

471 330 616 386 aliud
661 330 930 400 quidpiam
977 330 1157 386 dicere
1184 339 1506 401 potuerunt,
1547 331 1646 386 nisi
1674 331 1815 402 quod
1843 348 1906 386 ex
1938 331 2060 400 Spi-

471 424 578 478 ritu
611 433 766 479 natus
790 425 860 479 sit
886 440 901 488 ;
930 425 1198 493 quomodo
1218 434 1395 479 autem
1425 434 1479 480 et
1504 439 1607 494 qua
1635 427 1839 479 ratione
1854 440 1918 479 ex
1944 425 2057 495 Spi-

472 515 578 570 ritu
606 525 761 568 natus
790 516 880 580 sit,
913 516 1090 570 nullus
1115 531 1302 570 eorum
1330 518 1710 586 interpretatus
1735 523 1817 571 est
1841 531 1855 582 ;
1889 531 2061 586 neque

473 609 616 662 enim
645 607 695 662 id
718 607 834 662 ﬁeri
865 616 1091 676 poterat.
1118 609 1298 679 Neque
1322 610 1597 664 arbitreris
1623 619 1674 665 te
1703 618 1868 664 totum
1889 609 2060 664 edidi-

470 698 610 752 cisse
627 711 748 751 cum
766 698 937 761 audis,
962 697 1039 752 Ex
1058 698 1286 768 Spiritu:
1306 713 1426 752 nam
1449 709 1724 768 postquam
1741 699 1842 754 hoc
1852 699 2064 755 edidici-

473 803 611 852 mus,
630 787 792 840 multa
812 786 986 842 adhuc
1005 789 1328 858 ignoramus;
1351 789 1579 858 exempli
1597 804 1776 857 causa,
1794 789 2062 859 quomodo

474 895 520 935 IS
545 879 634 949 qui
666 879 954 934 immensus
987 890 1088 942 est,
1115 880 1168 934 in
1205 880 1360 936 vulva
1397 881 1739 947 continetur;
1793 882 2061 950 quomodo

475 972 522 1025 is
556 971 646 1039 qui
677 970 858 1024 omnia
905 970 1178 1034 continet,
1211 969 1264 1024 in
1309 980 1462 1024 utero
1495 972 1736 1026 mulieris
1779 977 2056 1041 gestatnr;

473 1061 744 1132 quomodo
775 1060 939 1130 Virgo
967 1061 1175 1130 pariat,
1203 1070 1258 1116 et
1293 1060 1455 1131 Virgo
1489 1071 1722 1117 maneat.
1749 1062 2051 1129 Quomodo,

479 1173 665 1228 quaeso
695 1168 770 1224 te,
793 1158 1022 1229 Spiritus
1047 1159 1298 1227 templum
1321 1158 1449 1212 illud
1467 1157 1769 1213 eﬂ‘ormavit
1787 1158 1811 1210 ?
1830 1172 2056 1226 quomo-

477 1248 550 1304 do
574 1263 681 1304 non
713 1257 877 1304 totam
915 1263 1130 1303 carnem
1171 1264 1236 1303 ex
1267 1258 1436 1304 matre
1463 1251 1708 1319 sumpsit,
1728 1249 1823 1304 sed
1853 1257 2057 1318 partem

475 1339 613 1408 ejus,
643 1353 800 1406 quam
831 1339 979 1392 auxit
1005 1348 1060 1394 et
1100 1339 1386 1393 formavit?
1425 1339 1557 1394 Nam
1602 1339 1744 1408 quod
1796 1355 1862 1393 ex
1895 1354 2058 1396 carne

480 1427 714 1497 Virginis
737 1427 1023 1496 prodierit,
1049 1429 1339 1483 declaravit
1364 1429 1447 1483 his
1494 1429 1673 1484 verbis
1707 1447 1719 1483 :
1748 1429 1898 1496 Quod
1922 1429 2056 1484 enim

477 1521 531 1573 in
558 1536 617 1573 ea
642 1529 818 1573 uatum
843 1532 915 1573 est
938 1535 958 1573 :
982 1529 1035 1575 et
1066 1521 1260 1575 Paulus
1280 1560 1295 1584 ,
1329 1520 1540 1574 Factum
1564 1537 1628 1575 ea:
1663 1521 1872 1574 muliere
1910 1520 2050 1591 (Gal.

410 1651 411 1654 η
478 1613 531 1667 4.
560 1612 618 1680 4)
650 1629 664 1663 :
703 1611 786 1666 Ea:
811 1612 1038 1677 muliere,
1070 1613 1256 1682 inquit,
1289 1627 1380 1667 ora
1409 1613 1690 1669 obstruens
1739 1629 1923 1668 eorum
1963 1611 2056 1682 qui

476 1701 738 1767 dicerent,
763 1703 912 1771 quasi
939 1716 1032 1771 per
1052 1702 1333 1771 quemdam
1362 1703 1598 1758 canalem
1623 1719 1718 1773 per
1738 1719 1855 1758 eam
1879 1713 2054 1759 trans-

479 1794 603 1846 lisse
656 1793 926 1848 Christum
970 1793 1070 1863 (a).
1119 1794 1251 1850 Nam
1280 1795 1325 1848 si
1380 1795 1483 1850 hoc
1521 1806 1680 1861 esset,
1729 1797 1853 1866 quid
1901 1807 2057 1852 utero

477 1900 610 1953 opus
639 1883 862 1939 fuisset?
901 1885 955 1940 Si
985 1884 1088 1939 hoc
1119 1895 1261 1941 esset
1285 1925 1298 1948 ,
1340 1885 1470 1940 nihil
1517 1885 1738 1942 haberet
1777 1887 2052 1942 nobiscum

477 1990 760 2030 commune
785 1991 800 2039 ;
834 1975 926 2030 sed
956 1976 1058 2030 alia
1087 1986 1230 2032 esset
1250 1978 1338 2032 illa
1361 1991 1508 2041 caro,
1537 1993 1644 2031 non
1669 1993 1735 2032 ex
1753 1993 1925 2032 massa
1953 1994 2053 2032 no-

476 2072 604 2116 stra.
627 2065 907 2130 Quomodo
926 2079 1055 2136 ergo
1071 2081 1136 2121 ex
1163 2067 1338 2121 radice
1363 2067 1529 2122 Jessae
1549 2069 1572 2122 ?
1593 2068 1861 2137 quomodo
1885 2070 2050 2138 virga,

478 2155 558 2206 vel
601 2155 762 2209 Filius
800 2155 1072 2210 hominis?
1112 2158 1379 2227 quomodo
1403 2158 1501 2214 ﬁos
1523 2160 1539 2190 ί
1561 2159 1584 2211 ?
1608 2159 1874 2228 quomodo
1893 2159 2052 2215 Maria

436 2280 440 2282 τ
479 2255 648 2300 muter
667 2248 852 2301 esset?
883 2263 990 2317 quo
1019 2259 1174 2317 pacto
1215 2265 1282 2304 ex
1315 2251 1520 2304 semine
1562 2250 1763 2304 David?
1787 2253 2053 2318 quomodo

477 2337 700 2390 formam
730 2338 871 2392 servi
899 2339 1208 2408 acceperit?
1249 2341 1518 2409 quomodo
1561 2339 1771 2394 Verbum
1813 2357 1932 2394 caro
1968 2345 2051 2413 [a-

478 2439 612 2482 ctum
633 2440 706 2483 est
732 2429 910 2498 (Joan.
940 2431 994 2484 l.
1022 2430 1111 2500 M)
1135 2431 1158 2484 ?
1185 2447 1288 2500 qua
1333 2431 1539 2486 ratione
1577 2432 1770 2486 Paulus
1799 2432 2054 2487 Romanis

476 2519 645 2574 dixit:
676 2519 758 2573 Ea:
794 2520 970 2586 quilms
993 2520 1218 2575 Christus
1263 2521 1540 2575 secundum
1594 2537 1817 2586 carnem,
1847 2522 1934 2588 qui
1975 2532 2049 2576 est

477 2627 627 2678 super
652 2612 822 2664 omnia
849 2610 986 2665 Deus
1018 2611 1193 2683 (Rom.
1223 2611 1276 2667 9.
1304 2612 1400 2681 5)?
1429 2611 1581 2678 Quod
1602 2612 1760 2682 igitur
1789 2626 1856 2668 ex
1878 2614 2050 2680 nobis,

477 2717 538 2756 ex
569 2717 740 2756 massa
768 2695 946 2756 nostra
970 2711 1022 2756 et
1042 2717 1108 2757 ex
1136 2712 1290 2758 utero
1320 2702 1548 2771 Virginis
1581 2702 1858 2772 prodierit,
1879 2705 2052 2772 palam

478 2802 561 2848 est
586 2809 650 2848 ex
679 2793 834 2848 dictis
872 2809 1045 2864 exque
1085 2793 1202 2848 aliis
1251 2793 1492 2863 plurimis
1520 2811 1534 2847 :
1562 2793 1830 2863 quomodo
1874 2805 2052 2850 autem

479 2897 585 2936 non
617 2883 764 2936 item.
793 2882 872 2938 Ne
897 2884 1056 2951 igitur
1081 2882 1135 2937 id
1162 2891 1216 2937 tu
1241 2897 1450 2952 quaeras
1473 2923 1490 2949 ,
1518 2883 1612 2938 sed
1635 2883 1817 2952 accipe
1834 2881 1885 2937 id
1911 2883 2054 2953 quod

478 2973 765 3038 revelatur,
789 2981 843 3028 et
867 2989 936 3028 ne
959 2972 1170 3028 curiose
1197 2983 1440 3027 scrutare
1461 2972 1515 3028 id
1539 2973 1679 3042 quod
1707 2981 1930 3028 tacetur.
1961 2975 2050 3029 l9.

477 3062 673 3130 Ioseph
695 3073 861 3116 autem
889 3064 965 3116 uir
993 3064 1122 3134 ejus,
1148 3079 1264 3117 cum
1283 3073 1411 3118 esset
1429 3063 1622 3133 justus,
1654 3064 1841 3133 inquit,
1863 3073 1910 3117 et
1936 3063 2052 3117 nol-

479 3154 546 3206 let
576 3169 688 3205 eam
715 3153 979 3206 traducere
999 3194 1014 3218 ,
1041 3151 1198 3206 uoluit
1250 3153 1441 3207 occulte
1471 3153 1721 3208 dimittere
1765 3169 1894 3206 eam.
1922 3154 2053 3209 Cum

467 3238 726 3303 dixisset,
759 3239 843 3294 Ex
891 3240 1092 3308 Spiritu
1123 3250 1328 3308 sancto,
1359 3249 1414 3296 et
1440 3241 1556 3297 sine
1589 3242 1699 3296 ullo
1732 3257 2043 3314 congressu,

466 3342 769 3383 sermonem
818 3343 975 3384 suum
1015 3330 1174 3385 etiam
1211 3330 1426 3385 aliunde
1463 3330 1762 3386 conﬁrmat.
1806 3332 1886 3388 Ne
1928 3335 2046 3403 quis

467 3420 612 3473 enim
642 3419 865 3487 diceret,
891 3419 1044 3475 Unde
1072 3421 1174 3476 hoc
1197 3421 1535 3476 manifestum
1571 3422 1698 3477 est?
1725 3423 1846 3492 quis
1875 3424 2044 3491 novit,

467 3513 586 3580 quis
607 3511 808 3566 audivit
837 3512 940 3568 tale
973 3512 1244 3583 quidpiam
1283 3512 1479 3569 factum
1509 3515 1668 3570 esse?
1705 3530 1773 3570 ne
1811 3516 2046 3586 suspica-

469 3602 605 3656 reris
639 3602 954 3672 discipulum
1000 3603 1052 3657 in
1091 3603 1319 3673 gratiam
1357 3605 1598 3674 magistri
1646 3604 1750 3661 hoc
1773 3620 2048 3661 commen-

467 3701 581 3746 tum
612 3707 733 3748 esse
761 3709 773 3746 :
806 3694 1006 3748 inducit
1045 3694 1332 3764 Josephum
1351 3735 1367 3760 ,
1399 3711 1493 3764 per
1518 3711 1580 3751 ea
1610 3711 1728 3765 quae
1757 3711 1943 3767 passus
1965 3707 2049 3753 est

469 3782 554 3837 his
578 3783 736 3837 ﬁdem
756 3783 1056 3851 facientem,
1083 3799 1147 3838 ac
1175 3785 1218 3838 si
1244 3784 1446 3840 diceret
1478 3802 1491 3838 :
1520 3784 1577 3840 Si
1601 3785 1729 3840 mihi
1759 3787 1920 3842 ﬁdem
1942 3803 2048 3842 non

470 3872 655 3938 habes,
678 3873 721 3926 si
756 3874 1111 3928 testimonium
1152 3890 1325 3929 meum
1352 3875 1444 3930 tibi
1472 3888 1775 3946 suspectum
1801 3887 1904 3942 est,
1935 3892 2051 3934 cre-

471 3962 538 4016 de
572 3963 688 4016 viro
735 3962 897 4017 illius.
938 3963 1131 4032 Ioseph
1178 3965 1318 4018 enim
1339 4006 1354 4029 ,
1387 3965 1500 4031 ait,
1531 3967 1606 4020 uir
1629 3969 1756 4038 ejus,
1785 3985 1898 4022 cum
1927 3978 2052 4024 esset

462 4055 652 4122 justus.
691 4053 898 4108 iustum
929 4053 1014 4109 hic
1057 4057 1198 4110 omni
1237 4056 1432 4110 virtute
1466 4057 1742 4127 pmditum
1785 4058 1952 4114 dicit:
1983 4059 2050 4115 ad

466 4145 723 4213 justitiam
752 4146 893 4199 enim
935 4145 1164 4214 pertinet
1192 4161 1297 4200 non
1324 4161 1709 4218 esseﬁvantni,
1740 4160 1928 4220 estque
1958 4149 2048 4218 ju-

470 4238 611 4291 stitia
638 4240 813 4292 omnis
839 4238 1006 4292 virtus
1041 4257 1056 4294 :
1085 4247 1139 4294 et
1174 4237 1274 4294 hoc
1321 4241 1550 4294 maxime
1595 4255 1756 4296 sensu
1779 4241 2052 4311 Scriptura

469 4331 689 4400 justitta:
726 4346 857 4387 voce
897 4333 1079 4398 utitur,
1111 4341 1168 4386 ut
1209 4333 1426 4402 quando
1455 4333 1584 4388 dicit
1616 4351 1629 4386 :
1666 4333 1833 4388 Homo
1854 4336 2049 4405 justus,

472 4437 624 4475 veras
645 4421 764 4495 (Job
794 4422 843 4476 1,.
878 4423 935 4494 1)
961 4438 976 4488 ;
1001 4437 1064 4479 ac
1092 4438 1302 4478 rursum
1322 4463 1338 4488 ,
1371 4423 1535 4478 Erant
1560 4425 1704 4479 ambo
1739 4425 1861 4489 iusti
1897 4425 2047 4497 (Luc.

475 4511 526 4565 ι.
553 4511 631 4582 6).

528 4673 582 4727 4.
621 4670 836 4742 Iosephi
884 4670 1065 4726 Mariae
1094 4674 1188 4728 viri
1241 4675 1432 4730 laudes.
1459 4707 1528 4716 —
1552 4677 1732 4734 Justus
1775 4697 1902 4752 ergo
1925 4699 2038 4737 cum

459 4772 604 4828 esset,
634 4763 686 4817 id
724 4772 836 4828 est,
880 4763 1160 4834 benignus,
1193 4766 1520 4835 moderatus,
1548 4771 1704 4823 voluit
1733 4773 1926 4828 occulte
1953 4775 2036 4827 dt-

461 4855 654 4908 mittere
698 4870 826 4907 eaut.
861 4854 983 4909 Ideo
1013 4855 1062 4910 id
1102 4856 1241 4925 quod
1281 4858 1502 4929 contigit
1540 4872 1753 4917 enarrat
1795 4874 1915 4919 ante
1945 4881 2037 4920 no-

464 4947 629 4999 titiam
657 4943 855 5010 datam,
891 4953 948 4999 ut
973 4961 1038 5000 ne
1067 4947 1228 5003 ﬁdem
1259 4949 1482 5014 dcroges
1506 4952 1569 5007 iis
1600 4969 1719 5021 qua:
1747 4971 1804 5011 re
1830 4958 2035 5024 cognita

510 5197 582 5259 (ᾳ)
615 5197 668 5248 Id
689 5196 1011 5248 Valentiniani
1026 5194 1266 5259 dicebant,
1288 5201 1346 5244 ut
1359 5195 1511 5259 habet
1531 5195 1821 5259 Epiphanius
1835 5208 1884 5256 p.
1911 5196 2017 5252 172,

450 5269 528 5367 3x0
539 5256 726 5309 Irenaeo
746 5274 794 5323 p.
821 5259 932 5318 189,
947 5269 1035 5320 per
1052 5256 1254 5306 Mariam
1274 5256 1587 5318 pertransisse
1602 5256 1726 5308 uelut
1742 5269 1921 5323 aquam
1934 5270 2024 5322 per

482 5333 496 5367 ι
533 5333 628 5368 nm.

468 5332 482 5366 ι
502 5325 546 5366 bi
616 5355 628 5367 .

450 5325 681 5458 Ηίῖἶξῐξο.
705 5398 937 5458 quomodo
956 5392 1083 5458 ﬂos?
1104 5406 1200 5458 non
1215 5389 1444 5458 leguntur
1467 5390 1590 5458 apud
1613 5388 1774 5458 Savil..
1800 5394 1851 5437 et
1873 5399 1899 5435 a
1919 5385 2024 5458 plu-

449 5455 582 5563 rimis
602 5449 921 5518 Mssfabsunt,
946 5449 1033 5507 sed
1056 5449 1294 5506 habentur
1325 5457 1374 5504 iu
1395 5449 1558 5505 Morel.
1597 5461 1649 5505 et
1678 5450 1802 5502 lecta
1821 5460 1937 5499 sunt
1962 5449 2025 5498 ab

498 5528 655 5563 mane.
1031 5530 1033 5533 ·

498 5528 655 5565 mano.
1031 5530 1033 5533 '

2152 329 2298 387 gesta
2331 328 2470 374 sunt.
2501 321 2661 376 Certe
2686 323 2730 376 si
2762 323 2883 378 talis
2915 324 3000 379 illa
3031 325 3242 396 fuisset,
3263 344 3368 384 non
3390 331 3551 386 modo
3575 332 3733 403 digna

2155 420 2269 463 erat
2301 425 2420 479 qua:
2447 411 2835 477 traduceretur,
2855 415 2950 468 sed
2971 417 3130 470 etiam
3153 419 3295 473 illam
3317 421 3576 491 supplicio
3595 423 3732 478 affici

2155 500 2243 553 lex
2269 499 2511 568 jubebat.
2532 501 2726 556 Verum
2749 502 2946 574 Joseph
2975 520 3079 558 non
3107 508 3266 561 modo
3293 512 3342 564 ei
3371 511 3511 580 quod
3540 527 3732 582 majus,

2156 590 2250 646 sed
2276 591 2435 646 etiam
2467 593 2515 646 ei
2546 593 2688 662 quod
2729 594 2904 649 minus
2930 605 3048 652 erat
3083 601 3368 665 consuluit,
3396 618 3590 674 nempe
3632 620 3732 674 puo

2156 681 2294 736 dori.
2322 681 2437 736 Non
2469 683 2630 736 modo
2651 685 2792 738 enim
2835 686 3025 754 punire
3053 688 3284 752 nolebat,
3315 691 3410 746 sed
3449 708 3516 746 ne
3557 694 3734 748 tradu-

2158 785 2282 826 cere
2308 771 2543 840 quidem.
2579 773 2821 829 Vidistin’
2846 775 3218 846 philosophum
3248 782 3440 844 virum,
3471 791 3524 835 et
3550 792 3734 853 tyran-

2158 862 2278 916 nico
2299 862 2389 916 illo
2413 863 2604 918 affectu
2627 869 2888 922 vacuum?
2910 868 3090 924 Nostis
3110 872 3251 926 enim
3267 882 3496 942 quantus
3518 877 3734 931 morbus

2157 950 2227 1003 sit
2274 951 2555 1021 zelotypia.
2590 953 2945 1020 Quamobrem
2973 958 3019 1012 is
3061 960 3150 1028 qui
3201 959 3253 1014 id
3307 962 3470 1031 probe
3510 963 3732 1029 sciebat,

2157 1042 2332 1099 dixit:
2365 1043 2554 1098 Plenus
2583 1047 2691 1099 zelo
2738 1058 2812 1102 .st
2843 1048 2989 1118 furor
3026 1051 3121 1105 viri
3165 1053 3316 1122 ejus;
3356 1071 3458 1108 non
3485 1065 3656 1124 parcet
3679 1057 3732 1109 in

2155 1125 2238 1182 die
2275 1129 2508 1183 uindicta:
2536 1130 2717 1204 (Prov.
2764 1138 2800 1188 ἱ.
2837 1136 2969 1205 54);
3018 1148 3094 1206 et,
3143 1138 3289 1193 Dura
3331 1142 3461 1194 sicut
3509 1143 3738 1212 infernus

2152 1219 2407 1274 (emutatio
2457 1222 2628 1290 (Cant.
2676 1224 2707 1279 8
2775 1226 2854 1292 6).
2897 1227 3052 1282 Certe
3096 1229 3292 1284 multos
3335 1232 3601 1298 novimus,
3643 1234 3736 1304 qui

2152 1309 2340 1364 malint
2366 1313 2596 1368 animam
2625 1323 2893 1382 amittere,
2934 1334 3094 1388 quam
3135 1321 3188 1375 in
3233 1322 3509 1393 zelotypia:
3552 1325 3733 1394 suspi-

2154 1399 2362 1456 cionem
2394 1403 2648 1461 incidere.
2675 1407 2772 1462 llic
2800 1423 2962 1478 porro
3005 1425 3112 1464 non
3160 1427 3308 1467 mera
3334 1417 3566 1484 suspicio
3594 1426 3730 1480 erat,

2151 1506 2270 1544 cum
2303 1495 2440 1548 uteri
2473 1505 2648 1551 tumor
2675 1514 2786 1552 rem
2809 1500 2982 1568 palam
3013 1501 3228 1557 faceret.
3250 1505 3497 1560 Attamen
3525 1509 3592 1562 ita
3618 1519 3735 1564 erat

2149 1585 2217 1636 ab
2244 1587 2344 1640 hoc
2373 1589 2533 1642 animi
2564 1592 2753 1646 morbo
2781 1592 2933 1658 liber,
2962 1604 3021 1648 ut
3059 1609 3128 1650 ne
3166 1597 3219 1650 in
3251 1597 3486 1653 minimis
3519 1600 3733 1668 quidem

2152 1675 2308 1730 vellet
2341 1677 2542 1748 Virgini
2586 1683 2892 1737 maestitiam
2920 1684 3138 1740 inferre.
3169 1686 3302 1752 Quia
3331 1703 3461 1758 ergo
3483 1690 3626 1745 illam
3653 1692 3734 1745 in-

2150 1771 2233 1817 tus
2253 1766 2391 1834 apud
2417 1783 2476 1822 se
2501 1770 2734 1826 retinere
2776 1787 2870 1841 per
2900 1772 3072 1843 legem
3103 1791 3206 1828 non
3238 1776 3400 1832 licere
3429 1778 3729 1846 videbatur,

2152 1855 2431 1912 traducere
2469 1870 2647 1914 autem
2672 1861 2814 1916 illam
2841 1872 2896 1918 et
2925 1865 2976 1918 in
3000 1865 3260 1932 judicium
3289 1868 3524 1936 trahere,
3558 1870 3610 1924 id
3637 1887 3733 1924 ne-

2151 1949 2388 2002 cessario
2415 1959 2532 2005 erat
2557 1952 2622 2006 ad
2651 1964 2878 2008 mortem
2909 1956 3118 2012 tradere
3151 1975 3164 2010 :
3197 1967 3442 2014 neutrum
3469 1960 3610 2029 fecit,
3634 1963 3731 2018 sed

2148 2050 2309 2106 supra
2361 2041 2530 2110 legem
2555 2044 2665 2111 jam
2717 2059 2776 2100 se
2816 2061 3005 2116 gerere
3043 2051 3226 2118 cmpit.
3254 2051 3544 2120 Oportebat
3585 2055 3729 2108 enim

2146 2127 2253 2194 jam
2307 2131 2623 2188 adveniente
2650 2136 2840 2201 gratia,
2871 2138 3036 2193 multa
3064 2141 3212 2209 signa
3243 2142 3436 2198 adesse
3485 2144 3730 2199 sublimis

2152 2216 2373 2287 hujusce
2403 2221 2650 2279 instituti.
2698 2226 3156 2292 Quemadmodum
3188 2231 3331 2284 enim
3363 2233 3462 2296 sol,
3493 2233 3728 2289 nondum

2149 2309 2326 2362 radios
2364 2314 2675 2380 ostendens,
2706 2317 2916 2371 eminus
2957 2326 3130 2373 tamen
3183 2331 3389 2388 partem
3441 2325 3727 2380 maximam

2145 2399 2291 2453 orbis
2334 2399 2565 2456 illustrat
2605 2421 2618 2456 :
2664 2405 2742 2459 sic
2784 2422 2996 2476 quoque
3042 2406 3284 2464 Christus
3329 2427 3393 2465 ex
3435 2423 3591 2467 utero
3636 2415 3728 2469 illo

2151 2492 2471 2558 exoritnrns,
2499 2504 2782 2565 antequam
2825 2499 3190 2567 egrederetur,
3233 2502 3418 2556 orbem
3465 2511 3634 2557 totum
3666 2505 3730 2559 il-

2146 2579 2441 2636 luminavit.
2472 2582 2674 2638 Idcirco
2715 2586 2795 2640 vel
2843 2596 2967 2642 ante
3012 2599 3220 2658 partum
3250 2592 3524 2661 prophetm
3551 2595 3732 2648 exsul-

2148 2670 2344 2734 tabant,
2377 2683 2433 2725 et
2475 2673 2729 2729 mulieres
2778 2675 2954 2732 futura
2985 2678 3366 2748 prmdicebant.
3397 2691 3450 2735 et
3490 2681 3744 2739 Joannes.

2144 2763 2377 2816 nondum
2421 2779 2452 2817 e
2480 2767 2631 2820 vulva
2675 2782 2948 2836 egressus,
2976 2769 3042 2823 ab
3081 2779 3233 2836 utero
3273 2773 3596 2830 exsultabat.
3631 2775 3728 2830 llic

2145 2855 2321 2923 itaque
2342 2855 2561 2910 multam
2591 2857 2792 2926 Joseph
2815 2859 3052 2914 ostendit
3077 2855 3464 2932 plﬂlosophiatn
3498 2881 3510 2916 :
3555 2879 3727 2934 neque

2143 2945 2284 2998 enim
2333 2948 2604 3000 accusavit
2651 2948 2814 3013 illam,
2862 2965 3044 3018 neque
3085 2952 3427 3020 exprobravit
3467 2953 3578 3019 illi,
3627 2955 3725 3008 sed

2141 3035 2411 3092 dimittere
2453 3049 2658 3096 tantum
2689 3043 2972 3111 cogitabat.
3006 3043 3063 3098 In
3114 3044 3217 3099 hoc
3262 3061 3442 3100 rerum
3485 3056 3644 3113 statu,
3671 3054 3728 3100 et

2143 3125 2194 3179 in
2241 3127 2339 3181 hac
2381 3132 2712 3199 negotiorum
2754 3131 3084 3196 difficultate,
3115 3135 3331 3190 advenit
3368 3137 3590 3205 angelus
3631 3138 3723 3207 qui

2140 3220 2462 3274 anxietatem
2492 3235 2705 3276 omnem
2733 3224 2904 3278 tollat.
2935 3223 3292 3290 Quatrendum
3315 3211 3494 3280 autem
3525 3236 3608 3282 est
3625 3244 3722 3283 cur

2141 3310 2361 3379 angelus
2399 3327 2504 3366 non
2533 3321 2656 3368 ante
2683 3314 2906 3378 venerit,
2925 3330 3083 3384 quam
3109 3316 3191 3370 vir
3212 3317 3300 3370 ille
3325 3316 3440 3372 hzcc
3464 3317 3515 3370 in
3541 3317 3722 3371 animo

2140 3411 2398 3467 versaret,
2429 3402 2522 3457 sed
2568 3418 2688 3457 cum
2721 3405 2836 3459 haec
2881 3404 2970 3459 ille
2999 3406 3274 3475 cogitaret.
3305 3415 3431 3461 tunc
3477 3407 3716 3463 venerit:

2140 3507 2260 3544 nam
2287 3493 2394 3545 ait:
2415 3493 2505 3546 20.
2533 3491 2660 3545 Hcce
2679 3491 2770 3546 illo
2803 3492 3306 3563 cogitaute,augelus
3334 3503 3467 3548 venit
3485 3538 3501 3564 ,
3537 3509 3720 3564 quam-

2139 3597 2298 3651 quam
2324 3584 2481 3637 ctiam
2511 3593 2795 3652 antequam
2822 3583 2907 3637 illa
2936 3585 3262 3653 conciperet,
3293 3585 3510 3639 nuntius
3533 3599 3718 3640 acces-

2139 3674 2290 3741 serit,
2320 3674 2462 3728 nnde
2489 3675 2649 3728 etiam
2682 3675 2785 3728 alia
2824 3674 3052 3744 quaestio
3089 3676 3280 3730 oritur.
3311 3675 3443 3729 Nam
3489 3675 3587 3729 etsi
3619 3690 3719 3728 an-

2139 3762 2292 3832 gelus
2312 3764 2428 3817 viro
2453 3778 2559 3817 non
2579 3764 2805 3831 dixerat,
2825 3780 2920 3818 cur
2938 3764 3099 3833 Virgo
3123 3764 3287 3819 tacuit
3307 3764 3422 3818 haec
3441 3764 3508 3818 ab
3532 3764 3719 3834 angelo

2143 3854 2346 3917 audita,
2379 3864 2429 3907 et
2458 3869 2578 3908 cum
2619 3869 2875 3924 sponsum
2919 3870 3071 3910 suum
3104 3857 3319 3910 anxium
3361 3855 3584 3921 videret,
3613 3871 3720 3909 non

2142 3945 2259 4014 ejus
2285 3944 2607 3998 anxietatem
2633 3945 2881 4000 sustulit?
2909 3960 3005 3999 cur
3031 3961 3158 4016 ergo
3184 3954 3470 4015 antequam
3496 3946 3585 4000 ille
3613 3955 3725 3999 tur-

2144 4035 2382 4100 baretur,
2415 4035 2634 4104 angelus
2679 4050 2786 4088 non
2831 4050 2946 4089 rem
2991 4035 3064 4089 illi
3101 4037 3347 4105 aperuit?
3377 4051 3498 4090 nam
3547 4051 3723 4105 operae

2142 4126 2370 4196 pretium
2428 4135 2512 4179 est
2571 4125 2804 4194 priorem
2859 4127 3209 4196 qumstionem
3265 4127 3436 4195 primo
3493 4129 3722 4184 solvere.

2144 4220 2321 4285 Quare
2347 4234 2460 4273 rem
2494 4218 2568 4273 illi
2597 4234 2702 4273 non
2733 4220 2980 4288 aperuit?
3022 4220 3100 4276 Ne
3123 4221 3268 4276 dicto
3296 4221 3452 4276 ﬁdem
3484 4232 3723 4292 negaret,

2144 4320 2198 4364 et
2228 4310 2460 4378 idipsum
2485 4309 2752 4365 accideret
2778 4312 2853 4366 illi
2875 4311 3015 4380 quod
3039 4312 3331 4367 Zachariae.
3355 4313 3490 4370 Nam
3515 4329 3574 4369 re
3598 4330 3729 4368 ocu-

2145 4401 2211 4454 lis
2240 4410 2511 4471 pereepta,
2547 4401 2702 4457 facile
2747 4412 3018 4458 erattunc
3063 4404 3285 4460 credere
3318 4422 3332 4460 :
3375 4420 3497 4459 cum
3548 4415 3727 4460 autem

2146 4493 2393 4549 nondum
2431 4495 2709 4564 coepisset,
2758 4511 2870 4550 non
2915 4495 3075 4550 facile
3124 4495 3274 4550 credi
3317 4503 3556 4563 poterat.
3602 4495 3734 4550 ldco

2147 4587 2204 4641 id
2257 4585 2486 4657 angelus
2532 4586 2692 4642 initio
2732 4603 2843 4642 non
2895 4587 3054 4651 dixit,
3105 4596 3162 4642 et
3211 4588 3378 4656 Virgo
3428 4586 3620 4642 eadem
3663 4588 3734 4642 de

2147 4692 2313 4734 causa
2362 4678 2553 4732 tacuit.
2599 4678 2790 4748 Neque
2839 4679 2988 4734 enim
3037 4686 3284 4748 putasset
3330 4679 3434 4734 sibi
3485 4697 3602 4736 rem
3650 4683 3737 4737 in-

2145 4769 2465 4825 credibilem
2508 4771 2784 4826 nuntianti
2833 4787 2865 4825 a
2911 4786 3114 4840 sponso
3159 4770 3322 4826 ﬁdem
3362 4788 3484 4828 esse
3525 4773 3736 4829 haben-

2145 4861 2301 4928 dam;
2356 4863 2468 4916 imo
2521 4862 2800 4917 timuisset
2850 4877 2909 4916 se
2967 4863 3122 4917 illum
3180 4865 3236 4918 in
3291 4864 3431 4919 iram
3482 4867 3732 4922 concita-

2147 4958 2328 5006 turam
2369 4966 2513 5016 esse,
2553 4952 2709 5022 quasi
2755 4952 3057 5007 admissum
3098 4963 3387 5024 peccatum
3432 4964 3728 5026 tegentem.

2145 5043 2203 5098 Si
2255 5044 2403 5098 enim
2450 5044 2616 5098 etiam
2662 5045 2780 5114 ipsa
2823 5061 2946 5115 quae
3001 5053 3206 5102 tantam
3254 5047 3486 5119 gratiam
3537 5063 3732 5116 perce-

2145 5143 2305 5204 ptura
2355 5143 2493 5199 erat,
2547 5135 2849 5190 humanum
2901 5138 3036 5207 quid
3087 5155 3247 5209 passa
3298 5149 3383 5194 est
3435 5148 3492 5194 et
3541 5139 3730 5194 dixit:

2146 5223 2418 5289 Quomodo
2455 5223 2548 5292 ﬁet
2589 5225 2766 5292 istud,
2825 5231 3077 5298 quoniam
3116 5232 3288 5285 uirum
3332 5247 3438 5285 non
3478 5244 3734 5299 cognosco

2148 5314 2316 5386 (Luc.
2385 5317 2656 5389 1.,54)?
2722 5321 2898 5375 multo
2971 5323 3144 5392 magis
3211 5323 3304 5378 ille
3367 5321 3730 5377 dubitasset:

2146 5419 2272 5463 Cum
2305 5408 2540 5465 maxime
2587 5409 2645 5466 id
2688 5411 2933 5468 audisset
2975 5429 3006 5470 a
3058 5413 3290 5469 muliere
3322 5413 3454 5468 hinc
3483 5411 3590 5467 sibi
3634 5427 3734 5470 sn-

2147 5505 2356 5566 specta.
