4060 6156
376 300 442 351 45
1075 296 1133 356 S.
1166 299 1457 356 =JOANNIS
1487 299 1980 359 CIIRYSOSTOMI
2011 301 2329 361 ARCIIIEP.
2365 299 2911 359 CONSTANTINOP.
3552 299 3624 353 ΑΒ

437 420 492 472 5.
523 417 646 470 Ideo
679 413 834 479 Virgo
856 410 1067 480 quidem
1100 409 1229 461 nihil
1261 408 1358 477 ipsi
1382 408 1510 460 dicit
1535 425 1546 459 :
1575 407 1796 473 angelus
1823 418 1950 457 vero

366 520 609 576 tempore
629 503 942 573 congruenti
973 500 1204 555 advenit.
1233 501 1430 562 Quare,
1465 497 1692 564 inquies,
1723 495 1948 563 idipsum

365 612 493 666 erga
523 596 797 664 Virginem
823 608 926 645 non
961 590 1105 649 fecit,
1137 602 1236 642 nec
1272 588 1814 655 postcunccptionem
1847 583 1948 653 ipsi

367 703 482 742 rem
507 684 788 738 nuntiavit.
818 680 896 735 Ne
919 680 970 733 in
994 676 1393 748 perturbatione
1419 691 1608 743 magna
1637 673 1790 728 foret.
1819 673 1948 727 Nam

375 775 670 831 timendum
695 783 810 829 erat
833 789 902 829 ne
923 773 1010 827 illa
1039 773 1115 826 rei
1146 771 1421 826 veritatem
1451 783 1554 823 noa
1583 769 1729 822 clare
1753 771 1949 833 sciens,

370 866 439 920 de
479 881 538 920 se
566 865 694 935 quid
741 864 996 920 acerbum
1046 865 1380 925 decerneret,
1415 876 1517 912 ncu
1556 859 1799 913 dedecus
1848 875 1952 914 non

371 956 549 1010 ferens
575 955 640 1010 ad
664 955 909 1024 laqueum
938 953 1022 1008 vel
1049 951 1114 1005 ad
1139 950 1374 1020 gladium
1415 957 1742 1019 properaret.
1772 950 1953 1002 Admi-

371 1047 534 1100 randa
569 1047 765 1116 quippe
791 1044 951 1114 Virgo
991 1051 1130 1106 erat,
1161 1042 1382 1112 ejusque
1424 1039 1674 1097 virtutem
1716 1039 1954 1095 declarat

368 1137 541 1191 Lucas
584 1117 704 1190 eum
746 1136 844 1202 ait,
883 1149 1000 1188 eam
1045 1134 1260 1203 quando
1303 1131 1678 1186 salutationem
1723 1133 1946 1200 accepit,

366 1247 472 1282 ntin
501 1231 681 1284 statim
712 1229 910 1298 gaudio
957 1227 1224 1298 perfusam
1257 1225 1442 1289 fuisse,
1471 1239 1570 1279 nec
1595 1225 1736 1279 dicta
1765 1240 1950 1279 susce-

367 1324 543 1390 pisse;
577 1323 670 1378 sed
701 1324 966 1378 turbatam
1000 1323 1312 1391 qrtmsivisse
1341 1320 1516 1389 qualis
1557 1327 1698 1372 esset
1732 1319 1829 1371 ista
1860 1331 1949 1370 sa-

365 1415 572 1469 lutatio.
601 1415 729 1481 Quze
749 1427 928 1470 autem
955 1415 1033 1470 sic
1056 1426 1363 1482 comparata
1387 1422 1522 1478 erat,
1557 1421 1793 1466 moerere
1821 1426 1951 1465 cou—

365 1508 501 1560 t-‘eeta
555 1506 782 1573 fuisset,
832 1508 908 1561 rei
962 1506 1232 1561 infamiam
1281 1520 1463 1559 secmn
1519 1511 1806 1572 reputans,
1850 1518 1951 1558 nec

363 1613 588 1666 sperans
619 1611 779 1667 posse
822 1612 884 1652 se
909 1597 1213 1666 quempiam
1255 1595 1582 1650 audientium
1611 1595 1677 1648 ad
1720 1593 1949 1649 creden-

369 1690 499 1742 dum
527 1688 802 1749 inducere,
829 1688 970 1757 quod
997 1687 1049 1741 id
1080 1702 1184 1741 non
1234 1702 1300 1741 ex
1351 1686 1618 1740 adulterio
1649 1684 1945 1753 profectum

367 1789 532 1833 esset.
556 1780 632 1833 Ne
660 1781 835 1848 itaque
866 1780 916 1834 id
941 1781 1200 1838 eveniret,
1220 1787 1344 1832 ante
1371 1775 1773 1846 conceptionem
1802 1777 1948 1829 venit

369 1871 610 1940 angelus.
640 1870 848 1926 Etenim
878 1870 1160 1938 oportebat
1185 1867 1623 1938 imperturbatum
1664 1881 1784 1921 esse
1827 1875 1946 1919 ute-

359 1979 478 2015 rum
520 1963 706 2026 illum,
751 1961 803 2014 in
849 1976 1008 2030 quem
1055 1960 1294 2013 omnium
1336 1959 1561 2012 Creator
1607 1956 1944 2026 ingressurus

355 2060 492 2116 erat,
526 2061 580 2104 et
608 2051 752 2104 omni
805 2051 1034 2104 tumultu
1071 2064 1292 2102 vacuam
1339 2047 1573 2100 animam
1626 2045 1793 2110 illam,
1825 2060 1944 2115 qua:

362 2142 740 2212 mysteriorum
796 2149 1061 2194 tantorum
1110 2139 1352 2194 ministra
1399 2137 1577 2191 futura
1621 2143 1756 2190 erat.
1810 2135 1942 2189 l’ro-

356 2245 540 2302 pterea
589 2233 787 2302 Virgini
827 2243 954 2286 ante
981 2232 1417 2300 conceptionem,
1465 2229 1702 2298 Josepho
1741 2238 1939 2292 autem,

354 2340 477 2378 cum
497 2331 732 2392 gestaret
756 2331 966 2375 uterqu
993 2320 1175 2388 Virgo,
1195 2321 1448 2388 loquutus
1489 2328 1592 2372 est.
1616 2316 1769 2382 Quod
1792 2315 1942 2369 multi

355 2415 739 2484 simpliciorum
762 2429 885 2466 uon-
900 2412 1282 2480 intelligentes,
1317 2411 1401 2463 hic
1420 2409 1802 2464 dissonantiam
1823 2423 1942 2462 esse

355 2507 606 2560 dixerunt
643 2523 655 2558 :
699 2503 950 2572 quoniam
980 2502 1155 2557 Lucas
1181 2501 1320 2556 dixit
1354 2500 1534 2554 Mariae
1566 2500 1812 2554 ntmtiutn
1845 2513 1940 2554 ve-

355 2598 520 2662 nisse,
567 2593 845 2649 Mattlneus
891 2604 1070 2647 autem
1115 2591 1398 2660 Josepho:
1444 2605 1551 2644 non
1598 2589 1941 2644 advertentes

353 2701 638 2758 utrumque
661 2696 872 2757 gestum
905 2685 1087 2739 fuisse.
1125 2683 1180 2738 ld
1206 2683 1350 2753 quod
1378 2683 1545 2737 etiam
1589 2683 1642 2736 in
1691 2681 1940 2736 omnibus

353 2783 592 2837 historiis
617 2779 1010 2834 observandum
1057 2786 1180 2831 est:
1214 2777 1291 2830 sic
1339 2777 1483 2830 enim
1533 2775 1726 2829 multas
1765 2775 1938 2829 disso-

352 2875 585 2938 nantias,
608 2882 662 2924 ut
689 2864 926 2940 quidem"
941 2876 1214 2938 putantur,
1246 2867 1613 2936 expediemus.
1644 2865 1807 2920 Venit
1836 2867 1936 2917 ita-

351 2979 454 3029 que
484 2963 726 3029 angelns,
757 2961 1068 3030 perturbato
1095 2959 1349 3029 Joseplto.
1377 2957 1509 3012 Nam
1541 2967 1595 3011 et
1622 2966 1847 3027 propter
1873 2970 1934 3009 ea

349 3071 464 3126 quae
502 3069 660 3122 supra
697 3053 840 3108 dicta
871 3060 1017 3115 sunt.
1051 3058 1106 3104 et
1135 3057 1193 3103 ut
1238 3049 1358 3117 ejus
1402 3040 1739 3117 philosOphia
1765 3062 1932 3118 appa-

349 3155 510 3209 reret,
529 3144 814 3198 adventum
837 3157 994 3196 suum
1021 3138 1220 3194 differt.
1242 3139 1374 3194 Cum
1403 3153 1533 3193 vero
1553 3153 1641 3192 res
1660 3137 1772 3207 jam
1792 3148 1935 3193 esset

349 3237 632 3305 Implenda,
673 3235 889 3290 advenit
919 3234 1156 3288 demum.
1202 3229 1330 3284 Haec
1373 3241 1541 3283 autem
1576 3247 1633 3284 eo
1660 3231 1931 3300 cogitante,

347 3331 555 3400 angelus
583 3330 635 3382 in
661 3321 847 3382 somnis
874 3327 1119 3398 apparuit
1145 3325 1360 3394 Ioseph.
1389 3323 1577 3377 Viden’
1607 3323 1705 3376 viri
1751 3322 1936 3378 modco

348 3419 654 3475 rationem?
691 3418 806 3473 Non
836 3418 999 3472 modo
1027 3431 1130 3468 non
1164 3413 1384 3484 punivit,
1418 3411 1512 3466 sed
1539 3411 1739 3466 nemini
1769 3410 1923 3476 dixit,

346 3527 408 3566 ac
445 3526 511 3566 ne
539 3510 613 3565 illi
642 3510 860 3579 quidem
883 3523 1002 3577 qua:
1030 3507 1081 3560 in
1111 3505 1469 3573 suspicionem
1498 3501 1778 3566 veniebat;
1833 3500 1928 3555 sed

350 3587 464 3659 rem
492 3618 674 3658 secum
708 3602 1002 3671 cogitabat,
1022 3610 1076 3653 et
1105 3613 1354 3654 secessus
1381 3595 1807 3664 eausamVirgini
1838 3595 1936 3648 ob-

347 3707 528 3765 tegere
575 3693 844 3746 studebat.
895 3691 1078 3760 Neque
1126 3690 1268 3744 enim
1299 3687 1433 3742 dixit
1484 3687 1658 3754 ipsum
1704 3681 1936 3736 voluisse

348 3785 492 3839 illam
518 3784 735 3852 ejicere,
763 3781 856 3837 sed
883 3781 1153 3835 dimittere
1186 3799 1198 3834 :
1227 3793 1397 3848 usque
1425 3776 1560 3831 adeo
1590 3774 1852 3844 benignus
1878 3779 1936 3825 et

352 3875 666 3929 moderatus
704 3874 786 3927 vir
815 3881 948 3927 erat.
980 3871 1105 3925 Haec
1143 3880 1320 3924 autem
1352 3867 1603 3937 cogitanti
1647 3867 1698 3920 in
1732 3862 1936 3918 somnis

345 3977 570 4037 apparet
600 3965 840 4034 angelus.
875 3963 942 4018 Et
969 3978 1067 4017 cur
1091 3976 1198 4016 non
1228 3969 1433 4030 aperte,
1467 3969 1524 4012 ιιι
1553 3955 1854 4027 pastoribus
1881 3962 1937 4009 et

348 4058 625 4112 Zacharize
669 4057 816 4110 visus
858 4063 960 4119 est,
998 4066 1208 4108 necnon
1235 4053 1396 4106 etiam
1443 4048 1686 4118 Virgini?
1729 4046 1934 4100 Admo-

345 4150 472 4202 dum
504 4147 676 4201 ﬁdelis
703 4147 782 4198 vir
821 4153 956 4208 erat,
990 4159 1164 4213 neque
1206 4143 1398 4210 egebat
1427 4139 1516 4192 tali
1547 4138 1769 4192 visione.
1805 4135 1934 4188 Nam

347 4239 528 4310 Virgo,
563 4239 648 4292 cui
692 4236 1114 4290 annttntiabatur
1156 4248 1245 4287 res
1275 4240 1440 4293 tanta,
1467 4238 1522 4283 et
1563 4229 1722 4296 longe
1770 4226 1938 4294 major

347 4347 505 4398 quam
538 4329 829 4390 Zachariae,
860 4327 1023 4381 etiam
1055 4333 1180 4377 ante
1208 4339 1322 4376 rem
1350 4324 1519 4391 ipsam
1561 4320 1752 4389 egebat
1779 4319 1938 4372 mira-

347 4422 442 4475 bili
492 4419 722 4489 quadam
781 4417 1034 4469 visione:
1091 4423 1334 4483 pastores
1395 4426 1562 4477 vero,
1614 4419 1794 4477 utpote
1845 4408 1936 4477 qui

347 4511 674 4580 agrestiores
703 4514 906 4571 essent,
935 4505 1201 4572 apertiore
1233 4501 1439 4554 visione
1473 4512 1609 4568 opus
1649 4497 1935 4552 habebant.

349 4603 447 4655 llic
465 4611 644 4654 autem
673 4606 797 4667 post
828 4607 1061 4665 partum,
1093 4608 1212 4646 cutn
1242 4606 1403 4660 prava
1433 4589 1735 4658 suspicione
1773 4589 1936 4643 animi

350 4701 644 4751 teneretur,
674 4698 728 4741 et
772 4695 994 4758 paratus
1045 4695 1219 4736 tamen
1251 4690 1398 4735 esset
1440 4681 1506 4734 ad
1551 4681 1742 4734 bonam
1788 4694 1938 4749 spem

346 4783 507 4838 facile
558 4779 765 4854 rcdpci,
797 4777 841 4831 si
871 4777 993 4844 quis
1034 4775 1132 4827 hac
1180 4775 1230 4827 in
1261 4789 1318 4828 re
1344 4771 1454 4827 dux
1507 4772 1582 4826 illi
1627 4782 1935 4842 appareret,

346 4868 978 4936 revelationemaceipit.
1033 4864 1158 4921 ldeo
1210 4873 1333 4934 post
1384 4863 1747 4934 suspicionem
1789 4865 1938 4918 adest

346 4965 525 5018 bonus
556 4959 796 5024 nuntius,
830 4967 886 5011 ut
914 4957 1016 5011 hoc
1047 4957 1216 5026 ipsum
1250 4955 1323 5009 illi
1356 4954 1496 5010 foret
1525 4970 1647 5010 vera
1674 4953 1938 5008 dictorum

343 5054 758 5111 demonstratio.
790 5051 922 5107 Cum
961 5050 1106 5104 enim
1135 5049 1332 5104 nemini
1361 5049 1601 5112 dixisset,
1632 5047 1724 5102 sed
1756 5047 1935 5100 animo

345 5151 526 5204 solum
559 5149 675 5200 lucc
694 5144 1003 5214 cogitasset,
1031 5150 1086 5196 et
1104 5141 1213 5195 hac
1240 5140 1309 5196 de
1350 5156 1408 5195 re
1438 5140 1747 5208 loquentem
1775 5153 1938 5205 ange-

351 5245 463 5297 lum
494 5238 726 5303 audiret,
760 5235 1114 5290 indubitatum
1151 5233 1251 5304 ipsi
1276 5233 1488 5302 signum
1513 5238 1660 5294 erat,
1690 5228 1937 5296 angelum

354 5349 387 5386 a
412 5333 521 5386 Deo
562 5328 788 5396 jussnm,
819 5319 936 5376 btec
961 5320 1160 5376 dictum
1197 5318 1446 5374 venisse:
1477 5315 1644 5385 ipsius
1683 5312 1828 5367 enim
1855 5324 1942 5364 so-

359 5425 466 5477 lius
489 5427 570 5474 est
600 5415 778 5472 cordis
807 5428 998 5469 arcana
1031 5412 1189 5467 scire.
1223 5408 1358 5464 Vide
1385 5409 1564 5476 itaque
1602 5412 1800 5473 quanta
1830 5402 1944 5456 effl-

357 5515 609 5573 ciantur;
650 5506 750 5561 viri
779 5503 1111 5575 philosophia
1138 5499 1456 5562 ostenditur,
1490 5505 1544 5550 et
1585 5493 1713 5549 illud
1743 5507 1943 5562 oppor-

359 5617 489 5658 tune
526 5601 594 5655 ab
623 5598 816 5670 angelo
852 5597 1117 5667 prolatum
1159 5590 1224 5645 ad
1265 5587 1424 5642 fidem
1471 5585 1586 5656 ejus
1631 5581 1943 5638 firmandam

2055 397 2285 462 confert,
2302 398 2609 466 dictumque
2633 403 2803 467 ipsum
2824 415 2937 450 sine
2956 397 3260 466 suspicione
3279 403 3481 459 manet,
3495 398 3637 465 quod

2059 491 2297 543 ostendit
2341 490 2514 556 ipsum
2542 506 2605 546 ea
2635 506 2845 560 passum
2888 506 3029 557 esse,
3061 506 3183 560 quas
3210 491 3290 544 vir
3315 489 3486 559 quivis
3517 488 3640 558 jure

2058 580 2168 651 pati
2202 589 2428 649 poterat.

2123 753 2177 807 6.
2226 745 2504 814 Quomodo
2543 755 2718 801 autem
2751 745 2906 800 fidem
2938 744 3036 814 ipsi
3065 744 3191 800 facit
3217 745 3471 815 angelus?
3504 745 3638 802 Audi

2053 852 2106 894 et
2128 840 2322 893 mirare
2345 839 2606 894 dictorum
2631 839 2966 905 sapientiam.
2992 839 3264 892 Accedens
3289 840 3362 891 ait
3385 856 3397 890 :
3421 837 3635 907 Joseplt,

2053 930 2131 996 ﬁli
2154 929 2321 982 David
2341 971 2354 994 ,
2380 931 2484 984 noli
2504 930 2676 983 timere
2694 932 2919 1000 accipere
2941 928 3164 982 Mariam
3190 930 3455 1001 conjugem
3474 941 3634 984 tuam.

2051 1023 2237 1076 Statim
2274 1021 2521 1075 Davidem
2555 1021 2606 1074 in
2653 1019 2964 1074 memoriam
2998 1029 3244 1085 revocat,
3279 1023 3418 1075 unde
3463 1025 3638 1076 nasci-

2052 1121 2204 1166 turus
2230 1123 2343 1165 erat
2386 1112 2668 1175 Christus;
2701 1126 2874 1177 neque
2910 1111 3036 1166 sinit
3062 1111 3208 1165 illum
3243 1111 3478 1175 turbari,
3509 1111 3636 1166 dum

2053 1216 2147 1271 per
2165 1203 2423 1268 majorum
2447 1217 2641 1256 nomen
2667 1201 3072 1269 promissionem
3093 1201 3341 1256 universo
3359 1204 3540 1271 generi
3561 1202 3637 1256 fa-

2050 1304 2188 1347 etam
2215 1293 2266 1347 in
2285 1294 2598 1347 memoriam
2628 1301 2861 1346 revocat.
2883 1292 2988 1348 Sed
3003 1293 3157 1359 cujus
3179 1294 3255 1347 rei
3281 1294 3447 1362 gratia
3470 1293 3634 1347 filium

2054 1385 2214 1438 David
2273 1391 2446 1454 ipsum
2496 1384 2759 1453 appellat?
2792 1383 2873 1437 Ne
2915 1386 3132 1438 timeas:
3162 1399 3481 1454 quamquam
3511 1386 3636 1440 alibi

2054 1476 2193 1530 Deus
2223 1489 2326 1529 non
2358 1476 2426 1528 ita
2455 1474 2608 1540 fecit;
2631 1473 2724 1528 sed
2749 1473 2977 1542 quodam
3003 1475 3070 1529 de
3095 1489 3259 1529 uxore
3288 1476 3516 1530 Abraha:
3543 1492 3633 1532 se-

2050 1583 2146 1622 cus
2173 1583 2329 1638 quam
2361 1577 2668 1637 oportuerat
2694 1569 2960 1639 cogitante
2983 1609 2999 1634 ,
3045 1571 3338 1626 terroribus
3369 1572 3633 1642 minisque

2051 1661 2102 1712 in
2153 1660 2417 1730 loquendo
2462 1675 2588 1715 usus
2635 1661 2776 1716 Deus
2818 1670 2937 1726 est;
2969 1663 3175 1717 etiamsi
3207 1663 3278 1717 ibi
3305 1679 3516 1734 quoque
3545 1681 3632 1720 res

2052 1767 2144 1819 per
2169 1751 2518 1821 ignorantiam
2543 1751 2694 1806 fleret
2721 1768 2734 1804 :
2767 1767 2939 1823 neque
2961 1753 3102 1808 enim
3125 1769 3303 1809 rerum
3327 1770 3520 1825 gnarus
3543 1756 3632 1810 ille

2050 1840 2236 1895 Saram
2258 1849 2539 1911 acceperat
2565 1859 2578 1896 :
2603 1851 2835 1897 attamen
2869 1844 3228 1912 perterrefecit
3249 1861 3370 1904 eum
3393 1862 3408 1912 ;
3433 1846 3516 1901 hic
3537 1861 3634 1902 au-

2051 1941 2157 1985 tent
2184 1933 2365 1987 mitius
2388 1932 2581 2002 agitur.
2611 1932 2803 2003 Ingens
2831 1935 2972 1988 enim
3002 1944 3118 1988 erat
3146 1950 3326 1990 rerum
3355 1953 3473 2006 qua:
3503 1953 3630 2008 age-

2051 2022 2244 2076 bantur
2263 2023 2591 2092 magnitudo,
2621 2039 2973 2094 maguumque
2997 2027 3136 2080 inter
3157 2028 3324 2082 virum
3349 2037 3631 2099 utrumque

2049 2115 2337 2169 discrimen
2365 2133 2379 2168 :
2411 2125 2734 2185 qttaprOpter
2759 2131 2861 2169 non
2893 2125 3008 2171 erat
3038 2117 3403 2187 increpatione
3430 2135 3583 2189 opus.
3615 2123 3625 2152 '

2046 2201 2178 2257 Cum
2206 2216 2384 2259 autem
2410 2205 2576 2273 dixit,
2612 2205 2694 2260 Ne
2723 2207 2901 2261 timeas
2920 2247 2935 2272 ,
2965 2207 3200 2262 declarat
3226 2210 3398 2278 ipsum
3425 2220 3632 2265 metue-

2051 2309 2110 2348 re
2141 2310 2207 2347 ne
2239 2297 2400 2349 Deum
2441 2296 2673 2351 offendat
2693 2338 2706 2360 ,
2735 2298 2778 2350 si
2805 2298 3097 2352 adulteram
3141 2313 3360 2354 uxorem
3393 2299 3584 2356 habeat
3611 2318 3627 2362 ;

2050 2389 2119 2437 tta
2151 2386 2248 2438 nisi
2276 2386 2376 2464 hoc
2401 2387 2621 2452 fuisset,
2655 2388 2798 2441 illam
2822 2388 3090 2444 dimittere
3112 2403 3178 2444 ne
3202 2389 3490 2460 cogitasset
3512 2397 3631 2464 qui-

2049 2475 2192 2530 dem.
2239 2463 2345 2532 llis'
2377 2478 2535 2546 igitur
2577 2481 2822 2534 omnibus
2858 2481 3159 2537 declaratur
3179 2523 3194 2546 ,
3224 2498 3254 2537 a
3287 2483 3396 2539 Deo
3419 2463 3628 2542 venisse

2049 2568 2326 2635 angelum,
2363 2571 2450 2638 qui
2491 2571 2666 2624 omnia
2707 2585 2826 2640 qua:
2864 2573 3117 2640 cogitavit
3143 2581 3199 2629 et
3234 2574 3414 2629 animo
3441 2592 3628 2645 passus

2047 2657 2367 2732 estJoseph,
2396 2661 2447 2716 in
2471 2662 2704 2717 medium
2735 2666 3264 2736 attulitctexposuit.
3291 2669 3520 2738 Virginis
3539 2684 3634 2722 an-

2051 2761 2154 2805 tem
2181 2753 2523 2820 pronuntiato
2547 2754 2778 2817 nomine,
2812 2769 2921 2810 non
2948 2755 3035 2812 hic
3061 2758 3244 2824 stetit,
3273 2757 3369 2813 sed
3395 2758 3630 2821 addidit,

2045 2841 2322 2913 Cnniugem
2368 2853 2538 2909 tuam,
2583 2861 2743 2914 quam
2791 2861 2898 2902 non
2950 2848 3020 2902 ita
3065 2859 3333 2918 vocasset,
3373 2850 3419 2906 si
3450 2851 3630 2905 vitiata

2048 2935 2252 2990 fuisset.
2282 2935 2574 3005 Conjugem
2598 2951 2728 2992 vero
2757 2937 2843 2993 hic
2870 2955 3119 3009 sponsam
3149 2952 3303 2997 vocat
3329 2960 3344 2996 :
3371 2943 3631 3012 quemad-

2050 3025 2266 3080 modum
2299 3033 2351 3080 et
2377 3040 2604 3096 generos
2643 3041 2837 3084 vocare
2880 3031 3017 3085 solet
3059 3030 3330 3102 Scriptura
3369 3049 3627 3104 sponsos.

2046 3127 2169 3172 ante
2195 3119 2423 3187 nuptias.
2443 3118 2582 3185 Quid
2595 3134 2722 3174 vero
2739 3121 3002 3191 significat
3018 3123 3165 3188 illud,
3183 3125 3457 3196 Accipere?
3479 3127 3629 3186 Donni

2047 3208 2277 3262 retinere
2306 3227 2318 3262 :
2346 3208 2459 3277 jam
2487 3210 2630 3264 enim
2660 3211 2804 3265 illam
2832 3213 3014 3268 animo
3041 3213 3334 3270 dimiserat.
3369 3217 3525 3272 Hanc
3550 3217 3633 3271 di-

2048 3300 2262 3354 misSam
2284 3301 2457 3356 retine
2477 3342 2490 3366 ,
2515 3315 2672 3372 quam
2699 3303 2793 3358 tibi
2820 3305 2957 3360 Deus
2983 3306 3173 3373 tradit,
3207 3323 3312 3363 non
3341 3319 3626 3377 parentes:

2049 3390 2208 3444 tradit
2235 3401 2414 3447 autem
2441 3407 2547 3446 non
2573 3393 2638 3448 ad
2669 3395 2879 3464 nuptias
2899 3437 2914 3462 ,
2943 3395 3038 3452 sed
3060 3407 3116 3451 ut
3136 3414 3253 3452 cum
3281 3399 3367 3453 illa
3392 3399 3629 3466 habiles;

2049 3480 2208 3534 tradit
2235 3495 2396 3550 porro
2425 3497 2520 3550 per
2547 3498 2735 3540 vocem
2765 3501 2959 3541 meam.
2994 3486 3060 3543 Ut
3086 3487 3228 3543 illam
3261 3499 3444 3558 postea
3471 3489 3630 3545 Chri-

2046 3581 2159 3624 sms
2185 3570 2402 3626 tradidit
2425 3573 2721 3644 discipulo,
2753 3576 2826 3631 ita
2855 3585 2908 3632 et
2939 3591 3082 3632 nunc
3109 3577 3344 3649 Josepho
3377 3582 3621 3638 traditur.

2048 3661 2248 3716 Deinde
2275 3677 2389 3718 rem
2438 3665 2665 3723 obscure
2709 3668 2947 3724 indicans
2968 3708 2982 3731 ,
3011 3683 3233 3738 pravam
3265 3671 3625 3740 suspicionem

2047 3771 2152 3809 non
2206 3759 2564 3823 memoravit,
2605 3759 2699 3815 sed
2749 3759 3058 3816 honestiore
3115 3764 3631 3834 eongruentioreque

2045 3845 2203 3900 modo
2229 3849 2598 3917 conceptionis
2624 3851 2862 3918 exposita
2892 3865 3052 3905 causa
3070 3892 3085 3916 ,
3115 3852 3254 3906 illam
3281 3854 3516 3920 sustulit,
3541 3870 3631 3910 os-

2047 3937 2267 3992 tendens
2303 3953 2424 3992 cum
2447 3980 2462 4005 ,
2497 3950 2714 4010 propter
2753 3941 2994 3995 eamdem
3039 3942 3206 4011 ipsam
3239 3959 3454 4000 causam
3482 3986 3498 4013 ,
3529 3962 3631 4018 qua

2047 4025 2266 4082 timebat
2289 4039 2342 4082 et
2367 4029 2511 4084 illam
2532 4031 2802 4085 dimittere
2824 4032 3054 4097 volebat,
3075 4035 3194 4101 jure
3223 4034 3365 4089 illam
3395 4037 3633 4107 recipere

2043 4127 2096 4170 et
2124 4119 2357 4174 retinere
2383 4121 2579 4176 debere
2607 4139 2620 4174 :
2648 4123 2832 4192 sicque
2861 4138 2927 4178 ex
2954 4124 3245 4178 abundanti
3272 4126 3388 4192 ejus
3416 4127 3624 4181 mmsti-

2045 4207 2169 4262 tiam
2200 4211 2436 4266 resolvit.
2469 4212 2594 4266 Non
2630 4214 2792 4267 modo
2814 4255 2827 4276 ,
2871 4213 3074 4283 inquit,
3111 4215 3297 4269 illicito
3339 4230 3630 4285 congressu

2043 4313 2172 4366 pura
2200 4309 2284 4356 est
2302 4342 2316 4363 ,
2345 4302 2436 4356 sed
2461 4303 2619 4357 etiam
2643 4318 2802 4372 supra
2830 4313 3070 4358 naturam
3097 4313 3304 4359 uterum
3328 4315 3516 4375 gestat.
3546 4307 3625 4362 Ne

2043 4387 2202 4458 igitur
2228 4401 2428 4446 metum
2462 4408 2627 4461 ponas
2661 4402 2860 4447 tantum
2883 4433 2895 4453 ,
2929 4393 3024 4447 sed
3056 4394 3107 4447 in
3135 4411 3378 4464 magnam
3409 4411 3631 4467 erumpe

2042 4479 2280 4535 la-titiam
2312 4499 2324 4534 :
2359 4482 2510 4549 Quod
2535 4483 2666 4536 enim
2692 4483 2744 4536 in
2771 4499 2830 4537 ea
2856 4496 3031 4537 natum
3060 4495 3130 4537 est
3150 4527 3165 4550 ,
3197 4485 3260 4539 de
3289 4486 3486 4556 Spiritu
3515 4503 3631 4541 san-

2038 4581 2117 4623 cto
2144 4581 2237 4626 est.
2285 4572 2616 4641 Stupendum
2649 4573 2849 4626 dictum
2874 4611 2892 4639 ,
2926 4572 3213 4628 humanam
3246 4577 3623 4645 cogitationem

2037 4673 2331 4728 superans,
2367 4661 2617 4730 legesque
2659 4671 2861 4716 natura:
2902 4667 3304 4718 transeemlens.
3345 4664 3628 4732 Quomodo

2038 4751 2194 4820 igitur
2213 4753 2396 4807 credet
2413 4753 2489 4806 vir
2514 4753 2644 4807 tales
2665 4768 2770 4807 non
2787 4766 3039 4822 expertus
3059 4757 3385 4812 narrationes
3403 4757 3425 4810 ?
3443 4759 3481 4810 A
3503 4774 3625 4826 pra»

2038 4842 2331 4904 tet-iterum,
2362 4843 2552 4913 inquit,
2580 4844 2925 4898 revelatione.
2955 4844 3077 4900 Ideo
3099 4848 3274 4901 munia
3300 4864 3416 4916 qua:
3440 4859 3618 4904 meute

2037 4933 2324 5001 cogitabat,
2352 4935 2624 5001 revelavit,
2651 4949 2769 5002 qua:
2795 4949 2983 5003 passus
3005 4945 3106 5002 est,
3131 4953 3248 5006 qna-
3279 4938 3469 4997 timuit,
3497 4954 3619 5008 qua:

2038 5021 2211 5076 facere
2234 5023 2609 5090 meditabatur,
2635 5034 2692 5078 ut
2713 5025 2817 5079 illis
2840 5026 2889 5079 in
2915 5027 3146 5080 medimn
3169 5027 3433 5094 adductis,
3457 5029 3618 5083 etiam

2041 5114 2122 5168 his
2148 5115 2305 5170 fidem
2329 5117 2578 5180 haberet;
2609 5120 2714 5173 imo
2739 5133 2844 5172 non
2867 5135 2930 5174 ex
2961 5121 3243 5189 prmteritis
3265 5132 3497 5186 tantum,
3520 5121 3616 5176 sed

2038 5205 2196 5258 etiam
2220 5221 2284 5258 ex
2315 5205 2503 5260 futuris
2524 5208 2588 5262 ad
2613 5208 2935 5264 credendum
2965 5211 3112 5265 illum
3159 5213 3381 5266 inducit.
3403 5211 3493 5266 2|.
3525 5210 3631 5265 Pa-

2041 5288 2137 5342 riet
2159 5299 2345 5353 autem,
2375 5291 2562 5358 inquit,
2589 5292 2771 5360 filium,
2800 5304 2845 5344 et
2868 5295 3066 5348 vocabis
3089 5310 3266 5348 nomen
3291 5297 3400 5365 ejus
3419 5297 3615 5353 Jesum.

2041 5375 2117 5430 Ne
2139 5387 2288 5446 putes
2309 5380 2447 5433 enim
2473 5381 2595 5449 quia
2617 5395 2681 5436 ex
2705 5380 2905 5451 Spiritu
2929 5395 3112 5438 sancto
3138 5396 3238 5454 cst.
3265 5395 3313 5439 tc
3341 5387 3460 5441 ideo
3481 5387 3615 5442 alic-

2134 5586 2150 5615 ι
2185 5585 2296 5645 Alii,
2322 5598 2413 5634 non
2437 5584 2696 5650 increpavit
2717 5597 2764 5640 ut
2787 5594 3044 5653 oportebat.
