  <div class='ocr_page' id='page_1' title='image "/cluster/home/n/w/nwhite01/storage/ocr_20150623/57/mdp.39015008622600/061.png"; bbox 0 0 4060 6156; ppageno 0'>
   <div class='ocr_carea' id='block_1_1' title="bbox 473 251 3701 324">
    <p class='ocr_par' dir='ltr' id='par_1_1' title="bbox 473 251 3701 324">
     <span class='ocr_line' id='line_1_1' title="bbox 473 251 3701 324; baseline -0.003 -6"><span class='ocrx_word' id='word_1_1' title='bbox 473 257 538 308; x_wconf 66' lang='grc'>-47</span> <span class='ocrx_word' id='word_1_2' title='bbox 1178 260 1233 316; x_wconf 92' lang='lat' dir='ltr'><em>S.</em></span> <span class='ocrx_word' id='word_1_3' title='bbox 1277 263 1560 320; x_wconf 75' lang='lat' dir='ltr'>JOANNIS</span> <span class='ocrx_word' id='word_1_4' title='bbox 1599 266 2087 324; x_wconf 77' lang='lat' dir='ltr'>CHRYSOSTO&#39;MI</span> <span class='ocrx_word' id='word_1_5' title='bbox 2127 267 2445 324; x_wconf 80' lang='lat' dir='ltr'>ARCIIIEP.</span> <span class='ocrx_word' id='word_1_6' title='bbox 2482 251 3035 322; x_wconf 70' lang='lat' dir='ltr'>CONSTANTINOP.</span> <span class='ocrx_word' id='word_1_7' title='bbox 3625 251 3701 308; x_wconf 64' lang='lat'><em>68</em></span> 
     </span>
    </p>
   </div>
   <div class='ocr_carea' id='block_1_2' title="bbox 454 363 2022 443">
    <p class='ocr_par' dir='ltr' id='par_1_2' title="bbox 454 363 2022 443">
     <span class='ocr_line' id='line_1_2' title="bbox 454 363 2022 443; baseline -0.006 -18"><span class='ocrx_word' id='word_1_8' title='bbox 454 374 551 443; x_wconf 77' lang='grc' dir='ltr'>τῆς</span> <span class='ocrx_word' id='word_1_9' title='bbox 579 371 789 440; x_wconf 85' lang='grc' dir='ltr'>φύσεως</span> <span class='ocrx_word' id='word_1_10' title='bbox 812 371 1010 443; x_wconf 89' lang='grc' dir='ltr'>νόμων.</span> <span class='ocrx_word' id='word_1_11' title='bbox 1035 369 1158 433; x_wconf 86' lang='grc' dir='ltr'>Πῶς</span> <span class='ocrx_word' id='word_1_12' title='bbox 1178 363 1270 422; x_wconf 78' lang='grc' dir='ltr'>οὖν</span> <span class='ocrx_word' id='word_1_13' title='bbox 1294 367 1570 422; x_wconf 81' lang='grc' dir='ltr'>πιστεύσει</span> <span class='ocrx_word' id='word_1_14' title='bbox 1595 367 1621 418; x_wconf 85' lang='lat'>6</span> <span class='ocrx_word' id='word_1_15' title='bbox 1643 365 1844 418; x_wconf 88' lang='grc' dir='ltr'>τούτων</span> <span class='ocrx_word' id='word_1_16' title='bbox 1866 364 2022 417; x_wconf 82' lang='grc' dir='ltr'>ἄπει-</span> 
     </span>
    </p>
   </div>
   <div class='ocr_carea' id='block_1_3' title="bbox 457 455 2023 534">
    <p class='ocr_par' dir='ltr' id='par_1_3' title="bbox 457 455 2023 534">
     <span class='ocr_line' id='line_1_3' title="bbox 457 455 2023 534; baseline -0.005 -20"><span class='ocrx_word' id='word_1_17' title='bbox 457 481 550 534; x_wconf 80' lang='grc' dir='ltr'>ρης</span> <span class='ocrx_word' id='word_1_18' title='bbox 569 463 676 515; x_wconf 84' lang='grc' dir='ltr'>τῶν</span> <span class='ocrx_word' id='word_1_19' title='bbox 697 463 1050 532; x_wconf 79' lang='grc' dir='ltr'>διηγημάτων</span> <span class='ocrx_word' id='word_1_20' title='bbox 1075 461 1244 532; x_wconf 88' lang='grc' dir='ltr'>ἀνήρ;</span> <span class='ocrx_word' id='word_1_21' title='bbox 1280 461 1411 513; x_wconf 86' lang='grc' dir='ltr'>Ἀπὸ</span> <span class='ocrx_word' id='word_1_22' title='bbox 1428 459 1535 512; x_wconf 84' lang='grc' dir='ltr'>τῶν</span> <span class='ocrx_word' id='word_1_23' title='bbox 1558 458 1600 489; x_wconf 80' lang='grc'>¹⁰</span> <span class='ocrx_word' id='word_1_24' title='bbox 1628 455 2023 526; x_wconf 80' lang='grc' dir='ltr'>παρελθόντων,</span> 
     </span>
    </p>
   </div>
   <div class='ocr_carea' id='block_1_4' title="bbox 456 545 2025 626">
    <p class='ocr_par' dir='ltr' id='par_1_4' title="bbox 456 545 2025 626">
     <span class='ocr_line' id='line_1_4' title="bbox 456 545 2025 626; baseline -0.004 -19"><span class='ocrx_word' id='word_1_25' title='bbox 456 557 638 626; x_wconf 75' lang='grc' dir='ltr'>φησὶν,</span> <span class='ocrx_word' id='word_1_26' title='bbox 657 545 766 608; x_wconf 82' lang='grc' dir='ltr'>ἀπὸ</span> <span class='ocrx_word' id='word_1_27' title='bbox 791 555 899 606; x_wconf 86' lang='grc' dir='ltr'>τῶν</span> <span class='ocrx_word' id='word_1_28' title='bbox 923 555 968 586; x_wconf 81' lang='grc'>²⁰</span> <span class='ocrx_word' id='word_1_29' title='bbox 995 551 1408 620; x_wconf 71' lang='grc' dir='ltr'>ἀποκαλύψεων.</span> <span class='ocrx_word' id='word_1_30' title='bbox 1437 550 1533 602; x_wconf 87' lang='grc' dir='ltr'>Διά</span> <span class='ocrx_word' id='word_1_31' title='bbox 1564 550 1672 621; x_wconf 83' lang='grc' dir='ltr'>γὰρ</span> <span class='ocrx_word' id='word_1_32' title='bbox 1694 548 1850 602; x_wconf 79' lang='grc' dir='ltr'>τοῦτο</span> <span class='ocrx_word' id='word_1_33' title='bbox 1875 549 1940 601; x_wconf 80' lang='grc' dir='ltr'>τὰ</span> <span class='ocrx_word' id='word_1_34' title='bbox 1970 551 2025 600; x_wconf 82' lang='grc' dir='ltr'>ὲν</span> 
     </span>
    </p>
   </div>
   <div class='ocr_carea' id='block_1_5' title="bbox 455 639 2026 715">
    <p class='ocr_par' dir='ltr' id='par_1_5' title="bbox 455 639 2026 715">
     <span class='ocr_line' id='line_1_5' title="bbox 455 639 2026 715; baseline -0.004 -19"><span class='ocrx_word' id='word_1_35' title='bbox 455 649 519 715; x_wconf 82' lang='grc' dir='ltr'>τῇ</span> <span class='ocrx_word' id='word_1_36' title='bbox 538 646 746 715; x_wconf 77' lang='grc' dir='ltr'>διανοίᾳ</span> <span class='ocrx_word' id='word_1_37' title='bbox 768 646 945 698; x_wconf 90' lang='grc' dir='ltr'>πάντα</span> <span class='ocrx_word' id='word_1_38' title='bbox 973 643 1322 711; x_wconf 77' lang='grc' dir='ltr'>ἐξεκάλυψεν,</span> <span class='ocrx_word' id='word_1_39' title='bbox 1340 642 1481 714; x_wconf 78' lang='grc' dir='ltr'>άπερ</span> <span class='ocrx_word' id='word_1_40' title='bbox 1497 639 1716 704; x_wconf 79' lang='grc' dir='ltr'>ἔπαθεν,</span> <span class='ocrx_word' id='word_1_41' title='bbox 1741 639 1882 710; x_wconf 80' lang='grc' dir='ltr'>άπερ</span> <span class='ocrx_word' id='word_1_42' title='bbox 1901 639 2026 691; x_wconf 80' lang='grc' dir='ltr'>ἐδει-</span> 
     </span>
    </p>
   </div>
   <div class='ocr_carea' id='block_1_6' title="bbox 457 730 2024 804">
    <p class='ocr_par' dir='ltr' id='par_1_6' title="bbox 457 730 2024 804">
     <span class='ocr_line' id='line_1_6' title="bbox 457 730 2024 804; baseline -0.005 -16"><span class='ocrx_word' id='word_1_43' title='bbox 457 753 567 798; x_wconf 89' lang='grc' dir='ltr'>σεν,</span> <span class='ocrx_word' id='word_1_44' title='bbox 589 736 730 804; x_wconf 77' lang='grc' dir='ltr'>άπερ</span> <span class='ocrx_word' id='word_1_45' title='bbox 749 737 968 804; x_wconf 87' lang='grc' dir='ltr'>ποιῆσαι</span> <span class='ocrx_word' id='word_1_46' title='bbox 992 734 1364 796; x_wconf 86' lang='grc' dir='ltr'>ἐϐουλεύσατο,</span> <span class='ocrx_word' id='word_1_47' title='bbox 1382 733 1467 786; x_wconf 83' lang='grc' dir='ltr'>ἵνα</span> <span class='ocrx_word' id='word_1_48' title='bbox 1485 731 1602 803; x_wconf 83' lang='grc'>[58]</span> <span class='ocrx_word' id='word_1_49' title='bbox 1621 731 1678 795; x_wconf 85' lang='grc' dir='ltr'>ἐξ</span> <span class='ocrx_word' id='word_1_50' title='bbox 1691 731 1910 784; x_wconf 80' lang='grc' dir='ltr'>ἐκείνων</span> <span class='ocrx_word' id='word_1_51' title='bbox 1931 730 2024 782; x_wconf 90' lang='grc' dir='ltr'>καί</span> 
     </span>
    </p>
   </div>
   <div class='ocr_carea' id='block_1_7' title="bbox 456 818 2021 893">
    <p class='ocr_par' dir='ltr' id='par_1_7' title="bbox 456 818 2021 893">
     <span class='ocr_line' id='line_1_7' title="bbox 456 818 2021 893; baseline -0.003 -18"><span class='ocrx_word' id='word_1_52' title='bbox 456 823 612 875; x_wconf 85' lang='grc' dir='ltr'>τοῦτο</span> <span class='ocrx_word' id='word_1_53' title='bbox 641 823 977 893; x_wconf 79' lang='grc' dir='ltr'>πιστώσηται</span> <span class='ocrx_word' id='word_1_54' title='bbox 1001 841 1012 854; x_wconf 70' lang='grc' dir='ltr'><strong>ο</strong></span> <span class='ocrx_word' id='word_1_55' title='bbox 1044 823 1239 892; x_wconf 80' lang='grc' dir='ltr'>μᾶλλον</span> <span class='ocrx_word' id='word_1_56' title='bbox 1259 822 1336 885; x_wconf 82' lang='grc' dir='ltr'>δὲ,</span> <span class='ocrx_word' id='word_1_57' title='bbox 1359 823 1458 874; x_wconf 90' lang='grc' dir='ltr'>οὐκ</span> <span class='ocrx_word' id='word_1_58' title='bbox 1482 821 1588 874; x_wconf 85' lang='grc' dir='ltr'>ἀπὸ</span> <span class='ocrx_word' id='word_1_59' title='bbox 1608 821 1714 873; x_wconf 86' lang='grc' dir='ltr'>τῶν</span> <span class='ocrx_word' id='word_1_60' title='bbox 1737 818 2021 889; x_wconf 83' lang='grc' dir='ltr'>παρελθόν-</span> 
     </span>
    </p>
   </div>
   <div class='ocr_carea' id='block_1_8' title="bbox 457 908 2030 982">
    <p class='ocr_par' dir='ltr' id='par_1_8' title="bbox 457 908 2030 982">
     <span class='ocr_line' id='line_1_8' title="bbox 457 908 2030 982; baseline -0.005 -16"><span class='ocrx_word' id='word_1_61' title='bbox 457 931 564 966; x_wconf 91' lang='grc' dir='ltr'>των</span> <span class='ocrx_word' id='word_1_62' title='bbox 589 914 745 982; x_wconf 83' lang='grc' dir='ltr'>μόνον</span> <span class='ocrx_word' id='word_1_63' title='bbox 769 916 836 974; x_wconf 81' lang='grc'>’¹,</span> <span class='ocrx_word' id='word_1_64' title='bbox 864 912 999 966; x_wconf 87' lang='grc' dir='ltr'>ἀλλὰ</span> <span class='ocrx_word' id='word_1_65' title='bbox 1019 915 1112 966; x_wconf 86' lang='lat'><em>1:61</em></span> <span class='ocrx_word' id='word_1_66' title='bbox 1139 913 1245 966; x_wconf 88' lang='grc' dir='ltr'>ἀπὸ</span> <span class='ocrx_word' id='word_1_67' title='bbox 1283 913 1391 965; x_wconf 84' lang='grc' dir='ltr'>τῶν</span> <span class='ocrx_word' id='word_1_68' title='bbox 1426 912 1719 982; x_wconf 76' lang='grc' dir='ltr'>μελλόντων</span> <span class='ocrx_word' id='word_1_69' title='bbox 1749 908 1909 962; x_wconf 87' lang='grc' dir='ltr'>αὐτὸν</span> <span class='ocrx_word' id='word_1_70' title='bbox 1941 909 2030 959; x_wconf 88' lang='grc' dir='ltr'>ἐπ-</span> 
     </span>
    </p>
   </div>
   <div class='ocr_carea' id='block_1_9' title="bbox 462 1001 2030 1074">
    <p class='ocr_par' dir='ltr' id='par_1_9' title="bbox 462 1001 2030 1074">
     <span class='ocr_line' id='line_1_9' title="bbox 462 1001 2030 1074; baseline -0.004 -18"><span class='ocrx_word' id='word_1_71' title='bbox 462 1005 672 1071; x_wconf 84' lang='grc' dir='ltr'>άγεται.</span> <span class='ocrx_word' id='word_1_72' title='bbox 713 1003 941 1067; x_wconf 79' lang='grc' dir='ltr'>Τέξεται</span> <span class='ocrx_word' id='word_1_73' title='bbox 978 1004 1066 1066; x_wconf 82' lang='grc' dir='ltr'>δὲ,</span> <span class='ocrx_word' id='word_1_74' title='bbox 1100 1005 1285 1074; x_wconf 69' lang='grc' dir='ltr'>φησὶν,</span> <span class='ocrx_word' id='word_1_75' title='bbox 1326 1004 1480 1066; x_wconf 79' lang='grc' dir='ltr'>υἱὸν,</span> <span class='ocrx_word' id='word_1_76' title='bbox 1516 1003 1615 1056; x_wconf 80' lang='grc' dir='ltr'>καὶ</span> <span class='ocrx_word' id='word_1_77' title='bbox 1658 1001 1936 1064; x_wconf 80' lang='grc' dir='ltr'>καλέσεις</span> <span class='ocrx_word' id='word_1_78' title='bbox 1965 1004 2030 1051; x_wconf 80' lang='grc' dir='ltr'>τὸ</span> 
     </span>
    </p>
   </div>
   <div class='ocr_carea' id='block_1_10' title="bbox 467 1089 2036 1162">
    <p class='ocr_par' dir='ltr' id='par_1_10' title="bbox 467 1089 2036 1162">
     <span class='ocr_line' id='line_1_10' title="bbox 467 1089 2036 1162; baseline -0.001 -21"><span class='ocrx_word' id='word_1_79' title='bbox 467 1091 857 1158; x_wconf 76' lang='grc' dir='ltr'>ὄνοιιααὺτοῦ</span> <span class='ocrx_word' id='word_1_80' title='bbox 881 1093 1141 1159; x_wconf 80' lang='grc' dir='ltr'>Ἰησοῦν.</span> <span class='ocrx_word' id='word_1_81' title='bbox 1157 1092 1248 1162; x_wconf 82' lang='grc' dir='ltr'>Μὴ</span> <span class='ocrx_word' id='word_1_82' title='bbox 1268 1093 1394 1162; x_wconf 85' lang='grc' dir='ltr'>γὰρ,</span> <span class='ocrx_word' id='word_1_83' title='bbox 1414 1091 1599 1162; x_wconf 82' lang='grc' dir='ltr'>ἐπειδὴ</span> <span class='ocrx_word' id='word_1_84' title='bbox 1629 1093 1693 1143; x_wconf 87' lang='grc' dir='ltr'>ἐκ</span> <span class='ocrx_word' id='word_1_85' title='bbox 1723 1089 2036 1158; x_wconf 83' lang='grc' dir='ltr'>Πνεύματός</span> 
     </span>
    </p>
   </div>
   <div class='ocr_carea' id='block_1_11' title="bbox 466 1173 2031 1254">
    <p class='ocr_par' dir='ltr' id='par_1_11' title="bbox 466 1173 2031 1254">
     <span class='ocr_line' id='line_1_11' title="bbox 466 1173 2031 1254; baseline -0.002 -23"><span class='ocrx_word' id='word_1_86' title='bbox 466 1183 612 1232; x_wconf 82' lang='grc' dir='ltr'>ἐστιν</span> <span class='ocrx_word' id='word_1_87' title='bbox 642 1183 819 1248; x_wconf 80' lang='grc' dir='ltr'>ἁγίου,</span> <span class='ocrx_word' id='word_1_88' title='bbox 842 1183 1068 1254; x_wconf 82' lang='grc' dir='ltr'>νομίσῃς</span> <span class='ocrx_word' id='word_1_89' title='bbox 1100 1183 1376 1254; x_wconf 85' lang='grc' dir='ltr'>ἀλλότριόν</span> <span class='ocrx_word' id='word_1_90' title='bbox 1398 1200 1456 1234; x_wconf 86' lang='grc' dir='ltr'>σε</span> <span class='ocrx_word' id='word_1_91' title='bbox 1482 1184 1578 1250; x_wconf 84' lang='grc' dir='ltr'>τῆς</span> <span class='ocrx_word' id='word_1_92' title='bbox 1606 1180 1874 1243; x_wconf 81' lang='grc' dir='ltr'>διακονίας</span> <span class='ocrx_word' id='word_1_93' title='bbox 1895 1173 2031 1231; x_wconf 78' lang='grc' dir='ltr'>εῖναι</span> 
     </span>
    </p>
   </div>
   <div class='ocr_carea' id='block_1_12' title="bbox 468 1272 2034 1346">
    <p class='ocr_par' dir='ltr' id='par_1_12' title="bbox 468 1272 2034 1346">
     <span class='ocr_line' id='line_1_12' title="bbox 468 1272 2034 1346; baseline 0.001 -23"><span class='ocrx_word' id='word_1_94' title='bbox 468 1272 564 1339; x_wconf 90' lang='grc' dir='ltr'>τῆς</span> <span class='ocrx_word' id='word_1_95' title='bbox 585 1272 723 1324; x_wconf 78' lang='grc' dir='ltr'>κατὰ</span> <span class='ocrx_word' id='word_1_96' title='bbox 741 1275 839 1342; x_wconf 82' lang='grc' dir='ltr'>τὴν</span> <span class='ocrx_word' id='word_1_97' title='bbox 868 1272 1199 1341; x_wconf 82' lang='grc' dir='ltr'>οἰκονομίαν.</span> <span class='ocrx_word' id='word_1_98' title='bbox 1221 1275 1284 1327; x_wconf 88' lang='grc' dir='ltr'>Εἰ</span> <span class='ocrx_word' id='word_1_99' title='bbox 1303 1275 1408 1346; x_wconf 83' lang='grc' dir='ltr'>γὰρ</span> <span class='ocrx_word' id='word_1_100' title='bbox 1439 1275 1531 1327; x_wconf 88' lang='lat'><em>1:61</em></span> <span class='ocrx_word' id='word_1_101' title='bbox 1555 1278 1633 1338; x_wconf 85' lang='grc' dir='ltr'>εἰς</span> <span class='ocrx_word' id='word_1_102' title='bbox 1661 1276 1756 1345; x_wconf 84' lang='grc' dir='ltr'>τὴν</span> <span class='ocrx_word' id='word_1_103' title='bbox 1784 1275 2034 1343; x_wconf 80' lang='grc' dir='ltr'>γέννησιν</span> 
     </span>
    </p>
   </div>
   <div class='ocr_carea' id='block_1_13' title="bbox 468 1359 2035 1436">
    <p class='ocr_par' dir='ltr' id='par_1_13' title="bbox 468 1359 2035 1436">
     <span class='ocr_line' id='line_1_13' title="bbox 468 1359 2035 1436; baseline 0.004 -26"><span class='ocrx_word' id='word_1_104' title='bbox 468 1359 619 1412; x_wconf 79' lang='grc' dir='ltr'>οὐδὲν</span> <span class='ocrx_word' id='word_1_105' title='bbox 651 1361 942 1426; x_wconf 82' lang='grc' dir='ltr'>συντελεῖς,</span> <span class='ocrx_word' id='word_1_106' title='bbox 971 1361 1085 1415; x_wconf 87' lang='grc' dir='ltr'>ἀλλ’</span> <span class='ocrx_word' id='word_1_107' title='bbox 1124 1364 1402 1431; x_wconf 81' lang='grc' dir='ltr'>ἀνέπαφος</span> <span class='ocrx_word' id='word_1_108' title='bbox 1445 1364 1654 1433; x_wconf 80' lang='grc' dir='ltr'>ἔμεινεν</span> <span class='ocrx_word' id='word_1_109' title='bbox 1679 1367 1712 1435; x_wconf 85' lang='grc' dir='ltr'>ἡ</span> <span class='ocrx_word' id='word_1_110' title='bbox 1744 1363 2035 1436; x_wconf 85' lang='grc' dir='ltr'>Παρθένος,</span> 
     </span>
    </p>
   </div>
   <div class='ocr_carea' id='block_1_14' title="bbox 469 1451 2038 1527">
    <p class='ocr_par' dir='ltr' id='par_1_14' title="bbox 469 1451 2038 1527">
     <span class='ocr_line' id='line_1_14' title="bbox 469 1451 2038 1527; baseline 0.001 -23"><span class='ocrx_word' id='word_1_111' title='bbox 469 1452 618 1518; x_wconf 80' lang='grc' dir='ltr'>ὅμως</span> <span class='ocrx_word' id='word_1_112' title='bbox 655 1451 792 1521; x_wconf 83' lang='grc' dir='ltr'>ὅπερ</span> <span class='ocrx_word' id='word_1_113' title='bbox 842 1453 959 1506; x_wconf 80' lang='grc' dir='ltr'>ἐστί</span> <span class='ocrx_word' id='word_1_114' title='bbox 1005 1455 1210 1525; x_wconf 84' lang='grc' dir='ltr'>πατρὸς</span> <span class='ocrx_word' id='word_1_115' title='bbox 1239 1453 1367 1508; x_wconf 79' lang='grc' dir='ltr'>ἴδιον</span> <span class='ocrx_word' id='word_1_116' title='bbox 1393 1494 1408 1517; x_wconf 91' lang='grc'>,</span> <span class='ocrx_word' id='word_1_117' title='bbox 1458 1457 1517 1508; x_wconf 92' lang='grc' dir='ltr'>οὐ</span> <span class='ocrx_word' id='word_1_118' title='bbox 1546 1457 1939 1527; x_wconf 85' lang='grc' dir='ltr'>λυμαινόμενον</span> <span class='ocrx_word' id='word_1_119' title='bbox 1979 1455 2038 1507; x_wconf 89' lang='grc' dir='ltr'>τὸ</span> 
     </span>
    </p>
   </div>
   <div class='ocr_carea' id='block_1_15' title="bbox 471 1541 2039 1616">
    <p class='ocr_par' dir='ltr' id='par_1_15' title="bbox 471 1541 2039 1616">
     <span class='ocr_line' id='line_1_15' title="bbox 471 1541 2039 1616; baseline 0.004 -25"><span class='ocrx_word' id='word_1_120' title='bbox 471 1541 570 1607; x_wconf 88' lang='grc' dir='ltr'>τῆς</span> <span class='ocrx_word' id='word_1_121' title='bbox 610 1542 904 1611; x_wconf 81' lang='grc' dir='ltr'>παρθενίας</span> <span class='ocrx_word' id='word_1_122' title='bbox 949 1543 1181 1612; x_wconf 80' lang='grc' dir='ltr'>ἀξίωμα,</span> <span class='ocrx_word' id='word_1_123' title='bbox 1227 1544 1384 1597; x_wconf 82' lang='grc' dir='ltr'>τοῦτό</span> <span class='ocrx_word' id='word_1_124' title='bbox 1427 1563 1508 1598; x_wconf 89' lang='grc' dir='ltr'>σοι</span> <span class='ocrx_word' id='word_1_125' title='bbox 1549 1545 1837 1616; x_wconf 87' lang='grc' dir='ltr'>δίδωμι,τὸ</span> <span class='ocrx_word' id='word_1_126' title='bbox 1870 1545 2039 1614; x_wconf 74' lang='grc' dir='ltr'>ὄνομα</span> 
     </span>
    </p>
   </div>
   <div class='ocr_carea' id='block_1_16' title="bbox 473 1631 2039 1706">
    <p class='ocr_par' dir='ltr' id='par_1_16' title="bbox 473 1631 2039 1706">
     <span class='ocr_line' id='line_1_16' title="bbox 473 1631 2039 1706; baseline 0.004 -25"><span class='ocrx_word' id='word_1_127' title='bbox 473 1631 738 1684; x_wconf 83' lang='grc' dir='ltr'>ἐπιθεῖναι</span> <span class='ocrx_word' id='word_1_128' title='bbox 764 1632 842 1702; x_wconf 85' lang='grc' dir='ltr'>τῷ</span> <span class='ocrx_word' id='word_1_129' title='bbox 875 1635 1176 1705; x_wconf 84' lang='grc' dir='ltr'>τικτομένῳ</span> <span class='ocrx_word' id='word_1_130' title='bbox 1199 1653 1213 1668; x_wconf 77' lang='grc' dir='ltr'><strong>ο</strong></span> <span class='ocrx_word' id='word_1_131' title='bbox 1251 1637 1314 1688; x_wconf 81' lang='grc' dir='ltr'>σὺ</span> <span class='ocrx_word' id='word_1_132' title='bbox 1347 1636 1455 1706; x_wconf 87' lang='grc' dir='ltr'>γὰρ</span> <span class='ocrx_word' id='word_1_133' title='bbox 1489 1637 1648 1690; x_wconf 87' lang='grc' dir='ltr'>αὐτὸν</span> <span class='ocrx_word' id='word_1_134' title='bbox 1682 1636 1945 1699; x_wconf 85' lang='grc' dir='ltr'>καλέσεις.</span> <span class='ocrx_word' id='word_1_135' title='bbox 1977 1638 2039 1688; x_wconf 89' lang='grc' dir='ltr'>Εἰ</span> 
     </span>
    </p>
   </div>
   <div class='ocr_carea' id='block_1_17' title="bbox 473 1712 2041 1798">
    <p class='ocr_par' dir='ltr' id='par_1_17' title="bbox 473 1712 2041 1798">
     <span class='ocr_line' id='line_1_17' title="bbox 473 1712 2041 1798; baseline 0.003 -24"><span class='ocrx_word' id='word_1_136' title='bbox 473 1725 582 1792; x_wconf 73' lang='grc' dir='ltr'>γάρ</span> <span class='ocrx_word' id='word_1_137' title='bbox 611 1725 704 1777; x_wconf 89' lang='lat'><em>1:61</em></span> <span class='ocrx_word' id='word_1_138' title='bbox 755 1725 828 1794; x_wconf 80' lang='grc' dir='ltr'>μὴ</span> <span class='ocrx_word' id='word_1_139' title='bbox 863 1712 951 1789; x_wconf 84' lang='grc' dir='ltr'>σὸς</span> <span class='ocrx_word' id='word_1_140' title='bbox 995 1729 1022 1780; x_wconf 99' lang='lat'>6</span> <span class='ocrx_word' id='word_1_141' title='bbox 1055 1727 1231 1790; x_wconf 87' lang='grc' dir='ltr'>τόκος,</span> <span class='ocrx_word' id='word_1_142' title='bbox 1271 1726 1406 1780; x_wconf 84' lang='grc' dir='ltr'>ἀλλά</span> <span class='ocrx_word' id='word_1_143' title='bbox 1443 1727 1510 1779; x_wconf 83' lang='grc' dir='ltr'>τὰ</span> <span class='ocrx_word' id='word_1_144' title='bbox 1561 1727 1760 1798; x_wconf 88' lang='grc' dir='ltr'>πατρὸς</span> <span class='ocrx_word' id='word_1_145' title='bbox 1801 1726 2041 1798; x_wconf 81' lang='grc' dir='ltr'>ἐπιδείξῃ</span> 
     </span>
    </p>
   </div>
   <div class='ocr_carea' id='block_1_18' title="bbox 474 1806 2042 1889">
    <p class='ocr_par' dir='ltr' id='par_1_18' title="bbox 474 1806 2042 1889">
     <span class='ocr_line' id='line_1_18' title="bbox 474 1806 2042 1889; baseline 0.003 -23"><span class='ocrx_word' id='word_1_146' title='bbox 474 1816 604 1884; x_wconf 74' lang='grc' dir='ltr'>περὶ</span> <span class='ocrx_word' id='word_1_147' title='bbox 637 1817 820 1870; x_wconf 90' lang='grc' dir='ltr'>αὐτόν.</span> <span class='ocrx_word' id='word_1_148' title='bbox 856 1818 953 1870; x_wconf 87' lang='grc' dir='ltr'>Διά</span> <span class='ocrx_word' id='word_1_149' title='bbox 982 1818 1140 1871; x_wconf 83' lang='grc' dir='ltr'>τοῦτό</span> <span class='ocrx_word' id='word_1_150' title='bbox 1180 1837 1238 1871; x_wconf 89' lang='grc' dir='ltr'>σε</span> <span class='ocrx_word' id='word_1_151' title='bbox 1263 1820 1358 1872; x_wconf 89' lang='lat'><em>1:61</em></span> <span class='ocrx_word' id='word_1_152' title='bbox 1387 1820 1495 1873; x_wconf 84' lang='lat'><em>61:6</em></span> <span class='ocrx_word' id='word_1_153' title='bbox 1535 1820 1631 1889; x_wconf 89' lang='grc' dir='ltr'>τῆς</span> <span class='ocrx_word' id='word_1_154' title='bbox 1659 1819 1752 1871; x_wconf 86' lang='lat'>:06</span> <span class='ocrx_word' id='word_1_155' title='bbox 1783 1806 2042 1888; x_wconf 82' lang='grc' dir='ltr'>ὀνόματος</span> 
     </span>
    </p>
   </div>
   <div class='ocr_carea' id='block_1_19' title="bbox 477 1903 2042 1978">
    <p class='ocr_par' dir='ltr' id='par_1_19' title="bbox 477 1903 2042 1978">
     <span class='ocr_line' id='line_1_19' title="bbox 477 1903 2042 1978; baseline 0.004 -24"><span class='ocrx_word' id='word_1_156' title='bbox 477 1903 676 1966; x_wconf 80' lang='grc' dir='ltr'>θέσεως</span> <span class='ocrx_word' id='word_1_157' title='bbox 719 1905 920 1968; x_wconf 85' lang='grc' dir='ltr'>εὐθέως</span> <span class='ocrx_word' id='word_1_158' title='bbox 967 1907 1150 1960; x_wconf 89' lang='grc' dir='ltr'>οἰκειῶ</span> <span class='ocrx_word' id='word_1_159' title='bbox 1199 1907 1275 1977; x_wconf 79' lang='grc' dir='ltr'>τῷ</span> <span class='ocrx_word' id='word_1_160' title='bbox 1306 1907 1624 1978; x_wconf 87' lang='grc' dir='ltr'>τικτομένῳ.</span> <span class='ocrx_word' id='word_1_161' title='bbox 1663 1906 1815 1971; x_wconf 85' lang='grc' dir='ltr'>Εἶτα,</span> <span class='ocrx_word' id='word_1_162' title='bbox 1841 1909 1926 1960; x_wconf 84' lang='grc' dir='ltr'>ἵνα</span> <span class='ocrx_word' id='word_1_163' title='bbox 1969 1907 2042 1978; x_wconf 82' lang='grc' dir='ltr'>μὴ</span> 
     </span>
    </p>
   </div>
   <div class='ocr_carea' id='block_1_20' title="bbox 404 1994 2044 2067">
    <p class='ocr_par' dir='ltr' id='par_1_20' title="bbox 404 1994 2044 2067">
     <span class='ocr_line' id='line_1_20' title="bbox 404 1994 2044 2067; baseline 0.002 -21"><span class='ocrx_word' id='word_1_164' title='bbox 404 2020 409 2025; x_wconf 87' lang='lat'><strong><em>-</em></strong></span> <span class='ocrx_word' id='word_1_165' title='bbox 477 1994 637 2048; x_wconf 83' lang='grc' dir='ltr'>πάλιν</span> <span class='ocrx_word' id='word_1_166' title='bbox 668 1997 732 2047; x_wconf 85' lang='grc' dir='ltr'>ὲκ</span> <span class='ocrx_word' id='word_1_167' title='bbox 762 1996 951 2049; x_wconf 89' lang='grc' dir='ltr'>τούτου</span> <span class='ocrx_word' id='word_1_168' title='bbox 991 1999 1198 2066; x_wconf 79' lang='grc' dir='ltr'>πατέρα</span> <span class='ocrx_word' id='word_1_169' title='bbox 1215 2016 1297 2060; x_wconf 84' lang='grc' dir='ltr'>τις</span> <span class='ocrx_word' id='word_1_170' title='bbox 1325 1998 1485 2052; x_wconf 87' lang='grc' dir='ltr'>αὐτὸν</span> <span class='ocrx_word' id='word_1_171' title='bbox 1517 1999 1852 2067; x_wconf 83' lang='grc' dir='ltr'>ὑποπτεύσῃ,</span> <span class='ocrx_word' id='word_1_172' title='bbox 1887 1999 2044 2052; x_wconf 80' lang='grc' dir='ltr'>ἄκου-</span> 
     </span>
    </p>
   </div>
   <div class='ocr_carea' id='block_1_21' title="bbox 401 2085 2040 2161">
    <p class='ocr_par' dir='ltr' id='par_1_21' title="bbox 401 2085 2040 2161">
     <span class='ocr_line' id='line_1_21' title="bbox 401 2085 2040 2161; baseline 0.004 -25"><span class='ocrx_word' id='word_1_173' title='bbox 401 2087 412 2107; x_wconf 87' lang='grc'><strong>’</strong></span> <span class='ocrx_word' id='word_1_174' title='bbox 479 2102 567 2137; x_wconf 90' lang='grc' dir='ltr'>σον</span> <span class='ocrx_word' id='word_1_175' title='bbox 595 2086 662 2139; x_wconf 88' lang='grc' dir='ltr'>τά</span> <span class='ocrx_word' id='word_1_176' title='bbox 695 2085 822 2156; x_wconf 80' lang='grc' dir='ltr'>ἑξῆς</span> <span class='ocrx_word' id='word_1_177' title='bbox 858 2088 973 2152; x_wconf 88' lang='grc' dir='ltr'>πῶς</span> <span class='ocrx_word' id='word_1_178' title='bbox 1007 2091 1144 2159; x_wconf 85' lang='grc' dir='ltr'>μετὰ</span> <span class='ocrx_word' id='word_1_179' title='bbox 1180 2091 1463 2161; x_wconf 87' lang='grc' dir='ltr'>ἀκριϐείας</span> <span class='ocrx_word' id='word_1_180' title='bbox 1489 2090 1689 2160; x_wconf 89' lang='grc' dir='ltr'>τίθησι.</span> <span class='ocrx_word' id='word_1_181' title='bbox 1726 2089 1951 2154; x_wconf 78' lang='grc' dir='ltr'>Τέξεται</span> <span class='ocrx_word' id='word_1_182' title='bbox 1974 2091 2040 2152; x_wconf 72' lang='grc'>’⁸,</span> 
     </span>
    </p>
   </div>
   <div class='ocr_carea' id='block_1_22' title="bbox 478 2176 2042 2246">
    <p class='ocr_par' dir='ltr' id='par_1_22' title="bbox 478 2176 2042 2246">
     <span class='ocr_line' id='line_1_22' title="bbox 478 2176 2042 2246; baseline 0.004 -20"><span class='ocrx_word' id='word_1_183' title='bbox 478 2176 661 2244; x_wconf 73' lang='grc' dir='ltr'>φησὶν,</span> <span class='ocrx_word' id='word_1_184' title='bbox 691 2180 825 2232; x_wconf 76' lang='grc' dir='ltr'>υἱόν·</span> <span class='ocrx_word' id='word_1_185' title='bbox 846 2195 859 2209; x_wconf 70' lang='grc' dir='ltr'><strong>ο</strong></span> <span class='ocrx_word' id='word_1_186' title='bbox 901 2181 1001 2233; x_wconf 89' lang='grc' dir='ltr'>οὐκ</span> <span class='ocrx_word' id='word_1_187' title='bbox 1034 2177 1176 2246; x_wconf 77' lang='grc' dir='ltr'>εἷπε,</span> <span class='ocrx_word' id='word_1_188' title='bbox 1215 2180 1440 2246; x_wconf 81' lang='grc' dir='ltr'>Τέξεταί</span> <span class='ocrx_word' id='word_1_189' title='bbox 1479 2197 1583 2240; x_wconf 85' lang='grc' dir='ltr'>σοι.</span> <span class='ocrx_word' id='word_1_190' title='bbox 1618 2179 1732 2234; x_wconf 85' lang='grc' dir='ltr'>ἀλλ’</span> <span class='ocrx_word' id='word_1_191' title='bbox 1767 2179 1950 2243; x_wconf 84' lang='grc' dir='ltr'>ἁπλῶς</span> <span class='ocrx_word' id='word_1_192' title='bbox 1975 2180 2042 2242; x_wconf 80' lang='grc'>³³,</span> 
     </span>
    </p>
   </div>
   <div class='ocr_carea' id='block_1_23' title="bbox 484 2267 2043 2352">
    <p class='ocr_par' dir='ltr' id='par_1_23' title="bbox 484 2267 2043 2352">
     <span class='ocr_line' id='line_1_23' title="bbox 484 2267 2043 2352; baseline 0.003 -33"><span class='ocrx_word' id='word_1_193' title='bbox 484 2271 526 2319; x_wconf 84' lang='grc' dir='ltr'><em>Τ</em></span> <span class='ocrx_word' id='word_1_194' title='bbox 524 2267 738 2332; x_wconf 76' lang='grc' dir='ltr'>ἐξεται,</span> <span class='ocrx_word' id='word_1_195' title='bbox 770 2272 1040 2340; x_wconf 86' lang='grc' dir='ltr'>μετέωρον</span> <span class='ocrx_word' id='word_1_196' title='bbox 1069 2272 1199 2324; x_wconf 90' lang='grc' dir='ltr'>αὐτὸ</span> <span class='ocrx_word' id='word_1_197' title='bbox 1227 2272 1340 2336; x_wconf 87' lang='grc' dir='ltr'>θείς</span> <span class='ocrx_word' id='word_1_198' title='bbox 1361 2288 1375 2304; x_wconf 81' lang='grc' dir='ltr'><strong>ο</strong></span> <span class='ocrx_word' id='word_1_199' title='bbox 1406 2272 1467 2325; x_wconf 88' lang='grc' dir='ltr'>οὐ</span> <span class='ocrx_word' id='word_1_200' title='bbox 1494 2272 1604 2341; x_wconf 87' lang='grc' dir='ltr'>γάρ</span> <span class='ocrx_word' id='word_1_201' title='bbox 1642 2269 2043 2352; x_wconf 51' lang='grc' dir='ltr'>αὐτῷβτικτεν,</span> 
     </span>
    </p>
   </div>
   <div class='ocr_carea' id='block_1_24' title="bbox 480 2358 1230 2434">
    <p class='ocr_par' dir='ltr' id='par_1_24' title="bbox 480 2358 1230 2434">
     <span class='ocr_line' id='line_1_24' title="bbox 480 2358 1230 2434; baseline 0.005 -23"><span class='ocrx_word' id='word_1_202' title='bbox 480 2358 614 2411; x_wconf 89' lang='grc' dir='ltr'>ἀλλά</span> <span class='ocrx_word' id='word_1_203' title='bbox 649 2362 713 2430; x_wconf 79' lang='grc' dir='ltr'>τῇ</span> <span class='ocrx_word' id='word_1_204' title='bbox 741 2362 1031 2434; x_wconf 82' lang='grc' dir='ltr'>οἰκουμένῃ</span> <span class='ocrx_word' id='word_1_205' title='bbox 1061 2364 1230 2434; x_wconf 88' lang='grc' dir='ltr'>πάσῃ.</span> 
     </span>
    </p>
   </div>
   <div class='ocr_carea' id='block_1_25' title="bbox 552 2450 2046 2528">
    <p class='ocr_par' dir='ltr' id='par_1_25' title="bbox 552 2450 2046 2528">
     <span class='ocr_line' id='line_1_25' title="bbox 552 2450 2046 2528; baseline 0.003 -24"><span class='ocrx_word' id='word_1_206' title='bbox 552 2450 616 2513; x_wconf 79' lang='grc' dir='ltr'>ζ’.</span> <span class='ocrx_word' id='word_1_207' title='bbox 641 2451 739 2504; x_wconf 90' lang='grc' dir='ltr'>Διά</span> <span class='ocrx_word' id='word_1_208' title='bbox 763 2451 918 2524; x_wconf 78' lang='grc' dir='ltr'>τοῦτο</span> <span class='ocrx_word' id='word_1_209' title='bbox 941 2453 1036 2508; x_wconf 84' lang='lat'><em>1:61</em></span> <span class='ocrx_word' id='word_1_210' title='bbox 1054 2456 1114 2507; x_wconf 89' lang='lat'>:6</span> <span class='ocrx_word' id='word_1_211' title='bbox 1129 2455 1300 2524; x_wconf 77' lang='grc' dir='ltr'>δνομα</span> <span class='ocrx_word' id='word_1_212' title='bbox 1322 2456 1387 2508; x_wconf 84' lang='grc' dir='ltr'>ἐκ</span> <span class='ocrx_word' id='word_1_213' title='bbox 1402 2456 1509 2510; x_wconf 89' lang='grc' dir='ltr'>τῶν</span> <span class='ocrx_word' id='word_1_214' title='bbox 1535 2457 1778 2526; x_wconf 82' lang='grc' dir='ltr'>οὐρανῶν</span> <span class='ocrx_word' id='word_1_215' title='bbox 1799 2452 1938 2528; x_wconf 85' lang='grc' dir='ltr'>ῆλθε</span> <span class='ocrx_word' id='word_1_216' title='bbox 1955 2474 2046 2510; x_wconf 83' lang='grc' dir='ltr'>κο-</span> 
     </span>
    </p>
   </div>
   <div class='ocr_carea' id='block_1_26' title="bbox 485 2540 2050 2617">
    <p class='ocr_par' dir='ltr' id='par_1_26' title="bbox 485 2540 2050 2617">
     <span class='ocr_line' id='line_1_26' title="bbox 485 2540 2050 2617; baseline 0.005 -26"><span class='ocrx_word' id='word_1_217' title='bbox 485 2540 656 2610; x_wconf 77' lang='grc' dir='ltr'>μίζων</span> <span class='ocrx_word' id='word_1_218' title='bbox 671 2543 698 2594; x_wconf 89' lang='lat'>6</span> <span class='ocrx_word' id='word_1_219' title='bbox 715 2541 962 2610; x_wconf 80' lang='grc' dir='ltr'>ἄγγελος,</span> <span class='ocrx_word' id='word_1_220' title='bbox 983 2545 1074 2597; x_wconf 89' lang='lat'><em>1:61</em></span> <span class='ocrx_word' id='word_1_221' title='bbox 1091 2545 1337 2598; x_wconf 80' lang='grc' dir='ltr'>ἐντεῦθεν</span> <span class='ocrx_word' id='word_1_222' title='bbox 1353 2546 1564 2610; x_wconf 83' lang='grc' dir='ltr'>δεικνὺς</span> <span class='ocrx_word' id='word_1_223' title='bbox 1589 2547 1900 2617; x_wconf 87' lang='grc' dir='ltr'>θαυμαστὸν</span> <span class='ocrx_word' id='word_1_224' title='bbox 1924 2547 2050 2600; x_wconf 76' lang='grc' dir='ltr'>ὅντα</span> 
     </span>
    </p>
   </div>
   <div class='ocr_carea' id='block_1_27' title="bbox 482 2633 2052 2710">
    <p class='ocr_par' dir='ltr' id='par_1_27' title="bbox 482 2633 2052 2710">
     <span class='ocr_line' id='line_1_27' title="bbox 482 2633 2052 2710; baseline 0.005 -27"><span class='ocrx_word' id='word_1_225' title='bbox 482 2633 572 2684; x_wconf 85' lang='grc' dir='ltr'>τὸν</span> <span class='ocrx_word' id='word_1_226' title='bbox 602 2633 778 2697; x_wconf 86' lang='grc' dir='ltr'>τόκον,</span> <span class='ocrx_word' id='word_1_227' title='bbox 815 2633 890 2704; x_wconf 85' lang='grc' dir='ltr'>τῷ</span> <span class='ocrx_word' id='word_1_228' title='bbox 933 2635 1024 2690; x_wconf 91' lang='grc' dir='ltr'>τὸν</span> <span class='ocrx_word' id='word_1_229' title='bbox 1072 2636 1202 2690; x_wconf 84' lang='grc' dir='ltr'>Θεὸν</span> <span class='ocrx_word' id='word_1_230' title='bbox 1233 2633 1372 2692; x_wconf 75' lang='grc' dir='ltr'>εἶναι</span> <span class='ocrx_word' id='word_1_231' title='bbox 1418 2638 1508 2692; x_wconf 92' lang='grc' dir='ltr'>τὸν</span> <span class='ocrx_word' id='word_1_232' title='bbox 1548 2640 1645 2710; x_wconf 87' lang='grc' dir='ltr'>τὴν</span> <span class='ocrx_word' id='word_1_233' title='bbox 1684 2639 2052 2710; x_wconf 80' lang='grc' dir='ltr'>προσηγορίαν</span> 
     </span>
    </p>
   </div>
   <div class='ocr_carea' id='block_1_28' title="bbox 483 2723 2052 2802">
    <p class='ocr_par' dir='ltr' id='par_1_28' title="bbox 483 2723 2052 2802">
     <span class='ocr_line' id='line_1_28' title="bbox 483 2723 2052 2802; baseline 0.005 -27"><span class='ocrx_word' id='word_1_234' title='bbox 483 2723 690 2777; x_wconf 84' lang='grc' dir='ltr'>ἄνωθεν</span> <span class='ocrx_word' id='word_1_235' title='bbox 724 2727 1010 2795; x_wconf 85' lang='grc' dir='ltr'>πέμποντα</span> <span class='ocrx_word' id='word_1_236' title='bbox 1047 2728 1134 2781; x_wconf 86' lang='grc' dir='ltr'>διὰ</span> <span class='ocrx_word' id='word_1_237' title='bbox 1160 2729 1256 2782; x_wconf 81' lang='grc' dir='ltr'>τοῦ</span> <span class='ocrx_word' id='word_1_238' title='bbox 1290 2730 1521 2799; x_wconf 84' lang='grc' dir='ltr'>ἀγγέλου</span> <span class='ocrx_word' id='word_1_239' title='bbox 1560 2731 1637 2802; x_wconf 82' lang='grc' dir='ltr'>τῷ</span> <span class='ocrx_word' id='word_1_240' title='bbox 1674 2732 1888 2802; x_wconf 82' lang='grc' dir='ltr'>Ἰωσήφ.</span> <span class='ocrx_word' id='word_1_241' title='bbox 1919 2731 2052 2784; x_wconf 83' lang='grc' dir='ltr'>Οὐδὲ</span> 
     </span>
    </p>
   </div>
   <div class='ocr_carea' id='block_1_29' title="bbox 485 2815 2049 2892">
    <p class='ocr_par' dir='ltr' id='par_1_29' title="bbox 485 2815 2049 2892">
     <span class='ocr_line' id='line_1_29' title="bbox 485 2815 2049 2892; baseline 0.006 -26"><span class='ocrx_word' id='word_1_242' title='bbox 485 2815 594 2884; x_wconf 82' lang='grc' dir='ltr'>γὰρ</span> <span class='ocrx_word' id='word_1_243' title='bbox 618 2815 772 2868; x_wconf 79' lang='grc' dir='ltr'>τοῦτο</span> <span class='ocrx_word' id='word_1_244' title='bbox 802 2817 983 2882; x_wconf 87' lang='grc' dir='ltr'>ἁπλῶς</span> <span class='ocrx_word' id='word_1_245' title='bbox 1011 2815 1099 2889; x_wconf 79' lang='grc' dir='ltr'>ἦν,</span> <span class='ocrx_word' id='word_1_246' title='bbox 1124 2821 1258 2873; x_wconf 87' lang='grc' dir='ltr'>ἀλλά</span> <span class='ocrx_word' id='word_1_247' title='bbox 1285 2822 1492 2891; x_wconf 85' lang='grc' dir='ltr'>μυρίων</span> <span class='ocrx_word' id='word_1_248' title='bbox 1520 2823 1738 2890; x_wconf 82' lang='grc' dir='ltr'>ἀγαθῶν</span> <span class='ocrx_word' id='word_1_249' title='bbox 1759 2822 2049 2892; x_wconf 86' lang='grc' dir='ltr'>θησαυρός.</span> 
     </span>
    </p>
   </div>
   <div class='ocr_carea' id='block_1_30' title="bbox 485 2905 2055 2984">
    <p class='ocr_par' dir='ltr' id='par_1_30' title="bbox 485 2905 2055 2984">
     <span class='ocr_line' id='line_1_30' title="bbox 485 2905 2055 2984; baseline 0.006 -30"><span class='ocrx_word' id='word_1_250' title='bbox 485 2905 576 2956; x_wconf 88' lang='grc' dir='ltr'>Διὸ</span> <span class='ocrx_word' id='word_1_251' title='bbox 599 2906 689 2958; x_wconf 79' lang='grc' dir='ltr'>καὶ</span> <span class='ocrx_word' id='word_1_252' title='bbox 714 2907 1005 2980; x_wconf 79' lang='grc' dir='ltr'>ἑρμηνεύει</span> <span class='ocrx_word' id='word_1_253' title='bbox 1034 2911 1192 2964; x_wconf 81' lang='grc' dir='ltr'>τοῦτο</span> <span class='ocrx_word' id='word_1_254' title='bbox 1216 2915 1243 2965; x_wconf 90' lang='lat'>6</span> <span class='ocrx_word' id='word_1_255' title='bbox 1275 2913 1523 2981; x_wconf 85' lang='grc' dir='ltr'>ἄγγελος,</span> <span class='ocrx_word' id='word_1_256' title='bbox 1548 2915 1640 2968; x_wconf 86' lang='lat'><em>1:61</em></span> <span class='ocrx_word' id='word_1_257' title='bbox 1669 2913 1907 2984; x_wconf 82' lang='grc' dir='ltr'>χρηστὰς</span> <span class='ocrx_word' id='word_1_258' title='bbox 1925 2913 2055 2965; x_wconf 86' lang='grc' dir='ltr'>ὐπο-</span> 
     </span>
    </p>
   </div>
   <div class='ocr_carea' id='block_1_31' title="bbox 485 2997 2057 3076">
    <p class='ocr_par' dir='ltr' id='par_1_31' title="bbox 485 2997 2057 3076">
     <span class='ocr_line' id='line_1_31' title="bbox 485 2997 2057 3076; baseline 0.006 -28"><span class='ocrx_word' id='word_1_259' title='bbox 485 2997 648 3051; x_wconf 85' lang='grc' dir='ltr'>τείνει</span> <span class='ocrx_word' id='word_1_260' title='bbox 671 2999 910 3064; x_wconf 88' lang='grc' dir='ltr'>ἐλπίδας,</span> <span class='ocrx_word' id='word_1_261' title='bbox 943 3003 1036 3056; x_wconf 83' lang='grc' dir='ltr'>καὶ</span> <span class='ocrx_word' id='word_1_262' title='bbox 1063 3003 1233 3075; x_wconf 85' lang='grc' dir='ltr'>ταύτῃ</span> <span class='ocrx_word' id='word_1_263' title='bbox 1280 3005 1416 3076; x_wconf 92' lang='grc' dir='ltr'>πρὸς</span> <span class='ocrx_word' id='word_1_264' title='bbox 1446 3005 1627 3058; x_wconf 89' lang='grc' dir='ltr'>πίστιν</span> <span class='ocrx_word' id='word_1_265' title='bbox 1662 3005 1824 3058; x_wconf 91' lang='grc' dir='ltr'>αὐτὸν</span> <span class='ocrx_word' id='word_1_266' title='bbox 1857 3004 2057 3072; x_wconf 85' lang='grc' dir='ltr'>ἐπαγό-</span> 
     </span>
    </p>
   </div>
   <div class='ocr_carea' id='block_1_32' title="bbox 492 3091 2057 3168">
    <p class='ocr_par' dir='ltr' id='par_1_32' title="bbox 492 3091 2057 3168">
     <span class='ocr_line' id='line_1_32' title="bbox 492 3091 2057 3168; baseline 0.007 -28"><span class='ocrx_word' id='word_1_267' title='bbox 492 3104 670 3155; x_wconf 86' lang='grc' dir='ltr'>μενος.</span> <span class='ocrx_word' id='word_1_268' title='bbox 736 3091 877 3161; x_wconf 87' lang='grc' dir='ltr'>Πρὸς</span> <span class='ocrx_word' id='word_1_269' title='bbox 911 3092 1020 3164; x_wconf 82' lang='grc' dir='ltr'>γὰρ</span> <span class='ocrx_word' id='word_1_270' title='bbox 1070 3095 1244 3149; x_wconf 81' lang='grc' dir='ltr'>ταῦτα</span> <span class='ocrx_word' id='word_1_271' title='bbox 1295 3097 1754 3168; x_wconf 82' lang='grc' dir='ltr'>ἐπιρρεπέστερον</span> <span class='ocrx_word' id='word_1_272' title='bbox 1787 3097 2057 3168; x_wconf 82' lang='grc' dir='ltr'>εἰώθαμεν</span> 
     </span>
    </p>
   </div>
   <div class='ocr_carea' id='block_1_33' title="bbox 487 3179 2054 3259">
    <p class='ocr_par' dir='ltr' id='par_1_33' title="bbox 487 3179 2054 3259">
     <span class='ocr_line' id='line_1_33' title="bbox 487 3179 2054 3259; baseline 0.007 -28"><span class='ocrx_word' id='word_1_273' title='bbox 487 3179 660 3249; x_wconf 68' lang='grc' dir='ltr'>ἔχειν·</span> <span class='ocrx_word' id='word_1_274' title='bbox 712 3183 791 3235; x_wconf 90' lang='grc' dir='ltr'>διὸ</span> <span class='ocrx_word' id='word_1_275' title='bbox 843 3187 937 3238; x_wconf 82' lang='grc' dir='ltr'>καὶ</span> <span class='ocrx_word' id='word_1_276' title='bbox 981 3187 1178 3256; x_wconf 83' lang='grc' dir='ltr'>μᾶλλον</span> <span class='ocrx_word' id='word_1_277' title='bbox 1223 3189 1420 3252; x_wconf 70' lang='grc' dir='ltr'>αὐτοῖς’</span> <span class='ocrx_word' id='word_1_278' title='bbox 1460 3189 1733 3244; x_wconf 86' lang='grc' dir='ltr'>πιστεύειν</span> <span class='ocrx_word' id='word_1_279' title='bbox 1774 3188 2054 3259; x_wconf 81' lang='grc' dir='ltr'>φιλοῦμεν.</span> 
     </span>
    </p>
   </div>
   <div class='ocr_carea' id='block_1_34' title="bbox 504 3272 2060 3350">
    <p class='ocr_par' dir='ltr' id='par_1_34' title="bbox 504 3272 2060 3350">
     <span class='ocr_line' id='line_1_34' title="bbox 504 3272 2060 3350; baseline 0.004 -27"><span class='ocrx_word' id='word_1_280' title='bbox 504 3272 633 3324; x_wconf 82' lang='grc' dir='ltr'>Ἀπὸ</span> <span class='ocrx_word' id='word_1_281' title='bbox 677 3275 892 3328; x_wconf 88' lang='grc' dir='ltr'>πάντων</span> <span class='ocrx_word' id='word_1_282' title='bbox 921 3277 1100 3330; x_wconf 86' lang='grc' dir='ltr'>τοίνυν</span> <span class='ocrx_word' id='word_1_283' title='bbox 1138 3279 1553 3344; x_wconf 79' lang='grc' dir='ltr'>κατασκευάσας</span> <span class='ocrx_word' id='word_1_284' title='bbox 1581 3279 1679 3350; x_wconf 83' lang='grc' dir='ltr'>τὴν</span> <span class='ocrx_word' id='word_1_285' title='bbox 1723 3279 1922 3342; x_wconf 90' lang='grc' dir='ltr'>πίστιν,</span> <span class='ocrx_word' id='word_1_286' title='bbox 1952 3277 2060 3331; x_wconf 84' lang='grc' dir='ltr'>ἀπὸ</span> 
     </span>
    </p>
   </div>
   <div class='ocr_carea' id='block_1_35' title="bbox 488 3357 2062 3442">
    <p class='ocr_par' dir='ltr' id='par_1_35' title="bbox 488 3364 2062 3442">
     <span class='ocr_line' id='line_1_35' title="bbox 488 3364 2062 3442; baseline 0.006 -29"><span class='ocrx_word' id='word_1_287' title='bbox 488 3364 598 3418; x_wconf 88' lang='grc' dir='ltr'>τῶν</span> <span class='ocrx_word' id='word_1_288' title='bbox 630 3367 1005 3437; x_wconf 88' lang='grc' dir='ltr'>παρελθόντων</span> <span class='ocrx_word' id='word_1_289' title='bbox 1033 3409 1048 3430; x_wconf 90' lang='grc'>,</span> <span class='ocrx_word' id='word_1_290' title='bbox 1089 3372 1196 3423; x_wconf 88' lang='grc' dir='ltr'>ἀπὸ</span> <span class='ocrx_word' id='word_1_291' title='bbox 1258 3373 1365 3424; x_wconf 87' lang='grc' dir='ltr'>τῶν</span> <span class='ocrx_word' id='word_1_292' title='bbox 1425 3373 1754 3441; x_wconf 82' lang='grc' dir='ltr'>μελλόντων,</span> <span class='ocrx_word' id='word_1_293' title='bbox 1806 3370 1913 3422; x_wconf 86' lang='grc' dir='ltr'>ἀπὸ</span> <span class='ocrx_word' id='word_1_294' title='bbox 1953 3369 2062 3442; x_wconf 74' lang='grc' dir='ltr'>τῶν</span> 
     </span>
    </p>
   </div>
   <div class='ocr_carea' id='block_1_36' title="bbox 491 3455 2062 3532">
    <p class='ocr_par' dir='ltr' id='par_1_36' title="bbox 491 3455 2062 3532">
     <span class='ocr_line' id='line_1_36' title="bbox 491 3455 2062 3532; baseline 0.006 -27"><span class='ocrx_word' id='word_1_295' title='bbox 491 3455 818 3520; x_wconf 84' lang='grc' dir='ltr'>ἐνεστώτων,</span> <span class='ocrx_word' id='word_1_296' title='bbox 841 3457 947 3510; x_wconf 91' lang='grc' dir='ltr'>ἀπὸ</span> <span class='ocrx_word' id='word_1_297' title='bbox 977 3461 1073 3529; x_wconf 90' lang='grc' dir='ltr'>τῆς</span> <span class='ocrx_word' id='word_1_298' title='bbox 1102 3464 1179 3524; x_wconf 90' lang='grc' dir='ltr'>εἰς</span> <span class='ocrx_word' id='word_1_299' title='bbox 1205 3463 1364 3516; x_wconf 78' lang='grc' dir='ltr'>αὐτὸν</span> <span class='ocrx_word' id='word_1_300' title='bbox 1397 3465 1581 3532; x_wconf 79' lang='grc' dir='ltr'>τιμῆς,</span> <span class='ocrx_word' id='word_1_301' title='bbox 1616 3463 1822 3529; x_wconf 75' lang='grc' dir='ltr'>εἰσάγει</span> <span class='ocrx_word' id='word_1_302' title='bbox 1848 3463 1941 3514; x_wconf 75' lang='grc' dir='ltr'>καὶ</span> <span class='ocrx_word' id='word_1_303' title='bbox 1971 3461 2062 3515; x_wconf 89' lang='grc' dir='ltr'>τὸν</span> 
     </span>
    </p>
   </div>
   <div class='ocr_carea' id='block_1_37' title="bbox 493 3547 2059 3622">
    <p class='ocr_par' dir='ltr' id='par_1_37' title="bbox 493 3547 2059 3622">
     <span class='ocr_line' id='line_1_37' title="bbox 493 3547 2059 3622; baseline 0.006 -27"><span class='ocrx_word' id='word_1_304' title='bbox 493 3547 779 3615; x_wconf 69' lang='grc' dir='ltr'>προφήτην</span> <span class='ocrx_word' id='word_1_305' title='bbox 844 3550 1114 3620; x_wconf 84' lang='grc' dir='ltr'>εὐκαίρως</span> <span class='ocrx_word' id='word_1_306' title='bbox 1168 3553 1376 3616; x_wconf 84' lang='grc' dir='ltr'>τούτοις</span> <span class='ocrx_word' id='word_1_307' title='bbox 1443 3553 1610 3606; x_wconf 78' lang='grc' dir='ltr'>ἅπασι</span> <span class='ocrx_word' id='word_1_308' title='bbox 1673 3553 2059 3622; x_wconf 70' lang='grc' dir='ltr'>ψηφιζόμενον.</span> 
     </span>
    </p>
   </div>
   <div class='ocr_carea' id='block_1_38' title="bbox 495 3632 2064 3711">
    <p class='ocr_par' dir='ltr' id='par_1_38' title="bbox 495 3632 2064 3711">
     <span class='ocr_line' id='line_1_38' title="bbox 495 3632 2064 3711; baseline 0.005 -26"><span class='ocrx_word' id='word_1_309' title='bbox 495 3632 631 3701; x_wconf 68' lang='grc' dir='ltr'>Πρὶν</span> <span class='ocrx_word' id='word_1_310' title='bbox 673 3633 790 3704; x_wconf 83' lang='grc' dir='ltr'>ἦδὲ</span> <span class='ocrx_word' id='word_1_311' title='bbox 829 3635 988 3688; x_wconf 91' lang='grc' dir='ltr'>αὐτὸν</span> <span class='ocrx_word' id='word_1_312' title='bbox 1020 3639 1351 3706; x_wconf 81' lang='grc' dir='ltr'>εἰσαγαγεῖν,</span> <span class='ocrx_word' id='word_1_313' title='bbox 1383 3642 1450 3692; x_wconf 84' lang='grc' dir='ltr'>τὰ</span> <span class='ocrx_word' id='word_1_314' title='bbox 1491 3641 1748 3710; x_wconf 86' lang='grc' dir='ltr'>μέλλοντα</span> <span class='ocrx_word' id='word_1_315' title='bbox 1779 3643 1844 3711; x_wconf 83' lang='grc' dir='ltr'>τῇ</span> <span class='ocrx_word' id='word_1_316' title='bbox 1883 3642 2064 3693; x_wconf 89' lang='grc' dir='ltr'>οἰκου-</span> 
     </span>
    </p>
   </div>
   <div class='ocr_carea' id='block_1_39' title="bbox 499 3723 2061 3802">
    <p class='ocr_par' dir='ltr' id='par_1_39' title="bbox 499 3723 2061 3802">
     <span class='ocr_line' id='line_1_39' title="bbox 499 3723 2061 3802; baseline 0.008 -28"><span class='ocrx_word' id='word_1_317' title='bbox 499 3723 638 3794; x_wconf 73' lang='grc' dir='ltr'>μένῃ</span> <span class='ocrx_word' id='word_1_318' title='bbox 681 3723 749 3776; x_wconf 86' lang='grc' dir='ltr'>δι’</span> <span class='ocrx_word' id='word_1_319' title='bbox 803 3726 968 3779; x_wconf 81' lang='grc' dir='ltr'>αὐτοῧ</span> <span class='ocrx_word' id='word_1_320' title='bbox 1019 3729 1395 3800; x_wconf 87' lang='grc' dir='ltr'>συμϐήσεσθαι</span> <span class='ocrx_word' id='word_1_321' title='bbox 1445 3732 1623 3799; x_wconf 84' lang='grc' dir='ltr'>ἀγαθά</span> <span class='ocrx_word' id='word_1_322' title='bbox 1664 3734 2061 3802; x_wconf 80' lang='grc' dir='ltr'>προαναφωνεῖ.</span> 
     </span>
    </p>
   </div>
   <div class='ocr_carea' id='block_1_40' title="bbox 508 3813 2067 3897">
    <p class='ocr_par' dir='ltr' id='par_1_40' title="bbox 508 3813 2067 3897">
     <span class='ocr_line' id='line_1_40' title="bbox 508 3813 2067 3897; baseline 0.006 -32"><span class='ocrx_word' id='word_1_323' title='bbox 508 3813 631 3867; x_wconf 69' lang='grc' dir='ltr'>ΐίνα</span> <span class='ocrx_word' id='word_1_324' title='bbox 653 3815 709 3868; x_wconf 82' lang='grc' dir='ltr'>δὲ</span> <span class='ocrx_word' id='word_1_325' title='bbox 732 3816 905 3872; x_wconf 82' lang='grc' dir='ltr'>ταῦτά</span> <span class='ocrx_word' id='word_1_326' title='bbox 937 3821 1117 3885; x_wconf 84' lang='grc' dir='ltr'>ὲστιν;</span> <span class='ocrx_word' id='word_1_327' title='bbox 1156 3822 1464 3894; x_wconf 81' lang='grc' dir='ltr'>Ἀμαρτιῶν</span> <span class='ocrx_word' id='word_1_328' title='bbox 1495 3823 1610 3897; x_wconf 80' lang='grc'>[59]</span> <span class='ocrx_word' id='word_1_329' title='bbox 1649 3825 1936 3895; x_wconf 81' lang='grc' dir='ltr'>ἀπαλλαγὴ</span> <span class='ocrx_word' id='word_1_330' title='bbox 1971 3824 2067 3876; x_wconf 84' lang='lat'><em>1:61</em></span> 
     </span>
    </p>
   </div>
   <div class='ocr_carea' id='block_1_41' title="bbox 499 3904 2068 3982">
    <p class='ocr_par' dir='ltr' id='par_1_41' title="bbox 499 3904 2068 3982">
     <span class='ocr_line' id='line_1_41' title="bbox 499 3904 2068 3982; baseline 0.009 -28"><span class='ocrx_word' id='word_1_331' title='bbox 499 3904 794 3974; x_wconf 85' lang='grc' dir='ltr'>ἀναίρεσις.</span> <span class='ocrx_word' id='word_1_332' title='bbox 819 3909 1012 3974; x_wconf 74' lang='grc' dir='ltr'>Αὐτὸς</span> <span class='ocrx_word' id='word_1_333' title='bbox 1029 3910 1139 3978; x_wconf 72' lang='grc' dir='ltr'>γὰρ</span> <span class='ocrx_word' id='word_1_334' title='bbox 1169 3912 1372 3977; x_wconf 75' lang='grc' dir='ltr'>σώσει,</span> <span class='ocrx_word' id='word_1_335' title='bbox 1396 3917 1546 3982; x_wconf 73' lang='grc' dir='ltr'>φησὶ,</span> <span class='ocrx_word' id='word_1_336' title='bbox 1577 3916 1679 3969; x_wconf 82' lang='grc' dir='ltr'>τὸν</span> <span class='ocrx_word' id='word_1_337' title='bbox 1701 3916 1853 3970; x_wconf 74' lang='grc' dir='ltr'>λαὸν</span> <span class='ocrx_word' id='word_1_338' title='bbox 1882 3915 2068 3969; x_wconf 80' lang='grc' dir='ltr'>αὐτοῦ</span> 
     </span>
    </p>
   </div>
   <div class='ocr_carea' id='block_1_42' title="bbox 405 3993 2073 4076">
    <p class='ocr_par' dir='ltr' id='par_1_42' title="bbox 405 3993 2073 4076">
     <span class='ocr_line' id='line_1_42' title="bbox 405 3993 2073 4076; baseline 0.008 -31"><span class='ocrx_word' id='word_1_339' title='bbox 405 4064 408 4067; x_wconf 87' lang='lat'><em>_</em></span> <span class='ocrx_word' id='word_1_340' title='bbox 496 3993 613 4050; x_wconf 76' lang='grc' dir='ltr'>ἀπὸ</span> <span class='ocrx_word' id='word_1_341' title='bbox 648 3997 766 4049; x_wconf 74' lang='grc' dir='ltr'>τῶν</span> <span class='ocrx_word' id='word_1_342' title='bbox 808 3998 1106 4068; x_wconf 73' lang='grc' dir='ltr'>ἁμαρτιῶν</span> <span class='ocrx_word' id='word_1_343' title='bbox 1133 4004 1330 4056; x_wconf 79' lang='grc' dir='ltr'>αὐτῶν</span> <span class='ocrx_word' id='word_1_344' title='bbox 1381 4007 1486 4058; x_wconf 85' lang='lat' dir='ltr'><em>K61</em></span> <span class='ocrx_word' id='word_1_345' title='bbox 1518 4008 1763 4059; x_wconf 73' lang='grc' dir='ltr'>’ἐνταῦθα</span> <span class='ocrx_word' id='word_1_346' title='bbox 1794 4008 1855 4058; x_wconf 92' lang='grc' dir='ltr'>τὸ</span> <span class='ocrx_word' id='word_1_347' title='bbox 1902 4007 2073 4076; x_wconf 89' lang='grc' dir='ltr'>παρά-</span> 
     </span>
    </p>
   </div>
   <div class='ocr_carea' id='block_1_43' title="bbox 496 4090 2060 4169">
    <p class='ocr_par' dir='ltr' id='par_1_43' title="bbox 496 4090 2060 4169">
     <span class='ocr_line' id='line_1_43' title="bbox 496 4090 2060 4169; baseline 0.01 -28"><span class='ocrx_word' id='word_1_348' title='bbox 496 4090 646 4153; x_wconf 79' lang='grc' dir='ltr'>δοξον</span> <span class='ocrx_word' id='word_1_349' title='bbox 687 4091 1034 4145; x_wconf 78' lang='grc' dir='ltr'>ἐνδείκνυται.</span> <span class='ocrx_word' id='word_1_350' title='bbox 1069 4095 1142 4145; x_wconf 86' lang='grc' dir='ltr'>Οὐ</span> <span class='ocrx_word' id='word_1_351' title='bbox 1183 4095 1290 4164; x_wconf 81' lang='grc' dir='ltr'>γάρ</span> <span class='ocrx_word' id='word_1_352' title='bbox 1323 4097 1572 4166; x_wconf 85' lang='grc' dir='ltr'>πολέμων</span> <span class='ocrx_word' id='word_1_353' title='bbox 1612 4098 1910 4169; x_wconf 78' lang='grc' dir='ltr'>αἰσθητῶν,</span> <span class='ocrx_word' id='word_1_354' title='bbox 1940 4102 2060 4156; x_wconf 83' lang='grc' dir='ltr'>οὐδὲ</span> 
     </span>
    </p>
   </div>
   <div class='ocr_carea' id='block_1_44' title="bbox 497 4180 2055 4262">
    <p class='ocr_par' dir='ltr' id='par_1_44' title="bbox 497 4180 2055 4262">
     <span class='ocr_line' id='line_1_44' title="bbox 497 4180 2055 4262; baseline 0.01 -31"><span class='ocrx_word' id='word_1_355' title='bbox 497 4180 806 4250; x_wconf 73' lang='grc' dir='ltr'>βαρϐάρων,</span> <span class='ocrx_word' id='word_1_356' title='bbox 837 4182 950 4233; x_wconf 87' lang='grc' dir='ltr'>ἀλλ’</span> <span class='ocrx_word' id='word_1_357' title='bbox 985 4183 1012 4234; x_wconf 81' lang='lat'>6</span> <span class='ocrx_word' id='word_1_358' title='bbox 1047 4184 1223 4253; x_wconf 82' lang='grc' dir='ltr'>πολλῷ</span> <span class='ocrx_word' id='word_1_359' title='bbox 1248 4184 1450 4238; x_wconf 84' lang='grc' dir='ltr'>τούτων</span> <span class='ocrx_word' id='word_1_360' title='bbox 1482 4187 1662 4256; x_wconf 79' lang='grc' dir='ltr'>μεῖζον</span> <span class='ocrx_word' id='word_1_361' title='bbox 1697 4189 1782 4259; x_wconf 78' lang='grc' dir='ltr'>ἦν,</span> <span class='ocrx_word' id='word_1_362' title='bbox 1815 4191 2055 4262; x_wconf 84' lang='grc' dir='ltr'>ἁμαρτη-</span> 
     </span>
    </p>
   </div>
   <div class='ocr_carea' id='block_1_45' title="bbox 499 4272 2056 4350">
    <p class='ocr_par' dir='ltr' id='par_1_45' title="bbox 499 4272 2056 4350">
     <span class='ocr_line' id='line_1_45' title="bbox 499 4272 2056 4350; baseline 0.012 -29"><span class='ocrx_word' id='word_1_363' title='bbox 499 4272 680 4338; x_wconf 82' lang='grc' dir='ltr'>μάτων</span> <span class='ocrx_word' id='word_1_364' title='bbox 731 4273 1045 4341; x_wconf 80' lang='grc' dir='ltr'>άπαλλαγὴν</span> <span class='ocrx_word' id='word_1_365' title='bbox 1097 4277 1539 4343; x_wconf 76' lang='grc' dir='ltr'>εὐαγγελίζεται³</span> <span class='ocrx_word' id='word_1_366' title='bbox 1589 4280 1616 4331; x_wconf 86' lang='grc' dir='ltr'><strong>ὃ</strong></span> <span class='ocrx_word' id='word_1_367' title='bbox 1683 4283 1872 4350; x_wconf 88' lang='grc' dir='ltr'>μηδενί</span> <span class='ocrx_word' id='word_1_368' title='bbox 1928 4303 2056 4338; x_wconf 87' lang='grc' dir='ltr'>ποτε</span> 
     </span>
    </p>
   </div>
   <div class='ocr_carea' id='block_1_46' title="bbox 495 4361 2054 4445">
    <p class='ocr_par' dir='ltr' id='par_1_46' title="bbox 495 4361 2054 4445">
     <span class='ocr_line' id='line_1_46' title="bbox 495 4361 2054 4445; baseline 0.011 -34"><span class='ocrx_word' id='word_1_369' title='bbox 495 4361 801 4430; x_wconf 75' lang='grc' dir='ltr'>ἔμπροσθεν</span> <span class='ocrx_word' id='word_1_370' title='bbox 831 4363 1046 4428; x_wconf 79' lang='grc' dir='ltr'>ἐγένετο</span> <span class='ocrx_word' id='word_1_371' title='bbox 1073 4364 1311 4418; x_wconf 88' lang='grc' dir='ltr'>δυνατόν.</span> <span class='ocrx_word' id='word_1_372' title='bbox 1347 4369 1454 4419; x_wconf 81' lang='grc' dir='ltr'>Καὶ</span> <span class='ocrx_word' id='word_1_373' title='bbox 1492 4369 1636 4432; x_wconf 88' lang='grc' dir='ltr'>τίνος</span> <span class='ocrx_word' id='word_1_374' title='bbox 1664 4372 1865 4436; x_wconf 74' lang='grc' dir='ltr'>ἕνεκεν,</span> <span class='ocrx_word' id='word_1_375' title='bbox 1903 4377 2054 4445; x_wconf 79' lang='grc' dir='ltr'>φησὶ,</span> 
     </span>
    </p>
   </div>
   <div class='ocr_carea' id='block_1_47' title="bbox 498 4448 2045 4538">
    <p class='ocr_par' dir='ltr' id='par_1_47' title="bbox 498 4448 2045 4538">
     <span class='ocr_line' id='line_1_47' title="bbox 498 4448 2045 4538; baseline 0.012 -36"><span class='ocrx_word' id='word_1_376' title='bbox 498 4454 541 4502; x_wconf 91' lang='grc' dir='ltr'><em>Τ</em></span> <span class='ocrx_word' id='word_1_377' title='bbox 539 4450 610 4502; x_wconf 73' lang='grc' dir='ltr'>ὸν</span> <span class='ocrx_word' id='word_1_378' title='bbox 633 4451 786 4503; x_wconf 71' lang='grc' dir='ltr'>λαόν</span> <span class='ocrx_word' id='word_1_379' title='bbox 823 4453 1028 4512; x_wconf 86' lang='grc' dir='ltr'>αὐτοῦ,</span> <span class='ocrx_word' id='word_1_380' title='bbox 1064 4448 1200 4518; x_wconf 82' lang='grc' dir='ltr'>εἷπε,</span> <span class='ocrx_word' id='word_1_381' title='bbox 1234 4457 1325 4507; x_wconf 84' lang='grc' dir='ltr'>καὶ</span> <span class='ocrx_word' id='word_1_382' title='bbox 1357 4457 1474 4527; x_wconf 83' lang='grc' dir='ltr'>οὐχί</span> <span class='ocrx_word' id='word_1_383' title='bbox 1500 4460 1591 4510; x_wconf 87' lang='lat'><em>1:61</em></span> <span class='ocrx_word' id='word_1_384' title='bbox 1634 4461 1703 4512; x_wconf 79' lang='grc' dir='ltr'>τὰ</span> <span class='ocrx_word' id='word_1_385' title='bbox 1736 4463 1859 4535; x_wconf 75' lang='grc' dir='ltr'>ἔθνη</span> <span class='ocrx_word' id='word_1_386' title='bbox 1893 4483 2045 4538; x_wconf 88' lang='grc' dir='ltr'>προσ-</span> 
     </span>
    </p>
   </div>
   <div class='ocr_carea' id='block_1_48' title="bbox 491 4539 2054 4628">
    <p class='ocr_par' dir='ltr' id='par_1_48' title="bbox 491 4539 2054 4628">
     <span class='ocr_line' id='line_1_48' title="bbox 491 4539 2054 4628; baseline 0.01 -36"><span class='ocrx_word' id='word_1_387' title='bbox 491 4539 721 4628; x_wconf 73' lang='grc' dir='ltr'>έθηκενς</span> <span class='ocrx_word' id='word_1_388' title='bbox 754 4542 867 4594; x_wconf 85' lang='grc' dir='ltr'>Ἵνα</span> <span class='ocrx_word' id='word_1_389' title='bbox 893 4542 966 4611; x_wconf 84' lang='grc' dir='ltr'>μὴ</span> <span class='ocrx_word' id='word_1_390' title='bbox 995 4545 1204 4615; x_wconf 86' lang='grc' dir='ltr'>πτοήσῃ</span> <span class='ocrx_word' id='word_1_391' title='bbox 1234 4545 1322 4597; x_wconf 89' lang='grc' dir='ltr'>τὸν</span> <span class='ocrx_word' id='word_1_392' title='bbox 1348 4548 1622 4617; x_wconf 83' lang='grc' dir='ltr'>ἀκροατὴν</span> <span class='ocrx_word' id='word_1_393' title='bbox 1646 4550 1800 4615; x_wconf 84' lang='grc' dir='ltr'>τέως.</span> <span class='ocrx_word' id='word_1_394' title='bbox 1833 4556 1920 4625; x_wconf 81' lang='grc' dir='ltr'>Τῷ</span> <span class='ocrx_word' id='word_1_395' title='bbox 1949 4560 2054 4628; x_wconf 63' lang='grc' dir='ltr'>γὰρ</span> 
     </span>
    </p>
   </div>
   <div class='ocr_carea' id='block_1_49' title="bbox 419 4627 2052 4718">
    <p class='ocr_par' dir='ltr' id='par_1_49' title="bbox 419 4627 2052 4718">
     <span class='ocr_line' id='line_1_49' title="bbox 419 4627 2052 4718; baseline 0.013 -40"><span class='ocrx_word' id='word_1_396' title='bbox 419 4632 421 4634; x_wconf 84' lang='grc'><em>’</em></span> <span class='ocrx_word' id='word_1_397' title='bbox 494 4627 724 4691; x_wconf 87' lang='grc' dir='ltr'>συνετῶς</span> <span class='ocrx_word' id='word_1_398' title='bbox 749 4629 1084 4701; x_wconf 82' lang='grc' dir='ltr'>ἀκροωμένῳ</span> <span class='ocrx_word' id='word_1_399' title='bbox 1111 4634 1202 4685; x_wconf 84' lang='grc' dir='ltr'>καὶ</span> <span class='ocrx_word' id='word_1_400' title='bbox 1242 4635 1309 4688; x_wconf 76' lang='grc' dir='ltr'>τὰ</span> <span class='ocrx_word' id='word_1_401' title='bbox 1350 4635 1473 4706; x_wconf 80' lang='grc' dir='ltr'>ἔθνη</span> <span class='ocrx_word' id='word_1_402' title='bbox 1501 4640 1736 4709; x_wconf 75' lang='grc' dir='ltr'>ᾐνίξατο.</span> <span class='ocrx_word' id='word_1_403' title='bbox 1779 4645 1920 4707; x_wconf 86' lang='grc' dir='ltr'>Λαὸς</span> <span class='ocrx_word' id='word_1_404' title='bbox 1949 4627 2052 4718; x_wconf 81' lang='grc' dir='ltr'>γὰρ</span> 
     </span>
    </p>
   </div>
   <div class='ocr_carea' id='block_1_50' title="bbox 435 4719 2050 4801">
    <p class='ocr_par' dir='ltr' id='par_1_50' title="bbox 435 4719 2050 4801">
     <span class='ocr_line' id='line_1_50' title="bbox 435 4719 2050 4801; baseline 0.012 -30"><span class='ocrx_word' id='word_1_405' title='bbox 435 4796 442 4801; x_wconf 19' lang='grc' dir='ltr'>ἱ</span> <span class='ocrx_word' id='word_1_406' title='bbox 489 4719 654 4772; x_wconf 80' lang='grc' dir='ltr'>αὐτοῦ</span> <span class='ocrx_word' id='word_1_407' title='bbox 693 4720 790 4789; x_wconf 91' lang='grc' dir='ltr'>οὐχ</span> <span class='ocrx_word' id='word_1_408' title='bbox 823 4722 872 4773; x_wconf 87' lang='grc' dir='ltr'>οἰ</span> <span class='ocrx_word' id='word_1_409' title='bbox 921 4722 1158 4777; x_wconf 85' lang='grc' dir='ltr'>Ἰουδαῖοι</span> <span class='ocrx_word' id='word_1_410' title='bbox 1211 4726 1397 4795; x_wconf 89' lang='grc' dir='ltr'>μόνον,</span> <span class='ocrx_word' id='word_1_411' title='bbox 1444 4730 1580 4784; x_wconf 80' lang='grc' dir='ltr'>ἀλλὰ</span> <span class='ocrx_word' id='word_1_412' title='bbox 1635 4733 1729 4785; x_wconf 87' lang='lat'><em>1:61</em></span> <span class='ocrx_word' id='word_1_413' title='bbox 1772 4736 1969 4800; x_wconf 88' lang='grc' dir='ltr'>πάντες</span> <span class='ocrx_word' id='word_1_414' title='bbox 2006 4741 2050 4790; x_wconf 84' lang='grc' dir='ltr'>οἱ</span> 
     </span>
    </p>
   </div>
   <div class='ocr_carea' id='block_1_51' title="bbox 489 4811 2049 4896">
    <p class='ocr_par' dir='ltr' id='par_1_51' title="bbox 489 4811 2049 4896">
     <span class='ocr_line' id='line_1_51' title="bbox 489 4811 2049 4896; baseline 0.012 -32"><span class='ocrx_word' id='word_1_415' title='bbox 489 4811 802 4881; x_wconf 84' lang='grc' dir='ltr'>προσιόντες</span> <span class='ocrx_word' id='word_1_416' title='bbox 851 4815 942 4866; x_wconf 85' lang='grc' dir='ltr'>καὶ</span> <span class='ocrx_word' id='word_1_417' title='bbox 985 4814 1260 4886; x_wconf 85' lang='grc' dir='ltr'>δεχόμενοι</span> <span class='ocrx_word' id='word_1_418' title='bbox 1303 4820 1402 4891; x_wconf 81' lang='grc' dir='ltr'>τὴν</span> <span class='ocrx_word' id='word_1_419' title='bbox 1449 4823 1575 4892; x_wconf 83' lang='grc' dir='ltr'>παρ’</span> <span class='ocrx_word' id='word_1_420' title='bbox 1618 4825 1780 4878; x_wconf 82' lang='grc' dir='ltr'>αὐτοῦ</span> <span class='ocrx_word' id='word_1_421' title='bbox 1836 4829 2049 4896; x_wconf 89' lang='grc' dir='ltr'>γνῶσιν.</span> 
     </span>
    </p>
   </div>
   <div class='ocr_carea' id='block_1_52' title="bbox 450 4900 2053 4992">
    <p class='ocr_par' dir='ltr' id='par_1_52' title="bbox 452 4900 2053 4989">
     <span class='ocr_line' id='line_1_52' title="bbox 452 4900 2053 4989; baseline 0.013 -37"><span class='ocrx_word' id='word_1_422' title='bbox 452 4959 457 4984; x_wconf 40' lang='grc' dir='ltr'><strong><em>ἶ</em></strong></span> <span class='ocrx_word' id='word_1_423' title='bbox 489 4902 687 4955; x_wconf 81' lang='grc' dir='ltr'>Σκόπει</span> <span class='ocrx_word' id='word_1_424' title='bbox 715 4904 770 4956; x_wconf 85' lang='grc' dir='ltr'>δὲ</span> <span class='ocrx_word' id='word_1_425' title='bbox 801 4900 916 4968; x_wconf 84' lang='grc' dir='ltr'>πῶς</span> <span class='ocrx_word' id='word_1_426' title='bbox 943 4908 1106 4961; x_wconf 76' lang='grc' dir='ltr'>αὐτοῦ</span> <span class='ocrx_word' id='word_1_427' title='bbox 1138 4911 1312 4962; x_wconf 76' lang='grc' dir='ltr'>καὶτὸ</span> <span class='ocrx_word' id='word_1_428' title='bbox 1337 4910 1551 4980; x_wconf 85' lang='grc' dir='ltr'>ἀξίωμα</span> <span class='ocrx_word' id='word_1_429' title='bbox 1583 4916 1710 4984; x_wconf 80' lang='grc' dir='ltr'>ἡμῖν</span> <span class='ocrx_word' id='word_1_430' title='bbox 1741 4921 2053 4989; x_wconf 80' lang='grc' dir='ltr'>παρήνοιξε,</span> 
     </span>
    </p>
   </div>
   <div class='ocr_carea' id='block_1_53' title="bbox 487 4992 2055 5073">
    <p class='ocr_par' dir='ltr' id='par_1_53' title="bbox 487 4992 2055 5073">
     <span class='ocr_line' id='line_1_53' title="bbox 487 4992 2055 5073; baseline 0.016 -31"><span class='ocrx_word' id='word_1_431' title='bbox 487 4992 612 5045; x_wconf 89' lang='grc' dir='ltr'>λαὸν</span> <span class='ocrx_word' id='word_1_432' title='bbox 646 4995 809 5048; x_wconf 78' lang='grc' dir='ltr'>αὐτοῦ</span> <span class='ocrx_word' id='word_1_433' title='bbox 841 4998 1020 5051; x_wconf 86' lang='grc' dir='ltr'>καλῶν</span> <span class='ocrx_word' id='word_1_434' title='bbox 1069 5001 1161 5053; x_wconf 92' lang='grc' dir='ltr'>τὸν</span> <span class='ocrx_word' id='word_1_435' title='bbox 1208 5003 1375 5073; x_wconf 88' lang='grc' dir='ltr'>δῆμον</span> <span class='ocrx_word' id='word_1_436' title='bbox 1412 5007 1503 5059; x_wconf 91' lang='grc' dir='ltr'>τὸν</span> <span class='ocrx_word' id='word_1_437' title='bbox 1549 5007 1850 5064; x_wconf 84' lang='grc' dir='ltr'>Ἰουδαϊκόν.</span> <span class='ocrx_word' id='word_1_438' title='bbox 1887 5013 2055 5068; x_wconf 82' lang='grc' dir='ltr'>Τοῦτο</span> 
     </span>
    </p>
   </div>
   <div class='ocr_carea' id='block_1_54' title="bbox 485 5084 2054 5168">
    <p class='ocr_par' dir='ltr' id='par_1_54' title="bbox 485 5084 2054 5168">
     <span class='ocr_line' id='line_1_54' title="bbox 485 5084 2054 5168; baseline 0.016 -35"><span class='ocrx_word' id='word_1_439' title='bbox 485 5084 592 5152; x_wconf 72' lang='grc' dir='ltr'>γίιρ</span> <span class='ocrx_word' id='word_1_440' title='bbox 626 5084 775 5137; x_wconf 85' lang='grc' dir='ltr'>οὐδὲν</span> <span class='ocrx_word' id='word_1_441' title='bbox 815 5087 940 5140; x_wconf 76' lang='grc' dir='ltr'>ἄλλο</span> <span class='ocrx_word' id='word_1_442' title='bbox 978 5089 1281 5155; x_wconf 87' lang='grc' dir='ltr'>δεικνύντος</span> <span class='ocrx_word' id='word_1_443' title='bbox 1318 5097 1483 5157; x_wconf 80' lang='grc' dir='ltr'>ἐστὶν,</span> <span class='ocrx_word' id='word_1_444' title='bbox 1517 5099 1548 5168; x_wconf 84' lang='grc' dir='ltr'>ἢ</span> <span class='ocrx_word' id='word_1_445' title='bbox 1577 5101 1657 5153; x_wconf 80' lang='grc' dir='ltr'>ὅτι</span> <span class='ocrx_word' id='word_1_446' title='bbox 1698 5101 1831 5154; x_wconf 84' lang='grc' dir='ltr'>Θεοῦ</span> <span class='ocrx_word' id='word_1_447' title='bbox 1866 5103 1998 5168; x_wconf 83' lang='grc' dir='ltr'>Παῖς</span> <span class='ocrx_word' id='word_1_448' title='bbox 2027 5107 2054 5158; x_wconf 84' lang='lat'>6</span> 
     </span>
    </p>
   </div>
   <div class='ocr_carea' id='block_1_55' title="bbox 483 5176 2053 5264">
    <p class='ocr_par' dir='ltr' id='par_1_55' title="bbox 483 5176 2053 5264">
     <span class='ocr_line' id='line_1_55' title="bbox 483 5176 2053 5264; baseline 0.014 -36"><span class='ocrx_word' id='word_1_449' title='bbox 483 5176 818 5246; x_wconf 77' lang='grc' dir='ltr'>τικτόμενος,</span> <span class='ocrx_word' id='word_1_450' title='bbox 857 5181 946 5232; x_wconf 75' lang='grc' dir='ltr'>καὶ</span> <span class='ocrx_word' id='word_1_451' title='bbox 981 5183 1108 5251; x_wconf 80' lang='grc' dir='ltr'>περὶ</span> <span class='ocrx_word' id='word_1_452' title='bbox 1139 5183 1230 5236; x_wconf 84' lang='lat'>:06</span> <span class='ocrx_word' id='word_1_453' title='bbox 1265 5185 1370 5236; x_wconf 85' lang='grc' dir='ltr'>τῶν</span> <span class='ocrx_word' id='word_1_454' title='bbox 1414 5188 1524 5241; x_wconf 78' lang='grc' dir='ltr'>ἄνω</span> <span class='ocrx_word' id='word_1_455' title='bbox 1556 5190 1816 5258; x_wconf 82' lang='grc' dir='ltr'>βασιλέως</span> <span class='ocrx_word' id='word_1_456' title='bbox 1845 5197 1872 5248; x_wconf 93' lang='lat'>6</span> <span class='ocrx_word' id='word_1_457' title='bbox 1899 5196 2053 5264; x_wconf 84' lang='grc' dir='ltr'>λόγος</span> 
     </span>
    </p>
   </div>
   <div class='ocr_carea' id='block_1_56' title="bbox 484 5269 2050 5357">
    <p class='ocr_par' dir='ltr' id='par_1_56' title="bbox 484 5269 2050 5357">
     <span class='ocr_line' id='line_1_56' title="bbox 484 5269 2050 5357; baseline 0.012 -35"><span class='ocrx_word' id='word_1_458' title='bbox 484 5269 630 5322; x_wconf 70' lang='grc' dir='ltr'>ἐστὶν</span> <span class='ocrx_word' id='word_1_459' title='bbox 663 5271 827 5340; x_wconf 82' lang='grc' dir='ltr'>αὐτῷ.</span> <span class='ocrx_word' id='word_1_460' title='bbox 877 5273 1008 5325; x_wconf 80' lang='grc' dir='ltr'>Οὐδὲ</span> <span class='ocrx_word' id='word_1_461' title='bbox 1053 5275 1161 5345; x_wconf 78' lang='grc' dir='ltr'>γάρ</span> <span class='ocrx_word' id='word_1_462' title='bbox 1194 5277 1560 5349; x_wconf 79' lang='grc' dir='ltr'>ἁμαρτήματα</span> <span class='ocrx_word' id='word_1_463' title='bbox 1608 5285 1823 5351; x_wconf 79' lang='grc' dir='ltr'>ἀφιέναι</span> <span class='ocrx_word' id='word_1_464' title='bbox 1863 5288 2050 5357; x_wconf 82' lang='grc' dir='ltr'>ἐτέρας</span> 
     </span>
    </p>
   </div>
   <div class='ocr_carea' id='block_1_57' title="bbox 485 5363 2049 5448">
    <p class='ocr_par' dir='ltr' id='par_1_57' title="bbox 485 5363 2049 5448">
     <span class='ocr_line' id='line_1_57' title="bbox 485 5363 2049 5448; baseline 0.012 -34"><span class='ocrx_word' id='word_1_465' title='bbox 485 5363 602 5414; x_wconf 82' lang='grc' dir='ltr'>ἐστί</span> <span class='ocrx_word' id='word_1_466' title='bbox 651 5364 960 5434; x_wconf 85' lang='grc' dir='ltr'>δυνάμεως,</span> <span class='ocrx_word' id='word_1_467' title='bbox 1012 5367 1125 5419; x_wconf 87' lang='grc' dir='ltr'>ἀλλ’</span> <span class='ocrx_word' id='word_1_468' title='bbox 1172 5369 1204 5437; x_wconf 84' lang='grc' dir='ltr'><strong>ἢ</strong></span> <span class='ocrx_word' id='word_1_469' title='bbox 1248 5371 1346 5440; x_wconf 85' lang='grc' dir='ltr'>τῆς</span> <span class='ocrx_word' id='word_1_470' title='bbox 1387 5372 1572 5437; x_wconf 88' lang='grc' dir='ltr'>οὐσίας</span> <span class='ocrx_word' id='word_1_471' title='bbox 1620 5377 1786 5447; x_wconf 87' lang='grc' dir='ltr'>μόνης</span> <span class='ocrx_word' id='word_1_472' title='bbox 1817 5378 2049 5448; x_wconf 81' lang='grc' dir='ltr'>ἐκείνης.</span> 
     </span>
    </p>
   </div>
   <div class='ocr_carea' id='block_1_58' title="bbox 486 5453 2051 5538">
    <p class='ocr_par' dir='ltr' id='par_1_58' title="bbox 486 5453 2051 5538">
     <span class='ocr_line' id='line_1_58' title="bbox 486 5453 2051 5538; baseline 0.012 -32"><span class='ocrx_word' id='word_1_473' title='bbox 486 5457 527 5485; x_wconf 64' lang='grc' dir='ltr'>υ</span> <span class='ocrx_word' id='word_1_474' title='bbox 548 5457 696 5509; x_wconf 72' lang='grc' dir='ltr'>Ἐπεὶ</span> <span class='ocrx_word' id='word_1_475' title='bbox 727 5453 820 5511; x_wconf 73' lang='grc' dir='ltr'>οὖν</span> <span class='ocrx_word' id='word_1_476' title='bbox 880 5459 1145 5528; x_wconf 77' lang='grc' dir='ltr'>τοσαύτης</span> <span class='ocrx_word' id='word_1_477' title='bbox 1180 5462 1563 5536; x_wconf 85' lang='grc' dir='ltr'>ἀπελαύσαμεν</span> <span class='ocrx_word' id='word_1_478' title='bbox 1601 5468 1807 5538; x_wconf 79' lang='grc' dir='ltr'>δωρεᾶς</span> <span class='ocrx_word' id='word_1_479' title='bbox 1828 5509 1841 5534; x_wconf 89' lang='grc'>,</span> <span class='ocrx_word' id='word_1_480' title='bbox 1878 5472 2051 5524; x_wconf 88' lang='grc' dir='ltr'>πάντα</span> 
     </span>
    </p>
   </div>
   <div class='ocr_carea' id='block_1_59' title="bbox 2149 360 3711 439">
    <p class='ocr_par' dir='ltr' id='par_1_59' title="bbox 2149 360 3711 439">
     <span class='ocr_line' id='line_1_59' title="bbox 2149 360 3711 439; baseline -0.007 -16"><span class='ocrx_word' id='word_1_481' title='bbox 2149 369 2411 439; x_wconf 88' lang='grc' dir='ltr'>ποιῶμεν,</span> <span class='ocrx_word' id='word_1_482' title='bbox 2440 366 2580 420; x_wconf 83' lang='grc' dir='ltr'>ὥστε</span> <span class='ocrx_word' id='word_1_483' title='bbox 2633 364 2706 436; x_wconf 83' lang='grc' dir='ltr'>μὴ</span> <span class='ocrx_word' id='word_1_484' title='bbox 2752 364 2850 435; x_wconf 86' lang='grc' dir='ltr'>τὴν</span> <span class='ocrx_word' id='word_1_485' title='bbox 2883 363 3202 435; x_wconf 87' lang='grc' dir='ltr'>εὐεργεσίαν</span> <span class='ocrx_word' id='word_1_486' title='bbox 3248 360 3572 434; x_wconf 88' lang='grc' dir='ltr'>καθυϐρίσαι</span> <span class='ocrx_word' id='word_1_487' title='bbox 3611 364 3711 431; x_wconf 74' lang='grc' dir='ltr'>τὴν</span> 
     </span>
    </p>
   </div>
   <div class='ocr_carea' id='block_1_60' title="bbox 2149 451 3713 530">
    <p class='ocr_par' dir='ltr' id='par_1_60' title="bbox 2149 451 3713 530">
     <span class='ocr_line' id='line_1_60' title="bbox 2149 451 3713 530; baseline -0.006 -16"><span class='ocrx_word' id='word_1_488' title='bbox 2149 460 2435 530; x_wconf 86' lang='grc' dir='ltr'>τοσαύτην.</span> <span class='ocrx_word' id='word_1_489' title='bbox 2471 459 2532 511; x_wconf 85' lang='grc' dir='ltr'>Εἰ</span> <span class='ocrx_word' id='word_1_490' title='bbox 2573 457 2683 526; x_wconf 87' lang='grc' dir='ltr'>γὰρ</span> <span class='ocrx_word' id='word_1_491' title='bbox 2728 457 2821 510; x_wconf 86' lang='lat'><em>1:61</em></span> <span class='ocrx_word' id='word_1_492' title='bbox 2869 455 2974 526; x_wconf 87' lang='lat'><em>1:96</em></span> <span class='ocrx_word' id='word_1_493' title='bbox 3005 455 3104 525; x_wconf 89' lang='grc' dir='ltr'>τῆς</span> <span class='ocrx_word' id='word_1_494' title='bbox 3148 453 3312 524; x_wconf 86' lang='grc' dir='ltr'>τιμῆς</span> <span class='ocrx_word' id='word_1_495' title='bbox 3353 452 3552 521; x_wconf 88' lang='grc' dir='ltr'>ταύτης</span> <span class='ocrx_word' id='word_1_496' title='bbox 3589 451 3713 516; x_wconf 76' lang='grc' dir='ltr'>ἄξια</span> 
     </span>
    </p>
   </div>
   <div class='ocr_carea' id='block_1_61' title="bbox 2150 543 3715 618">
    <p class='ocr_par' dir='ltr' id='par_1_61' title="bbox 2150 543 3715 618">
     <span class='ocr_line' id='line_1_61' title="bbox 2150 543 3715 618; baseline -0.006 -12"><span class='ocrx_word' id='word_1_497' title='bbox 2150 553 2420 615; x_wconf 85' lang='grc' dir='ltr'>κολάσεως</span> <span class='ocrx_word' id='word_1_498' title='bbox 2465 551 2531 603; x_wconf 79' lang='grc' dir='ltr'>τὰ</span> <span class='ocrx_word' id='word_1_499' title='bbox 2564 548 2821 618; x_wconf 88' lang='grc' dir='ltr'>γινόμενα</span> <span class='ocrx_word' id='word_1_500' title='bbox 2853 543 2942 618; x_wconf 78' lang='grc' dir='ltr'>ἦν,</span> <span class='ocrx_word' id='word_1_501' title='bbox 2985 545 3163 616; x_wconf 81' lang='grc' dir='ltr'>πολλῷ</span> <span class='ocrx_word' id='word_1_502' title='bbox 3201 545 3398 614; x_wconf 82' lang='grc' dir='ltr'>μᾶλλον</span> <span class='ocrx_word' id='word_1_503' title='bbox 3446 543 3584 616; x_wconf 82' lang='grc' dir='ltr'>μετὰ</span> <span class='ocrx_word' id='word_1_504' title='bbox 3615 543 3715 614; x_wconf 79' lang='grc' dir='ltr'>τὴν</span> 
     </span>
    </p>
   </div>
   <div class='ocr_carea' id='block_1_62' title="bbox 2151 627 3522 712">
    <p class='ocr_par' dir='ltr' id='par_1_62' title="bbox 2151 627 3522 712">
     <span class='ocr_line' id='line_1_62' title="bbox 2151 627 3522 712; baseline -0.012 -15"><span class='ocrx_word' id='word_1_505' title='bbox 2151 645 2353 712; x_wconf 78' lang='grc' dir='ltr'>ἄφατον</span> <span class='ocrx_word' id='word_1_506' title='bbox 2381 641 2582 710; x_wconf 88' lang='grc' dir='ltr'>ταύτην</span> <span class='ocrx_word' id='word_1_507' title='bbox 2605 637 2937 708; x_wconf 89' lang='grc' dir='ltr'>εὐεργεσίαν.</span> <span class='ocrx_word' id='word_1_508' title='bbox 3512 627 3522 637; x_wconf 86' lang='grc'><em>’</em></span> 
     </span>
    </p>
   </div>
   <div class='ocr_carea' id='block_1_63' title="bbox 2224 724 3717 798">
    <p class='ocr_par' dir='ltr' id='par_1_63' title="bbox 2224 724 3717 798">
     <span class='ocr_line' id='line_1_63' title="bbox 2224 724 3717 798; baseline -0.006 -13"><span class='ocrx_word' id='word_1_509' title='bbox 2224 732 2334 785; x_wconf 80' lang='grc' dir='ltr'>Καὶ</span> <span class='ocrx_word' id='word_1_510' title='bbox 2361 731 2534 784; x_wconf 82' lang='grc' dir='ltr'>ταῦτα</span> <span class='ocrx_word' id='word_1_511' title='bbox 2559 731 2656 798; x_wconf 92' lang='grc' dir='ltr'>οὐχ</span> <span class='ocrx_word' id='word_1_512' title='bbox 2692 726 2877 789; x_wconf 82' lang='grc' dir='ltr'>ἁπλῶς</span> <span class='ocrx_word' id='word_1_513' title='bbox 2905 726 3046 794; x_wconf 86' lang='grc' dir='ltr'>λέγω</span> <span class='ocrx_word' id='word_1_514' title='bbox 3075 725 3191 789; x_wconf 80' lang='grc' dir='ltr'>νῦν,</span> <span class='ocrx_word' id='word_1_515' title='bbox 3222 725 3334 778; x_wconf 88' lang='grc' dir='ltr'>ἀλλ’</span> <span class='ocrx_word' id='word_1_516' title='bbox 3370 725 3559 796; x_wconf 83' lang='grc' dir='ltr'>ἐπειδὴ</span> <span class='ocrx_word' id='word_1_517' title='bbox 3589 724 3717 778; x_wconf 89' lang='grc' dir='ltr'>πολ-</span> 
     </span>
    </p>
   </div>
   <div class='ocr_carea' id='block_1_64' title="bbox 2151 816 3717 892">
    <p class='ocr_par' dir='ltr' id='par_1_64' title="bbox 2151 816 3717 892">
     <span class='ocr_line' id='line_1_64' title="bbox 2151 816 3717 892; baseline -0.004 -16"><span class='ocrx_word' id='word_1_518' title='bbox 2151 825 2276 888; x_wconf 82' lang='grc' dir='ltr'>λούς</span> <span class='ocrx_word' id='word_1_519' title='bbox 2304 822 2414 892; x_wconf 82' lang='grc' dir='ltr'>ὁρῶ</span> <span class='ocrx_word' id='word_1_520' title='bbox 2449 819 2587 890; x_wconf 87' lang='grc' dir='ltr'>μετά</span> <span class='ocrx_word' id='word_1_521' title='bbox 2612 819 2672 872; x_wconf 93' lang='grc' dir='ltr'>τὸ</span> <span class='ocrx_word' id='word_1_522' title='bbox 2707 818 2988 887; x_wconf 84' lang='grc' dir='ltr'>βάπτισμα</span> <span class='ocrx_word' id='word_1_523' title='bbox 3017 816 3381 888; x_wconf 79' lang='grc' dir='ltr'>ῥᾳθυμότερον</span> <span class='ocrx_word' id='word_1_524' title='bbox 3408 817 3513 868; x_wconf 86' lang='grc' dir='ltr'>τῶν</span> <span class='ocrx_word' id='word_1_525' title='bbox 3539 817 3717 886; x_wconf 82' lang='grc' dir='ltr'>ἀμυή·</span> 
     </span>
    </p>
   </div>
   <div class='ocr_carea' id='block_1_65' title="bbox 2154 909 3716 980">
    <p class='ocr_par' dir='ltr' id='par_1_65' title="bbox 2154 909 3716 980">
     <span class='ocr_line' id='line_1_65' title="bbox 2154 909 3716 980; baseline -0.005 -10"><span class='ocrx_word' id='word_1_526' title='bbox 2154 936 2259 971; x_wconf 89' lang='grc' dir='ltr'>των</span> <span class='ocrx_word' id='word_1_527' title='bbox 2289 913 2682 976; x_wconf 83' lang='grc' dir='ltr'>διατελοῦντας,</span> <span class='ocrx_word' id='word_1_528' title='bbox 2714 913 2807 964; x_wconf 84' lang='lat'><em>1:61</em></span> <span class='ocrx_word' id='word_1_529' title='bbox 2836 911 3002 974; x_wconf 78' lang='grc' dir='ltr'>οὐδὲν¹</span> <span class='ocrx_word' id='word_1_530' title='bbox 3021 909 3240 980; x_wconf 72' lang='grc' dir='ltr'>ἔχοντας</span> <span class='ocrx_word' id='word_1_531' title='bbox 3276 911 3403 962; x_wconf 74' lang='grc' dir='ltr'>ἴδιον</span> <span class='ocrx_word' id='word_1_532' title='bbox 3433 909 3716 980; x_wconf 84' lang='grc' dir='ltr'>γνώρισμα</span> 
     </span>
    </p>
   </div>
   <div class='ocr_carea' id='block_1_66' title="bbox 2157 1002 3721 1072">
    <p class='ocr_par' dir='ltr' id='par_1_66' title="bbox 2157 1002 3721 1072">
     <span class='ocr_line' id='line_1_66' title="bbox 2157 1002 3721 1072; baseline -0.005 -10"><span class='ocrx_word' id='word_1_533' title='bbox 2157 1008 2447 1069; x_wconf 86' lang='grc' dir='ltr'>πολιτείας.</span> <span class='ocrx_word' id='word_1_534' title='bbox 2480 1006 2579 1060; x_wconf 81' lang='grc' dir='ltr'>Διά</span> <span class='ocrx_word' id='word_1_535' title='bbox 2618 1021 2700 1057; x_wconf 90' lang='grc' dir='ltr'>τοι</span> <span class='ocrx_word' id='word_1_536' title='bbox 2746 1002 2904 1056; x_wconf 80' lang='grc' dir='ltr'>τοῦτο</span> <span class='ocrx_word' id='word_1_537' title='bbox 2934 1003 3034 1055; x_wconf 90' lang='grc' dir='ltr'>οὐκ</span> <span class='ocrx_word' id='word_1_538' title='bbox 3074 1004 3132 1054; x_wconf 88' lang='grc' dir='ltr'>ἐν</span> <span class='ocrx_word' id='word_1_539' title='bbox 3168 1002 3362 1072; x_wconf 82' lang='grc' dir='ltr'>ἀγορᾷ,</span> <span class='ocrx_word' id='word_1_540' title='bbox 3392 1002 3490 1054; x_wconf 87' lang='grc' dir='ltr'>οὐκ</span> <span class='ocrx_word' id='word_1_541' title='bbox 3525 1002 3582 1053; x_wconf 88' lang='grc' dir='ltr'>ἐν</span> <span class='ocrx_word' id='word_1_542' title='bbox 3630 1003 3721 1054; x_wconf 80' lang='grc' dir='ltr'>ἐκ-</span> 
     </span>
    </p>
   </div>
   <div class='ocr_carea' id='block_1_67' title="bbox 2158 1092 3723 1169">
    <p class='ocr_par' dir='ltr' id='par_1_67' title="bbox 2158 1092 3723 1169">
     <span class='ocr_line' id='line_1_67' title="bbox 2158 1092 3723 1169; baseline -0.006 -15"><span class='ocrx_word' id='word_1_543' title='bbox 2158 1099 2356 1169; x_wconf 83' lang='grc' dir='ltr'>κλησίᾳ</span> <span class='ocrx_word' id='word_1_544' title='bbox 2381 1097 2604 1150; x_wconf 89' lang='grc' dir='ltr'>δυνατὸν</span> <span class='ocrx_word' id='word_1_545' title='bbox 2629 1095 2826 1148; x_wconf 83' lang='grc' dir='ltr'>εἰδέναι</span> <span class='ocrx_word' id='word_1_546' title='bbox 2845 1094 3074 1163; x_wconf 89' lang='grc' dir='ltr'>ταχέως,</span> <span class='ocrx_word' id='word_1_547' title='bbox 3103 1094 3187 1156; x_wconf 89' lang='grc' dir='ltr'>τίς</span> <span class='ocrx_word' id='word_1_548' title='bbox 3225 1094 3321 1163; x_wconf 85' lang='grc' dir='ltr'>μὲν</span> <span class='ocrx_word' id='word_1_549' title='bbox 3351 1093 3379 1144; x_wconf 90' lang='lat'>6</span> <span class='ocrx_word' id='word_1_550' title='bbox 3411 1093 3620 1155; x_wconf 88' lang='grc' dir='ltr'>πιστὸς,</span> <span class='ocrx_word' id='word_1_551' title='bbox 3639 1092 3723 1156; x_wconf 90' lang='grc' dir='ltr'>τίς</span> 
     </span>
    </p>
   </div>
   <div class='ocr_carea' id='block_1_68' title="bbox 2158 1183 3723 1260">
    <p class='ocr_par' dir='ltr' id='par_1_68' title="bbox 2158 1183 3723 1260">
     <span class='ocr_line' id='line_1_68' title="bbox 2158 1183 3723 1260; baseline -0.006 -16"><span class='ocrx_word' id='word_1_552' title='bbox 2158 1192 2215 1244; x_wconf 87' lang='grc' dir='ltr'>δέ</span> <span class='ocrx_word' id='word_1_553' title='bbox 2236 1193 2263 1244; x_wconf 91' lang='lat'>6</span> <span class='ocrx_word' id='word_1_554' title='bbox 2289 1189 2363 1260; x_wconf 80' lang='grc' dir='ltr'>μὴ</span> <span class='ocrx_word' id='word_1_555' title='bbox 2390 1188 2576 1250; x_wconf 73' lang='grc' dir='ltr'>πιστὸς</span> <span class='ocrx_word' id='word_1_556' title='bbox 2594 1225 2610 1252; x_wconf 92' lang='grc'>,</span> <span class='ocrx_word' id='word_1_557' title='bbox 2631 1186 2766 1256; x_wconf 82' lang='grc' dir='ltr'>πλὴν</span> <span class='ocrx_word' id='word_1_558' title='bbox 2803 1185 2856 1237; x_wconf 82' lang='grc' dir='ltr'>εἴ</span> <span class='ocrx_word' id='word_1_559' title='bbox 2877 1202 2962 1248; x_wconf 91' lang='grc' dir='ltr'>τις</span> <span class='ocrx_word' id='word_1_560' title='bbox 2985 1185 3125 1238; x_wconf 77' lang='grc' dir='ltr'>κατὰ</span> <span class='ocrx_word' id='word_1_561' title='bbox 3148 1183 3241 1238; x_wconf 89' lang='grc' dir='ltr'>τὸν</span> <span class='ocrx_word' id='word_1_562' title='bbox 3262 1184 3450 1254; x_wconf 76' lang='grc' dir='ltr'>καιρὸν</span> <span class='ocrx_word' id='word_1_563' title='bbox 3473 1183 3723 1253; x_wconf 77' lang='grc' dir='ltr'>ἐπισταίη</span> 
     </span>
    </p>
   </div>
   <div class='ocr_carea' id='block_1_69' title="bbox 2159 1273 3722 1348">
    <p class='ocr_par' dir='ltr' id='par_1_69' title="bbox 2159 1273 3722 1348">
     <span class='ocr_line' id='line_1_69' title="bbox 2159 1273 3722 1348; baseline -0.005 -13"><span class='ocrx_word' id='word_1_564' title='bbox 2159 1283 2267 1335; x_wconf 92' lang='grc' dir='ltr'>τῶν</span> <span class='ocrx_word' id='word_1_565' title='bbox 2315 1277 2650 1348; x_wconf 88' lang='grc' dir='ltr'>μυστηρίων,</span> <span class='ocrx_word' id='word_1_566' title='bbox 2698 1277 2792 1328; x_wconf 85' lang='lat'><em>1:61</em></span> <span class='ocrx_word' id='word_1_567' title='bbox 2827 1275 2925 1328; x_wconf 84' lang='grc' dir='ltr'>ίδοι</span> <span class='ocrx_word' id='word_1_568' title='bbox 2962 1275 3088 1337; x_wconf 79' lang='grc' dir='ltr'>τοὺς</span> <span class='ocrx_word' id='word_1_569' title='bbox 3133 1275 3230 1345; x_wconf 80' lang='grc' dir='ltr'>μὲν</span> <span class='ocrx_word' id='word_1_570' title='bbox 3279 1273 3722 1345; x_wconf 71' lang='grc' dir='ltr'>ἐκϐαλλομένους,</span> 
     </span>
    </p>
   </div>
   <div class='ocr_carea' id='block_1_70' title="bbox 2161 1362 3728 1437">
    <p class='ocr_par' dir='ltr' id='par_1_70' title="bbox 2161 1362 3728 1437">
     <span class='ocr_line' id='line_1_70' title="bbox 2161 1362 3728 1437; baseline -0.005 -13"><span class='ocrx_word' id='word_1_571' title='bbox 2161 1371 2287 1432; x_wconf 76' lang='grc' dir='ltr'>τούς</span> <span class='ocrx_word' id='word_1_572' title='bbox 2316 1369 2371 1422; x_wconf 86' lang='grc' dir='ltr'>δὲ</span> <span class='ocrx_word' id='word_1_573' title='bbox 2402 1367 2549 1420; x_wconf 79' lang='grc' dir='ltr'>ἔνδον</span> <span class='ocrx_word' id='word_1_574' title='bbox 2583 1367 2860 1437; x_wconf 89' lang='grc' dir='ltr'>μένοντας.</span> <span class='ocrx_word' id='word_1_575' title='bbox 2901 1366 3096 1436; x_wconf 83' lang='grc' dir='ltr'>Ἐχρῆν</span> <span class='ocrx_word' id='word_1_576' title='bbox 3133 1365 3190 1418; x_wconf 87' lang='grc' dir='ltr'>δὲ</span> <span class='ocrx_word' id='word_1_577' title='bbox 3227 1365 3326 1417; x_wconf 87' lang='grc' dir='ltr'>οὐκ</span> <span class='ocrx_word' id='word_1_578' title='bbox 3366 1363 3475 1416; x_wconf 86' lang='grc' dir='ltr'>ἀπὸ</span> <span class='ocrx_word' id='word_1_579' title='bbox 3509 1362 3603 1416; x_wconf 81' lang='grc' dir='ltr'>τοῦ</span> <span class='ocrx_word' id='word_1_580' title='bbox 3640 1364 3728 1417; x_wconf 89' lang='grc' dir='ltr'>τό-</span> 
     </span>
    </p>
   </div>
   <div class='ocr_carea' id='block_1_71' title="bbox 2163 1452 3728 1528">
    <p class='ocr_par' dir='ltr' id='par_1_71' title="bbox 2163 1452 3728 1528">
     <span class='ocr_line' id='line_1_71' title="bbox 2163 1452 3728 1528; baseline -0.004 -15"><span class='ocrx_word' id='word_1_581' title='bbox 2163 1479 2287 1524; x_wconf 88' lang='grc' dir='ltr'>που,</span> <span class='ocrx_word' id='word_1_582' title='bbox 2317 1459 2432 1512; x_wconf 85' lang='grc' dir='ltr'>ἀλλ’</span> <span class='ocrx_word' id='word_1_583' title='bbox 2459 1457 2569 1510; x_wconf 84' lang='grc' dir='ltr'>ἀπὸ</span> <span class='ocrx_word' id='word_1_584' title='bbox 2594 1456 2689 1510; x_wconf 82' lang='grc' dir='ltr'>τοῦ</span> <span class='ocrx_word' id='word_1_585' title='bbox 2727 1456 2926 1528; x_wconf 87' lang='grc' dir='ltr'>τρόπου</span> <span class='ocrx_word' id='word_1_586' title='bbox 2962 1453 3340 1525; x_wconf 81' lang='grc' dir='ltr'>γνωρίζεσθαι.</span> <span class='ocrx_word' id='word_1_587' title='bbox 3372 1455 3452 1507; x_wconf 86' lang='grc' dir='ltr'>Τὰ</span> <span class='ocrx_word' id='word_1_588' title='bbox 3494 1453 3592 1524; x_wconf 83' lang='grc' dir='ltr'>μὲν</span> <span class='ocrx_word' id='word_1_589' title='bbox 3619 1452 3728 1522; x_wconf 82' lang='grc' dir='ltr'>γὰρ</span> 
     </span>
    </p>
   </div>
   <div class='ocr_carea' id='block_1_72' title="bbox 2165 1545 3727 1619">
    <p class='ocr_par' dir='ltr' id='par_1_72' title="bbox 2165 1545 3727 1619">
     <span class='ocr_line' id='line_1_72' title="bbox 2165 1545 3727 1619; baseline -0.007 -12"><span class='ocrx_word' id='word_1_590' title='bbox 2165 1553 2360 1618; x_wconf 74' lang='grc' dir='ltr'>ἔξωθεν</span> <span class='ocrx_word' id='word_1_591' title='bbox 2392 1553 2436 1583; x_wconf 78' lang='grc'>’⁵</span> <span class='ocrx_word' id='word_1_592' title='bbox 2468 1547 2778 1619; x_wconf 81' lang='grc' dir='ltr'>ἀξιώματα,</span> <span class='ocrx_word' id='word_1_593' title='bbox 2817 1547 3039 1610; x_wconf 82' lang='grc' dir='ltr'>εἰκότως</span> <span class='ocrx_word' id='word_1_594' title='bbox 3078 1546 3304 1600; x_wconf 87' lang='grc' dir='ltr'>ἀπὸτῶν</span> <span class='ocrx_word' id='word_1_595' title='bbox 3337 1545 3533 1610; x_wconf 81' lang='grc' dir='ltr'>ἔξωθεν</span> <span class='ocrx_word' id='word_1_596' title='bbox 3573 1561 3727 1616; x_wconf 87' lang='grc' dir='ltr'>περι-</span> 
     </span>
    </p>
   </div>
   <div class='ocr_carea' id='block_1_73' title="bbox 2170 1635 3728 1713">
    <p class='ocr_par' dir='ltr' id='par_1_73' title="bbox 2170 1635 3728 1713">
     <span class='ocr_line' id='line_1_73' title="bbox 2170 1635 3728 1713; baseline -0.006 -17"><span class='ocrx_word' id='word_1_597' title='bbox 2170 1642 2436 1713; x_wconf 84' lang='grc' dir='ltr'>κειμένων</span> <span class='ocrx_word' id='word_1_598' title='bbox 2458 1637 2577 1711; x_wconf 88' lang='lat'><em>[60]</em></span> <span class='ocrx_word' id='word_1_599' title='bbox 2603 1637 2914 1708; x_wconf 88' lang='grc' dir='ltr'>τεκμηρίων</span> <span class='ocrx_word' id='word_1_600' title='bbox 2941 1638 3056 1690; x_wconf 82' lang='lat'><em>66:1</em></span> <span class='ocrx_word' id='word_1_601' title='bbox 3084 1637 3357 1708; x_wconf 82' lang='grc' dir='ltr'>κατάδηλα</span> <span class='ocrx_word' id='word_1_602' title='bbox 3374 1654 3387 1668; x_wconf 92' lang='grc'><strong>·</strong></span> <span class='ocrx_word' id='word_1_603' title='bbox 3421 1636 3490 1689; x_wconf 87' lang='lat'>:6</span> <span class='ocrx_word' id='word_1_604' title='bbox 3513 1635 3568 1688; x_wconf 87' lang='lat'>66</span> <span class='ocrx_word' id='word_1_605' title='bbox 3591 1635 3728 1707; x_wconf 80' lang='grc' dir='ltr'>ἠμέ-</span> 
     </span>
    </p>
   </div>
   <div class='ocr_carea' id='block_1_74' title="bbox 2167 1725 3737 1806">
    <p class='ocr_par' dir='ltr' id='par_1_74' title="bbox 2167 1725 3737 1806">
     <span class='ocr_line' id='line_1_74' title="bbox 2167 1725 3737 1806; baseline -0.003 -20"><span class='ocrx_word' id='word_1_606' title='bbox 2167 1750 2300 1806; x_wconf 86' lang='grc' dir='ltr'>τερα</span> <span class='ocrx_word' id='word_1_607' title='bbox 2347 1734 2456 1788; x_wconf 86' lang='grc' dir='ltr'>ἀπὸ</span> <span class='ocrx_word' id='word_1_608' title='bbox 2493 1733 2593 1802; x_wconf 85' lang='grc' dir='ltr'>τῆς</span> <span class='ocrx_word' id='word_1_609' title='bbox 2621 1731 2794 1802; x_wconf 76' lang='grc' dir='ltr'>ψυχῆς</span> <span class='ocrx_word' id='word_1_610' title='bbox 2832 1725 2972 1782; x_wconf 79' lang='grc' dir='ltr'>εἶναι</span> <span class='ocrx_word' id='word_1_611' title='bbox 3022 1729 3276 1800; x_wconf 80' lang='grc' dir='ltr'>γνώριμα</span> <span class='ocrx_word' id='word_1_612' title='bbox 3308 1729 3434 1799; x_wconf 84' lang='grc' dir='ltr'>χρή.</span> <span class='ocrx_word' id='word_1_613' title='bbox 3481 1729 3584 1782; x_wconf 86' lang='grc' dir='ltr'>Τὸν</span> <span class='ocrx_word' id='word_1_614' title='bbox 3629 1730 3737 1802; x_wconf 80' lang='grc' dir='ltr'>γὰρ</span> 
     </span>
    </p>
   </div>
   <div class='ocr_carea' id='block_1_75' title="bbox 2169 1818 3735 1890">
    <p class='ocr_par' dir='ltr' id='par_1_75' title="bbox 2169 1818 3735 1890">
     <span class='ocr_line' id='line_1_75' title="bbox 2169 1818 3735 1890; baseline -0.002 -14"><span class='ocrx_word' id='word_1_615' title='bbox 2169 1825 2356 1878; x_wconf 88' lang='grc' dir='ltr'>πιστὸν</span> <span class='ocrx_word' id='word_1_616' title='bbox 2411 1823 2510 1876; x_wconf 92' lang='grc' dir='ltr'>οὐκ</span> <span class='ocrx_word' id='word_1_617' title='bbox 2547 1821 2654 1874; x_wconf 86' lang='grc' dir='ltr'>ἀπὸ</span> <span class='ocrx_word' id='word_1_618' title='bbox 2684 1820 2784 1890; x_wconf 87' lang='grc' dir='ltr'>τῆς</span> <span class='ocrx_word' id='word_1_619' title='bbox 2833 1819 3043 1889; x_wconf 84' lang='grc' dir='ltr'>δωρεᾶς</span> <span class='ocrx_word' id='word_1_620' title='bbox 3090 1819 3196 1889; x_wconf 86' lang='grc' dir='ltr'>χρὴ</span> <span class='ocrx_word' id='word_1_621' title='bbox 3231 1818 3513 1887; x_wconf 78' lang='grc' dir='ltr'>φαίνεσθαι</span> <span class='ocrx_word' id='word_1_622' title='bbox 3552 1820 3735 1890; x_wconf 86' lang='grc' dir='ltr'>μόνον,</span> 
     </span>
    </p>
   </div>
   <div class='ocr_carea' id='block_1_76' title="bbox 2167 1907 3736 1980">
    <p class='ocr_par' dir='ltr' id='par_1_76' title="bbox 2167 1907 3736 1980">
     <span class='ocr_line' id='line_1_76' title="bbox 2167 1907 3736 1980; baseline -0.003 -16"><span class='ocrx_word' id='word_1_623' title='bbox 2167 1912 2300 1965; x_wconf 85' lang='grc' dir='ltr'>ἀλλά</span> <span class='ocrx_word' id='word_1_624' title='bbox 2350 1911 2444 1964; x_wconf 87' lang='lat'><em>1:61</em></span> <span class='ocrx_word' id='word_1_625' title='bbox 2496 1910 2603 1964; x_wconf 87' lang='lat'><em>61:6</em></span> <span class='ocrx_word' id='word_1_626' title='bbox 2644 1909 2740 1980; x_wconf 91' lang='grc' dir='ltr'>τῆς</span> <span class='ocrx_word' id='word_1_627' title='bbox 2789 1907 2932 1978; x_wconf 76' lang='grc' dir='ltr'>ζωῆς</span> <span class='ocrx_word' id='word_1_628' title='bbox 2975 1908 3074 1976; x_wconf 88' lang='grc' dir='ltr'>τῆς</span> <span class='ocrx_word' id='word_1_629' title='bbox 3117 1907 3331 1977; x_wconf 84' lang='grc' dir='ltr'>καινῆς.</span> <span class='ocrx_word' id='word_1_630' title='bbox 3372 1907 3476 1960; x_wconf 86' lang='grc' dir='ltr'>Τὸν</span> <span class='ocrx_word' id='word_1_631' title='bbox 3524 1909 3736 1974; x_wconf 88' lang='grc' dir='ltr'>πιστὸν,</span> 
     </span>
    </p>
   </div>
   <div class='ocr_carea' id='block_1_77' title="bbox 2167 1997 3736 2072">
    <p class='ocr_par' dir='ltr' id='par_1_77' title="bbox 2167 1997 3736 2072">
     <span class='ocr_line' id='line_1_77' title="bbox 2167 1997 3736 2072; baseline -0.003 -17"><span class='ocrx_word' id='word_1_632' title='bbox 2167 2002 2430 2072; x_wconf 75' lang='grc' dir='ltr'>φωστῆρα</span> <span class='ocrx_word' id='word_1_633' title='bbox 2458 2001 2539 2054; x_wconf 85' lang='grc' dir='ltr'>δεῖ</span> <span class='ocrx_word' id='word_1_634' title='bbox 2584 1997 2722 2052; x_wconf 78' lang='grc' dir='ltr'>εἶναι</span> <span class='ocrx_word' id='word_1_635' title='bbox 2757 1998 2852 2052; x_wconf 85' lang='lat'>:06</span> <span class='ocrx_word' id='word_1_636' title='bbox 2893 1999 3100 2068; x_wconf 81' lang='grc' dir='ltr'>κόσμου</span> <span class='ocrx_word' id='word_1_637' title='bbox 3148 1998 3242 2051; x_wconf 91' lang='lat'><em>1:61</em></span> <span class='ocrx_word' id='word_1_638' title='bbox 3287 1997 3441 2061; x_wconf 73' lang='grc' dir='ltr'>ἃλας.</span> <span class='ocrx_word' id='word_1_639' title='bbox 3486 1997 3649 2051; x_wconf 81' lang='grc' dir='ltr'>Ὅταν</span> <span class='ocrx_word' id='word_1_640' title='bbox 3677 1997 3736 2050; x_wconf 84' lang='grc' dir='ltr'>δὲ</span> 
     </span>
    </p>
   </div>
   <div class='ocr_carea' id='block_1_78' title="bbox 2171 2090 3738 2165">
    <p class='ocr_par' dir='ltr' id='par_1_78' title="bbox 2171 2090 3738 2165">
     <span class='ocr_line' id='line_1_78' title="bbox 2171 2090 3738 2165; baseline -0.003 -18"><span class='ocrx_word' id='word_1_641' title='bbox 2171 2095 2303 2164; x_wconf 77' lang='grc' dir='ltr'>μηδὲ</span> <span class='ocrx_word' id='word_1_642' title='bbox 2364 2092 2545 2163; x_wconf 80' lang='grc' dir='ltr'>σαυτῷ</span> <span class='ocrx_word' id='word_1_643' title='bbox 2598 2092 2830 2165; x_wconf 66' lang='grc' dir='ltr'>φαίνῃςν</span> <span class='ocrx_word' id='word_1_644' title='bbox 2865 2092 2999 2160; x_wconf 84' lang='grc' dir='ltr'>μηδέ</span> <span class='ocrx_word' id='word_1_645' title='bbox 3052 2091 3151 2160; x_wconf 82' lang='grc' dir='ltr'>τὴν</span> <span class='ocrx_word' id='word_1_646' title='bbox 3206 2090 3410 2143; x_wconf 84' lang='grc' dir='ltr'>οἰκείαν</span> <span class='ocrx_word' id='word_1_647' title='bbox 3469 2090 3738 2159; x_wconf 74' lang='grc' dir='ltr'>σηπεδόνα.</span> 
     </span>
    </p>
   </div>
   <div class='ocr_carea' id='block_1_79' title="bbox 2170 2180 3736 2257">
    <p class='ocr_par' dir='ltr' id='par_1_79' title="bbox 2170 2180 3736 2257">
     <span class='ocr_line' id='line_1_79' title="bbox 2170 2180 3736 2257; baseline -0.004 -18"><span class='ocrx_word' id='word_1_648' title='bbox 2170 2185 2543 2257; x_wconf 79' lang='grc' dir='ltr'>ἐπισφίγγῃς,</span> <span class='ocrx_word' id='word_1_649' title='bbox 2607 2183 2771 2236; x_wconf 86' lang='grc' dir='ltr'>πόθεν</span> <span class='ocrx_word' id='word_1_650' title='bbox 2833 2198 2892 2234; x_wconf 83' lang='grc' dir='ltr'>σε</span> <span class='ocrx_word' id='word_1_651' title='bbox 2939 2180 3196 2251; x_wconf 84' lang='grc' dir='ltr'>εἰσόμεθα</span> <span class='ocrx_word' id='word_1_652' title='bbox 3239 2180 3453 2243; x_wconf 87' lang='grc' dir='ltr'>λοιπόν;</span> <span class='ocrx_word' id='word_1_653' title='bbox 3502 2180 3584 2233; x_wconf 83' lang='lat'>6::</span> <span class='ocrx_word' id='word_1_654' title='bbox 3627 2180 3736 2233; x_wconf 88' lang='grc' dir='ltr'>τῶν</span> 
     </span>
    </p>
   </div>
   <div class='ocr_carea' id='block_1_80' title="bbox 2167 2270 3736 2347">
    <p class='ocr_par' dir='ltr' id='par_1_80' title="bbox 2167 2270 3736 2347">
     <span class='ocr_line' id='line_1_80' title="bbox 2167 2270 3736 2347; baseline -0.004 -17"><span class='ocrx_word' id='word_1_655' title='bbox 2167 2278 2421 2347; x_wconf 86' lang='grc' dir='ltr'>ναμάτων</span> <span class='ocrx_word' id='word_1_656' title='bbox 2460 2275 2661 2346; x_wconf 79' lang='grc' dir='ltr'>ἐπέϐης</span> <span class='ocrx_word' id='word_1_657' title='bbox 2695 2274 2803 2327; x_wconf 89' lang='grc' dir='ltr'>τῶν</span> <span class='ocrx_word' id='word_1_658' title='bbox 2831 2271 3030 2344; x_wconf 88' lang='grc' dir='ltr'>ἰερῶν;</span> <span class='ocrx_word' id='word_1_659' title='bbox 3076 2271 3234 2325; x_wconf 85' lang='grc' dir='ltr'>Ἀλλά</span> <span class='ocrx_word' id='word_1_660' title='bbox 3262 2270 3421 2324; x_wconf 77' lang='grc' dir='ltr'>τοῦτό</span> <span class='ocrx_word' id='word_1_661' title='bbox 3462 2287 3544 2324; x_wconf 90' lang='grc' dir='ltr'>σοι</span> <span class='ocrx_word' id='word_1_662' title='bbox 3576 2272 3736 2326; x_wconf 85' lang='grc' dir='ltr'>κολά-</span> 
     </span>
    </p>
   </div>
   <div class='ocr_carea' id='block_1_81' title="bbox 2169 2363 3736 2436">
    <p class='ocr_par' dir='ltr' id='par_1_81' title="bbox 2169 2363 3736 2436">
     <span class='ocr_line' id='line_1_81' title="bbox 2169 2363 3736 2436; baseline -0.003 -15"><span class='ocrx_word' id='word_1_663' title='bbox 2169 2385 2305 2432; x_wconf 88' lang='grc' dir='ltr'>σεως</span> <span class='ocrx_word' id='word_1_664' title='bbox 2333 2369 2539 2436; x_wconf 83' lang='grc' dir='ltr'>ἐφόδιον</span> <span class='ocrx_word' id='word_1_665' title='bbox 2567 2367 2798 2434; x_wconf 88' lang='grc' dir='ltr'>γίνεται.</span> <span class='ocrx_word' id='word_1_666' title='bbox 2842 2364 3020 2436; x_wconf 88' lang='grc' dir='ltr'>Τιμῆς</span> <span class='ocrx_word' id='word_1_667' title='bbox 3063 2364 3172 2435; x_wconf 84' lang='grc' dir='ltr'>γὰρ</span> <span class='ocrx_word' id='word_1_668' title='bbox 3221 2363 3450 2434; x_wconf 90' lang='grc' dir='ltr'>μέγεθος</span> <span class='ocrx_word' id='word_1_669' title='bbox 3482 2367 3595 2427; x_wconf 87' lang='grc' dir='ltr'>τοῖς</span> <span class='ocrx_word' id='word_1_670' title='bbox 3635 2365 3736 2417; x_wconf 86' lang='grc' dir='ltr'>οὐκ</span> 
     </span>
    </p>
   </div>
   <div class='ocr_carea' id='block_1_82' title="bbox 2166 2455 3735 2529">
    <p class='ocr_par' dir='ltr' id='par_1_82' title="bbox 2166 2455 3735 2529">
     <span class='ocr_line' id='line_1_82' title="bbox 2166 2455 3735 2529; baseline -0.001 -17"><span class='ocrx_word' id='word_1_671' title='bbox 2166 2459 2329 2526; x_wconf 78' lang='grc' dir='ltr'>ἀξίως</span> <span class='ocrx_word' id='word_1_672' title='bbox 2361 2462 2459 2529; x_wconf 86' lang='grc' dir='ltr'>τῆς</span> <span class='ocrx_word' id='word_1_673' title='bbox 2489 2459 2652 2528; x_wconf 89' lang='grc' dir='ltr'>τιμῆς</span> <span class='ocrx_word' id='word_1_674' title='bbox 2699 2457 2798 2527; x_wconf 79' lang='grc' dir='ltr'>ζῇν</span> <span class='ocrx_word' id='word_1_675' title='bbox 2846 2456 3296 2529; x_wconf 88' lang='grc' dir='ltr'>προαιρουμένοις</span> <span class='ocrx_word' id='word_1_676' title='bbox 3329 2455 3610 2527; x_wconf 88' lang='grc' dir='ltr'>προσθήκη</span> <span class='ocrx_word' id='word_1_677' title='bbox 3653 2475 3735 2510; x_wconf 75' lang='grc' dir='ltr'>τιο</span> 
     </span>
    </p>
   </div>
   <div class='ocr_carea' id='block_1_83' title="bbox 2168 2537 3734 2618">
    <p class='ocr_par' dir='ltr' id='par_1_83' title="bbox 2168 2537 3734 2618">
     <span class='ocr_line' id='line_1_83' title="bbox 2168 2537 3734 2618; baseline -0.003 -17"><span class='ocrx_word' id='word_1_678' title='bbox 2168 2549 2379 2618; x_wconf 90' lang='grc' dir='ltr'>μωρίας</span> <span class='ocrx_word' id='word_1_679' title='bbox 2402 2547 2535 2600; x_wconf 85' lang='grc' dir='ltr'>ἐστί.</span> <span class='ocrx_word' id='word_1_680' title='bbox 2559 2547 2663 2599; x_wconf 88' lang='grc' dir='ltr'>Τὸν</span> <span class='ocrx_word' id='word_1_681' title='bbox 2692 2545 2801 2616; x_wconf 84' lang='grc' dir='ltr'>γάρ</span> <span class='ocrx_word' id='word_1_682' title='bbox 2833 2545 3021 2599; x_wconf 89' lang='grc' dir='ltr'>πιστὸν</span> <span class='ocrx_word' id='word_1_683' title='bbox 3046 2546 3147 2599; x_wconf 91' lang='grc' dir='ltr'>οὐκ</span> <span class='ocrx_word' id='word_1_684' title='bbox 3170 2545 3261 2614; x_wconf 83' lang='grc' dir='ltr'>ἀφ’</span> <span class='ocrx_word' id='word_1_685' title='bbox 3285 2537 3359 2598; x_wconf 83' lang='grc' dir='ltr'>ὧν</span> <span class='ocrx_word' id='word_1_686' title='bbox 3393 2543 3548 2598; x_wconf 80' lang='grc' dir='ltr'>ἔλαϐε</span> <span class='ocrx_word' id='word_1_687' title='bbox 3583 2545 3734 2616; x_wconf 79' lang='grc' dir='ltr'>παρὰ</span> 
     </span>
    </p>
   </div>
   <div class='ocr_carea' id='block_1_84' title="bbox 2163 2630 3732 2708">
    <p class='ocr_par' dir='ltr' id='par_1_84' title="bbox 2163 2630 3732 2708">
     <span class='ocr_line' id='line_1_84' title="bbox 2163 2630 3732 2708; baseline -0.001 -18"><span class='ocrx_word' id='word_1_688' title='bbox 2163 2638 2257 2692; x_wconf 89' lang='lat'>:06</span> <span class='ocrx_word' id='word_1_689' title='bbox 2289 2637 2422 2690; x_wconf 85' lang='grc' dir='ltr'>Θεοῦ</span> <span class='ocrx_word' id='word_1_690' title='bbox 2465 2638 2643 2708; x_wconf 91' lang='grc' dir='ltr'>μόνον,</span> <span class='ocrx_word' id='word_1_691' title='bbox 2680 2636 2817 2690; x_wconf 87' lang='grc' dir='ltr'>ἀλλά</span> <span class='ocrx_word' id='word_1_692' title='bbox 2867 2638 2962 2690; x_wconf 89' lang='lat'><em>1:61</em></span> <span class='ocrx_word' id='word_1_693' title='bbox 2999 2637 3092 2706; x_wconf 85' lang='grc' dir='ltr'>ἀφ’</span> <span class='ocrx_word' id='word_1_694' title='bbox 3131 2630 3206 2690; x_wconf 84' lang='grc' dir='ltr'>ὧν</span> <span class='ocrx_word' id='word_1_695' title='bbox 3244 2636 3404 2698; x_wconf 90' lang='grc' dir='ltr'>αὐτὸς</span> <span class='ocrx_word' id='word_1_696' title='bbox 3451 2637 3732 2706; x_wconf 86' lang='grc' dir='ltr'>εἰσήνεγκε</span> 
     </span>
    </p>
   </div>
   <div class='ocr_carea' id='block_1_85' title="bbox 2164 2725 3731 2799">
    <p class='ocr_par' dir='ltr' id='par_1_85' title="bbox 2164 2725 3731 2799">
     <span class='ocr_line' id='line_1_85' title="bbox 2164 2725 3731 2799; baseline -0.002 -16"><span class='ocrx_word' id='word_1_697' title='bbox 2164 2728 2400 2799; x_wconf 85' lang='grc' dir='ltr'>λάμπειν</span> <span class='ocrx_word' id='word_1_698' title='bbox 2453 2729 2690 2791; x_wconf 87' lang='grc' dir='ltr'>δίκαιον,</span> <span class='ocrx_word' id='word_1_699' title='bbox 2724 2730 2816 2782; x_wconf 82' lang='lat'><em>1:61</em></span> <span class='ocrx_word' id='word_1_700' title='bbox 2860 2729 3194 2798; x_wconf 86' lang='grc' dir='ltr'>πανταχόθεν</span> <span class='ocrx_word' id='word_1_701' title='bbox 3243 2725 3381 2781; x_wconf 76' lang='grc' dir='ltr'>εῖναι</span> <span class='ocrx_word' id='word_1_702' title='bbox 3428 2726 3731 2799; x_wconf 85' lang='grc' dir='ltr'>γνώριμον,</span> 
     </span>
    </p>
   </div>
   <div class='ocr_carea' id='block_1_86' title="bbox 2165 2819 3732 2891">
    <p class='ocr_par' dir='ltr' id='par_1_86' title="bbox 2165 2819 3732 2891">
     <span class='ocr_line' id='line_1_86' title="bbox 2165 2819 3732 2891; baseline -0.001 -18"><span class='ocrx_word' id='word_1_703' title='bbox 2165 2821 2272 2873; x_wconf 83' lang='grc' dir='ltr'>ἀπὸ</span> <span class='ocrx_word' id='word_1_704' title='bbox 2295 2821 2340 2853; x_wconf 68' lang='grc'>⁸⁸</span> <span class='ocrx_word' id='word_1_705' title='bbox 2364 2819 2454 2874; x_wconf 84' lang='grc' dir='ltr'>τοῦ</span> <span class='ocrx_word' id='word_1_706' title='bbox 2489 2819 2836 2891; x_wconf 85' lang='grc' dir='ltr'>βαδίσματος,</span> <span class='ocrx_word' id='word_1_707' title='bbox 2862 2821 2971 2874; x_wconf 85' lang='grc' dir='ltr'>ἀπὸ</span> <span class='ocrx_word' id='word_1_708' title='bbox 3009 2820 3104 2873; x_wconf 82' lang='grc' dir='ltr'>τοῦ</span> <span class='ocrx_word' id='word_1_709' title='bbox 3132 2820 3464 2890; x_wconf 87' lang='grc' dir='ltr'>βλέμματος,</span> <span class='ocrx_word' id='word_1_710' title='bbox 3499 2819 3609 2885; x_wconf 83' lang='grc' dir='ltr'>ἀπὸ</span> <span class='ocrx_word' id='word_1_711' title='bbox 3637 2819 3732 2872; x_wconf 87' lang='lat'>:06</span> 
     </span>
    </p>
   </div>
   <div class='ocr_carea' id='block_1_87' title="bbox 2167 2905 3732 2983">
    <p class='ocr_par' dir='ltr' id='par_1_87' title="bbox 2167 2905 3732 2983">
     <span class='ocr_line' id='line_1_87' title="bbox 2167 2905 3732 2983; baseline -0.001 -19"><span class='ocrx_word' id='word_1_712' title='bbox 2167 2914 2465 2983; x_wconf 85' lang='grc' dir='ltr'>σχήματος,</span> <span class='ocrx_word' id='word_1_713' title='bbox 2497 2911 2606 2964; x_wconf 91' lang='grc' dir='ltr'>άπὸ</span> <span class='ocrx_word' id='word_1_714' title='bbox 2641 2911 2740 2980; x_wconf 90' lang='grc' dir='ltr'>τῆς</span> <span class='ocrx_word' id='word_1_715' title='bbox 2775 2911 2978 2980; x_wconf 80' lang='grc' dir='ltr'>φωνῆς.</span> <span class='ocrx_word' id='word_1_716' title='bbox 3004 2910 3189 2964; x_wconf 75' lang='grc' dir='ltr'>Ταῦτα</span> <span class='ocrx_word' id='word_1_717' title='bbox 3224 2910 3282 2963; x_wconf 88' lang='lat'>66</span> <span class='ocrx_word' id='word_1_718' title='bbox 3315 2905 3487 2975; x_wconf 74' lang='grc' dir='ltr'>εἷπον,</span> <span class='ocrx_word' id='word_1_719' title='bbox 3523 2910 3620 2978; x_wconf 92' lang='grc' dir='ltr'>οὐχ</span> <span class='ocrx_word' id='word_1_720' title='bbox 3646 2909 3732 2962; x_wconf 84' lang='grc' dir='ltr'>ἴνα</span> 
     </span>
    </p>
   </div>
   <div class='ocr_carea' id='block_1_88' title="bbox 2165 2999 3731 3075">
    <p class='ocr_par' dir='ltr' id='par_1_88' title="bbox 2165 2999 3731 3075">
     <span class='ocr_line' id='line_1_88' title="bbox 2165 2999 3731 3075; baseline -0.003 -19"><span class='ocrx_word' id='word_1_721' title='bbox 2165 3003 2300 3075; x_wconf 80' lang='grc' dir='ltr'>πρὸς</span> <span class='ocrx_word' id='word_1_722' title='bbox 2327 3002 2605 3068; x_wconf 80' lang='grc' dir='ltr'>ἐπίδειξιν,</span> <span class='ocrx_word' id='word_1_723' title='bbox 2635 3001 2749 3055; x_wconf 85' lang='grc' dir='ltr'>ἀλλ’</span> <span class='ocrx_word' id='word_1_724' title='bbox 2777 3001 2862 3054; x_wconf 78' lang='grc' dir='ltr'>ἵνα</span> <span class='ocrx_word' id='word_1_725' title='bbox 2895 3001 3028 3072; x_wconf 87' lang='grc' dir='ltr'>πρὸς</span> <span class='ocrx_word' id='word_1_726' title='bbox 3055 3001 3319 3070; x_wconf 76' lang='grc' dir='ltr'>ὠφέλειαν</span> <span class='ocrx_word' id='word_1_727' title='bbox 3349 3001 3456 3054; x_wconf 86' lang='grc' dir='ltr'>τῶν</span> <span class='ocrx_word' id='word_1_728' title='bbox 3483 2999 3731 3072; x_wconf 81' lang='grc' dir='ltr'>ὁρώντων</span> 
     </span>
    </p>
   </div>
   <div class='ocr_carea' id='block_1_89' title="bbox 2165 3080 3732 3164">
    <p class='ocr_par' dir='ltr' id='par_1_89' title="bbox 2165 3080 3732 3164">
     <span class='ocr_line' id='line_1_89' title="bbox 2165 3080 3732 3164; baseline -0.003 -16"><span class='ocrx_word' id='word_1_729' title='bbox 2165 3096 2390 3157; x_wconf 77' lang='grc' dir='ltr'>ἑαυτοὺς</span> <span class='ocrx_word' id='word_1_730' title='bbox 2440 3093 2810 3164; x_wconf 84' lang='grc' dir='ltr'>ρυθμίσωμεν.</span> <span class='ocrx_word' id='word_1_731' title='bbox 2855 3080 2965 3146; x_wconf 73' lang='grc' dir='ltr'>Νύν</span> <span class='ocrx_word' id='word_1_732' title='bbox 3029 3093 3085 3146; x_wconf 86' lang='grc' dir='ltr'>δὲ</span> <span class='ocrx_word' id='word_1_733' title='bbox 3133 3092 3253 3146; x_wconf 84' lang='grc' dir='ltr'>ὅθεν</span> <span class='ocrx_word' id='word_1_734' title='bbox 3303 3093 3368 3146; x_wconf 86' lang='grc' dir='ltr'>ἃν</span> <span class='ocrx_word' id='word_1_735' title='bbox 3416 3091 3632 3163; x_wconf 77' lang='grc' dir='ltr'>ζητήσω</span> <span class='ocrx_word' id='word_1_736' title='bbox 3671 3108 3732 3145; x_wconf 79' lang='grc' dir='ltr'>σε</span> 
     </span>
    </p>
   </div>
   <div class='ocr_carea' id='block_1_90' title="bbox 2165 3178 3733 3254">
    <p class='ocr_par' dir='ltr' id='par_1_90' title="bbox 2165 3178 3733 3254">
     <span class='ocr_line' id='line_1_90' title="bbox 2165 3178 3733 3254; baseline -0.002 -15"><span class='ocrx_word' id='word_1_737' title='bbox 2165 3185 2482 3254; x_wconf 86' lang='grc' dir='ltr'>ἐπιγνῶναι,</span> <span class='ocrx_word' id='word_1_738' title='bbox 2521 3178 2797 3252; x_wconf 82' lang='grc' dir='ltr'>πανταχόῦ</span> <span class='ocrx_word' id='word_1_739' title='bbox 2839 3199 2896 3235; x_wconf 89' lang='grc' dir='ltr'>σε</span> <span class='ocrx_word' id='word_1_740' title='bbox 2935 3182 3041 3236; x_wconf 89' lang='grc' dir='ltr'>ἀπὸ</span> <span class='ocrx_word' id='word_1_741' title='bbox 3078 3184 3183 3236; x_wconf 69' lang='grc' dir='ltr'>τῶν</span> <span class='ocrx_word' id='word_1_742' title='bbox 3216 3185 3470 3236; x_wconf 88' lang='grc' dir='ltr'>ἐναντίων</span> <span class='ocrx_word' id='word_1_743' title='bbox 3495 3181 3733 3252; x_wconf 88' lang='grc' dir='ltr'>εὑρίσκω</span> 
     </span>
    </p>
   </div>
   <div class='ocr_carea' id='block_1_91' title="bbox 2167 3274 3732 3349">
    <p class='ocr_par' dir='ltr' id='par_1_91' title="bbox 2167 3274 3732 3349">
     <span class='ocr_line' id='line_1_91' title="bbox 2167 3274 3732 3349; baseline -0.004 -17"><span class='ocrx_word' id='word_1_744' title='bbox 2167 3278 2506 3349; x_wconf 85' lang='grc' dir='ltr'>φαινόμενον.</span> <span class='ocrx_word' id='word_1_745' title='bbox 2533 3277 2633 3328; x_wconf 76' lang='grc' dir='ltr'>Ἀν</span> <span class='ocrx_word' id='word_1_746' title='bbox 2666 3293 2725 3327; x_wconf 92' lang='grc' dir='ltr'>τε</span> <span class='ocrx_word' id='word_1_747' title='bbox 2753 3277 2861 3345; x_wconf 85' lang='grc' dir='ltr'>γὰρ</span> <span class='ocrx_word' id='word_1_748' title='bbox 2904 3275 3011 3328; x_wconf 88' lang='grc' dir='ltr'>ἀπὸ</span> <span class='ocrx_word' id='word_1_749' title='bbox 3056 3274 3151 3328; x_wconf 80' lang='grc' dir='ltr'>τοῦ</span> <span class='ocrx_word' id='word_1_750' title='bbox 3175 3278 3338 3330; x_wconf 89' lang='grc' dir='ltr'>τόπου</span> <span class='ocrx_word' id='word_1_751' title='bbox 3376 3274 3619 3345; x_wconf 82' lang='grc' dir='ltr'>βουληθῶ</span> <span class='ocrx_word' id='word_1_752' title='bbox 3674 3291 3732 3326; x_wconf 91' lang='grc' dir='ltr'>σε</span> 
     </span>
    </p>
   </div>
   <div class='ocr_carea' id='block_1_92' title="bbox 2166 3366 3734 3439">
    <p class='ocr_par' dir='ltr' id='par_1_92' title="bbox 2166 3366 3734 3439">
     <span class='ocr_line' id='line_1_92' title="bbox 2166 3366 3734 3439; baseline -0.004 -16"><span class='ocrx_word' id='word_1_753' title='bbox 2166 3367 2523 3439; x_wconf 84' lang='grc' dir='ltr'>καταμαθεῖν,</span> <span class='ocrx_word' id='word_1_754' title='bbox 2551 3368 2606 3418; x_wconf 85' lang='grc' dir='ltr'>ἐν</span> <span class='ocrx_word' id='word_1_755' title='bbox 2639 3366 3015 3437; x_wconf 86' lang='grc' dir='ltr'>ἰπποδρομίοις</span> <span class='ocrx_word' id='word_1_756' title='bbox 3047 3367 3141 3420; x_wconf 87' lang='lat'><em>1:61</em></span> <span class='ocrx_word' id='word_1_757' title='bbox 3167 3366 3410 3436; x_wconf 87' lang='grc' dir='ltr'>θεάτροις</span> <span class='ocrx_word' id='word_1_758' title='bbox 3433 3367 3528 3419; x_wconf 88' lang='lat'><em>1:61</em></span> <span class='ocrx_word' id='word_1_759' title='bbox 3557 3382 3734 3435; x_wconf 84' lang='lat'><em>1:696-</em></span> 
     </span>
    </p>
   </div>
   <div class='ocr_carea' id='block_1_93' title="bbox 2165 3457 3728 3530">
    <p class='ocr_par' dir='ltr' id='par_1_93' title="bbox 2165 3457 3728 3530">
     <span class='ocr_line' id='line_1_93' title="bbox 2165 3457 3728 3530; baseline -0.004 -16"><span class='ocrx_word' id='word_1_760' title='bbox 2165 3459 2375 3530; x_wconf 90' lang='grc' dir='ltr'>νομίαις</span> <span class='ocrx_word' id='word_1_761' title='bbox 2432 3458 2542 3529; x_wconf 83' lang='grc' dir='ltr'>ὁρῶ</span> <span class='ocrx_word' id='word_1_762' title='bbox 2589 3458 3002 3529; x_wconf 82' lang='grc' dir='ltr'>διημερεύοντα,</span> <span class='ocrx_word' id='word_1_763' title='bbox 3053 3460 3110 3510; x_wconf 84' lang='grc' dir='ltr'>ἐν</span> <span class='ocrx_word' id='word_1_764' title='bbox 3153 3460 3408 3528; x_wconf 85' lang='grc' dir='ltr'>πονηροῖς</span> <span class='ocrx_word' id='word_1_765' title='bbox 3454 3457 3728 3524; x_wconf 83' lang='grc' dir='ltr'>συλλόγοις</span> 
     </span>
    </p>
   </div>
   <div class='ocr_carea' id='block_1_94' title="bbox 2169 3547 3727 3622">
    <p class='ocr_par' dir='ltr' id='par_1_94' title="bbox 2169 3547 3727 3622">
     <span class='ocr_line' id='line_1_94' title="bbox 2169 3547 3727 3622; baseline -0.006 -14"><span class='ocrx_word' id='word_1_766' title='bbox 2169 3557 2274 3616; x_wconf 80' lang='grc' dir='ltr'>τοῖς</span> <span class='ocrx_word' id='word_1_767' title='bbox 2305 3557 2359 3605; x_wconf 82' lang='grc' dir='ltr'>ἐν</span> <span class='ocrx_word' id='word_1_768' title='bbox 2395 3552 2589 3622; x_wconf 87' lang='grc' dir='ltr'>ἀγορᾷ,</span> <span class='ocrx_word' id='word_1_769' title='bbox 2613 3551 2705 3602; x_wconf 86' lang='lat'><em>1:61</em></span> <span class='ocrx_word' id='word_1_770' title='bbox 2729 3548 3029 3619; x_wconf 87' lang='grc' dir='ltr'>ἀνθρώπων</span> <span class='ocrx_word' id='word_1_771' title='bbox 3069 3549 3373 3608; x_wconf 86' lang='grc' dir='ltr'>συνουσίαις</span> <span class='ocrx_word' id='word_1_772' title='bbox 3399 3547 3727 3616; x_wconf 71' lang='grc' dir='ltr'>διεφθαρμέ-</span> 
     </span>
    </p>
   </div>
   <div class='ocr_carea' id='block_1_95' title="bbox 2161 3635 3722 3711">
    <p class='ocr_par' dir='ltr' id='par_1_95' title="bbox 2161 3635 3722 3711">
     <span class='ocr_line' id='line_1_95' title="bbox 2161 3635 3722 3711; baseline -0.006 -13"><span class='ocrx_word' id='word_1_773' title='bbox 2161 3662 2268 3698; x_wconf 90' lang='grc' dir='ltr'>νων</span> <span class='ocrx_word' id='word_1_774' title='bbox 2289 3662 2300 3675; x_wconf 91' lang='grc'><strong>·</strong></span> <span class='ocrx_word' id='word_1_775' title='bbox 2329 3647 2394 3699; x_wconf 82' lang='grc' dir='ltr'>ἄν</span> <span class='ocrx_word' id='word_1_776' title='bbox 2419 3662 2478 3698; x_wconf 89' lang='grc' dir='ltr'>τε</span> <span class='ocrx_word' id='word_1_777' title='bbox 2509 3643 2616 3696; x_wconf 86' lang='grc' dir='ltr'>ἀπὸ</span> <span class='ocrx_word' id='word_1_778' title='bbox 2642 3642 2733 3694; x_wconf 85' lang='lat'>:06</span> <span class='ocrx_word' id='word_1_779' title='bbox 2758 3642 3032 3711; x_wconf 88' lang='grc' dir='ltr'>σχήματος</span> <span class='ocrx_word' id='word_1_780' title='bbox 3055 3637 3152 3706; x_wconf 87' lang='grc' dir='ltr'>τῆς</span> <span class='ocrx_word' id='word_1_781' title='bbox 3180 3636 3378 3704; x_wconf 71' lang='grc' dir='ltr'>ὅψεως,</span> <span class='ocrx_word' id='word_1_782' title='bbox 3413 3635 3722 3704; x_wconf 86' lang='grc' dir='ltr'>ἀνακαγχά-</span> 
     </span>
    </p>
   </div>
   <div class='ocr_carea' id='block_1_96' title="bbox 2163 3727 3728 3806">
    <p class='ocr_par' dir='ltr' id='par_1_96' title="bbox 2163 3727 3728 3806">
     <span class='ocr_line' id='line_1_96' title="bbox 2163 3727 3728 3806; baseline -0.008 -16"><span class='ocrx_word' id='word_1_783' title='bbox 2163 3737 2324 3802; x_wconf 83' lang='grc' dir='ltr'>ζοντα</span> <span class='ocrx_word' id='word_1_784' title='bbox 2356 3737 2538 3806; x_wconf 85' lang='grc' dir='ltr'>βλέπω</span> <span class='ocrx_word' id='word_1_785' title='bbox 2584 3732 2844 3804; x_wconf 84' lang='grc' dir='ltr'>διηνεκῶς</span> <span class='ocrx_word' id='word_1_786' title='bbox 2887 3733 2980 3784; x_wconf 92' lang='lat'><em>1:61</em></span> <span class='ocrx_word' id='word_1_787' title='bbox 3024 3728 3434 3800; x_wconf 85' lang='grc' dir='ltr'>διαλελυμένον,</span> <span class='ocrx_word' id='word_1_788' title='bbox 3476 3727 3728 3796; x_wconf 88' lang='grc' dir='ltr'>καθάπερ</span> 
     </span>
    </p>
   </div>
   <div class='ocr_carea' id='block_1_97' title="bbox 2165 3811 3731 3896">
    <p class='ocr_par' dir='ltr' id='par_1_97' title="bbox 2165 3811 3731 3896">
     <span class='ocr_line' id='line_1_97' title="bbox 2165 3811 3731 3896; baseline -0.01 -19"><span class='ocrx_word' id='word_1_789' title='bbox 2165 3828 2458 3896; x_wconf 86' lang='grc' dir='ltr'>σεσηρυῖαν</span> <span class='ocrx_word' id='word_1_790' title='bbox 2499 3823 2739 3894; x_wconf 78' lang='grc' dir='ltr'>ἑταιρίδα</span> <span class='ocrx_word' id='word_1_791' title='bbox 2782 3819 2875 3873; x_wconf 74' lang='grc' dir='ltr'>καὶ</span> <span class='ocrx_word' id='word_1_792' title='bbox 2926 3816 3362 3886; x_wconf 82' lang='grc' dir='ltr'>ἀπολελυμένην·</span> <span class='ocrx_word' id='word_1_793' title='bbox 3405 3813 3470 3867; x_wconf 80' lang='grc' dir='ltr'>ἀν</span> <span class='ocrx_word' id='word_1_794' title='bbox 3511 3829 3572 3864; x_wconf 87' lang='grc' dir='ltr'>τε</span> <span class='ocrx_word' id='word_1_795' title='bbox 3623 3811 3731 3864; x_wconf 86' lang='grc' dir='ltr'>ἀπὸ</span> 
     </span>
    </p>
   </div>
   <div class='ocr_carea' id='block_1_98' title="bbox 2162 3902 3732 3987">
    <p class='ocr_par' dir='ltr' id='par_1_98' title="bbox 2162 3902 3732 3987">
     <span class='ocr_line' id='line_1_98' title="bbox 2162 3902 3732 3987; baseline -0.011 -16"><span class='ocrx_word' id='word_1_796' title='bbox 2162 3917 2270 3971; x_wconf 88' lang='grc' dir='ltr'>τῶν</span> <span class='ocrx_word' id='word_1_797' title='bbox 2302 3916 2552 3987; x_wconf 82' lang='grc' dir='ltr'>ἱματίων,</span> <span class='ocrx_word' id='word_1_798' title='bbox 2587 3913 2693 3964; x_wconf 88' lang='grc' dir='ltr'>τῶν</span> <span class='ocrx_word' id='word_1_799' title='bbox 2733 3912 2824 3962; x_wconf 72' lang='grc' dir='ltr'>ἐπὶ</span> <span class='ocrx_word' id='word_1_800' title='bbox 2857 3911 3059 3980; x_wconf 81' lang='grc' dir='ltr'>σκηνῆς</span> <span class='ocrx_word' id='word_1_801' title='bbox 3101 3906 3254 3960; x_wconf 80' lang='grc' dir='ltr'>οὐδὲν</span> <span class='ocrx_word' id='word_1_802' title='bbox 3287 3905 3506 3974; x_wconf 82' lang='grc' dir='ltr'>ἄμεινον</span> <span class='ocrx_word' id='word_1_803' title='bbox 3537 3902 3732 3978; x_wconf 63' lang='grc' dir='ltr'>διακεί-</span> 
     </span>
    </p>
   </div>
   <div class='ocr_carea' id='block_1_99' title="bbox 2167 3989 3732 4079">
    <p class='ocr_par' dir='ltr' id='par_1_99' title="bbox 2167 3989 3732 4079">
     <span class='ocr_line' id='line_1_99' title="bbox 2167 3989 3732 4079; baseline -0.012 -19"><span class='ocrx_word' id='word_1_804' title='bbox 2167 4024 2324 4079; x_wconf 93' lang='grc' dir='ltr'>μενον</span> <span class='ocrx_word' id='word_1_805' title='bbox 2369 4005 2507 4076; x_wconf 73' lang='grc' dir='ltr'>όρῶο</span> <span class='ocrx_word' id='word_1_806' title='bbox 2551 4002 2616 4056; x_wconf 85' lang='grc' dir='ltr'>ἀν</span> <span class='ocrx_word' id='word_1_807' title='bbox 2663 4017 2720 4052; x_wconf 90' lang='grc' dir='ltr'>τε</span> <span class='ocrx_word' id='word_1_808' title='bbox 2767 4000 2874 4052; x_wconf 91' lang='grc' dir='ltr'>ἀπὸ</span> <span class='ocrx_word' id='word_1_809' title='bbox 2900 3998 3006 4049; x_wconf 91' lang='grc' dir='ltr'>τῶν</span> <span class='ocrx_word' id='word_1_810' title='bbox 3052 3995 3354 4064; x_wconf 79' lang='grc' dir='ltr'>ἑπομένων,</span> <span class='ocrx_word' id='word_1_811' title='bbox 3401 3989 3732 4062; x_wconf 85' lang='grc' dir='ltr'>παρασίτους</span> 
     </span>
    </p>
   </div>
   <div class='ocr_carea' id='block_1_100' title="bbox 2164 4079 3730 4165">
    <p class='ocr_par' dir='ltr' id='par_1_100' title="bbox 2164 4079 3730 4165">
     <span class='ocr_line' id='line_1_100' title="bbox 2164 4079 3730 4165; baseline -0.012 -17"><span class='ocrx_word' id='word_1_812' title='bbox 2164 4094 2482 4165; x_wconf 66' lang='grc' dir='ltr'>περιθρέρεις</span> <span class='ocrx_word' id='word_1_813' title='bbox 2526 4092 2621 4144; x_wconf 81' lang='lat'><em>1:61</em></span> <span class='ocrx_word' id='word_1_814' title='bbox 2668 4090 2903 4151; x_wconf 83' lang='grc' dir='ltr'>κόλακας</span> <span class='ocrx_word' id='word_1_815' title='bbox 2925 4105 2938 4118; x_wconf 87' lang='grc'><strong>·</strong></span> <span class='ocrx_word' id='word_1_816' title='bbox 2977 4086 3040 4140; x_wconf 83' lang='grc' dir='ltr'>ἄν</span> <span class='ocrx_word' id='word_1_817' title='bbox 3076 4102 3133 4138; x_wconf 90' lang='grc' dir='ltr'>τε</span> <span class='ocrx_word' id='word_1_818' title='bbox 3163 4083 3269 4137; x_wconf 87' lang='grc' dir='ltr'>ἀπὸ</span> <span class='ocrx_word' id='word_1_819' title='bbox 3294 4082 3403 4136; x_wconf 91' lang='grc' dir='ltr'>τῶν</span> <span class='ocrx_word' id='word_1_820' title='bbox 3450 4079 3730 4149; x_wconf 81' lang='grc' dir='ltr'>ῥημάτων,</span> 
     </span>
    </p>
   </div>
   <div class='ocr_carea' id='block_1_101' title="bbox 2164 4169 3734 4254">
    <p class='ocr_par' dir='ltr' id='par_1_101' title="bbox 2164 4169 3734 4254">
     <span class='ocr_line' id='line_1_101' title="bbox 2164 4169 3734 4254; baseline -0.012 -13"><span class='ocrx_word' id='word_1_821' title='bbox 2164 4187 2316 4240; x_wconf 82' lang='grc' dir='ltr'>οὐδὲν</span> <span class='ocrx_word' id='word_1_822' title='bbox 2351 4187 2523 4254; x_wconf 82' lang='grc' dir='ltr'>ὑγιὲς,</span> <span class='ocrx_word' id='word_1_823' title='bbox 2555 4183 2674 4236; x_wconf 83' lang='grc' dir='ltr'>οὐδὲ</span> <span class='ocrx_word' id='word_1_824' title='bbox 2707 4180 3023 4248; x_wconf 87' lang='grc' dir='ltr'>ἀναγκαῖον,</span> <span class='ocrx_word' id='word_1_825' title='bbox 3056 4177 3174 4230; x_wconf 87' lang='grc' dir='ltr'>οὐδὲ</span> <span class='ocrx_word' id='word_1_826' title='bbox 3202 4175 3421 4244; x_wconf 86' lang='grc' dir='ltr'>συνέχον</span> <span class='ocrx_word' id='word_1_827' title='bbox 3451 4169 3607 4242; x_wconf 79' lang='grc' dir='ltr'>ἡμῶν</span> <span class='ocrx_word' id='word_1_828' title='bbox 3634 4170 3734 4238; x_wconf 81' lang='grc' dir='ltr'>τὴν</span> 
     </span>
    </p>
   </div>
   <div class='ocr_carea' id='block_1_102' title="bbox 2166 4258 3734 4347">
    <p class='ocr_par' dir='ltr' id='par_1_102' title="bbox 2166 4258 3734 4347">
     <span class='ocr_line' id='line_1_102' title="bbox 2166 4258 3734 4347; baseline -0.012 -17"><span class='ocrx_word' id='word_1_829' title='bbox 2166 4277 2311 4347; x_wconf 82' lang='grc' dir='ltr'>ζωὴν</span> <span class='ocrx_word' id='word_1_830' title='bbox 2335 4275 2518 4329; x_wconf 87' lang='grc' dir='ltr'>ἀκούω</span> <span class='ocrx_word' id='word_1_831' title='bbox 2550 4271 2920 4342; x_wconf 81' lang='grc' dir='ltr'>φθεγγόμενον</span> <span class='ocrx_word' id='word_1_832' title='bbox 2940 4282 2953 4296; x_wconf 84' lang='grc'><strong><em>⁸</em></strong></span> <span class='ocrx_word' id='word_1_833' title='bbox 2985 4268 3050 4322; x_wconf 77' lang='grc' dir='ltr'>ἄν</span> <span class='ocrx_word' id='word_1_834' title='bbox 3085 4283 3143 4319; x_wconf 91' lang='grc' dir='ltr'>τε</span> <span class='ocrx_word' id='word_1_835' title='bbox 3175 4264 3282 4318; x_wconf 89' lang='grc' dir='ltr'>ἀπὸ</span> <span class='ocrx_word' id='word_1_836' title='bbox 3314 4263 3414 4333; x_wconf 88' lang='grc' dir='ltr'>τῆς</span> <span class='ocrx_word' id='word_1_837' title='bbox 3435 4258 3734 4332; x_wconf 80' lang='grc' dir='ltr'>τραπέζης,</span> 
     </span>
    </p>
   </div>
   <div class='ocr_carea' id='block_1_103' title="bbox 2169 4359 3310 4440">
    <p class='ocr_par' dir='ltr' id='par_1_103' title="bbox 2169 4359 3310 4440">
     <span class='ocr_line' id='line_1_103' title="bbox 2169 4359 3310 4440; baseline -0.011 -18"><span class='ocrx_word' id='word_1_838' title='bbox 2169 4369 2368 4440; x_wconf 79' lang='grc' dir='ltr'>μείζων</span> <span class='ocrx_word' id='word_1_839' title='bbox 2390 4364 2637 4419; x_wconf 78' lang='grc' dir='ltr'>ἐντεῦθεν</span> <span class='ocrx_word' id='word_1_840' title='bbox 2663 4366 2695 4433; x_wconf 80' lang='grc' dir='ltr'>η</span> <span class='ocrx_word' id='word_1_841' title='bbox 2723 4359 3022 4432; x_wconf 86' lang='grc' dir='ltr'>κατηγορία</span> <span class='ocrx_word' id='word_1_842' title='bbox 3047 4359 3310 4426; x_wconf 85' lang='grc' dir='ltr'>φανεῖται.</span> 
     </span>
    </p>
   </div>
   <div class='ocr_carea' id='block_1_104' title="bbox 2236 4440 3740 4532">
    <p class='ocr_par' dir='ltr' id='par_1_104' title="bbox 2236 4440 3740 4532">
     <span class='ocr_line' id='line_1_104' title="bbox 2236 4440 3740 4532; baseline -0.014 -19"><span class='ocrx_word' id='word_1_843' title='bbox 2236 4468 2305 4532; x_wconf 84' lang='grc' dir='ltr'>η’.</span> <span class='ocrx_word' id='word_1_844' title='bbox 2333 4459 2500 4512; x_wconf 88' lang='grc' dir='ltr'>Πόθεν</span> <span class='ocrx_word' id='word_1_845' title='bbox 2529 4451 2642 4518; x_wconf 79' lang='grc' dir='ltr'>οὖν,</span> <span class='ocrx_word' id='word_1_846' title='bbox 2672 4454 2792 4507; x_wconf 87' lang='grc' dir='ltr'>εἰπέ</span> <span class='ocrx_word' id='word_1_847' title='bbox 2813 4469 2922 4522; x_wconf 89' lang='grc' dir='ltr'>μοι,</span> <span class='ocrx_word' id='word_1_848' title='bbox 2943 4445 3238 4519; x_wconf 87' lang='grc' dir='ltr'>δυνήσομαί</span> <span class='ocrx_word' id='word_1_849' title='bbox 3259 4462 3317 4496; x_wconf 91' lang='grc' dir='ltr'>σε</span> <span class='ocrx_word' id='word_1_850' title='bbox 3339 4440 3632 4510; x_wconf 85' lang='grc' dir='ltr'>ἐπιγνῶναι</span> <span class='ocrx_word' id='word_1_851' title='bbox 3647 4440 3740 4493; x_wconf 88' lang='grc' dir='ltr'>τὸν</span> 
     </span>
    </p>
   </div>
   <div class='ocr_carea' id='block_1_105' title="bbox 2168 4528 3743 4615">
    <p class='ocr_par' dir='ltr' id='par_1_105' title="bbox 2168 4528 3743 4615">
     <span class='ocr_line' id='line_1_105' title="bbox 2168 4528 3743 4615; baseline -0.015 -12"><span class='ocrx_word' id='word_1_852' title='bbox 2168 4528 2376 4614; x_wconf 81' lang='grc' dir='ltr'>πιστὸν,</span> <span class='ocrx_word' id='word_1_853' title='bbox 2406 4546 2515 4600; x_wconf 89' lang='grc' dir='ltr'>τῶν</span> <span class='ocrx_word' id='word_1_854' title='bbox 2547 4543 2853 4615; x_wconf 89' lang='grc' dir='ltr'>εἰρημένων</span> <span class='ocrx_word' id='word_1_855' title='bbox 2879 4539 3131 4593; x_wconf 84' lang='grc' dir='ltr'>ἁπάντων</span> <span class='ocrx_word' id='word_1_856' title='bbox 3161 4532 3418 4589; x_wconf 86' lang='grc' dir='ltr'>τάναντία</span> <span class='ocrx_word' id='word_1_857' title='bbox 3435 4528 3743 4601; x_wconf 76' lang='grc' dir='ltr'>ψηφιζομέ-</span> 
     </span>
    </p>
   </div>
   <div class='ocr_carea' id='block_1_106' title="bbox 2170 4621 3745 4705">
    <p class='ocr_par' dir='ltr' id='par_1_106' title="bbox 2170 4621 3745 4705">
     <span class='ocr_line' id='line_1_106' title="bbox 2170 4621 3745 4705; baseline -0.016 -9"><span class='ocrx_word' id='word_1_858' title='bbox 2170 4658 2305 4705; x_wconf 87' lang='grc' dir='ltr'>νων;</span> <span class='ocrx_word' id='word_1_859' title='bbox 2332 4640 2440 4693; x_wconf 83' lang='lat' dir='ltr'><em>K61</em></span> <span class='ocrx_word' id='word_1_860' title='bbox 2464 4637 2514 4691; x_wconf 94' lang='grc' dir='ltr'>τί</span> <span class='ocrx_word' id='word_1_861' title='bbox 2543 4637 2688 4704; x_wconf 90' lang='grc' dir='ltr'>λέγω</span> <span class='ocrx_word' id='word_1_862' title='bbox 2715 4633 2804 4686; x_wconf 88' lang='grc' dir='ltr'>τὸν</span> <span class='ocrx_word' id='word_1_863' title='bbox 2834 4630 3023 4684; x_wconf 89' lang='grc' dir='ltr'>πιστόν</span> <span class='ocrx_word' id='word_1_864' title='bbox 3046 4645 3062 4694; x_wconf 87' lang='grc'><strong>;</strong></span> <span class='ocrx_word' id='word_1_865' title='bbox 3093 4627 3226 4681; x_wconf 83' lang='grc' dir='ltr'>Οὐδὲ</span> <span class='ocrx_word' id='word_1_866' title='bbox 3253 4625 3361 4696; x_wconf 89' lang='grc' dir='ltr'>γὰρ</span> <span class='ocrx_word' id='word_1_867' title='bbox 3383 4625 3430 4675; x_wconf 90' lang='grc' dir='ltr'>εἰ</span> <span class='ocrx_word' id='word_1_868' title='bbox 3457 4621 3745 4693; x_wconf 78' lang='grc' dir='ltr'>ἄνθρωπος</span> 
     </span>
    </p>
   </div>
   <div class='ocr_carea' id='block_1_107' title="bbox 2167 4711 3745 4801">
    <p class='ocr_par' dir='ltr' id='par_1_107' title="bbox 2167 4711 3745 4801">
     <span class='ocr_line' id='line_1_107' title="bbox 2167 4711 3745 4801; baseline -0.016 -12"><span class='ocrx_word' id='word_1_869' title='bbox 2167 4731 2240 4798; x_wconf 76' lang='grc' dir='ltr'>εἰ,</span> <span class='ocrx_word' id='word_1_870' title='bbox 2265 4731 2450 4801; x_wconf 78' lang='grc' dir='ltr'>σαφῶς</span> <span class='ocrx_word' id='word_1_871' title='bbox 2479 4729 2712 4798; x_wconf 88' lang='grc' dir='ltr'>δύναμαι</span> <span class='ocrx_word' id='word_1_872' title='bbox 2753 4724 2965 4795; x_wconf 90' lang='grc' dir='ltr'>μαθεῖν.</span> <span class='ocrx_word' id='word_1_873' title='bbox 3002 4719 3116 4791; x_wconf 74' lang='grc'>[61]</span> <span class='ocrx_word' id='word_1_874' title='bbox 3152 4720 3317 4771; x_wconf 86' lang='grc' dir='ltr'>Ὅταν</span> <span class='ocrx_word' id='word_1_875' title='bbox 3348 4715 3456 4786; x_wconf 85' lang='grc' dir='ltr'>γὰρ</span> <span class='ocrx_word' id='word_1_876' title='bbox 3474 4715 3518 4745; x_wconf 75' lang='grc' dir='ltr'>’τ</span> <span class='ocrx_word' id='word_1_877' title='bbox 3554 4711 3745 4766; x_wconf 90' lang='grc' dir='ltr'>λακτί-</span> 
     </span>
    </p>
   </div>
   <div class='ocr_carea' id='block_1_108' title="bbox 2172 4805 3746 4898">
    <p class='ocr_par' dir='ltr' id='par_1_108' title="bbox 2172 4805 3746 4898">
     <span class='ocr_line' id='line_1_108' title="bbox 2172 4805 3746 4898; baseline -0.029 -8"><span class='ocrx_word' id='word_1_878' title='bbox 2172 4826 2269 4898; x_wconf 80' lang='grc' dir='ltr'>ζῃς</span> <span class='ocrx_word' id='word_1_879' title='bbox 2298 4823 2394 4895; x_wconf 81' lang='grc' dir='ltr'>μὲν</span> <span class='ocrx_word' id='word_1_880' title='bbox 2426 4821 2613 4888; x_wconf 83' lang='grc' dir='ltr'>ὥσπερ</span> <span class='ocrx_word' id='word_1_881' title='bbox 2641 4817 2779 4879; x_wconf 72' lang='grc' dir='ltr'>ὄνος,</span> <span class='ocrx_word' id='word_1_882' title='bbox 2815 4813 3040 4884; x_wconf 82' lang='grc' dir='ltr'>σκιρτᾷς</span> <span class='ocrx_word' id='word_1_883' title='bbox 3073 4810 3128 4863; x_wconf 81' lang='grc' dir='ltr'>δὲ</span> <span class='ocrx_word' id='word_1_884' title='bbox 3162 4808 3351 4878; x_wconf 83' lang='grc' dir='ltr'>ὥσπερ</span> <span class='ocrx_word' id='word_1_885' title='bbox 3372 4805 3594 4876; x_wconf 81' lang='grc' dir='ltr'>ταῦρος,</span> <span class='ocrx_word' id='word_1_886' title='bbox 3615 4819 3746 4872; x_wconf 85' lang='grc' dir='ltr'>χρε-</span> 
     </span>
    </p>
   </div>
   <div class='ocr_carea' id='block_1_109' title="bbox 2175 4898 3749 4990">
    <p class='ocr_par' dir='ltr' id='par_1_109' title="bbox 2175 4898 3749 4990">
     <span class='ocr_line' id='line_1_109' title="bbox 2175 4898 3749 4990; baseline -0.015 -19"><span class='ocrx_word' id='word_1_887' title='bbox 2175 4917 2395 4990; x_wconf 80' lang='grc' dir='ltr'>μετίζῃς</span> <span class='ocrx_word' id='word_1_888' title='bbox 2435 4914 2491 4967; x_wconf 79' lang='grc' dir='ltr'>δὲ</span> <span class='ocrx_word' id='word_1_889' title='bbox 2528 4912 2618 4965; x_wconf 75' lang='grc' dir='ltr'>ἐπὶ</span> <span class='ocrx_word' id='word_1_890' title='bbox 2666 4907 2910 4978; x_wconf 70' lang='grc' dir='ltr'>γυναιξὶν</span> <span class='ocrx_word' id='word_1_891' title='bbox 2951 4905 3138 4976; x_wconf 85' lang='grc' dir='ltr'>ῶσπερ</span> <span class='ocrx_word' id='word_1_892' title='bbox 3179 4903 3384 4990; x_wconf 32' lang='grc' dir='ltr'>ἴπποςξο</span> <span class='ocrx_word' id='word_1_893' title='bbox 3404 4898 3497 4990; x_wconf 82' lang='lat'><em>1:61</em></span> <span class='ocrx_word' id='word_1_894' title='bbox 3521 4913 3749 4990; x_wconf 83' lang='grc' dir='ltr'>γαστρι-</span> 
     </span>
    </p>
   </div>
   <div class='ocr_carea' id='block_1_110' title="bbox 2175 4985 3750 5079">
    <p class='ocr_par' dir='ltr' id='par_1_110' title="bbox 2175 4985 3750 5079">
     <span class='ocr_line' id='line_1_110' title="bbox 2175 4985 3750 5079; baseline -0.017 -18"><span class='ocrx_word' id='word_1_895' title='bbox 2175 4985 2392 5079; x_wconf 66' lang='grc' dir='ltr'>μαργῆς</span> <span class='ocrx_word' id='word_1_896' title='bbox 2445 5003 2543 5074; x_wconf 86' lang='grc' dir='ltr'>μὲν</span> <span class='ocrx_word' id='word_1_897' title='bbox 2587 5001 2775 5070; x_wconf 83' lang='grc' dir='ltr'>ὥσπερ</span> <span class='ocrx_word' id='word_1_898' title='bbox 2808 4998 3028 5068; x_wconf 79' lang='grc' dir='ltr'>ἄρκτος,</span> <span class='ocrx_word' id='word_1_899' title='bbox 3061 4993 3281 5063; x_wconf 88' lang='grc' dir='ltr'>πιαίνῃς</span> <span class='ocrx_word' id='word_1_900' title='bbox 3317 4989 3374 5041; x_wconf 83' lang='grc' dir='ltr'>δὲ</span> <span class='ocrx_word' id='word_1_901' title='bbox 3420 4985 3520 5056; x_wconf 79' lang='grc' dir='ltr'>τὴν</span> <span class='ocrx_word' id='word_1_902' title='bbox 3570 4986 3750 5055; x_wconf 82' lang='grc' dir='ltr'>σάρκα</span> 
     </span>
    </p>
   </div>
   <div class='ocr_carea' id='block_1_111' title="bbox 2171 5079 3753 5170">
    <p class='ocr_par' dir='ltr' id='par_1_111' title="bbox 2171 5079 3753 5170">
     <span class='ocr_line' id='line_1_111' title="bbox 2171 5079 3753 5170; baseline -0.018 -15"><span class='ocrx_word' id='word_1_903' title='bbox 2171 5103 2358 5170; x_wconf 81' lang='grc' dir='ltr'>ὥσπερ</span> <span class='ocrx_word' id='word_1_904' title='bbox 2381 5097 2622 5168; x_wconf 81' lang='grc' dir='ltr'>ἡμίονος·</span> <span class='ocrx_word' id='word_1_905' title='bbox 2655 5091 2998 5163; x_wconf 80' lang='grc' dir='ltr'>μνησικακῇς</span> <span class='ocrx_word' id='word_1_906' title='bbox 3029 5087 3084 5138; x_wconf 90' lang='lat'>66</span> <span class='ocrx_word' id='word_1_907' title='bbox 3114 5086 3302 5154; x_wconf 82' lang='grc' dir='ltr'>ὥσπερ</span> <span class='ocrx_word' id='word_1_908' title='bbox 3335 5081 3578 5152; x_wconf 79' lang='grc' dir='ltr'>κάμηλος</span> <span class='ocrx_word' id='word_1_909' title='bbox 3599 5096 3611 5109; x_wconf 89' lang='grc'><strong>·</strong></span> <span class='ocrx_word' id='word_1_910' title='bbox 3657 5079 3753 5130; x_wconf 83' lang='grc' dir='ltr'>καὶ</span> 
     </span>
    </p>
   </div>
   <div class='ocr_carea' id='block_1_112' title="bbox 2175 5171 3753 5265">
    <p class='ocr_par' dir='ltr' id='par_1_112' title="bbox 2175 5171 3753 5265">
     <span class='ocr_line' id='line_1_112' title="bbox 2175 5171 3753 5265; baseline -0.018 -18"><span class='ocrx_word' id='word_1_911' title='bbox 2175 5191 2424 5265; x_wconf 80' lang='grc' dir='ltr'>ἁρπάζῃς</span> <span class='ocrx_word' id='word_1_912' title='bbox 2459 5189 2555 5258; x_wconf 81' lang='grc' dir='ltr'>μὲν</span> <span class='ocrx_word' id='word_1_913' title='bbox 2597 5185 2670 5247; x_wconf 87' lang='grc' dir='ltr'>ὡς</span> <span class='ocrx_word' id='word_1_914' title='bbox 2704 5182 2884 5243; x_wconf 89' lang='grc' dir='ltr'>λύκος,</span> <span class='ocrx_word' id='word_1_915' title='bbox 2920 5178 3114 5250; x_wconf 76' lang='grc' dir='ltr'>ὀργίζῃ</span> <span class='ocrx_word' id='word_1_916' title='bbox 3145 5177 3200 5229; x_wconf 84' lang='grc' dir='ltr'>δὲ</span> <span class='ocrx_word' id='word_1_917' title='bbox 3234 5176 3308 5238; x_wconf 82' lang='grc' dir='ltr'>ὡς</span> <span class='ocrx_word' id='word_1_918' title='bbox 3338 5173 3480 5243; x_wconf 73' lang='grc' dir='ltr'>ὄφις,</span> <span class='ocrx_word' id='word_1_919' title='bbox 3511 5171 3753 5241; x_wconf 75' lang='grc' dir='ltr'>πλήττῃς</span> 
     </span>
    </p>
   </div>
   <div class='ocr_carea' id='block_1_113' title="bbox 2177 5260 3746 5349">
    <p class='ocr_par' dir='ltr' id='par_1_113' title="bbox 2177 5260 3746 5349">
     <span class='ocr_line' id='line_1_113' title="bbox 2177 5260 3746 5349; baseline -0.017 -11"><span class='ocrx_word' id='word_1_920' title='bbox 2177 5260 2231 5338; x_wconf 73' lang='grc' dir='ltr'>δέ</span> <span class='ocrx_word' id='word_1_921' title='bbox 2276 5284 2349 5345; x_wconf 79' lang='grc' dir='ltr'>ὡς</span> <span class='ocrx_word' id='word_1_922' title='bbox 2400 5277 2674 5349; x_wconf 82' lang='grc' dir='ltr'>σκορπίος,</span> <span class='ocrx_word' id='word_1_923' title='bbox 2702 5273 2930 5334; x_wconf 78' lang='grc' dir='ltr'>ὕπουλος</span> <span class='ocrx_word' id='word_1_924' title='bbox 2981 5269 3038 5324; x_wconf 84' lang='grc' dir='ltr'>δὲ</span> <span class='ocrx_word' id='word_1_925' title='bbox 3083 5267 3368 5342; x_wconf 82' lang='grc' dir='ltr'>ᾖς-ῶσπερ</span> <span class='ocrx_word' id='word_1_926' title='bbox 3399 5261 3642 5330; x_wconf 79' lang='grc' dir='ltr'>ἀλώπηξ,</span> <span class='ocrx_word' id='word_1_927' title='bbox 3676 5260 3746 5311; x_wconf 57' lang='grc' dir='ltr'>ἰὸι⁸</span> 
     </span>
    </p>
   </div>
   <div class='ocr_carea' id='block_1_114' title="bbox 2177 5350 3754 5442">
    <p class='ocr_par' dir='ltr' id='par_1_114' title="bbox 2177 5350 3754 5442">
     <span class='ocr_line' id='line_1_114' title="bbox 2177 5350 3754 5442; baseline -0.018 -14"><span class='ocrx_word' id='word_1_928' title='bbox 2177 5377 2231 5428; x_wconf 77' lang='lat' dir='ltr'>6‘s</span> <span class='ocrx_word' id='word_1_929' title='bbox 2263 5372 2522 5442; x_wconf 79' lang='grc' dir='ltr'>πονηρίας</span> <span class='ocrx_word' id='word_1_930' title='bbox 2545 5367 2800 5436; x_wconf 84' lang='grc' dir='ltr'>διατηρῇς</span> <span class='ocrx_word' id='word_1_931' title='bbox 2829 5362 3018 5432; x_wconf 80' lang='grc' dir='ltr'>ὥσπερ</span> <span class='ocrx_word' id='word_1_932' title='bbox 3047 5358 3208 5420; x_wconf 74' lang='grc' dir='ltr'>ἀσπὶς</span> <span class='ocrx_word' id='word_1_933' title='bbox 3235 5357 3328 5409; x_wconf 88' lang='lat'><em>1:61</em></span> <span class='ocrx_word' id='word_1_934' title='bbox 3351 5354 3486 5424; x_wconf 76' lang='grc' dir='ltr'>ἔχις,</span> <span class='ocrx_word' id='word_1_935' title='bbox 3512 5350 3754 5419; x_wconf 76' lang='grc' dir='ltr'>πολεμῇς</span> 
     </span>
    </p>
   </div>
   <div class='ocr_carea' id='block_1_115' title="bbox 2177 5440 3756 5522">
    <p class='ocr_par' dir='ltr' id='par_1_115' title="bbox 2177 5440 3756 5522">
     <span class='ocr_line' id='line_1_115' title="bbox 2177 5440 3756 5522; baseline -0.018 -3"><span class='ocrx_word' id='word_1_936' title='bbox 2177 5468 2294 5518; x_wconf 64' lang='grc' dir='ltr'>ἓὲ²⁹</span> <span class='ocrx_word' id='word_1_937' title='bbox 2347 5440 2486 5517; x_wconf 70' lang='grc' dir='ltr'>κατὰ</span> <span class='ocrx_word' id='word_1_938' title='bbox 2535 5460 2641 5512; x_wconf 84' lang='grc' dir='ltr'>τῶν</span> <span class='ocrx_word' id='word_1_939' title='bbox 2693 5453 2934 5522; x_wconf 72' lang='grc' dir='ltr'>ἀδελφῶν</span> <span class='ocrx_word' id='word_1_940' title='bbox 2983 5450 3170 5518; x_wconf 81' lang='grc' dir='ltr'>ὥσπερ</span> <span class='ocrx_word' id='word_1_941' title='bbox 3209 5451 3238 5501; x_wconf 90' lang='lat'>6</span> <span class='ocrx_word' id='word_1_942' title='bbox 3279 5445 3510 5516; x_wconf 85' lang='grc' dir='ltr'>πονηρὸς</span> <span class='ocrx_word' id='word_1_943' title='bbox 3546 5440 3756 5511; x_wconf 84' lang='grc' dir='ltr'>δαίμων</span> 
     </span>
    </p>
   </div>
   <div class='ocr_carea' id='block_1_116' title="bbox 574 5587 3752 5676">
    <p class='ocr_par' dir='ltr' id='par_1_116' title="bbox 574 5587 3752 5676">
     <span class='ocr_line' id='line_1_116' title="bbox 574 5587 3752 5676; baseline -0.009 -31"><span class='ocrx_word' id='word_1_944' title='bbox 574 5616 617 5647; x_wconf 74' lang='grc' dir='ltr'><strong><em>η</em></strong></span> <span class='ocrx_word' id='word_1_945' title='bbox 659 5610 792 5664; x_wconf 77' lang='grc' dir='ltr'>Ἀπὸ</span> <span class='ocrx_word' id='word_1_946' title='bbox 828 5609 1003 5663; x_wconf 84' lang='grc' dir='ltr'>τῶν...</span> <span class='ocrx_word' id='word_1_947' title='bbox 1029 5605 1451 5676; x_wconf 64' lang='grc' dir='ltr'>ἀποκαλύψεων]</span> <span class='ocrx_word' id='word_1_948' title='bbox 1482 5606 1613 5676; x_wconf 77' lang='grc' dir='ltr'>Ἀπὸ</span> <span class='ocrx_word' id='word_1_949' title='bbox 1643 5602 1884 5676; x_wconf 14' lang='grc' dir='ltr'>τῆςίτῶν</span> <span class='ocrx_word' id='word_1_950' title='bbox 1911 5596 2310 5676; x_wconf 69' lang='grc' dir='ltr'>παρελθόντων,</span> <span class='ocrx_word' id='word_1_951' title='bbox 2335 5594 2541 5676; x_wconf 47' lang='grc' dir='ltr'>φησὶνζ</span> <span class='ocrx_word' id='word_1_952' title='bbox 2558 5593 2953 5676; x_wconf 50' lang='grc' dir='ltr'>ἀποκαλύψεως</span> <span class='ocrx_word' id='word_1_953' title='bbox 2969 5592 3039 5674; x_wconf 42' lang='grc' dir='ltr'>ᾖ</span> <span class='ocrx_word' id='word_1_954' title='bbox 3066 5589 3328 5676; x_wconf 56' lang='grc' dir='ltr'>Αιι.Λ5ξιιξ.</span> <span class='ocrx_word' id='word_1_955' title='bbox 3360 5587 3491 5676; x_wconf 59' lang='grc' dir='ltr'>ριξη.</span> <span class='ocrx_word' id='word_1_956' title='bbox 3568 5588 3614 5676; x_wconf 42' lang='lat' dir='ltr'>Ilo</span> <span class='ocrx_word' id='word_1_957' title='bbox 3638 5587 3752 5640; x_wconf 67' lang='grc' dir='ltr'>ἀπδ</span> 
     </span>
    </p>
   </div>
   <div class='ocr_carea' id='block_1_117' title="bbox 497 5675 1546 5746">
    <p class='ocr_par' dir='ltr' id='par_1_117' title="bbox 497 5675 1546 5746">
     <span class='ocr_line' id='line_1_117' title="bbox 497 5675 1546 5746; baseline -0.01 -9"><span class='ocrx_word' id='word_1_958' title='bbox 497 5685 604 5737; x_wconf 79' lang='grc' dir='ltr'>τῶν</span> <span class='ocrx_word' id='word_1_959' title='bbox 639 5697 746 5735; x_wconf 87' lang='lat' dir='ltr'>om.</span> <span class='ocrx_word' id='word_1_960' title='bbox 796 5680 856 5732; x_wconf 75' lang='grc'>1).</span> <span class='ocrx_word' id='word_1_961' title='bbox 956 5679 997 5708; x_wconf 83' lang='grc'>²¹</span> <span class='ocrx_word' id='word_1_962' title='bbox 1040 5677 1198 5746; x_wconf 85' lang='grc' dir='ltr'>μόνον</span> <span class='ocrx_word' id='word_1_963' title='bbox 1235 5693 1343 5729; x_wconf 87' lang='lat' dir='ltr'><em>0m.</em></span> <span class='ocrx_word' id='word_1_964' title='bbox 1385 5677 1447 5728; x_wconf 83' lang='lat' dir='ltr'><em>A.</em></span> <span class='ocrx_word' id='word_1_965' title='bbox 1490 5675 1546 5727; x_wconf 58' lang='lat' dir='ltr'>li‘.</span> 
     </span>
    </p>
   </div>
   <div class='ocr_carea' id='block_1_118' title="bbox 505 5817 1344 5888">
    <p class='ocr_par' dir='ltr' id='par_1_118' title="bbox 505 5817 1344 5888">
     <span class='ocr_line' id='line_1_118' title="bbox 505 5817 1344 5888; baseline -0.012 -12"><span class='ocrx_word' id='word_1_966' title='bbox 505 5823 630 5876; x_wconf 73' lang='grc' dir='ltr'>στὸν</span> <span class='ocrx_word' id='word_1_967' title='bbox 666 5821 755 5873; x_wconf 74' lang='lat' dir='ltr'><em>v.61</em></span> <span class='ocrx_word' id='word_1_968' title='bbox 785 5821 896 5887; x_wconf 76' lang='grc' dir='ltr'>βίον</span> <span class='ocrx_word' id='word_1_969' title='bbox 929 5818 1072 5888; x_wconf 81' lang='grc' dir='ltr'>ἔχειν</span> <span class='ocrx_word' id='word_1_970' title='bbox 1093 5817 1250 5888; x_wconf 84' lang='grc' dir='ltr'>ὀρθόν</span> <span class='ocrx_word' id='word_1_971' title='bbox 1284 5821 1344 5868; x_wconf 72' lang='grc' dir='ltr'><strong>Α.</strong></span> 
     </span>
    </p>
   </div>
   <div class='ocr_carea' id='block_1_119' title="bbox 507 5887 1353 5961">
    <p class='ocr_par' dir='ltr' id='par_1_119' title="bbox 507 5887 1353 5961">
     <span class='ocr_line' id='line_1_119' title="bbox 507 5887 1353 5961; baseline -0.011 -13"><span class='ocrx_word' id='word_1_972' title='bbox 507 5893 641 5948; x_wconf 75' lang='grc' dir='ltr'>Ειίιί.</span> <span class='ocrx_word' id='word_1_973' title='bbox 722 5891 766 5921; x_wconf 80' lang='grc'><strong>²⁵</strong></span> <span class='ocrx_word' id='word_1_974' title='bbox 806 5889 885 5961; x_wconf 74' lang='grc' dir='ltr'>δέ]</span> <span class='ocrx_word' id='word_1_975' title='bbox 922 5887 1015 5942; x_wconf 81' lang='grc' dir='ltr'>καί</span> <span class='ocrx_word' id='word_1_976' title='bbox 1049 5887 1182 5944; x_wconf 60' lang='lat' dir='ltr'>Mur.</span> <span class='ocrx_word' id='word_1_977' title='bbox 1227 5889 1353 5940; x_wconf 75' lang='lat' dir='ltr'>Bm.</span> 
     </span>
    </p>
   </div>
   <div class='ocr_carea' id='block_1_120' title="bbox 1654 5665 2562 5740">
    <p class='ocr_par' dir='ltr' id='par_1_120' title="bbox 1654 5665 2562 5740">
     <span class='ocr_line' id='line_1_120' title="bbox 1654 5665 2562 5740; baseline 0.004 -18"><span class='ocrx_word' id='word_1_978' title='bbox 1654 5665 1973 5740; x_wconf 63' lang='grc' dir='ltr'>ςςι’Τέξεταιι</span> <span class='ocrx_word' id='word_1_979' title='bbox 1997 5665 2146 5723; x_wconf 70' lang='grc' dir='ltr'>’Λι.,Ι‹Ι.</span> <span class='ocrx_word' id='word_1_980' title='bbox 2177 5667 2286 5738; x_wconf 85' lang='grc' dir='ltr'>γάρ</span> <span class='ocrx_word' id='word_1_981' title='bbox 2316 5667 2376 5722; x_wconf 85' lang='lat' dir='ltr'><em>C.</em></span> <span class='ocrx_word' id='word_1_982' title='bbox 2405 5665 2464 5718; x_wconf 70' lang='grc' dir='ltr'>Ι).</span> <span class='ocrx_word' id='word_1_983' title='bbox 2503 5665 2562 5720; x_wconf 64' lang='lat' dir='ltr'>F.</span> 
     </span>
    </p>
   </div>
   <div class='ocr_carea' id='block_1_121' title="bbox 498 5733 2047 5811">
    <p class='ocr_par' dir='ltr' id='par_1_121' title="bbox 498 5733 2047 5811">
     <span class='ocr_line' id='line_1_121' title="bbox 498 5733 2047 5811; baseline -0.009 -5"><span class='ocrx_word' id='word_1_984' title='bbox 649 5733 865 5801; x_wconf 80' lang='grc' dir='ltr'>τέθεικε</span> <span class='ocrx_word' id='word_1_985' title='bbox 908 5749 971 5802; x_wconf 70' lang='grc' dir='ltr'><strong>(ἶ.</strong></span> <span class='ocrx_word' id='word_1_986' title='bbox 1013 5733 1071 5800; x_wconf 62' lang='grc' dir='ltr'>ἰί.</span> <span class='ocrx_word' id='word_1_987' title='bbox 1103 5746 1164 5800; x_wconf 81' lang='lat' dir='ltr'><em>F.</em></span> <span class='ocrx_word' id='word_1_988' title='bbox 1197 5751 1343 5799; x_wconf 76' lang='lat' dir='ltr'>Arm.</span> <span class='ocrx_word' id='word_1_989' title='bbox 1378 5747 1468 5799; x_wconf 68' lang='lat' dir='ltr'>sed</span> <span class='ocrx_word' id='word_1_990' title='bbox 1504 5746 1678 5811; x_wconf 75' lang='lat' dir='ltr'>posuit</span> <span class='ocrx_word' id='word_1_991' title='bbox 1718 5733 1848 5796; x_wconf 59' lang='lat' dir='ltr'><strong><em>illud</em></strong></span> <span class='ocrx_word' id='word_1_992' title='bbox 1877 5733 2047 5808; x_wconf 48' lang='lat' dir='ltr'>indeﬁ‘</span> 
     </span>
    </p>
   </div>
   <div class='ocr_carea' id='block_1_122' title="bbox 2165 5733 2768 5811">
    <p class='ocr_par' dir='ltr' id='par_1_122' title="bbox 2165 5733 2768 5811">
     <span class='ocr_line' id='line_1_122' title="bbox 2165 5733 2768 5811; baseline -0.01 -21"><span class='ocrx_word' id='word_1_993' title='bbox 2165 5733 2222 5811; x_wconf 60' lang='grc' dir='ltr'>ιιι</span> <span class='ocrx_word' id='word_1_994' title='bbox 2236 5733 2283 5791; x_wconf 67' lang='grc' dir='ltr'>ἐι</span> <span class='ocrx_word' id='word_1_995' title='bbox 2322 5751 2639 5811; x_wconf 56' lang='lat'><em>51459611311111</em></span> <span class='ocrx_word' id='word_1_996' title='bbox 2715 5751 2744 5785; x_wconf 90' lang='lat' dir='ltr'>n</span> <span class='ocrx_word' id='word_1_997' title='bbox 2757 5773 2768 5784; x_wconf 99' lang='lat'>.</span> 
     </span>
    </p>
   </div>
   <div class='ocr_carea' id='block_1_123' title="bbox 1423 5794 3758 5884">
    <p class='ocr_par' dir='ltr' id='par_1_123' title="bbox 1423 5794 3758 5884">
     <span class='ocr_line' id='line_1_123' title="bbox 1423 5794 3758 5884; baseline -0.009 -17"><span class='ocrx_word' id='word_1_998' title='bbox 1423 5794 1466 5848; x_wconf 53' lang='lat'>“&#39;5</span> <span class='ocrx_word' id='word_1_999' title='bbox 1884 5794 2079 5876; x_wconf 70' lang='grc' dir='ltr'>ἔξωθεν</span> <span class='ocrx_word' id='word_1_1000' title='bbox 2119 5809 2249 5864; x_wconf 72' lang='grc' dir='ltr'>Ειίιί.</span> <span class='ocrx_word' id='word_1_1001' title='bbox 2325 5811 2369 5839; x_wconf 63' lang='grc'>⁸³⁸</span> <span class='ocrx_word' id='word_1_1002' title='bbox 2394 5794 2523 5878; x_wconf 63' lang='lat'><em>61:6]</em></span> <span class='ocrx_word' id='word_1_1003' title='bbox 2560 5807 2651 5858; x_wconf 73' lang='grc' dir='ltr'>καὶ</span> <span class='ocrx_word' id='word_1_1004' title='bbox 2684 5802 2790 5858; x_wconf 69' lang='grc' dir='ltr'>ἀπό</span> <span class='ocrx_word' id='word_1_1005' title='bbox 2814 5809 3009 5870; x_wconf 73' lang='lat' dir='ltr'>quater</span> <span class='ocrx_word' id='word_1_1006' title='bbox 3040 5800 3102 5856; x_wconf 66' lang='grc' dir='ltr'>(ἓ.</span> <span class='ocrx_word' id='word_1_1007' title='bbox 3132 5798 3192 5852; x_wconf 88' lang='grc'>1).</span> <span class='ocrx_word' id='word_1_1008' title='bbox 3273 5799 3316 5830; x_wconf 78' lang='grc'>’⁷</span> <span class='ocrx_word' id='word_1_1009' title='bbox 3341 5797 3470 5869; x_wconf 78' lang='grc' dir='ltr'>γάρ]</span> <span class='ocrx_word' id='word_1_1010' title='bbox 3507 5795 3618 5868; x_wconf 86' lang='grc' dir='ltr'>μὲν</span> <span class='ocrx_word' id='word_1_1011' title='bbox 3645 5794 3758 5867; x_wconf 79' lang='grc' dir='ltr'>γάρ</span> 
     </span>
    </p>
   </div>
   <div class='ocr_carea' id='block_1_124' title="bbox 2671 5657 3754 5782">
    <p class='ocr_par' dir='ltr' id='par_1_124' title="bbox 2671 5657 3754 5782">
     <span class='ocr_line' id='line_1_124' title="bbox 2671 5657 3754 5730; baseline -0.009 -13"><span class='ocrx_word' id='word_1_1012' title='bbox 2671 5666 2717 5696; x_wconf 75' lang='grc'>’³</span> <span class='ocrx_word' id='word_1_1013' title='bbox 2745 5657 2858 5716; x_wconf 81' lang='grc' dir='ltr'>ἀλλ’</span> <span class='ocrx_word' id='word_1_1014' title='bbox 2889 5661 3147 5722; x_wconf 83' lang='grc' dir='ltr'>ἁπλῶς...</span> <span class='ocrx_word' id='word_1_1015' title='bbox 3177 5657 3311 5730; x_wconf 72' lang='grc' dir='ltr'>θείς]</span> <span class='ocrx_word' id='word_1_1016' title='bbox 3359 5658 3439 5710; x_wconf 79' lang='grc' dir='ltr'>διὸ</span> <span class='ocrx_word' id='word_1_1017' title='bbox 3471 5657 3754 5726; x_wconf 84' lang='grc' dir='ltr'>μετέωρον</span> 
     </span>
     <span class='ocr_line' id='line_1_125' title="bbox 2671 5726 3754 5782; baseline -0.006 0"><span class='ocrx_word' id='word_1_1018' title='bbox 2671 5733 2768 5782; x_wconf 74' lang='lat' dir='ltr'>An.</span> <span class='ocrx_word' id='word_1_1019' title='bbox 2872 5732 2918 5762; x_wconf 71' lang='grc'>’⁵</span> <span class='ocrx_word' id='word_1_1020' title='bbox 2947 5728 3233 5782; x_wconf 80' lang='grc' dir='ltr'>ΗΘΙΚΟΝ.</span> <span class='ocrx_word' id='word_1_1021' title='bbox 3263 5729 3330 5781; x_wconf 81' lang='grc' dir='ltr'>’Ὀ</span> <span class='ocrx_word' id='word_1_1022' title='bbox 3345 5746 3394 5780; x_wconf 90' lang='grc' dir='ltr'>τι</span> <span class='ocrx_word' id='word_1_1023' title='bbox 3420 5728 3502 5779; x_wconf 89' lang='grc' dir='ltr'>δεῖ</span> <span class='ocrx_word' id='word_1_1024' title='bbox 3539 5726 3630 5778; x_wconf 89' lang='grc' dir='ltr'>τὸν</span> <span class='ocrx_word' id='word_1_1025' title='bbox 3659 5745 3754 5778; x_wconf 78' lang='grc' dir='ltr'>πι-</span> 
     </span>
    </p>
   </div>
   <div class='ocr_carea' id='block_1_125' title="bbox 3471 5657 3755 5726">
    <p class='ocr_par' dir='ltr' id='par_1_125' title="bbox 3471 5657 3755 5726">
     <span class='ocr_line' id='line_1_126' title="bbox 3471 5657 3755 5726; baseline 0.004 -19"><span class='ocrx_word' id='word_1_1026' title='bbox 3471 5657 3755 5726; x_wconf 85' lang='grc' dir='ltr'>μετέωρον</span> 
     </span>
    </p>
   </div>
  </div>
