4060 6156
340 274 408 328 Π

341 389 466 428 num
488 387 609 429 esse
632 389 661 428 a
690 375 985 431 ministerio
1011 379 1322 434 teconomize
1352 380 1513 436 illius.
1541 383 1756 438 Etiamsi
1781 390 1920 440 enim

239 484 274 500 ο
341 464 564 518 nihilad
607 469 1006 535 generationem
1050 467 1331 532 conferas,
1381 471 1476 525 sed
1525 472 1716 528 intacta
1764 476 1920 545 Virgo

338 567 588 621 maneat;
629 567 862 612 attamen
892 559 1032 628 quod
1059 568 1138 615 est
1164 562 1298 631 patri
1333 565 1602 633 proprium
1625 607 1639 629 ,
1673 569 1770 621 etsi
1807 570 1915 622 vir-

335 647 570 717 ginitatis
596 649 905 720 dignitatem
935 667 1040 705 non
1067 654 1380 722 labefactet,
1415 657 1514 711 hoc
1544 658 1637 712 tibi
1666 660 1914 726 confero,

337 748 393 793 ut
423 748 546 794 nato
573 757 765 795 nomen
795 743 1054 812 imponas.
1080 746 1159 800 Tu
1186 749 1328 801 enim
1359 751 1574 805 vocabis
1604 753 1770 806 illum.
1805 754 1914 809 Etsi

336 846 562 900 namque
607 833 743 888 filius
793 844 913 888 tuus
945 851 1048 889 non
1077 837 1178 902 sit,
1211 849 1264 892 tu
1298 850 1569 909 paternam
1601 859 1724 913 erga
1765 846 1913 900 illum

333 935 486 992 geres
527 938 730 979 curam.
764 926 886 981 Ideo
911 928 992 982 vel
1018 928 1086 982 ab
1113 929 1224 997 ipsa
1252 934 1483 986 nominis
1531 935 1868 1004 impositione
1897 979 1912 1004 ,

333 1025 458 1069 nato
485 1025 536 1070 te
582 1019 818 1085 parentis
861 1020 978 1074 loco
1019 1021 1268 1091 adjungo.
1304 1024 1505 1079 Deinde
1536 1042 1602 1081 ne
1646 1029 1764 1097 quis
1793 1030 1914 1084 ideo

331 1120 453 1160 eum
495 1113 698 1175 patrem
725 1123 844 1164 esse
885 1112 1282 1180 suspicaretur,
1315 1117 1434 1169 audi
1465 1131 1623 1186 quam
1665 1130 1912 1176 accurate

329 1197 606 1264 sequentia
638 1209 837 1267 ponat:
877 1199 1080 1266 Pariet,
1111 1204 1316 1270 inquit,
1358 1207 1564 1274 ﬁlium;
1596 1225 1700 1264 non
1740 1211 1907 1277 dicit,

331 1284 510 1340 Pariet
536 1288 626 1342 tibi
652 1307 666 1351 ;
695 1289 787 1342 sed
811 1290 1215 1372 iudeterminate
1242 1297 1418 1366 posuit
1443 1315 1456 1351 :
1481 1314 1586 1353 non
1601 1301 1743 1354 enim
1769 1301 1783 1333 ¹
1811 1303 1907 1372 ipsi

329 1377 569 1445 peperit,
592 1378 686 1433 sed
718 1380 962 1435 universo
988 1365 1124 1437 orbi.

397 1561 450 1613 Ἰ.
505 1563 733 1633 Ideoque
775 1579 966 1622 nomen
997 1570 1111 1640 ejus
1140 1586 1210 1626 ex
1249 1574 1382 1629 ctelo
1425 1578 1613 1634 detulit
1653 1584 1902 1653 angelus,

327 1647 450 1704 hinc
493 1655 780 1711 ostendens
821 1658 1114 1715 mirabilem
1145 1678 1265 1719 esse
1293 1677 1501 1735 partum
1525 1712 1540 1737 ,
1573 1673 1716 1741 quod
1763 1675 1903 1730 Deus

325 1740 438 1809 ipse
469 1758 660 1798 nomen
691 1746 804 1815 ejus
841 1749 908 1805 dc
937 1752 1068 1806 cznlo
1099 1768 1192 1822 per
1219 1759 1460 1826 angelum
1485 1759 1718 1831 Josepho
1745 1766 1902 1821 mise-

321 1829 410 1884 rit.
438 1831 622 1902 Neque
648 1837 788 1890 enim
817 1855 985 1908 Ipsum
1008 1856 1131 1896 casu
1159 1853 1213 1899 et
1239 1847 1357 1915 sine
1377 1864 1534 1904 causa
1561 1829 1742 1908 datum
1767 1855 1862 1911 fuit
1884 1899 1898 1918 .

319 1921 414 1976 sed
455 1933 535 1977 est
566 1926 710 1980 mille
742 1927 998 1983 bonorum
1029 1933 1333 1990 thesaurus.
1367 1937 1568 1995 Idcirco
1601 1942 1772 2012 ipsum
1799 1963 1898 2001 au-

317 2011 469 2080 gelus
498 2013 900 2084 interpretatur,
930 2023 1288 2095 Optimamque
1317 2043 1465 2097 spem
1494 2032 1650 2087 offert
1672 2075 1686 2100 ,
1716 2045 1770 2090 et
1799 2036 1899 2093 hac

316 2102 523 2159 ratione
551 2105 706 2160 fidem
733 2110 831 2176 Ipsi
857 2112 1107 2167 conciliat
1130 2133 1143 2167 :
1179 2132 1298 2170 nam
1323 2124 1640 2188 propensius
1667 2125 1894 2180 inclina-

315 2207 438 2246 mur
463 2195 528 2249 ad
561 2211 646 2250 res
673 2197 1072 2268 hujuscemodi;
1105 2204 1332 2276 ideoque
1362 2209 1464 2263 illis
1491 2211 1694 2267 facilius
1714 2217 1893 2271 credi-

313 2298 452 2338 mus.
480 2286 613 2340 Cum
648 2289 804 2356 igitur
831 2306 898 2345 ex
942 2295 1185 2349 omnibus
1213 2299 1278 2351 ad
1313 2298 1470 2354 fidem
1501 2304 1548 2357 ei
1593 2303 1889 2362 habendam

311 2387 696 2444 prmparasset,
730 2393 795 2434 ex
826 2385 1143 2452 praeteritis,
1176 2403 1238 2441 ex
1267 2388 1458 2446 futuris
1482 2403 1536 2448 et
1561 2411 1624 2449 ex
1656 2413 1888 2467 prtescu-

308 2464 478 2530 tibus,
507 2483 713 2523 necnon
741 2472 808 2525 ab
830 2472 1030 2531 honore
1053 2477 1150 2546 ipsi
1175 2479 1358 2536 debito
1380 2525 1393 2547 ,
1427 2486 1628 2542 intlueit
1656 2464 1889 2560 prophe-

308 2563 414 2608 tam
436 2596 452 2622 ,
477 2569 772 2627 Opportune
792 2562 874 2618 his
894 2569 1140 2624 omnibus
1161 2573 1420 2628 calculum
1444 2577 1680 2635 dantem.
1707 2583 1886 2640 Prius-

301 2659 464 2715 quam
511 2663 638 2705 vcro
665 2652 835 2722 ipsum
865 2657 1110 2727 inducat,
1138 2662 1274 2718 bona
1305 2682 1400 2736 per
1421 2669 1590 2738 ipsum
1613 2676 1726 2729 orhi
1751 2693 1881 2731 cou-

302 2735 523 2792 ferenda
572 2747 912 2810 prtenuntiat.
961 2750 1213 2816 Qumnam
1261 2735 1348 2810 illa
1397 2735 1556 2815 sunt?
1609 2765 1880 2835 Ereptioa

302 2830 574 2895 peccatis:
604 2831 725 2899 Ipse
749 2838 918 2903 enim,
952 2840 1154 2912 inquit,
1194 2847 1389 2901 salvum
1439 2850 1589 2917 faciet
1636 2830 1880 2926 populum

288 2935 439 2974 suum
477 2940 509 2976 a
538 2929 754 2993 peccatis
774 2947 965 2986 eorum.
1000 2934 1098 2990 Hic
1124 2952 1334 3007 quoque
1366 2942 1686 3010 stupendum
1716 2948 1867 3015 quid-

288 3013 431 3080 piam
463 3015 742 3073 indicatur.
769 3021 883 3076 Non
913 3026 1056 3080 enim
1078 3043 1106 3081 a
1131 3029 1284 3083 hellis
1303 3033 1403 3084 sub
1431 3047 1646 3090 sensum
1674 3032 1866 3092 Caden-

287 3103 458 3170 tibus,
489 3122 593 3160 non
622 3125 649 3161 a
679 3109 918 3168 barbaris
939 3157 952 3180 ,
986 3118 1078 3171 sed
1106 3120 1247 3188 quod
1282 3122 1434 3193 longe
1463 3127 1634 3195 majus
1657 3142 1764 3184 erat
1789 3173 1804 3197 ,
1837 3149 1864 3187 a

285 3196 518 3260 peccatis
563 3198 896 3257 liberandum
950 3209 1204 3276 populum
1246 3211 1409 3278 ipsius
1447 3219 1724 3272 annuntiat
1754 3239 1766 3274 :
1793 3196 1862 3276 id

282 3284 424 3350 quod
465 3301 622 3343 nemo
658 3299 781 3346 ante
825 3293 1001 3349 facere
1039 3307 1302 3364 potuerat.
1340 3303 1404 3356 Et
1433 3321 1534 3373 qua
1565 3307 1632 3361 de
1661 3323 1817 3364 causa
1846 3353 1860 3372 ,

281 3374 491 3444 inquies
514 3420 529 3444 ,
562 3379 822 3450 Papulum
851 3401 999 3439 suum
1028 3389 1197 3457 dixit,
1228 3408 1398 3462 neque
1427 3407 1612 3466 gentes
1637 3402 1863 3469 adjecit?

277 3464 357 3520 Ne
385 3470 563 3524 statim
590 3471 888 3529 auditorem
918 3480 1250 3546 percelleret.
1276 3485 1524 3556 Alioquin
1549 3504 1675 3543 vero
1705 3492 1862 3546 intel-

276 3555 492 3626 ligentia
533 3562 785 3628 praeditus
813 3567 1023 3620 auditor
1053 3569 1136 3624 hic
1166 3583 1352 3640 gentes
1378 3591 1588 3646 quoque
1615 3582 1856 3635 subindi-

1490 271 1554 326 ΙΝ
1595 271 1999 331 ΜΛΤΤΙΙᾹΞΠΜ
2067 278 2289 332 IIOMIL.
2335 279 2422 332 l‘v'.

3517 292 3586 346 48

2021 385 2168 440 tiam.
2202 388 2430 459 Ideoque
2455 406 2552 447 nec
2579 393 2627 446 in
2657 393 2792 458 foro,
2827 410 2924 450 nec
2953 397 3002 450 in
3030 398 3250 454 ecclesia
3278 407 3452 470 potest
3481 402 3594 455 dis-

2019 476 2181 546 tingui
2234 479 2406 539 fidelis
2445 498 2473 536 a
2516 500 2622 538 non
2668 486 2846 550 fideli,
2894 488 2993 541 nisi
3039 489 3157 558 quis
3185 491 3324 546 adsit
3361 501 3597 563 tempore

2016 571 2387 639 mysteriorum
2413 616 2428 641 ,
2474 585 2527 630 et
2573 576 2748 631 videat
2791 579 2881 648 qui
2911 580 3221 650 ejiciantur,
3271 592 3326 638 et
3362 587 3449 654 qui
3476 603 3593 640 ma-

2015 668 2193 713 neant.
2221 661 2504 730 Oportcret
2529 678 2702 721 autem
2733 684 2826 723 eos
2869 686 2970 724 non
3000 688 3026 724 a
3055 672 3174 726 loco
3201 714 3216 739 ,
3250 674 3343 728 sed
3371 691 3399 728 a
3430 681 3593 730 mori-

2014 748 2110 803 bus
2151 750 2423 822 distingui.
2471 756 2599 810 Nam
2640 767 2876 814 externae
2910 762 3125 831 quidem
3169 763 3474 835 dignitates,
3525 769 3592 820 ab

2010 842 2244 894 externis
2274 845 2413 897 notis
2441 854 2495 899 et
2517 851 2841 903 ornamentis
2860 851 2979 919 jure
3004 853 3383 923 dignoscuntur
3439 873 3450 908 :
3492 872 3588 911 no-

2009 941 2116 983 Stra
2161 947 2286 986 vero
2311 935 2379 988 ab
2417 936 2544 1005 ipsis
2582 940 2770 993 animis
2800 953 2922 996 nota
2961 959 3078 998 esse
3107 956 3333 1013 oportet.
3358 948 3594 1005 Fidelem

2007 1033 2236 1088 namque
2261 1037 2364 1075 non
2414 1039 2437 1077 Α
2465 1025 2608 1081 dono
2645 1039 2845 1086 tantum
2867 1077 2881 1097 .
2928 1037 3021 1092 sed
3052 1040 3210 1096 etiam
3250 1058 3278 1097 a
3308 1059 3445 1099 novo
3473 1049 3594 1102 vita:

2002 1110 2240 1167 instituto
2267 1120 2484 1183 agnosci
2517 1136 2612 1188 par
2637 1134 2798 1189 esset.
2842 1129 3038 1185 Fidelis
3066 1143 3120 1188 et
3147 1136 3403 1193 luminare
3432 1149 3486 1194 et
3511 1142 3590 1196 sal

2004 1201 2184 1255 mundi
2227 1218 2348 1259 esse
2374 1205 2552 1262 debet.
2585 1210 2716 1266 Cum
2764 1226 2942 1272 autem
2971 1235 3068 1275 nec
3101 1223 3194 1277 tibi
3225 1226 3439 1294 quidem
3489 1229 3587 1298 ipsi

2001 1286 2179 1344 luceas
2202 1331 2217 1356 ,
2252 1308 2350 1348 nec
2381 1299 2646 1366 propriam
2679 1307 3012 1372 putredinem
3042 1316 3376 1386 eonstringas
3398 1360 3411 1382 ,
3451 1321 3590 1375 unde

2000 1379 2210 1436 tandem
2241 1394 2291 1440 te
2317 1402 2473 1442 nosse
2499 1393 2827 1457 poterimus?
2863 1413 2930 1452 an
2959 1402 3079 1470 quia
3106 1403 3158 1456 in
3185 1379 3352 1461 sacris
3373 1407 3586 1464 flueutis

1999 1471 2268 1542 ingressus
2297 1481 2399 1532 es?
2427 1480 2532 1537 Sed
2560 1484 2661 1542 hoe
2689 1495 2740 1542 te
2762 1489 2828 1543 ad
2859 1495 3176 1562 supplicium
3207 1498 3443 1556 deducit.
3476 1505 3587 1558 Ma-

1995 1562 2215 1629 gnitudo
2259 1567 2401 1622 enim
2444 1570 2698 1642 honoris,
2749 1578 2812 1634 iis
2837 1582 2931 1649 qui
2958 1584 3117 1638 vitam
3163 1587 3462 1657 hujusmodi
3495 1593 3588 1647 ho-

2000 1669 2128 1709 uore
2153 1655 2366 1726 dignam
2397 1677 2500 1717 non
2539 1676 2731 1735 agunt,
2758 1670 3177 1753 additamentum
3210 1655 3452 1750 supplicii
3481 1695 3582 1742 est.

1997 1743 2231 1801 Fidelem
2259 1752 2402 1805 enim
2435 1770 2538 1809 nou
2571 1757 2639 1810 ah
2667 1759 2730 1814 iis
2761 1769 2962 1817 tantum
2991 1745 3111 1835 qua:
3137 1784 3166 1822 a
3199 1770 3308 1825 Deo
3335 1777 3542 1844 accepit
3566 1819 3581 1842 ,

1993 1836 2086 1890 sed
2118 1831 2279 1894 etiam
2307 1842 2374 1897 ab
2415 1844 2478 1898 iis
2504 1863 2622 1915 qua:
2653 1849 2765 1918 ipse
2790 1852 2969 1908 intulit
3007 1831 3208 1928 fulgere
3240 1878 3334 1930 par
3359 1831 3480 1929 est:
3529 1880 3586 1922 et

1993 1927 2224 1998 undique
2254 1947 2312 1986 se
2341 1945 2522 1990 notttm
2554 1952 2828 2009 praestare,
2853 1946 2922 2000 ab
2944 1927 3155 2005 incessu
3182 1993 3196 2016 ,
3230 1927 3297 2008 ab
3319 1968 3537 2026 aspectu
3563 2002 3590 2024 ,,

1990 2015 2058 2070 ab
2089 2017 2290 2084 habitu,
2319 2037 2346 2076 a
2377 2040 2525 2080 voce.
2557 2028 2678 2084 iizec
2704 2043 2880 2088 autem
2907 2036 3039 2104 dixi,
3076 2015 3189 2094 non
3209 2046 3351 2099 utad
3384 2015 3580 2104 Iosten-

1994 2108 2246 2165 tationem
2273 2155 2286 2175 ,
2315 2115 2409 2169 sed
2433 2127 2490 2170 ut
2508 2119 2574 2173 ad
2603 2123 2886 2180 utilitatem
2915 2129 3206 2187 videntium
3237 2151 3333 2189 nos
3358 2153 3579 2209 compo-

1990 2212 2200 2257 namus.
2240 2203 2391 2261 Nunc
2419 2220 2595 2264 autem
2629 2215 3000 2288 undecumque
3044 2215 3094 2275 te
3139 2225 3358 2281 voluero
3387 2229 3576 2298 digno-

1988 2306 2162 2358 scere,
2207 2299 2438 2369 undique
2467 2311 2519 2357 te
2551 2306 2763 2363 invenio
2792 2325 2821 2362 a
2849 2316 3131 2369 contrariis
3158 2317 3416 2387 dignosci.
3462 2323 3516 2378 Si
3545 2341 3574 2378 a

1985 2381 2107 2438 loco
2130 2387 2218 2454 qui
2250 2389 2324 2442 sis
2355 2393 2511 2446 velim
2551 2396 2790 2453 ediscere
2809 2442 2822 2464 ,
2858 2401 2911 2454 in
2937 2404 3081 2458 circo
3109 2416 3158 2461 tc
3183 2448 3197 2472 ,
3231 2409 3281 2462 in
3311 2413 3532 2469 theatris
3557 2457 3572 2474 .

1985 2481 2040 2524 et
2082 2473 2752 2552 iniquis‘occupationibus
2798 2491 2952 2546 video
2994 2494 3107 2548 dies
3138 2500 3468 2569 transigere,
3521 2505 3572 2559 in

1987 2561 2087 2616 fori
2115 2569 2342 2628 cmtibus
2368 2573 2730 2643 improborum
2756 2620 2771 2644 ,
2801 2581 2851 2635 in
2882 2597 3253 2655 corruptorum
3297 2591 3572 2650 hominum

1979 2658 2289 2726 consortio;
2317 2662 2360 2716 si
2385 2677 2416 2718 a
2443 2665 2622 2722 vultus
2659 2675 3064 2744 compositione,
3092 2679 3306 2737 assidue
3333 2691 3384 2739 te
3407 2700 3571 2744 cerno

1993 2752 2278 2807 cachinnis
2307 2756 2548 2813 deditum
2576 2775 2640 2815 ac
2667 2761 3013 2833 dissolutum,
3047 2771 3188 2828 haud
3217 2791 3377 2833 secus
3405 2795 3568 2849 quam

1997 2842 2330 2897 meretricem
2371 2850 2690 2915 procaciter
2725 2853 2962 2911 hiantem
3008 2869 3062 2914 et
3117 2861 3442 2920 dissolutam
3473 2885 3488 2934 ;
3517 2869 3568 2926 si

1993 2942 2025 2981 a
2051 2931 2312 2996 vestibus,
2343 2937 2566 3004 perinde
2606 2945 2930 3000 teamictum
2963 2949 3117 3004 video
3150 2961 3313 3024 atque
3344 2931 3537 3014 histrio
3558 2987 3572 3001 η

1995 3033 2155 3085 nem;
2214 3023 2258 3074 si
2303 3039 2332 3077 a
2374 3027 2698 3094 clientibus,
2753 3038 3023 3103 parasitos
3091 3042 3458 3108 circumducis
3513 3059 3569 3106 ct

1994 3110 2302 3180 adultores;
2333 3117 2377 3169 si
2413 3132 2441 3170 a
2475 3122 2679 3186 verbis,
2705 3121 2838 3177 nihil
2889 3142 3079 3184 sanum
3101 3171 3116 3196 ,
3150 3134 3284 3189 nihil
3316 3154 3568 3194 necessa-

1995 3200 2156 3265 rium,
2187 3204 2319 3256 nihil
2360 3208 2425 3258 ad
2463 3208 2772 3266 institutum
2806 3216 2928 3269 vitae
2974 3229 3220 3276 nostrum
3253 3231 3568 3287 eoncudens

1994 3288 2303 3358 loquentem
2337 3297 2532 3356 audio:
2567 3301 2612 3355 si
2646 3318 2674 3354 a
2716 3319 2922 3370 mensa,
2972 3310 3144 3379 major
3187 3315 3312 3369 niuc
3341 3333 3568 3375 accusa—

1995 3381 2160 3436 tionis
2194 3387 2419 3440 materia
2446 3390 2674 3447 orietur.

2040 3541 2092 3595 8.
2150 3543 2424 3604 Uudenam
2480 3552 2678 3623 igitur,
2729 3575 2954 3630 quzeso,
3010 3578 3194 3636 potero
3243 3584 3291 3629 tc
3343 3578 3551 3634 fidelem

1964 3645 2294 3718 agnoscere,
2347 3655 2465 3696 cum
2500 3660 2668 3716 supra
2717 3651 2854 3708 dicta
2885 3659 3062 3714 omnia
3110 3670 3432 3723 COtttt'arium
3463 3689 3552 3726 ar-

1962 3726 2164 3790 guant?
2193 3727 2258 3781 Et
2300 3732 2424 3799 quid
2473 3734 2594 3790 dico
2638 3737 2891 3800 fidelem?
2928 3748 3110 3821 Neque
3149 3757 3288 3810 enim
3317 3760 3360 3814 si
3392 3761 3552 3819 homo

1959 3814 2034 3868 sis
2063 3831 2275 3884 possum
2315 3825 2590 3883 evidenter
2624 3848 2936 3902 agnoscere.
2968 3842 3100 3899 Nam
3130 3863 3249 3903 cum
3279 3854 3423 3908 calce
3452 3857 3552 3914 int.-

1962 3915 2109 3972 petas
2138 3921 2192 3962 ut
2220 3913 2402 3970 asinus
2425 3958 2440 3982 ,
2470 3923 2685 3978 exsilias
2716 3937 2773 3980 ut
2800 3941 2983 3987 taurus
3003 3977 3015 3998 ,
3050 3938 3114 3990 ad
3149 3942 3400 3999 mulieres
3430 3947 3548 4002 itin-

1961 3997 2076 4050 nias
2105 4009 2161 4052 ut
2186 4017 2356 4070 equus
2376 4046 2389 4067 ,
2424 4013 2841 4072 veraciter-edas
2871 4031 2928 4074 ut
2959 4039 3113 4080 ursus
3137 4069 3152 4092 ,
3193 4045 3405 4087 carnem
3443 4039 3543 4090 im-

1956 4087 2209 4156 piuguare
2234 4097 2450 4153 studeas
2492 4112 2546 4155 ut
2571 4107 2744 4161 mulus
2770 4151 2782 4171 ,
2819 4113 3126 4182 injuriarum
3155 4137 3360 4179 memor
3388 4129 3459 4181 si.»
3481 4144 3544 4184 at

1953 4179 2208 4248 cam‘clus,
2239 4187 2418 4254 rapias
2450 4200 2504 4244 ut
2527 4193 2680 4264 lupus
2704 4240 2717 4260 ,
2748 4200 2994 4260 irascaris
3025 4219 3080 4263 ut
3103 4227 3349 4282 serpens,
3384 4218 3543 4277 ferias

1953 4278 2009 4322 ut
2040 4275 2270 4342 scorpio,
2303 4281 2599 4350 vcrsipellis
2628 4288 2701 4342 sis
2731 4301 2786 4345 ut
2818 4295 3021 4365 vulpes,
3051 4301 3199 4358 virus
3248 4307 3538 4379 iniquitatis

1950 4373 2132 4418 serves
2159 4373 2216 4418 ut
2257 4369 2398 4437 aspis
2437 4363 2491 4426 et
2536 4378 2750 4446 vipera,
2797 4384 3053 4446 adversus
3101 4395 3293 4452 fratres
3339 4400 3536 4460 bellum

1945 4464 2120 4520 geras,
2180 4464 2237 4510 ut
2276 4462 2506 4520 crudelis
2527 4467 2615 4524 ille
2645 4471 2854 4530 daemon
2896 4496 2908 4530 :
2957 4487 3224 4549 quomodo
3268 4497 3318 4543 te
3351 4503 3536 4559 potero

1957 4549 2096 4593 mter
2137 4544 2378 4603 homines
2423 4566 2818 4628 annumerare,
2867 4578 2988 4619 cum
3042 4569 3288 4627 humana:
3333 4588 3538 4637 natura:

1951 4629 2283 4692 characteres
2331 4640 2382 4693 iu
2426 4651 2477 4697 te
2508 4662 2611 4703 non
2652 4651 2900 4709 videam?
2941 4657 3252 4724 Quaerebam
3284 4667 3537 4726 differen-

1951 4720 2074 4773 tiam
2123 4728 2566 4788 catechumenum
2608 4739 2747 4794 inter
2777 4751 2833 4797 et
2874 4745 3086 4804 fidelem
3111 4793 3125 4815 ,
3157 4761 3210 4807 et
3241 4758 3531 4823 periculum

1943 4820 2022 4864 est
2067 4829 2133 4868 ne
2175 4815 2415 4877 invenire
2453 4842 2710 4896 nequeam
2752 4835 2922 4890 virmn
2958 4839 3094 4894 inter
3121 4853 3169 4898 et
3215 4845 3379 4903 feram
3411 4853 3524 4908 dis-

1938 4900 2160 4956 crimen.
2203 4908 2404 4979 Ecquid
2447 4925 2496 4970 te
2545 4918 2715 4974 dicam
2747 4926 2903 4979 esse?
2928 4927 3152 4985 Feram?
3177 4935 3244 4990 At
3270 4937 3397 4993 ferae
3423 4959 3529 4998 uno

274 3648 384 3700 cari
412 3651 683 3718 perspicit.
709 3652 939 3723 Populus
960 3659 1099 3712 enim
1122 3661 1238 3728 ejus
1265 3674 1387 3717 sunt
1409 3681 1513 3720 non
1540 3667 1707 3724 Judaei
1740 3681 1858 3726 tan-

275 3748 387 3795 tum
407 3781 422 3807 ,
455 3743 548 3797 sed
572 3758 760 3800 omnes
784 3750 871 3816 qui
900 3751 1195 3819 accedunt,
1223 3763 1278 3808 et
1303 3758 1416 3824 ejus
1438 3758 1739 3816 doctrinam
1760 3779 1854 3818 co-

271 3831 669 3902 gnitionemque
725 3841 1037 3908 suscipiunt.
1083 3844 1459 3904 Animadverte
1497 3860 1671 3907 autem
1719 3871 1852 3924 quo-

272 3923 434 3978 modo
455 3925 569 3994 ejus
593 3926 900 3996 dignitatem
925 3932 1078 3987 nobis
1103 3939 1390 4004 aperuerit,
1423 3942 1675 4010 populum
1698 3923 1850 4000 suum

271 4017 549 4084 appellans
594 4023 843 4087 populum
895 4022 1196 4080 Iudaicum.
1229 4028 1340 4083 Hoc
1382 4033 1521 4086 enim
1555 4036 1680 4088 nihil
1712 4037 1852 4091 aliud

271 4107 559 4176 significat,
581 4125 736 4178 quam
767 4128 886 4167 eum
908 4155 922 4177 ,
945 4116 1032 4183 qui
1058 4128 1212 4171 natus
1233 4129 1315 4173 est
1335 4162 1348 4181 ,
1373 4136 1492 4177 esse
1518 4125 1706 4179 Filium
1733 4129 1842 4182 Dei.

269 4212 332 4252 ac
357 4198 424 4253 de
464 4215 588 4269 rege
612 4216 843 4270 superno
885 4220 1064 4260 sermo
1095 4208 1192 4276 ipsi
1224 4221 1322 4264 est.
1353 4211 1534 4282 Neque
1564 4217 1703 4269 enim
1745 4219 1844 4273 alia

268 4297 505 4356 potestas
532 4301 744 4358 peccata
774 4295 1044 4350 remittere
1068 4298 1227 4361 valet,
1255 4300 1354 4353 nisi
1383 4317 1442 4355 ea
1472 4319 1589 4372 qua)
1612 4305 1677 4357 ad
1707 4307 1845 4361 illam

267 4380 621 4436 substantiam
651 4384 900 4451 pertinet.
931 4385 1190 4451 Quoniam
1222 4390 1380 4458 igitur
1408 4401 1609 4447 tantum
1639 4399 1845 4466 accepi-

267 4485 387 4524 mus
411 4471 608 4526 donum
631 4515 644 4538 ,
676 4474 805 4527 nihil
835 4492 938 4528 non
972 4492 1190 4546 agamus
1215 4496 1281 4533 ne
1308 4491 1508 4537 tantum
1533 4486 1842 4542 beneficium

241 4559 696 4624 ,dehonestemus.
728 4560 784 4616 Si
828 4563 968 4617 enim
999 4580 1060 4618 ea
1089 4582 1207 4635 quae
1244 4579 1367 4624 ante
1407 4571 1546 4628 hunc
1590 4577 1844 4632 honorem

264 4661 409 4721 gesta
432 4661 576 4719 sunt,
603 4654 758 4723 digna
777 4657 978 4714 ultione
998 4670 1168 4727 erant,
1195 4662 1360 4716 multo
1381 4667 1547 4735 magis
1570 4677 1686 4735 post
1709 4670 1830 4724 inef-

267 4742 421 4796 fabile
451 4743 578 4798 illud
610 4745 946 4802 beneficium.

322 4919 518 4976 Fidelis
563 4937 626 4974 επ
651 4922 765 4974 vitw
791 4922 1016 4978 instituto
1045 4926 1633 4997 dignoscendus.-—ll.rc
1675 4953 1756 5001 pot
1775 4952 1832 4988 ro

252 5027 355 5066 non
387 5013 503 5067 sine
550 5026 709 5066 causa
757 5028 898 5067 nunc
927 5014 1078 5079 dico;
1130 5017 1222 5070 sed
1270 5022 1390 5086 quia
1436 5022 1634 5078 multos
1678 5026 1831 5079 video

254 5113 373 5172 post
402 5105 662 5172 baptisma
700 5106 972 5176 segniores
996 5148 1010 5171 ,
1057 5124 1214 5177 quam
1258 5111 1292 5163 ii
1345 5113 1434 5180 qui
1468 5114 1698 5168 nondum
1751 5118 1800 5170 in

250 5196 380 5249 itiati
407 5205 551 5262 sunt,
585 5211 754 5266 neque
779 5197 937 5251 ullam
966 5198 1216 5254 habentes
1244 5202 1462 5258 instituti
1493 5208 1658 5261 nostri
1679 5209 1788 5261 noti
1807 5239 1820 5249 -

1928 5369 2055 5422 ergo
2074 5358 2220 5424 plura
2247 5363 2393 5432 vitia,
2419 5385 2572 5438 quam
2605 5375 2730 5431 ferae
2760 5391 2812 5434 et
2840 5383 3108 5443 dmntones
3135 5390 3351 5458 habeas,
3378 5413 3514 5462 quo-

1929 5445 2107 5514 tundo,
2151 5465 2352 5520 quarso,
2402 5468 2453 5514 te
2494 5461 2762 5524 hominem
2808 5477 3155 5532 vocabimus?
3202 5483 3244 5534 si
3279 5500 3402 5536 vero
3461 5497 3511 5541 te

1928 5534 2194 5597 hominem
2225 5562 2416 5604 vocare
2445 5569 2546 5609 non
2597 5557 2759 5630 licet,
2788 5568 3054 5634 quomodo
3082 5571 3290 5626 fidelem
3325 5580 3506 5646 appel-

311 5422 324 5452 ⁸
361 5421 501 5470 Savil.
540 5431 591 5472 et
614 5431 720 5474 Mss.
746 5426 910 5490 Morel.
938 5429 1006 5477 sic
1031 5428 1247 5490 habent:
1290 5431 1570 5490 audit/unm
1595 5440 1819 5481 accurate

241 5483 485 5552 sequentia
519 5493 660 5547 ponat
689 5500 706 5536 :
747 5506 769 5533 (ι
795 5488 971 5552 Pat't'et,
998 5507 1020 5535 ν
1058 5489 1420 5541 iudctcrmiuate
1443 5483 1685 5555 loquens;
1722 5506 1814 5544 non

241 5555 388 5595 cuitu.
413 5553 509 5595 etc.

241 5555 388 5603 cuitu,
413 5555 509 5595 etc.
