4060 6156
506 260 569 316 49
1228 270 1285 323 S.
1328 271 1616 329 JOANNIS
1652 273 2136 333 CliRYSOSTOMl
2175 278 2491 334 ARCIIIEP.
2532 278 3078 334 CONSTANTINOP.
3706 287 3779 342 50

510 369 769 427 labimus?
796 372 948 442 Quod
974 384 1153 432 autem
1191 377 1427 434 deterius
1453 390 1538 435 est
1563 422 1577 447 ,
1605 395 1731 436 cum
1758 382 1827 435 ita
1854 382 1991 437 male
2016 398 2089 434 su-

508 476 626 515 mus
651 462 845 531 allecti,
875 483 944 521 ne
969 468 1267 539 cogitamus
1296 472 1510 539 quidem
1538 474 1731 528 anima:
1761 485 1958 528 nostrae
1994 475 2090 527 de-

507 550 871 623 formitatem,
921 574 1095 628 neque
1147 561 1265 629 ejus
1320 562 1614 618 fmditatem
1664 566 1928 621 novimus.
1986 566 2090 622 Sed

504 643 641 711 apud
672 654 946 704 tonsorem
985 650 1182 705 sedens
1206 693 1224 718 ,
1269 667 1474 707 comam
1499 654 1834 723 defendens,
1879 670 2092 729 arrepto

507 737 1033 803 speculoczesariem
1061 745 1392 810 consideras,
1424 757 1478 801 et
1507 748 1779 804 adstantes
1810 750 2091 820 ipsumque

503 835 775 883 tonsorem
804 829 1129 902 interrogas,
1173 851 1298 889 num
1325 847 1517 892 ornate
1542 838 1769 896 frontem
1797 843 2091 896 concinna-

502 919 637 973 verit
668 938 681 974 :
714 936 777 975 ac
801 938 944 991 saepe
967 964 983 991 ,
1013 940 1177 980 senex
1205 942 1326 981 eum
1369 929 1445 982 sis
1468 970 1484 994 ,
1516 946 1621 984 non
1654 933 1852 986 vereris
1876 932 2092 1002 juveni-

500 1010 638 1065 libus
678 1015 866 1068 studiis
896 1016 1130 1072 insanire
1168 1036 1181 1071 :
1227 1021 1456 1074 animam
1502 1037 1629 1077 vero
1670 1035 1909 1078 nostram
1934 1066 1948 1091 ,
1980 1042 2087 1082 non

501 1105 661 1158 modo
687 1105 1001 1171 deformem,
1029 1108 1125 1163 sed
1155 1111 1314 1166 etiam
1338 1112 1520 1167 ferinae
1552 1114 1736 1169 fortine
1754 1131 1898 1180 esse,
1923 1118 2091 1173 instar

499 1194 689 1265 Scylla:
716 1207 770 1251 et
798 1198 1082 1275 Chimatra;
1110 1244 1126 1268 ,
1154 1221 1271 1272 quae
1303 1207 1353 1259 in
1385 1206 1559 1262 fabula
1588 1210 1851 1277 feruntur,
1891 1226 1960 1266 ne
1989 1212 2090 1266 mi-

497 1286 701 1342 nimum
730 1290 945 1358 quidem
971 1296 1232 1350 sentimus
1258 1317 1270 1351 :
1305 1315 1621 1369 quamquam
1659 1310 1837 1356 tamen
1867 1304 1952 1357 hic
1976 1302 2089 1372 spié

496 1375 686 1433 rituale
724 1382 1001 1449 Speculum
1046 1384 1337 1444 habeamus
1377 1390 1534 1461 longe
1573 1393 1764 1448 melius
1807 1401 1860 1448 et
1905 1394 2087 1449 utilius

495 1467 609 1523 illo.
652 1470 770 1525 Non
815 1474 976 1529 modo
1023 1478 1165 1532 enim
1209 1479 1601 1539 deformitatem
1648 1494 1947 1550 monstrat,
1989 1486 2085 1541 sed

495 1562 655 1616 etiam
683 1574 851 1619 mutat
879 1565 1021 1622 illam
1050 1568 1107 1623 in
1145 1572 1589 1641 pulchritudinem
1636 1575 1952 1633 immensam
1974 1618 1991 1644 ,
2034 1578 2083 1634 si

492 1652 708 1721 quidem
738 1657 983 1714 velimus.

570 1848 682 1904 Vita
709 1860 997 1904 sanctorum
1019 1850 1488 1919 speculum—Hoc
1510 1865 1669 1920 porro
1696 1852 1970 1922 speculum
1990 1864 2067 1910 est

484 1941 773 2013 proborum
800 1942 1038 1995 virorum
1070 1942 1350 2009 memoria,
1382 1956 1590 1998 necnon
1615 1944 1785 1999 beatae
1841 1945 2073 2014 ipsorum

485 2032 608 2086 vitae
634 2032 851 2087 historia
876 2074 892 2098 ,
921 2032 1312 2101 Scriptorum
1340 2034 1497 2089 lectio
1513 2075 1527 2098 ,
1554 2035 1695 2105 leges
1720 2050 1751 2088 a
1778 2035 1887 2091 Deo
1911 2035 2069 2090 datae.

486 2121 542 2177 Si
591 2121 673 2177 vel
697 2123 864 2177 semel
894 2122 1128 2177 volueris
1171 2123 1489 2179 Sanctorum
1539 2125 1793 2195 imagines
1831 2136 2072 2182 contem-

489 2213 622 2283 plari
649 2253 665 2278 ,
705 2213 1101 2269 deformitatem
1127 2215 1320 2268 animm
1355 2223 1459 2267 tua:
1501 2214 1705 2270 videbis
1733 2230 1748 2270 :
1777 2230 1881 2285 qua
1906 2218 2076 2272 semel

488 2313 795 2373 conspecta,
830 2304 972 2358 nullo
998 2304 1105 2358 alio
1130 2305 1309 2373 egebis
1334 2312 1395 2358 ut
1420 2306 1489 2359 ab
1512 2306 1612 2360 hac
1637 2306 1961 2377 turpitudine
2008 2309 2076 2362 lio

490 2397 717 2451 bereris.
766 2394 847 2449 Ad
877 2394 979 2449 hoc
1021 2394 1163 2449 enim
1191 2394 1321 2448 utile
1362 2395 1516 2449 nobis
1544 2404 1626 2449 est
1654 2396 1753 2450 hoc
1780 2398 2074 2465 speculum,

490 2489 804 2557 facilemque
827 2487 981 2541 nobis
1011 2486 1183 2541 reddit
1212 2487 1349 2541 hanc
1387 2488 1757 2542 mutationem.
1786 2488 1952 2543 Nemo
1980 2489 2078 2543 ita-

491 2597 593 2650 que
624 2581 673 2632 in
726 2581 1000 2633 brutorum
1048 2578 1217 2633 forma
1251 2589 1464 2633 maneat
1525 2580 1580 2635 Si
1621 2582 1763 2635 enim
1794 2596 1978 2659 servus
2023 2587 2075 2638 in

490 2673 705 2725 donnnn
743 2672 905 2740 patris
934 2686 1039 2724 non
1071 2672 1268 2735 intrat,
1299 2685 1422 2725 cum
1449 2672 1574 2726 ferae
1600 2671 1821 2726 formam
1855 2674 2075 2740 habeas,

489 2761 760 2830 quonwdo
791 2770 845 2815 tu
876 2760 925 2814 in
955 2762 1133 2814 limina
1164 2762 1252 2816 illa
1283 2761 1484 2831 ingredi
1515 2764 1747 2831 poteris?
1775 2763 1975 2833 Ecquid
2008 2766 2076 2818 fe—

493 2870 604 2907 ram
636 2852 793 2907 dico?
825 2853 956 2906 Fera
987 2854 1127 2907 enim
1170 2853 1407 2909 deterior
1432 2866 1513 2908 est
1546 2854 1847 2922 hujusmodi
1892 2856 2073 2911 homo.

492 2947 643 3000 Fene
669 2946 810 2999 enim
842 2946 939 2998 etsi
990 2954 1173 2999 natura
1202 2958 1295 2998 sua
1328 2947 1531 3000 feroces
1563 2947 1689 3013 sint,
1719 2947 1947 3001 humana
1994 2956 2075 3002 ta-

491 3054 613 3093 men
639 3048 755 3091 arte
794 3050 936 3106 saepe
980 3046 1358 3091 mansuescunt
1400 3054 1411 3089 :
1464 3048 1515 3090 tu
1566 3053 1691 3092 vero
1734 3039 1825 3106 qui
1865 3038 2075 3095 illarum

492 3131 787 3185 naturalem
817 3129 1080 3184 feritatem
1124 3129 1174 3182 in
1204 3128 1683 3193 mansuetudinem,
1727 3146 1845 3197 qua:
1895 3143 2079 3185 comm

491 3231 738 3275 natumut
760 3236 942 3275 earum
974 3228 1076 3285 est,
1100 3227 1448 3285 transmutas,
1480 3234 1636 3289 quam
1667 3219 1890 3277 habebis
1915 3236 2074 3277 exen-

490 3314 771 3379 Sationetn,
802 3310 890 3382 qui
914 3310 1394 3377 mansuetudinem,
1422 3326 1578 3380 quam
1595 3326 1663 3369 ex
1682 3324 1865 3368 natura
1894 3312 2078 3379 habes,

492 3409 544 3460 in
568 3407 859 3469 feritatem,
891 3421 1011 3474 quae
1040 3414 1225 3459 contra
1257 3413 1501 3458 naturam
1526 3414 1644 3473 est,
1690 3405 1957 3459 convertis
1983 3445 1997 3469 ,
2027 3418 2079 3460 et

491 3500 580 3567 qui
623 3498 762 3568 quod
809 3498 978 3551 ferum
1024 3506 1138 3550 crat
1164 3496 1292 3549 mite
1330 3496 1582 3562 reddens,
1616 3499 1862 3565 teipsnm,
1897 3507 2080 3551 natura

494 3591 675 3644 mitem
703 3631 717 3654 ,
744 3597 929 3643 contra
963 3598 1203 3642 naturam
1234 3586 1467 3644 lerocem
1497 3587 1818 3643 constituisti
1848 3606 1861 3641 :
1890 3603 1952 3643 ac
1990 3589 2078 3658 qui

495 3682 703 3735 leonem
730 3682 936 3735 cicuras
958 3690 1401 3750 mansuetumque
1430 3679 1627 3745 reddis,
1657 3681 1894 3735 animum
1927 3690 2073 3735 tuum

494 3772 651 3825 leone
693 3770 1008 3826 ferociorem
1052 3771 1256 3827 efficis?
1310 3771 1517 3826 etiamsi
1557 3772 1662 3827 duo
1710 3772 1817 3827 lllic
1859 3772 2081 3837 impedi-

495 3868 681 3917 menta
712 3858 917 3922 adsint,
957 3867 1014 3911 et
1044 3856 1190 3926 quod
1224 3854 1338 3909 fera
1370 3855 1456 3908 illa
1489 3854 1561 3908 sit
1590 3853 1817 3908 rationis
1848 3870 2063 3924 expers,

486 3958 544 4004 et
570 3947 716 4018 quod
742 3945 992 4000 omnium
1021 3946 1094 3999 sit
1118 3940 1479 3997 ferocissima.
1512 3940 1764 3997 Attamen
1790 3941 1844 3995 vi
1880 3940 2066 3996 inditm

489 4041 588 4095 tibi
633 4055 663 4094 a
709 4038 823 4093 Dco
866 4036 1170 4106 sapientiae,
1222 4045 1475 4089 naturam
1522 4033 1695 4103 ipsam
1741 4033 1937 4088 vincis.
1984 4032 2064 4086 Tu

488 4132 656 4202 igitur
693 4130 789 4201 qui
828 4129 1068 4183 ferarum
1110 4136 1362 4181 naturam
1407 4125 1603 4191 vincis,
1651 4139 1752 4180 cur
1792 4125 1846 4178 in
1890 4124 2066 4193 teipse

485 4234 542 4278 et
574 4231 785 4276 natura:
815 4230 872 4274 et
913 4218 1215 4273 voluntatis
1254 4216 1459 4271 bonum
1498 4214 1722 4285 prodis?
1750 4215 1827 4268 Ac
1861 4212 1906 4268 si
1942 4211 2064 4282 qui-

486 4317 613 4369 dem
654 4320 707 4367 te
750 4311 919 4365 alium
963 4308 1247 4369 hominem
1290 4308 1479 4361 mitem
1524 4303 1755 4360 reddere
1790 4305 2063 4376 iuberem,

487 4423 555 4462 ne
592 4406 675 4459 sic
707 4400 933 4473 quidem
976 4401 1077 4454 tibi
1117 4416 1181 4454 ea
1216 4397 1477 4453 mandare
1514 4398 1755 4462 viderer,
1791 4410 1911 4465 qute
1948 4395 2067 4450 ﬁeri

486 4495 784 4566 nequirent
818 4510 831 4545 :
866 4506 1057 4561 posses
1089 4499 1271 4544 tamen
1307 4498 1366 4543 tu
1398 4489 1638 4558 objicere
1668 4495 1720 4541 te
1751 4501 1860 4540 non
1887 4486 2067 4541 domi-

490 4605 623 4644 num
649 4601 769 4643 esse
797 4583 1097 4640 voluntatis
1122 4582 1370 4645 alterius,
1403 4594 1507 4636 nec
1533 4593 1702 4650 penes
1733 4588 1785 4633 te
1810 4577 1864 4632 id
1892 4586 2067 4632 totum

493 4696 635 4737 esse.
667 4679 827 4734 Nunc
862 4686 1047 4731 autem
1081 4675 1265 4730 bellua
1299 4682 1389 4727 tua
1418 4680 1520 4733 est,
1553 4671 1608 4725 in
1642 4680 1736 4726 tuo
1773 4668 1950 4741 posita
1980 4683 2069 4724 ar-

486 4772 675 4828 bitrio.

558 4961 611 5014 9.
654 4958 720 5013 In
747 4959 876 5012 iram
906 4954 1174 5010 invehitur.
1212 4952 1439 5027 Sanguis
1464 4950 1649 5007 Christi
1688 4950 1885 5004 morbos
1912 4949 2069 5001 animi

483 5053 774 5123 exstinguit.
824 5046 1043 5115 Affectus
1082 5064 1199 5117 erga
1234 5055 1487 5099 creaturas
1522 5058 1741 5097 umorem
1762 5033 1946 5096 Christi
1972 5039 2069 5091 mi-

488 5146 694 5198 nuit.—
713 5142 880 5211 Quam
906 5154 1033 5209 ergo
1062 5138 1226 5192 habes
1252 5135 1638 5199 defensionem,
1666 5135 1791 5189 dum
1824 5140 2068 5186 naturam

487 5249 629 5292 tuam
649 5250 752 5290 non
781 5231 1012 5301 subigis?
1035 5246 1192 5301 quem
1210 5230 1565 5284 excusationis
1580 5228 1813 5283 colorem
1834 5223 2070 5295 proferre

487 5328 712 5399 poteris,
744 5325 869 5379 dum
901 5323 1110 5377 leonem
1136 5320 1187 5375 in
1220 5319 1489 5374 hominem
1513 5316 1799 5379 convertis,
1829 5326 1984 5384 teque
2004 5328 2067 5367 ex

493 5420 707 5475 homine
738 5417 944 5471 leonem
971 5415 1166 5469 factum
1196 5412 1412 5475 videns,
1447 5408 1496 5464 id
1526 5425 1629 5463 non
1655 5423 1830 5472 curas,
1865 5419 1927 5460 ac
1943 5405 2068 5458 dum

488 5510 565 5565 illi
595 5526 691 5575 ea,
722 5523 842 5578 quae
874 5521 1031 5576 supra
1062 5512 1303 5558 naturam
1338 5502 1455 5571 ejus
1494 5508 1615 5554 sunt
1637 5542 1651 5563 ,
1690 5497 1929 5568 largiris,
1976 5495 2066 5549 tibi

490 5617 556 5656 ne
585 5616 646 5654 ea
678 5600 887 5671 quidem
918 5612 1120 5660 servas,
1149 5610 1267 5665 quze
1294 5608 1360 5647 ex
1393 5600 1577 5645 natura
1605 5589 1790 5653 habes,
1821 5586 1915 5642 sed
1942 5585 2067 5640 dum

2200 397 2338 449 feras
2364 403 2599 464 agrestes
2634 393 2701 446 ad
2732 391 3058 446 nobilitatem
3089 398 3325 446 nostram
3355 389 3620 446 deducere
3646 406 3779 446 con-

2199 486 2374 541 tendis
2395 528 2410 552 ,
2444 486 2676 553 teipsum
2702 500 2769 537 ex
2812 483 2949 536 solio
2970 482 3119 552 regni
3139 481 3405 543 detrudis.
3425 489 3475 535 et
3500 484 3554 535 in
3580 481 3780 535 bellua-
3840 538 3869 549 ,ν

2197 595 2313 633 rum
2359 579 2595 633 furorem
2634 576 2897 647 depellis?
2930 575 3113 644 Cogita
3157 589 3421 643 namque,
3472 572 3516 627 si
3566 573 3778 643 placet,

2197 670 2328 724 iram
2369 684 2491 724 esse
2514 668 2678 722 feram
2704 685 2716 720 :
2745 676 2799 721 et
2822 677 3073 735 quantam
3104 665 3192 718 alii
3216 665 3356 719 circa
3381 666 3568 719 leones
3596 679 3779 718 curam

2199 758 2547 828 impendunt,
2594 766 2791 812 tantum
2837 764 2893 810 et
2932 765 2987 809 tu
3035 753 3281 823 impende
3319 755 3458 807 circa
3508 754 3777 822 teipsum,

2194 858 2353 917 atque
2388 850 2626 901 animum
2670 855 2815 900 tuum
2854 844 3037 898 mitem
3081 854 3524 912 mansuetumqne
3570 842 3775 897 redde:

2194 954 2314 993 nam
2343 947 2398 992 et
2440 938 2531 993 ille
2560 938 2718 991 smvis
2751 935 3000 989 dentibus
3025 943 3076 988 et
3104 933 3313 1002 ungulis
3342 934 3630 986 instructus
3656 942 3775 997 est,

2191 1045 2254 1084 ac
2283 1030 2382 1084 nisi
2410 1030 2615 1084 cicures
2643 1028 2838 1096 ipsum,
2879 1026 3055 1079 omnia
3085 1024 3289 1093 perdet.
3315 1023 3495 1092 Neque
3524 1025 3665 1077 enim
3695 1023 3780 1077 leo

2193 1131 2249 1177 et
2279 1122 2458 1190 vipera
2487 1120 2567 1174 sic
2603 1120 2808 1172 viscera
2842 1117 3077 1171 lacerare
3113 1122 3368 1183 possunt,
3412 1122 3467 1167 ut
3503 1113 3614 1178 ira,
3661 1129 3777 1181 qnze

2195 1213 2401 1282 ungulis
2445 1211 2631 1266 ferreis
2685 1208 2898 1263 assidue
2948 1207 3132 1261 laniat.
3177 1205 3358 1275 Neque
3409 1222 3539 1259 vero
3581 1221 3778 1275 corpus

2192 1314 2396 1357 tantum
2435 1301 2747 1366 labefactat,
2776 1298 2872 1354 sed
2908 1307 2961 1352 et
2984 1299 3174 1351 animm
3212 1298 3493 1350 sanitatem
3531 1312 3775 1351 corrum-
3864 1356 3867 1361 _

2193 1396 2285 1463 pit,
2307 1395 2411 1447 vim
2432 1393 2550 1463 ejus
2564 1407 2775 1446 omnem
2798 1391 3108 1451 corrodens,
3129 1388 3411 1453 dilaniatis,
3441 1389 3771 1459 discerpens,

2191 1498 2246 1541 et
2273 1487 2337 1540 ad
2366 1487 2542 1540 omnia
2584 1484 2826 1539 inutilem
2856 1483 3105 1538 reddens.
3135 1482 3265 1536 Nam
3299 1482 3342 1536 si
3372 1483 3415 1537 is
3441 1484 3529 1552 qui
3561 1499 3774 1538 vermes

2192 1579 2246 1634 in
2282 1580 2570 1635 visceribus
2615 1578 2819 1642 nutrit,
2869 1592 2937 1632 ne
2979 1577 3245 1646 respirare
3287 1574 3501 1645 quidem
3547 1577 3774 1645 poterit,

2185 1673 2395 1728 cunctis
2437 1672 2577 1726 intus
2615 1668 2880 1738 corruptis
2916 1709 2932 1731 .
2971 1665 3237 1736 quomodo
3274 1666 3431 1720 talem
3469 1677 3774 1736 serpentem

2190 1763 2474 1827 habentes,
2500 1761 2704 1816 viscera
2731 1758 2907 1814 omnia
2932 1756 3328 1822 corrodentem,
3361 1756 3491 1810 iram
3514 1755 3655 1821 dico,
3684 1774 3773 1828 ge-

2189 1870 2441 1912 nerosum
2487 1856 2683 1926 aliquid
2731 1872 2921 1926 parere
2965 1862 3295 1926 poterimus?
3333 1860 3611 1929 Quomodo
3636 1876 3766 1930 ergo

2186 1948 2478 2018 poterimus
2516 1946 2586 2000 ab
2624 1946 2723 2001 hac
2763 1957 2909 2016 peste
2940 1948 3196 2003 liberari?
3226 1947 3284 2005 Si
3326 1952 3469 2005 illam
3495 1951 3764 2019 potionem

2184 2038 2448 2103 bibamus,
2476 2052 2594 2106 qua:
2620 2038 2788 2106 possit
2814 2041 2955 2091 intus
2986 2040 3187 2108 positos
3214 2056 3424 2095 vermes
3452 2049 3507 2095 et
3542 2056 3766 2110 serpen-

2185 2139 2265 2186 tes
2308 2133 2669 2199 exstinguere.
2717 2130 2894 2199 Ecqua
2945 2132 3090 2200 potio
3132 2132 3223 2186 illa
3266 2142 3369 2198 est,
3413 2133 3612 2201 inquis,
3642 2149 3764 2204 qum

2184 2228 2385 2274 tantam
2434 2220 2539 2273 vim
2588 2219 2821 2274 habeat?
2868 2220 3139 2275 Pretiosos
3183 2224 3400 2291 sanguis
3440 2222 3664 2288 Christi,
3713 2224 3763 2278 si

2182 2324 2304 2366 cum
2334 2309 2524 2365 fiducia
2549 2320 2793 2365 sumatur
2821 2329 2836 2363 ε
2870 2312 3085 2365 morbos
3113 2312 3309 2382 quippe
3336 2328 3521 2367 omnes
3556 2314 3764 2368 exstin—

2182 2415 2345 2469 guere
2390 2401 2629 2470 poterit;
2686 2402 2807 2456 huic
2850 2401 2989 2456 adde
3031 2402 3329 2458 divinarum
3369 2404 3760 2474 Scripturarum

2181 2494 2394 2548 lectioni
2421 2494 2766 2548 attentionem
2788 2534 2804 2559 ,
2834 2494 3062 2565 huicque
3091 2494 3308 2564 adjicias
3333 2497 3758 2567 eleemosynam:

2184 2599 2280 2654 per
2322 2584 2439 2639 hate
2494 2586 2690 2653 quippe
2733 2586 2911 2638 omnia
2966 2586 3237 2655 exstingui
3288 2597 3536 2656 poterunt
3587 2588 3761 2641 morbi

2182 2676 2414 2729 animam
2446 2674 2847 2729 labefactantes.
2876 2675 3129 2745 Tuncque
3151 2678 3322 2730 solum
3354 2677 3615 2743 vivemus,
3636 2692 3760 2731 cum

2178 2765 2289 2835 jam
2336 2780 2443 2818 non
2498 2765 2718 2818 meliore
2760 2764 3067 2819 conditione
3107 2767 3295 2832 simus,
3338 2782 3493 2835 quam
3521 2766 3759 2820 mortui:

2182 2871 2303 2910 nam
2346 2857 2455 2910 illis
2499 2857 2832 2922 viventibus,
2867 2872 2965 2910 nos
2994 2857 3169 2912 vivere
3196 2858 3506 2928 nequimus,
3541 2859 3633 2912 sed
3661 2873 3761 2913 ne-

2181 2947 2415 3002 cessario
2457 2947 2713 3016 perimus.
2758 2947 2869 3001 Nisi
2905 2949 3047 3001 enim
3086 2947 3169 3000 hic
3214 2949 3334 3002 illos
3377 2949 3761 3013 occiderimus,

2183 3037 2292 3091 illic
2323 3052 2420 3092 nos
2458 3038 2679 3091 omnino
2709 3036 3026 3091 interficient
3054 3055 3067 3091 :
3098 3039 3207 3092 imo
3231 3047 3283 3092 et
3308 3048 3431 3092 ante
3461 3047 3760 3093 extremum

2180 3127 2385 3182 obitum
2419 3127 2485 3181 de
2512 3128 2665 3182 nobis
2693 3127 2778 3180 hic
2808 3127 3061 3182 ultionem
3090 3138 3320 3183 sument.
3358 3130 3566 3183 Etenim
3595 3145 3763 3185 unus-

2177 3221 2400 3290 quisque
2432 3219 2649 3274 morbus
2693 3220 3089 3287 hujuscemodi,
3134 3220 3363 3275 crudelis
3393 3260 3409 3287 ,
3457 3221 3764 3291 tyrannicus

2178 3320 2232 3365 et
2258 3310 2570 3365 insatiabilis
2590 3319 2703 3375 est,
2737 3324 2835 3364 nec
2863 3325 2960 3365 nos
2996 3310 3233 3380 quotidie
3256 3310 3569 3366 corrodendi
3598 3312 3763 3367 linem

2179 3400 2306 3456 facit
2331 3418 2345 3454 :
2376 3416 2496 3455 nam
2528 3399 2718 3455 dentes
2744 3399 2956 3454 leonum
2981 3408 3104 3455 sunt
3138 3400 3327 3456 dentes
3357 3402 3621 3470 ipsorum,
3647 3402 3756 3455 imo

2180 3494 2338 3546 etiam
2392 3492 2549 3561 longe
2598 3492 2873 3547 suaviores.
2922 3490 3030 3546 Leo
3080 3492 3279 3562 quippe
3324 3492 3414 3546 ubi
3467 3491 3761 3546 exsatiatus

2176 3585 2369 3647 fuerit.
2414 3599 2443 3636 a
2491 3583 2751 3638 cadavere
2793 3583 3021 3638 discedit
3057 3599 3071 3635 :
3108 3582 3159 3636 hi
3198 3598 3328 3636 vero
3380 3584 3550 3638 morbi
3596 3585 3758 3638 animi

2179 3690 2467 3743 numquam
2508 3676 2788 3737 satiantur,
2836 3690 3010 3743 neque
3052 3682 3283 3737 cessant,
3331 3673 3502 3728 donec
3544 3686 3759 3745 captum

2177 3766 2447 3820 hominem
2486 3766 2703 3820 diabolo
2748 3767 3044 3835 proximum
3081 3766 3388 3820 statuerint.
3412 3765 3580 3821 Tanta
3607 3769 3754 3822 enim

2177 3856 2387 3910 illorum
2414 3856 2493 3910 vis
2522 3864 2603 3910 est
2625 3897 2640 3922 ,
2692 3865 2751 3910 ut
2790 3871 2949 3925 quam
2988 3855 3299 3937 servitutem
3325 3853 3538 3911 Christo
3565 3858 3759 3912 Paulus

2176 3947 2436 4012 exhibuit,
2468 3947 2537 4000 ita
2560 3955 2617 4000 ut
2643 3956 2859 4015 prepter
2886 3946 3031 3999 illum
3060 3944 3110 4000 et
3130 3945 3429 4015 gehennam
3458 3956 3510 4001 et
3535 3963 3756 4016 regnum

2179 4037 2519 4107 despiceret,
2565 4036 2807 4091 eamdem
2850 4034 3017 4104 ipsam
3058 4050 3086 4087 a
3126 4034 3347 4104 captivis
3380 4036 3492 4091 suis
3518 4038 3755 4107 exigant.

2175 4128 2307 4182 Nam
2338 4128 2450 4181 sive
2485 4126 2538 4179 in
2578 4140 2863 4194 corporum
2885 4164 2899 4189 ,
2941 4125 3055 4178 sive
3093 4124 3145 4178 in
3185 4124 3521 4192 divitiarum,
3564 4126 3676 4181 sive
3703 4127 3756 4181 in

2174 4218 2356 4288 gloria:
2394 4231 2630 4271 antorem
2673 4216 2791 4284 quis
2822 4215 3093 4277 inciderit,
3120 4224 3174 4269 et
3199 4215 3496 4285 gehennam
3527 4216 3756 4281 deridet,

2177 4316 2232 4363 et
2257 4322 2478 4377 regnum
2506 4306 2820 4367 contemnit,
2846 4315 2902 4357 ut
2927 4314 3102 4358 amata
3130 4321 3187 4357 re
3217 4305 3465 4374 potiatur.
3495 4305 3572 4360 Ne
3597 4306 3759 4375 igitur

2176 4399 2341 4454 Paulo
2368 4397 2528 4452 fidem
2550 4410 2806 4465 negemus
2830 4396 3051 4457 dicenti,
3069 4410 3128 4450 se
3143 4394 3409 4450 Christum
3430 4396 3500 4449 ita
3522 4411 3753 4451 amasse.

2182 4488 2308 4545 Cum
2337 4491 2477 4543 enim
2515 4488 2848 4543 inveniantur
2892 4485 3107 4554 quidam
3151 4484 3314 4539 animi
3357 4484 3634 4538 affectibus
3683 4485 3755 4539 ita

2178 4581 2503 4647 servientes,
2536 4594 2631 4633 cur
2659 4577 2781 4631 illud
2812 4576 3116 4630 incredibile
3146 4575 3300 4628 nobis
3340 4574 3616 4629 videatur?
3663 4575 3759 4629 Et-

2180 4673 2321 4727 enim
2351 4673 2468 4727 ideo
2490 4686 2640 4725 amor
2660 4684 2782 4740 erga
2802 4668 3070 4739 Christum
3102 4666 3362 4719 infirmior
3379 4676 3483 4731 est,
3504 4666 3624 4735 quia
3647 4674 3755 4719 tota

2181 4764 2257 4817 vis
2285 4774 2464 4818 nostra
2489 4763 2539 4815 in
2562 4761 2811 4815 vitiorum
2835 4773 3019 4811 amore
3039 4756 3369 4810 consumitur
3393 4773 3405 4809 :
3425 4765 3479 4810 et
3498 4756 3753 4823 rapimus,

2178 4862 2231 4907 et
2262 4853 2498 4907 avaritia:
2534 4850 2697 4905 dediti
2727 4862 2911 4902 smnus
2931 4888 2946 4913 ,
2979 4857 3032 4901 et
3066 4861 3219 4900 van-.e
3244 4846 3426 4915 gloria:
3454 4847 3713 4901 servimus
3732 4886 3751 4913 ,

2177 4958 2279 5013 qua
2310 4943 2435 5011 quid
2477 4941 2630 4994 vilius
2675 4938 2873 4993 fuerit?
2904 4939 3120 4992 Etiamsi
3159 4938 3299 4992 enim
3345 4937 3630 4992 admodum
3679 4938 3754 4991 sis

2175 5034 2535 5103 conspicuus,
2564 5031 2735 5085 nihilo
2778 5030 2965 5085 melior
2991 5031 3096 5085 eris
3141 5031 3206 5083 iis
3252 5031 3339 5099 qui
3369 5030 3563 5083 infinite
3595 5030 3755 5083 stll'liS

2176 5134 2333 5188 sunt;
2380 5125 2487 5176 imo
2530 5122 2601 5176 ob
2642 5122 2744 5176 hoc
2784 5122 2955 5190 ipsum
3000 5122 3103 5175 illis
3131 5121 3349 5174 inferior
3375 5122 3500 5175 eris.
3529 5121 3755 5187 Quando

2175 5216 2315 5269 enim
2343 5214 2502 5268 iidem
2531 5212 2648 5281 ipsi,
2682 5213 2771 5281 qui
2801 5222 2850 5265 te
2868 5213 3155 5282 gloriosum
3182 5226 3245 5265 ac
3270 5212 3603 5279 splendidum
3626 5210 3751 5264 red-

2175 5304 2301 5360 dere
2342 5302 2591 5367 student,
2638 5302 2707 5355 ob
2739 5302 2841 5356 hoc
2867 5303 3038 5372 ipsum
3073 5313 3122 5355 te
3150 5301 3433 5364 derident,
3464 5301 3605 5369 quod
3634 5302 3751 5369 glo-

2173 5395 2306 5449 riam
2336 5393 2404 5447 ab
2431 5392 2558 5463 ipsis
2593 5392 2832 5462 requiras
2854 5433 2870 5459 ,
2909 5392 3175 5462 quomodo
3205 5406 3309 5445 non
3339 5390 3454 5445 hate
3481 5390 3744 5460 cupiditas

2176 5485 2268 5540 tibi
2295 5486 2346 5539 in
2368 5484 2690 5540 contrarium
2717 5484 2995 5540 vertetur?
3018 5482 3148 5539 Nam
3172 5482 3268 5551 illi,
3286 5482 3543 5553 quidquid
3560 5492 3740 5553 agant,

2173 5586 2510 5632 accusatores
2532 5576 2604 5631 tui
2627 5585 2771 5630 sunt.
