4060 6156
488 262 552 320 '{1
584 189 598 202 ⁵
1207 234 1263 286 S.
1301 228 1587 286 JOANNIS
1625 217 2105 280 CIIIWSOSTOMI
2148 212 2461 269 ARCIIIEP.
2501 197 3048 266 CONSTANTINOP.

488 354 550 404 δι’
575 347 736 402 αὐτὸν
763 336 1137 410 καταφρονῶν,
1161 331 1258 400 τὴν
1282 330 1451 398 αὐτὴν
1480 325 1572 379 καὶ
1598 319 1749 390 παρὰ
1776 314 1885 368 τῶν
1909 311 2058 364 ἀλόν·

490 459 594 495 των
612 442 657 472 ’δ’
707 432 1087 490 ἀπαιτεῖν.Ἀν
1119 444 1178 478 τε
1223 426 1330 494 γὰρ
1376 418 1642 488 σωμάτων
1687 411 1870 482 ἔρωτι,
1901 403 1966 456 ἄν
2002 418 2059 452 τε

491 531 808 603 χρημάτων,
842 527 906 579 ἄν
953 539 1012 574 τε
1057 520 1213 588 δόξης
1251 511 1523 581 περιπέσῃ
1570 522 1672 569 τις,
1708 501 1801 554 καὶ
1842 495 2062 603 γεέννης

495 583 550 603 ων
586 583 616 602 ..
797 583 808 591 .
1131 583 1140 584 ,
1171 583 1180 588 _

495 609 770 688 καταγελᾷ
811 615 1016 672 λοιπὸν,
1047 612 1139 664 καὶ
1184 603 1458 677 βασιλείας
1508 593 1856 664 καταφρονεῖ,
1886 589 1972 640 ἵνα
2007 583 2065 635 τὸ

496 715 705 780 θέλημα
756 709 958 762 τούτων
1014 703 1332 774 ἐργάσηται.
1372 693 1465 764 Μὴ
1518 689 1696 743 τοίνυν
1752 677 2068 746 άπιστῶμεν

500 805 695 871 Παύλῳ
746 801 975 864 λέγοντι,
1031 797 1110 848 δτι
1158 791 1248 844 τὸν
1293 785 1524 858 Χριστὸν
1571 779 1741 839 οὕτως
1795 770 2068 837 ἐφίλησεν.

501 895 667 945 Ὅταν
687 889 795 958 γάρ
816 885 1076 958 εὑρεθῶσί
1100 899 1242 944 τινες
1267 884 1378 942 τοῖς
1399 878 1624 932 πάθεσιν
1645 875 1786 927 οὓτω
1806 871 2072 924 δουλεύονσ

500 1004 611 1048 τες,
642 985 754 1044 πῶς
786 983 1008 1034 ἄπιστον
1040 978 1211 1029 έκεῖνο
1238 973 1376 1037 δόξει
1404 967 1542 1022 εἶναι
1579 965 1796 1029 λοιπόν;
1825 963 1935 1015 Καὶ
1967 961 2073 1029 γὰρ

501 1078 588 1130 διὰ
617 1076 774 1128 τοῦτο
821 1077 848 1126 6
896 1072 1021 1141 περὶ
1069 1069 1160 1120 τὸν
1206 1065 1437 1135 Χριστὸν
1476 1061 1633 1122 πόθος
1669 1056 2071 1123 ἀσθενέστερος,

503 1168 688 1238 ἐπειδὴ
729 1168 875 1219 πᾶσα
899 1165 1028 1234 ἡμῖν
1051 1163 1082 1230 ἠ
1114 1158 1340 1226 δύναμις
1364 1157 1444 1216 είς
1473 1152 1658 1204 τοῦτον
1682 1145 2077 1201 καταναλοῦται

504 1261 592 1311 τὸν
619 1259 814 1326 ἔρωτα,
852 1253 944 1306 καὶ
991 1249 1330 1320 άρπάζομεν,
1363 1245 1458 1296 καὶ
1493 1237 1944 1305 πλεονεκτοῦμεν,
1985 1233 2078 1284 καὶ

503 1349 626 1418 δόξῃ
651 1323 979 1412 δουλεύομεν
1009 1341 1137 1408 κενῇ
1158 1356 1170 1369 ’
1201 1335 1268 1407 ἦς
1312 1335 1362 1387 τί
1409 1332 1601 1399 γένοιτ’
1628 1331 1692 1382 ἂν
1721 1323 2078 1399 [65]Ιεύτελέ-

508 1453 727 1505 στερον;
761 1435 877 1486 Κᾶν
905 1431 1011 1500 γὰρ
1050 1427 1304 1497 μυριάκις
1353 1423 1483 1491 γένῃ
1528 1418 1903 1489 περίϐλεπτος,
1933 1413 2080 1467 οὐδὲν

505 1530 614 1582 τῶν
645 1527 853 1595 ἀτίμων
884 1523 982 1593 ἔσῃ
1010 1520 1251 1590 βελτίων,
1277 1515 1410 1568 ἀλλὰ
1442 1514 1507 1565 δι’
1531 1511 1661 1562 αὐτὸ
1695 1509 1790 1579 μὲν
1816 1503 1906 1559 οὖν
1926 1504 2083 1558 τοῦτο

510 1621 605 1675 καὶ
643 1611 1159 1687 ἁτιμότερος.’¹οταν
1187 1609 1294 1677 γὰρ
1325 1608 1374 1658 οἱ
1410 1602 1717 1674 βουλόμενοί
1751 1617 1809 1652 σε
1843 1598 2083 1660 δοξάζειν

511 1711 605 1761 καὶ
629 1705 877 1776 λαμπρὸν
901 1698 1303 1760 ἀποδεικνύναι,
1332 1697 1395 1748 δι’
1416 1695 1543 1747 αὐτὸ
1564 1691 1720 1745 τοῦτό
1751 1706 1808 1741 σε
1834 1686 2084 1755 γελῶσιν,

513 1803 594 1853 ὅτι
623 1801 719 1868 τῆς
750 1796 876 1865 παρ’
908 1793 1084 1847 αὐτῶν
1111 1790 1394 1858 ἐπιθυμεῖς
1420 1787 1597 1854 δόξης,
1630 1783 1746 1843 πῶς
1782 1781 1883 1833 οὐκ
1920 1779 1999 1840 είς
2029 1777 2089 1829 τὸ

516 1891 753 1944 ἐναντίον
795 1882 1262 1958 περιτραπήσεταί
1292 1897 1372 1932 σοι
1411 1877 1477 1931 τὰ
1517 1875 1614 1945 τῆς
1645 1871 1896 1940 τοιαύτη-ς
1926 1886 2089 1921 σπου-

515 1984 610 2054 δῆς
631 2001 642 2046 ;

590 2081 640 2128 ι’.
667 2073 773 2125 Καὶ
795 2072 898 2140 γὰρ
921 2068 1025 2121 τῶν
1051 2063 1536 2137 κατηγορουμένων
1570 2059 1630 2112 τὸ
1669 2055 1901 2128 πρᾶγμά
1924 2055 2088 2106 ἐστιν.

522 2165 729 2232 ’Ὠσπερ
775 2160 881 2230 γάρ
922 2161 1014 2210 τὸν
1056 2152 1422 2222 ἐπιθυμοῦντα
1457 2146 1728 2219 μοιχεύειν
1757 2145 1788 2214 ἢ
1816 2141 2094 2215 πορνεύειν

522 2257 586 2309 ἂν
615 2255 810 2321 ἐπαινῇ
831 2268 914 2310 τις
943 2250 1036 2302 καὶ
1068 2245 1357 2314 κολακεύῃ,
1389 2242 1535 2311 αὐτῷ
1558 2239 1728 2308 τούτῳ
1753 2236 1951 2305 μᾶλλον
1973 2252 2100 2286 κατα

525 2348 722 2414 ήγορος
756 2342 966 2409 γίνεται
1011 2338 1044 2407 ἢ
1095 2337 1381 2403 ἐπαινέτης
1415 2332 1507 2384 τοῦ
1539 2331 1608 2384 τὰ
1636 2327 1857 2381 τοιαῦτα
1907 2323 2091 2376 ἐπιθυ-

530 2435 756 2506 μοῦντος
777 2449 790 2462 ·
820 2429 962 2482 οὓτω
994 2427 1086 2481 καὶ
1111 2425 1202 2477 τὸν
1229 2424 1384 2493 δόξης
1417 2418 1782 2488 ἐπιθυμοῦντα
1802 2453 1816 2477 ,
1840 2415 1966 2467 ὅταν
1999 2413 2096 2464 ἐπ-

527 2502 765 2595 αινῶμεν
793 2521 1049 2582 ἅπαντες,
1083 2518 1377 2586 κατήγοροι
1415 2511 1612 2582 μᾶλλόν
1637 2511 1803 2577 ἐσμεν
1826 2506 1858 2576 ἢ
1886 2502 2100 2558 ἐπαινέ-

528 2635 616 2671 ται
639 2593 744 2668 τῶν
785 2611 1121 2683 βουλομένων
1154 2605 1493 2673 δοξάζεσθαι.
1529 2602 1594 2654 Τί
1630 2600 1808 2653 τοίνυν
1835 2595 2036 2665 ἐφέλκῃ
2056 2593 2102 2624 ⁸³

530 2711 590 2761 τὸ
617 2708 870 2778 πρᾶγμα,
905 2704 995 2771 ἀφ’
1026 2696 1086 2755 οὗ
1119 2699 1179 2752 τὸ
1219 2697 1458 2751 ἐναντίον
1503 2710 1585 2746 σοι
1634 2688 1948 2760 συμϐαίνειν
1982 2683 2104 2737 εἴω-

533 2800 624 2851 θεν
642 2774 672 2865 ;’
709 2774 771 2849 Εἰ
812 2797 920 2864 γάρ
967 2789 1282 2856 δοξάζεσθαι
1319 2785 1519 2857 βούλει,
1549 2779 1879 2850 καταφρόνει
1923 2774 2101 2844 δόξης,

535 2891 631 2943 καὶ
669 2887 882 2940 πάντων
909 2884 1004 2954 ἔσῃ
1037 2880 1432 2957 λαμπρότερος.
1465 2875 1506 2926 Τ
1513 2875 1528 2926 ί
1558 2873 1785 2941 πάσχεις
1808 2870 1945 2936 ὅπερ
1972 2865 2106 2918 ἐπα-

537 2977 628 3029 θεν
671 2977 698 3028 ό
742 2954 1235 3043 Ναϐουχοδονόσορ;
1284 2967 1393 3044 Καὶ
1430 2963 1536 3034 γὰρ
1575 2962 1669 3014 καὶ
1701 2962 1902 3019 ἐκεῖνος
1927 2954 2110 3008 εἰκόνα

537 3067 786 3136 ἔστησεν,
821 3064 927 3117 ἀπὸ
954 3062 1047 3116 τοῦ
1100 3059 1254 3124 ξύλου
1290 3043 1384 3110 καὶ
1413 3056 1509 3122 τῆς
1538 3049 1863 3118 άναισθὴτου
1899 3043 2110 3116 μορφῆς

538 3132 856 3227 προσθήκην
895 3151 1128 3222 νομίζων
1157 3145 1335 3214 ἑαυτῷ
1353 3141 1596 3212 πορίζειν
1629 3135 1925 3208 εὐφημίας,
1953 3133 2046 3189 καὶ
2082 3132 2111 3183 ό

534 3223 642 3308 ζῶν
688 3223 918 3300 ἀπὸτοῦ
953 3241 1028 3312 μὴ
1072 3237 1269 3302 ζῶντος
1319 3231 1692 3303 λαμπρότερος
1728 3225 1885 3297 ἦθελε
1924 3223 2106 3292 φαίνε-

421 3333 428 3335 “
534 3343 677 3390 σθαι.
713 3333 862 3398 Εἶδες
894 3334 992 3402 τῆς
1027 3329 1220 3400 μανίας
1267 3327 1366 3395 τὴν
1409 3320 1746 3392 ὐπερϐολήν;
1791 3315 1972 3368 Δοκῶν
1999 3315 2106 3384 γὰρ

535 3428 724 3480 ἑαυτὸν
749 3426 936 3495 τιμᾷν,
972 3421 1168 3492 μᾶλλον
1194 3413 1671 3486 ἐξύϐρισεν.”οταν
1711 3410 1819 3479 γὰρ
1851 3408 2107 3477 φαίνηται

533 3518 610 3587 τῷ
643 3516 834 3586 ἀψύχῳ
868 3512 1087 3584 θαρρῶν
1125 3509 1320 3580 μᾶλλον
1362 3507 1395 3576 ἢ
1431 3503 1608 3573 ἐαυτῷ
1638 3503 1731 3555 καὶ¹
1759 3504 1826 3570 τῇ
1872 3501 1928 3550 ἐν
1963 3496 2109 3566 αὐτῷ

535 3609 686 3678 ζώσῃ
705 3607 872 3675 ψυχῇ,
899 3604 990 3656 καὶ
1020 3601 1109 3655 διὰ
1134 3599 1293 3652 τοῦτο
1323 3597 1385 3649 τὸ
1415 3595 1566 3659 ξύλον
1594 3594 1684 3646 ἐπὶ
1713 3590 1977 3658 τοσαύτην
2003 3588 2110 3657 ἄγῃ

537 3697 846 3767 προεδρίαν,
879 3693 994 3755 πῶς
1046 3691 1145 3742 οὐκ
1185 3689 1249 3742 ἂν
1293 3689 1376 3756 εἴη
1413 3687 1644 3753 γέλωτος
1676 3681 1842 3746 ἄξιος,
1870 3681 1969 3733 οὐκ
2008 3678 2113 3731 ἀπὸ

536 3790 776 3860 τρόπων,
807 3785 920 3839 ἀλλ’
945 3783 1053 3836 ἀπὸ
1097 3780 1322 3834 σανίδων
1363 3773 1796 3838 καλλωπίζεσθαι
1828 3770 2070 3824 σπεύδων
2097 3788 2110 3833 ;

541 3882 749 3950 ’Ὠσπερ
779 3879 844 3930 ἂν
890 3876 942 3928 εί
969 3892 1053 3937 τις
1083 3871 1170 3924 διὰ
1202 3871 1260 3922 τὸ
1289 3869 1486 3940 βάθρον
1513 3866 1574 3919 τὸ
1621 3867 1677 3918 ἐν
1724 3867 1790 3934 τῇ
1834 3863 1979 3932 οίκίᾳ
2023 3861 2116 3914 καὶ

539 3973 627 4025 διά
652 3972 744 4042 τὴν
779 3969 1019 4039 κλίμακα
1049 3964 1218 4033 καλὴν
1256 3959 1421 4015 οὖσαν
1465 3958 1604 4023 ἀξιοῖ
1633 3956 1850 4026 μᾶλλον,
1882 3953 1915 4023 ἦ
1949 3952 2035 4004 διὰ
2057 3950 2119 4004 τὸ

540 4064 824 4134 ἄνθρωπος
851 4058 1008 4125 εἶναι,
1036 4054 1442 4127 ἐναϐρύνεσθαι.
1473 4050 1671 4102 Τοῦτον
1702 4049 1796 4100 καὶ
1842 4047 1924 4112 ἐφ’
1963 4044 2118 4113 ἡμῶν

541 4157 728 4211 πολλοὶ
778 4155 1068 4226 μιμοῦνται
1104 4150 1438 4215 νῦν.”Ωσπερ
1473 4143 1578 4212 γάρ
1621 4143 1825 4202 ἐκεῖνος
1871 4137 1979 4190 ἀπὸ
2021 4136 2121 4206 τῆς

543 4249 770 4310 εἰκόνος,
805 4246 977 4306 οὕτως
1008 4244 1114 4296 ἀπὸ
1147 4240 1374 4309 ἱματίων
1395 4237 1593 4304 ἕτεροι,
1625 4232 1716 4284 καὶ
1745 4229 1802 4292 ἐξ
1831 4227 2005 4290 οἰκίας
2028 4227 2122 4281 ἄλ-

545 4345 648 4403 λοι,
689 4340 781 4391 καὶ
815 4337 872 4402 ἐξ
901 4336 1138 4403 ἡμιόνων
1168 4331 1259 4382 καὶ
1292 4327 1603 4395 ὀχημάτων,
1629 4321 1743 4392 ι’ὕϐ]
1769 4321 1856 4372 καὶ
1879 4320 1984 4372 ἀπὸ
2007 4319 2120 4371 κιό-

548 4451 654 4484 νων
683 4429 789 4481 τῶν
814 4429 869 4479 ἐν
890 4427 1009 4486 ταῖς
1037 4421 1234 4481 οἰκίαις
1264 4415 1470 4479 ἀξιοῦσι
1496 4408 1887 4482 θαυμάζεσθαι.
1909 4408 2122 4478 Ἐπειδὴ

548 4523 658 4592 γὰρ
683 4519 743 4572 τὸ
772 4517 1045 4586 ἄνθρωποι
1071 4507 1208 4562 εἶναι
1243 4505 1548 4568 ἀπώλεσαν,
1583 4501 1958 4572 περιέρχονται
2000 4500 2125 4552 συλ-

547 4591 798 4681 λέγοντες
835 4607 1044 4664 ἑαυτοῖς
1091 4597 1354 4670 ἑτέρωθεν
1400 4595 1497 4666 τὴν
1530 4591 1723 4646 πολλοῦ
1772 4592 2003 4661 γέλωτος
2036 4591 2125 4659 γέ-

555 4719 760 4774 μουσαν
802 4697 978 4762 δόξαν.
999 4691 1136 4744 Ἀλλ’
1161 4691 1259 4759 οὐχ
1292 4689 1340 4740 οἱ
1386 4686 1740 4774 γενναῖοι-καὶ
1775 4685 1996 4755 μεγάλοι
2033 4683 2124 4737 τοῦ

550 4791 685 4845 Θεοῦ
716 4787 1041 4858 θεράποντες
1067 4777 1335 4841 ἐντεῦθεν,
1367 4775 1478 4828 ἀλλ’
1511 4776 1601 4844 ἀφ’
1626 4767 1700 4826 ὧν
1731 4773 1838 4826 ἔδει
1872 4773 2122 4843 μάλιστα,

551 4890 616 4938 ἐκ
655 4883 858 4935 τούτων
887 4877 1146 4945 ἔλαμπον.
1181 4872 1293 4925 Καὶ
1325 4869 1495 4939 γάρδθ
1523 4867 1853 4938 αἰχμάλωτοι
1889 4867 1982 4918 καὶ
2011 4865 2128 4917 δοῦ-

553 4977 632 5026 λοι
663 4971 755 5024 καὶ
784 4969 891 5020 νέοι
922 4965 1015 5018 καὶ
1045 4962 1180 5027 ξένοι
1222 4962 1315 5012 καὶ
1347 4959 1561 5011 πάντων
1601 4956 1707 5008 τῶν
1747 4954 1954 5007 οἴκοθεν
1980 4952 2128 5012 ὄντες

555 5067 770 5136 ἔρημοι,
796 5058 888 5111 τοῦ
921 5056 1096 5108 πάντα
1130 5049 1592 5123 περιϐεϐλημένου
1614 5046 1785 5100 ταῦτα
1819 5045 2131 5115 σεμνότεροι

557 5154 732 5223 πολλῷ
762 5151 883 5204 τότε
910 5149 1200 5218 ἐφάνησαν.
1239 5143 1347 5197 Kal
1397 5142 1472 5211 τῷ
1517 5141 1615 5211 μὲν
1659 5135 2132 5207 Ναϐουχοδονόσορ

563 5252 662 5303 οὐκ
695 5243 858 5298 εἰκὼν
889 5240 1144 5309 τοσαύτη,
1190 5239 1250 5290 οὐ
1301 5236 1597 5307 σατράπαι,
1637 5233 1696 5285 οὐ
1726 5229 2040 5302 στρατηγοὶ,
2072 5226 2130 5276 οὐ

568 5335 903 5412 στρατόπεδα
949 5334 1148 5388 άπειοα
1213 5331 1271 5383 οὐ
1309 5327 1530 5401 χρυσίου
1581 5322 1802 5394 πλῆθος,
1857 5319 1956 5372 οὐκ
2003 5314 2137 5383 άλλη

2168 311 2432 383 φαντασία
2463 309 2599 378 πρὸς
2627 307 2726 376 τὴν
2752 302 3045 373 ἐπιθυμίαν
3075 301 3294 370 ιἢρκεσε,
3322 299 3415 352 καὶ
3455 297 3518 350 τὸ
3563 296 3733 360 δεῖξαι

2171 402 2374 474 μέγαν·
2411 398 2620 459 τούτοις
2667 396 2722 448 δὲ
2787 393 2978 447 τούτων
3027 391 3241 443 πάντων
3292 386 3733 458 γεγυμνωμένοις

2169 494 2399 563 ἡρκεσεν
2424 492 2456 560 ἡ
2487 486 2769 556 φιλοσοφία
2797 485 2929 556 μόνη
2945 483 3014 544 ⁸⁵,
3044 479 3136 533 καὶ
3163 478 3256 531 τοῦ
3288 478 3348 530 τὸ
3371 477 3607 546 διάδημα
3643 475 3738 527 καὶ

2170 585 2269 656 τὴν
2297 580 2595 652 πορφυρίδα
2630 578 2840 648 ἔχοντος
2868 575 2957 628 καὶ
2997 570 3218 625 τοιαῦτα
3250 565 3736 639 περιϐεϐλημένον,

2169 675 2296 738 τοὺς
2344 672 2494 726 οὐδὲν
2537 670 2739 722 τούτων
2785 663 3155 734 κεκτημένους
3183 657 3595 729 λαμπροτέρους
3637 656 3743 706 άπ-

2174 768 2336 834 έφηνε
2368 759 2638 822 τοσοῦτον,
2662 759 2782 810 ὅσον
2823 758 2850 808 ὁ
2883 754 3034 823 ἥλιός
3076 755 3190 805 ἐστι
3231 748 3512 820 μαργάρου
3535 745 3582 776 ⁵⁸
3609 743 3746 812 λαμ-

2174 854 2455 926 πρότερος.
2486 849 2598 903 Kal
2626 848 2733 918 γὰρ
2763 848 2819 900 ἐν
2857 844 3004 915 μέσῳ
3038 842 3136 912 τῆς
3176 838 3497 908 οἰκουμένης
3527 834 3744 901 ἀπάσης

2175 947 2389 1016 ἦγοντο,
2417 942 2526 995 νέοι
2555 958 2612 992 τε
2639 940 2789 1000 ὄντες
2819 937 2912 990 καὶ
2944 933 3276 1004 αἰχμάλωτοι
3304 930 3398 982 καὶ
3427 927 3621 986 δοῦλοι,
3652 925 3748 977 καὶ

2177 1013 2450 1105 φανέντων
2482 1030 2684 1092 εὐθέως
2710 1031 2738 1082 ὁ
2765 1025 3013 1097 βασιλεὺς
3045 1023 3156 1092 πῦρ
3188 1021 3292 1074 ἀπὸ
3317 1019 3424 1072 τῶν
3455 1013 3749 1085 ὀφθαλμῶν

2178 1129 2345 1198 ἠφίει,
2378 1125 2472 1178 καὶ
2505 1121 2798 1193 στρατηγοὶ
2831 1119 2926 1171 καὶ
2959 1116 3190 1186 ὕπαρχοι
3227 1113 3320 1166 καὶ
3356 1109 3625 1180 τοπάρχαι
3653 1107 3751 1159 καὶ

2181 1217 2324 1271 άπαν
2347 1215 2438 1267 τοῦ
2467 1213 2710 1265 διαϐόλου
2735 1210 2791 1262 τὸ
2815 1209 3040 1277 θέατρον
3070 1205 3465 1276 περιειστήκει,
3488 1200 3583 1254 καὶ
3599 1197 3754 1268 φωνὴ

2182 1305 2456 1375 συρίγγων
2481 1298 2815 1370 πανταχόθεν
2849 1297 2942 1349 καὶ
2970 1296 3285 1361 σαλπίγγων
3306 1291 3400 1345 καὶ
3421 1289 3600 1359 πάσης
3624 1303 3755 1356 μου·

2182 1374 2339 1463 σικῆς
2372 1390 2505 1459 πρὸς
2531 1389 2620 1440 τὸν
2654 1386 2880 1458 οὐρανὸν
2913 1383 3183 1453 φερομένη
3220 1383 3470 1450 περιήχει
3495 1377 3592 1439 τὰς
3614 1374 3756 1427 ἐκεί-

2182 1501 2287 1536 νων
2323 1481 2510 1543 ἀκοάς,
2542 1478 2636 1532 καὶ
2671 1477 2895 1546 κάμινος
2931 1474 3212 1528 ἀνεκαίετο
3262 1472 3396 1542 πρὸς
3428 1469 3558 1538 ὕψος
3607 1467 3758 1520 ἀπει-

2187 1592 2299 1646 ρον,
2323 1573 2415 1626 καὶ
2437 1573 2502 1625 αὐ
2512 1570 2614 1622 τῶν
2636 1571 2668 1638 ἡ
2694 1568 2823 1638 φλὸξ
2840 1568 3043 1638 ἥπτετο
3059 1563 3164 1617 τῶν
3191 1562 3444 1631 νεφελῶν,
3471 1561 3562 1615 καὶ
3583 1560 3760 1614 πάντα

2189 1665 2353 1734 φόϐου
2397 1664 2490 1716 καὶ
2537 1660 2849 1730 ἐκπλήξεως
2898 1653 2966 1727 ἧν
3019 1655 3316 1725 ἀνάμεστα.
3353 1653 3488 1705 Ἀλλ’
3520 1650 3761 1713 ἐκείνους

2187 1753 2338 1806 οὐδὲν
2366 1749 2570 1802 τούτων
2604 1746 2923 1816 ἐξέπληξεν·
2956 1744 3068 1797 ἀλλ’
3089 1743 3278 1814 ῶσπερ
3311 1741 3515 1794 παίδων
3540 1738 3762 1802 παιζόν-

2189 1862 2296 1897 των
2340 1839 2827 1909 καταγελάσαντες,
2859 1836 2957 1906 τὴν
3004 1835 3250 1905 ἀνδρείαν
3302 1832 3396 1885 καὶ
3440 1831 3537 1901 τὴν
3592 1829 3766 1882 ἐπιείι

2191 1952 2346 1988 κειαν
2373 1931 2768 1993 ἐπεδείκνυντο,
2803 1928 2895 1981 καὶ
2919 1926 3026 1979 τῶν
3059 1925 3371 1992 σαλπίγγων
3389 1923 3611 1975 ἐκείνων
3625 1920 3760 1990 λαμ-

2196 2026 2464 2096 προτέραν
2517 2021 2763 2090 ἀφιέντες
2807 2018 2986 2088 φωνὴν
3035 2017 3251 2084 ἔλεγονο
3293 2013 3578 2068 Γνωστὸν
3611 2013 3765 2065 ἔστω

2196 2134 2316 2179 σοι,
2329 2113 2614 2180 βασιλεῦ.
2645 2110 2758 2184 [67]
2781 2110 2914 2164 Οὐδὲ
2948 2108 3055 2180 γὰρ
3085 2109 3246 2179 μέχρι
3278 2108 3519 2177 ῥήματος
3552 2102 3762 2173 ὑϐρίσαι

2199 2207 2478 2260 ἐϐούλοντο
2507 2205 2598 2258 τὸν
2625 2202 2905 2273 τύραννον,
2937 2199 3071 2252 ἁλλά
3113 2198 3212 2270 τὴν
3258 2196 3538 2249 εὐσέϐειαν
3569 2193 3770 2246 ἐπιδεί-

2201 2297 2392 2364 ξασθαι
2423 2296 2598 2366 μόνον.
2628 2294 2828 2362 Διόπερ
2869 2291 2990 2344 οὐδὲ
3039 2289 3280 2361 μακροὺς
3305 2287 3659 2341 ἀπετείναντο
3684 2283 3775 2337 λό-

2208 2411 2354 2461 γους,
2381 2393 2494 2446 άλλ’
2523 2394 2581 2444 ἐν
2604 2391 2789 2460 βραχεῖ
2807 2370 2981 2440 πάντα
3006 2383 3418 2436 ἐπιδείκνυνται·
3447 2379 3619 2431 Ἐστι
3637 2378 3766 2446 γάρ,

2209 2484 2361 2553 φησὶ,
2394 2482 2536 2548 Θεὸς
2568 2482 2634 2533 ἐν
2669 2475 2900 2547 οὐρανῷ
2941 2473 3197 2538 δυνατὸς
3237 2469 3547 2535 ἐξελέσθαι
3587 2464 3766 2536 ἡμᾶς.

2208 2577 2273 2628 Τί
2304 2593 2393 2646 μοι
2419 2575 2477 2627 τὸ
2512 2571 2713 2643 πλῆθος
2734 2567 3024 2631 δεικνύεις;
3057 2564 3108 2618 τί
3139 2580 3226 2633 μοι
3255 2561 3352 2632 τὴν
3376 2560 3602 2629 κάμινον
3622 2575 3636 2621 ;
3659 2558 3768 2636 τίδ’

2207 2666 2273 2719 τά
2297 2633 2422 2736 ξίφη
2447 2663 2512 2717 τὰ
2537 2633 2881 2732 ἠκονημένα;
2907 2658 2958 2712 τί
2977 2657 3102 2719 τοὺς
3124 2654 3387 2724 φοϐεροὺς
3410 2633 3772 2721 δορυφόρους;

2211 2754 2429 2806 Πάντων
2459 2752 2662 2804 τούτων
2686 2748 2953 2819 ἀνῶτερος
2973 2744 3129 2817 ἡμῶν
3157 2745 3185 2796 ὁ
3200 2741 3473 2811 Δεσπότης
3498 2740 3590 2792 καὶ
3614 2739 3768 2792 δυνα-

2211 2839 2459 2912 τὼτερος.
2500 2837 2633 2894 Εἶτα
2667 2841 3013 2910 ἐννοήσαντες
3057 2835 3138 2889 ὃτι
3177 2831 3460 2902 συμϐαίνει
3505 2828 3596 2882 τὸν
3644 2827 3779 2880 Θεὸν

2215 2931 2537 3002 βουληθῆναι
2565 2932 2658 2984 καὶ
2687 2928 3034 2999 συγχωρῆσαι
3061 2925 3257 2984 αὐτοὺς
3283 2921 3567 2991 καυθῆναι,
3593 2917 3680 2971 ἵνα
3704 2914 3782 2987 μὴ

2163 3071 2166 3074 «
2213 3022 2400 3075 τούτου
2429 3021 2718 3090 γενομένου
2749 3018 2939 3084 δόξωσι
2978 3014 3149 3085 ψευδῆ
3201 3011 3400 3081 λέγειν,
3427 3007 3782 3080 προστιθέασι

2217 3115 2308 3169 καὶ
2352 3112 2529 3176 τοῦτο,
2561 3111 2829 3180 λέγοντες,
2869 3110 2948 3163 ὅτι
2991 3107 3127 3160 Ἐὰν
3168 3104 3254 3174 μὴ
3301 3102 3476 3156 τοῦτο
3521 3099 3782 3170 γένηται,

2215 3205 2486 3274 γνωστὸν
2511 3204 2666 3258 ἔστω
2695 3217 2812 3268 σοι,
2832 3200 2920 3254 ὅτι
2943 3199 3067 3265 τοῖς
3095 3197 3249 3264 θεοῖς
3275 3211 3391 3250 σου
3409 3196 3479 3248 οὐ
3503 3190 3786 3259 λατρεύο-

2213 3314 2346 3367 per.
2434 3337 2438 3340 .

2297 3397 2383 3442 ια’.
2405 3390 2468 3441 Et
2492 3389 2600 3458 γάρ
2628 3382 2798 3452 εἷπον,
2817 3388 2896 3440 δτι
2913 3385 2980 3438 δι’
2997 3383 3365 3455 ἁμαρτήματα
3384 3378 3445 3432 οὐ
3464 3378 3666 3446 ῥύεται,
3685 3370 3790 3425 κᾶν

2226 3481 2298 3550 μὴ
2330 3479 2584 3550 ρύσηται,
2611 3478 2988 3549 ἠπιστήθησαν
3010 3477 3095 3530 ἄν.
3127 3475 3226 3528 Διὰ
3251 3471 3409 3524 τοῦτο
3428 3466 3660 3521 ἐνταῦθα
3691 3464 3791 3534 μέν

2223 3568 2379 3622 τοῦτο
2415 3567 2638 3636 σιγῶσι·
2669 3569 2882 3635 λέγουσι
2912 3567 2967 3618 δὲ
2996 3563 3126 3618 αὐτὸ
3149 3561 3241 3615 ἐπὶ
3270 3561 3368 3630 τῆς
3398 3557 3648 3627 καμίνου.
3679 3554 3794 3607 ἄνω

2225 3660 2318 3719 καὶ
2343 3660 2492 3712 κάτω
2522 3659 2590 3711 τὰ
2610 3657 2976 3729 ἁμαρτήματα
3000 3650 3442 3724 προϐαλλόμενοι.
3461 3645 3584 3698 Ἐπὶ
3613 3642 3670 3694 δὲ
3697 3639 3793 3693 τοῦ

2228 3750 2488 3821 βασιλέως
2520 3749 2672 3803 οὐδὲν
2696 3748 2952 3809 τοιοῦτον,
2982 3745 3095 3799 ἀλλ’
3118 3745 3200 3797 ὅτι
3232 3740 3333 3794 κᾶν
3379 3737 3630 3791 καίεσθαι
3663 3733 3795 3805 μέλ·-

2225 3839 2379 3904 λωσι,
2423 3839 2520 3908 τὴν
2569 3825 2847 3892 εὐσέϐειαν
2895 3837 2956 3888 οὐ
3004 3830 3389 3905 προδώσουσιν.
3425 3826 3499 3878 υύ
3549 3824 3656 3894 γὰρ
3707 3819 3796 3874 ἐπ’

2229 3932 2482 4004 ἀμοιϐαῖς
2518 3930 2610 3982 καὶ
2644 3927 2971 3982 ἀντιδόσεσιν
3004 3925 3270 3994 ἔπραττον
3318 3917 3460 3987 άπερ
3509 3913 3798 3984 ἔπραττον,

2231 4027 2346 4080 ἀλλ’
2369 4025 2427 4092 ἐξ
2450 4023 2669 4093 ἀγάπης
2701 4022 2865 4092 μόνης
2887 4036 2898 4046 ·
2935 4017 3174 4083 καίτοιγε
3207 4012 3301 4066 καὶ
3312 4011 3356 4043 ⁸⁸
3379 4012 3436 4062 ἐν
3461 4005 3804 4077 αἰχμαλωσίᾳ

2231 4113 2404 4189 ἦσαν,
2449 4116 2543 4168 καὶ
2590 4117 2644 4167 ἐν
2687 4111 2933 4183 δουλείᾳ,
2983 4109 3076 4162 καὶ
3121 4105 3331 4168 οὐδενὸς
3376 4098 3805 4160 ἀπολελαυκότες

2235 4207 2492 4281 χρηστοῦ.
2528 4207 2638 4258 Καὶ
2677 4204 2784 4274 γὰρ
2821 4203 2912 4256 καὶ
2950 4199 3204 4271 πατρίδος
3238 4197 3332 4250 καὶ
3373 4191 3677 4262 ἐλευθερίας
3710 4189 3808 4242 καὶ

2236 4300 2345 4354 τῶν
2383 4299 2554 4351 ὄντων
2592 4298 2806 4350 πάντων
2862 4293 3139 4359 ἐξέπεσον.
3193 4290 3285 4358 Μὴ
3324 4287 3432 4357 γάρ
3468 4302 3556 4355 μοι
3602 4283 3701 4345 τὰς
3747 4282 3809 4332 ἐν

2241 4396 2360 4456 ταῖς
2395 4388 2697 4459 βασιλικαῖς
2724 4386 2913 4447 αὐλαῖς
2943 4385 3098 4455 εἴπῃς
3118 4381 3300 4450 τιμάς.
3329 4381 3499 4431 Ὅσιοι
3521 4377 3628 4445 γὰρ
3658 4375 3810 4434 ὄντες

2248 4482 2339 4533 καὶ
2385 4479 2600 4539 δίκαιοι,
2649 4477 2903 4546 μυριάκις
2961 4475 3026 4527 ἂν
3068 4475 3270 4526 εἴλοντο
3318 4475 3629 4542 προσαιτεῖν
3657 4473 3822 4536 οἴκοι,

2250 4571 2341 4623 καὶ
2373 4568 2479 4620 τῶν
2511 4571 2567 4620 ἐν
2597 4567 2674 4636 τῷ
2703 4567 2834 4636 ναῷ⁴
2847 4565 3026 4620 καλῶν
3070 4565 3383 4618 ἀπολαύειν,
3419 4562 3825 4630 Ὲξελεξάμην

2249 4661 2376 4730 γὰρ,
2405 4660 2557 4729 φησὶ,
2589 4657 3108 4727 πειριιῤῥιπτεῖσθαι
3145 4655 3213 4707 ἐν
3246 4655 3324 4720 τῷ
3355 4656 3500 4719 οἴκῳ
3531 4653 3636 4708 τοῦ
3671 4655 3822 4705 Θεοῦ

2245 4771 2382 4820 μου,
2417 4750 2654 4820 μᾶλλον
2692 4750 2728 4817 ἢ
2762 4751 2947 4802 οἰκεῖν
2971 4765 3045 4817 με
3090 4749 3159 4800 ἐν
3202 4745 3592 4815 σκηνώμασιν
3639 4746 3814 4813 ἀμαρ-

2250 4843 2452 4895 τίολὼν
2475 4862 2487 4872 ο
2525 4844 2638 4905 καὶ,
2677 4842 2966 4908 Κρείττων
3004 4841 3192 4907 ἡμέρα
3217 4839 3325 4906 μία
3350 4841 3418 4892 ἐν
3447 4839 3571 4903 ταῖς
3605 4838 3824 4904 αὐλαῖς

2247 4949 2360 4984 rev
2394 4930 2544 4998 ὑπὲρ
2586 4927 2880 4997 χιλιάδας.
2911 4927 3185 4997 Μυριάκις
3214 4924 3304 4979 οῦν
3330 4928 3393 4980 ἂν
3421 4928 3623 4979 εἴλοντο
3649 4928 3824 4996 ἁπερο

2250 5022 2432 5092 ρίφθαι
2465 5023 2622 5079 οἴκοι,
2658 5021 2689 5088 ἢ
2718 5018 3016 5088 βασιλεύειν
3072 5021 3128 5070 έν
3184 5018 3476 5070 Βαϐυλῶνι.
3528 5018 3634 5070 Καὶ
3663 5015 3826 5069 τοῦτο

2246 5116 2402 5182 δῆλον
2430 5115 2487 5178 ἐξ
2520 5109 2592 5165 ῶν
2641 5112 2734 5163 καὶ
2779 5115 2835 5163 ἐν
2879 5112 2944 5180 τῇ
2984 5109 3197 5178 καμίνῳ
3227 5108 3463 5177 δηλοῦσι,
3498 5107 3822 5178 βαρούμενοι

2167 5217 2176 5228 ·
2249 5208 2343 5274 τὴν
2372 5205 2487 5275 [ίὶὸι
2517 5203 2706 5254 αὐτόοι
2743 5202 3046 5272 διατριϐήν.
3085 5204 3146 5253 El
3174 5201 3280 5271 γὰρ
3308 5201 3402 5253 καὶ
3429 5201 3583 5254 αὐτοὶ
3623 5201 3824 5268 πολλῆς

2248 5296 2518 5349 ἀπέλαυον
2550 5293 2735 5364 τιμῆς,
2772 5292 2871 5358 τὰς
2906 5293 3012 5347 τῶν
3056 5293 3229 5349 ἄλλων
3266 5293 3500 5364 ὀρῷντες
3538 5293 3824 5363 συμφορὰς

646 5700 688 5728 ⁸²
728 5694 981 5764 ἁλόντωνι
1009 5694 1098 5746 Sic
1131 5692 1188 5744 Ι).
1227 5691 1284 5745 Ρ.
1322 5690 1449 5744 Sav.
1486 5687 1722 5739 ἁλόντων
1745 5683 1922 5764 αὐτῶν
2052 5680 2100 5730 αἱ

2207 5695 2232 5739 ς
2269 5674 2327 5727 Β.
2361 5674 2522 5726 αὐτόν
2553 5670 2610 5724 C.
2647 5669 2708 5722 E.
2746 5667 2879 5720 Mur.
2906 5665 3036 5717 Ben.
3118 5659 3162 5691 "
3194 5659 3282 5713 Sic
3317 5658 3374 5712 Ι).
3412 5657 3469 5710 F.
3498 5653 3732 5723 ἐφέλκῃς
3756 5648 3820 5706 Β.

2255 5749 2266 5764 1
2347 5745 2390 5764 1,
2578 5739 2686 5764 ιλιι
2812 5737 2855 5764 ιδ
2896 5729 3202 5764 ..-ηυμιωνιῖ
3239 5730 3498 5764 Ωηηιῖιῖιιωι
3528 5726 3583 5764 Ι).
3622 5720 3680 5764 Ιιθ-
3714 5721 3820 5764 An-

576 5769 708 5823 Ii-lcl.
746 5749 1014 5837 ἐφέλκειξ.
1116 5764 1160 5794 ⁸⁸
1195 5764 1289 5816 καὶ
1323 5760 1452 5837 γάρ]
1487 5758 1579 5837 καὶ
1602 5759 1708 5823 γὰρ
1747 5755 1835 5808 καί
1967 5749 2024 5805 l“.

575 5845 727 5896 Ann.
789 5823 848 5870 ""7
883 5836 956 5908 τί]
979 5823 1036 5886 ’τί
1081 5851 1168 5903 μοι
1197 5835 1256 5888 L'.
1295 5823 1354 5885 ιμ’.
1394 5823 1452 5883 F:
1534 5827 1575 5856 “‘
1603 5827 1694 5881 καί
1725 5843 1830 5881 om.
1866 5823 1996 5878 Ειιιί.

2126 5748 2168 5778 ’⁵⁵
2205 5745 2362 5817 μόνη]
2382 5745 2540 5813 μόνον
2576 5739 2687 5796 ΕιΙιΙ
2698 5779 2710 5792 .

2812 5711 2879 5767 λέ.
2894 5711 3222 5805 μαργάρουΪ
3239 5711 3498 5801 βορϐόρου
3526 5711 3586 5778 ὑ.
3622 5711 3821 5776 F."An.
