4060 6156
338 227 400 283 ε,
541 231 544 233 Α
1504 219 1564 272 IN
1607 219 1904 272 nurus:

2077 220 2300 275 IIUSIIL
2349 222 2431 275 IV.
3531 218 3598 268 Si?

407 327 494 382 10.
536 324 761 380 Gloriam
801 323 1119 390 consequitur
1158 324 1242 393 qui
1284 323 1496 393 gloriam
1527 325 1814 377 contemnit.
1844 353 1912 364 —-

329 414 784 485 Quemadmodum
802 416 941 469 enim
960 412 1216 469 adulterio
1231 413 1311 467 vel
1331 413 1662 466 fornicationi
1675 413 1908 468 deditum

330 508 377 561 si
407 507 525 576 quis
551 505 874 569 laudaverit,
915 504 998 559 vel
1027 503 1125 574 ipsi
1173 502 1420 558 adulatus
1465 502 1641 568 fuerit,
1687 518 1752 558 eo
1797 503 1912 571 ipso

331 598 508 666 potius
556 605 873 659 accusator,
920 611 1079 665 quam
1127 594 1368 650 laudator
1411 595 1553 648 illius
1581 604 1664 649 est
1693 612 1705 646 :
1734 595 1811 649 sic
1852 604 1905 649 et

329 703 482 742 vanae
506 689 687 758 gloria:
713 686 986 755 cupidum,
1016 702 1134 741 cum
1159 686 1434 741 laudamus
1461 701 1668 753 omnes,
1697 701 1912 741 accusa-

331 792 476 833 tores
517 780 691 848 p0tius
731 779 847 847 ejus
875 794 1035 848 quam
1073 779 1372 834 laudatores
1415 793 1616 833 sumus.
1648 780 1753 834 Cur
1782 797 1910 847 ergo

331 887 447 927 rem
473 873 684 926 venaris
711 912 725 936 ,
767 871 920 941 cujus
961 871 1285 925 contrarium
1329 869 1421 924 tibi
1448 871 1585 925 solet
1613 871 1858 926 accidere
1885 871 1908 922 ’ἒ

331 963 464 1019 Nam
494 964 538 1018 si
566 963 790 1034 gloriam
819 963 1075 1032 consequi
1105 963 1187 1018 vis
1207 1003 1223 1030 ,
1257 962 1477 1032 gloriam
1504 971 1786 1017 contemne
1807 1005 1819 1027 ,
1858 973 1910 1016 et

331 1057 570 1110 omnium
623 1055 1036 1125 gloriosissimus
1088 1055 1218 1108 eris.
1274 1053 1383 1108 Cur
1437 1053 1490 1108 id
1535 1054 1732 1124 pateris
1772 1055 1910 1124 quod

331 1165 523 1220 passus
571 1159 653 1204 est
700 1148 1229 1203 Nabuchodonosor?
1285 1147 1412 1200 Nam
1461 1158 1512 1202 et
1559 1149 1645 1202 ille
1690 1157 1914 1202 statuam

332 1239 523 1305 erexit,
544 1256 607 1294 ex
628 1240 769 1308 ligno
788 1240 860 1309 (a)
878 1248 930 1293 et
950 1255 1014 1293 ex
1035 1238 1325 1292 insensibili
1345 1237 1508 1292 forma
1529 1247 1720 1309 putans
1738 1253 1795 1291 se
1817 1236 1914 1291 sibi

332 1331 530 1386 famam
555 1332 964 1386 conciliaturum
993 1347 1146 1396 esse,
1179 1340 1233 1385 et
1257 1332 1344 1400 qui
1375 1332 1521 1384 vivus
1550 1339 1665 1384 erat
1705 1346 1768 1382 ex
1813 1345 1914 1382 non

332 1425 543 1477 vivente
573 1423 828 1475 illustrior
849 1436 1106 1490 apparere
1131 1421 1400 1490 cupiebat.
1439 1420 1622 1474 Viden‘
1644 1420 1910 1488 ingentem

327 1515 632 1570 insaniam?
667 1515 796 1569 Dum
827 1516 926 1569 sibi
958 1525 1105 1583 putat
1133 1515 1387 1570 honorem
1419 1517 1707 1572 conciliare
1727 1559 1743 1585 ,
1774 1533 1906 1572 con-

330 1606 604 1662 tumeliam
647 1606 822 1676 potius
851 1607 951 1661 sibi
984 1608 1140 1676 parit.
1173 1609 1300 1661 Dutn
1330 1610 1468 1662 enim
1503 1609 1712 1664 videtur
1737 1611 1910 1688 ipani-

329 1707 489 1752 mata:
518 1696 596 1750 rei
623 1696 794 1766 magis
816 1697 1000 1764 fidere,
1024 1713 1181 1766 quam
1211 1698 1310 1752 sibi
1340 1699 1435 1768 ipsi
1459 1740 1474 1764 ,
1503 1708 1558 1754 et
1579 1701 1771 1752 animm
1801 1714 1912 1752 suat

329 1789 551 1856 viventi,
579 1799 736 1858 atque
762 1788 881 1842 ideo
911 1789 1109 1859 lignum
1142 1791 1194 1844 in
1229 1799 1428 1844 tantum
1462 1791 1680 1845 honoris
1701 1793 1910 1845 culmen

329 1879 600 1948 provehit,
631 1879 899 1948 quomoda
930 1894 1034 1932 non
1067 1879 1222 1933 fuerit
1251 1881 1358 1934 risu
1391 1881 1579 1950 digtms
1601 1923 1614 1943 ,
1649 1880 1772 1934 dum
1804 1897 1908 1934 non

331 1985 366 2023 a
393 1969 652 2035 moribus,
679 1969 771 2024 sed
800 1970 867 2024 ab
889 1971 1156 2025 asseribus
1183 1971 1361 2025 ornari
1406 1972 1614 2026 studet?
1643 1973 1904 2039 Quemad-

332 2060 554 2115 modum
582 2060 626 2114 si
653 2061 770 2130 quis
801 2076 864 2116 ex
898 2061 1202 2130 pavimento
1230 2063 1419 2117 domus
1449 2072 1539 2117 aut
1567 2079 1630 2118 ex
1677 2063 1910 2132 pulchri-

328 2150 518 2205 tudine
565 2151 720 2204 scalze
767 2151 963 2219 suspici
1005 2152 1174 2218 malit,
1211 2167 1367 2222 quam
1396 2169 1461 2207 ex
1491 2169 1556 2208 eo
1587 2154 1726 2223 quod
1753 2156 1911 2208 homo

327 2241 399 2293 sit
429 2257 441 2293 :
476 2240 778 2309 hujttsmodi
808 2241 980 2295 virum
1022 2243 1170 2295 multi
1215 2257 1356 2296 nunc
1385 2244 1676 2297 imitantur.
1709 2243 1904 2311 Quem-

325 2330 612 2384 admodum
652 2334 791 2386 enim
821 2331 906 2384 ille
933 2332 998 2384 ab
1026 2332 1283 2403 imagine,
1318 2335 1395 2387 sic
1438 2334 1523 2388 alii
1569 2350 1598 2388 a
1636 2335 1904 2400 vestibus,

326 2420 415 2474 alii
443 2419 510 2474 ab
553 2421 786 2487 aedibus,
836 2437 863 2474 a
913 2423 1100 2487 mulis,
1150 2437 1180 2476 a
1225 2425 1531 2490 carpentis,
1580 2439 1607 2476 a
1650 2425 1910 2478 columnis

327 2527 447 2579 quae
472 2521 593 2564 sunt
618 2513 667 2566 in
696 2513 960 2579 domibus,
993 2513 1043 2566 in
1071 2513 1428 2577 admiratione
1457 2513 1642 2569 haberi
1670 2517 1908 2584 cupiunt.

329 2601 462 2656 Nam
484 2617 603 2655 cum
634 2603 759 2657 illttd
784 2644 798 2669 ,
830 2604 969 2673 quod
998 2603 1241 2659 homines
1268 2605 1371 2659 sint
1399 2645 1413 2670 ,
1453 2605 1730 2659 amiserint
1755 2648 1768 2672 ,
1802 2609 1907 2660 cir-

325 2702 613 2758 cumeunt,
649 2703 705 2748 ut
746 2695 844 2748 sibi
871 2695 1084 2750 aliunde
1115 2695 1336 2765 gloriam
1364 2695 1530 2750 multo
1561 2697 1667 2750 risu
1693 2696 1905 2766 dignam

325 2783 635 2837 concilient.
675 2782 868 2838 Verum
916 2785 1161 2854 generosi
1195 2784 1270 2838 illi
1301 2793 1355 2840 et
1384 2786 1561 2855 magni
1601 2785 1692 2840 Dei
1723 2786 1904 2839 famuli

324 2891 434 2929 non
462 2875 616 2939 inde,
648 2875 744 2930 sed
773 2892 837 2930 ex
884 2877 1078 2947 quibus
1113 2892 1210 2947 par
1250 2884 1399 2942 erat,
1444 2877 1779 2932 effulserunt.
1816 2879 1905 2932 Et-

325 2965 472 3020 enim
499 2975 553 3020 et
581 2967 794 3036 captivi,
826 2975 881 3021 et
904 2967 1070 3031 servi,
1100 2976 1154 3021 et
1176 2968 1398 3036 juvenes
1420 3010 1434 3034 ,
1459 2978 1513 3022 et
1542 2971 1826 3039 peregrini,
1853 2982 1909 3026 et

322 3056 488 3112 rebus
513 3057 760 3112 omnibus
789 3058 1102 3112 domesticis
1131 3059 1300 3123 vacui,
1330 3059 1500 3113 multo
1527 3060 1785 3115 clariores
1809 3062 1904 3115 visi

324 3156 488 3213 S‘llll,
533 3164 690 3217 quam
738 3149 772 3203 ii
819 3150 907 3219 qui
950 3149 1053 3203 illis
1097 3149 1344 3204 omnibus
1383 3150 1694 3204 circumdati
1731 3161 1903 3206 erant.

319 3235 480 3293 Certe
506 3237 1010 3294 Nabuchodonosori
1037 3255 1136 3296 nec
1162 3249 1306 3295 tanta
1332 3241 1417 3295 illa
1444 3252 1617 3297 statua
1640 3282 1655 3307 ,
1684 3257 1782 3296 nec
1810 3257 1908 3294 sa-

323 3338 492 3398 trapa:
512 3370 526 3394 ,
583 3346 682 3384 nec
730 3331 928 3397 duces,
958 3346 1055 3384 nec
1086 3332 1328 3385 immensi
1349 3333 1636 3395 exercitus,
1670 3346 1767 3386 nec
1793 3331 1905 3383 auri

323 3423 407 3475 vis
426 3463 440 3477 .
467 3438 566 3477 nec
591 3422 793 3492 quaevis
819 3423 920 3476 alia
949 3437 1136 3493 pompa
1158 3465 1173 3488 ,
1208 3423 1499 3478 secundum
1526 3424 1906 3492 concupiscen—

325 3513 452 3565 tiam
480 3513 596 3580 ejus
629 3512 780 3566 fuere
809 3502 960 3576 satis,
994 3523 1051 3566 ut
1079 3528 1300 3582 magnus
1330 3525 1642 3582 appareret;
1675 3514 1756 3568 his
1779 3530 1905 3568 voro

321 3603 412 3670 qui
436 3602 539 3656 illis
559 3602 807 3657 omnibus
827 3601 1067 3657 destituti
1089 3612 1261 3671 erant,
1287 3605 1397 3658 sola
1417 3603 1748 3674 philosophia
1778 3605 1905 3657 satis

321 3694 419 3748 fuit
450 3712 463 3748 :
491 3710 610 3763 quae
636 3694 726 3749 illo
752 3695 839 3764 qui
879 3695 1180 3751 diademate
1206 3705 1260 3751 et
1289 3712 1521 3766 purpura
1561 3704 1779 3751 ornatus
1805 3737 1820 3762 ,
1851 3709 1908 3751 et

321 3793 402 3839 tot
427 3785 546 3840 aliis
571 3785 960 3856 circumseptus
989 3797 1139 3852 erat,
1185 3803 1278 3852 eos
1317 3789 1406 3858 qui
1435 3789 1567 3844 nihil
1598 3804 1784 3843 eorum
1808 3789 1906 3844 'na-

320 3875 544 3942 hebant,
578 3885 724 3930 tanto
767 3877 1157 3947 Splendidiores
1197 3879 1454 3946 faciebat,
1481 3889 1681 3949 quanto
1711 3880 1792 3935 sol
1826 3890 1908 3934 est

319 3965 632 4028 margarita‘
664 3967 1010 4036 splendidior.
1041 3968 1250 4023 Etenim
1281 3970 1330 4023 in
1367 3970 1599 4025 medium
1626 3971 1770 4026 orbis
1793 3971 1908 4026 uni-

317 4055 461 4111 versi
495 4054 896 4110 adducebantur
918 4056 1142 4125 juvenes
1165 4098 1181 4122 ,
1211 4058 1408 4127 captivi
1433 4100 1449 4122 ,
1494 4060 1682 4125 servi,
1729 4061 1900 4128 iisque

316 4145 560 4200 adductis
601 4147 780 4200 Statim
811 4161 907 4202 rex
948 4147 1122 4215 ignem
1167 4148 1234 4200 ab
1272 4150 1440 4202 oculis
1467 4151 1776 4217 emittebat,
1807 4150 1896 4206 ad-

316 4239 582 4294 stantibus
609 4239 853 4306 ducibus,
888 4239 1178 4309 toparchis,
1204 4242 1531 4309 principibus
1560 4259 1620 4297 ac
1645 4253 1754 4298 toto
1777 4244 1896 4297 dia-

319 4326 422 4379 boli
452 4329 682 4391 theatro,
711 4329 835 4383 dum
868 4346 970 4383 vox
1002 4329 1294 4384 fistularum
1333 4346 1394 4384 ac
1428 4333 1672 4386 tubarum
1699 4335 1898 4387 omnis-

315 4434 420 4486 que
465 4421 651 4474 musici
695 4421 1031 4475 instrumenti
1060 4423 1124 4474 ad
1158 4424 1346 4476 czclum
1383 4438 1550 4493 usque
1575 4425 1892 4490 ascendens,

315 4509 528 4565 illorum
555 4511 772 4568 auribus
796 4521 1127 4580 personaret.
1159 4513 1370 4567 Fornax
1397 4516 1818 4569 succendebatur
1843 4526 1896 4570 et

314 4603 529 4658 flamma
559 4605 624 4657 ad
673 4604 984 4657 immensam
1030 4604 1362 4658 altitudinem
1405 4621 1574 4674 usque
1617 4606 1682 4660 ad
1728 4607 1895 4661 nubes

314 4694 679 4758 ascendebat,
736 4693 913 4747 omnia
964 4704 1106 4747 metu
1155 4703 1462 4764 terroreque
1519 4697 1670 4765 plena
1721 4710 1890 4752 erant.

315 4787 512 4842 Verum
558 4786 677 4839 illos
708 4786 919 4853 quidem
950 4786 1078 4840 nihil
1109 4787 1295 4840 horum
1336 4789 1628 4852 exterruit;
1672 4789 1765 4843 sed
1795 4791 1892 4842 ad-

313 4889 516 4934 stantes
543 4877 694 4946 quasi
718 4875 957 4930 ludentes
983 4892 1173 4946 pueros
1203 4877 1524 4944 deriserunt,
1559 4895 1620 4932 ac
1646 4879 1890 4933 virtutem

315 4966 886 5036 mansuetudinemque
911 4982 1057 5022 suam
1090 4969 1460 5035 ostenderunt,
1495 4969 1730 5039 ipsisque
1752 4970 1892 5024 tubis

385 5258 458 5320 (α)
492 5252 960 5320 Hic__mcmoria_lahi
999 5253 1187 5320 videtur
1226 5253 1613 5320 Chrysogonum.
1653 5270 1764 5320 cum
1793 5257 1903 5320 ditis

320 5314 527 5370 statuam
561 5317 687 5380 illam
721 5329 747 5380 a
773 5314 1235 5380 Nabuchodonosore
1277 5314 1446 5380 factam
1482 5330 1546 5380 ex
1581 5317 1707 5380 ligno
1743 5317 1906 5365 fuisse.

321 5389 432 5430 Nam
457 5391 604 5428 aurea
630 5377 709 5426 illa
735 5379 782 5425 in
805 5375 1169 5438 exemplaribus
1185 5378 1407 5427 omnibus
1430 5375 1691 5437 Hebraicis,
1709 5381 1902 5436 crint-is,

324 5441 501 5491 Latinis
523 5438 671 5488 fuisse
691 5439 881 5487 dicitur.

345 5565 354 5575 .
381 5510 396 5533 ι
409 5504 731 5615 AMatutseripti
758 5516 851 5552 uou
876 5504 1010 5565 pauci
1034 5499 1225 5564 legunt,
1261 5500 1373 5560 luto,
1399 5517 1501 5564 pro,
1527 5502 1808 5566 margarita.
1846 5510 1895 5556 Et

313 5579 388 5614 ste
454 5577 641 5613 atauus.

2037 329 2312 385 clariorem
2341 330 2645 383 emittentcs
2673 344 2853 384 vocem
2887 330 3129 385 dicebant
3156 351 3166 385 :
3198 331 3388 386 Notum
3416 337 3476 386 sit
3496 339 3600 398 ιίὑι,

2034 435 2122 473 rex
2153 417 2324 490 (Dan.
2360 420 2410 474 5.
2447 419 2510 474 18
2532 419 2572 487 ).
2616 417 2796 488 Neque
2825 422 2964 473 enim
2996 422 3169 476 verbis
3202 433 3478 492 tyrautmm
3509 425 3602 477 de-

2037 509 2320 566 honestare
2351 511 2615 575 volebant,
2649 512 2741 566 sed
2771 521 2971 566 tantum
3005 513 3250 580 pietatem
3283 531 3430 568 suam
3456 517 3605 570 exhi-

2032 603 2176 658 bere.
2209 603 2541 672 Quapropter
2579 618 2682 656 non
2725 603 2896 672 longis
2940 605 3276 658 sermonibus
3319 618 3438 660 sunt
3485 609 3561 660 usi
3588 649 3600 669 ,

2035 695 2127 748 sed
2161 694 2343 762 paucis
2367 702 2555 747 cuncta
2586 693 2922 747 declararunt
2953 713 2964 746 :
2999 693 3123 760 Est,
3158 697 3392 764 inquiunt
3419 739 3432 761 ,
3465 696 3601 751 Deus

2031 784 2081 836 in
2111 784 2254 848 (telo,
2285 783 2370 852 qui
2397 793 2552 852 potest
2582 800 2670 836 nos
2693 799 2864 836 eruere
2885 783 3048 850 (Ibid.
3072 800 3116 837 υ.
3149 785 3259 854 17).
3291 786 3424 852 Quid
3457 789 3606 840 nobis

2032 883 2228 926 tantam
2270 873 2656 927 multitudinem
2688 873 2956 928 ostendis?
2981 875 3104 944 quid
3135 874 3444 930 fornacem?
3477 877 3602 946 quid

2032 965 2233 1031 gladios
2270 975 2488 1028 acutos,
2539 963 2664 1033 quid
2696 963 2960 1018 terribiles
3005 964 3125 1020 illos
3176 967 3470 1022 satellites?
3516 967 3605 1021 His

2025 1053 2270 1109 omnibus
2304 1056 2546 1124 superior
2572 1069 2625 1110 et
2666 1057 2931 1125 potentior
2971 1068 3051 1111 est
3093 1059 3366 1111 Dominus.
3405 1058 3604 1112 Deinde

2025 1145 2316 1213 cogitantes
2345 1147 2656 1214 contingere
2699 1162 2854 1216 posse
2889 1148 3054 1202 Demn
3089 1149 3158 1203 ita
3184 1149 3320 1202 velle
3343 1191 3356 1212 ,
3392 1166 3453 1202 ac
3488 1165 3604 1218 per-

2026 1235 2237 1288 mittere
2289 1245 2345 1289 ut
2395 1237 2492 1304 ipsi
2537 1237 3024 1302 camburerentnr;
3073 1254 3139 1292 ne
3190 1239 3281 1292 illo
3329 1239 3606 1292 accidente

2026 1324 2332 1378 viderentur
2361 1327 2633 1380 mendacia
2667 1328 2868 1397 loquuti
2896 1343 3035 1394 esse,
3060 1329 3161 1384 hoc
3183 1331 3340 1384 etiam
3369 1331 3601 1384 addunt:

2028 1413 2176 1476 Quod
2205 1417 2248 1468 si
2269 1417 2362 1468 hoc
2389 1433 2487 1468 non
2515 1419 2641 1482 ﬁat,
2673 1429 2844 1470 notum
2873 1421 2936 1472 sit
2976 1420 3063 1472 tibi
3100 1437 3189 1474 nos
3227 1421 3344 1475 deos
3371 1432 3481 1474 tuos
3508 1439 3605 1474 non

2027 1508 2187 1559 colere
2208 1507 2347 1572 (Dan
2389 1511 2438 1562 5.
2477 1509 2580 1578 18).

2097 1598 2182 1650 ll.
2225 1599 2276 1652 Si
2308 1600 2449 1652 enim
2475 1599 2757 1662 dixissent,
2788 1601 2926 1655 Deus
2953 1602 3021 1656 ob
3053 1610 3268 1671 peccata
3301 1620 3402 1656 non
3446 1615 3600 1658 eruet

2027 1702 2142 1751 nos,
2172 1688 2312 1755 quod
2341 1690 2384 1740 si
2417 1706 2518 1741 non
2549 1691 2758 1757 eripiat,
2792 1691 2922 1745 fides
2953 1693 3080 1761 ipsis
3111 1709 3214 1746 non
3259 1693 3432 1748 habita
3481 1694 3609 1748 fuis-

2025 1788 2123 1830 set.
2160 1777 2281 1831 ldco
2312 1778 2395 1832 hic
2419 1780 2544 1832 illud
2581 1791 2782 1844 tacent;
2817 1782 2868 1835 id
2898 1798 3025 1838 vero
3046 1783 3231 1837 dicunt
3277 1785 3326 1837 in
3366 1784 3602 1847 fornace,
3646 1840 3649 1842 _

2026 1866 2452 1936 frequentissime
2480 1881 2694 1940 peccata
2725 1884 3228 1928 commemorantes.
3260 1874 3450 1928 Coram
3485 1891 3608 1942 rege

2024 1969 2198 2013 autem
2228 1961 2359 2014 nihil
2389 1963 2688 2029 hujusmodi
2711 1979 2725 2029 ;
2749 1965 2841 2018 sed
2873 1966 3082 2019 etiamsi
3106 1967 3454 2021 comburendi
3479 1969 3604 2029 sint,

2023 2053 2161 2120 piam
2190 2053 2498 2121 religionem
2525 2068 2582 2108 se
2609 2070 2714 2108 non
2743 2056 3046 2124 prodituros
3087 2071 3206 2111 esse
3246 2058 3446 2111 dicunt.
3491 2058 3606 2111 Non

2023 2143 2161 2196 enim
2194 2158 2288 2210 pro
2320 2143 2670 2199 retributione
2701 2149 2859 2214 atque
2891 2145 3136 2201 mercede
3164 2147 3212 2199 id
3243 2149 3488 2217 agebant,
3513 2149 3606 2202 sed

2021 2247 2086 2286 ex
2113 2233 2223 2285 sola
2255 2236 2475 2287 caritate
2505 2253 2517 2287 :
2550 2236 2755 2290 etiamsi
2786 2237 2838 2290 in
2866 2239 3172 2305 captivitate
3197 2239 3321 2306 etin
3351 2240 3608 2293 servitute

2013 2333 2220 2388 essent,
2243 2324 2387 2377 nullo
2415 2325 2648 2380 fruentes
2679 2327 2837 2379 bono.
2862 2326 2992 2381 Nam
3021 2329 3260 2396 etpatria
3281 2339 3334 2383 et
3366 2329 3610 2384 libertate

2025 2421 2078 2466 et
2103 2413 2351 2467 omnibus
2373 2414 2526 2468 bonis
2565 2415 2892 2470 exciderant.
2940 2416 3016 2471 Ne
3043 2417 3175 2470 mihi
3217 2420 3357 2472 enim
3407 2420 3526 2471 illos
3555 2421 3606 2472 in

2028 2504 2189 2574 regali
2217 2505 2334 2557 aula
2366 2521 2758 2560 commemores
2800 2507 3051 2562 honores.
3082 2507 3213 2562 Cum
3253 2510 3395 2564 enim
3440 2511 3607 2564 sancti

2022 2605 2074 2649 et
2091 2595 2216 2665 justi
2240 2608 2439 2661 essent,
2463 2599 2760 2654 sexcenties
2775 2599 2920 2652 domi
2950 2601 3139 2669 stipem
3169 2616 3359 2671 cogere
3388 2603 3608 2656 maluis-

2022 2695 2165 2751 sent,
2197 2696 2250 2739 et
2287 2689 2464 2757 templi
2493 2689 2647 2744 bonis
2677 2689 2779 2744 frui
2806 2709 2817 2743 :
2853 2690 2997 2760 Elegi
3026 2692 3168 2745 enim
3191 2734 3205 2758 ,
3240 2694 3437 2762 inquit,
3466 2695 3606 2760 abjc-

2021 2798 2128 2840 ctus
2152 2802 2326 2839 essem
2357 2787 2506 2837 domo
2532 2784 2629 2836 Dei
2665 2783 2794 2847 mei,
2827 2784 2985 2852 magis
3014 2798 3163 2850 quant
3190 2782 3414 2834 habitare
3447 2786 3498 2833 in
3526 2790 3604 2832 ta-

2021 2880 2302 2931 bernaculis
2328 2885 2643 2947 peccatorum
2671 2874 2689 2944 (
2717 2873 2862 2928 Psal.
2889 2875 2977 2929 83.
3014 2874 3071 2926 ll
3111 2875 3159 2942 );
3191 2884 3275 2939 et,
3312 2873 3494 2926 Melior
3531 2881 3605 2925 est

2022 2971 2126 3024 dies
2158 2987 2259 3024 una
2277 2970 2329 3023 in
2356 2970 2497 3022 atriis
2524 2970 2620 3020 tuis
2648 2983 2797 3036 super
2820 2965 2979 3019 millia
3001 2963 3204 3037 (Ibid.).
3233 2966 3406 3030 Longe
3429 2963 3603 3034 potius

2023 3075 2150 3130 ergo
2177 3061 2488 3114 maluissent
2509 3057 2698 3127 abjecti
2728 3071 2846 3112 esse
2866 3056 3031 3121 domi,
3063 3071 3219 3126 quam
3251 3056 3300 3109 in
3333 3056 3602 3126 Babylone

2024 3168 2267 3221 regnare.
2297 3150 2354 3204 ld
2377 3150 2515 3220 quod
2539 3149 2713 3218 palam
2747 3159 2830 3203 est
2849 3164 2913 3202 ex
2942 3148 3006 3200 its
3029 3163 3148 3215 qua:
3178 3147 3228 3200 in
3267 3144 3481 3200 fornace
3508 3146 3606 3199 de-

2020 3245 2244 3306 clarant,
2274 3259 2415 3314 :rgre
2440 3257 2498 3297 se
2521 3241 2658 3296 ferre
2686 3257 2877 3310 nempe
2913 3240 3295 3294 habitationem
3327 3239 3607 3309 Babyloni-

2020 3350 2160 3388 cam.
2189 3334 2300 3388 Etsi
2328 3335 2469 3389 enim
2497 3333 2605 3386 illic
2635 3331 2801 3384 multo
2832 3330 3132 3384 fruerentur
3159 3329 3382 3390 honore,
3416 3345 3608 3398 magno

2024 3425 2153 3496 ipsis
2181 3425 2353 3480 dolori
2380 3432 2530 3478 erant
2557 3431 2896 3486 cancrorum,
2925 3435 3058 3490 quas
3085 3421 3181 3489 ipsi
3216 3421 3482 3481 videbant,
3513 3436 3606 3472 ca-
3651 3427 3664 3440 '

2023 3515 2286 3570 latnitates
2312 3533 2324 3569 :
2355 3514 2497 3584 quod
2535 3510 2734 3568 sanctis
2764 3511 2996 3566 maxime
3037 3512 3310 3580 proprium
3353 3520 3454 3576 est,
3501 3529 3603 3564 non

2021 3605 2262 3675 gloriam,
2298 3623 2402 3660 non
2423 3605 2705 3670 honorem,
2725 3619 2831 3657 non
2857 3603 3001 3658 aliud
3030 3603 3316 3672 quidquam
3338 3603 3606 3672 proximo-

2021 3712 2140 3750 rum
2171 3697 2326 3751 saluti
2373 3705 2721 3764 anteponere.
2752 3692 2885 3747 Vide
2930 3692 3088 3762 igitur
3116 3691 3382 3762 quomodo
3419 3693 3469 3745 iu
3500 3692 3608 3746 for-

2025 3801 2157 3842 nace
2200 3803 2298 3857 pro
2341 3788 2486 3840 omni
2523 3786 2720 3856 p0pulo
2753 3783 3132 3854 supplicarent.
3166 3783 3272 3838 Nos
3319 3794 3494 3837 autem
3540 3801 3607 3836 ne

2021 3877 2231 3946 quidem
2259 3891 2380 3931 cum
2403 3875 2685 3944 tranquille
2714 3875 2943 3943 agimus,
2971 3873 3192 3927 fratrum
3223 3873 3565 3926 recordamur
3589 3890 3603 3926 :

2021 3979 2218 4023 etcum
2270 3967 2474 4021 somnia
2514 3967 2874 4035 explorarent,
2907 3980 3011 4017 non
3062 3979 3176 4028 sua,
3235 3964 3326 4018 sed
3381 3964 3605 4017 aliorum

2021 4060 2302 4116 commoda
2351 4062 2400 4112 in
2442 4075 2605 4128 scopo
2652 4059 2918 4112 habebant
2950 4075 2962 4109 :
2995 4057 3136 4126 quod
3182 4058 3324 4111 enim
3378 4069 3603 4110 mortem

2022 4159 2461 4216 c'ontemnerent,
2517 4150 2698 4204 multis
2742 4159 2923 4218 postea
2977 4148 3334 4210 declararunt.
3401 4147 3605 4216 Ubique

2025 4253 2203 4298 autem
2241 4250 2436 4312 praesto
2465 4250 2585 4296 sunt
2625 4241 2787 4294 Deum
2817 4241 3026 4310 placare
3073 4238 3368 4293 studentes.
3406 4239 3604 4293 Deinde

2020 4336 2142 4407 quia
2170 4352 2229 4392 se
2253 4352 2358 4390 non
2387 4335 2452 4388 ad
2485 4335 2534 4389 id
2567 4333 2811 4388 sufficere
2843 4333 3117 4401 putabant,
3154 4333 3216 4384 ad
3259 4342 3438 4401 patres
3474 4349 3601 4386 con-

1976 4481 1986 4492 ,
2019 4429 2264 4499 fugiunt:
2296 4428 2393 4497 ipsi
2426 4436 2602 4480 autem
2649 4441 2751 4479 nou
2793 4424 2934 4478 aliud
2963 4425 3158 4478 afferre
3198 4424 3403 4490 dicunt,
3445 4439 3601 4492 quam

2021 4519 2262 4590 spiritum
2285 4519 2592 4573 contritmn.
2625 4518 2732 4572 llos
2757 4519 2938 4586 itaque
2961 4525 3015 4570 ct
3035 4532 3130 4571 nos
3157 4516 3439 4570 imitemur.
3471 4516 3602 4570 Nam

2018 4612 2177 4666 etiam
2208 4625 2346 4663 nunc
2366 4619 2467 4662 stat
2494 4622 2652 4662 aurea
2682 4608 2874 4676 imago,
2903 4621 3163 4660 mamonae
3190 4622 3381 4675 nempe
3425 4617 3603 4676 tyran-

2021 4704 2122 4758 nis.
2151 4703 2254 4758 Sed
2283 4718 2386 4756 non
2431 4701 2766 4756 attendamus
2817 4699 3104 4771 tympanis,
3147 4715 3254 4751 non
3286 4701 3426 4752 tibiis
3447 4740 3460 4764 ,
3495 4715 3598 4752 non

2017 4795 2217 4866 cinyris
2241 4837 2255 4862 ,
2306 4811 2412 4849 non
2470 4795 2672 4864 reliquo
2711 4792 3012 4847 divitiarum
3069 4792 3342 4860 apparatui
3376 4808 3596 4845 :verum

2020 4888 2225 4941 etiamsi
2261 4886 2310 4938 in
2341 4885 2662 4954 paupertatis
2682 4883 2952 4938 fornacem
2983 4880 3219 4934 incidere
3250 4892 3508 4951 oporteat,
3547 4885 3597 4937 id

2015 4989 2190 5057 potius
2219 4988 2531 5055 deligamus,
2573 4995 2714 5038 utne
2761 4985 2930 5053 ipsum
2962 4983 3265 5050 adoremus,
3309 4992 3362 5036 et
3401 4985 3502 5035 erit
3541 4996 3590 5032 ιιι

2019 5082 2192 5135 medio
2236 5081 2462 5134 fornacis
2511 5095 2596 5132 ros
2626 5079 2868 5132 sibilans.
2898 5077 2971 5133 Ne
3018 5081 3195 5147 itaque
3228 5085 3589 5145 paupertatem

2021 5182 2351 5235 ltort‘cattttts,
2371 5172 2492 5224 dunt
2521 5173 2784 5225 l't‘n'ttacettt
2807 5169 3051 5223 audimus
3081 5169 3118 5224 ¹.
3145 5168 3274 5224 Nam
3299 5178 3421 5222 tunc
3437 5176 3594 5222 citam

2073 5431 2086 5459 ¹
2127 5436 2175 5476 In
2199 5422 2338 5474 savil.
2376 5430 2428 5470 et
2462 5419 2644 5480 aliquot
2679 5422 2785 5481 MSS.
2813 5414 3012 5475 legitur,
3036 5426 3104 5481 ne
3127 5411 3274 5481 ὶςιηζιν
3313 5411 3592 5481 horreamus

2012 5473 2304 5555 paupertatis
2327 5473 2587 5556 fornacem.
2613 5478 2704 5530 sed
2744 5473 2979 5540 praestare
3004 5473 3192 5523 videtur
3223 5473 3368 5520 lectio
3392 5473 3591 5532 Moretn’,

2011 5552 2118 5622 quae
2141 5557 2189 5604 iu
2213 5555 2351 5600 textu
2373 5552 2518 5608 jacet.
