4060 6156
472 173 542 231 53
1158 182 1215 237 S.
1254 182 1537 237 JOANNIS
1574 182 2055 243 Cl‘lRYSOSTOMl
2092 189 2413 247 ARCHIEP.
2453 195 2996 253 CONSTANTINOP.
3639 212 3711 267 58

460 283 498 332 it
520 283 609 349 qui
632 281 685 334 in
718 275 987 337 fornacem
1019 280 1321 338 inciderunt
1350 284 1670 342 illustriores
1702 287 1876 344 effecti
1906 306 1921 343 :
1946 295 2034 361 qui

458 381 634 426 autem
680 380 907 425 statuam
946 371 1319 438 adoraverunt,
1363 376 1523 431 occisi
1569 386 1712 435 sunt.
1759 379 1865 434 Sed
1913 388 2036 435 tunc

456 466 635 521 omnia
676 466 831 520 simul
863 465 998 522 facta
1029 477 1187 533 sunt;
1221 485 1361 526 nunc
1390 486 1518 525 vero
1555 471 1657 527 alia
1703 472 1810 538 hic,
1851 475 1953 530 alia
1984 477 2035 532 in

454 558 632 613 futuro
662 559 877 625 saeculo,
908 560 1008 614 alia
1034 570 1088 615 et
1125 560 1213 615 hic
1254 568 1309 616 et
1349 560 1401 615 in
1439 561 1616 617 futuro
1641 565 1860 620 sarculo.
1903 566 2035 623 Nam

453 650 566 722 qui,
596 666 664 705 ne
692 665 992 705 mamonam
1019 650 1321 716 adorarent,
1354 663 1716 722 paupertatem
1738 657 2035 727 elegerunt,

454 751 509 796 et
536 741 623 796 hic
647 752 701 796 et
725 741 832 796 illic
857 742 1247 811 splendidiores
1268 752 1425 800 erunt
1454 761 1467 799 :
1498 746 1585 815 qui
1628 761 1755 801 vero
1792 749 1876 802 hic
1901 747 2037 820 inju-

455 843 539 890 ste
563 834 775 889 divitias
805 833 1176 907 possederunt,
1208 843 1331 890 tunc
1354 846 1621 893 extremas
1650 838 1797 893 luent
1825 854 2032 907 pmnas.

456 926 538 980 Ex
562 926 661 980 hac
690 925 909 981 fornace
927 925 1161 980 Lazarus
1187 926 1340 993 exiit,
1372 942 1479 982 non
1512 928 1689 985 minus
1716 932 2036 1000 conspicuus

452 1035 610 1090 quam
656 1029 765 1075 tres
803 1018 880 1073 illi
921 1017 1108 1088 pueri;
1139 1017 1287 1073 dives
1335 1027 1536 1087 autem,
1581 1020 1669 1089 qui
1697 1020 2034 1078 adorantium

453 1123 682 1170 Statuam
714 1111 880 1166 instar
908 1111 1027 1177 fuit,
1056 1110 1120 1164 ad
1149 1112 1447 1182 gehennam
1474 1111 1754 1167 damnatus
1779 1122 1882 1169 est.
1902 1115 2035 1171 Nam

450 1220 571 1275 qua:
599 1204 737 1258 dicta
767 1211 911 1264 sunt,
941 1204 1106 1272 figura
1135 1202 1350 1257 illorum
1378 1212 1549 1259 erant.
1584 1204 1649 1259 Ut
1681 1206 1840 1275 igitur
1867 1207 1903 1262 ii
1944 1209 2036 1277 qui

452 1297 506 1349 in
533 1294 804 1350 fornacem
841 1294 1176 1362 inciderunt,
1214 1294 1346 1348 nihil
1390 1296 1530 1363 passi
1570 1305 1727 1362 sunt;
1775 1299 1863 1367 qui
1907 1315 2036 1356 vero

453 1388 579 1443 loris
605 1398 778 1454 erant,
808 1401 994 1457 magna
1014 1401 1135 1443 cum
1164 1385 1495 1440 vehementia
1533 1397 1657 1442 sunt
1678 1390 1880 1458 abrepti
1912 1410 1925 1446 :
1958 1393 2035 1449 sic

450 1488 505 1535 et
531 1490 657 1534 tunc
682 1479 818 1543 erit;
849 1477 1015 1532 sancti
1044 1479 1128 1546 qui
1158 1491 1253 1545 per
1277 1476 1493 1531 ﬂuvium
1522 1480 1731 1549 igneum
1760 1482 2035 1553 incedunt,

452 1574 584 1629 nihil
614 1574 879 1641 ingratum
929 1571 1217 1640 patientur,
1258 1569 1351 1624 sed
1399 1571 1505 1625 laeti
1547 1573 2031 1645 apparebunt;qui

451 1674 628 1719 autem
670 1663 952 1731 imaginem
1016 1662 1409 1729 adoraverunt,
1460 1662 1633 1732 ignem
1681 1664 1938 1720 videbunt
1977 1667 2031 1723 in

449 1772 510 1813 se
534 1756 718 1825 quavis
741 1754 847 1810 fera
874 1754 1069 1808 saevius
1088 1753 1400 1819 irruentem,
1424 1762 1476 1807 et
1498 1753 1637 1808 intus
1653 1755 2030 1813 attrahentem.

452 1851 632 1919 Itaque
658 1849 702 1904 si
724 1849 842 1919 quis
869 1847 1168 1917 gehennam
1191 1861 1295 1900 non
1322 1845 1513 1913 credit,
1536 1846 1673 1903 hanc
1700 1849 1886 1905 videns
1920 1850 2029 1905 fur-

449 1944 657 1997 nacem,
684 1946 713 1984 a
748 1933 1093 1999 praesentibus
1122 1933 1297 1987 futura
1335 1933 1558 1989 credere
1585 1934 1822 2000 ediscat,
1865 1949 1928 1988 ac
1956 1950 2026 1990 ne

446 2023 630 2080 timeat
666 2024 992 2093 paupertatis
1045 2023 1334 2085 fornacem.
1385 2024 1478 2079 sed
1530 2026 1706 2093 potius
1749 2024 2023 2080 fornacem

443 2114 668 2184 peccati.
705 2114 829 2169 llmc
856 2115 998 2169 enim
1041 2124 1094 2170 et
1119 2114 1331 2170 ﬂamma
1362 2124 1416 2170 et
1447 2115 1603 2170 dolor
1630 2131 1741 2180 eet;
1768 2117 1856 2172 illa
1896 2132 2025 2173 vero

444 2220 536 2260 ros
556 2214 611 2261 et
629 2207 861 2276 requies.
910 2207 966 2261 lu
1000 2207 1088 2263 illa
1120 2208 1336 2264 fornace
1379 2217 1484 2262 stat
1512 2209 1784 2274 diabolus;
1830 2211 1883 2264 in
1924 2210 2024 2267 hac

440 2296 614 2364 angeli
644 2298 974 2351 exenticntes
998 2296 1292 2352 ﬂammam.

514 2387 601 2441 12.
643 2386 767 2440 llaec
791 2386 1013 2441 audiant
1033 2386 1245 2453 divites,
1274 2388 1362 2457 qui
1392 2391 1718 2457 paupertatis
1752 2390 2018 2446 flammam

442 2476 760 2531 accendunt.
820 2476 1149 2546 Pauperibus
1199 2479 1341 2531 enim
1381 2479 1515 2532 nihil
1559 2482 1843 2543 nocebunt,
1898 2498 2020 2537 rore

441 2575 572 2643 ipsis
604 2574 1048 2643 superveniente;
1080 2590 1139 2628 se
1167 2589 1296 2629 vero
1322 2575 1465 2644 ipsos
1508 2574 1733 2629 ﬂammis
1774 2576 2014 2639 tradent,

436 2681 569 2735 quas
590 2667 687 2736 ipsi
715 2667 945 2737 propriis
989 2667 1234 2722 manibus
1266 2668 1648 2721 accenderunt.
1684 2668 1833 2722 Tunc
1858 2683 2018 2737 ange-

437 2758 519 2814 lus
539 2759 813 2815 descendit
839 2760 904 2813 ad
934 2774 1126 2828 pueros
1147 2777 1161 2826 ;
1183 2760 1295 2829 jam
1323 2777 1448 2815 vero
1477 2777 1573 2815 nos
1605 2760 1671 2815 ad
1708 2777 1823 2826 eos,
1846 2763 1934 2832 qui
1963 2764 2013 2817 in

439 2851 652 2905 fornace
680 2851 1011 2919 paupertatis
1032 2862 1185 2916 sunt,
1215 2852 1631 2920 descendemus,
1659 2863 1712 2907 et
1752 2869 1847 2922 per
1869 2855 2014 2910 elec-

435 2955 711 3012 mosynam
744 2957 919 2997 rorem
946 2945 1233 3012 pariamus,
1263 2944 1635 3015 ﬂammamque
1661 2947 2008 3016 excutiamus,

435 3042 633 3088 ntcum
669 3034 775 3089 illis
803 3050 1119 3090 coronarum
1160 3036 1326 3091 simus
1368 3046 1683 3101 consertes;
1717 3048 1876 3109 utque
1916 3057 2010 3110 ge-

432 3125 621 3179 henna:
664 3124 929 3179 flammam
979 3125 1174 3181 Christi
1205 3142 1302 3182 vox
1330 3128 1562 3181 excutiat
1594 3129 1777 3183 dicens
1805 3171 1821 3193 ,
1868 3118 2005 3185 Esu-

430 3218 638 3271 rientcm
666 3234 746 3271 me
771 3218 983 3298 vidistis,
1012 3228 1059 3273 et
1094 3220 1299 3289 pauistis
1329 3221 1345 3290 (
1376 3218 1562 3274 Matth.
1594 3220 1687 3275 25.
1715 3222 1784 3276 53
1812 3220 1854 3292 ).
1884 3222 2009 3277 llmc

427 3308 569 3363 enim
598 3324 703 3363 vox
758 3319 883 3364 tunc
913 3311 1067 3367 nobis
1114 3324 1211 3380 pro
1252 3326 1375 3367 rore
1418 3311 1588 3367 aderit
1634 3326 1731 3380 per
1777 3313 2005 3367 mediam

384 3412 389 3419 '
425 3403 691 3457 flammam
717 3401 957 3458 sibilans.
991 3403 1385 3459 Descendamus
1427 3405 1603 3475 itaque
1623 3420 1741 3459 cum
1775 3406 2008 3462 eleemo—

424 3508 554 3564 syna
606 3495 658 3549 in
716 3494 982 3549 fornacem
1045 3496 1368 3563 paupertatis
1412 3495 1726 3551 :videamus
1776 3496 2010 3565 philoso-

428 3586 651 3653 phantes
688 3586 807 3638 illos
831 3586 919 3654 qui
950 3585 1003 3639 in
1033 3587 1145 3654 ipsa
1188 3586 1499 3650 ambulant,
1530 3596 1583 3641 et
1611 3587 1873 3643 carbones
1898 3587 2007 3643 cal-

422 3685 548 3731 eant
596 3679 663 3729 ιε
710 3677 987 3732 videamus
1035 3694 1147 3732 rem
1194 3693 1383 3733 novam
1437 3686 1596 3747 atque
1649 3679 1999 3748 stupendam,

425 3767 691 3821 hominem
744 3768 794 3821 in
849 3767 1062 3822 fornace
1106 3769 1440 3835 psallentem,
1473 3768 1740 3825 hominem
1786 3771 1840 3825 in
1880 3770 2002 3839 igne

419 3858 614 3927 gratias
640 3868 904 3927 agentem,
934 3868 1167 3913 extrema
1199 3860 1371 3929 inopia
1400 3861 1790 3931 colligatum,et
1809 3862 2002 3919 multas

417 3951 633 4005 Christo
660 3951 847 4008 laudes
883 3950 1226 4007 referentem.
1254 3952 1463 4008 Etenim
1489 3954 1670 4023 pueris
1708 3954 1813 4010 illis
1841 3969 1999 4023 pares

417 4050 539 4096 sunt
558 4043 589 4096 ii
616 4042 706 4113 qui
724 4052 1087 4113 paupertatem
1114 4059 1235 4100 cum
1260 4044 1547 4114 gratiarum
1565 4045 1777 4100 actione
1797 4045 1993 4100 ferunt.

482 4198 501 4229 ί
536 4195 651 4256 Alii,
672 4204 718 4248 et
739 4197 965 4263 superbos
977 4198 1195 4263 cathut._
1204 4198 1334 4249 Infra
1349 4200 1562 4263 quidam,
1578 4196 1757 4251 multm
1784 4196 1996 4250 Deoiau-

416 4257 521 4309 des.
545 4271 649 4321 pro,
677 4257 850 4311 nudius
870 4261 1058 4311 Christo
1080 4260 1266 4311 laudes.

2088 4086 2093 4093 '
2116 4070 2314 4130 quidem
2333 4070 2427 4121 non
2450 4070 2705 4130 exstinxit,

2149 296 2280 351 Nam
2311 299 2431 370 igne
2462 300 2745 357 terribilior
2773 311 2855 357 est
2878 302 3211 372 mendicitas,
3247 309 3520 376 magisque
3542 306 3724 365 incen-

2145 386 2275 441 dere
2297 389 2451 444 solet.
2489 390 2593 445 Sed
2638 390 2849 447 ﬂamma
2898 407 3092 462 pueros
3139 393 3260 449 illos
3305 409 3410 449 non
3463 396 3720 468 incendit,

2145 494 2330 534 verum
2382 482 2502 550 quia
2555 483 2752 553 gratias
2806 485 3031 540 Domino
3077 486 3464 555 reddiderunt,
3513 492 3721 553 vincula

2147 586 2379 645 ipsorum
2405 573 2581 629 subito
2600 575 2770 631 soluta
2793 586 2937 631 sunt.
2964 576 3037 631 lta
3066 587 3117 632 et
3146 593 3307 645 nunc,
3336 581 3379 635 si
3423 582 3475 635 in
3500 598 3722 653 pauper-

2144 670 2305 718 tatem
2332 664 2507 732 lapsus
2535 667 2730 735 gratias
2750 681 2896 737 agas,
2914 667 3118 723 vincula
3137 668 3414 724 solvuntur
3432 682 3485 726 et
3508 671 3719 728 ﬂamma

2141 754 2523 823 exstinguitur;
2555 756 2599 810 si
2631 771 2736 810 non
2763 757 3124 827 extinguatur,
3172 758 3222 811 id
3248 761 3387 829 quod
3422 763 3719 819 mirabilius

2140 850 2243 907 est,
2274 859 2369 913 pro
2390 844 2597 900 ﬂamma
2625 845 2742 900 fons
2764 846 2994 903 efficitur
3009 846 3030 875 ’
3052 863 3068 913 ;
3091 849 3229 918 quod
3260 858 3384 906 tunc
3404 853 3563 907 etiam
3586 869 3719 911 con-

2142 933 2255 1002 tigit
2286 951 2300 987 :
2334 950 2455 990 nam
2486 936 2538 990 in
2586 936 2759 992 media
2789 938 3003 995 fornace
3044 955 3169 995 rore
3206 956 3340 1011 puro
3384 942 3717 999 fruebantur.

2139 1021 2315 1093 Ignem
2342 1026 2555 1095 quidem
2604 1042 2710 1084 non
2755 1030 3029 1094 exstinxit,
3059 1030 3151 1085 sed
3182 1047 3249 1087 ne
3277 1033 3718 1091 comburerentur

2137 1117 2225 1184 qui
2253 1131 2317 1171 eo
2344 1116 2520 1185 iujecti
2554 1116 2761 1172 fuerant
2790 1119 3085 1189 impedivit.
3128 1121 3237 1176 Hoc
3265 1125 3423 1177 etiam
3463 1126 3512 1178 in
3542 1125 3717 1194 philo-

2136 1206 2483 1274 SOphantibns
2512 1207 2693 1263 videre
2716 1217 2799 1263 est
2822 1228 2835 1264 :
2862 1211 3059 1265 etenim
3117 1211 3170 1265 in
3206 1222 3517 1281 paupertate
3563 1217 3717 1270 timo-

2136 1301 2210 1355 ris
2262 1300 2426 1370 magis
2465 1310 2710 1370 expertes
2751 1313 2909 1369 sunt,
2966 1318 3124 1373 quam
3160 1303 3370 1360 divites.
3422 1305 3500 1362 Ne
3538 1308 3716 1378 itaque

2135 1399 2284 1443 extra
2313 1390 2577 1444 caminum
2596 1390 2894 1455 sedeamus,
2915 1393 3057 1446 nulla
3084 1408 3205 1462 erga
3224 1409 3487 1463 pauperes
3503 1398 3714 1451 miseri-

2134 1478 2313 1532 cordia
2345 1478 2542 1545 aﬂ'ecti,
2576 1497 2642 1533 ne
2668 1482 2935 1550 patiamur
2963 1482 3104 1551 quod
3133 1492 3258 1537 tunc
3288 1485 3361 1538 illi
3390 1488 3528 1554 passi
3565 1497 3709 1540 sunt.

2134 1568 2188 1625 Si
2214 1570 2354 1623 enim
2382 1569 2714 1625 descendens
2735 1571 2802 1625 ad
2832 1587 3027 1642 pueros
3054 1588 3175 1627 cum
3198 1573 3304 1627 illis
3325 1576 3558 1643 steteris,
3583 1577 3711 1632 nihil

2131 1660 2255 1713 mali
2300 1660 2394 1713 tibi
2437 1659 2631 1716 inferet
2680 1662 2816 1732 ignis
2856 1664 2946 1716 :si
3000 1673 3176 1718 autem
3222 1680 3453 1733 superne
3495 1668 3708 1735 sedens,

2129 1749 2439 1819 despexeris
2491 1753 2613 1807 illos
2662 1753 2714 1806 in
2761 1753 2973 1807 ﬂamma
3008 1757 3354 1824 paupertatis,
3405 1768 3456 1811 te
3499 1757 3709 1815 ﬂannna

2130 1841 2421 1897 comburet.
2456 1842 2729 1897 Descende
2758 1844 2916 1913 igitur
2936 1845 2985 1897 in
3011 1845 3205 1914 ignem,
3230 1862 3296 1900 ne
3321 1845 3619 1902 incendaris
3643 1850 3712 1903 ab

2129 1934 2249 2002 igne
2278 1950 2291 1987 :
2325 1949 2393 1988 ne
2421 1935 2608 1988 sedeas
2628 1944 2777 1989 extra
2811 1936 3008 2004 ignem,
3037 1950 3106 1990 ne
3134 1947 3183 1991 te
3213 1938 3422 1992 flamma
3459 1940 3707 2010 abripiat.
3778 2014 3781 2015 ν

2128 2023 2184 2080 Si
2212 2025 2351 2079 enim
2380 2034 2431 2079 te
2456 2025 2648 2079 viderit
2670 2042 2790 2080 cum
2819 2027 3158 2096 pauperibus,
3189 2043 3217 2079 a
3248 2037 3298 2082 te
3318 2029 3597 2093 abscedet;
3625 2031 3709 2086 sin

2128 2117 2196 2171 ab
2218 2115 2322 2170 illis
2349 2127 2671 2185 separatum,
2698 2120 2874 2172 statim
2903 2120 2954 2173 in
2980 2128 3031 2173 te
3056 2119 3267 2181 iusiliet,
3286 2132 3440 2190 teque
3461 2123 3705 2192 abripiet.

2123 2203 2202 2261 Ne
2244 2205 2405 2275 igitur
2454 2206 2710 2260 abscedas
2764 2205 2834 2259 a‘.)
2886 2205 2988 2260 illis
3021 2220 3087 2260 eo
3132 2206 3425 2274 conjectis:
3454 2207 3547 2261 sed
3578 2222 3700 2262 cum

2120 2299 2360 2354 diabolus
2385 2298 2606 2366 jusserit
2631 2313 2724 2352 eos
2740 2298 2827 2368 qui
2846 2312 3031 2351 aurum
3062 2314 3165 2351 non
3190 2298 3406 2352 adorent
3429 2298 3619 2367 conjici
3646 2300 3699 2353 in

2121 2389 2389 2444 fornacem
2418 2390 2768 2461 paupertatis,
2798 2405 2865 2444 ne
2885 2388 3046 2445 fueris
3073 2406 3136 2444 ex
3190 2390 3536 2459 injicientium
3558 2431 3575 2457 ,
3603 2390 3696 2445 sed

2117 2494 2182 2535 ex
2214 2480 2525 2549 injectorum
2550 2494 2774 2533 numero
2792 2520 2807 2544 ,
2842 2487 2899 2533 ut
2926 2480 3000 2532 sis
3023 2495 3090 2534 ex
3118 2480 3506 2535 servandorum
3533 2521 3547 2545 ,
3592 2496 3697 2535 non

2117 2588 2183 2627 ex
2210 2572 2533 2630 urendorum
2562 2586 2803 2625 numero.
2845 2571 2976 2625 Nam
3005 2586 3130 2626 vere
3165 2586 3255 2625 ros
3293 2581 3377 2626 est
3412 2573 3656 2641 copiosus
3679 2613 3696 2637 ,

2121 2679 2225 2718 non
2249 2665 2475 2719 detineri
2516 2662 2943 2733 concupiscentia
2964 2662 3267 2717 divitiarqu
3289 2705 3303 2727 ,
3336 2674 3389 2718 et
3418 2678 3537 2716 enni
3566 2679 3692 2732 pau-

2115 2754 2332 2823 peribus
2361 2758 2582 2809 versari.
2609 2754 2672 2808 lli
2700 2755 2936 2807 omnium
2980 2764 3103 2808 sunt
3154 2753 3564 2822 opulentissimi,
3608 2752 3695 2822 qui

2113 2846 2451 2915 cupiditatem
2465 2847 2761 2901 divitiarum
2780 2847 3239 2901 conculcavcrmit.
3259 2845 3695 2915 Quandoquidem

2114 2938 2187 2992 illi
2216 2939 2304 3007 qui
2337 2947 2460 2993 tunc
2486 2954 2661 3008 regem
2687 2936 3272 3005 eontempserunt,ipso
3296 2952 3418 3005 rege
3448 2936 3700 2988 clariores

2119 3033 2454 3089 sunteﬂ‘ecti.
2480 3034 2547 3089 Et
2576 3043 2629 3087 tu
2662 3033 2818 3103 igitur
2839 3033 2883 3088 si
2909 3048 2997 3089 res
3020 3032 3174 3103 hujus
3206 3035 3390 3089 mundi
3417 3035 3704 3106 despicias,

2120 3132 2232 3179 toto
2261 3124 2459 3179 mundo
2486 3125 2769 3193 pretiosior
2809 3125 2917 3179 eris
2942 3164 2957 3191 ,
2985 3132 3043 3178 ut
3077 3134 3132 3179 et
3166 3128 3333 3183 sancti
3375 3127 3481 3189 illi,
3514 3127 3701 3195 Quibus

2116 3217 2301 3287 dignus
2329 3232 2430 3269 non
2459 3225 2567 3269 erat
2592 3214 2809 3268 mundus
2835 3213 3020 3284 (Hebr.
3049 3216 3137 3270 11.
3316 3217 3381 3272 Ut
3423 3219 3599 3288 itaque
3623 3220 3703 3273 di-

2117 3319 2252 3375 gnus
2283 3304 2379 3361 fias
2410 3305 2719 3359 ereIeStibus
2743 3306 2781 3370 ί,
2811 3304 2995 3359 deride
3023 3308 3326 3374 prmsentia.
3364 3307 3439 3361 lta
3478 3310 3618 3363 enim
3644 3320 3699 3365 et

2118 3393 2203 3449 hic
2227 3393 2556 3465 splendidior
2585 3394 2691 3448 eris
2712 3434 2726 3458 ,
2754 3403 2809 3449 et
2835 3393 3029 3449 futuris
3072 3395 3228 3451 bonis
3271 3396 3482 3464 frueris,
3531 3401 3697 3470 gratia

2119 3492 2174 3537 et
2198 3483 2523 3553 benignitate
2547 3485 2755 3538 Domini
2785 3486 2953 3539 nosui
2983 3484 3109 3539 .lesu
3135 3485 3356 3553 Christi,
3398 3489 3481 3542 cui
3528 3490 3696 3545 aluria

2120 3586 2174 3629 et
2200 3575 2479 3645 imperium
2508 3575 2561 3631 in
2589 3577 2784 3634 saecula
2813 3578 3149 3633 saeculorum.
3183 3580 3374 3633 Amen.

2183 3763 2342 3836 inpos“
2362 3766 2461 3836 1335.
2481 3777 2642 3836 ygces,
2667 3777 2756 3836 pro
2781 3762 3355 3836 ﬂammafonaefﬁcitur,
3391 3768 3700 3836 manuscripti

2119 3826 2320 3879 Codices
2342 3826 2529 3888 plurimi
2543 3834 2602 3888 et
2623 3825 2763 3888 savil.
2779 3825 2835 3888 iu
2850 3825 3068 3888 margine
3087 3826 3157 3888 sic
3180 3825 3389 3888 habent:
3411 3827 3542 3884 Quod
3555 3825 3699 3876 etiam

2117 3888 2284 3957 videre
2306 3884 2377 3957 est
2398 3887 2448 3938 in
2467 3886 2775 3957 philosOpltnn
2783 3884 2907 3937 tibus
2934 3884 2976 3935 :'
2986 3885 3169 3957 etenim
3186 3886 3236 3957 in
3255 3893 3537 3957 paupertate
3558 3890 3701 3938 timo-

2116 3950 2187 4001 ris
2208 3948 2361 4012 magis
2383 3947 2609 4013 expertes
2639 3947 2766 4009 eum,
2792 3961 2938 4013 quam
2970 3947 3157 4013 divites,
3180 3955 3225 3997 et
3250 3947 3299 3996 in
3322 3947 3481 4013 medio
3504 3951 3701 4013 {eamme

2116 4024 2228 4060 rore
2257 4009 2383 4073 p'uro
2407 4009 2759 4073 perfruuntur;
2825 4011 2918 4060 uod
2941 4013 3054 4058 tunc
3092 4009 3238 4057 etiam
3269 4009 3463 4070 contigit
3489 4022 3507 4058 :
3542 4009 3699 4073 ignem

2116 4072 2314 4120 auidem
2333 4085 2427 4120 non
2450 4068 2705 4120 exstinxit.
2728 4022 2822 4120 set?
2847 4083 2908 4120 ue
2940 4068 3333 4120 comburerentur
3357 4070 3441 4120 aui
3462 4083 3519 4120 ro
3538 4071 3699 4120 iniecti

2728 4068 2815 4134 sed
2847 4083 2908 4120 ue
2940 4068 3333 4121 comburerentur
3357 4068 3441 4134 qui
3462 4083 3519 4121 ro
3538 4068 3703 4133 injecti

2141 4135 2331 4198 iterant,
2344 4133 2609 4198 impedivit.
2646 4142 2741 4184 Nec
2756 4132 2937 4197 itaque,
2960 4137 3057 4183 etc.

2186 4195 2204 4226 ι
2239 4195 2504 4260 s_ic‘om_i_ies
2526 4195 2849 4260 Manuscripti,
2877 4206 2930 4246 et
2959 4199 3031 4249 sic
3055 4196 3178 4260 legit
3210 4196 3444 4249 Anianus.
3471 4197 3612 4246 Savit.
3646 4203 3703 4246 et

2123 4255 2305 4315 κοῖαι,
2322 4256 2475 4317 aclis,
2497 4270 2605 4320 pro,
2639 4255 2924 4310 ca‘festibus.
