4060 6156
363 215 438 272 55
1060 205 1124 260 S._
1156 201 1439 260 JOANNIS
1479 195 1974 256 CIIRYSOSTOMI
2011 192 2332 250 ARCHIEP.
2373 185 2917 247 CONSTANTINOP.
3540 187 3614 243 56

381 345 718 360 m

718 318 3581 356 MM

1825 412 2067 469 OMIAIA
2105 413 2180 465 E'.

375 548 559 628 τοῦτρ
577 544 647 628 εἷέ
669 545 815 628 δίον
832 543 1099 628 ιέηυνεῖν
1118 543 1218 628 ἵνα
1238 539 1522 628 πληρωθῇ
1541 535 1944 628 τὲρηφεῖιβξεὶἐ

449 618 556 671 τοῦ
582 616 803 682 Κυρίου
838 605 934 667 διὰ
956 612 1062 665 τοῦ
1096 605 1404 682 προφήτου
1426 605 1730 682 λέγοντος·
1755 627 1773 658 ι
1797 605 1942 682 Ἰδοὺ

446 689 485 753 ἢ
517 675 813 753 παρθένος
857 684 927 736 ἐν
962 680 1171 753 Tagth
1213 675 1359 753 ἕξει,
1387 675 1942 753 ααζτέξεταιιυὶὀν,

445 747 543 811 καὶ
572 747 908 807 καλέσουσι
932 747 998 804 τὸ
1025 747 1213 817 ὄνομα
1231 748 1416 824 αυτοῦ
1459 747 1850 812 Ἐμμανουήλ.
1882 763 1902 798 ι

448 844 519 900 α’.
541 840 752 894 Πολλῶν
765 837 945 892 ἀκούω
959 836 1236 904 λεγόντων,
1250 835 1329 887 ὅτι
1347 835 1606 905 παρόντες
1625 837 1720 904 μὲν
1737 835 1940 904 καὶτῆς

379 935 691 1004 ἀκροάσεως
735 927 1126 988 ἀπολαύοντες,
1163 923 1556 992 συστελλόμεθα
1578 939 1592 952 ·
1641 923 1942 988 ἐξελθόντες

381 1026 460 1088 δέ,
493 1024 667 1094 ἐτεροι
699 1020 858 1074 πάλιν
899 1016 1008 1070 ἀνθ’
1051 1015 1253 1086 ἐτέρων
1283 1015 1561 1084 γινόμεθα,
1599 1016 1661 1068 τὸ
1707 1015 1818 1087 πῦρ
1843 1015 1942 1086 τῆς

383 1111 691 1184 προθυμίας
718 1106 1052 1167 σϐεννύντες.
1073 1103 1136 1156 Τί
1164 1098 1257 1156 οῦν
1282 1103 1347 1155 ἂν
1370 1103 1597 1170 γένοιτο,
1613 1105 1760 1168 ὅπως
1785 1104 1943 1157 τοῦτο

385 1203 462 1273 μὴ
509 1203 761 1270 γίνηταις
813 1198 1181 1265 Σκοπήσωμεν
1235 1192 1354 1248 ὅθεν
1396 1195 1619 1261 γίνεται.
1659 1195 1826 1248 Πόθεν
1850 1192 1945 1250 οὖν

382 1294 585 1361 γίνεται
641 1290 836 1360 ήμῖνή
881 1287 1113 1355 τοσαύτη
1165 1286 1462 1354 μεταϐολή;
1518 1286 1648 1338 Ἀπὸ
1694 1288 1792 1356 τῆς
1831 1288 1944 1341 δια.

381 1384 571 1456 τριϐῆς
623 1381 721 1450 τῆς
768 1380 841 1450 μὴ
883 1376 1293 1448 προσηκούσης,
1341 1377 1431 1428 καὶ
1482 1380 1579 1446 τῆς
1643 1376 1784 1448 [7‘2]
1835 1379 1944 1433 τῶν

381 1472 632 1544 πονηρῶν
665 1469 966 1539 ἀνθρώπων
1005 1467 1306 1529 συνουσίας.
1361 1467 1432 1518 Οὐ
1487 1469 1596 1537 γὰρ
1628 1468 1794 1539 ἐχρῆν
1840 1471 1946 1523 ἀπὸ

382 1565 482 1634 τῆς
517 1560 788 1626 συνάξεως
814 1554 1244 1626 ἀναχωροῦντας,
1276 1557 1352 1618 είς
1384 1555 1453 1608 τὰ
1498 1559 1570 1627 μὴ
1604 1544 1963 1626 προσήκοντα,

317 1710 322 1716 _
383 1657 451 1724 τῇ
478 1650 690 1714 συνάξει
720 1648 1004 1719 ἐμϐάλλειν
1033 1647 1256 1708 ἐαυτοὺς
1286 1647 1597 1717 πράγματα·
1618 1648 1943 1712 ἀλλἐύθέως

384 1740 562 1794 οίκαδε
587 1738 833 1800 ἐλθόντας
870 1735 930 1787 τὸ
975 1733 1173 1808 βιϐλίον
1209 1733 1705 1804 μεταχειρίζεσθαι,
1732 1736 1823 1786 καὶ
1851 1735 1947 1805 τὴν

385 1835 616 1902 γυναῖκα
644 1831 737 1883 καὶ
759 1827 828 1881 τὰ
871 1826 1057 1880 παιδία
1104 1826 1240 1897 πρὸς
1272 1826 1370 1896 τὴν
1407 1825 1689 1878 κοινωνίαν
1719 1826 1814 1895 τῆς
1839 1825 1948 1878 τῶν

388 1923 690 1993 εἰρημένων
717 1922 898 1974 καλεῖν
943 1923 1224 1994 συλλογῆς,
1265 1923 1358 1976 καὶ
1385 1923 1502 1975 τότε
1528 1921 1634 1976 τῶν
1686 1922 1952 1992 βιωτικῶν

387 2015 652 2070 ἅπτεσθαι
685 2015 1044 2085 πραγμάτων.
1078 2015 1141 2066 Εἰ
1174 2014 1284 2084 γάρ
1323 2014 1432 2066 ἀπὸ
1460 2014 1735 2082 βαλανείου
1763 2017 1863 2068 οὐκ
1889 2015 1952 2068 ἂν

387 2106 527 2158 ἓλοιο
549 2107 629 2168 είς
651 2105 853 2175 ἀγορὰν
869 2104 1176 2174 ἐμϐάλλειν,
1195 2103 1333 2156 ὥστε
1353 2104 1425 2173 μὴ
1441 2105 1538 2174 τὴν
1555 2105 1762 2158 ἐκεῖθεν
1775 2107 1954 2160 ἀνεσιν

387 2195 729 2265 λυμήνασθαι
757 2198 868 2256 τοῖς
901 2196 957 2247 ἐν
990 2195 1164 2264 ἀγορᾷ
1192 2194 1478 2263 πράγμασι
1498 2210 1512 2223 ο
1550 2195 1728 2266 πολλῷ
1758 2196 1958 2265 μᾶλλον

388 2287 498 2340 ἀπὸ
525 2285 794 2349 συνάξεως
850 2285 1007 2339 τοῦτο
1046 2287 1214 2336 ποιεῖν
1252 2286 1436 2354 ἐχρῆν.
1477 2285 1590 2337 Νῦν
1633 2285 1690 2338 δέ
1737 2287 1956 2340 τούναν-

388 2378 502 2430 τίον
535 2376 824 2446 ποιοῦμενο
875 2376 962 2428 διά
994 2374 1239 2445 δήτοῦτο
1285 2375 1378 2428 καὶ
1413 2375 1590 2427 πάντα
1631 2376 1955 2446 ἀπόλλυμεν.

389 2467 558 2522 Οὔπω
607 2466 717 2536 γὰρ
765 2467 864 2535 τῆς
903 2465 1168 2534 ὠφελείας
1200 2464 1308 2517 τῶν
1361 2464 1656 2534 λεχθέντων
1688 2469 1957 2538 παγείσης

391 2558 593 2620 καλῶς,
628 2559 661 2626 ἡ
697 2555 866 2624 πολλὴ
922 2556 1065 2626 ῥύμη
1103 2555 1212 2608 τῶν
1260 2554 1456 2619 ἔξωθεν
1512 2558 1958 2625 προσπιπτόντων

393 2650 569 2703 πάντα
601 2645 963 2717 παρασύρασα
995 2645 1038 2677 ⁸³
1067 2645 1286 2715 οἴχεται.
1320 2646 1414 2698 Ἶν’
1447 2640 1540 2698 οῦν
1578 2644 1652 2716 μὴ
1685 2646 1839 2700 τοῦτο
1871 2648 1954 2715 γί-

392 2757 570 2809 νηται,
601 2737 708 2790 ἀπὸ
730 2737 998 2802 συνάξεως
1024 2737 1340 2807 ἀναχωρῶν,
1367 2737 1528 2807 μηδὲν
1559 2737 1709 2790 ποιοῦ
1734 2739 1833 2810 τῆς
1850 2741 1953 2794 τῶν

392 2830 513 2899 είρη
523 2828 699 2897 μένων
725 2827 982 2899 συλλογῆς
1006 2829 1445 2898 ἀναγκαιότερον.
1471 2831 1579 2882 Καὶ
1599 2825 1711 2902 γὰρ¹
1727 2833 1954 2902 ἐσχάτης

392 2918 785 2990 ἀγνωμοσύνης
817 2919 884 2973 ἀν
913 2921 1019 2990 εἴη,
1051 2918 1210 2971 πέντε
1248 2920 1342 2971 καὶ
1373 2918 1433 2984 ἐξ
1453 2921 1664 2992 ἡμέρας
1691 2925 1804 2984 τοῖς
1834 2923 1951 2992 βιωο

394 3013 566 3074 τικοῖς
610 3010 978 3080 ἀπονέμοντας
1000 3049 1014 3074 ,
1068 3013 1182 3073 τοῖς
1230 3013 1615 3081 πνευματικοῖς
1671 3013 1805 3082 μηδὲ
1833 3014 1958 3083 μίαν

392 3101 632 3172 ἡμέραν,
656 3101 853 3171 μᾶλλον
883 3102 939 3158 δὲ
973 3101 1106 3170 μηδὲ
1132 3102 1176 3134 ⁸³
1205 3103 1399 3174 μικρὸν
1428 3104 1526 3173 τῆς
1560 3104 1773 3175 ἡμέρας
1799 3104 1962 3176 μέρος

393 3191 597 3245 διδόναι
628 3192 692 3246 ⁸⁸.
721 3192 833 3262 υύχ
855 3193 1017 3262 ὁρᾶτε
1055 3191 1123 3244 τὰ
1153 3192 1340 3246 παιδία
1377 3193 1445 3246 τὰ
1480 3193 1720 3264 ἡμέτερα
1749 3195 1794 3227 ⁸⁵
1817 3236 1832 3260 ,
1881 3197 1960 3248 ὅτι

403 3283 473 3336 τὰ
507 3281 825 3352 μαθήματα,
860 3283 1001 3354 ἆπερ
1035 3284 1100 3336 ἀν
1126 3283 1591 3350 δέξωνται,ταῦτα
1621 3284 1686 3336 δι’
1708 3285 1834 3354 ὅλης
1868 3303 1960 3356 με-

402 3373 595 3426 λετῶσι
619 3374 717 3444 τὴς
737 3374 946 3445 ἡμέρας
967 3393 981 3441 ;
1013 3375 1180 3428 Τοῦτο
1204 3375 1383 3446 δήκαὶ
1403 3376 1557 3447 ἡμεῖς
1581 3375 1958 3446 ἐργασώμεθα’

394 3471 520 3526 ἐπεὶ
550 3469 712 3522 πλέον
751 3469 902 3521 οὐδὲν
942 3470 1074 3538 ἡμῖν
1119 3468 1268 3522 ἐσται
1296 3469 1397 3537 τῆς
1431 3467 1665 3521 ἐνταῦθα
1699 3467 1967 3536 ἀφίξεως,

399 3562 480 3626 είς
507 3561 663 3615 πίθον
694 3559 1022 3630 τετρημένον
1046 3559 1296 3613 ἀντλοῦσι
1320 3559 1440 3612 καθ’
1475 3559 1710 3628 ἑκάστην
1737 3560 1968 3629 ἡμέραν,

405 3653 497 3706 καὶ⁸
519 3651 652 3722 μηδέ
677 3650 942 3719 τοσαύτην
976 3650 1368 3720 παρεχομένοις
1395 3649 1629 3718 σπουδὴν
1659 3652 1726 3720 τῇ
1751 3649 1858 3701 τῶν
1893 3651 1972 3701 είο

405 3743 653 3814 ρημένων
675 3741 910 3810 φυλακῇ,
939 3741 1071 3811 ὅσην
1094 3741 1220 3812 περὶ
1245 3740 1443 3810 χρυσὸν
1469 3741 1562 3795 καὶ
1588 3741 1824 3812 ἄργυρον
1853 3741 1974 3793 ἐπι-

405 3833 750 3904 δεικνύμεθα.
798 3833 1034 3903 Δηνάρια
1069 3832 1165 3902 μὲν
1193 3833 1302 3903 γάρ
1333 3849 1414 3896 τις
1447 3833 1602 3902 ὀλίγα
1632 3833 1808 3887 λαϐὼν
1833 3872 1848 3897 ,
1880 3834 1975 3887 καὶ

404 3927 486 3989 είς
518 3925 797 3996 βαλάντιον
856 3923 1190 3990 ἀποτίθεται,
1222 3925 1315 3978 καὶ
1340 3927 1604 3995 σφραγῖδα
1632 3926 1933 3996 ἐπιτίθησιν
1956 3941 1970 3954 ⁸

405 4020 564 4089 ἡμεῖς
583 4019 639 4071 δέ
664 4018 756 4072 καὶ
783 4016 1004 4088 χρυσίου
1035 4018 1128 4071 καὶ
1155 4017 1318 4070 λίθων
1346 4018 1649 4071 πολυτελῶν
1675 4016 1976 4088 τιμιώτερα

403 4109 680 4180 δεχόμενοι
705 4107 877 4177 λόγια,
908 4109 1001 4161 καὶ
1033 4109 1158 4172 τοὺς
1184 4107 1278 4161 τοῦ
1301 4107 1615 4178 Πνεύματος
1650 4106 1977 4176 ὑποδεχόμε-

406 4219 486 4254 νοι
516 4199 838 4270 θησαυροὺς,
879 4200 979 4252 οὐκ
1009 4201 1088 4262 είς
1118 4199 1185 4252 τά
1214 4202 1432 4269 ταμιεῖα
1463 4198 1561 4267 τῆς
1589 4198 1765 4268 ψυχῆς
1792 4198 1979 4249 ἀποτι-

408 4288 633 4358 θέμεθα,
663 4287 777 4341 ἀλλ’
806 4287 992 4349 ἁπλῶς
1012 4287 1106 4338 καὶ¹
1139 4286 1212 4348 ὡς
1238 4286 1425 4354 ἔτυχεν
1450 4284 1625 4353 ἐῶμεν
1645 4285 1742 4354 τῆς
1777 4284 1976 4355 ἡμετέ-

414 4395 511 4450 ρας
545 4377 782 4440 διανοίας
798 4377 1001 4446 ἐκρεῖν.
1035 4375 1130 4437 Τίς
1159 4370 1251 4427 οῦν
1285 4376 1432 4444 ἡμᾶς
1470 4372 1582 4444 [75]
1635 4374 1846 4444 ἐλεήσει
1870 4373 1980 4425 λοι·-

413 4472 533 4534 πὸν,
571 4467 1015 4528 ἐπιϐουλεύοντας
1062 4468 1294 4530 ἑαυτοῖς,
1341 4466 1434 4518 καὶ
1488 4467 1567 4528 είς
1591 4465 1859 4535 τοσαύτην
1884 4467 1981 4535 ἐμ-

414 4559 702 4622 ϐάλλοντας
743 4557 964 4621 πενίαν;
1009 4555 1103 4608 Ἷν’
1149 4551 1242 4607 οῦν
1273 4555 1346 4626 μὴ
1375 4553 1531 4607 τοῦτο
1573 4555 1816 4624 γίνηται,
1847 4556 1982 4624 γρά-

413 4645 600 4715 ψωμεν
634 4647 842 4706 ἑαυτοῖς
873 4643 1034 4713 νόμον
1058 4642 1330 4712 ἀκίνητον,
1374 4645 1467 4696 καὶ
1495 4646 1613 4706 ταῖς
1642 4644 1857 4710 γυναιξὶ
1888 4645 1983 4697 καὶ

415 4737 523 4799 τοῖς
552 4737 705 4789 παισὶ
733 4739 842 4799 τοῖς
860 4735 1171 4806 ἡμετέροις,
1195 4735 1323 4804 μίαν
1343 4736 1440 4805 τῆς
1461 4735 1748 4806 ἑϐδομάδος
1774 4737 1984 4806 ἡμέραν

413 4827 618 4898 ταύτην
640 4828 767 4898 ὃλην
797 4829 839 4859 ⁸⁸
868 4826 1176 4881 ἀνατιθέναι
1201 4829 1266 4897 τῇ
1288 4827 1548 4898 ἀκροάσει
1575 4829 1668 4880 καὶ
1696 4826 1802 4880 τῶν
1825 4829 1987 4880 ἀκου-

419 4920 651 4973 σθέντων
701 4921 765 4989 τῇ
822 4919 1073 4990 συλλογῇ.
1125 4919 1279 4974 Οῦτω
1312 4921 1420 4992 γὰρ
1451 4924 1544 4974 καὶ
1601 4919 1987 4993 εύμαθέστεροι

417 5011 554 5081 πρὸς
591 5011 658 5063 τά
681 5009 939 5079 μέλλοντα
963 5011 1295 5081 ῥηθήσεσθαι
1325 5013 1731 5083 άπαντήσομεν,
1749 5012 1986 5082 καὶήμῖν

405 5089 652 5156 ’ἐλάττων
701 5103 729 5154 ὁ
757 5103 918 5164 πόνος
949 5103 1130 5168 ἔσται,
1169 5105 1263 5158 καὶ
1292 5106 1416 5175 ύμῖν
1463 5107 1524 5157 τὸ
1561 5106 1750 5177 κέρδος
1804 5106 1985 5170 πλέον,

420 5195 545 5248 ὅταν
577 5193 648 5246 τὰ
673 5194 861 5264 πρώην
889 5195 1154 5266 εἰρημένα
1187 5196 1443 5266 φέροντες
1464 5198 1556 5249 ἐπὶ
1587 5199 1823 5268 μνήμης,
1851 5199 1992 5250 οὕτω

419 5286 488 5338 τά
517 5283 656 5357 μετὰ
678 5284 852 5338 ταῦτα
884 5284 1138 5356 ἀκούητε.
1164 5286 1238 5339 Ού
1271 5286 1379 5358 γὰρ
1414 5288 1606 5358 μικρόν
1637 5305 1686 5340 τι
1722 5291 1814 5351 καὶ
1839 5289 1993 5342 τοῦτο

413 5376 660 5431 συντελεῖ
709 5375 845 5447 πρὸς
890 5375 988 5446 τὴν
1014 5375 1122 5428 τῶν
1165 5375 1471 5445 λεγομένων
1515 5374 1744 5440 σύνεσιν,
1779 5378 1861 5429 τὸ·
1891 5381 1986 5443 τὴν

2073 527 2387 583 ἀκολουθίαν
2437 527 2632 578 εἰδέναι
2683 525 2818 593 μετὰ
2847 521 3129 593 ἀκριϐείας
3178 523 3286 576 τῶν
3320 523 3450 596 παρ’
3482 525 3636 594 ήμῶν

2079 619 2449 691 ὑφαινομένων
2480 618 2608 682 ύμῖν
2652 615 2956 686 νοημάτων.
3032 614 3252 686 Ἐπειδὴ
3291 616 3398 686 γὰρ
3434 615 3533 668 οὐκ
3557 615 3636 669 ἕνι

2074 715 2251 770 πάντα
2297 717 2355 770 ἐν
2391 720 2491 788 μιᾷ
2541 715 2862 770 καταϐαλεῖν
2895 716 2938 747 ⁸⁷
2967 712 3178 786 ἡμέρᾳ,
3207 711 3274 764 τὰ
3305 712 3360 765 ὲν
3418 710 3636 774 πολλαῖς

2073 807 2198 877 ὑμῖν
2229 808 2464 878 ἡμέραις
2489 807 2885 878 κατατιθέμενα
2915 809 2980 876 τῇ
3013 809 3110 874 τῆς
3143 803 3359 874 μνήμης
3389 800 3635 871 συνεχείᾳ

2073 895 2261 968 ὥσπερ
2295 899 2478 969 σειράν
2513 915 2634 950 τινα
2666 898 3006 967 ποιήσαντες,
3036 893 3177 946 οὕτω
3196 892 3260 962 δὴ
3292 891 3634 962 περιτίθεσθε

2072 989 2138 1058 τῇ
2171 988 2340 1058 ψυχῇ.
2381 988 2520 1040 ὥστε
2569 986 2858 1056 ὁλόκληρον
2909 983 3277 1054 φαίνεσθαιτί)
3321 982 3479 1051 σῶμα
3530 980 3636 1032 τῶν

2073 1077 2324 1146 Γραφῶν.
2360 1077 2793 1148 Ἀναμνήσαντες
2818 1075 2995 1128 τοίνυν
3021 1073 3127 1127 τῶν
3159 1072 3382 1140 έναγχος
3415 1070 3638 1140 εἰρημέ-

2074 1184 2179 1220 νων
2209 1168 2434 1230 ἐαυτοὺς
2453 1206 2468 1230 ,
2519 1166 2659 1220 οὕτω
2695 1165 2788 1220 καὶ
2822 1165 3058 1236 σήμερον
3097 1162 3188 1216 ἐπὶ
3209 1161 3277 1215 τὰ
3306 1160 3638 1232 προκείμενα

2077 1255 2264 1327 ἴωμεν.

2152 1375 2217 1444 β’.
2235 1377 2370 1430 Τίνα
2389 1377 2446 1429 δέ
2471 1379 2586 1430 ἐστι
2613 1393 2681 1430 τα
2712 1375 3046 1448 προκείμενα
3073 1375 3341 1445 σήμερον;
3379 1373 3557 1427 Τοῦτο
3577 1372 3646 1426 δὲ

2080 1467 2227 1520 ὅλον
2259 1466 2506 1537 γέγονεν
2531 1507 2547 1531 ,
2581 1469 2684 1522 ἵνα
2721 1465 3005 1535 πληρωθῇ
3049 1465 3116 1519 τὸ
3161 1464 3350 1533 ῥηθὲν
3375 1463 3491 1517 ὑπὸ
3536 1463 3644 1518 τοῦ

2082 1558 2298 1624 Κυρίου
2335 1557 2433 1612 διὰ
2476 1558 2583 1612 τοῦ
2625 1557 2932 1627 προφήτου
2966 1555 3270 1626 λέγοντος.
3318 1554 3509 1621 Ἀξίως
3550 1554 3645 1608 τοῦ

2080 1649 2406 1720 θαύματος,.
2425 1649 2500 1713 ὡς
2548 1649 2699 1720 αύτῷ
2727 1648 2948 1703 δυνατὸν
2980 1644 3070 1719 ἦν,
3098 1647 3410 1717 ἀνεϐόησεν,
3446 1643 3642 1698 είπὼν·

2086 1742 2264 1794 Τοῦτο
2287 1741 2356 1795 δὲ
2387 1741 2534 1796 ὅλον
2558 1741 2821 1811 γέγονεν.
2869 1740 3086 1810 Ἐπειδὴ
3110 1739 3219 1810 γὰρ
3255 1734 3358 1792 εἶδε
3385 1739 3447 1793 τὸ
3483 1737 3646 1790 πέλα-

2079 1848 2172 1899 γος
2196 1833 2290 1886 καὶ
2309 1833 2406 1902 τὴν
2433 1832 2666 1886 ἄϐυσσον
2693 1832 2791 1902 τῆς
2816 1830 3222 1901 φιλανθρωπίας
3241 1829 3333 1884 τοῦ
3364 1829 3519 1891 Θεοῦ,
3553 1830 3647 1882 καὶ

2077 1921 2138 1974 τὸ
2171 1920 2438 1992 μηδέποτε
2473 1920 2726 1975 ἐλπισθὲν
2759 1922 2838 1984 είς
2886 1920 3046 1992 ἔργον
3090 1920 3264 1983 ἐλθὸν,
3313 1920 3408 1975 κα)⁸
3435 1919 3647 1989 φύσεως

2079 2011 2336 2076 λυθέντας
2361 2013 2579 2084 νόμους,
2614 2013 2710 2066 καὶ
2738 2013 3082 2081 καταλλαγὰς
3112 2013 3420 2082 γινομένας,
3445 2013 3539 2065 καὶ
3558 2012 3647 2064 τὸν

2081 2105 2297 2158 πάντων
2329 2104 2596 2176 ἀνώτερον
2627 2105 2763 2176 πρὸς
2799 2105 2890 2159 τὸν
2923 2105 3137 2159 πάντων
3177 2103 3484 2175 κατώτερον
3513 2121 3648 2156 κατ·

2085 2197 2254 2260 ιόντα,
2285 2196 2380 2249 καὶ
2423 2195 2491 2248 τά
2541 2196 2829 2267 μεσότοιχα
2858 2196 3114 2266 λυόμενα,
3144 2195 3239 2249 καὶ
3263 2194 3332 2248 τὰ
3352 2194 3650 2264 κωλύματα

2085 2287 2469 2358 ἀναιρούμενα,
2505 2289 2600 2342 καὶ
2618 2287 2796 2358 πολλῷ
2825 2287 3046 2341 πλείονα
3080 2287 3285 2340 τούτων
3313 2285 3478 2357 ἐτερα
3503 2286 3648 2354 γινό-

2086 2394 2240 2448 μενα,
2265 2379 2346 2432 ἐνὶ
2372 2380 2576 2449 ῥήματι
2596 2378 2656 2431 τὸ
2672 2377 2857 2447 θαῦμα
2875 2377 3237 2449 παρέστησεν,
3255 2377 3442 2430 εἰπών’
3465 2377 3652 2432 Τοῦτο

2081 2468 2150 2522 δὲ
2172 2469 2318 2521 ὅλον
2339 2469 2604 2539 γέγονεν,
2635 2470 2735 2522 ἵνα
2757 2467 3042 2536 πληρωθῇ
3078 2468 3145 2521 τὸ
3174 2470 3360 2537 ῥηθὲν
3390 2467 3509 2522 ὑπὸ
3543 2468 3649 2521 τοῦ

2082 2556 2326 2625 Κυρίου.
2353 2558 2444 2626 Μὴ
2465 2556 2573 2627 γὰρ
2610 2557 2857 2626 νομίσῃς,
2903 2553 3016 2627 [74]
3040 2557 3223 2626 φησὶν,
3259 2557 3342 2609 ὃτι
3368 2556 3460 2609 νῦν
3481 2554 3651 2608 ταῦτα

2083 2646 2226 2711 εδοξε
2245 2665 2257 2680 ·
2292 2647 2459 2701 πάλαι
2480 2645 2864 2718 προετυποῦτο.
2902 2648 3078 2718 Ὅπερ
3107 2649 3202 2701 καὶ
3226 2649 3254 2701 ὁ
3286 2646 3495 2710 Παῦλος
3515 2661 3646 2700 παν-

2082 2737 2248 2808 ταχοῦ
2269 2737 2439 2802 δεῖξαι
2460 2735 2778 2790 ἐσπούδασε.
2811 2735 2922 2790 Καὶ
2946 2736 3310 2808 παραπέμπει
3341 2737 3431 2790 τὸν
3453 2736 3649 2806 Ἰωσὴφ

2081 2827 2160 2898 τῷ
2197 2829 2396 2898 Ἡσαΐᾳ
2419 2826 2620 2891 λοιπὸν,
2653 2827 2740 2879 ἵνα
2767 2824 2870 2878 κᾶν
2898 2826 3006 2880 τῶν
3037 2827 3199 2881 αὑτοῦ
3241 2827 3496 2898 ῥημάτων
3530 2826 3652 2879 ἐπι-

2081 2922 2310 2993 λάθηται
2334 2919 2710 2988 ἀφυπνισθεὶς,
2735 2920 2829 2974 ἆτε
2855 2919 3165 2990 πρόσφατον
3191 2918 3516 2989 εἰρημένων,
3537 2917 3647 2970 τῶν

2085 3011 2453 3084 προφητικῶν,
2477 3005 2556 3073 οἷς
2574 3010 2978 3084 συνανεστράφη
3005 3008 3050 3040 ⁸⁸
3067 3006 3376 3074 διαπαντὸς,
3408 3007 3650 3076 ἀναμνη-

2087 3080 2264 3168 σθεὶς,
2281 3103 2374 3156 καὶ
2403 3101 2471 3155 τά
2495 3102 2627 3170 παρ’
2666 3080 2827 3153 αὑτοῦ
2853 3099 3110 3168 λεχθέντα
3131 3097 3399 3168 κατάσχῃ.
3444 3095 3555 3149 Καὶ
3580 3096 3648 3165 τῇ

2089 3193 2186 3262 μὲν
2215 3190 2434 3259 γυναικὶ
2479 3188 2629 3242 οὐδὲν
2676 3187 2878 3240 τούτων
2911 3187 3154 3257 εἴρηκεν,
3207 3185 3301 3238 ἆτε
3343 3184 3482 3256 κόρῃ
3515 3181 3649 3252 οῦσῃ

2089 3284 2179 3336 καὶ
2209 3282 2451 3352 ἀπείρως
2481 3278 2684 3332 τούτων
2717 3277 2912 3349 ἐχούσῃ
2934 3295 2945 3306 ·
2977 3263 3055 3348 τῷ
3079 3277 3137 3330 δὲ
3165 3277 3339 3347 ἀνδρὶ,
3370 3275 3564 3346 δικαίῳ
3589 3271 3652 3328 τέ

2085 3373 2199 3426 ὄντι
2233 3374 2327 3426 καὶ
2360 3370 2646 3442 μελετῶντι
2679 3371 2963 3441 προφήτας
2983 3410 2997 3434 ,
3033 3368 3280 3422 ἐντεῦθεν
3325 3366 3649 3435 διαλέγεται.

2089 3463 2195 3515 Καὶ
2221 3463 2326 3531 πρὸ
2350 3462 2448 3532 μὲν
2483 3460 2694 3524 τούτου,
2715 3459 2950 3530 Μαριὰμ
2972 3460 3085 3527 τὴν
3114 3457 3370 3530 γυναῖκά
3396 3473 3532 3520 σου,
3566 3456 3655 3508 λέ-

2088 3569 2205 3620 γει’
2233 3551 2467 3605 ἐνταῦθα
2503 3551 2560 3603 δὲ.
2606 3552 2694 3605 ὅτε
2745 3550 2834 3603 τὸν
2867 3553 3149 3620 προφήτην
3177 3549 3426 3601 εἵλκυσεν
3467 3549 3546 3612 εἰς
3595 3547 3656 3601 τὺ

2093 3641 2276 3712 μέσον,
2308 3642 2428 3694 τότε
2452 3640 2600 3710 αὐτῷ
2630 3639 2871 3694 πιστεύει
2909 3641 2968 3694 τὸ
2997 3640 3095 3710 τῆς
3125 3638 3422 3710 παρθενίας
3448 3639 3652 3708 ὄνομα·

2089 3734 2148 3787 οὐ
2179 3732 2292 3804 -ιγάρ
2318 3730 2488 3794 οὕτως
2514 3732 2785 3803 ἀτάραχος
2812 3733 2855 3767 ⁶’
2879 3733 3059 3802 ἔμενε,
3096 3730 3363 3802 παρθένον
3396 3731 3526 3799 παρ’
3552 3729 3656 3781 αὺ-

2091 3826 2183 3878 τοῦ
2219 3826 2451 3890 ἀκούων,
2481 3827 2528 3880 εί
2559 3825 2634 3899 μὴ
2659 3826 2704 3858 ⁷ο
2732 3824 2945 3896 πρῶτον
2971 3825 3062 3877 καὶ
3085 3822 3235 3892 παρὰ
3273 3821 3517 3875 Ἡσαΐου.
3547 3821 3658 3874 Καὶ

2094 3919 2202 3986 γὰρ
2231 3918 2380 3970 οὐδὲν
2419 3918 2585 3982 ξένον,
2629 3916 2766 3972 ἀλλὰ
2813 3917 2874 3969 τὸ
2903 3915 3131 3984 σύνηθες
3166 3913 3346 3968 καὶτὸ
3387 3915 3445 3966 ἐν
3481 3910 3658 3981 πολλῷ

2094 4010 2268 4080 χρόνῳ
2302 4009 2586 4079 μελετηθέν
2621 4007 2841 4078 ἔμελλεν
2883 4005 3206 4060 ἀκούσεσθαι
3233 4003 3383 4074 παρά
3405 4001 3498 4055 τοῦ
3526 4019 3659 4072 προ-

2097 4101 2287 4169 φήτου.
2326 4099 2423 4152 Διά
2457 4099 2613 4152 τοῦτο
2649 4098 2816 4152 ποιῶν
2850 4096 3250 4168 εύπαράδεκτον
3273 4095 3335 4148 τὸ
3366 4091 3656 4165 εἰρημένον

2095 4193 2122 4244 ὁ
2151 4190 2396 4258 ἄγγελος,
2424 4191 2659 4259 παράγει
2691 4191 2770 4252 είς
2797 4189 2958 4259 μέσον
2989 4187 3078 4240 τὸν
3116 4186 3360 4239 Ἡσαΐαν.
3405 4184 3515 4238 Καὶ
3540 4181 3660 4235 ούδέ

2097 4281 2327 4334 ἐνταῦθα
2377 4281 2608 4344 ἵσταται,
2661 4281 2775 4333 ἀλλ’
2803 4281 2895 4332 ἐπὶ
2924 4280 3012 4332 τὸν
3046 4277 3176 4331 Θεὸν
3209 4277 3417 4348 ἀναρτᾲ
3451 4274 3542 4327 τὸν
3569 4272 3660 4325 λό-

2098 4389 2191 4438 γον
2218 4388 2230 4403 ·
2260 4372 2318 4423 ού
2342 4371 2449 4441 γὰρ
2470 4370 2633 4423 αὑτοῦ
2654 4367 2790 4422 εἷναί
2820 4385 2951 4438 φησι
2980 4369 3039 4421 τὸ
3069 4367 3375 4438 εἰρημένον,
3407 4362 3542 4416 ἀλλά
3565 4360 3660 4414 τοῦ

2099 4462 2206 4513 τῶν
2262 4460 2396 4513 ὅλων
2448 4460 2602 4512 Θεοῦ.
2637 4459 2735 4513 Διά
2762 4459 2918 4512 τοῦτο
2947 4458 3048 4510 ούκ
3077 4453 3376 4518 εἷπεν,”1να
3403 4450 3660 4522 πληρωθῇ

2098 4552 2160 4604 τὸ
2221 4550 2382 4621 ῥηθὲν
2435 4551 2537 4602 ὑπὸ
2580 4549 2820 4609 Ἡσαΐου,
2873 4547 3006 4599 ἀλλά
3033 4585 3047 4609 ,
3085 4546 3151 4598 Τὸ
3175 4543 3362 4613 ῥηθὲν
3394 4541 3509 4594 ὑπὸ
3558 4538 3665 4592 τοῦ

2104 4644 2341 4709 Κυρίου.
2367 4644 2409 4694 Τ
2413 4643 2439 4694 ὺ
2477 4643 2572 4710 μὲν
2601 4639 2708 4710 γάρ
2743 4639 2913 4708 στόμα
2931 4639 2974 4668 τί
3018 4636 3259 4696 Ἡσαΐου,
3289 4635 3316 4684 ὁ
3341 4632 3398 4684 δέ
3420 4629 3665 4700 χρησμὸς

2102 4733 2304 4787 ἀνωθεν
2335 4733 2576 4804 ἐφέρετο.
2601 4732 2664 4783 Τί
2686 4727 2776 4783 οῦν
2802 4725 2952 4790 οὗτος
2975 4744 3137 4796 φησιν
3166 4727 3193 4776 ὁ
3216 4725 3487 4794 χρησμός;
3513 4720 3666 4773 Ἰδοὺ

2104 4829 2140 4895 ἡ
2177 4827 2466 4896 παρθένος
2492 4826 2561 4878 ἐν
2594 4823 2800 4892 γαστρὶ
2825 4821 2965 4886 ἕξει,
3003 4822 3097 4872 καὶ
3136 4818 3361 4880 τέξεται
3392 4815 3544 4876 υίὸν,
3571 4813 3669 4866 καὶ

2103 4914 2432 4968 καλέσουσι
2467 4913 2530 4965 τὸ
2566 4912 2748 4981 ὄνομα
2774 4910 2958 4965 αὑτοῦ
2995 4905 3386 4976 Ἐμμανουήλ.
3427 4905 3549 4965 Πῶς
3577 4899 3670 4954 οὖν

2104 5011 2202 5061 οὐκ
2223 5008 2446 5078 ἐκλήθη,
2477 5006 2629 5076 φησὶ,
2655 5005 2714 5056 τὸ
2740 5004 2907 5074 ὄνομα
2935 5000 3098 5056 αὑτοῦ
3153 4997 3514 5069 Ἐμμανουήλ,
3537 4995 3674 5049 ἀλλά

2119 5099 2320 5172 Ἰησοῦς
2366 5099 2634 5169 Χριστός;
2669 5097 2786 5148 ’Ὁτι
2844 5094 2942 5146 ούκ
3002 5087 3152 5156 εἷπε,
3202 5089 3482 5151 Καλέσεις,
3518 5085 3671 5149 ἀλλά,

2111 5190 2512 5248 [ίαλέοόυοίη
2536 5186 2584 5238 οί
2618 5185 2763 5254 ὄχλοι
2794 5182 3060 5244 τουτέστι,
3089 5181 3182 5234 καὶ
3215 5181 3247 5250 ἡ
3279 5177 3386 5231 τῶν
3418 5175 3676 5246 πραγμά-

2109 5301 2214 5337 των
2243 5281 2485 5342 έκϐασις.
2546 5275 2808 5330 Ἐνταῦθα
2849 5275 2954 5346 γὰρ
2989 5274 3048 5327 τὸ
3079 5272 3371 5343 συμϐαῖνον
3421 5268 3467 5302 ⁷³
3507 5269 3677 5337 ὄνομα

2109 5372 2319 5441 τίθησι·
2375 5369 2469 5423 καὶ
2513 5367 2630 5429 ἔθος
2659 5367 2811 5419 τοῦτο
2841 5368 2907 5436 τῇ
2941 5367 3149 5436 Γραφῇ,
3194 5364 3262 5418 τά
3313 5359 3676 5432 συμϐαίνοντα

487 5540 552 5610 ,θ’
585 5537 984 5610 παρασύρουσα
1012 5536 1084 5610 Α.⁸
1116 5534 1176 5588 Ι).
1255 5535 1301 5610 ⁶Δ³
1335 5532 1468 5610 μηδέ
1492 5547 1608 5610 οιηἒ
1739 5530 1800 5584 Β.
1841 5529 1902 5583 C.
2065 5525 2124 5610 ξιξ
2144 5523 2368 5610 διδόναι]
2403 5526 2476 5608 μὴ
2500 5524 2700 5610 διδόναι
2721 5522 2880 5610 B.MF..
2915 5520 3354 5610 ἑαυτοῖςδιδόναι
3375 5517 3682 5610 ιῖἶηέαυτᾲοῖς

441 5608 518 5680 μὴ
548 5606 830 5680 summa;
851 5679 868 5680 η
907 5609 950 5680 5f
983 5606 1236 5680 ὑμέτερα
1257 5606 1321 5658 Α.
1365 5607 1468 5680 All.

445 5668 621 5749 μένων
643 5679 874 5745 συλλογῇ
911 5677 969 5749 1).
1013 5668 1114 5749 An.
1157 5668 1169 5675 ⁷
1193 5677 1236 5707 ⁸⁷
1273 5673 1632 5749 καταϐάλλειν
1665 5668 1728 5749 βξ
1865 5668 1922 5749 Ε,

1566 5603 1610 5634 ⁸⁸
1633 5603 1832 5671 ὅλην...
1866 5595 2261 5671 συλλογῇχτὴν
2289 5587 2384 5666 τῆς
2403 5587 2754 5671 ἀκροάσεως,
2784 5595 2931 5671 ὅλην.
2953 5591 3268 5671 ἀνατιθέναιι
3291 5593 3358 5671 τῇ
3391 5587 3500 5671 τῶν
3527 5587 3682 5671 είρη-
3746 5589 3760 5606 “

2021 5659 2195 5738 εδἙῘο
2217 5659 2321 5738 Ἑρ.
2344 5659 2402 5720 ει
2428 5659 2616 5738 (ξυὶὶύ.Δ
2638 5659 3019 5738 συνανετράφη
3041 5661 3161 5738 Ἀιι.
3194 5659 3354 5738 Εάάέ
3387 5659 3681 5738 fat/ipa-

441 5726 566 5810 ξιτος
592 5763 672 5818 pr.
708 5750 767 5806 (λ.
816 5726 887 5779 ’ἦ
991 5726 1198 5816 μηπυιιι.
1231 5726 1482 5802 obium-ST
1521 5745 1560 5776 τι
1597 5737 1800 5811 στόμα]
1827 5739 1950 5795 add.

2087 5738 2142 5793 Ω.
2173 5737 2235 5791 D.
2271 5726 2285 5738 ’
2314 5737 2358 5770 ⁷¹
2389 5738 2447 5791 τὸ
2477 5734 2794 5806 συμϐαῖνονί
2818 5726 2895 5797 τῷ
2920 5726 3272 5793 συμϐαίνοντι
3300 5730 3363 5786 D.
3386 5726 3448 5783 Ρ.
