4060 6156
477 146 586 246 ’δε
1699 183 1763 240 IN
1797 181 2209 239 MAT’I‘HA'JUM
2251 183 2487 240 nomL.
2529 187 2596 241 v.
3695 195 3765 250 ω

1638 326 3744 350 W

539 325 846 343 κ’-

1909 465 2257 527 HOMILIA
2301 468 2376 528 V.

2192 647 2302 687 non
2328 647 2620 703 possumus
2644 635 2826 688 omnia
2858 650 2969 688 uno
3003 635 3091 690 die
3123 637 3436 706 complecti,
3463 639 3508 693 si
3530 655 3615 705 ea,
3641 656 3763 710 qua:

2193 727 2424 797 singulis
2475 726 2634 780 vobis
2687 727 2885 781 diebus
2935 729 3323 797 proponimus,
3379 729 3433 782 in
3486 733 3768 787 memorite

2191 818 2427 888 quadam
2460 819 2604 873 serie
2635 819 2788 888 quasi
2819 827 3069 873 catenam
3109 821 3360 887 teneatis,
3393 821 3471 875 sic
3501 823 3556 875 in
3583 833 3768 878 mente

2189 909 2439 976 reponite
2465 949 2479 972 ,
2523 916 2584 961 ut
2627 915 2798 962 totum
2840 909 3136 977 Scriptura!
3167 925 3368 979 corpus
3411 912 3569 965 simul
3605 928 3767 981 appa-

512 631 640 690 CAP.
674 633 716 698 I,
745 649 800 686 v.
829 632 918 687 22.
954 631 1064 686 Hoc
1108 641 1284 686 autem
1329 640 1496 686 totum
1533 635 1730 704 factum
1771 639 1868 695 est,
1908 642 1964 686 ut
1999 632 2096 684 ad-

585 724 897 795 implerctur
927 725 1066 794 quod
1111 724 1308 777 dietum
1355 733 1431 776 est
1469 743 1498 777 a
1550 724 1774 777 Domino
1828 740 1920 794 per
1967 740 2095 800 prof

584 819 794 888 phetam
815 816 1075 869 dicentem
1108 833 1125 871 :
1152 815 1241 869 ‘25.
1270 815 1403 869 Ecce
1432 815 1584 884 Virgo
1612 817 1665 868 in
1690 825 1838 871 utero
1868 815 2095 882 habebit,

583 917 634 962 et
679 910 854 980 pariet
897 907 1098 977 ﬁlium,
1137 914 1184 961 et
1221 908 1476 961 vocabunt
1512 925 1696 961 nomen
1731 911 1842 978 ejus
1878 908 2096 962 Emma-

586 997 710 1051 nuel
757 998 898 1067 (Isa.
933 999 986 1050 7.
1030 998 1152 1065 M).

569 1185 624 1238 1.
665 1181 1004 1237 Externarum
1029 1199 1195 1236 rerum
1225 1183 1464 1236 tumultus
1482 1187 1696 1253 fructum
1716 1184 1968 1239 concionis
1985 1203 2080 1238 au-

495 1275 615 1344 fert.
645 1305 713 1315 —
741 1275 932 1330 Multos
947 1275 1105 1329 audio
1146 1274 1419 1342 dicentes,
1465 1276 1594 1328 Dum
1635 1285 1922 1344 pnesentes
1950 1293 2077 1331 con-

493 1364 633 1419 cintti
658 1379 862 1431 sumus,
894 1374 948 1419 et
969 1365 1208 1419 doctrina
1236 1365 1384 1419 verbi
1433 1363 1674 1429 fruimur,
1705 1365 1770 1419 ad
1802 1367 2074 1421 meliorem

491 1454 693 1525 frugem
717 1455 1050 1519 reducimur;
1078 1458 1279 1525 egressi
1305 1469 1449 1519 vero,
1471 1455 1556 1508 alii
1579 1455 1857 1519 efﬁcimur,
1881 1471 1943 1510 ac
1961 1456 2070 1510 ler-

491 1548 634 1602 voris
664 1547 836 1616 ignem
858 1547 1262 1616 exstinguimus.
1295 1545 1431 1612 Quid
1455 1546 1898 1615 ergoagendum,
1929 1561 1995 1600 ne
2021 1547 2071 1600 id

487 1638 730 1692 eveniat?
777 1637 1172 1707 Explorandum
1203 1637 1341 1691 unde
1377 1637 1598 1691 accidat.
1627 1637 1757 1704 Quae
1784 1651 1943 1692 causa
1972 1638 2070 1707 igi-

488 1736 575 1781 tur
603 1728 754 1782 nobis
783 1737 864 1781 est
896 1729 1014 1782 talis
1052 1729 1389 1783 mutationis?
1431 1727 1581 1794 Quod
1611 1728 1719 1782 loca
1763 1727 2068 1798 frequente-

485 1833 604 1871 mus
632 1834 734 1872 non
759 1818 1151 1882 convenientia,
1171 1827 1225 1873 et
1247 1819 1384 1889 quod
1412 1835 1531 1873 cum
1564 1819 1820 1887 improbis
1845 1834 2066 1874 consor~

490 1908 620 1962 tium
639 1907 948 1962 habeamus.
967 1908 1080 1962 Non
1111 1911 1251 1964 enim
1275 1910 1554 1979 oportebat
1568 1925 1596 1962 a
1614 1911 1872 1965 concione
1887 1926 2069 1980 egres-

484 2014 596 2064 sos,
609 2000 670 2053 in
695 2001 903 2069 negotia
923 2015 1020 2053 nos
1038 2001 1278 2070 ingerere
1293 2001 1536 2056 coneioni
1560 2016 1664 2056 non
1682 2002 2026 2071 congruentia
2045 2019 2061 2054 :

480 2088 574 2143 sed
619 2089 795 2142 statim
821 2090 1036 2143 domum
1067 2100 1305 2160 petentes
1353 2091 1544 2146 librum
1589 2093 1850 2161 accipere,
1900 2102 2060 2161 atque

480 2194 698 2233 uxorem
747 2189 800 2234 et
825 2179 959 2234 ﬁlios
985 2181 1049 2234 ad
1074 2196 1260 2235 eorum
1297 2197 1418 2250 quas
1459 2181 1598 2236 dicta
1649 2182 1856 2237 fuerant
1893 2184 2056 2238 colle-

478 2269 707 2324 ctionem
730 2286 974 2337 evocare,
1004 2287 1064 2325 ac
1089 2283 1212 2325 tunc
1235 2272 1299 2326 ad
1331 2273 1450 2326 vita:
1475 2275 1772 2328 necessaria
1802 2289 1900 2328 nos
1928 2289 2057 2330 corr-

468 2362 625 2417 ferre.
672 2363 728 2418 Si
769 2363 910 2417 enim
938 2378 1002 2416 ex
1032 2361 1222 2417 balneo
1259 2363 1397 2417 nolis
1425 2363 1476 2417 in
1502 2364 1675 2418 ferum
1707 2375 1758 2420 te
1786 2367 2048 2422 conferre.

467 2470 534 2509 ne
559 2469 626 2510 ex
670 2453 768 2508 fori
812 2454 1041 2523 negotiis
1083 2453 1256 2508 balnei
1298 2455 1685 2525 recreationem
1726 2466 1781 2512 et
1825 2458 2050 2512 fructum

466 2546 748 2600 labefactes
773 2562 786 2598 :
811 2546 978 2599 multo
1007 2547 1174 2615 magis
1193 2560 1221 2598 a
1238 2547 1495 2600 concione
1515 2562 1786 2616 egressum
1805 2549 1854 2603 id
1877 2549 2052 2606 facere

465 2638 762 2708 oportebat.
781 2637 897 2691 Jam
922 2651 1046 2691 vero
1061 2638 1384 2691 contrarium
1408 2636 1629 2692 facimus
1648 2680 1662 2702 ,
1688 2639 1910 2710 ideoque
1934 2655 2048 2695 ont-

463 2727 549 2780 nia
589 2727 878 2802 perdimus.
917 2727 1046 2779 Nam
1090 2727 1333 2780 lcetionis
1366 2725 1596 2781 fructum
1626 2728 1678 2781 in
1710 2738 1888 2784 mente
1909 2747 2046 2786 non-

381 2799 384 2804 ’
463 2818 587 2872 dum
629 2819 791 2888 probe
820 2817 1072 2882 deﬁxum,
1103 2826 1440 2872 externarum
1472 2835 1647 2872 rerum
1677 2823 1930 2877 tumultus
1961 2824 2044 2877 in-

462 2908 646 2963 cidens
694 2917 860 2962 totum
907 2908 1078 2962 aufert
1108 2917 1162 2963 et
1188 2908 1400 2977 abripit.
1447 2907 1525 2964 Ne
1564 2909 1739 2980 itaque
1769 2911 1820 2966 id
1846 2911 1954 2978 ﬁat,
1978 2928 2043 2969 ex

456 2999 718 3054 concione
737 3013 1005 3068 egressus,
1045 2998 1173 3052 nihil
1203 2999 1369 3068 magis
1393 3002 1752 3054 necessarium
1779 3010 1931 3071 putes
1957 3003 2045 3058 illa

461 3090 717 3144 doctrina:
763 3087 1096 3144 collectione.
1140 3088 1345 3142 Etenim
1385 3099 1638 3144 extrema:
1684 3091 1901 3146 desidia:
1928 3091 2043 3148 fue-

463 3182 550 3246 rit,
580 3181 812 3251 quiuque
839 3195 999 3236 sexve
1022 3179 1138 3234 dies
1178 3180 1522 3234 sa-cularibus
1569 3181 1792 3250 negotiis
1835 3183 2044 3252 impen-

409 3254 606 3336 ‘dere,
639 3271 1000 3340 spiritualibus
1034 3285 1164 3324 vero
1194 3285 1260 3322 nc
1290 3285 1447 3323 unam
1487 3269 1701 3338 quidem
1745 3270 1906 3337 diem,
1939 3273 2046 3326 imo

462 3382 529 3421 ne
551 3367 824 3420 minimam
865 3363 1079 3433 quidem
1118 3362 1221 3416 diei
1265 3373 1467 3430 partem
1515 3363 1804 3418 insumere.
1852 3363 2042 3419 Annon

459 3459 651 3513 videtis
675 3455 909 3526 quotidie
945 3469 1137 3524 pueros
1168 3461 1376 3507 nostros
1402 3453 1708 3524 disciplinas
1738 3470 1868 3524 quas
1893 3471 2045 3512 acce-

460 3559 651 3620 perunt
676 3564 772 3619 per
817 3557 980 3602 totam
1027 3547 1169 3601 diem
1216 3546 1564 3600 meditantes?
1609 3546 1836 3615 Idipsum
1868 3557 1921 3602 et
1946 3564 2044 3604 nos

462 3642 750 3705 faciamus;
778 3639 1012 3708 alioquin
1055 3636 1185 3690 nihil
1215 3636 1368 3690 nobis
1393 3637 1663 3704 supererit
1689 3652 1751 3690 ex
1786 3636 1868 3690 his
1910 3651 2040 3691 con-

459 3733 725 3797 ventibus,
751 3731 794 3786 si
822 3730 966 3784 dolio
996 3737 1210 3797 pertuso
1236 3725 1469 3796 quotidie
1509 3725 1814 3794 hauriantus
1832 3779 1844 3792 ,
1873 3741 2044 3796 neque

408 3807 410 3810 ⁵
461 3838 658 3883 tantam
697 3820 1057 3878 custodienda:
1082 3819 1335 3873 doctrina:
1354 3818 1760 3872 sollicitudinem
1789 3818 2043 3873 adhibea-

469 3930 606 3982 mus,
635 3927 886 3986 quantam
928 3918 1066 3970 circa
1105 3931 1294 3969 aurum
1321 3926 1372 3970 ct
1397 3926 1672 3986 argcnlmn
1717 3917 2048 3972 exhibemus.

473 4009 530 4064 Si
569 4010 688 4080 quis
727 4009 871 4065 enim
912 4009 1164 4064 denarios
1189 4025 1384 4078 paucos
1428 4012 1713 4079 acceperit,
1753 4021 1807 4066 et
1835 4012 1886 4064 in
1930 4027 2053 4066 cru-

469 4118 623 4157 mena
668 4114 879 4173 repontt
901 4111 956 4155 et
996 4103 1171 4168 suillo
1211 4104 1411 4168 munit;
1461 4119 1558 4157 nos
1599 4112 1775 4165 autem
1817 4105 2053 4175 acceptis

465 4195 692 4265 eloquiis
729 4205 784 4250 et
803 4209 936 4248 auro
957 4203 1012 4254 et
1048 4197 1271 4264 gemmis
1311 4197 1734 4264 prctiosioribus,
1763 4200 2053 4269 perceptis-

470 4300 576 4355 que
604 4283 833 4353 Spiritus
860 4283 1030 4338 sancti
1077 4284 1360 4352 thesauris,
1382 4301 1486 4340 non
1509 4302 1573 4340 ea
1603 4288 1866 4342 inanimae
1910 4305 2048 4360 penu

465 4378 824 4442 recondimus,
843 4377 934 4434 sed
959 4378 1288 4448 negligenter
1306 4382 1522 4433 omnino
1543 4379 1765 4434 sinimus
1787 4397 1849 4436 ex
1873 4393 2051 4438 mente

467 4481 645 4528 nostra
669 4471 906 4528 el‘lluere.
933 4473 1062 4540 Quis
1108 4473 1264 4542 igitur
1307 4472 1439 4526 ultra
1470 4474 1638 4526 nostri
1687 4473 2046 4541 miserebitur,

465 4579 586 4620 cum
615 4566 764 4619 nobis
788 4565 914 4634 ipsis
945 4564 1161 4619 insidias
1185 4577 1452 4632 paremus,
1477 4573 1531 4618 et
1552 4565 1601 4617 in
1633 4573 1828 4618 tantam
1858 4576 2051 4634 sponte

466 4657 760 4712 incidamus
793 4659 1198 4726 paupertatem?
1223 4657 1299 4712 Ne
1324 4658 1481 4726 igitur
1501 4657 1551 4711 id
1580 4658 1810 4722 eveniat,
1844 4659 2048 4713 scriba-

467 4765 588 4804 mus
631 4750 784 4802 nobis
833 4750 1103 4803 immotam
1144 4749 1316 4816 legem
1345 4758 1400 4802 et
1430 4747 1684 4802 uxoribus
1713 4759 1763 4802 et
1796 4750 1918 4803 ﬁliis
1948 4765 2046 4804 no-

463 4839 610 4903 stris,
639 4847 695 4890 ut
736 4838 873 4892 hanc
911 4849 1066 4892 unam
1106 4837 1453 4899 hebdomada:
1497 4838 1636 4892 diem
1672 4854 2049 4896 consecremus

461 4946 584 4983 cum
627 4928 901 4983 audienda‘
928 4930 1204 4995 doctrinm,
1227 4938 1335 4983 tum
1376 4929 1686 4998 colligendis
1717 4931 1780 4984 iis
1806 4947 1922 5000 qum
1948 4947 2044 4985 au-

460 5023 567 5077 dita
596 5032 736 5076 sunt.
763 5021 838 5075 Ita
867 5021 1007 5076 enim
1030 5023 1196 5076 multo
1214 5023 1495 5077 dociliores
1514 5021 1580 5075 ad
1608 5037 1668 5076 ea
1686 5038 1804 5092 qua:
1820 5023 2044 5078 dicenda

460 5122 978 5174 stmtoccurremus;
1021 5113 1277 5182 nobisque
1297 5113 1446 5168 labor
1467 5114 1641 5168 minor
1659 5154 1671 5176 ,
1687 5128 1750 5167 ac
1772 5114 1919 5168 vobis
1935 5131 2050 5168 uta-

456 5205 542 5273 jus
564 5205 768 5258 lucrum
790 5205 1024 5266 accedet,
1062 5218 1180 5257 cum
1206 5218 1267 5256 ea
1291 5219 1409 5272 quae
1435 5219 1602 5273 nuper
1621 5203 1760 5257 dicta
1786 5213 1908 5258 sunt
1934 5219 2048 5257 me—

463 5298 626 5349 moria
650 5297 962 5360 retiuenles,
995 5294 1071 5347 sic
1099 5294 1372 5362 sequentia
1397 5295 1641 5349 audietis.
1677 5295 1790 5349 Non
1819 5295 1964 5350 enim
1991 5296 2044 5351 id

462 5401 642 5452 parum
677 5386 882 5440 confert
914 5384 980 5438 ad
1007 5383 1268 5439 dictorum
1312 5384 1709 5455 intelligentiam
1730 5426 1746 5452 ,
1776 5387 1818 5440 si
1849 5387 2042 5442 seriem

461 5477 840 5531 sententiarum
865 5485 1165 5531 nostrarum
1187 5483 1432 5530 accurate
1458 5477 1704 5532 teneatis.
1740 5476 1873 5546 Quia
1899 5477 2040 5533 enim

2189 1006 2324 1050 reat.
2378 999 2667 1053 Ilevoeatis
2715 999 2881 1070 igitur
2927 1000 2982 1053 in
3030 1007 3268 1053 mentem
3311 1001 3379 1054 iis
3422 1017 3543 1070 quae
3593 1017 3767 1070 nuper

2185 1087 2329 1142 dicta
2359 1098 2515 1152 sunt,
2551 1092 2628 1146 sic
2660 1091 2824 1146 hodie
2859 1091 2927 1146 ad
2971 1107 3034 1146 ea
3069 1106 3189 1160 quae
3237 1091 3595 1162 proponenda
3639 1096 3768 1146 sunt

2184 1181 2536 1236 accedamus.

2227 1357 2276 1408 2.
2311 1361 2438 1420 Qua:
2475 1360 2536 1408 sit
2581 1357 2647 1408 ris
2688 1360 2864 1410 horam
2907 1366 3164 1412 uerborum
3229 1359 3400 1433 Isaia,
3427 1365 3543 1419 line
3579 1373 3742 1420 totum

2158 1443 2349 1498 factum
2393 1455 2492 1498 est.
2527 1446 2628 1500 Cur
2648 1447 2838 1515 Joscph
2860 1449 2927 1500 ad
2945 1448 3136 1503 Isaiam
3165 1454 3456 1507 remittitur.
3481 1455 3583 1508 Cur
3599 1456 3767 1524 Chriﬁ

2156 1547 2261 1590 stus
2288 1555 2388 1590 non
2421 1537 2720 1598 Emmamwl
2745 1541 2891 1608 vulgo
2930 1542 3235 1610 appellatus.
3264 1574 3327 1584 —
3356 1545 3609 1611 Qumnam
3651 1549 3748 1618 igt-

2156 1638 2241 1682 tur
2269 1630 2422 1683 nobis
2466 1630 2622 1684 hodie
2663 1632 3004 1700 proponenda
3027 1635 3186 1688 sunt?
3224 1635 3334 1690 Hoc
3375 1647 3543 1691 autem
3582 1636 3745 1697 totum

2153 1725 2344 1790 factum
2369 1733 2440 1776 est
2470 1733 2522 1776 ut
2547 1723 2836 1793 impleretur
2861 1725 2995 1794 quod
3015 1727 3206 1779 dictum
3231 1739 3303 1781 est
3328 1744 3359 1782 a
3389 1727 3612 1783 Domino
3656 1747 3744 1798 per

2152 1817 2446 1885 prophetam
2476 1816 2738 1869 dicentem.
2775 1817 2938 1886 Digna
2966 1818 3221 1872 miraculo
3249 1836 3379 1875 voce
3419 1836 3516 1891 pro
3541 1822 3744 1878 viribus

2153 1907 2396 1961 clamavit
2438 1907 2624 1960 dicens
2659 1927 2671 1962 :
2710 1907 2821 1961 Hoc
2864 1919 3029 1962 autem
3057 1919 3215 1970 totum
3260 1915 3450 1982 factum
3486 1923 3576 1967 est.
3611 1914 3742 1980 Quia

2152 1995 2291 2048 enim
2333 1997 2463 2050 vidit
2486 1997 2698 2066 pelagus
2728 2008 2779 2050 et
2809 1998 3058 2067 abyssum
3093 1999 3434 2069 benignitatis
3470 2003 3586 2069 Dei,
3615 2013 3667 2057 et
3691 2003 3742 2056 id

2151 2087 2291 2154 quod
2311 2102 2596 2155 numquam
2621 2096 2887 2154 speratum
2914 2089 3082 2141 fuerat
3101 2089 3364 2154 evenisse,
3382 2101 3584 2145 natura:
3599 2093 3746 2146 solu-

2155 2188 2232 2231 tas
2255 2179 2418 2248 leges,
2460 2179 2944 2234 reconciliationem
2973 2178 3186 2244 factam,
3216 2190 3266 2235 et
3295 2183 3531 2237 omnium
3559 2201 3745 2254 supre-

2153 2284 2295 2321 mum
2311 2269 2376 2322 ad
2394 2269 2630 2321 omnium
2651 2269 2887 2322 inﬁmum
2901 2268 3265 2334 descendisse,
3285 2271 3516 2326 medium
3533 2289 3742 2328 murum

2153 2359 2436 2423 sublatum,
2469 2369 2523 2414 et
2549 2359 2926 2428 impedimenta
2948 2359 3151 2424 abacta,
3185 2363 3460 2430 multoque
3491 2363 3637 2432 plura
3661 2363 3746 2418 his

2151 2461 2298 2522 gesta
2311 2453 2436 2518 alia,
2457 2466 2562 2505 uno
2575 2452 2739 2506 verbo
2754 2452 3062 2506 miraculum
3081 2451 3370 2507 declaravit
3395 2454 3576 2509 dicens
3598 2473 3612 2509 :
3640 2454 3746 2509 Hoc

2151 2556 2317 2599 autem
2347 2553 2498 2597 totum
2521 2547 2708 2614 factum
2737 2552 2828 2609 est,
2844 2554 2896 2596 ut
2917 2541 3210 2613 impleretur
3247 2543 3380 2614 quod
3401 2546 3587 2599 dictum
3619 2556 3691 2608 est
3714 2563 3746 2600 (ι

2154 2635 2391 2690 Domino.
2410 2633 2486 2688 Ne
2503 2634 2794 2699 existimes,
2811 2632 2998 2701 inquit,
3030 2628 3078 2686 id
3105 2633 3262 2687 modo
3278 2633 3552 2689 decretum
3584 2651 3707 2690 esse
3729 2655 3743 2699 ;

2149 2727 2258 2798 jam
2285 2727 2411 2780 olim
2441 2725 2833 2795 praaﬁguratum
2876 2722 3067 2779 fuerat.
3090 2723 3144 2778 Id
3170 2724 3308 2794 quod
3351 2726 3510 2778 etiam
3552 2725 3747 2782 l’aulus

2152 2819 2350 2889 ubique
2395 2817 2763 2872 demonstrare
2793 2815 3015 2870 studuit.
3057 2816 3172 2870 Jam
3201 2831 3328 2870 vero
3358 2816 3648 2884 Josephum
3681 2818 3746 2872 ad

2157 2909 2346 2965 Isaiam
2393 2910 2638 2978 remittit,
2670 2919 2726 2962 ut
2760 2909 2803 2962 si
2845 2917 3186 2977 experrectus
3231 2907 3511 2964 verborum
3558 2911 3745 2980 ipsius,

2171 3022 2352 3081 utpote
2398 3025 2586 3066 recens
2633 3010 2919 3073 dictorum,
2966 3011 3162 3065 oblitus
3205 3021 3374 3071 esset.
3418 3013 3752 3082 prophetico-

2170 3119 2308 3167 rum,
2338 3120 2390 3157 tn
2417 3117 2642 3173 quorum
2687 3101 3032 3156 meditatione
3060 3104 3289 3157 nutritus
3319 3103 3506 3168 fuerat,
3539 3119 3752 3173 semper

2167 3196 2475 3248 recordatus
2500 3235 2514 3259 ,
2541 3209 2659 3264 quae
2685 3193 2825 3248 dicta
2851 3193 2949 3270 sibi
2981 3203 3133 3248 erant
3164 3195 3436 3250 retineret.
3471 3195 3632 3250 Uxori
3658 3213 3745 3251 au-

2168 3292 2272 3338 tem
2306 3285 2436 3338 nihil
2467 3283 2571 3338 tale
2618 3284 2770 3350 dixit,
2805 3293 2988 3354 utpote
3015 3301 3132 3354 qua:
3173 3286 3341 3354 puella
3363 3285 3534 3340 adhuc
3561 3289 3742 3341 horum

2168 3376 2405 3430 notitiam
2451 3392 2554 3430 non
2592 3375 2816 3431 haberet
2846 3395 2858 3429 :
2891 3358 3001 3431 viro
3027 3387 3204 3432 autem
3253 3387 3436 3447 utpote
3467 3381 3632 3448 justo,
3661 3381 3748 3450 qui

2165 3467 2450 3538 prophetas
2485 3467 2850 3528 meditaretur,
2871 3468 2994 3522 hinc
3016 3469 3283 3522 edisserit.
3303 3469 3368 3522 lit
3390 3470 3613 3524 antehac
3634 3471 3752 3540 qui-

2162 3559 2281 3612 dem
2307 3559 2510 3613 dixerat
2545 3577 2558 3612 :
2590 3559 2808 3612 Mariam
2831 3561 3093 3630 coujugem
3125 3571 3304 3614 tuam:
3332 3560 3414 3616 hic
3446 3577 3572 3614 vero
3601 3571 3747 3628 post-

2161 3665 2318 3718 quam
2365 3650 2676 3720 prophetam
2723 3650 2939 3704 adduxit
2968 3651 3016 3704 in
3049 3651 3304 3715 medium,
3353 3668 3491 3706 nunc
3531 3653 3744 3707 demum

2163 3756 2353 3795 nomen
2404 3743 2715 3811 virginitatis
2765 3743 2838 3796 illi
2890 3743 3115 3797 credidit
3151 3752 3204 3797 et
3244 3744 3524 3815 patefecit;
3577 3760 3745 3813 neque

2160 3831 2302 3884 enim
2331 3839 2436 3884 tam
2489 3832 2873 3901 imperturbato
2899 3835 3077 3886 animo
3109 3833 3313 3897 fuisset,
3343 3834 3526 3888 audito
3569 3835 3744 3903 Virgi-

2159 3921 2241 3976 nis
2285 3924 2520 3988 nomine,
2558 3923 2658 3976 nisi
2709 3925 2853 3992 prius
2889 3925 2938 3977 id
2969 3925 3036 3978 ab
3076 3925 3206 3979 Isaia
3252 3926 3560 3981 audivisset.
3603 3927 3744 3981 Nihil

2157 4012 2297 4066 enim
2343 4014 2685 4081 stupendum,
2718 4014 2813 4068 sed
2853 4031 2963 4068 rem
2998 4015 3095 4069 sibi
3148 4015 3262 4069 htec
3291 4017 3459 4069 multo
3504 4025 3744 4087 tempore

2156 4103 2432 4158 meditanti
2462 4103 2776 4158 familiarem
2805 4104 3080 4159 auditurus
3105 4113 3222 4159 erat
3249 4121 3276 4159 a
3305 4105 3582 4175 propheta.
3619 4108 3743 4164 Ideo

2153 4194 2372 4264 angelus
2417 4203 2474 4248 ut
2517 4211 2627 4249 rem
2675 4195 2984 4250 credibilem
3029 4195 3308 4261 redderet,
3340 4197 3523 4251 Isaiam
3556 4199 3605 4251 in
3633 4215 3716 4252 mc

2152 4284 2296 4339 dium
2355 4283 2590 4340 adducit.
2640 4285 2821 4356 Neque
2876 4287 2959 4340 hic
3016 4280 3238 4358 gradum
3290 4289 3466 4353 sistit,
3520 4291 3612 4345 sed
3673 4307 3731 4348 ao

2154 4374 2319 4428 Deum
2347 4375 2459 4430 haec
2483 4375 2784 4445 loquentem
2803 4377 2957 4447 erigit
2982 4394 3138 4442 eum;
3173 4393 3277 4432 non
3309 4380 3448 4434 enim
3469 4381 3728 4450 propheta

2157 4468 2316 4521 verba
2360 4481 2479 4521 esse
2527 4468 2700 4534 dixit,
2746 4469 2837 4522 sed
2878 4485 2905 4523 a
2937 4470 3045 4523 Deo
3089 4471 3455 4524 universorum
3511 4473 3733 4540 prolata.

2151 4555 2274 4613 Ideo
2319 4574 2425 4612 non
2465 4559 2619 4624 dixit,
2668 4568 2724 4613 ut
2755 4560 3068 4630 impleretur
3116 4561 3258 4631 quod
3299 4562 3497 4616 dictum
3540 4572 3622 4618 est
3669 4567 3711 4617 a'

2149 4646 2317 4712 Isaia;
2360 4647 2489 4714 sed,
2547 4649 2694 4715 Quod
2735 4649 2922 4702 dictum
2961 4659 3032 4703 est
3075 4667 3106 4702 a
3143 4649 3359 4703 Domino
3376 4669 3398 4706 .'
3429 4666 3490 4705 os
3541 4654 3704 4722 quipp

2148 4749 2261 4794 erat
2288 4739 2436 4794 Isaia:
2459 4782 2474 4807 ,
2503 4741 2777 4794 oraculum
2815 4758 2940 4795 vero
2968 4757 2998 4795 e
3028 4743 3271 4810 supernis
3315 4744 3568 4800 delatum.
3598 4748 3716 4813 Qlllt

2145 4841 2324 4886 autem
2354 4833 2426 4886 ait
2451 4831 2552 4886 hoc
2575 4833 2845 4886 oraculum
2872 4849 2885 4886 :
2911 4830 3043 4885 Ecce
3076 4831 3228 4903 Virgo
3257 4835 3308 4888 in
3336 4847 3474 4891 utero
3501 4839 3694 4894 habebit
3715 4883 3726 4904 ,

2145 4933 2190 4976 et
2212 4925 2373 4993 pariet
2417 4925 2614 4991 lilium,
2662 4934 2704 4977 et
2745 4923 2986 4976 vocabunt
3025 4941 3205 4978 nomen
3250 4927 3360 4996 ejus
3405 4928 3722 4986 Emmanuel.

2145 5013 2296 5084 (lsai.
2327 5016 2376 5067 7.
2406 5013 2519 5084 14).
2542 5014 2647 5068 Cur
2664 5029 2812 5084 ergo,
2841 5013 3127 5080 dices,non
3154 5027 3373 5073 vocatus
3397 5029 3478 5074 est
3517 5020 3718 5076 Emma-

2145 5108 2287 5170 nuel,
2314 5105 2407 5160 sed
2449 5104 2604 5159 Jesus
2645 5105 2930 5160 Christus?
2973 5106 3103 5173 Quia
3138 5123 3244 5164 non
3292 5108 3451 5175 dixit,
3477 5110 3725 5178 Vocahis,

2146 5199 2260 5264 sed,
2293 5197 2576 5266 Vocabunt,
2609 5216 2799 5270 nempe
2849 5201 3047 5270 populi,
3073 5210 3126 5256 et
3165 5203 3278 5271 ipse
3319 5217 3496 5256 rerum
3531 5204 3724 5258 exitus.

2148 5290 2238 5344 llic
2263 5290 2336 5344 rei
2363 5306 2481 5360 qua:
2516 5291 2736 5360 contigit
2778 5305 2970 5346 nomen
2999 5293 3257 5362 imponit:
3291 5302 3345 5347 et
3375 5293 3461 5346 hic
3489 5302 3570 5346 est
3609 5311 3728 5349 mos

2144 5381 2454 5450 Scriptum,
2488 5396 2576 5436 res
2599 5397 2719 5452 qua:
2768 5383 3079 5452 contingunt
3108 5399 3202 5452 pro
3242 5383 3457 5436 nomine
3501 5399 3722 5451 ponere.

2143 5471 2280 5528 Niltil
2307 5473 2450 5541 enim
2477 5471 2620 5528 aliud
2641 5483 2726 5530 est
2754 5472 3172 5543 illud,Vocabunt
3202 5471 3520 5542 Emmanuel,
3541 5489 3721 5545 quam.
