4060 6156
365 215 435 269 57

363 325 632 382 Videbunt
673 329 839 382 Deum
869 341 989 381 cum
1036 328 1368 394 hominibus;
1411 346 1529 383 nam
1569 345 1782 400 semper
1820 347 1941 385 cum

363 419 668 474 hominibus
691 417 820 482 fuit,
847 417 942 472 sed
971 435 1257 488 numquam
1287 421 1359 474 ita
1386 420 1686 476 manifeste.
1716 423 1865 491 Quod
1895 423 1940 478 si

361 509 695 578 impudenter
741 509 1003 564 obsistant
1042 510 1212 565 Judaei
1237 551 1253 578 ,
1301 513 1744 583 interrogabimus
1786 529 1881 570 eos
1922 531 1940 568 :

351 608 700 675 Quandonam
740 621 956 667 vocatus
991 622 1072 669 est
1094 627 1243 682 puer,
1277 613 1388 668 Cito
1417 614 1666 684 praedare,
1697 614 1932 671 uelociter

348 700 512 766 spolia
527 701 713 764 aufer?
745 701 848 756 Sed
877 702 1006 756 nihil
1029 702 1353 772 respondere
1376 711 1641 772 poterunt.
1664 706 1773 762 Cur
1801 721 1932 776 ergo

348 791 609 857 propheta
637 791 768 846 dixit
793 810 804 845 :
851 793 982 846 Voca
1011 810 1187 848 nomen
1215 797 1355 862 ejus,
1383 793 1493 849 Cito
1519 797 1748 867 prwdare
1773 795 1926 868 (Isai.

347 878 400 933 8.
432 881 516 947 5)?
556 881 816 948 Quoniam
859 883 974 954 ipso
1021 893 1147 938 nato
1184 883 1522 952 depopulatio
1559 895 1611 942 et
1635 887 1924 957 spoliorqu

345 971 572 1041 direptio
599 973 734 1028 facta
759 982 842 1028 est
873 993 884 1027 :
915 975 1136 1045 ideoque
1165 991 1276 1032 rem
1303 993 1420 1043 qua!
1449 980 1588 1032 circa
1613 979 1782 1048 ipsum
1801 993 1928 1035 con-

345 1062 480 1131 tigit,
505 1063 654 1132 quasi
687 1078 878 1119 nomen
903 1063 1004 1133 ipsi
1035 1066 1276 1135 imponit.
1299 1066 1364 1120 Et
1389 1069 1583 1132 civitas,
1622 1069 1808 1140 inquit,
1840 1086 1923 1124 vo-

343 1153 539 1206 cabitur
583 1157 757 1209 civitas
792 1157 1028 1225 justitiae,
1070 1159 1363 1226 metropolis
1406 1161 1571 1228 ﬁdelis
1613 1160 1740 1216 Sion
1766 1160 1920 1228 (Isai.

343 1244 396 1296 1.
420 1244 515 1312 26)
545 1263 557 1297 :
586 1254 642 1298 et
663 1260 920 1314 nusquam
970 1247 1266 1302 invenimus
1308 1249 1450 1303 illam
1494 1249 1655 1306 fuisse
1687 1262 1922 1307 vocatam

335 1331 595 1401 justitiam
627 1336 665 1400 ³,
696 1336 788 1390 sed
834 1353 1026 1392 nomen
1057 1338 1158 1407 ipsi
1193 1340 1388 1393 mansit
1419 1340 1788 1412 Jerosolyma;
1827 1360 1918 1399 ve-

337 1439 456 1478 rum
495 1426 616 1494 quia
651 1427 764 1496 ipsa
794 1429 846 1481 in
868 1429 1060 1482 melius
1083 1440 1405 1484 commutata
1435 1431 1534 1486 hoc
1578 1433 1676 1501 ipsi
1707 1434 1918 1499 accidit,

337 1517 460 1571 ideo
484 1519 652 1587 ipsam
676 1521 745 1572 ita
778 1520 955 1574 vocari
982 1520 1135 1575 dixit.
1169 1520 1268 1576 Ubi
1295 1521 1436 1576 enim
1467 1524 1725 1592 contingit
1751 1524 1921 1593 quod-

335 1610 457 1664 dam
494 1610 808 1679 prieelarum
853 1610 1079 1677 facinus,
1129 1611 1269 1682 quod
1312 1613 1506 1667 clarius
1549 1630 1704 1683 quam
1746 1616 1918 1684 ipsum

334 1700 608 1768 proprimn
639 1716 832 1754 nomen
861 1700 1058 1755 indicat
1095 1712 1365 1755 auctorem
1396 1702 1531 1769 ejus,
1560 1714 1654 1758 aut
1680 1719 1798 1758 eum
1827 1705 1918 1774 qui

332 1792 450 1862 ejus
478 1791 699 1846 fructum
725 1795 978 1862 percepit,
1003 1809 1199 1850 nomen
1217 1795 1332 1865 ejus
1352 1796 1621 1864 Scriptura
1648 1797 1772 1854 dicit
1796 1812 1918 1853 esse

331 1885 408 1938 rei
431 1883 728 1939 veritatem.
761 1884 912 1950 Quod
938 1885 981 1938 si
1014 1885 1139 1940 hinc
1177 1887 1428 1940 conl'utati
1467 1887 1607 1942 aliud
1651 1899 1913 1956 quaerant,

330 1988 522 2041 nempe
551 1975 616 2027 de
643 1974 943 2045 virginitate
972 1975 1194 2041 dictum,
1225 1984 1279 2032 et
1307 1976 1559 2045 objiciant
1583 1978 1736 2033 nobis
1779 1979 1914 2033 alios

328 2064 666 2133 interpretes,
696 2065 973 2120 dicentes:
1001 2065 1065 2119 lli
1095 2081 1201 2120 non
1231 2065 1479 2122 dixerunt
1504 2068 1793 2138 Virginem.
1816 2069 1912 2126 sed

328 2157 554 2225 puellam
586 2157 681 2225 ('a):
711 2157 878 2226 primo
919 2157 1136 2226 quidem
1173 2157 1302 2212 illud
1334 2158 1574 2214 dicemus
1595 2201 1611 2222 ,
1637 2161 1758 2229 jure
1779 2161 1906 2231 Sep-

327 2250 563 2319 tuaginta
593 2250 911 2319 interpretes
930 2249 1046 2304 aliis
1067 2249 1170 2305 fide
1197 2249 1462 2319 digniores
1483 2252 1685 2306 haberi.
1704 2251 1836 2307 Nam
1857 2254 1909 2310 hi

326 2341 583 2411 postremi
606 2348 727 2409 post
751 2340 953 2394 Christi
977 2330 1264 2396 adventum
1287 2342 1612 2410 interpretati
1651 2353 1793 2408 sunt,
1814 2344 1909 2399 Ju-

322 2432 528 2502 daeiqne
570 2439 920 2496 manserunt,
952 2431 1092 2487 unde
1121 2431 1173 2486 in
1201 2432 1555 2500 suspicionem
1586 2433 1798 2497 cadant,
1821 2443 1905 2489 ut-

324 2532 448 2592 pote
485 2521 576 2592 qui
602 2537 666 2576 cx
696 2522 968 2592 inimicitia
994 2522 1071 2575 sic
1100 2521 1275 2590 potius
1297 2521 1549 2588 dixerint,
1581 2537 1642 2576 ac
1671 2523 1904 2593 pr0phe-

323 2615 423 2667 tias
463 2613 531 2667 de
561 2611 818 2667 industria
848 2613 1076 2667 obscure
1119 2613 1480 2668 converterint
1513 2629 1525 2667 :
1558 2613 1902 2685 Septuaginta

320 2719 451 2759 vero
480 2705 569 2774 qui
607 2712 821 2758 centum
847 2711 938 2758 aut
966 2703 1208 2774 pluribus
1236 2703 1391 2758 annis
1419 2714 1542 2759 ante
1565 2703 1765 2760 Christi
1801 2707 1901 2763 ad-

320 2805 539 2853 ventum
564 2798 688 2852 huic
736 2797 813 2852 rei
863 2805 943 2850 tot
986 2811 1210 2852 numero
1252 2812 1468 2851 manum
1516 2796 1900 2867 admoverunt,

319 2890 386 2944 ab
413 2889 556 2943 omni
582 2887 883 2958 lmjnsmodi
915 2887 1217 2954 suSpicione
1239 2886 1391 2942 liberi
1418 2895 1541 2942 sunt
1559 2929 1576 2955 ,
1606 2902 1669 2941 ac
1696 2895 1805 2942 tum
1830 2888 1904 2943 ob

318 2991 523 3045 tempus
577 2990 686 3032 tum
714 2979 784 3032 ob
813 2979 1232 3044 multitudinem,
1280 2989 1392 3035 tum
1413 2980 1482 3036 ob
1504 2991 1738 3036 mutuum
1758 2997 1890 3036 con-

315 3082 530 3123 sensum
561 3071 663 3127 fide
689 3071 833 3134 digni
857 3071 1080 3127 habendi
1109 3081 1252 3126 sunt.

387 3246 441 3300 5.
483 3245 575 3300 Sin
605 3255 782 3301 autem
813 3247 1165 3302 recentiorum
1197 3249 1556 3304 testimonium
1597 3248 1887 3317 proferant,

313 3336 472 3392 etiam
501 3337 600 3392 hoc
630 3337 788 3393 modo
810 3339 1027 3393 victoria
1059 3353 1220 3408 penes
1249 3354 1346 3394 nos
1371 3340 1474 3395 erit
1503 3357 1518 3392 :
1551 3354 1670 3393 nam
1700 3339 1891 3408 puellae

312 3430 526 3485 nomine
563 3431 698 3486 solet
737 3429 1007 3502 Scriptura
1047 3431 1303 3500 virginem
1349 3447 1568 3496 vocare;
1601 3431 1756 3502 idque
1783 3445 1888 3485 non

309 3521 378 3576 de
412 3524 724 3578 mulieribus
761 3533 996 3590 tantum,
1032 3524 1125 3578 sed
1155 3525 1316 3578 etiam
1364 3523 1431 3579 de
1479 3524 1606 3576 viris
1649 3523 1843 3578 dicitur
1873 3539 1888 3576 :

311 3627 434 3666 nam
478 3613 582 3677 ait,
632 3611 850 3666 Iuvenes
892 3622 938 3666 et
961 3613 1207 3683 virgines,
1253 3629 1393 3666 senes
1439 3629 1555 3666 cum
1602 3611 1892 3683 junioribus

312 3700 495 3770 (Psal.
531 3701 653 3756 MS.
701 3701 769 3754 i2
788 3701 826 3770 ).
859 3703 932 3755 Ac
959 3717 1168 3755 rursum
1197 3701 1264 3755 de
1293 3702 1459 3770 puella
1493 3701 1716 3770 loquens
1739 3700 1893 3768 cujus

311 3791 585 3861 virginitas
607 3792 878 3860 impetitur
901 3793 1028 3846 dicit
1059 3811 1072 3845 :
1105 3792 1166 3848 Si
1195 3793 1482 3846 clamaverit
1511 3792 1682 3856 puella
1715 3793 1889 3863 (Deut.

305 3881 399 3936 22.
456 3883 596 3952 27),
647 3883 697 3936 id
733 3876 812 3937 est
835 3923 850 3947 ,
894 3885 1075 3954 virgo.
1112 3884 1160 3939 id
1191 3900 1316 3937 vero
1345 3885 1694 3939 confirmatur
1730 3900 1798 3939 ex
1828 3884 1893 3938 iis

307 3987 427 4040 qua:
463 3987 620 4041 supra
652 3973 789 4027 dicta
829 3983 975 4026 sunt.
1007 3973 1186 4044 Neque
1211 3975 1354 4029 enim
1387 3974 1699 4044 simpliciter
1717 3973 1851 4028 dixit
1873 4013 1890 4038 ,

306 4061 442 4119 Ecce
477 4067 615 4136 virgo
660 4066 712 4118 in
757 4075 894 4120 utero
938 4067 1172 4132 habebit;
1201 4067 1295 4121 sed
1325 4081 1444 4121 eum
1469 4076 1592 4122 ante
1630 4067 1886 4133 dixisSet,

305 4154 438 4209 Ecce
465 4157 602 4210 dabit
630 4156 876 4211 Dominus
911 4159 1018 4226 ipse
1042 4158 1178 4211 vobis
1203 4158 1434 4227 signum,
1469 4166 1594 4212 tunc
1623 4157 1884 4226 subjecit,

305 4243 438 4300 Ecce
457 4247 595 4316 virgo
629 4248 680 4298 in
708 4255 846 4300 utero
877 4247 1072 4300 habebit
1112 4245 1280 4316 (Isai.
1324 4247 1378 4302 8.
1418 4248 1543 4311 Η).
1591 4248 1748 4318 Atqui
1788 4247 1888 4302 nisi

305 4336 453 4406 virgo
477 4335 659 4389 fuisset
685 4336 769 4389 illi
801 4352 919 4404 qu:e
949 4338 1180 4404 paritura
1215 4349 1331 4390 erat
1350 4379 1364 4403 ,
1397 4346 1453 4391 et
1477 4337 1519 4390 si
1542 4353 1607 4391 ex
1634 4338 1886 4392 connubii

308 4426 424 4495 lege
465 4426 513 4479 id
552 4425 785 4479 futurum
827 4436 938 4479 erat
963 4467 978 4491 ,
1022 4427 1163 4496 quod
1199 4427 1409 4481 tandem
1441 4427 1490 4481 id
1523 4429 1730 4492 signum
1761 4429 1890 4484 fuis-

305 4519 423 4571 set?
453 4517 672 4587 Signum
708 4518 848 4571 enim
883 4533 1058 4570 rerum
1088 4533 1425 4571 eonnuuuem
1457 4518 1698 4572 ordinem
1729 4518 1890 4574 debet

304 4607 566 4661 excedere
586 4647 600 4670 ,
629 4616 788 4676 atque
825 4607 1044 4660 omnino
1085 4609 1500 4675 inexspectatum
1540 4618 1593 4662 et
1621 4609 1889 4664 insolitqu

305 4712 457 4759 esse;
481 4697 710 4764 alioquin
740 4697 1009 4766 quomodo
1047 4699 1252 4766 signum
1275 4701 1455 4753 esset!
1479 4699 1568 4754 24.
1604 4699 1892 4770 Exsurgens

308 4797 476 4838 autem
500 4783 691 4854 Joseph
719 4803 748 4839 a
770 4803 972 4854 somno,
1012 4789 1129 4859 fecit
1155 4790 1280 4842 sicut
1315 4793 1550 4860 prwcepit
1587 4792 1636 4844 ei
1683 4792 1892 4862 angelus

315 4877 540 4931 Domini.
559 4876 800 4932 \‘idistin’
824 4878 1222 4949 obsequentiam
1249 4891 1300 4935 et
1337 4883 1570 4935 animum
1614 4883 1890 4952 obtempe-

311 4968 558 5023 rantem?
589 4968 816 5023 vidistin‘
847 4970 1077 5026 animam
1115 4972 1349 5042 vigilem,
1381 4983 1436 5028 et
1459 4974 1590 5028 nulli
1631 4989 1891 5044 persona—

367 5221 381 5251 ι
419 5217 510 5267 Alii
537 5230 630 5266 non
651 5217 797 5276 male,
812 5218 1034 5277 justitiw.

363 5282 434 5341 (ιι)
470 5283 561 5349 Qui
591 5294 708 5349 vero
733 5289 989 5349 verterunt
1026 5280 1255 5349 puellam,
1300 5291 1412 5349 sunt
1444 5285 1637 5349 Aquila,
1671 5293 1881 5349 Symma-

301 5343 492 5406 rhuset
514 5343 796 5406 'l'itcodotio,
815 5350 870 5390 ut
895 5343 1062 5392 videas
1086 5344 1132 5392 in
1157 5347 1384 5406 chaplis
1407 5343 1582 5396 nostris
1607 5343 1715 5395 lsaiI
1735 5348 1780 5405 7,
1806 5349 1881 5395 14.

301 5412 393 5452 ttae
413 5405 476 5452 de
500 5417 557 5453 re
590 5405 1077 5471 vide_ltioronymum
1097 5420 1145 5455 In
1173 5405 1361 5467 Isaiam,
1397 5409 1478 5470 qui
1518 5411 1689 5471 prohat
1713 5422 1880 5458 vocem

301 5488 594 5547 uebraicam,
620 5465 782 5547 Πάν)
801 5531 814 5545 ,
857 5465 950 5537 non
974 5489 1134 5554 uredo,
1158 5465 1602 5553 mgnum-sedet,
1620 5489 1876 5542 abscmidi-

298 5569 396 5613 tam
420 5555 666 5621 cirgirwm,
691 5559 984 5622 signiﬁcare.

1058 231 1116 289 S.
1155 231 1433 290 JOANNIS
1467 230 1934 290 CHRYSOSTOMI
1976 233 2287 290 ARCHIEP.
2328 235 2858 292 CONSTANTINOP.

3539 243 3612 298 58

2036 332 2466 399 rumacceptioni
2513 336 2842 393 obnoxiam?
2876 341 3058 413 Neque
3100 359 3240 399 enuu
3291 366 3436 406 curuo
3463 355 3612 412 triste

2031 416 2298 486 quidpiam
2325 429 2380 475 et
2400 431 2552 492 turpe
2573 429 2962 499 suspicabatur.
2989 435 3134 490 illam
3165 441 3303 508 apud
3331 457 3390 496 se
3415 448 3613 501 retine-

2027 523 2088 562 re
2117 510 2303 578 voluit,
2337 528 2509 584 neque
2535 529 2708 573 amota
2735 523 3035 590 suspicione
3055 565 3068 587 ,
3094 526 3236 581 illam
3267 531 3401 584 ultra
3427 532 3611 590 dimit-

2028 609 2140 657 tere
2167 605 2448 670 sustinuit;
2477 607 2584 663 imo
2611 625 2740 664 vero
2772 614 2911 667 illam
2940 618 3190 684 retinuit;
3217 636 3280 676 ac
3309 624 3470 678 totius
3497 625 3612 683 dis-

2028 694 2352 758 pensationis
2390 698 2631 754 minister
2667 699 2885 757 eﬂ‘ectus
2913 715 3014 761 est.
3048 707 3114 760 Et
3140 715 3365 780 accepit,
3395 715 3564 786 inquit
3593 759 3610 786 ,

2033 779 2251 835 Mariam
2277 787 2542 856 conjugem
2571 805 2737 844 suam.
2782 792 2970 848 Viden’
2994 813 3151 866 quam
3183 779 3488 872 frequenter
3513 779 3614 863 hoc

2027 886 2231 927 nomen
2284 875 2526 943 proferat
2582 881 2938 951 evangelista,
2993 886 3140 954 quod
3196 891 3334 944 nolit
3386 894 3610 951 interim

2028 965 2347 1035 mysterium
2404 968 2538 1024 illud
2603 972 2891 1042 revelare,
2943 974 3073 1030 dum
3133 980 3334 1036 malam
3390 996 3618 1048 amovet

2027 1058 2398 1128 suspicionem
2417 1061 2442 1115 ?

2091 1219 2260 1276 Maria
2294 1235 2405 1292 post
2443 1239 2644 1296 partum
2673 1233 2812 1303 virgo
2839 1238 3043 1292 mansit.
3077 1270 3146 1281 —
3164 1241 3254 1297 25.
3289 1243 3414 1299 Cum
3437 1260 3604 1303 autem

2015 1313 2285 1381 accepisset
2333 1333 2478 1378 eam,
2525 1336 2626 1373 non
2671 1326 2906 1392 cognovit
2961 1327 3107 1382 illam
3127 1372 3142 1397 ,
3200 1334 3360 1388 donec
3411 1342 3608 1408 peperit

2015 1400 2178 1469 ﬁlium
2215 1419 2362 1456 suum
2407 1408 2833 1478 primogenitum;
2875 1415 3000 1470 illud
3042 1417 3210 1474 Donec
3255 1422 3339 1478 hic
3378 1400 3553 1494 posuit
3578 1471 3594 1494 ,

2015 1509 2120 1547 non
2147 1500 2527 1565 utsuspieeris,
2560 1501 2700 1557 illam
2730 1517 2912 1576 postea
2942 1515 3258 1578 cognovisse
3278 1516 3591 1589 Jo.=cphum,

2011 1584 2104 1637 sed
2155 1595 2209 1639 ut
2259 1587 2396 1642 scias
2444 1589 2710 1661 Virginem
2765 1612 2933 1664 usque
2975 1600 3042 1653 ad
3088 1595 3291 1669 partum
3337 1584 3588 1663 intactam

2014 1673 2192 1729 fuisse.
2224 1676 2331 1731 Cur
2371 1679 2548 1750 itaque
2577 1684 2676 1746 ait,
2711 1686 2880 1740 Donec
2909 1693 3144 1758 peperit?
3185 1694 3281 1748 llic
3339 1713 3455 1753 mos
3504 1700 3588 1752 lo-

2009 1767 2207 1833 quendi
2234 1768 2285 1822 in
2312 1769 2586 1840 Scriptura
2628 1791 2770 1845 saepe
2795 1779 3140 1848 observatur;
3169 1787 3236 1840 ita
3260 1798 3319 1843 ut
3345 1788 3461 1845 inec
3491 1808 3588 1848 vox

2009 1870 2114 1908 non
2159 1872 2254 1926 pro
2292 1860 2511 1917 definito
2535 1866 2764 1933 quodam
2793 1879 3032 1940 tempore
3074 1887 3322 1946 ponatur.
3353 1880 3482 1936 Nam
3527 1883 3598 1940 de

2007 1961 2130 2000 arca
2180 1949 2402 2020 loquens
2449 1955 2523 2008 ait
2566 1974 2580 2010 :
2623 1957 2744 2012 Non
2781 1977 3008 2019 reversus
3063 1977 3140 2020 est
3176 1985 3390 2038 corvus,

2009 2039 2281 2096 siccantur
2327 2053 2460 2099 terra
2499 2047 2668 2115 (Gen.
2710 2052 2763 2105 8.
2811 2054 2914 2125 7),
2967 2059 3067 2111 etsi
3115 2071 3297 2128 postea
3354 2082 3598 2123 reversus

2010 2145 2116 2182 non
2138 2131 2226 2185 sit.
2260 2132 2338 2188 De
2365 2135 2481 2203 ipso
2507 2138 2665 2192 etiam
2697 2141 2806 2196 Deo
2835 2145 2912 2199 sic
2940 2145 3174 2216 loquitur
3205 2169 3219 2205 :
3259 2152 3300 2205 Α
3332 2158 3515 2211 “ecula
3542 2169 3590 2212 et

2008 2236 2163 2288 usque
2204 2223 2256 2274 in
2281 2227 2519 2280 circulum
2549 2238 2602 2282 tu
2627 2247 2679 2283 es
2705 2231 2884 2302 (Psal.
2915 2237 3002 2291 89.
3031 2239 3133 2307 2);
3164 2243 3334 2297 nullos
3363 2245 3450 2302 hic
3486 2257 3598 2303 ter-

2010 2311 2185 2366 minos
2225 2329 2463 2383 ponens;
2509 2334 2799 2391 rursusque
2850 2330 3260 2396 prmnuntians:
3305 2334 3507 2391 Orietur
3536 2341 3588 2392 in

2009 2401 2181 2455 diebus
2219 2404 2327 2472 ejus
2360 2406 2567 2473 justitia
2602 2420 2648 2463 et
2692 2411 3002 2468 abundantia
3031 2420 3204 2487 pacis,
3237 2422 3398 2479 donec
3447 2433 3593 2499 aufe-

2007 2502 2151 2585 ratur
2175 2493 2298 2547 luna
2333 2494 2520 2564 (Psal.
2549 2500 2637 2554 7i.
2663 2501 2766 2573 7);
2798 2505 2998 2560 nullum
3042 2511 3324 2567 terminum
3370 2493 3592 2585 pulchro

2009 2583 2129 2638 huic
2158 2585 2425 2640 elemento
2449 2592 2650 2644 statuit.
2685 2592 2756 2647 Ita
2786 2603 2838 2648 et
2868 2593 2970 2649 hoc
2999 2597 3144 2662 loco,
3179 2583 3385 2669 Donec,
3412 2606 3578 2673 dixit,

2009 2683 2061 2726 ut
2086 2691 2205 2742 qum
2231 2685 2439 2745 partum
2466 2683 2852 2738 antecedebant
2880 2686 3143 2754 ﬁrmaret,
3165 2703 3214 2744 ct
3246 2709 3364 2764 qum
3393 2711 3588 2768 seque-

2010 2775 2200 2824 bantur
2238 2769 2332 2823 tibi
2374 2773 2757 2828 consideranda
2799 2777 3139 2848 relinqueret.
3170 2783 3321 2848 Quod
3353 2787 3492 2841 enim
3523 2790 3590 2843 ah

2001 2883 2064 2916 eo
2099 2865 2193 2920 tibi
2236 2865 2550 2924 discendum
2581 2881 2729 2939 erat,
2761 2873 2864 2930 hoc
2891 2876 3059 2943 dixit,
3097 2895 3288 2954 nempe
3314 2883 3583 2954 Virginem

2001 2971 2164 3025 asque
2193 2958 2259 3012 ad
2291 2969 2500 3029 partum
2533 2962 2781 3018 intactam
2811 2968 3071 3024 mansisse
3100 2987 3113 3026 :
3143 2974 3284 3041 quod
3316 2989 3490 3032 autem
3518 2996 3584 3036 ex

1997 3046 2152 3100 dictis
2174 3051 2426 3120 consequi
2451 3051 2581 3108 etin
2610 3053 2850 3109 confesso
2879 3070 2998 3112 esse
3027 3060 3321 3129 videbatur,
3343 3066 3445 3122 hoc
3477 3069 3570 3126 tibi

1997 3137 2397 3208 intelligendum
2439 3142 2670 3212 reliquit.
2714 3144 2918 3214 Nempe
2948 3149 3116 3204 virum
3160 3153 3304 3208 illum
3337 3157 3576 3225 justum,

1993 3245 2109 3282 eam
2141 3246 2260 3300 qua:
2303 3233 2380 3288 sic
2409 3243 2578 3289 mater
2605 3235 2790 3290 elTecta
2811 3279 2826 3303 ,
2871 3253 2933 3293 ac
2976 3249 3081 3294 tam
3115 3259 3251 3299 novo
3277 3255 3331 3301 et
3367 3249 3580 3307 insolito

1999 3323 2280 3392 puerperio
2310 3323 2519 3394 dignata
2547 3328 2716 3381 fuerat
2735 3369 2748 3389 ,
2779 3337 2995 3399 tangere
3037 3350 3139 3388 non
3165 3351 3349 3392 ausum
3393 3340 3575 3395 fuisse.

1995 3413 2125 3467 Nam
2156 3413 2200 3468 si
2242 3417 2583 3484 cognovisset
2630 3433 2747 3472 eam
2794 3429 2848 3474 et
2893 3423 3072 3478 uxoris
3110 3424 3228 3481 loco
3268 3427 3573 3495 habuisset,

1984 3504 2258 3572 quomodo
2285 3506 2428 3560 illam
2468 3509 2616 3577 quasi
2658 3510 2862 3565 nullum
2904 3511 3184 3570 habentem
3215 3519 3382 3574 virum
3417 3521 3576 3577 disci-

1993 3597 2114 3662 pulo
2163 3597 2631 3663 commendasset,
2677 3601 2870 3670 jubens
2914 3619 3031 3658 eam
3063 3606 3114 3660 in
3153 3621 3245 3660 sua
3282 3611 3573 3678 accipere?

1988 3688 2102 3754 Quo
2132 3698 2284 3756 pacto
2314 3705 2462 3761 ergo,
2495 3690 2701 3761 inquies
2721 3735 2734 3757 ,
2763 3693 2992 3751 Jacohus
3017 3708 3068 3752 et
3090 3699 3212 3765 alii,
3243 3701 3359 3770 ejus
3386 3702 3573 3759 fratres

1987 3778 2360 3847 appellantur?
2406 3782 2859 3848 Quemadmodum
2909 3794 2964 3840 et
3005 3787 3200 3858 Joseph
3259 3791 3343 3844 vir
3393 3791 3572 3849 Mariae

1987 3883 2104 3922 esse
2135 3871 2555 3926 existimabatur.
2600 3873 2759 3929 Multa
2798 3876 2940 3930 enim
2977 3888 3131 3932 erant
3159 3881 3326 3948 posita
3355 3883 3571 3939 velami-

1988 3955 2053 4012 na
2073 3999 2086 4023 ,
2119 3969 2176 4012 ut
2203 3960 2502 4030 hujusmodi
2531 3974 2714 4032 partus
2739 3967 3096 4024 occultaretur
3123 3988 3135 4023 :
3169 3970 3396 4042 ideoque
3413 3974 3572 4030 Joan-

1987 4067 2079 4106 nes
2109 4053 2226 4106 illos
2256 4055 2333 4108 sic
2361 4055 2583 4110 vocabat
2628 4057 2711 4112 his
2757 4059 2931 4114 verbis
2954 4101 2969 4125 ,
3028 4061 3203 4132 Neque
3229 4065 3360 4117 enim
3388 4069 3573 4136 fratres

1986 4143 2097 4211 ejus
2128 4143 2391 4197 credebant
2443 4145 2494 4198 in
2544 4163 2658 4200 eum
2711 4148 2905 4218 (Joan.
2949 4151 3000 4204 7.
3065 4153 3166 4218 5).
3217 4154 3466 4211 Attamen
3507 4158 3565 4224 ii,

1985 4233 2070 4301 qui
2123 4234 2267 4302 prius
2312 4252 2416 4289 non
2459 4238 2836 4301 crediderant,
2883 4240 3180 4297 admirandi
3227 4253 3282 4299 et
3331 4248 3567 4315 praeclari

1987 4336 2166 4394 postea
2213 4329 2550 4384 exstiterunt.
2610 4330 2836 4397 Quando
2887 4346 3016 4402 ergo
3055 4332 3360 4404 dogmatum
3408 4353 3570 4392 causa

1986 4419 2180 4473 Paulus
2233 4419 2620 4494 Jerosolymam
2671 4423 3021 4490 ascendebat,
3071 4425 3326 4482 Jacobum
3388 4431 3564 4484 statim

1984 4508 2149 4562 adiit:
2177 4510 2265 4579 qui
2301 4512 2369 4564 ita
2396 4511 2739 4567 admirandus
2767 4524 2879 4568 erat
2899 4556 2915 4581 ,
2943 4523 3000 4569 ut
3028 4515 3170 4572 illius
3190 4519 3337 4573 urbis
3356 4520 3567 4590 episco-

1986 4607 2162 4668 patum
2207 4601 2406 4668 primus
2449 4603 2732 4672 acciperet.
2785 4603 3016 4659 Narrant
3057 4618 3234 4664 autem
3269 4609 3413 4662 illum
3457 4619 3566 4664 tam

1983 4703 2174 4758 aspere
2207 4694 2367 4745 vitam
2398 4693 2642 4758 duxisse,
2689 4703 2749 4748 ut
2791 4696 3030 4750 membra
3057 4697 3172 4766 ejus
3203 4700 3380 4754 omnia
3413 4702 3564 4771 quasi

1981 4787 2222 4838 emortua
2251 4797 2448 4852 essent,
2481 4797 2640 4858 atque
2679 4804 2743 4842 ex
2782 4789 3032 4858 precandi
3071 4790 3406 4858 assiduitate,
3433 4793 3562 4848 dum

1980 4878 2174 4947 pigiter
2203 4877 2253 4932 in
2299 4879 2600 4948 pavimento
2635 4881 3039 4948 procumberet,
3069 4881 3298 4938 frontem
3340 4884 3456 4954 ejus
3492 4886 3563 4940 ita

1981 4967 2298 5022 obduruisse
2319 5010 2333 5031 ,
2375 4978 2433 5022 ut
2467 4984 2698 5038 genuum
2735 4970 2926 5025 cameli
2955 4971 3205 5028 duritiem
3239 4989 3376 5043 pene
3401 4974 3564 5029 attin-

1980 5067 2127 5125 geret
2153 5056 2228 5129 (α)
2254 5099 2269 5124 ,
2296 5059 2366 5113 ita
2406 5058 2715 5129 frequenter
2755 5060 2900 5113 illam
2939 5062 3056 5116 solo
3079 5064 3420 5133 applicuerat.
3468 5064 3566 5120 Hic

1979 5163 2191 5220 quoque
2216 5150 2456 5216 Paulum,
2488 5151 2577 5220 qui
2607 5149 2786 5206 denuo
2806 5149 3045 5224 Jerosoly
3055 5169 3192 5208 mam
3213 5154 3560 5221 ascenderat,

2045 5379 2116 5447 (ρ)
2151 5379 2684 5447 unianiiuterpretatio
2705 5381 2877 5447 refert,
2901 5384 3062 5434 Jacobi
3083 5397 3246 5447 genua
3268 5389 3561 5436 obduruisse

1981 5440 2121 5500 callo,
2149 5440 2195 5489 id
2219 5441 2346 5502 quod
2372 5442 2417 5489 in
2441 5440 2605 5491 Graeco
2629 5456 2724 5492 non
2747 5440 2978 5494 habeuu':
2994 5440 3219 5497 versione
3238 5455 3397 5498 tamen
3422 5448 3564 5497 Anta-

1984 5504 2174 5614 :i;!;iliic\t'i
2534 5503 2922 5568 Clu‘ysostomutn
2941 5507 3005 5558 de
3023 5514 3067 5557 s.
3079 5509 3256 5560 Jacobo
3273 5510 3459 5561 dixisse
3475 5523 3562 5574 pu-
