4060 6156
348 240 416 296 59
1051 222 1109 276 8.
1149 219 1426 278 JOANNIS
1461 177 1930 278 CllRKSOSTOIl
1965 221 2283 280 ARCHIEP.
2324 225 2855 284 CONS'I‘ANTINOP.
3532 238 3602 294 60

351 337 666 402 ἀντιτυπίας
698 336 883 391 ἕνεκεν
909 319 1079 406 αύτῆς
1108 337 1174 389 ⁹¹.
1209 327 1376 398 Οὗτος
1425 337 1518 388 καὶ
1565 335 1655 388 τὸν
1706 334 1914 388 Παῦλον

357 428 496 498 μετά
525 429 695 480 ταῦτα
719 428 878 481 πάλιν
908 431 987 491 εἰς
1014 433 1082 480 τὰ
1113 428 1457 498 Ἰεροσόλυμα
1491 426 1780 480 ἀνελθόντα
1823 429 1942 498 ρυαλ

354 516 537 587 θμίζει
590 516 790 586 λέγων’
845 518 1108 586 Θεωρεῖς,
1141 518 1386 586 ἀδελφέ,
1418 520 1601 574 πόσαι
1633 516 1919 586 μυριάδες

351 604 463 655 εἰσὶ
513 604 632 659 τῶν
667 608 1191 676 συνεληλυθότων.
1248 605 1496 674 Τοσαύτη
1551 603 1617 676 ἦν
1664 605 1828 658 αὑτοῦ
1879 605 1912 674 ή

351 691 579 754 σύνεσις,
605 697 697 748 καὶ
722 698 750 748 6
783 695 945 767 ζῆλος
965 715 980 728 ο
1017 697 1216 767 μᾶλλον
1240 697 1296 749 δέ
1336 695 1568 765 τοσαύτη
1598 698 1632 765 ἠ
1660 694 1753 749 τοῦ
1781 697 1917 768 Χρι-

349 784 472 837 στοῦ
497 785 742 858 δύναμις.
770 792 832 843 Ol
854 790 960 862 γὰρ
982 790 1326 860 διασύροντες
1355 790 1516 842 αὑτὸν
1547 788 1744 853 ζῶντα,
1780 788 1919 859 μετά

351 875 406 927 τὸ
442 876 729 931 ἀποθανεῖν
764 880 934 944 οὕτως
966 881 1010 913 ⁹³
1049 880 1445 950 ἐξεπλάγησαν,
1483 880 1557 943 ώς
1589 879 1682 932 xal
1714 879 1920 932 ἀποθα-

350 968 456 1018 νεῖν
487 967 622 1039 ὑπὲρ
653 971 817 1024 αὑτοῦ
859 972 995 1041 μετά
1029 972 1229 1042 πολλῆς
1268 972 1368 1040 τῆς
1396 971 1702 1042 προθυμίας
1725 986 1736 998 '
1775 971 1919 1041 ἅπερ

349 1055 580 1123 μάλιστα
608 1058 841 1112 δείκνυσι
869 1061 966 1130 τῆς
993 1061 1338 1124 ἀναστάσεως
1361 1061 1655 1130 τὴνὶσχύν.
1692 1061 1788 1112 Διά
1811 1059 1919 1131 γάρ

350 1160 427 1197 τοι
451 1146 606 1200 τοῦτο
634 1150 701 1202 τά
727 1150 1080 1222 λαμπρότερα
1106 1150 1330 1221 ὕστερον
1351 1152 1618 1220 ἐτηρεῖτο,
1641 1151 1725 1202 ἵνα
1745 1151 1920 1219 ἀναμ-

349 1236 674 1306 φισϐήτητος
695 1239 830 1310 αὕτη
855 1243 887 1310 ἡ
909 1242 1178 1307 ἀπόδειξις
1201 1242 1446 1311 γένηται.
1479 1243 1540 1294 Ei
1563 1242 1670 1312 γὰρ
1695 1245 1789 1296 καὶ
1810 1241 1920 1295 τῶν

347 1324 405 1375 ἐν
436 1327 502 1395 τῇ
532 1324 641 1396 ζωῇ
667 1326 1093 1399 θαυμαζομένων
1126 1332 1253 1402 παρ’
1278 1333 1407 1400 ἡμῖν
1437 1330 1773 1384 ἀπελθόντων
1797 1333 1918 1384 ἐπι-

347 1410 736 1483 λανθανόμεθα,
765 1415 880 1479 πῶς
907 1418 956 1469 οἱ
979 1418 1026 1449 ’δ
1049 1419 1226 1480 ζῶντα
1246 1418 1684 1488 διαχλευάζοντες
1708 1418 1914 1483 τοῦτον,

348 1500 573 1574 ὕστερον
604 1506 736 1558 Θεὸν
769 1502 907 1560 εἶναι
939 1507 1215 1577 ἐνόμισαν,
1254 1511 1301 1561 εί
1325 1509 1432 1562 τῶν
1463 1509 1670 1563 πολλῶν
1699 1505 1777 1573 εἷς
1807 1506 1874 1581 ἦν
1899 1525 1914 1572 ς

348 1594 465 1657 πῶς
486 1595 529 1646 δ’
560 1595 625 1648 ἂν
657 1597 795 1666 ὑπὲρ
824 1597 984 1650 αὑτοῦ
1021 1600 1112 1651 καὶ
1150 1601 1419 1670 σφαγῆναι
1471 1601 1839 1665 κατεδέξαντο,
1869 1602 1917 1654 εί

351 1687 428 1756 μὴ
461 1687 603 1756 σαφῆ
638 1689 734 1756 τῆς
766 1689 1112 1752 ἀναστάσεως
1154 1690 1342 1742 ἔλαϐον
1380 1692 1477 1760 τὴν
1509 1690 1813 1756 ἀπόδειξιν;

417 1773 482 1826 δ’.
506 1775 550 1806 ⁸⁸
566 1775 749 1827 Ταῦτα
765 1775 821 1828 δὲ
839 1776 936 1846 ούχ
953 1777 1038 1829 ἵνα
1055 1777 1286 1847 ἀκούητε
1305 1779 1350 1810 ’⁸
1370 1778 1598 1848 λέγομεν
1620 1776 1918 1848 μόνον,ἀλλ’

348 1865 436 1917 ῖνα
459 1866 553 1919 καὶ
590 1867 829 1938 μιμῆσθε
856 1869 956 1938 τήν
984 1886 1041 1921 τε
1073 1870 1116 1900 ’⁷
1149 1869 1398 1939 ἀνδρείαν
1418 1912 1432 1935 ,
1474 1871 1573 1941 τήν
1598 1887 1656 1922 τε
1705 1872 1920 1940 παῤῥη-

347 1956 488 2021 σίαν,
522 1959 621 2028 τήν
642 1975 700 2010 τε
725 1959 1070 2030 δικαιοσύνην
1093 1959 1310 2014 ἃπασαν
1335 1978 1348 1991 ·
1377 1961 1463 2013 ἵνα
1499 1961 1686 2032 μηδεὶς
1726 1958 1918 2017 ἑαυτοῦ

346 2049 696 2124 ἀπογινώσκῃ
719 2091 734 2113 ,
795 2052 898 2105 κᾶν
930 2052 1036 2123 πρὸ
1067 2053 1254 2106 τούτου
1309 2052 1550 2124 ῥᾴθυμος
1576 2049 1643 2126 ἦν
1668 2071 1680 2083 ⁸
1719 2054 1804 2107 ἵνα
1841 2057 1921 2118 είς

346 2141 511 2212 μηδὲν
547 2141 732 2211 ἐτερον
763 2141 862 2213 ἔχῃ
895 2143 992 2206 τὰς
1023 2144 1278 2208 ἐλπίδας,
1331 2145 1470 2214 μετὰ
1517 2144 1606 2198 τὸν
1635 2145 1781 2199 ἐλεον
1826 2145 1919 2199 τοῦ

346 2231 501 2294 Θεοῦ,
539 2233 652 2286 ἀλλ’
684 2235 764 2297 είς
797 2235 997 2304 ἀρετὴν
1022 2234 1248 2288 οίκείαν.
1285 2236 1347 2288 Εἰ
1377 2236 1483 2307 γὰρ
1503 2229 1648 2288 οὗτοι
1683 2234 1794 2310 [79]
1819 2237 1920 2305 τῆς

351 2325 596 2394 τοιαύτης
633 2327 785 2379 οὐδὲν
812 2326 1100 2380 ἀπώναντο
1129 2327 1468 2394 συγγενείας,
1513 2327 1606 2380 καὶ
1647 2328 1794 2381 οῐκου
1828 2328 1920 2381 καὶ

346 2419 580 2488 πατριᾶς
607 2418 710 2484 τῆς
739 2419 910 2488 αὐτῆς
971 2418 1125 2481 ὅντες
1168 2418 1246 2487 τῷ
1280 2417 1500 2488 Χριστῷ
1525 2458 1540 2481 ,
1586 2417 1691 2482 ἕως
1721 2420 1920 2490 ἀρετὴν

346 2506 704 2573 ἐπεδείξαντο,
727 2507 871 2570 τίνος
891 2507 1229 2578 δυνησόμεθα
1263 2507 1566 2561 ἀπολαῦσαι
1594 2508 1920 2580 συγγνώμης

345 2599 523 2667 ἡμεῖς,
553 2600 834 2665 συγγενεῖς
862 2600 955 2652 καὶ
984 2597 1245 2666 ἀδελφοὺς
1276 2598 1517 2662 δικαίους
1551 2599 1920 2670 προϐαλλόμε-

316 2675 318 2677 “
347 2701 444 2750 νοι,
473 2683 539 2736 ἂν
569 2685 644 2754 μὴ
675 2685 880 2756 σφόδρα
905 2681 1054 2756 ὦμεν
1099 2687 1360 2750 ἐπιεικεῖς
1403 2689 1498 2740 καὶ
1526 2689 1582 2742 ἐν
1623 2690 1790 2760 ἀρετῇ
1828 2689 1917 2758 βε-

345 2773 638 2838 ϐιωκότες;
673 2777 780 2829 Kal
804 2777 910 2846 γὰρ
935 2778 962 2830 ό
986 2778 1268 2848 προφήτης
1311 2777 1443 2830 αύτὸ
1485 2779 1642 2832 τοῦτο
1697 2779 1920 2833 αἰνιττό-

345 2883 500 2936 μενος
530 2867 716 2934 ἐλεγεν
738 2885 751 2897 ·
795 2868 1074 2937 Ἀδελςρὸς
1091 2871 1163 2923 οὐ
1189 2870 1530 2938 λυτροῦται,
1551 2872 1917 2939 λυτρώσεται

345 2958 682 3025 ἅνθρωπος;
711 2958 812 3013 κᾶν
839 2961 1079 3033 Μωῦσῆς
1107 2957 1165 3036 ᾗ,
1199 2962 1300 3016 κᾶν
1327 2964 1596 3034 Σαμουὴλ,
1622 2965 1725 3018 κᾶν
1753 2965 1913 3036 Ἰερε-

345 3050 492 3119 μίας.
525 3052 789 3104 ’Ἄκουσον
817 3052 946 3120 γοῦν
975 3052 1027 3106 τί
1051 3070 1182 3122 φησι
1209 3054 1345 3124 πρὸς
1376 3055 1536 3108 αὑτὸν
1557 3056 1585 3106 6
1613 3054 1774 3118 Θεός·
1817 3055 1913 3122 Μὴ

345 3142 686 3210 προσεύχου
702 3142 852 3210 ὑπὲρ
869 3143 975 3197 τοῦ
990 3144 1142 3198 λαοῦ
1159 3147 1394 3205 τούτου,
1417 3145 1506 3199 ὅτι
1521 3148 1630 3199 οὐκ
1645 3147 1916 3201 εισακού-

344 3233 526 3302 aqua!
543 3248 680 3286 σου.
707 3234 816 3286 Καὶ
837 3234 890 3286 τί
919 3234 1219 3305 θαυμάζεις
1238 3238 1286 3288 εί
1313 3235 1406 3290 σοῦ
1434 3238 1533 3290 οὐκ
1560 3237 1772 3303 ἀκούω;
1806 3240 1914 3292 Kal

344 3322 452 3391 γὰρ
475 3323 636 3388 αὐτὸς
655 3327 683 3376 ὀ
708 3325 972 3394 Μωῡσῆς,
1001 3326 1186 3397 φησὶν,
1207 3329 1254 3380 εί
1285 3329 1484 3399 παρῆν,
1518 3330 1611 3382 καὶ
1637 3329 1908 3400 Σαμουὴλ,

343 3420 442 3471 οὐκ
473 3418 538 3472 ἂν
567 3420 746 3473 αὐτῶν
775 3421 1044 3492 ἐδεξάμην
1080 3406 1177 3492 τὴν
1213 3425 1352 3495 ὑπὲρ
1382 3423 1582 3479 τούτων
1607 3429 1907 3500 ἱκετηρίαν.

345 3511 463 3563 Κᾶν
507 3512 761 3583 Ἰεζεκιὴλ
855 3514 882 3565 6
922 3514 1275 3584 παρακαλῶν,
1307 3518 1620 3584 ἀκούσεται,
1653 3521 1735 3573 ὅτι
1779 3517 1913 3574 Ἐὰν

344 3601 465 3669 στῇ
491 3602 636 3667 Νῶε,
673 3605 770 3656 καὶ
818 3605 964 3668 Ἰὼϐ,
995 3608 1089 3660 καὶ⁴
1119 3609 1360 3675 Δανιὴλ,
1385 3611 1553 3676 υἱοὺς
1577 3612 1775 3666 αὐτῶν
1811 3611 1910 3666 καί

345 3694 670 3762 θυγατέρας
697 3698 767 3749 οὐ
809 3696 889 3763 μὴ
921 3695 1262 3759 ἐξέλωνται.
1303 3699 1418 3752 Κᾶν
1467 3701 1716 3772 Ἀϐραὰμ
1748 3704 1776 3755 6
1808 3719 1906 3754 πα-

344 3785 608 3855 τριάρχης
735 3785 876 3858 ὑπὲρ
918 3788 1025 3842 τῶν
1044 3789 1091 3820 "
1125 3790 1329 3861 σφόδρα
1378 3791 1570 3844 ἀνίατα
1616 3793 1912 3847 νοσούντων

345 3875 438 3927 καὶ
463 3873 537 3944 μὴ
564 3875 1045 3947 μεταϐαλλομένων
1061 3879 1334 3950 δεόμενος,
1350 3881 1709 3936 ἀπελεύσεται
1731 3885 1759 3936 6
1779 3883 1912 3947 Θεὸς

344 3966 506 4019 αὑτὸν
547 3967 1040 4040 ἐγκαταλιμπάνων
1083 3974 1150 4039 ⁹⁹,
1198 3973 1338 4028 ὥστε
1385 3975 1458 4045 μὴ
1505 3975 1758 4040 δέξασθαι
1812 3977 1912 4047 τὴν

343 4057 485 4129 ὑπὲρ
527 4059 730 4113 τούτων
763 4065 965 4134 φωνήν.
1001 4064 1118 4118 Κάν
1161 4066 1408 4137 Σαμουὴλ
1507 4067 1667 4121 πάλιν
1696 4069 1724 4120 6
1756 4067 1914 4121 τοῦτο

347 4149 530 4213 ποιῶν,
559 4153 674 4222 ἐρεῖ
694 4154 830 4224 πρὸς
849 4155 1011 4209 αὐτόν
1028 4172 1041 4186 ·
1061 4155 1156 4225 Μὴ
1183 4158 1384 4212 πένθει
1407 4159 1538 4226 περὶ
1559 4160 1666 4214 τοῦ
1691 4161 1907 4213 Σαούλ.

341 4241 462 4294 Κᾶν
485 4243 624 4314 ὑπὲρ
661 4245 894 4316 ἀδελφῆς
938 4264 1022 4309 τις
1062 4249 1354 4319 παρακαλῇ
1393 4252 1465 4318 μὴ
1505 4252 1909 4321 προσηκόντως,

339 4330 628 4384 ἀκούσεται
666 4333 826 4387 πάλιν
871 4335 1006 4406 ὅπερ
1052 4337 1324 4406 Μωῦσῆς·
1375 4341 1445 4390 Εἰ
1497 4339 1773 4406 ἐμπτύων
1819 4340 1914 4393 ἐν·

339 4421 604 4475 ἐπτυσεν
635 4425 669 4476 ό
707 4423 903 4490 πατὴρ
934 4426 1020 4489 εἱς
1051 4425 1115 4478 τὸ
1155 4426 1478 4493 πρόσωπον
1502 4427 1708 4493 αὐτῆς.
1734 4429 1824 4498 Μὴ
1849 4427 1912 4499 δὴ

341 4511 474 4581 πρὸς
506 4511 724 4583 ἐτέρους
745 4505 896 4584 ὦμεν
915 4513 1224 4584 κεχηνότες.
1255 4517 1475 4585 Ἔχουσι
1503 4517 1600 4586 μὲν
1622 4519 1728 4587 γὰρ
1753 4518 1909 4570 δύνα-

345 4619 434 4670 μιν
463 4603 518 4655 al
546 4604 701 4674 εὐχαὶ
729 4603 837 4656 τῶν
860 4605 1031 4673 ἀγίων
1053 4605 1336 4676 μεγίστην,
1359 4607 1473 4659 ἀλλ’
1487 4609 1612 4661 ὃταν
1637 4610 1729 4662 καὶ
1750 4612 1912 4679 ἡμεῖς

344 4695 694 4765 μετανοῶμεν
725 4695 817 4749 καὶ
838 4695 1118 4766 γινώμεθα
1147 4696 1408 4766 βελτίους.
1449 4698 1600 4750 Ἐπεὶ
1628 4700 1722 4752 καὶ
1755 4702 1910 4753 Μωῦ-

342 4787 438 4854 σῆς
464 4785 555 4838 τὸν
581 4786 808 4855 ἀδελφὸν
838 4787 930 4840 τὸν
965 4787 1158 4840 ἐαυτοῦ
1204 4789 1296 4842 καὶ
1341 4790 1607 4860 μυριάδας
1647 4791 1910 4862 ἐξήκοντα

339 4877 440 4945 τῆς
472 4876 730 4947 θεηλάτου
765 4879 886 4932 τότε
917 4881 932 4910 ¹
973 4880 1142 4951 ὀργῆς
1177 4882 1512 4952 ἐξαρπάσας,
1542 4882 1638 4955 τὴν
1679 4885 1910 4957 ἀδελφὴν

339 4969 438 5021 οὐκ
473 4968 688 5038 ίσχυσεν
724 4969 1028 5035 ἐξελέσθαι⁶
1063 4973 1303 5042 καίτοιγε
1345 4975 1445 5027 οὐκ
1496 4975 1607 5029 ἴσον
1639 4976 1698 5028 τὸ
1726 4978 1909 5048 ἀμάρ-

340 5077 490 5130 τημα
518 5056 616 5131 ἦν’
648 5061 829 5132 ἐκείνη
874 5062 972 5131 μὲν
1007 5063 1115 5134 γὰρ
1143 5063 1232 5117 τὸν
1263 5065 1498 5118 Μωῦσέα
1535 5067 1786 5136 ὕϐρισεν·
1829 5070 1910 5120 ἐν-

339 5151 513 5206 ταῦθα
553 5153 609 5206 δέ
641 5152 861 5206 ἀσέϐεια
891 5149 958 5223 ἦν
989 5154 1050 5206 τὸ
1083 5155 1370 5226 τολμηθὲν.
1419 5157 1576 5210 Ἀλλὰ
1611 5158 1766 5210 τοῦτο
1815 5160 1909 5227 μὲν

343 5245 471 5314 ὑμῖν
499 5246 699 5318 ἀφίημι
730 5249 790 5302 τὸ
821 5249 1070 5319 ζήτημασ
1101 5249 1159 5301 τὸ
1189 5249 1242 5300 δέ
1265 5247 1348 5300 ἔτι
1385 5247 1572 5301 τούτου
1605 5247 1911 5316 χαλεπώτε-

345 5354 436 5409 ρον
485 5340 736 5394 ἐπιλῦσαι
781 5342 1130 5412 πειράσομαι.
1173 5341 1237 5393 Τί
1289 5340 1396 5411 γὰρ
1441 5340 1546 5410 χρὴ
1589 5340 1767 5407 λέγειν
1813 5341 1910 5408 τὴν

341 5429 604 5502 ἀδελφήν;
650 5432 708 5486 Ὀ
755 5432 863 5502 γὰρ
907 5433 1159 5486 τοσούτου
1205 5431 1375 5502 δήμου
1420 5430 1681 5500 προστὰς,
1735 5429 1911 5498 ἐαυτῷ

416 5545 460 5574 ’θ
483 5540 676 5610 αὐτῆς]
709 5541 909 5611 ταύτης
943 5542 1002 5597 Β.
1030 5542 1131 5609 τῆς
1159 5539 1352 5608 αὐτῆς.

416 5631 437 5662 ν
470 5609 527 5662 1⁸⁷.
631 5614 674 5644 ³⁸
707 5613 992 5662 ΗΘΙΚΟΝ.
1029 5613 1151 5662 ’Ότι
1177 5610 1238 5660 οὺ
1269 5610 1352 5660 δεῖ

379 5629 437 5663 ον
470 5629 527 5662 l‘.

345 5610 437 5672 ζον
470 5610 527 5662 1³.
631 5614 674 5644 ³⁸
707 5613 778 5663 HQ

345 5681 392 5712 “
421 5681 689 5750 ἀκούσητε
720 5679 778 5732 1³.

346 5767 446 5817 της
471 5748 625 5804 Εάιιζ
707 5752 726 5780 ⁸
764 5748 1053 5817 προεδρίαν
1092 5748 1193 5800 An.

351 5819 374 5848 ⁸
406 5815 831 5886 συγκαταϐαίνει
867 5815 926 5870 1³.

854 5682 896 5710 ’⁷
928 5697 985 5732 τε
1022 5695 1132 5730 om.
1164 5677 1321 5732 codd.
1347 5689 1538 5745 praeter
1567 5675 1625 5745 F_.
1658 5675 1663 5677 ⁷
1703 5678 1748 5708 9⁸
1781 5675 2069 5730 τῶνιιοοει
2107 5676 2158 5728 in
2189 5675 2350 5729 cmld.

1295 5747 1314 5778 ³
1347 5743 1457 5799 Kal
1484 5743 1612 5815 γάρ]
1655 5746 1712 5798 ’0
1742 5748 1849 5815 γάρ
1885 5746 1942 5799 1³.

2045 344 2277 412 ἀρκέσαι
2315 346 2416 399 οὐκ
2446 347 2683 418 ἴσχυσεν,
2723 347 2835 418 [80]
2881 346 3018 400 ἀλλά
3051 346 3189 417 μετά
3226 347 3351 410 τοὺς
3383 346 3608 416 μυρίους

2046 437 2240 500 πόνους
2261 436 2469 502 καὶτὰς
2492 437 2883 508 ταλαιπωρίας,
2906 439 2999 489 καὶ
3011 437 3108 508 τὴν
3121 437 3179 489 ἐν
3201 437 3608 508 τεσσαράκοντα

2045 529 2189 582 ἔτεσι
2230 532 2584 603 προσεδρείαν
2633 533 2676 594 ³,
2722 531 2989 584 ἐκωλύετο
3035 531 3135 599 τῆς
3183 532 3285 600 γῆς
3331 530 3608 598 ἐπιϐῆναι,

2045 621 2186 692 ύπέρ
2218 618 2284 693 ἦς
2311 621 2907 690 ἐπαγγελίαιτοσαῦται
2939 621 3033 674 καὶ
3064 621 3408 690 ὑποσχέσεις.
3436 620 3499 671 Τί
3521 616 3608 673 οὖν

2039 702 2102 755 τὸ
2124 707 2328 768 αἰτιον;
2363 707 2477 758 Ούκ
2518 704 2586 772 ἦν
2617 704 2968 759 λυσιτελοῦσα
3008 706 3044 776 ἡ
3081 705 3237 775 χάρις
3277 704 3440 773 αὕτη,
3470 705 3605 756 ἀλλὰ

2038 796 2131 847 καὶ
2168 795 2301 848 πολὺ
2334 795 2396 848 τὸ
2443 795 2636 866 βλάϐος
2661 796 2877 865 ἔχουσα,
2922 796 3014 849 καὶ
3055 796 3281 860 πολλοὺς
3321 795 3428 848 τῶν
3470 797 3605 848 Ἰου-

2034 887 2197 940 δαίων
2239 889 2612 952 ὑποσκελίζειν
2640 889 2882 960 ἔμελλεν.
2927 891 2987 942 EE
3017 889 3125 961 γὰρ
3154 890 3343 960 ἐπειδὴ
3371 890 3472 959 τῆς
3509 890 3604 942 Αί-

2034 979 2240 1043 γύπτου
2273 981 2440 1052 μόνης
2461 981 2869 1052 ἀπηλλάγησαν,
2898 981 2988 1034 τὸν
3009 980 3140 1034 Θεὸν
3163 980 3414 1048 ἀφέντες,
3445 982 3602 1034 Μωῦ-

2035 1073 2130 1125 σέα
2186 1075 2430 1144 ἐζήτουν,
2477 1074 2570 1126 καὶ
2611 1072 2760 1142 αὐτῷ
2805 1073 2865 1126 τὸ
2905 1075 3011 1126 πᾶν
3055 1071 3389 1141 ἐλογίζοντο⁹
3422 1074 3471 1125 εί
3509 1073 3602 1126 καὶ

1993 1184 1996 1186 ν
2032 1167 2395 1232 εἰσαγαγόντα
2433 1160 2570 1217 εἶδον
2607 1165 2685 1226 εἰς
2713 1163 2809 1232 τὴν
2837 1164 2938 1234 γῆν
2977 1164 3076 1233 τῆς
3109 1163 3462 1232 ἐπαγγελίας,
3496 1163 3601 1216 ποῦ

2030 1255 2128 1308 οὐκ
2171 1257 2238 1309 ἂν
2279 1254 2568 1319 ἐξώκειλαν
2619 1255 2898 1318 ἀσεϐείαςς
2948 1255 3047 1308 Διά
3079 1273 3158 1308 τοι
3203 1254 3365 1308 τοῦτο
3415 1255 3538 1309 οὐδὲ
3569 1255 3598 1306 6

2030 1347 2202 1414 τάφος
2231 1347 2396 1399 αὑτοῦ
2427 1345 2726 1416 κατάδηλος
2758 1346 2968 1413 γέγονε.
3012 1347 3122 1398 Kal
3153 1345 3404 1416 Σαμουὴλ
3427 1346 3482 1398 δὲ
3506 1345 3598 1399 τὸν

2033 1437 2130 1507 μὲν
2165 1435 2334 1490 Σαοὺλ
2375 1437 2476 1490 οὐκ
2517 1438 2734 1506 ἴσχυσεν
2771 1435 3074 1501 ἀπαλλάξαι
3124 1437 3223 1505 τῆς
3262 1437 3464 1490 ἀνωθεν
3501 1437 3596 1508 όρ-

2029 1531 2152 1596 γῆς,
2181 1530 2308 1591 τοὺς
2352 1528 2408 1580 δέ
2455 1527 2791 1598 Ἰσραηλίτας
2825 1528 3083 1590 πολλάκις
3121 1527 3366 1580 διέσωσε.
3411 1527 3522 1582 Kal
3568 1531 3598 1581 6

2041 1619 2310 1688 Ἱερεμίας
2345 1618 2618 1681 Ἰουδαίοις
2647 1619 2745 1689 μὲν
2775 1619 2874 1672 οὐκ
2895 1620 3148 1690 ἤρκεσεν,
3179 1620 3365 1690 ἕτερον
3386 1619 3444 1672 δέ
3473 1637 3595 1672 τινα

1915 1760 1925 1766 .
2028 1709 2296 1778 ἐκάλυψεν
2324 1711 2381 1761 ἐν
2415 1712 2480 1780 τῇ
2524 1710 2850 1781 προφητείᾳ.
2892 1709 3004 1763 Kal
3039 1710 3068 1763 6
3096 1710 3295 1780 Δανιὴλ
3332 1710 3459 1773 τοὺς
3494 1711 3594 1781 μὲν

2028 1801 2333 1872 βαρϐάρους
2357 1800 2588 1866 ἐξείλετο
2619 1799 3036 1870 σφαττομένους,
3061 1801 3187 1863 τοὺς
3218 1799 3276 1853 δέ
3309 1801 3594 1864 Ἰουδαίους

2024 1891 2124 1946 οὐκ
2155 1891 2383 1958 ἐξείλετο
2403 1890 2987 1961 αἰχμαλωτιζομένους.
3003 1891 3111 1945 Kal
3135 1892 3192 1944 ἐν
3214 1893 3324 1956 τοῖς
3353 1893 3594 1960 Εὑαγγε-

2026 1981 2161 2043 λίοις
2180 1981 2238 2036 δὲ
2268 1980 2514 2052 ὀψόμεθα
2537 1981 2638 2034 οὐκ
2666 1980 2751 2051 ἐφ’
2771 1981 2992 2052 ἐτέρων,
3021 1981 3134 2036 ἀλλ’
3157 1983 3250 2036 ἐπ)⁵
3277 1983 3384 2036 τῶν
3413 1985 3592 2038 αὐτῶν

2024 2073 2308 2145 ἀμφότερα
2346 2071 2520 2126 ταῦτα
2567 2073 2827 2142 γινόμενα
2851 2086 2864 2101 '
2912 2073 3006 2126 καὶ
3041 2073 3132 2126 τὸν
3169 2073 3331 2127 αὐτὸν
3361 2073 3456 2128 νῦν
3491 2075 3592 2145 μὲν

2022 2163 2333 2234 ἀρκέσαντα
2365 2160 2562 2232 ἐαυτῷ,
2599 2161 2694 2215 νῦν
2739 2161 2797 2214 δὲ
2836 2162 3240 2234 προδεδομένον.
3281 2162 3343 2218 '0
3381 2164 3490 2235 γάρ
3523 2164 3592 2219 τὰ

2026 2254 2194 2323 μυρία
2231 2252 2467 2306 τάλαντα
2513 2251 2773 2320 ὀφείλων,
2825 2252 2919 2306 καὶ
2963 2251 3196 2316 ἐξείλετο
3249 2252 3440 2305 ἐαυτὸν
3491 2253 3588 2306 τοῦ
3672 2301 3690 2319 κ

2021 2343 2267 2398 κινδύνου
2297 2342 2531 2414 δεηθεὶς,
2567 2344 2660 2396 καὶ
2692 2343 2853 2396 πάλιν
2895 2343 2993 2396 οὐκ
3020 2342 3264 2412 ἴσχυσεν·
3295 2343 3482 2412 ἐτερος
3531 2342 3590 2396 δέ

2021 2437 2392 2506 ἀντιστρόφως
2421 2435 2686 2506 πρότερον
2733 2435 2923 2488 ἑαυτὸν
2964 2435 3223 2504 προδοὺς,
3265 2432 3489 2504 ὕστερον
3519 2434 3587 2487 τὰ

2023 2528 2259 2598 μέγιστα
2285 2527 2461 2596 ἑαυτῷ
2493 2527 2753 2596 βοηθῆσαι
2786 2529 2993 2596 ῖσχυσε.
3027 2526 3120 2588 Τίς
3158 2526 3213 2578 δέ
3231 2520 3382 2588 οὗτός
3405 2527 3582 2588 ἐστιν;

2030 2613 2089 2666 Ὀ
2121 2613 2219 2682 τὴν
2257 2611 2517 2682 πατρῴαν
2559 2609 2890 2678 καταφαγὼν
2918 2609 3125 2663 οὐσίαν.
3159 2609 3320 2660 Ὥστε
3357 2608 3451 2661 ἐὰν
3487 2607 3585 2678 μὲν

2022 2705 2380 2777 ρᾳθυμῶμεν,
2425 2703 2544 2756 ούδέ
2583 2703 2649 2755 δι’
2681 2703 2881 2773 ἐτέρων
2905 2699 3247 2772 δυνησόμεθα
3277 2698 3580 2761 σώζεσθαι·

2017 2797 2110 2850 ἐάν
2136 2796 2193 2849 δὲ
2221 2797 2498 2865 νήφωμεν,
2526 2795 2616 2847 καὶ
2642 2793 2708 2845 δι’
2737 2793 2944 2847 ἑαυτῶν
2971 2793 3130 2845 τοῦτο
3153 2791 3464 2862 ἱσχύσομεν,
3492 2791 3582 2844 καὶ

2015 2887 2082 2939 δι’
2132 2886 2341 2939 ἐαυτῶν
2377 2884 2596 2954 μᾶλλον,
2633 2883 2666 2953 ἢ
2697 2883 2766 2936 δι’
2793 2882 3014 2955 ἐτέρων.
3066 2883 3175 2936 Kal
3222 2883 3330 2953 γὰρ
3375 2884 3404 2935 6
3452 2881 3582 2945 Θεὸς

2017 2978 2146 3045 ἡμῖν
2197 2975 2394 3045 μᾶλλον
2427 2974 2609 3028 δοῦναι
2645 2972 2889 3042 βούλεται
2937 2971 3034 3044 τὴν
3075 2973 3253 3043 χάριν,
3295 2972 3328 3043 ἢ
3377 2970 3582 3042 ἐτέροις

2016 3066 2154 3134 ὑπὲρ
2202 3064 2391 3133 ἡμῶνο
2435 3065 2523 3118 ἵνα
2571 3064 2666 3116 καὶ
2719 3062 3031 3134 παρρησίας
3065 3064 3447 3133 ἀπολαύωμεν,
3488 3063 3582 3114 καὶ

2018 3158 2257 3230 βελτίους
2294 3157 2606 3228 γινώμεθα,
2651 3157 3037 3222 σπουδάζοντες
3069 3159 3232 3213 αὐτοῦ
3281 3160 3437 3214 λῦσαι
3481 3161 3580 3231 τὴν

2011 3251 2202 3321 ὀργήν.
2234 3249 2388 3302 Οὕτω
2409 3251 2506 3320 τὴν
2535 3250 2841 3303 Χαναναίαν
2872 3251 2984 3324 [81]
3022 3253 3251 3323 ὴλέησεν
3269 3271 3283 3284 ’
3312 3237 3454 3307 οὕτω
3484 3255 3581 3326 τὴν

2012 3346 2216 3416 πόρνην
2245 3344 2466 3409 ἔσωσεν,
2496 3343 2637 3398 οὕτω
2671 3344 2764 3397 τὸν
2799 3345 3018 3417 λῃστὴν,
3045 3346 3256 3412 οὐδενὸς
3287 3348 3576 3419 γενομένου

2016 3437 2236 3507 μεσίτου
2267 3437 2360 3489 καὶ
2387 3436 2711 3507 προστάτου.

2089 3605 2152 3662 ε’.
2189 3606 2292 3660 Kal
2331 3606 2502 3662 ταῦτα
2534 3607 2700 3674 λέγω,
2731 3607 2828 3679 οὐχ
2867 3608 2952 3662 ἵνα
2985 3609 3057 3680 μὴ
3094 3609 3422 3679 ίκετεύωμεν
3457 3613 3582 3674 τοὺς

2017 3691 2224 3759 ἁγίους,
2261 3693 2374 3746 ἀλλ’
2403 3694 2489 3746 ἵνα
2527 3695 2600 3766 μὴ
2640 3694 2970 3766 ρᾳθυμῶμεν
2989 3737 3003 3760 ,
3034 3698 3166 3767 μηδέ
3192 3699 3585 3763 ἀναπίπτοντες

1983 3785 1986 3790 ’
2017 3783 2170 3836 αὐτοὶ
2198 3785 2288 3837 καὶ
2314 3785 2687 3850 καθεύδοντες,
2715 3788 2919 3858 ἐτέροις
2944 3788 3012 3841 τά
3035 3789 3153 3842 καθ’
3187 3791 3332 3860 ἡμᾶς
3360 3791 3584 3862 ἐπιτρέ-

2027 3893 2218 3944 πωμεν
2260 3877 2460 3946 μόνοις.
2501 3879 2609 3932 Kal
2649 3878 2757 3950 γὰρ
2791 3879 2811 3911 ³
2859 3880 3056 3942 εἰπὼν,
3099 3879 3397 3947 Ποιήσατε
3446 3885 3588 3952 ὑμῖν

2018 3967 2258 4034 φίλους.
2301 3969 2400 4020 οὒκ
2435 3969 2561 4038 ἔστη
2597 3969 2757 4040 μέχρι
2794 3970 2982 4024 τούτου
3017 3971 3204 4042 μόνον,
3243 3973 3380 4025 ἀλλὰ
3421 3991 3588 4043 προσ-

2021 4057 2235 4126 έθηκεν,
2273 4059 2372 4112 Ἐκ
2401 4060 2505 4112 τοῦ
2531 4061 2742 4115 ἀδίκου
2773 4061 3054 4131 μαμωνᾶο
3088 4063 3173 4116 ἴνα
3203 4063 3364 4116 πάλιν
3406 4065 3496 4119 σὸν
3527 4065 3589 4117 τὸ

2021 4149 2350 4220 κατόρθωμα
2370 4151 2594 4222 γένηται
2610 4169 2623 4182 ο
2645 4153 2796 4205 οὐδὲν
2816 4153 2923 4224 γὰρ
2948 4152 3131 4227 ἕτερον
3159 4155 3191 4224 ἢ
3220 4155 3587 4226 ἐλεημοσύνην

2021 4239 2253 4293 ἐνταῦθα
2283 4243 2520 4311 ᾐνίξατο.
2574 4245 2680 4296 Kal
2718 4245 2779 4296 τὸ
2813 4245 2877 4314 δὴ
2918 4244 3249 4316 θαυμαστὸν,
3285 4246 3367 4300 ὅτι
3397 4247 3419 4278 ⁸
3465 4245 3614 4308 οὐδὲ,

2025 4331 2457 4400 ἀκριϐολογεῖται
2494 4335 2626 4405 πρὸς
2655 4337 2823 4405 ἡμᾶς,
2853 4336 2946 4389 ἐὰν
2972 4337 3298 4408 ἀποστῶμεν
3337 4337 3438 4406 τῆς
3475 4336 3587 4389 ἀδι-

2020 4420 2157 4484 κέας.
2191 4425 2254 4476 "O
2288 4425 2397 4495 γὰρ
2431 4425 2578 4493 λέγει
2609 4425 2844 4479 τοιοῦτόν
2873 4428 3018 4480 ἐστιν
3043 4446 3056 4460 ·
3094 4428 3339 4499 Ἐκτήσω
3367 4427 3576 4493 κακῶς;

2021 4514 2295 4569 ἀνάλωσον
2332 4517 2531 4580 καλῶς.
2579 4504 2873 4582 Συνέλεξας
2917 4517 3152 4582 ἀδίκως;
3183 4519 3474 4587 σκόρπισον
3506 4517 3582 4570 διο

2023 4606 2212 4669 καίως.
2237 4607 2494 4676 Καίτοιγε
2518 4609 2645 4661 ποία
2670 4609 2828 4662 τοῦτο
2860 4609 3028 4679 ἀρετὴ
3053 4609 3114 4660 τὸ
3138 4609 3204 4661 ἐκ
3228 4607 3336 4661 τῶν
3368 4609 3389 4639 ⁸
3411 4608 3586 4660 τοιού-

2020 4717 2128 4753 των
2157 4700 2386 4762 διδόναις
2422 4700 2559 4753 Ἀλλ’
2577 4701 2725 4770 ὅμως
2750 4700 2778 4752 6
2802 4700 2954 4762 Θεὸς,
2981 4698 3359 4768 φιλάνθρωπος
3377 4696 3474 4761 ὢν,
3492 4697 3587 4750 καὶ

2023 4791 2184 4861 μέχρι
2205 4792 2394 4844 τούτου
2421 4791 2736 4845 καταϐαίνει
2760 4790 2807 4822 ⁸·
2844 4789 2946 4843 κᾶν
2961 4789 3102 4842 οὕτω
3127 4787 3388 4859 ποιῶμεν,
3421 4787 3588 4840 πολλὰ

2022 4885 2152 4954 ἡμῖν
2181 4882 2572 4950 ἐπαγγέλλεται
2604 4882 2803 4950 ἀγαθά.
2846 4881 2986 4933 Ἀλλ’
3020 4883 3180 4950 ἡμεῖς
3217 4883 3297 4943 είς
3338 4879 3588 4932 τοσοῦτον

2023 4975 2381 5044 ἀναισθησίας
2403 4975 2629 5044 ἥκομεν,
2657 4972 2732 5036 ώς
2757 4973 2890 5042 μηδὲ
2916 4970 2981 5024 ἐκ
3010 4972 3103 5024 τοῦ
3141 4971 3327 5024 ἀδίκου
3354 4969 3552 5022 διδόναι
3570 4985 3584 4998 ⁸

2027 5064 2156 5117 ἀλλὰ
2187 5063 2356 5133 μυρία
2383 5060 2742 5132 ἁρπάζοντες,
2776 5059 2841 5113 ἂν
2881 5057 3168 5112 πολλοστὸν
3215 5058 3380 5128 μέρος
3421 5073 3590 5108 κατα-

2027 5156 2295 5224 ϐάλωμεν,
2320 5153 2381 5206 τὸ
2406 5155 2512 5205 πᾶν
2529 5149 2823 5222 νομίζομεν
2838 5148 3278 5220 πεπληρωκέναι.
3302 5147 3414 5198 Ούκ
3429 5147 3589 5216 ἤκου-

2030 5265 2120 5309 σας
2154 5245 2366 5299 Παύλου
2390 5244 2659 5312 λέγοντος,
2693 5242 2774 5294 ὅτι
2815 5241 2877 5293 '0
2909 5241 3174 5306 σπείρων
3206 5235 3588 5306 φειδομένως,

2023 5337 2382 5408 φείδομέλνως
2401 5337 2494 5389 καὶ
2525 5336 2766 5403 Gepida;
2795 5334 2952 5396 Τίνος
2976 5328 3068 5385 οὖν
3095 5331 3278 5383 ἕνεκεν
3304 5329 3454 5397 φείδῃ
3478 5344 3492 5390 ;
3518 5327 3588 5396 μὴ

2027 5429 2134 5500 γὰρ
2185 5428 2448 5496 ἀνάλωμα
2495 5427 2556 5478 τὸ
2611 5425 2843 5496 πρᾶγμά
2882 5426 3031 5489 ἐστι;
3067 5421 3140 5492 μὴ
3192 5420 3300 5490 γὰρ
3350 5419 3587 5487 δαπάνηῖ

1429 5539 1476 5570 ⁸³
1499 5537 1696 5608 οὔτως]
1721 5539 1845 5591 add.
1869 5537 2029 5590 αὑτὸν
2066 5535 2139 5608 1).
2159 5535 2219 5588 F.
2258 5607 2265 5608 ί
2295 5533 2562 5608 ’ᾖπῶς-οἱ
2584 5530 2736 5608 (16.1
2755 5531 2870 5593 πῶς
2893 5532 2953 5608 δν
2980 5529 3074 5584 καὶ
3097 5525 3583 5608 ςῶντακδιεχλεύα-

631 5596 676 5644 δέ
707 5596 996 5666 ΗΘΙΚΘΝ.
1029 5596 1151 5662 Ὅτι
1177 5610 1238 5660 ού
1269 5596 1354 5660 δεῖ
1380 5596 1784 5677 ἐτέρωνμάρδετῇ
1820 5608 2064 5677 θαρρεῖν,
2097 5607 2211 5677 ἀλλ’
2245 5605 2391 5677 ἡμᾶς
2420 5596 2817 5677 όρθῶς-βιοῦν·Δ
2845 5604 2939 5654 καὶ
2983 5599 3124 5677 κατ-ἀ
3155 5598 3481 5677 τοκιζόντων

2426 5665 2469 5706 ⁸⁵
2504 5665 2935 5740 καταλιμπάνων
3193 5669 3226 5740 ί¹
3260 5665 3435 5740 τότε]-
3452 5665 3586 5740 ταύ-

2022 5750 2040 5777 ~
2065 5746 2203 5816 ωδε]
2236 5747 2334 5798 οὐκ
2364 5744 2423 5798 F.
2456 5745 2607 5797 οὐδέν
2634 5732 2773 5798 mu.
2870 5742 2889 5772 υ
2923 5742 2986 5793 ἐκ
3019 5737 3148 5808 τῶν]
3180 5737 3287 5790 ἀπό
3314 5732 3464 5791 Αξιι.
3517 5735 3576 5788 ε.
