4060 6156
413 262 486 328 59‘
1643 276 1707 331 IN
1746 275 2154 335 nummum
2195 280 2424 336 ll0.\llL.
2461 280 2528 334 v.

413 383 582 438 fausta
623 382 875 436 nuntians
916 381 995 437 sic
1032 382 1354 452 compellat:
1395 381 1543 435 Vides
1567 422 1582 447 ,
1633 384 1824 449 frater,
1877 397 1993 451 quot

413 473 573 524 millia
599 474 818 538 suntqui
844 472 1356 540 conveneruntﬁﬂct.
1389 471 1476 524 21.
1508 470 1578 524 ⁵21)
1599 473 1652 540 )?
1685 471 1853 524 Tanta
1879 481 1996 524 erat

406 563 524 622 ejus
549 563 824 632 prudentia
848 603 863 628 ,
896 571 1070 617 tantus
1098 565 1274 626 zelus;
1308 564 1416 618 imo
1440 578 1568 618 vero
1613 573 1754 617 tanta
1787 562 1986 616 Christi

408 656 595 708 virtus.
640 653 770 708 Nam
811 649 900 725 qui
948 655 1094 708 illum
1138 656 1510 724 vituperabaut
1563 656 1866 722 viventem,
1919 657 1989 710 ita

406 753 528 814 post
551 754 776 799 mortem
806 745 978 813 ipsum
1011 746 1258 799 admirati
1289 757 1447 809 sunt,
1478 755 1533 799 ut
1560 761 1682 800 cum
1713 746 1989 800 alacritate

398 850 595 904 magna
641 835 802 890 vitam
849 851 946 906 pro
981 837 1098 904 ipso
1147 836 1560 905 profunderent;
1591 852 1713 906 qua:
1738 837 1988 892 virtutem

398 926 812 980 resurrectionis
866 940 988 980 cum
1041 927 1223 994 primis
1267 936 1708 981 commonstrant.
1764 926 1992 996 Ideoque

398 1016 520 1080 tilla,
552 1030 671 1085 quae
696 1015 924 1070 clariora
951 1025 1105 1070 erant
1123 1057 1138 1080 ,
1169 1015 1234 1068 ad
1265 1025 1560 1071 extremum
1586 1025 1792 1085 tempus
1819 1032 1992 1071 rest-r-

385 1105 703 1186 fvabantur,
749 1115 808 1159 ut
835 1105 950 1160 haec
974 1106 1103 1159 nulli
1138 1106 1296 1159 dubio
1325 1106 1552 1161 obnoxia
1591 1115 1735 1162 esset
1769 1107 1990 1161 demou-

403 1196 612 1248 stratio.
643 1193 774 1248 Nam
797 1195 840 1249 si
869 1195 987 1250 illos
1014 1195 1174 1250 etiam
1203 1196 1291 1266 qui
1332 1197 1384 1251 in
1412 1198 1517 1251 vita
1562 1211 1654 1251 sua
1684 1197 1984 1250 admirandi

405 1297 593 1352 erant,
638 1285 916 1341 defunctos
961 1287 1354 1354 obliviscimur,
1393 1303 1500 1357 quo
1541 1297 1700 1359 pacto
1736 1288 1845 1353 illi,
1889 1287 1976 1357 qui

406 1377 676 1433 viventem
703 1379 876 1447 ipsum
919 1377 1244 1444 irridebaut,
1278 1379 1444 1434 Deum
1474 1393 1594 1434 esse
1632 1379 1990 1434 existimavis-

406 1477 557 1534 seut,
598 1467 642 1522 si
684 1467 954 1522 hominem
997 1467 1390 1523 credidissent?
1429 1467 1698 1538 quomodo
1735 1481 1832 1537 pro
1873 1466 1992 1536 ipso

409 1568 634 1615 mortem
679 1559 862 1615 subire
890 1560 1214 1625 voluissent,
1249 1561 1347 1615 nisi
1381 1561 1713 1630 perspicuam
1754 1561 1992 1629 accepis-

407 1658 528 1704 sent
557 1649 964 1704 resurrectionis
981 1648 1492 1706 demonstrationem
1514 1649 1537 1704 ?

474 1850 686 1920 Cognati
734 1849 864 1918 justi
912 1847 1111 1902 nonnisi
1141 1845 1450 1914 resipiscenti
1481 1843 1727 1912 peccatori
1755 1849 1986 1910 prosunt.

405 1942 649 1997 Precibus
684 1951 972 1996 sanctorum
1011 1957 1110 1992 non
1158 1939 1308 1993 nimis
1359 1937 1640 2007 ﬁdendum.
1691 1937 1829 1989 -4.
1865 1934 1991 1989 Hzcc

407 2047 572 2103 porro
599 2032 847 2097 dicimus,
879 2045 984 2084 non
1013 2037 1071 2083 ut
1098 2028 1323 2082 audiatis
1361 2035 1586 2092 tantum,
1617 2025 1710 2081 sed
1737 2035 1793 2080 ut
1818 2025 1994 2080 imite-

406 2123 536 2177 mini
554 2119 1157 2186 fortitudinem,diceudi
1195 2118 1453 2184 idociam,
1482 2117 1846 2186 justitiamque
1873 2129 1992 2171 om-

409 2229 571 2276 nem;
596 2222 652 2267 ut
675 2227 836 2268 nemo
857 2211 927 2266 de
951 2226 1011 2266 se
1038 2210 1308 2279 desperet,
1339 2207 1548 2262 etiamsi
1568 2207 1792 2261 antehac
1819 2205 1996 2275 segnis

408 2303 811 2371 desidiosusque
857 2301 1047 2365 fuerit;
1097 2307 1258 2368 utque
1303 2297 1446 2352 nulla
1492 2297 1545 2351 in
1603 2311 1664 2352 re
1717 2295 1822 2350 alia
1846 2309 1996 2362 Spem

410 2393 624 2460 habeat,
651 2392 752 2448 nisi
778 2400 896 2461 post
923 2390 1015 2445 Dei
1043 2387 1461 2444 misericordiam
1487 2386 1540 2440 in
1564 2400 1770 2440 morum
1798 2383 1998 2438 sancti-

410 2483 672 2538 tate.Nam
694 2483 738 2537 si
757 2482 886 2536 nihil
903 2481 1005 2536 illis
1029 2476 1380 2551 profuitquod
1395 2493 1462 2532 ex
1477 2477 1810 2546 cognatione,
1839 2474 1998 2528 domo

412 2582 470 2628 et
489 2574 656 2643 patria
677 2573 870 2628 Christi
898 2581 1078 2626 essent
1099 2611 1113 2635 ,
1145 2569 1319 2624 donec
1347 2569 1538 2622 virtute
1561 2566 1859 2621 clarereut:
1891 2579 1994 2632 qua

413 2667 570 2722 venia
611 2665 753 2735 digni
791 2664 1026 2730 erimus,
1054 2662 1180 2717 dum
1219 2670 1474 2731 cognatos
1511 2668 1567 2713 et
1601 2659 1789 2713 fratres
1826 2658 1993 2725 iustos

414 2757 779 2822 ostendimus,
828 2756 928 2809 nisi
985 2769 1106 2808 cum
1161 2767 1352 2823 magna
1391 2750 1641 2820 aequitate
1692 2748 1993 2816 virtuteque
2048 2786 2052 2790 .

415 2852 578 2903 vitam
634 2847 929 2904 ducamus?
983 2845 1118 2900 lllud
1171 2844 1314 2900 enim
1353 2842 1696 2898 subindicans
1737 2839 1998 2910 propheta

416 2939 626 2994 dicebat
657 2955 670 2991 :
701 2937 886 2991 Frater
909 2952 1008 2990 non
1033 2935 1251 3000 redimit,
1284 2933 1492 2987 redimet
1526 2932 1674 2985 homo
1705 2929 1884 3000 (Psat.
1912 2928 2003 2984 48.

418 3031 520 3102 7);
553 3029 763 3085 etiamsi
794 3029 998 3100 Moyses
1031 3027 1226 3093 fuerit,
1260 3024 1465 3080 etiamsi
1503 3022 1715 3079 Samuel
1739 3063 1756 3089 ,
1799 3020 2006 3075 etiamsi

416 3120 697 3176 Jeremias.
743 3119 877 3173 Audi
909 3120 1048 3173 enim
1073 3117 1198 3188 quid
1230 3117 1304 3170 illi
1333 3115 1474 3170 dicat
1504 3115 1642 3169 Deos
1675 3129 1694 3169 :
1729 3111 1854 3166 Noli
1882 3127 2001 3181 pre-

417 3213 526 3266 cari
563 3227 654 3281 pro
684 3211 872 3281 papula
898 3210 1012 3276 hoc,
1043 3209 1279 3278 quoniam
1323 3223 1421 3260 non
1447 3205 1715 3258 exaudiam
1759 3212 1806 3255 te
1857 3200 1999 3270 (Jer.

420 3303 509 3357 11.
541 3302 659 3372 14).
685 3302 749 3355 Ει
772 3299 898 3370 quid
928 3298 1137 3352 miraris
1164 3298 1207 3350 si
1235 3304 1288 3350 te
1313 3311 1420 3349 non
1449 3293 1644 3358 audio?
1665 3292 1796 3347 Nam
1823 3292 1864 3346 si
1888 3305 2004 3360 Ipse

421 3396 632 3466 Moyses
653 3434 668 3458 ,
695 3393 865 3462 inquit
888 3432 904 3456 ,
928 3391 972 3444 si
995 3389 1213 3444 Samuel
1235 3387 1514 3450 adessent,
1545 3399 1729 3439 eorum
1761 3397 1858 3452 pro
1895 3381 2010 3434 istis

420 3489 859 3558 supplicationem
905 3504 1010 3541 non
1065 3486 1399 3542 admitterem
1448 3483 1596 3557 (Jer.
1636 3484 1714 3538 l5.
1750 3484 1834 3552 1).
1861 3482 1995 3535 Eze-

419 3579 558 3636 chiel
583 3579 789 3632 etiamsi
827 3578 1121 3647 supplicet,
1150 3578 1251 3631 hoc
1291 3575 1471 3631 audiet
1503 3592 1517 3628 :
1557 3574 1619 3629 Si
1639 3573 1863 3627 steterint
1889 3569 2004 3624 N‘oe

351 3657 362 3665 ’
423 3683 468 3726 et
494 3671 592 3725 Job
640 3680 684 3724 et
714 3669 928 3733 Daniel,
977 3671 1112 3738 ﬁlios
1160 3670 1391 3737 ﬁliasque
1433 3683 1550 3720 suas
1587 3682 1688 3718 non
1727 3662 2003 3717 liberabant

421 3759 649 3831 (Ezech.
699 3761 785 3814 14.
820 3761 903 3814 11.
937 3759 1064 3829 16).
1117 3759 1340 3812 Etiamsi
1388 3755 1654 3812 Abraham
1703 3751 2002 3824 patriarcha

425 3867 522 3922 pro
543 3853 605 3906 iis
625 3853 714 3922 qui
737 3851 1015 3906 incumbili
1043 3851 1228 3905 morbo
1248 3850 1510 3913 laborant,
1536 3863 1634 3902 nec
1663 3845 2000 3916 resipiscunt,

423 3942 715 4011 supplicet,
751 3943 890 3996 Deus
929 3941 1181 3996 abscedet
1220 3949 1276 3996 et
1319 3940 1584 4009 relinquet
1624 3953 1782 4002 eum;
1829 3938 1898 3990 ita
1949 3945 2008 3989 ut

424 4045 607 4085 eorum
650 4033 816 4101 gratia
847 4032 1116 4086 "emissam
1170 4046 1355 4085 vocem
1404 4047 1510 4085 non
1550 4029 1748 4084 audiat.
1782 4026 2004 4082 Etiamsi

427 4124 640 4179 Samuel
669 4123 770 4179 hoc
798 4124 969 4192 ipsum
997 4123 1216 4188 fecerit,
1244 4122 1386 4177 dicet
1411 4123 1510 4192 ipsi
1542 4139 1555 4176 :
1590 4119 1672 4174 Ne
1699 4121 1895 4190 ﬂeveris
1915 4134 2006 4188 pro

428 4215 585 4270 δαῦλα
611 4215 704 4285 (1.
730 4215 857 4286 Reg.
892 4215 978 4270 16.
1008 4216 1100 4285 1).
1131 4213 1354 4268 Etiamsi
1394 4229 1488 4282 pro
1533 4227 1716 4267 sorore
1745 4211 2005 4280 quispiam

427 4321 532 4360 non
549 4315 848 4376 opportune
867 4307 1120 4369 oraverit,
1147 4306 1373 4375 idipsum
1403 4303 1579 4358 audiet
1599 4303 1739 4374 quod
1766 4303 2003 4373 Moyses:

428 4397 488 4452 Si
548 4413 828 4468 conspuens
878 4397 1186 4468 conspuisset
1225 4406 1367 4466 pater
1408 4396 1518 4464 ejus
1569 4396 1622 4447 in
1679 4394 1869 4464 faciem
1899 4394 2008 4463 ejus

426 4485 623 4556 (Num.
680 4488 767 4542 1ἳ.
832 4487 899 4541 14
927 4486 968 4557 ).
1017 4486 1094 4542 Ne
1147 4487 1322 4551 itaque
1374 4486 1600 4539 aliorum
1658 4483 2008 4553 patrocinium

428 4581 605 4635 hiante
633 4595 728 4636 ore
752 4593 1072 4652 spectemus.
1099 4579 1228 4633 Nam
1262 4594 1447 4648 preces
1469 4577 1680 4647 quidem
1704 4587 2006 4632 sanctorum

425 4671 531 4725 vim
562 4670 759 4726 habent
787 4671 1112 4734 maximam;
1143 4669 1235 4723 sed
1274 4670 1317 4722 si
1351 4685 1448 4722 nos
1488 4668 1852 4737 paenitentiam
1883 4684 2009 4738 aga-

427 4777 548 4816 mus
597 4771 652 4816 et
710 4761 1103 4830 resipiscamus.
1141 4759 1578 4829 Quandoquidem
1631 4760 1875 4831 Moyses,
1919 4761 2008 4829 qui

427 4855 646 4910 fratrem
694 4867 847 4907 suum
873 4865 925 4908 et
950 4863 1199 4909 sexcenta
1226 4853 1387 4908 millia
1417 4851 1694 4907 hominum
1737 4852 1804 4907 ab
1835 4853 2010 4907 immi-

427 4955 588 5000 nente
634 4944 710 4997 ira
759 4944 1034 5010 liberavit,
1087 4960 1326 5000 sororem
1382 4960 1486 4999 non
1537 4945 1708 5015 potuit
1759 4945 2004 5014 eripere;

429 5034 636 5089 etiamsi
664 5049 769 5088 non
800 5050 894 5103 par
918 5043 1186 5104 peccatum
1217 5043 1359 5090 esset
1389 5052 1404 5088 :
1438 5035 1523 5090 illa
1552 5035 1749 5105 quippe
1771 5034 2007 5105 Moysem

429 5127 747 5182 contumelia
773 5124 1056 5192 affecerat;
1082 5127 1132 5180 hi
1159 5136 1336 5182 autem
1360 5127 1578 5196 impium
1614 5126 1817 5181 facinus
1839 5127 2011 5182 admi-

429 5225 627 5271 serant.
660 5215 856 5271 Verum
884 5215 1019 5269 hanc
1052 5230 1149 5285 ego
1175 5218 1324 5271 vobis
1353 5217 1701 5286 quaestionem
1731 5217 2006 5286 relinquo,

431 5306 525 5360 sed
565 5307 650 5360 illa
705 5307 999 5376 graviorem
1044 5307 1252 5362 solvere
1291 5309 1543 5364 conabor.
1592 5309 1729 5376 Quid
1768 5310 1908 5364 enim
1942 5311 2010 5366 de

432 5411 618 5451 sorore
643 5397 900 5461 dicamus,
931 5397 1141 5467 quando
1172 5397 1284 5467 ipse
1311 5399 1470 5453 etiam
1513 5401 1640 5453 tanti
1669 5401 1848 5469 populi
1879 5400 2004 5466 dux,

434 5485 485 5539 id
517 5486 655 5554 quod
687 5502 786 5556 pro
811 5488 986 5556 seipso
1017 5487 1234 5557 rogabat
1263 5488 1544 5559 impetrare
1574 5504 1678 5544 non
1700 5491 1886 5556 valuit,
1915 5492 2011 5546 sed

433 5585 555 5646 post
593 5587 669 5633 tot
711 5589 990 5653 tantosque
1037 5579 1248 5635 labores
1293 5588 1348 5637 et
1390 5596 1687 5650 aerumnas,
1731 5595 2009 5651 postquam

3624 274 3693 329 60

2121 392 2214 444 per
2253 392 2424 432 annos
2448 377 2790 448 quadraginta
2819 380 3012 450 populo
3058 381 3376 450 przefuerat,
3422 400 3472 437 ιη
3503 393 3700 440 terram

2121 467 2276 521 toties
2331 469 2643 536 promissam
2694 469 2893 523 intrare
2950 471 3250 540 prohibitus
3297 475 3420 527 est?
3464 476 3576 542 Qua
3631 478 3700 532 de

2113 559 2311 611 causa?
2355 558 2470 612 Non
2519 560 2660 612 utilis
2719 557 2832 613 haec
2874 562 3040 629 gratia
3083 560 3305 629 fuisset,
3359 565 3464 617 imo
3512 567 3688 620 damni

2114 651 2332 703 multum
2362 651 2658 712 intulisset.
2695 651 3108 722 Judmorumque
3150 655 3344 708 multos
3382 658 3691 726 supplanta-

2113 743 2297 796 visset.
2325 743 2378 796 Si
2409 745 2550 796 enim
2590 759 2653 796 ex
2679 743 2912 815 Egypto
2955 753 3155 798 tantum
3181 761 3211 798 a
3233 745 3413 817 Moyse
3442 749 3645 802 liberati
3669 790 3685 814 ,

2105 833 2212 886 Deo
2244 832 2486 899 dimisso,
2511 835 2725 904 Moysen
2754 836 3096 902 requirebant
3124 837 3328 908 ipsique
3358 848 3523 892 totmn
3549 839 3682 894 refe-

2105 923 2293 977 rebant
2326 941 2338 976 :
2370 924 2414 977 si
2446 940 2506 978 se
2549 926 2804 979 vidissent
2831 926 2898 980 ab
2935 927 3024 980 illo
3053 929 3383 983 introductos
3415 931 3465 982 in
3495 941 3688 984 terram

2102 1015 2468 1083 promissionis
2492 1056 2506 1080 ,
2539 1031 2646 1085 quo
2667 1033 2769 1071 non
2803 1018 3168 1086 prorupissent
3199 1019 3523 1089 impietatis?
3543 1020 3687 1076 Ideo-

2099 1124 2201 1176 que
2245 1108 2542 1176 scpulcrum
2586 1109 2701 1178 ejus
2744 1110 3007 1165 occultum
3035 1112 3229 1166 mansit
3255 1111 3442 1182 (Deut.
3476 1115 3566 1168 54.
3597 1114 3690 1183 6).

2101 1199 2319 1254 Samuel
2347 1215 2475 1254 vero
2511 1201 2723 1255 Sat'rlcm
2770 1202 2994 1258 liberare
3020 1204 3255 1273 nequivit
3282 1219 3313 1258 a
3348 1204 3526 1258 divina
3575 1206 3650 1259 ira
3675 1247 3690 1269 ,

2099 1293 2188 1358 qui
2231 1300 2405 1346 tamen
2451 1291 2716 1346 lsraelitas
2768 1309 2911 1362 s:rpe
2953 1295 3182 1349 servavit
3221 1296 3305 1366 (1.
3335 1296 3460 1365 Reg.
3502 1297 3582 1351 l6.
3621 1298 3690 1366 1).

2099 1382 2357 1438 Jeremias
2387 1383 2601 1438 Judzeos
2652 1398 2866 1438 servare
2903 1400 3009 1438 non
3067 1388 3273 1454 potuit,
3312 1388 3464 1441 alteri
3517 1400 3692 1442 tamen

2101 1473 2152 1526 in
2209 1472 2480 1542 prophetia
2533 1488 2626 1526 sua
2674 1475 3038 1542 patrocinatus
3093 1488 3196 1530 est.
3269 1477 3452 1532 Daniel
3501 1479 3694 1532 barba-

2101 1580 2191 1620 ros
2236 1566 2325 1635 qui
2373 1565 2749 1634 jngulabantur
2799 1565 3023 1634 eripuit,
3087 1581 3184 1620 nec
3236 1566 3450 1621 Judreos
3505 1584 3571 1623 ne
3641 1569 3695 1623 in

2099 1655 2454 1722 captivitatem
2485 1653 2877 1709 abducerentur
2919 1670 3135 1709 servare
3175 1657 3345 1726 potuit
3373 1660 3389 1726 (
3417 1657 3547 1711 Dan.
3579 1657 3615 1711 2
3641 1661 3685 1729 ).

2101 1746 2158 1801 In
2188 1747 2490 1816 Evangeliis
2515 1761 2726 1815 quoque
2766 1763 2870 1799 non
2905 1747 2953 1800 in
2985 1747 3246 1812 diversis,
3280 1747 3373 1802 sed
3407 1749 3457 1802 in
3501 1747 3695 1803 iisdem

2102 1842 2229 1911 ipsis
2257 1851 2542 1909 utrumque
2590 1839 2950 1908 conspicimus
2992 1857 3004 1894 :
3057 1841 3412 1909 eamdemque
3443 1840 3687 1896 videmus

2101 1933 2327 1987 salutem
2358 1931 2457 1985 sibi
2485 1945 2693 1999 parare,
2718 1941 2768 1984 et
2801 1940 2982 2001 postea
3010 1931 3234 1984 salutem
3262 1947 3414 1986 suam
3437 1931 3696 2009 prodere.

2101 2023 2233 2078 Nam
2271 2021 2361 2092 qui
2390 2021 2579 2076 decem
2614 2021 2778 2074 nullia
2813 2021 3007 2074 talenta
3036 2021 3297 2084 debebat,
3348 2021 3698 2090 supplicando

2103 2131 2161 2171 se
2185 2131 2248 2170 ex
2275 2115 2511 2184 periculo
2545 2114 2741 2184 eripuit
2771 2122 3060 2182 posteaque
3089 2113 3322 2183 idipsum
3352 2129 3456 2167 non
3487 2113 3692 2183 potuit;

2102 2206 2238 2260 alius
2266 2215 2450 2259 contra
2475 2246 2488 2268 ,
2520 2205 2608 2274 qui
2653 2204 2799 2273 prius
2842 2205 3074 2272 scipsum
3121 2203 3432 2272 prodiderat
3463 2245 3477 2267 ,
3513 2212 3694 2272 postea

2102 2297 2201 2351 sibi
2229 2296 2326 2363 ipsi
2354 2296 2637 2365 plurimum
2683 2295 2937 2364 prodesse
2982 2295 3173 2364 potuit.
3203 2295 3332 2362 Quis
3363 2295 3451 2348 ille
3475 2305 3555 2348 est
3580 2295 3603 2346 ?
3649 2293 3698 2348 Is

2103 2388 2191 2457 qui
2217 2395 2487 2458 paternam
2513 2388 2860 2442 substantiam
2903 2387 3245 2441 devoraverat
3270 2385 3419 2459 (Luc.
3455 2387 3540 2442 15.
3578 2386 3694 2456 50).

2104 2480 2285 2548 itaque
2323 2479 2366 2534 si
2413 2494 2601 2548 segnes
2625 2488 2679 2534 et
2704 2479 2954 2534 socordes
2983 2479 3272 2546 fuerimus,
3321 2497 3388 2535 ne
3439 2496 3537 2550 per
3561 2480 3698 2535 alios

2105 2572 2317 2642 quidem
2349 2571 2546 2625 servari
2579 2570 2904 2640 poterimus;
2955 2571 2997 2624 si
3040 2579 3214 2624 autem
3244 2572 3522 2640 vigilemus
3544 2613 3562 2636 ,
3601 2586 3698 2640 per

2107 2663 2461 2732 nosmetipsos
2491 2660 2542 2715 id
2580 2661 2915 2716 valebimus:
2947 2661 3056 2716 imo
3083 2662 3250 2732 magis
3295 2671 3694 2738 nostraaquaiu

2105 2755 2331 2809 aliorum
2380 2767 2562 2821 opera.
2605 2752 2801 2806 Mavult
2847 2753 3042 2822 quippe
3089 2752 3227 2829 Deus
3273 2754 3493 2822 gratiam
3539 2754 3693 2806 nobis

2109 2846 2239 2916 ipsis
2259 2844 2417 2910 dare,
2449 2859 2607 2913 quam
2632 2843 2735 2896 alio
2761 2859 2857 2912 pro
2888 2844 3039 2897 nobis
3066 2856 3317 2912 precante
3336 2867 3346 2898 ;
3366 2852 3694 2898 utcurautes

2128 2938 2300 3009 ipsius
2363 2941 2496 2994 iram
2525 2941 2734 3009 placare
2754 2981 2769 3005 ,
2799 2955 2918 2994 cum
2950 2938 3135 2992 fiducia
3163 2952 3377 3007 agamus
3415 2947 3467 2993 et
3512 2937 3696 3008 resipi-

2122 3044 2352 3085 scamus.
2371 3029 2457 3084 Sic
2472 3029 2824 3085 Chananaaam
2844 3031 3123 3086 miseratus
3139 3039 3247 3094 est;
3267 3029 3344 3084 sic
3361 3028 3696 3084 meretricem

2123 3122 2293 3176 salute
2321 3121 2553 3183 donavit.
2578 3121 2655 3176 sic
2681 3122 2939 3176 latronem
2959 3162 2975 3188 ,
3006 3121 3151 3175 nullo
3178 3119 3564 3174 interveniente
3589 3134 3699 3174 me-

2122 3211 2328 3266 diatore
2354 3223 2408 3267 et
2440 3222 2681 3278 patr0no.

2189 3393 2242 3446 5.
2268 3392 2574 3446 Sanctorum
2594 3389 2855 3444 invocatio.
2883 3386 3228 3457 Eleemosynaz
3246 3387 3461 3455 fructus.
3485 3415 3553 3427 -ρ
3577 3384 3701 3440 Hzec

2118 3493 2294 3539 autem
2320 3483 2440 3538 dico
2463 3525 2478 3549 ,
2509 3498 2612 3536 non
2645 3491 2702 3536 ut
2728 3482 2926 3536 sanctis
2954 3498 3058 3535 non
3090 3481 3480 3550 sopplicemus,
3509 3478 3603 3534 sed
3633 3493 3705 3535 ne

2119 3578 2284 3632 simus
2313 3577 2660 3647 negligentes,
2687 3591 2816 3630 neve
2841 3577 2891 3628 in
2919 3573 3215 3629 socordiam
3240 3588 3592 3643 somnumque
3610 3571 3703 3627 de-

2119 3667 2290 3737 lapsi,
2319 3668 2438 3722 aliis
2482 3668 2714 3738 ipsisque
2753 3667 2879 3721 solis
2923 3681 3007 3720 res
3046 3676 3256 3720 noStras
3285 3665 3700 3720 committamus.
3791 3734 3798 3739 ἡ

2117 3759 2248 3814 Nam
2277 3775 2396 3814 cum
2419 3760 2658 3824 dixisset,
2691 3759 2866 3813 Facite
2890 3759 3023 3812 vobis
3049 3759 3257 3824 amicos,
3286 3774 3390 3811 non
3423 3757 3508 3812 hic
3533 3758 3704 3825 stetit,

2119 3853 2212 3907 sed
2243 3853 2462 3918 addidit,
2495 3853 2573 3906 Ea:
2599 3854 2769 3922 iniquo
2801 3869 3032 3905 mamona
3063 3851 3228 3920 (Luc.
3259 3851 3344 3905 16.
3379 3852 3454 3920 9)
3489 3869 3502 3904 :
3532 3860 3590 3905 ut
3617 3867 3703 3906 re-

2119 3954 2203 3999 cte
2231 3944 2424 3998 factum
2457 3960 2580 3998 vere
2607 3929 2674 3997 sit
2702 3954 2867 3997 tuum.
2902 3943 3040 3997 Nihil
3069 3943 3209 3996 enim
3237 3942 3378 3995 aliud
3408 3942 3512 4007 hic,
3544 3959 3704 4013 quam

2122 4035 2513 4104 eleemosynam
2543 4034 2794 4087 indicavit
2826 4053 2838 4086 :
2873 4034 3118 4102 quodque
3146 4033 3538 4099 admirandum,
3573 4034 3704 4088 nihil

2121 4125 2255 4179 ultra
2283 4142 2313 4180 a
2341 4117 2491 4178 nobis
2520 4124 2700 4194 exigit,
2733 4127 2774 4178 si
2803 4124 2870 4177 ab
2897 4124 3170 4193 iniquitate
3197 4123 3563 4178 abscedamus.
3591 4125 3706 4180 Hoc

2121 4216 2260 4271 enim
2299 4215 2410 4269 vult
2446 4215 2743 4285 significare
2776 4232 2789 4267 :
2818 4213 2998 4284 Inique
3032 4213 3253 4283 adeptus
3280 4215 3382 4269 es?
3409 4214 3570 4269 Recte
3599 4215 3703 4269 im-

2121 4304 2312 4375 pende.
2358 4303 2552 4373 lujuste
2591 4304 2882 4374 collegisti?
2912 4302 3059 4358 Juste
3091 4304 3356 4374 disperge.
3389 4305 3547 4375 Atqui
3586 4321 3707 4375 qum

2124 4393 2334 4449 tandem
2375 4393 2489 4447 hrec
2528 4394 2692 4447 virtus
2719 4403 2832 4459 est,
2861 4393 2927 4447 de
2959 4393 3152 4448 talibus
3185 4392 3428 4449 donare?
3456 4397 3705 4450 Attamen

2123 4485 2282 4551 Deus,
2310 4486 2563 4556 benignus
2590 4501 2711 4539 cum
2736 4487 2824 4551 sit,
2847 4501 2913 4541 eo
2940 4501 3106 4554 usque
3134 4501 3252 4541 sese
3273 4486 3522 4541 demittit.
3551 4487 3604 4542 Si
3633 4488 3705 4543 ita

2123 4575 2393 4640 faciamus,
2423 4575 2558 4630 bona
2587 4576 2740 4631 nobis
2765 4579 2926 4631 multa
2959 4577 3249 4647 pollicetur.
3282 4581 3347 4632 At
3376 4593 3470 4633 nos
3495 4579 3562 4633 ad
3589 4587 3708 4634 tan-

2125 4680 2228 4723 tam
2261 4671 2558 4724 socordiam
2589 4670 2933 4745 devenimus,
2965 4679 3022 4724 ut
3062 4686 3129 4726 ne
3171 4670 3381 4740 quidem
3421 4687 3486 4726 ex
3525 4671 3706 4741 inique

2122 4764 2286 4833 partis
2315 4764 2636 4834 largiamur;
2668 4764 2761 4818 sed
2793 4764 3082 4818 innumeris
3111 4763 3247 4817 aucti
3285 4764 3516 4833 rapinis,
3548 4767 3590 4819 si
3621 4766 3705 4820 vel

2124 4855 2396 4908 minimam
2420 4863 2619 4922 partem
2642 4853 2964 4915 dederimus,
2991 4868 3088 4908 nos
3109 4863 3273 4908 totum
3296 4856 3588 4912 absolvisse
3609 4873 3708 4927 pu~

2122 4952 2315 5000 temus.
2348 4943 2462 4998 Non
2502 4944 2691 4998 audisti
2733 4943 2952 4998 Paulum
2983 4944 3277 5012 dicentem,
3309 4947 3410 5013 Qui
3446 4965 3595 5016 parce
3622 4965 3704 5002 se-

2122 5037 2298 5101 minat,
2330 5051 2481 5106 parce
2507 5046 2554 5089 et
2577 5045 2722 5089 metet
2751 5035 2822 5105 (2.
2859 5035 2972 5090 Cor.
3007 5037 3058 5092 9.
3090 5036 3180 5107 6)?
3208 5036 3314 5092 Cur
3343 5054 3469 5109 ergo
3499 5039 3706 5107 parcis?

2124 5145 2247 5183 num
2275 5139 2515 5198 sumptus
2540 5137 2622 5184 est
2648 5128 2815 5182 illud?
2837 5146 2962 5184 num
2988 5133 3262 5200 expensa?
3287 5131 3397 5187 imo
3419 5142 3707 5202 proventus

2122 5229 2175 5274 et
2202 5219 2506 5288 negotiatio.
2535 5219 2631 5275 Ubi
2658 5220 2798 5274 enim
2829 5236 3010 5276 semen
3035 5221 3246 5290 jacitur,
3277 5223 3344 5275 ibi
3373 5225 3558 5277 messis
3578 5238 3708 5276 cou-

2123 5311 2361 5380 sequitur
2394 5329 2405 5363 :
2437 5311 2523 5366 ubi
2552 5325 2734 5366 semen
2755 5352 2770 5378 ,
2804 5311 2873 5367 ibi
2901 5323 2955 5368 et
2980 5313 3348 5382 multiplicatio
3369 5315 3402 5364 '.
3439 5313 3514 5365 'l'u
3543 5329 3666 5368 vero
3685 5355 3700 5378 ,

2131 5593 2145 5641 Ι
2193 5532 2402 5642 t‘lSavil.,
2429 5531 2508 5604 ubi
2530 5530 2801 5595 negotiatio,
2828 5530 2898 5583 ibi
2919 5537 2964 5582 et
2987 5527 3300 5588 abundantia,
3326 5526 3370 5575 id
3385 5527 3513 5588 quod
3537 5526 3587 5578 in
3603 5522 3709 5579 nui-

2148 5609 2175 5642 υ
2202 5631 2209 5642 .
2239 5607 2281 5642 s.
2299 5607 2479 5642 reneri.

2148 5609 2175 5642 υ
2202 5607 2281 5644 MS.
2299 5607 2479 5658 i‘t"pcrl.
