4060 6156
416 285 477 340 Gl
1035 305 1040 308 ‘
1117 292 1171 348 S.
1210 294 1493 352 JOANNIS
1531 297 2012 357 CllRYSOSTOMl
2051 295 2368 354 ARCIIIEP.
2411 294 2954 353 CONSTA‘M‘INOP.
3577 297 3658 355 σε·

411 403 459 458 si
484 410 682 456 terram
706 401 938 457 haberes
963 401 1217 474 pinguem
1240 418 1294 462 et
1317 409 1573 476 fertilem,
1597 428 1719 483 qua:
1740 414 1972 482 plurima

410 501 596 562 posset
627 493 878 562 excipere
909 497 1137 561 semina,
1173 498 1319 552 illam
1349 502 1578 565 celeres,
1609 517 1672 555 ac
1697 518 1818 572 quae
1839 517 1972 572 sup-

409 592 661 651 peterent
679 601 978 655 spargeres,
1003 597 1059 642 et
1079 589 1146 642 ab
1167 591 1285 644 aliis
1307 591 1650 647 commodato
1672 595 1968 664 acciperes,

408 676 907 745 parcimoniamque
947 693 1011 732 ea
1056 679 1108 732 in
1142 695 1196 734 re
1228 680 1618 737 detrimentum
1659 699 1779 738 esse
1810 696 1970 754 puta-

405 777 496 816 res
532 781 543 816 :
572 772 626 816 at
658 780 780 818 cum
813 769 1003 821 caelum
1034 769 1212 824 colere
1246 785 1384 839 opus
1412 782 1517 836 est,
1548 776 1682 828 nulli
1711 777 1854 831 aeris
1883 776 1970 829 in—

407 860 686 924 temperici
713 871 1031 924 obnoxium,
1058 875 1151 915 seu
1178 876 1299 915 cum
1330 863 1538 919 frenore
1566 865 1802 922 maxime
1824 869 1968 938 jacla

404 948 611 1001 semina
640 948 1004 1013 redditurum,
1040 951 1218 1021 segnis
1246 969 1324 1018 es,
1357 955 1580 1025 refugis,
1615 971 1790 1027 neque
1819 957 1966 1028 cogi-

403 1047 505 1102 tas,
554 1056 710 1108 parce
766 1051 1014 1112 agentem
1065 1047 1316 1113 perdere,
1368 1045 1573 1102 aﬂ‘atim
1624 1060 1964 1120 spargentem

401 1130 635 1183 multum
679 1132 896 1186 lucrari.
948 1133 1205 1204 Disperge
1256 1137 1460 1206 itaque,
1510 1153 1577 1191 ne
1618 1138 1846 1208 perdas;
1897 1155 1965 1194 ne

401 1221 594 1284 retine,
625 1230 684 1273 ut
710 1223 980 1289 retineas;
1007 1227 1232 1294 projice,
1265 1237 1323 1280 ut
1347 1228 1655 1295 custodias;
1688 1230 1962 1298 impende,

400 1315 737 1376 utrlucreris.
765 1315 920 1381 Quod
947 1317 990 1370 si
1021 1333 1242 1372 servare
1270 1319 1360 1372 illa
1387 1330 1654 1389 oporteat,
1685 1337 1753 1376 ne
1777 1338 1965 1378 serves

398 1421 454 1465 tu
491 1429 503 1464 :
541 1426 665 1465 nam
698 1407 1049 1482 illaprorsus
1073 1410 1388 1478 perditurus
1416 1426 1476 1465 es
1498 1426 1512 1476 ;
1537 1411 1631 1467 sed
1662 1413 1774 1468 Deo
1809 1430 1963 1469 com-

396 1503 580 1556 mittas
613 1517 625 1555 :
663 1503 788 1557 inde
825 1515 1081 1572 namque.
1099 1515 1261 1553 nemo
1287 1501 1541 1570 abripiet.
1577 1504 1654 1557 Ne
1699 1515 1756 1558 tu
1792 1518 1963 1576 nego-

396 1594 578 1658 tieris;
614 1595 794 1647 nescis
821 1591 1022 1662 quippe
1053 1591 1252 1646 lucrari
1283 1608 1294 1643 :
1326 1591 1432 1654 sed
1462 1593 1750 1648 maximam
1793 1595 1960 1652 totius

392 1693 602 1754 partem
634 1685 830 1738 frenari
863 1685 991 1738 dato
1028 1686 1078 1739 ei
1114 1685 1204 1753 qui
1237 1697 1454 1740 usuram
1495 1685 1591 1740 tibi
1628 1686 1957 1755 przebiturus

376 1767 495 1830 est.
515 1776 592 1829 lbi
622 1775 799 1831 ftenus
823 1776 1050 1837 colloca,
1079 1776 1171 1830 ubi
1199 1779 1346 1831 nulla
1373 1777 1594 1841 invidia,
1620 1775 1766 1832 nulla
1792 1791 1955 1832 accu-

392 1865 550 1928 satio,
591 1866 753 1920 nullae
783 1865 1012 1928 insidiae,
1056 1867 1219 1920 timor
1257 1866 1459 1922 nullus.
1504 1866 1718 1922 Foenori
1747 1869 1873 1923 dato
1902 1871 1953 1925 ei

390 1959 485 2026 qui
515 1957 665 2012 nullo
696 1958 921 2028 indiget,
953 1968 1007 2013 et
1036 1969 1261 2028 propter
1289 1968 1340 2014 te
1375 1971 1556 2014 tamen
1589 1974 1726 2030 opus
1751 1961 1950 2028 habet;

387 2046 438 2100 ei
472 2047 566 2116 qui
597 2063 787 2102 omnes
811 2049 930 2112 alit,
971 2058 1027 2103 et
1052 2049 1245 2113 esurit,
1284 2064 1352 2104 ne
1385 2059 1441 2104 tu
1477 2051 1618 2106 fame
1644 2051 1948 2121 premat-is;

386 2137 437 2194 ei
461 2138 551 2207 qui
582 2151 786 2208 pauper
811 2137 1040 2195 eﬂectus
1066 2151 1170 2206 est,
1197 2148 1256 2195 ut
1278 2152 1337 2197 tu
1359 2139 1615 2197 ditescas.
1647 2140 1848 2198 Fatuus
1873 2141 1948 2198 ibi

386 2230 641 2294 colloces,
687 2230 829 2284 unde
865 2247 976 2285 non
1008 2240 1263 2296 mortem,
1298 2233 1392 2287 sed
1438 2233 1602 2287 vitam
1637 2248 1737 2303 pro
1774 2245 1950 2290 morte

385 2325 442 2378 in
487 2324 723 2378 fructum
776 2325 1063 2395 percipies.
1119 2325 1243 2380 llaec
1294 2326 1498 2380 frenora
1555 2342 1802 2397 regnum,
1857 2329 1946 2382 illa

385 2413 687 2482 gehennam
742 2415 1002 2483 pariunt:
1035 2415 1148 2469 haec
1202 2417 1350 2470 enim
1402 2417 1468 2470 ad
1512 2415 1818 2482 avaritiam,
1858 2419 1948 2474 illa

384 2503 451 2557 ad
519 2503 918 2574 philosophiam
973 2508 1302 2576 pertinent:
1363 2508 1454 2562 illa
1510 2506 1892 2564 crudelitatem
1928 2551 1942 2574 ,

384 2595 500 2649 hzec
564 2596 954 2651 humanitatem
1027 2607 1281 2664 arguunt.
1336 2598 1507 2665 Quam
1574 2599 1944 2656 defensionem

383 2675 724 2754 habebimus,
771 2689 814 2743 si
867 2705 992 2744 cum
1041 2690 1316 2760 possimus
1366 2690 1518 2759 plura
1567 2691 1836 2761 accipere,
1881 2705 1946 2747 ac

383 2786 501 2831 tuto
532 2778 695 2846 inque
737 2786 977 2848 tempore
1021 2788 1350 2850 opportuno,
1379 2795 1502 2836 eum
1541 2777 1797 2836 libertate
1826 2796 1934 2837 ma-

381 2883 524 2936 gna,
580 2869 680 2922 tuti
735 2869 804 2922 ab
857 2871 1194 2939 opprobriis,
1257 2869 1574 2936 timoribus,
1639 2873 1939 2941 periculis;

380 2951 485 3009 huc
514 2954 738 3010 dimisso
768 2957 954 3023 lucro,
998 2958 1088 3013 illa
1120 2960 1475 3030 insequamur
1518 2961 1724 3030 turpia,
1768 2963 1904 3016 levia
1927 3003 1941 3027 ,

378 3045 611 3110 fallacia,
657 3046 819 3115 ﬂuxa,
849 3063 970 3120 quae
1009 3064 1110 3105 nos
1147 3052 1202 3105 in
1235 3050 1511 3106 fornacem
1539 3052 1815 3122 ingentem
1850 3053 1945 3107 de-

374 3134 610 3208 jieiant?

447 3226 644 3285 Contra
677 3249 915 3288 usuram.
945 3265 1016 3276 —-
1043 3235 1190 3290 Nihil
1227 3235 1395 3300 enim,
1432 3235 1566 3290 nihil
1615 3245 1763 3290 certe
1806 3251 1946 3306 prte-

2076 413 2217 467 senti
2241 427 2407 467 usura
2434 412 2670 481 turpius,
2691 412 2829 464 nihil
2849 411 3147 465 crudelius.
3173 411 3307 465 Nam
3331 409 3644 481 hujusmodi

2075 502 2373 558 fteneratOr
2418 500 2476 555 in
2520 502 2753 555 aliorum
2805 501 3170 554 calamitatem
3216 501 3547 570 negotiatur,
3587 513 3643 556 et

2073 603 2403 663 proventum
2431 593 2532 647 sibi
2573 599 2726 662 parat
2752 606 2818 645 ex
2849 590 3078 644 aliorum
3117 591 3458 659 infelicitate,
3493 607 3641 647 mer-

2072 686 2372 755 cedemque
2421 685 2778 739 humanitatis
2819 684 2988 753 exigit
3021 701 3033 736 :
3068 699 3132 738 ac
3173 684 3342 737 veluti
3390 692 3640 741 metuens

2072 791 2140 829 ne
2181 774 2570 830 immisericors
2611 781 2888 844 appareat,
2935 773 3294 843 benignitatis
3336 774 3517 843 specie
3558 775 3643 828 fod

2070 883 2224 921 veam
2258 866 2666 938 profundiorem
2700 864 2853 928 fodit,
2883 865 3124 932 dumque
3154 864 3260 918 fert
3289 881 3469 935 opem,
3501 881 3638 935 pau-

2071 974 2255 1029 perem
2295 958 2578 1028 Opprimit,
2620 957 2750 1011 dum
2786 973 3009 1011 manum
3053 957 3305 1027 porrigit,
3337 958 3543 1027 dejicit,
3574 973 3638 1011 ac

2069 1050 2197 1103 dum
2231 1048 2385 1118 quasi
2425 1047 2478 1100 in
2512 1055 2728 1118 portum
2759 1047 3006 1115 recipere
3051 1047 3290 1111 videtur,
3322 1047 3378 1101 in
3409 1050 3633 1102 naufra-

2067 1139 2238 1209 gium,
2286 1137 2342 1191 in
2382 1139 2665 1206 scepulum
2694 1145 2748 1190 et
2779 1136 2833 1190 in
2876 1152 3004 1190 saxa
3033 1129 3257 1192 latentia
3291 1137 3496 1206 dejicit.
3526 1137 3634 1192 Sed

2065 1229 2197 1300 quid
2227 1230 2466 1299 quaeris?
2498 1229 2753 1298 inquies;
2789 1241 2857 1282 an
2894 1237 2955 1282 ut
2993 1230 3277 1283 collectam
3318 1229 3629 1298 pecuniam,

2065 1320 2200 1376 mihi
2243 1321 2452 1385 utilem,
2495 1319 2651 1374 alteri
2685 1320 2738 1374 in
2781 1335 2938 1374 usum
2973 1320 3118 1383 dem,
3165 1335 3267 1374 nec
3295 1320 3458 1374 ullam
3503 1321 3630 1375 inde

2066 1411 2370 1468 mercedem
2402 1413 2730 1482 reposcam?
2762 1411 2917 1465 Absit
2946 1429 2958 1465 :
2995 1427 3105 1465 non
3150 1412 3224 1465 ita
3252 1412 3449 1481 loq‘uor
3475 1429 3489 1478 ;
3521 1413 3630 1466 imo
3669 1435 3674 1440 -

2064 1504 2226 1574 cupio
2266 1516 2318 1558 te
2358 1503 2489 1557 hinc
2528 1503 2835 1558 mercedem
2877 1504 3147 1572 accipere,
3187 1517 3297 1556 non
3338 1504 3499 1558 vilem
3535 1511 3630 1583 aut

2062 1596 2333 1666 exiguam,
2370 1595 2466 1649 sed
2501 1595 2671 1648 multo
2697 1593 2957 1663 majorem
2989 1607 3002 1646 :
3035 1607 3136 1663 pro
3165 1607 3302 1647 auro
3339 1601 3391 1648 te
3433 1595 3624 1649 caalum

2065 1687 2121 1741 in
2157 1702 2377 1741 usuram
2406 1686 2654 1755 accipere
2684 1684 2830 1738 volo-
2857 1684 2968 1740 Cur
2997 1698 3127 1756 ergo
3158 1693 3211 1739 te
3250 1684 3303 1739 in
3333 1694 3627 1755 pauperta-

2065 1787 2171 1832 tem
2203 1776 2422 1847 redigis,
2469 1776 2600 1830 dum
2631 1776 2685 1830 in
2725 1785 2866 1830 terra
2898 1775 3180 1836 volutaris.
3218 1783 3274 1830 et
3323 1792 3488 1844 parva
3525 1791 3623 1844 pro

2061 1869 2271 1939 magnis
2312 1867 2518 1937 exigis?
2563 1865 2702 1919 Illud
2753 1865 2898 1920 enim
2950 1877 3036 1920 est
3076 1866 3209 1935 quid
3261 1867 3372 1920 sint
3416 1866 3623 1920 divitiae

2061 1961 2292 2016 nescire.
2323 1959 2460 2014 Cum
2500 1959 2643 2012 Deus
2669 1972 2770 2026 pro
2807 1957 3018 2027 exiguis
3050 1958 3158 2012 illis
3201 1958 3450 2027 pecuniis
3478 1957 3622 2011 bona

2062 2051 2158 2104 tibi
2188 2049 2420 2104 caelestia
2435 2046 2724 2117 promittit,
2753 2057 2808 2100 tu
2831 2062 2963 2101 vero
2985 2046 3142 2107 dicis,
3168 2046 3245 2100 Ne
3269 2047 3405 2100 mihi
3427 2047 3620 2101 caelum

2057 2141 2294 2204 dederis,
2336 2138 2431 2193 sed
2457 2153 2557 2208 pro
2585 2140 2716 2193 caelo
2737 2152 2930 2192 aurum
2960 2137 3090 2190 illud
3126 2139 3429 2206 periturum
3457 2155 3472 2190 ε
3510 2137 3616 2190 hoc

2055 2241 2139 2287 est
2162 2232 2299 2286 velle
2329 2232 2386 2284 in
2415 2230 2673 2300 pauperie
2704 2244 2945 2282 manere.
2984 2229 3062 2282 ita
3095 2229 3187 2297 qui
3213 2244 3370 2282 veras
3397 2229 3622 2282 divitias

2056 2322 2412 2392 concupiscit,
2457 2322 2504 2376 is
2533 2321 2808 2375 manentia
2847 2333 2946 2389 pro
2980 2319 3262 2388 perituris,
3296 2317 3620 2374 inexhausta

2056 2427 2157 2482 pro
2201 2411 2378 2475 ﬂuxis,
2423 2411 2592 2464 multa
2639 2425 2738 2478 pro
2776 2409 2984 2478 paucis,
3032 2408 3471 2477 ineorruptibilia
3518 2423 3618 2478 pro

2055 2503 2500 2572 corruptibilibus
2546 2503 2708 2571 eliget
2739 2519 2752 2554 :
2777 2509 2833 2555 et
2876 2499 2956 2554 sic
2985 2501 3073 2555 illa
3099 2501 3267 2554 etiam
3295 2510 3615 2569 sequentur.

2052 2597 2186 2652 Nam
2209 2597 2302 2665 qui
2329 2603 2527 2649 terram
2557 2601 2681 2647 ante
2710 2594 2900 2648 caelum
2922 2593 3135 2662 quaerit,
3162 2593 3230 2646 ab
3271 2593 3362 2646 illa
3391 2606 3616 2661 prorsus

2052 2685 2268 2744 excidet
2296 2701 2308 2738 :
2345 2683 2440 2753 qui
2483 2691 2666 2736 autem
2691 2680 2885 2734 caelum
2920 2691 3076 2734 terrae
3103 2680 3426 2748 praetulerit,
3458 2690 3610 2734 utro-

2051 2793 2156 2847 que
2188 2789 2352 2845 supra
2378 2775 2598 2829 modum
2624 2773 2856 2826 fruetur.
2894 2770 3048 2836 Quod
3093 2781 3150 2824 ut
3190 2786 3611 2839 consequamur,

2051 2873 2336 2940 praesentia
2359 2869 2542 2923 omnia
2564 2874 2998 2929 contemnentes,
3027 2865 3210 2920 futura
3239 2865 3380 2918 bona
3404 2865 3609 2934 deliga-

2049 2961 2297 3016 mus..lta
2327 2961 2473 3014 enim
2507 2968 2562 3013 et
2595 2959 2681 3013 his
2710 2967 2768 3012 et
2793 2959 2900 3012 illis
2929 2957 3194 3020 fruemur,
3225 2956 3395 3026 gratia
3429 2964 3485 3010 et
3519 2955 3617 3009 be-

2050 3051 2313 3121 nignitate
2339 3049 2555 3105 Domini
2585 3048 2760 3102 nostri
2785 3048 2912 3102 Jesu
2938 3045 3141 3100 Christi
3180 3062 3192 3096 :
3227 3045 3313 3099 cui
3356 3044 3528 3116 gloria
3557 3053 3615 3098 et

2051 3143 2343 3198 imnerium
2369 3141 2425 3195 in
2449 3141 2646 3195 srecula
2675 3139 3017 3194 saeculorum.
3045 3138 3240 3194 Amen.

1751 3874 2102 3940 HOMlLlA
2143 3875 2249 3938 VI.

368 4174 495 4232 Car.
531 4178 597 4232 11.
630 4195 682 4232 v.
715 4179 764 4231 1.
810 4176 943 4232 Cum
984 4185 1138 4230 natus
1190 4184 1317 4227 esset
1355 4173 1504 4227 Jesus
1551 4177 1607 4226 in
1640 4173 1937 4228 Bethlehem

439 4269 637 4323 Judazw
661 4270 715 4321 in
737 4269 914 4321 diebus
932 4267 1152 4321 Herodis
1177 4267 1331 4334 regis,
1355 4280 1467 4317 ecce
1485 4267 1625 4334 magi
1657 4265 1720 4318 ab
1741 4267 1937 4317 oriente

438 4370 691 4417 venerunt
734 4360 1142 4431 Jerosolymam,
1171 4359 1224 4411 9..
1266 4359 1541 4411 dicentes:
1585 4357 1678 4411 Ubi
1729 4368 1802 4410 est
1847 4359 1938 4428 qui

441 4464 597 4508 natus
627 4462 704 4506 est
736 4468 828 4505 rea:
855 4452 1163 4504 Judworum
1195 4449 1220 4501 ?
1268 4449 1499 4502 Vidimus
1546 4450 1684 4502 enim
1725 4448 1938 4503 stellam

439 4545 551 4614 ejus
579 4544 634 4596 in
668 4541 887 4604 oriente,
915 4548 964 4591 et
991 4541 1225 4594 venimus
1261 4539 1487 4592 adorare
1515 4554 1651 4591 eum.

440 4719 772 4788 Refelluntur
795 4719 834 4772 ii
865 4719 954 4788 qui
993 4734 1054 4771 ea:
1083 4717 1242 4772 stella
1292 4734 1569 4782 magorum
1612 4718 1936 4772 occasionem

370 4813 700 4884 arripiebant
762 4811 1106 4882 astrologiam
1160 4808 1447 4864 asserendi.
1477 4840 1543 4848 —
1569 4809 1736 4864 Multa
1775 4809 1936 4866 nobis

370 4921 511 4974 Opus
534 4913 618 4958 est
649 4903 946 4974 vigilantia,
973 4904 1160 4959 multis
1189 4903 1465 4972 precibus,
1512 4912 1574 4956 ut
1606 4911 1930 4972 prtesentem

371 4995 551 5050 locum
607 4995 879 5063 explicare
925 4995 1216 5064 possimus,
1270 5011 1334 5048 ac
1389 4996 1530 5050 scire
1571 4994 1667 5065 qui
1714 4994 1825 5050 sint
1876 4995 1930 5048 hi

371 5083 535 5155 magi,
568 5082 734 5147 unde,
764 5083 1061 5153 quomodo,
1095 5092 1150 5139 et
1185 5101 1294 5154 quo
1325 5083 1591 5140 suadente
1625 5085 1878 5140 venerint
1913 5102 1929 5150 ;

370 5180 428 5229 et
455 5188 702 5242 quaenam
733 5171 823 5226 illa
861 5174 1014 5228 stella
1040 5173 1226 5228 fuerit.
1259 5171 1372 5227 lmo
1417 5172 1581 5228 etiam
1608 5213 1622 5238 ,
1654 5174 1698 5228 si
1723 5173 1891 5228 vultis
1913 5213 1930 5238 ,

371 5278 436 5318 ea
467 5263 701 5332 primum
755 5264 812 5317 in
864 5264 1115 5318 medium'
1149 5265 1483 5320 adducamus
1509 5305 1523 5327 ,
1565 5281 1696 5332 quae
1737 5265 1932 5319 dicunt

370 5353 618 5407 veritatis
658 5352 889 5407 inimici.
924 5352 1138 5406 Etenim
1163 5369 1334 5422 usque
1361 5354 1498 5408 adeo
1525 5352 1777 5406 diabolus
1805 5353 1926 5406 illos

375 5445 596 5509 amavit,
630 5455 688 5500 ut
712 5446 838 5500 inde
870 5447 992 5500 illos
1019 5462 1168 5500 arma
1209 5453 1398 5499 contra
1442 5446 1730 5499 veritatem
1770 5444 1932 5498 mini-

372 5546 545 5592 strare
582 5539 892 5594 tcntaverit.
948 5537 1087 5602 Quid
1143 5539 1307 5602 igitur
1355 5539 1584 5594 dicunt?
1638 5538 1797 5602 Ecce,
1848 5538 1931 5590 in-

2035 4170 2252 4240 quiunt,
2281 4171 2501 4228 Christo
2545 4184 2677 4230 nato
2715 4175 2870 4231 stella
2924 4175 3216 4245 apparuit,
3270 4174 3420 4245 quod
3471 4186 3605 4232 sane

2037 4261 2249 4331 signum
2304 4273 2388 4318 est
2428 4268 2776 4336 astrologiam
2819 4281 3003 4320 veram
3051 4280 3172 4320 esse
3223 4265 3596 4336 disciplinam.

2034 4353 2316 4418 Quomodo
2360 4372 2490 4427 ergo
2529 4358 2574 4413 si
2620 4359 2714 4412 illo
2764 4358 2873 4411 ritu
2932 4366 2987 4412 et
3034 4358 3198 4412 modo
3261 4369 3426 4413 natus
3469 4367 3600 4424 est,

2035 4443 2381 4514 astrologiam
2421 4447 2600 4508 solvit,
2643 4447 2814 4502 fatum
2847 4447 3088 4511 sustulit,
3141 4446 3450 4502 daemonum
3497 4463 3597 4501 ora

2034 4531 2330 4599 obturavit,
2372 4551 2617 4591 errorem
2651 4539 2880 4607 expulit,
2907 4546 2962 4591 et
2984 4553 3178 4592 omnes
3204 4538 3588 4608 hujuscemodi

2034 4625 2335 4694 praestigias
2385 4627 2723 4681 eliminavit?
2767 4627 3054 4693 Quomodo
3099 4628 3267 4681 etiam
3307 4628 3447 4698 magi
3470 4643 3581 4697 per

2034 4714 2345 4784 hujusmodi
2377 4717 2589 4771 stellam
2619 4719 2871 4773 ediscunt
2905 4718 3086 4788 ipsum
3123 4732 3242 4772 esse
3282 4732 3464 4788 regem
3494 4717 3592 4774 Ju-

2033 4805 2322 4862 dzeorum?
2372 4826 2498 4864 cum
2554 4821 2703 4866 certe
2755 4827 2862 4864 non
2924 4810 3243 4880 huiusmodi
3294 4812 3445 4881 regni
3499 4825 3596 4868 rex

2031 4910 2196 4964 esset,
2229 4908 2287 4954 ut
2320 4901 2435 4972 ipse
2478 4902 2652 4957 Pilato
2685 4903 2903 4958 dicebat
2933 4919 2947 4955 :
2979 4901 3216 4973 Regnum
3262 4916 3436 4956 meum
3493 4916 3599 4958 non
3683 4894 3687 4898 ”

2032 5000 2108 5045 est
2137 4991 2200 5044 de
2225 4993 2321 5046 hoc
2345 4995 2539 5046 mundo
2567 4993 2746 5064 (Joan.
2784 4993 2871 5048 18.
2893 4992 3005 5061 56).
3050 4992 3200 5048 Nihil
3251 4991 3452 5064 quippe
3489 4993 3598 5056 tale

2033 5083 2357 5137 monstravit
2409 5103 2422 5137 :
2484 5099 2595 5138 non
2640 5084 2906 5151 hastatos,
2948 5099 3060 5140 non
3115 5085 3393 5157 clypeatos
3424 5126 3439 5151 ,
3483 5097 3599 5140 non

2032 5189 2224 5244 equos,
2255 5190 2364 5229 non
2400 5175 2684 5232 mulorum.
2708 5173 2920 5246 iugum,
2972 5190 3152 5247 neque
3182 5175 3464 5246 quidpiam
3518 5176 3598 5232 si—

2031 5265 2160 5318 mile
2207 5265 2414 5318 circum
2466 5279 2524 5319 se
2574 5263 2808 5331 habuit;
2860 5265 2955 5321 sed
2999 5267 3165 5320 vilem
3213 5276 3268 5320 et
3300 5280 3598 5336 pauperem

2033 5354 2201 5410 vitam
2249 5355 2476 5424 agebat,
2531 5355 2823 5410 duodecim
2886 5365 3095 5411 tantum
3160 5355 3351 5423 viros,
3391 5371 3597 5426 eosque

2036 5441 2502 5511 despicatissimos
2558 5444 2997 5500 circumducens.
3063 5445 3171 5500 Sed
3235 5445 3468 5506 etiamsi!
3515 5441 3599 5515 ip-

2038 5549 2158 5588 sum
2221 5533 2428 5588 scirent
2501 5551 2621 5590 esse
2694 5551 2926 5606 regem,
2985 5549 3085 5589 cur
3148 5535 3368 5591 tandem
3441 5533 3597 5591 illum
