4060 6156
537 244 610 300 63
1259 244 1313 302 S.
1353 246 1630 302 JO.\NNlS
1667 245 2142 327 CIIBYSOSTUMI
2184 247 2497 303 ABCIIIEP.
2539 248 3072 307 CONSTANTINOP.
3700 254 3770 309 64

532 363 714 423 ϐόντες
746 359 842 430 τὴν
885 359 1079 432 ἀρχὴν,
1127 360 1429 430 συνέθηκαν
1471 359 1578 410 ἀπὸ
1611 357 1712 424 τῆς
1734 354 1842 407 τῶν
1880 356 2090 422 ἄστρων

535 451 796 518 κινήσεως
819 450 886 502 τὰ
937 449 1196 519 μέλλοντα
1242 447 1489 500 ἔσεσθαι·
1538 444 1650 498 ἀλλ’
1701 441 2090 513 ἀντιστρόφως,

533 541 739 611 ἀστέρα
766 542 873 611 πρὸ
901 539 1094 594 πολλοῦ
1139 538 1234 592 τοῦ
1276 539 1466 610 χρόνου
1509 536 1831 606 θεασάμενοι
1863 533 2096 601 φανέντα

535 633 626 686 ἐπὶ
647 631 742 701 τῆς
759 630 940 686 αὐτῶν
967 629 1168 701 χώρας,
1187 629 1435 699 ἔρχονται
1450 623 1805 696 ὸψόμενοιτδν
1816 620 2092 691 τεχθέντα’

535 726 674 794 ὅπερ
717 722 813 781 καὶ
843 722 886 754 ⁸⁸
927 721 1057 774 αὐτὸ
1083 719 1176 773 τοῦ
1209 717 1477 789 προτέρου
1513 714 1720 785 σφόδρα
1750 710 2098 780 ἀπορώτερον

536 822 602 876 ἂν
630 824 737 893 εῑη.
767 823 863 884 Τίς
887 820 997 891 γάρ
1022 818 1218 881 αὐτοὺς
1255 817 1441 870 ἔπεισε
1468 815 1644 884 λόγος,
1684 815 1853 868 ποίων
1883 815 2102 883 ἀγαθῶν

537 914 712 978 ἐλπὶς,
755 915 848 966 τὸν
891 914 956 966 ἐκ
999 909 1258 964 τοσούτου
1314 908 1683 977 διαστήματος
1728 905 2102 977 προσκυνῆσαι

538 1005 792 1075 βασιλέα;
825 1005 889 1057 Et
930 1004 1030 1073 μὲν
1061 1002 1170 1071 γάρ
1195 997 1376 1053 αὐτῶν
1406 997 1600 1068 ἔμελλε
1637 995 1959 1067 βασιλεύειν,
1995 995 2100 1064 μά-

537 1095 695 1149 λιστα
739 1097 838 1166 μὲν
874 1094 995 1148 οὐδέ
1021 1092 1162 1146 οὓτω
1189 1090 1345 1158 λόγον
1374 1084 1488 1158 εἶχε
1533 1087 1594 1142 τὸ
1632 1087 1938 1158 γινόμενον.
1991 1086 2102 1140 Καὶ

539 1188 648 1258 γάρ
689 1189 736 1241 εί
773 1180 874 1256 μὲν
901 1188 959 1239 ἐν
1003 1184 1313 1254 βασιλικαῖς
1349 1183 1538 1245 αὐλαῖς
1565 1181 1827 1242 ἐτίκτετο,
1867 1178 1961 1231 καὶ
1995 1195 2099 1232 πα-

536 1280 665 1350 τρὸς
694 1278 842 1348 αὐτῷ
895 1277 1158 1346 βασιλέως
1197 1275 1482 1346 παρόντος,
1520 1272 1743 1333 είκότως
1782 1271 1848 1324 ἀν
1874 1287 1959 1333 τις
1998 1269 2100 1339 ἔφη

536 1370 780 1433 τούτους,
807 1367 1162 1438 βουλομένους
1189 1366 1280 1420 τὸν
1316 1365 1523 1436 πατέρα
1555 1361 1903 1432 θεραπεῦσαι,
1935 1378 2103 1431 προσ-

541 1461 772 1529 κυνῆσαι
825 1460 886 1512 τὸ
929 1457 1119 1528 τεχθὲν
1158 1456 1389 1520 παιδίον,
1420 1455 1514 1508 καὶ
1551 1454 1724 1524 ταύτῃ
1749 1451 1946 1522 πολλὴν
1979 1453 2103 1504 ἐαυ·

540 1552 652 1611 τοῖς
682 1549 938 1602 ὑπόθεσιν
968 1545 1374 1618 προαποθέσθαι
1401 1543 1632 1606 εὐνοίας.
1661 1541 1798 1594 Νυνὶ
1822 1540 1878 1593 δέ
1910 1541 2028 1594 οὐδὲ
2059 1541 2100 1572 ¹⁸

539 1639 720 1692 αὐτῶν
757 1637 1163 1709 προσδοκῶντες
1205 1635 1422 1688 ἔσεσθαι
1457 1631 1698 1703 βασιλέα,
1743 1631 1880 1685 ἀλλά
1918 1631 2103 1694 ἔθνους

543 1727 831 1781 ἀλλοκότου
862 1727 955 1778 καί
993 1725 1127 1779 πολὺ
1169 1726 1267 1795 τῆς
1295 1723 1473 1777 αὐτῶν
1501 1722 1868 1791 ἀφεστηκότος
1900 1720 2101 1790 χώρας,

542 1816 666 1870 οὐτε
697 1817 869 1887 ἄνδρα
885 1816 1117 1886 δρῶντες
1136 1815 1237 1884 ἤδη
1265 1815 1572 1884 γενόμενον,
1603 1814 1746 1875 τίνος
1769 1813 1957 1866 ἕνεκεν
1975 1828 2100 1864 τοσ-

543 1909 712 1979 αύτην
737 1908 1041 1961 στέλλονται
1064 1907 1388 1978 ἀποδημίαν,
1414 1907 1506 1958 καὶ
1526 1905 1674 1974 δῶρα
1712 1903 2101 1975 προσφέρουσι,

545 1999 824 2054 καὶταῦτα
847 1999 1130 2069 μέλλοντες
1150 1997 1286 2067 μετά
1308 1997 1563 2050 κινδύνων
1586 1996 1803 2050 ἅπαντα
1826 1994 2103 2065 πράττειν;

544 2091 654 2144 Καὶ
683 2090 790 2160 γὰρ
837 2089 933 2142 καί
982 2088 1230 2159 Ἡρώδης
1266 2087 1506 2148 ἀκούσας
1558 2085 1903 2156 διεταράχθη,
1938 2085 2032 2138 καὶ
2078 2087 2106 2138 ὁ

542 2179 714 2248 δῆμος
740 2178 884 2241 ἀπας
914 2177 1242 2248 ἐθορυϐεῖτο,
1272 2175 1446 2228 ταῦτα
1481 2173 1811 2236 ἀκούσαντες
1840 2176 1970 2244 παρ’
2005 2174 2105 2226 αὐ-

542 2266 668 2320 τῶν.
709 2267 847 2319 Ἀλλ’
889 2267 950 2319 οὐ
990 2266 1293 2336 προῄδεσαν
1330 2260 1476 2319 οὗτοι
1514 2263 1708 2317 ταῦτα.
1742 2263 1880 2315 Ἀλλ’
1910 2263 2009 2316 οὐκ
2041 2262 2107 2316 ἂν

544 2357 656 2426 ἔχοι
685 2357 862 2425 λόγον.
911 2356 975 2409 Εἰ
1005 2357 1118 2427 γὰρ
1141 2356 1234 2409 καὶ
1265 2354 1469 2425 σφόδρα
1494 2349 1636 2424 ἦσαν
1672 2353 1909 2420 ἀνόητοι,
1949 2353 2110 2406 τοῦτο

543 2449 642 2501 οὐκ
669 2449 734 2501 ἂν
764 2431 1059 2518 ἠγνόησαν,
1084 2448 1164 2500 ὃτι
1195 2447 1273 2508 είς
1298 2445 1450 2498 πόλιν
1486 2443 1905 2513 βασιλευομένην
1926 2443 2108 2496 ἐλθόν-

472 2595 476 2603 ,
543 2554 654 2600 τες,
694 2537 788 2590 καί⁸
831 2536 1052 2589 τοιαῦτα
1095 2532 1428 2606 κηρύξαντες
1453 2572 1466 2596 ,
1505 2534 1599 2587 καὶ
1656 2531 1876 2601 βασιλέα
1921 2531 2108 2601 ἕτερον

544 2625 698 2696 παρά
725 2626 813 2678 τὸν
845 2626 966 2678 τότε
999 2625 1125 2678 δντα
1155 2624 1198 2655 ¹⁶
1239 2622 1533 2686 δείξαντες,
1577 2621 1697 2690 οὐχὶ
1737 2620 1852 2692 [86]
1887 2620 2110 2690 μυρίους

544 2717 666 2768 καθ’
699 2716 907 2768 ἑαυτῶν
941 2714 1008 2768 ἂν
1041 2713 1420 2766 ἐπεσπάσαντο
1465 2712 1744 2774 θανάτους.
1794 2711 1858 2762 Τί
1886 2711 1941 2762 δὲ
1973 2711 2109 2771 ὅλως

545 2805 640 2858 καὶ
695 2803 1060 2874 προσεκύνουν
1103 2804 1161 2856 ἐν
1193 2801 1527 2873 σπαργάνοις
1555 2801 1713 2864 ὖντα;
1759 2800 1822 2852 Εἰ
1867 2799 1966 2869 μὲν
1995 2799 2103 2872 γὰρ

545 2893 684 2964 ἀνὴρ
714 2890 802 2965 ἦν,
838 2891 980 2975 εἶχεν
1011 2895 1076 2949 ἄν
1102 2911 1184 2956 τις
1229 2895 1421 2958 εἰπεῖν,
1465 2893 1543 2945 ὅτι
1576 2891 1981 2962 προσδοκῶντες
2010 2891 2108 2962 τὴν

544 2985 675 3055 παρ’
707 2986 888 3058 ¹αὐτοῦ
924 2985 1172 3056 βοήθειαν
1195 2987 1274 3050 εἰς
1313 2980 1585 3057 προῦπτον
1613 2983 1837 3044 ἑαυτοὺς
1869 2981 2096 3052 ἔρριψαν

549 3076 794 3131 κίνδυνον
811 3117 828 3142 ,
859 3079 994 3148 ὅπερ
1016 3079 1108 3131 καὶ
1135 3078 1265 3131 αὐτὸ
1291 3078 1390 3148 τῆς
1413 3077 1643 3147 ἐσχάτης
1661 3072 1882 3141 ἀλογίας
1897 3068 1985 3142 ἦν,
2010 3073 2103 3126 τὸν

547 3168 781 3239 Πέρσην,
817 3169 906 3222 τὸν
930 3171 970 3200 ¹⁷
1012 3169 1315 3240 βάρϐαρον,
1353 3170 1444 3224 καὶ
1483 3170 1633 3223 οὐδὲν
1684 3171 1859 3224 κοινὸν
1911 3168 2103 3238 ἔχοντα

537 3276 681 3345 πρὸς
705 3280 765 3329 τδ
796 3275 1065 3329 Ἰουδαίων
1097 3274 1272 3338 ἔθνος,
1299 3271 1582 3343 βούλεσθαι
1614 3271 1713 3342 μὲν
1739 3271 1838 3340 τῆς
1862 3269 2037 3332 οἰκίας
2057 3270 2102 3302 ⁸⁸

537 3365 886 3435 ἀφίστασθαι,
907 3364 1259 3435 καὶπατρίδα
1278 3365 1372 3417 καὶ
1395 3365 1674 3431 συγγενεῖς
1702 3362 1793 3415 καὶ
1808 3361 2040 3425 οἰκείους
2057 3360 2101 3392 ¹’⁹

536 3454 774 3524 ἀφιέναι,
807 3453 968 3524 ἑτέρα
1000 3453 1057 3506 δὲ
1090 3453 1316 3515 ἐαυτούς
1344 3451 1665 3504 ὑποϐάλλειν
1694 3449 1960 3520 βασιλεία.

609 3542 676 3612 β’.
709 3544 771 3595 Εἰ
801 3544 859 3596 δὲ
892 3541 1050 3596 τοῦτο
1079 3542 1327 3610 ἀνόητον,
1374 3540 1436 3593 τὸ
1469 3539 1604 3610 μετά
1633 3538 1791 3592 τοῦτο
1819 3536 2105 3607 ἀνοητότε-

541 3647 632 3701 ρον
679 3630 859 3700 πολλῷ
897 3629 1077 3684 πλέον.
1121 3630 1280 3701 Ποῖον
1318 3627 1382 3698 δὴ
1419 3627 1612 3690 τοῦτο;
1655 3627 1730 3679 Τὸ
1761 3625 1974 3696 μακρὰν
2010 3623 2104 3676 οῦ-

539 3739 646 3786 τως
715 3720 1024 3793 ἀποδημίαν
1083 3707 1334 3783 ἐλθόντας
1361 3756 1374 3780 ,
1441 3717 1538 3770 καὶ
1603 3717 2104 3787 προσκυνήσαντας,

539 3814 633 3867 καὶ
677 3815 1016 3884 ταράξαντας
1074 3813 1316 3876 πάντας,
1362 3810 1614 3864 ἀπελθεῖν
1657 3807 1881 3871 εὐθέως.
1932 3807 1995 3860 Τί
2047 3807 2104 3860 δὲ

537 3902 672 3967 ὅλως
711 3904 804 3956 καὶ
861 3902 1131 3973 βασιλείας
1195 3901 1461 3972 σύμϐολον
1513 3897 1672 3966 εἶδον,
1722 3899 1962 3968 καλύϐην
2012 3897 2107 3950 καὶ

538 3987 764 4059 φάτνην,
811 3991 907 4043 καὶ
963 3991 1174 4044 παιδίον
1221 3991 1280 4042 ἐν
1329 3990 1692 4061 σπαργάνοις,
1748 3989 1842 4040 καὶ
1895 3986 2106 4056 μητέρα

537 4080 754 4150 πτωχὴν
800 4081 995 4145 ἰδόντες
1032 4083 1106 4147 ²⁸;
1155 4083 1272 4136 Τίνι
1301 4084 1346 4115 ἰ
1389 4081 1445 4134 δέ
1494 4081 1587 4133 καὶ
1633 4079 1702 4132 τὰ
1751 4077 1897 4148 δῶρα
1941 4093 2108 4146 προσ-

536 4168 753 4239 έφερον,
789 4171 882 4223 καὶ
909 4170 1051 4232 τίνος
1094 4171 1310 4235 ’ἐνεκενς
1353 4165 1501 4238 ’Λρα
1535 4167 1695 4237 νόμος
1737 4161 1804 4236 ἦν
1834 4164 1926 4218 καὶ
1955 4163 2104 4228 ἔθος,

536 4259 661 4320 τοὺς
719 4258 990 4328 πανταχοῦ
1048 4258 1396 4327 τικτομένους
1451 4255 1700 4325 βασιλέας
1751 4252 1892 4306 οὓτω
1943 4251 2106 4322 θερα-

537 4346 762 4412 πεύειν;
798 4349 892 4401 καὶ
925 4348 1104 4400 πᾶσαν
1133 4347 1429 4417 περιῄεσαν
1480 4344 1567 4396 ἀεὶ
1620 4344 1717 4412 τὴν
1751 4343 2103 4411 οἰκουμένην,

537 4434 628 4496 οὓς
650 4435 847 4505 ᾔδεσαν
877 4435 1166 4504 ἐσομένους
1193 4433 1446 4502 βασιλέας
1479 4432 1588 4484 ἀπὸ
1627 4431 1835 4501 μικρῶν
1881 4431 1973 4484 καὶ
2015 4432 2106 4484 εὐ-

538 4523 725 4587 τελῶν,
759 4524 886 4594 πρὶν
914 4523 1004 4575 ἐπὶ
1041 4523 1133 4576 τὸν
1162 4523 1345 4594 θρόνον
1374 4522 1464 4574 τὸν
1500 4520 1775 4592 βασιλικὸν
1806 4521 2069 4591 ἀναϐῆναι
2088 4561 2105 4588 ,

537 4612 999 4680 προσκυνοῦντεςς
1044 4610 1183 4663 Ἀλλ’
1216 4611 1315 4663 οὐκ
1355 4609 1422 4663 ἂν
1468 4609 1580 4680 ἔχοι
1618 4627 1702 4672 τις
1729 4607 1885 4661 τοῦτο
1907 4611 2103 4663 εἰπεῖν.

537 4701 693 4764 Τίνος
717 4701 773 4754 δέ
801 4702 985 4754 ἕνεκεν
1009 4703 1104 4756 καὶ
1135 4700 1535 4771 προσεκύνουν;
1557 4701 1618 4752 Εἰ
1651 4699 1750 4769 μὲν
1781 4699 1889 4753 τῶν
1910 4701 2109 4770 παρόν-

537 4810 643 4846 των
666 4794 869 4856 ἕνεκεν,
895 4795 988 4848 καὶ
1022 4795 1074 4847 τί
1101 4793 1442 4864 προσεδόκων
1473 4794 1623 4862 παρά
1644 4792 1853 4845 παιδίου
1888 4794 1980 4846 καὶ
2006 4811 2110 4862 μη-

536 4885 663 4953 τρὸς
686 4885 932 4948 εὐτελοῦς
958 4885 1217 4956 λήψεσθαι
1239 4902 1252 4948 ;
1278 4887 1326 4937 εἰ
1350 4886 1405 4938 δὲ
1437 4886 1542 4938 τῶν
1575 4885 1874 4957 μελλόντων
1901 4887 2104 4953 ἕνεκεν,

538 4976 630 5027 καὶ
683 4975 845 5028 πόθεν
883 4977 1078 5048 ᾔδεσαν
1112 4979 1194 5032 ὅτι
1223 4977 1696 5049 ἀπομνημονεύσει
1734 4977 1840 5028 τῶν
1869 4977 1987 5028 τότε
2025 4994 2108 5045 γι-

538 5066 795 5137 νομένων·
816 5070 861 5099 ³³
899 5071 927 5121 ό
956 5071 1083 5132 παῖς
1117 5070 1173 5122 ἐν
1207 5070 1540 5138 σπαργάνοις
1585 5066 2013 5138 προσκυνηθείς;
2047 5067 2108 5120 ΕΞ

539 5157 594 5211 δὲ
630 5159 664 5228 ή
697 5160 879 5229 μήτηρ
914 5159 1135 5229 ἔμελλεν
1159 5160 1592 5229 ἀναμιμνήσκειν
1619 5159 1800 5221 αὐτὸν,
1827 5156 1945 5210 οὐδὲ
1967 5156 2110 5208 οὕτω

538 5249 724 5320 τιμῆς,
755 5249 889 5302 ἀλλά
922 5249 1192 5312 κολάσεως
1216 5245 1354 5318 ἦσαν
1394 5249 1553 5313 ἄξιοι,
1593 5250 1673 5312 εἰς
1704 5244 1977 5319 προῦπτον
2009 5249 2108 5315 ἑμ-

541 5341 824 5405 ϐάλλοντες
848 5341 1010 5395 αὐτὸν
1047 5342 1308 5396 κίνδυνον.
1345 5340 1621 5394 Ἐντεῦθεν
1652 5339 1778 5407 γοῦν
1803 5343 1832 5394 ὁ
1872 5340 2111 5410 Ἡρώδης

608 5570 654 5649 ζδ
689 5565 1031 5649 αὐτῆ-τοῦτο
1074 5567 1208 5649 Ερέ.
1244 5580 1305 5649 ὀι
1334 5572 1455 5649 (ιοᾲΣ

547 5655 748 5691 κουντα

548 5710 589 5738 ¹¹
627 5705 773 5781 Τίνι]
796 5709 859 5762 Τί
891 5705 1077 5781 ἰίιίιξιιι.
1147 5712 1199 5781 f’
1229 5713 1536 5781 γενομένων
1569 5713 1628 5767 F.

1483 5580 1682 5642 praeter
1708 5572 1770 5627 F.

541 5843 859 5910 διδάξαντες
893 5849 953 5904 υ.
982 5848 1043 5903 Ε.
1072 5843 1083 5850 ’
1121 5852 1164 5881 ¹⁹
1201 5852 1290 5904 καί
1324 5843 1431 5907 mit.
1470 5843 1527 5911 Α.
1566 5853 1622 5906 Β.
1651 5843 1710 5906 Ιξ.

1869 5573 1912 5605 ιε
1947 5573 2091 5605 magn
2133 5573 2204 5605 ..4.
2238 5573 2266 5605 F

827 5570 844 5637 ]
874 5570 1031 5622 τοῦτο
1074 5570 1208 5625 Edd.
1251 5580 1305 5625 el
1334 5572 1455 5627 cod.
1483 5580 1682 5642 praeter
1708 5572 1770 5627 F.
1869 5573 1912 5605 "
1947 5571 2091 5644 οὐδέ]

889 5638 1001 5711 τόν]
1029 5640 1121 5693 καί
1146 5639 1206 5693 F.
1229 5641 1332 5695 An.
1413 5642 1456 5674 ³⁸
1478 5644 1685 5706 οἰκείας
1713 5643 1780 5696 Β,
1809 5643 1869 5697 C.
1950 5643 1992 5674 η
2011 5645 2103 5694 οἰκ.

2203 5624 2204 5639 γ
2238 5570 2375 5626 Edd.
2480 5571 2524 5602 ²⁶
2554 5570 2707 5642 ὂντα]
2747 5570 2842 5625 Sic
2887 5571 2953 5622 Α.
2984 5570 3044 5623 Β.

2203 5639 2271 5711 ις]
2302 5640 2391 5711 S_ic
2413 5639 2478 5695 F.
2504 5639 2632 5695 δον.
2659 5640 3068 5711 (ιιιυιοτίᾼοίκους.

628 5709 776 5793 Tim].
796 5709 859 5793 Τί
891 5709 1077 5793 iimi’m.
1147 5712 1199 5793 1’
1229 5713 1536 5793 χενομένων
1569 5713 1628 5793 Ε..
1706 5716 1751 5744 ³³
1780 5711 1899 5783 ὅσα]
1938 5714 2079 5765 πόσα

2203 5709 2279 5793 1-,;
2315 5709 2362 5740 “
2389 5711 2584 5793 ῖθξίυξ]
2621 5711 2793 5793 μείξιι

545 5778 776 5848 ταύτην]
813 5781 887 5839 είς
912 5780 1115 5850 ταύτην
1147 5778 1204 5832 Ι).
1231 5781 1289 5834 Ε,
1311 5778 1397 5846 ’τις
1418 5800 1500 5844 τις
1522 5782 1724 5851 ταύτην
1753 5783 1811 5834 Β.
1839 5778 2097 5852 τοιαύτην
2127 5779 2356 5849 βαδίζων
2385 5781 2503 5834 ὁδόν
2537 5778 2667 5852 (du).
2687 5781 2793 5850 τις)
2829 5779 2892 5834 F.
2969 5780 3015 5811 ‘7
3039 5780 3124 5833 ὅτε

545 5843 859 5906 διδάξαντες
893 5849 953 5904 υ.
982 5848 1043 5903 Ε.
1121 5852 1164 5881 ¹⁹
1201 5852 1290 5904 καί
1324 5869 1431 5906 om.
1470 5854 1527 5906 Α.
1566 5853 1622 5906 Β.
1651 5854 1710 5906 Ε.
1788 5851 1834 5882 ³⁸
1861 5853 1952 5904 καί
1981 5870 2087 5906 om.
2124 5851 2183 5905 ιτ.
2260 5854 2302 5882 ³¹
2337 5855 2627 5906 κατασχεῖν
2656 5849 2716 5906 F.

2203 364 2524 433 ταραχθεὶς,
2563 368 2657 419 καὶ
2687 369 2898 439 ἐζήτει,
2933 372 3025 421 καὶ
3064 367 3492 439 περιειργάζετο,
3535 372 3629 422 καὶ
3674 372 3768 423 ἀν-

2203 451 2342 506 ελεῖν
2365 455 2656 526 ἐπεχείρει.
2691 460 2802 512 Καὶ
2827 459 3104 530 πανταχοῦ
3129 461 3186 513 δὲ
3209 461 3236 512 ὁ
3263 462 3353 514 τον
3379 463 3637 531 μέλλοντα
3671 466 3768 533 βα-

2203 542 2431 600 σιλεύειν
2471 546 2586 620 [87]
2616 549 2914 621 κατάδηλον
2951 551 3153 609 ποιῶν.
3189 552 3252 603 ἐκ
3299 553 3520 622 πῴιτης
3557 554 3771 623 ἡλικίας

2205 636 2418 708 ἰδιώτην
2441 639 2590 702 ὄντα,
2619 639 2770 693 οὐδὲν
2796 640 2982 711 ἕτερον
3010 641 3043 712 ἢ
3075 645 3256 714 σφαγῇ
3279 646 3616 715 παραδίδωσι
3635 689 3650 712 ,
3675 652 3768 705 καὶ

2201 729 2427 798 μυρίους
2483 731 2711 784 ἀνάπτει
2767 730 3038 801 πολέμους
3087 733 3256 803 αὐτῷ.
3310 729 3462 798 Εἶδες
3485 737 3585 790 ὅσα
3610 739 3658 770 ⁸³
3700 742 3768 793 τά

2195 818 2373 873 ἄτοπα
2389 820 2654 889 φαίνεται,
2680 822 2729 874 εί
2761 820 2905 875 κατὰ
2938 821 3283 894 ἀνθρωπίνην
3329 825 3647 882 ἀκολουθίαν
3675 830 3770 883 καὶ

2196 911 2380 982 κοινὴν
2400 911 2686 982 συνήθειαν
2709 912 2881 966 ταῦτα
2901 912 3148 978 ἐξετάσαι
3155 930 3285 984 μεν;
3308 916 3443 968 Οὐδὲ
3455 917 3569 988 Δγάρ
3591 917 3771 971 ταῦτα

2199 1003 2378 1072 μόνον,
2406 1003 2542 1056 ἀλλά
2561 1005 2655 1056 καὶ
2681 1004 2900 1058 πλείονα
2921 1006 3124 1059 τούτων
3148 1006 3274 1076 ἐνῆν
3301 1008 3474 1060 εἰπεῖν
3494 1047 3510 1071 ,
3542 1008 3764 1080 ζήτησιν

2196 1093 2385 1162 ἔχοντα
2415 1091 2586 1146 πλείω
2606 1095 2652 1125 ³⁸
2681 1094 2788 1146 τῶν
2807 1096 3128 1165 εἰρημένων.

2280 1183 2418 1235 Ἀλλ’
2451 1183 2538 1235 ἵνα
2569 1183 2647 1254 μὴ
2671 1185 3031 1248 συνάπτοντες
3068 1186 3302 1254 ἀπορίας
3333 1187 3586 1256 ἀπορίαις
3626 1177 3765 1257 ἰλιγ-

2197 1275 2320 1344 γιᾷν
2358 1274 2502 1343 ὑμᾶς
2531 1275 2792 1345 ποιῶμεν,
2827 1276 2959 1346 φέρε
2988 1276 3052 1347 δὴ
3077 1276 3259 1330 λοιπὸν
3288 1279 3379 1330 ἐπὶ
3404 1281 3450 1311 ’⁸
3485 1280 3582 1350 τὴν
3613 1279 3768 1333 λύσιν

2195 1361 2302 1414 τῶν
2327 1363 2671 1433 ζητουμένων
2699 1364 2961 1435 ἔλθωμεν,
2985 1365 3159 1436 ἀρχὴν
3181 1366 3281 1436 τῆς
3306 1367 3511 1432 λύσεως
3542 1369 3650 1423 ἀπὸ
3669 1370 3768 1422 τοῦ

2195 1453 2421 1524 ἀστέρος
2468 1454 2630 1508 αὐτοῦ
2675 1455 3004 1526 ποιούμενοι.
3057 1459 3154 1511 Ἂν
3191 1457 3299 1529 γὰρ
3329 1459 3590 1530 μάθωμεν
3619 1461 3703 1525 τίς
3733 1463 3764 1514 δ

2195 1542 2388 1614 ἀστὴρ,
2417 1545 2511 1598 καὶ
2535 1545 2800 1612 ποταπὸς,
2831 1548 2924 1601 καὶ
2949 1548 2998 1599 εἰ
3028 1547 3136 1600 τῶν
3155 1549 3369 1602 πολλῶν
3396 1547 3476 1614 είς
3495 1591 3510 1614 ,
3544 1552 3576 1622 ἢ
3618 1551 3762 1616 ξένος

2197 1635 2346 1704 παρά
2365 1635 2493 1699 τοὺς
2523 1635 2734 1704 ἄλλους,
2775 1639 2867 1691 καὶ
2893 1640 2940 1691 εἰ
2975 1638 3132 1708 φύσει
3159 1641 3354 1712 ἀστὴρ,
3381 1643 3412 1712 ἢ
3447 1642 3568 1712 δψει
3605 1646 3764 1714 μόνον

2195 1721 2389 1793 ἀστὴρ,
2421 1724 2655 1788 εὐκόλως
2676 1726 2769 1778 καὶ
2797 1729 2864 1779 τά
2900 1727 3035 1781 ἄλλα
3057 1730 3234 1782 πάντα
3274 1731 3549 1802 είσόμεθα.
3595 1734 3764 1786 Πόθεν

2196 1807 2286 1864 οῦν
2313 1812 2484 1867 ταῦτα
2500 1814 2651 1869 ἔσται
2669 1816 2803 1887 δῆλα
2822 1834 2835 1882 ;
2871 1819 3001 1871 ’Λπδ
3021 1819 3130 1872 τῶν
3144 1822 3542 1892 γεγραμμένων
3562 1823 3764 1880 αὐτῶν.

2198 1901 2317 1953 Ὅτι
2343 1901 2453 1972 γάρ
2478 1903 2538 1955 οὐ
2567 1904 2676 1956 τῶν
2707 1905 2915 1958 πολλῶν
2936 1903 3017 1970 εἷς
3047 1907 3076 1958 δ
3104 1909 3278 1980 ἀστὴρ
3317 1904 3468 1973 οὗτος
3495 1905 3583 1981 ἦν,
3625 1913 3760 1981 μᾶλ-

2197 1987 2286 2042 λον
2309 1991 2366 2044 δὲ
2383 1992 2504 2045 οὐδὲ
2535 1994 2732 2064 ἀστὴρ,
2754 1996 2829 2059 ώς
2849 1996 3038 2065 ἔμοιγε
3065 1999 3229 2062 δοκεῖ,
3261 2001 3398 2054 ἀλλά
3421 2003 3648 2074 δύναμίς
3675 2023 3761 2070 τις

2195 2079 2426 2149 ἀόρατος
2473 2081 2555 2144 είς
2598 2082 2801 2154 ταύτην
2833 2089 3402 2157 μετασχηματισθεῖσα
3448 2093 3550 2162 τὴν
3599 2095 3721 2164 ὄψιν
3745 2136 3760 2157 ,

2196 2169 2410 2240 πρῶτον
2433 2171 2542 2224 ἀπὸ
2568 2172 2667 2242 τῆς
2684 2175 2917 2243 ,πορείας
2945 2177 3113 2246 αὐτῆς
3142 2177 3319 2247 δῆλον.
3361 2180 3437 2232 Οὐ
3460 2182 3567 2253 γάρ
3594 2184 3763 2247 ἐστιν,

2197 2257 2297 2309 οὐκ
2326 2256 2471 2310 ἐστιν
2511 2258 2686 2329 ἀστήρ
2715 2277 2800 2323 τις
2824 2261 2872 2292 ⁸⁸
2909 2261 3110 2332 ταύτην
3143 2261 3370 2331 βαδίζων
3421 2268 3520 2336 τὴν
3597 2270 3714 2322 ὁδόν
3742 2287 3758 2301 ο

2194 2345 2332 2401 ἀλλά
2369 2347 2472 2400 κᾶν
2499 2347 2648 2417 ἣλιον
2668 2350 2846 2421 εἴπῃς,
2875 2353 2978 2404 κᾶν
3014 2352 3260 2424 σελήνην,
3289 2355 3393 2409 κᾶν
3416 2358 3541 2421 τοὺς
3569 2358 3765 2422 ἄλλους

2196 2437 2444 2500 ἅπαντας
2488 2439 2750 2508 ἀστέρας,
2801 2441 2861 2505 ἐξ
2892 2442 3162 2496 ἀνατολῶν
3211 2444 3305 2497 ἐπὶ
3349 2444 3499 2498 δύσιν
3549 2448 3761 2519 ὁρῶμεν

2198 2527 2531 2600 χωροῦνταςο
2566 2524 2718 2593 οὗτος
2756 2530 2813 2584 δέ
2853 2532 2960 2586 ἀπὸ
2991 2534 3192 2604 ἄρκτου
3231 2535 3369 2607 πρὸς
3420 2539 3763 2610 μεσημϐρίαν

2197 2619 2454 2689 ἐφέρετοο
2490 2618 2632 2674 οὐτω
2655 2621 2762 2692 γάρ
2790 2622 2824 2692 ἡ
2877 2622 3205 2695 Παλαιστίνη
3236 2625 3372 2697 πρὸς
3407 2627 3504 2699 τὴν
3526 2629 3762 2699 Περσίδα

2197 2707 2568 2762 κεῖται.Δεύτε
2577 2725 2688 2779 ρον,
2706 2711 2798 2763 καὶ
2815 2711 2923 2764 ἀπὸ
2944 2713 3040 2766 τοῦ
3057 2714 3250 2785 καιροῦ
3267 2714 3424 2769 τοῦτο
3443 2717 3590 2770 ἐστιν
3611 2719 3760 2773 ἰδεῖν.

2197 2797 2272 2850 οὐ
2303 2799 2410 2868 γάρ
2439 2799 2497 2850 ἐν
2520 2799 2674 2852 νυκτί
2697 2799 2966 2869 φαίνεται,
2996 2802 3111 2857 ἀλλ’
3139 2806 3197 2856 ἐν
3220 2805 3404 2876 ἡμέρᾳ
3421 2807 3581 2880 μέσῃ,
3611 2809 3765 2879 ἡλίου

2197 2889 2528 2959 λάμποντοςο
2559 2892 2697 2962 ὅπερ
2737 2893 2836 2947 οὐκ
2882 2894 2998 2947 ἔστι
3029 2895 3309 2966 δυνάμεως
3347 2899 3594 2969 ἀστέρος,
3647 2900 3755 2954 ἀλλί

2197 2981 2317 3034 οὐδὲ
2353 2982 2579 3053 σελήνης
2600 3000 2612 3012 ·
2637 2985 2672 3054 ἡ
2705 2985 2814 3055 γάρ
2858 2984 3108 3041 τοσοῦτον
3138 2987 3354 3042 πάντων
3384 2990 3724 3059 ὑπερέχουσα
3745 3031 3760 3053 ,

2195 3077 2296 3148 τῆς
2320 3075 2534 3138 ἀκτῖνος
2559 3073 2815 3144 φανείσης
2839 3077 2938 3146 τῆς
2959 3074 3213 3144 ἡλιακῆς,
3235 3073 3535 3144 κρύπτεται
3564 3073 3770 3138 εὐθέως

2198 3167 2293 3220 καὶ
2321 3167 2656 3235 ἀφανίζεται.
2691 3161 2856 3229 Οὐτος
2887 3167 2942 3219 δὲ
2975 3169 3040 3237 τῇ
3075 3166 3175 3235 τῆς
3207 3166 3411 3229 οἰκείας
3449 3165 3768 3236 λαμπρότη-

2197 3275 2290 3322 τος
2321 3257 2592 3328 ὑπερϐολῇ
2620 3257 2713 3309 καὶ
2739 3257 2838 3320 τὰς
2867 3257 3090 3320 ἀκτῖνας
3115 3256 3332 3328 ἐνίκησε
3383 3255 3484 3319 τὰς
3513 3255 3768 3326 ήλιακάς,

2201 3351 2494 3418 φανότερος
2516 3350 2741 3404 ἐκείνων
2768 3349 2981 3416 φανείς,
3010 3344 3104 3403 καὶ
3139 3350 3196 3402 ἐν
3223 3347 3463 3418 τοσούτῳ
3490 3347 3628 3416 φωτὶ

2205 3441 2388 3512 μεῖζον
2415 3439 2652 3511 λάμψας.
2677 3441 2892 3511 Τρίτον,
2919 3440 3028 3493 ἀπὸ
3049 3439 3144 3492 τοῦ
3173 3438 3457 3508 φαίνεσθαι
3489 3439 3583 3492 καὶ
3607 3438 3775 3492 πάλιν

2203 3531 2553 3604 κρύπτεσθαι.
2584 3531 2694 3602 Τὴν
2721 3532 2817 3602 μὲν
2840 3531 2949 3602 γάρ
2965 3531 3070 3594 ἐως
3092 3531 3448 3601 Παλαιστίνης
3473 3529 3590 3584 ὁδὸν
3619 3529 3775 3598 ἐφαί-

2201 3640 2321 3676 νετο
2356 3624 2738 3694 χειραγωγῶνο
2772 3625 2956 3694 ἐπειδὴ
2978 3625 3034 3677 δέ
3053 3624 3328 3694 ἐπέϐησαν
3343 3623 3452 3676 τῶν
3483 3623 3776 3694 Ἱεροσολύ-

2208 3732 2342 3785 μων,
2371 3715 2608 3785 έκρυψεν
2640 3716 2864 3769 ἑαυτόνο
2897 3712 3014 3769 εἶτα
3043 3715 3200 3770 πάλιν
3235 3716 3322 3768 ὅτε
3335 3716 3378 3747 ’⁷
3403 3714 3495 3767 τὸν
3524 3713 3780 3786 Ἡρώδην

2207 3805 2452 3875 ἀφέντες,
2483 3806 2786 3873 διδάξαντες
2809 3807 2855 3838 ³⁸
2884 3807 3046 3859 αὐτὸν
3064 3806 3204 3877 ὑπὲρ
3235 3799 3309 3859 ὧν
3336 3801 3519 3877 ἦλθον,
3549 3805 3776 3875 ἔμελλον

2205 3896 2442 3960 ἀπιέναι,
2489 3895 2758 3949 δείκνυσιν
2805 3897 3034 3950 ἐαυτόνσ
3076 3897 3212 3967 ὅπερ
3251 3897 3350 3949 οὐκ
3395 3896 3540 3948 ἔστιν
3574 3896 3778 3964 ἄστρου

2208 3986 2490 4052 κινήσεως,
2521 3985 2656 4038 ἀλλὰ
2698 3987 2974 4056 δυνάμεώς
3015 4003 3156 4050 τινος
3203 3986 3592 4055 λογικωτάτης.
3640 3985 3778 4037 Οὐδὲ

2209 4077 2314 4145 γάρ
2334 4075 2469 4128 ἰδίαν
2494 4076 2616 4130 τινὰ
2632 4075 2856 4146 πορείαν
2879 4071 3046 4146 εἶχεν,
3065 4075 3178 4129 ἀλλ’
3201 4076 3288 4128 ὅτε
3313 4076 3414 4146 μὲν
3435 4075 3540 4128 ἔδει
3565 4074 3781 4144 βαδίσαι

2209 4169 2435 4233 αὐτοὺς,
2465 4167 2709 4234 ἐϐάδιζεν
2731 4183 2745 4200 °
2787 4169 2878 4223 ὅτε
2919 4169 2976 4223 δὲ
3011 4169 3200 4239 στῆναι
3223 4207 3237 4230 ,
3273 4169 3486 4230 ἵστατο,
3533 4166 3669 4237 πρὸς
3717 4167 3785 4218 τὸ

2209 4259 2328 4314 δέον
2357 4259 2531 4313 πάντα
2568 4258 2864 4328 οἰκονομῶν
2886 4274 2900 4288 ο
2932 4257 3182 4328 καθάπερ
3223 4259 3251 4310 δ
3278 4256 3463 4319 στῦλος
3497 4256 3595 4325 τῆς
3624 4255 3782 4322 νεφέο

2210 4348 2327 4419 λης,
2360 4349 2456 4402 καὶ
2481 4349 2525 4381 ’⁸
2559 4349 2794 4413 καθίζων
2825 4349 2917 4402 καὶ
2950 4349 3179 4419 ἐγείρων
3199 4347 3258 4400 τὸ
3288 4346 3648 4418 στρατόπεδον
3669 4345 3782 4397 τῶν

2223 4441 2509 4507 Ἰουδαίων,
2543 4441 2706 4512 ἡνίκα
2747 4442 2936 4511 ἐχρῆν.
2979 4440 3280 4510 Τέταρτον,
3308 4435 3416 4491 ἀπὸ
3443 4434 3535 4488 τοῦ
3575 4434 3785 4505 τρόπου

2211 4533 2308 4602 τῆς
2336 4531 2551 4596 δείξεως
2579 4531 2737 4585 τοῦτο
2780 4531 2845 4584 ἄν
2875 4549 2960 4593 τις
2982 4527 3291 4599 καταμάθοι
3333 4525 3538 4595 σαφῶς.
3571 4527 3647 4579 Οὐ
3673 4525 3785 4595 γάρ

2213 4623 2324 4677 ἀνω
2360 4623 2534 4692 μένων
2570 4624 2662 4675 τὸν
2693 4623 2855 4674 τόπον
2879 4623 3089 4675 ἐδείκνυ
3113 4636 3126 4649 ·
3168 4619 3286 4671 οὐδέ
3316 4618 3425 4688 γὰρ
3459 4615 3682 4670 δυνατὸν
3710 4611 3786 4685 ἦν

2212 4713 2394 4776 αὐτοῖς
2451 4713 2593 4765 οὕτω
2650 4712 2876 4782 μαθεῖν·
2937 4710 3073 4764 ἀλλά
3122 4709 3273 4763 κάτω
3321 4707 3564 4770 καταϐὰς
3625 4705 3788 4758 τοῦτο

2217 4804 2405 4857 ἐποίει.
2435 4805 2577 4857 Ἵστε
2615 4804 2741 4874 γὰρ,
2771 4805 2853 4856 ὅτι
2881 4803 3044 4856 τόπον
3066 4801 3206 4854 οὕτω
3231 4800 3446 4871 μικρὸν,
3484 4798 3578 4851 καὶ
3593 4797 3639 4828 ³⁸
3661 4799 3786 4850 ὅσον

2216 4893 2361 4956 εἰκὸς
2391 4893 2632 4962 καλύϐην
2667 4895 2976 4963 κατασχεῖν,
3011 4892 3209 4962 μᾶλλον
3230 4890 3286 4942 δὲ
3314 4891 3438 4942 ὅσον
3456 4885 3602 4949 είιιδς
3627 4886 3789 4955 σῶμα

2214 4982 2424 5034 παιδίου
2462 4983 2657 5052 μικροῦ
2683 4983 2929 5051 κατέχειν
2947 4983 3014 5049 ³³,
3050 4985 3149 5053 οὐχ
3179 4977 3292 5036 οἷόν
3327 4999 3384 5034 τε
3408 4981 3612 5051 ἀστέρα
3652 4997 3790 5047 γνω-

2217 5073 2404 5144 ρίζειν.
2449 5073 2664 5143 Ἐπειδὴ
2687 5073 2794 5144 γὰρ
2823 5073 3048 5144 ἄπειρον
3067 5075 3126 5127 τὸ
3157 5073 3308 5143 {aq/0;.
3339 5073 3438 5125 οὐκ
3467 5073 3624 5141 ἢρκει
3646 5071 3792 5125 οὕτω

2218 5165 2398 5217 στενὸν
2429 5165 2590 5218 τόπον
2617 5165 3018 5236 χαρακτηρίσαι
3047 5166 3142 5218 καὶ
3174 5164 3435 5233 γνωρίσαι
3465 5166 3576 5226 τοῖς
3604 5164 3790 5233 βουλο-

2221 5257 2400 5325 μένοις
2432 5256 2577 5308 ίδείν.
2613 5257 2721 5308 Καὶ
2745 5257 2904 5310 τοῦτο
2931 5256 3038 5310 ἀπὺ
3067 5257 3163 5325 τῆς
3197 5257 3422 5325 σελήνης
3457 5256 3555 5309 ἴδοι
3579 5272 3664 5318 τις
3687 5255 3755 5308 ἀν
3777 5270 3791 5283 ·

2220 5348 2252 5415 ἢ
2285 5347 2536 5400 τοσοῦτον
2563 5348 2874 5418 ὐπερφερὴς
2917 5345 3049 5401 οὖσα
3089 5349 3197 5401 τῶν
3226 5349 3473 5417 ἄστρων,
3507 5351 3642 5402 πᾶσι
3679 5355 3800 5414 τοῖς

2480 5571 2524 5602 ³⁸
2554 5569 2707 5642 ὂντα]
2747 5569 2842 5625 Sic
2887 5571 2953 5622 Α.
2984 5569 3044 5623 Β.
3078 5567 3384 5640 κρατοῦντα
3412 5566 3471 5620 F.
3508 5564 3672 5632 vulgo
3707 5564 3792 5618 οί-

2504 5639 2610 5669 α-..
2660 5642 2839 5669 human:
2866 5640 3048 5669 dum...
3146 5639 3193 5669 20
3220 5639 3420 5669 ιέΑιμνορ
3443 5651 3528 5669 nm
3585 5635 3627 5669 Π
3684 5637 3760 5669 An

2961 5657 3068 5702 ους.
3118 5635 3193 5669 ’²⁶
3220 5639 3420 5698 ἰδόντες
3442 5651 3553 5688 nm.
3585 5635 3649 5688 Ρ.
3678 5637 3785 5688 An.

2961 5710 3007 5741 “
3041 5709 3158 5765 ἐπί]
3177 5711 3268 5762 καὶ
3293 5710 3384 5761 ὲπί
3414 5705 3553 5760 ΕιιιΙ.
3628 5705 3675 5737 ⁸⁸
3704 5721 3792 5765 τις

3177 5711 3268 5762 καὶ
3293 5710 3384 5761 ὲπί
3414 5709 3553 5760 ΕιιιΙ.
3628 5709 3675 5737 ⁸⁸
3704 5721 3792 5765 τις

3133 5709 3158 5850 ί
3187 5779 3375 5848 ἐπειδὴ
3403 5778 3462 5832 Ε.
3484 5775 3546 5828 F.
3623 5776 3668 5807 "‘
3693 5774 3796 5828 καὶ

2260 5854 2302 5882 ³¹
2337 5849 2627 5920 κατασχεῖν
2656 5849 2716 5906 F.
