4060 6156
282 253 349 316 63

284 365 516 422 adeunt?
541 364 721 434 Neque
743 362 883 417 enim
910 358 1033 428 illud
1062 370 1437 415 astronomiam
1465 371 1690 429 spectat,
1722 371 1776 414 ut
1803 377 1864 413 ex

284 456 454 510 stellis
480 461 868 524 cognoscantur
897 452 928 505 ii
958 453 1045 522 qui
1087 459 1412 520 nascuntur;
1443 449 1534 504 sed
1564 458 1619 504 ut
1641 465 1705 510 ex
1737 450 1864 501 liora

284 560 389 614 qua
419 552 740 609 nascuntur,
764 540 1193 613 prauiunticutur
1217 554 1280 594 ea
1306 554 1424 608 quze
1465 538 1592 606 ipsis
1617 549 1867 614 eventura

284 613 431 699 sunt,
455 634 530 692 uti
558 633 773 706 quidem
803 641 1039 690 narrant.
1056 631 1129 702 .lli
1163 646 1289 685 vero
1309 644 1480 705 neque
1504 629 1726 703 paricnti
1753 613 1868 702 uia-

285 727 354 782 tri
383 726 606 780 aderant
629 765 644 788 ,
673 739 846 792 neque
869 732 1090 793 .tempus
1121 730 1412 788 noverant,
1438 735 1544 792 quo
1570 729 1726 796 natus
1750 729 1831 775 est
1853 760 1866 783 .

271 833 463 887 neque
490 817 610 871 imle
637 816 789 872 initio
812 815 992 882 ducto,
1020 830 1085 878 ex
1109 815 1380 872 stellarum
1403 823 1549 880 motu
1570 829 1689 886 qua:
1709 829 1868 880 even-

247 883 266 937 ί
287 917 578 970 ιιιι-ειοηὶηι
601 906 966 974 [traduci-unt
987 923 1000 958 :
1024 905 1118 980 scd
1148 921 1179 960 e
1205 905 1492 970 contrario,
1514 883 1634 958 cum
1661 905 1868 958 stellam

285 997 454 1052 multo
491 1006 615 1052 ante
650 1006 888 1067 tempore
922 995 974 1050 iti
1004 997 1231 1066 regione
1265 1009 1359 1050 sua
1391 991 1676 1066 fulgettteni
1703 995 1866 1047 vittis-

283 1102 442 1158 sent,
469 1101 650 1148 natum
691 1092 856 1150 visuri
893 1094 1152 1154 accedunt
1183 1112 1196 1150 :
1227 1095 1372 1164 quod
1414 1110 1543 1158 sane
1581 1094 1870 1164 majoribus

281 1185 571 1245 obnoxium
597 1183 994 1240 difficultatibus
1022 1195 1124 1248 est,
1155 1201 1315 1254 quam
1340 1184 1394 1240 id
1421 1185 1562 1254 quod
1601 1184 1868 1255 praecedit.

282 1276 538 1339 Qumnam
581 1273 701 1332 illos
745 1273 883 1328 ratio
927 1274 1142 1330 movit?
1182 1289 1288 1344 qua
1325 1287 1421 1343 Spe
1459 1274 1572 1328 fulti
1615 1289 1680 1328 ex
1723 1283 1868 1328 tanto

285 1377 548 1422 terrarum
595 1365 769 1436 spatio
815 1364 1094 1422 adoratum
1133 1379 1316 1435 regem
1357 1366 1616 1422 veniunt?
1653 1364 1787 1420 Nam
1825 1364 1870 1418 si

283 1455 502 1526 quidem
532 1469 626 1510 rex
656 1455 890 1524 ipsorum
920 1454 1130 1512 futurus
1159 1463 1312 1520 erat,
1346 1469 1412 1509 ne
1442 1455 1519 1508 sic
1545 1454 1703 1508 etiam
1734 1467 1868 1506 con-

287 1555 570 1616 gruentem
597 1545 833 1604 habuere
859 1545 1141 1609 rationem.
1161 1544 1378 1622 Etenim
1406 1544 1451 1598 si
1479 1544 1530 1598 in
1561 1543 1720 1612 regiis
1744 1542 1871 1596 aedi—

285 1642 388 1696 bus
426 1647 584 1702 natus
613 1639 856 1705 fuisset,
898 1652 1025 1708 rege
1065 1646 1218 1709 patre
1261 1647 1524 1707 praesente
1547 1679 1563 1704 ,
1601 1637 1722 1707 jure
1754 1636 1872 1704 quis

285 1731 509 1793 diceret,
542 1729 688 1796 ipsos
729 1737 784 1782 ut
813 1729 946 1797 patri
1003 1729 1278 1797 placerent
1313 1737 1494 1782 natum
1525 1741 1748 1796 puerum
1777 1723 1876 1778 ad-

289 1822 554 1883 oraviSse,
588 1829 644 1873 ut
666 1820 766 1873 hoc
785 1819 1058 1888 praemisso
1085 1819 1251 1882 cultu,
1281 1818 1420 1886 regis
1457 1815 1878 1878 benevolentiam

289 1911 393 1966 sibi
411 1911 783 1965 conciliarent.
805 1910 934 1963 Cum
957 1923 1084 1964 vero
1105 1909 1304 1964 scirent
1325 1911 1498 1976 ipsum
1522 1921 1701 1974 regem
1723 1919 1874 1964 suum

292 2016 404 2054 non
431 2014 554 2055 esse
592 2000 822 2052 futurum
843 2039 859 2063 ,
887 1997 980 2052 sed
1011 1997 1199 2051 aliena:
1227 1996 1401 2066 gentis
1421 2037 1438 2062 ,
1459 2010 1499 2066 pa
1537 1995 1752 2064 regione
1780 2008 1874 2058 sua

295 2091 456 2160 longe
484 2099 727 2154 remotae,
760 2089 1040 2158 ipsumque
1060 2088 1125 2146 ad
1147 2087 1244 2141 viri
1265 2095 1473 2141 aetatem
1501 2085 1735 2141 nondum
1758 2099 1881 2152 per-

293 2181 526 2244 venisse,
560 2195 656 2234 cur
684 2189 883 2233 tantam
926 2177 1404 2248 peregrinationem
1438 2175 1754 2244 suscipiunt,
1785 2188 1881 2226 cur

292 2276 439 2326 dona
467 2270 714 2336 aﬂ'erunt,
746 2268 960 2338 quando
988 2269 1216 2326 maxime
1241 2283 1363 2321 cum
1397 2265 1633 2335 periculo
1663 2264 1778 2318 lucc
1806 2262 1881 2316 fa-

291 2363 436 2419 cturi
477 2362 664 2418 erant?
705 2360 976 2430 Siquidem
1019 2361 1119 2415 lioc
1155 2358 1335 2414 audito
1375 2356 1610 2412 Herodes
1640 2354 1881 2409 turbatus

295 2465 383 2511 est
405 2495 422 2520 ,
451 2455 692 2508 turbatus
731 2453 858 2508 item
900 2451 1124 2521 populus
1165 2459 1305 2510 totus
1328 2491 1345 2515 ,
1375 2463 1494 2503 cum
1537 2447 1652 2501 hanc:
1680 2461 1744 2500 ex
1780 2445 1882 2498 illis

295 2545 529 2599 audiret.
549 2544 638 2602 At.
669 2543 891 2612 inquies,
919 2543 1032 2596 ha-c
1056 2541 1130 2595 illi
1157 2555 1260 2594 non
1285 2539 1654 2609 praesciebant.
1687 2536 1880 2590 Verum

297 2636 354 2690 id
379 2649 500 2688 cum
529 2634 730 2688 ratione
755 2639 971 2703 pugnat.
997 2631 1125 2686 Nam
1148 2631 1247 2686 etsi
1268 2629 1550 2686 admodum
1574 2627 1884 2696 insipientes

296 2726 565 2788 fuissent,
607 2725 854 2794 ignorare
894 2739 999 2777 non
1045 2730 1320 2791 poterant,
1358 2735 1417 2774 se
1457 2720 1509 2774 in
1551 2720 1733 2774 urbem
1774 2715 1885 2785 regi

298 2815 570 2870 subditam
597 2815 888 2879 venientes,
917 2813 1148 2880 taliaque
1172 2812 1495 2874 nuntiantes,
1527 2809 1794 2876 aliumque
1817 2804 1885 2859 ab

297 2921 372 2961 eo
391 2905 481 2976 qui
508 2914 617 2959 tum
642 2904 896 2974 regnabat
913 2918 1091 2972 regem
1119 2917 1236 2957 esse
1262 2907 1642 2964 monstrantes,
1664 2911 1886 2961 sexcen-

299 2997 377 3050 tis
404 3009 524 3052 scse
553 2993 757 3048 mortis'
779 2993 1026 3063 periculis
1063 2991 1312 3061 objieere.
1343 2990 1454 3046 Cur
1484 2996 1661 3044 autem
1700 2987 1888 3056 pannis

302 3086 602 3140 involutum
631 3083 960 3144 adorarunt?
985 3081 1117 3138 Nam
1145 3081 1190 3136 si
1223 3081 1304 3139 vir
1331 3081 1520 3135 saltem
1551 3073 1888 3140 fuisset,.dici

303 3177 566 3246 potuisset
601 3176 720 3230 illos
741 3215 758 3240 ,
788 3175 928 3243 quod
957 3190 1111 3244 opem
1151 3174 1268 3242 ejus
1306 3177 1714 3242 exspectarent,
1745 3183 1806 3223 se
1833 3165 1888 3220 in

300 3277 553 3337 apertum
600 3265 892 3336 periculum
930 3263 1224 3333 conjecisse
1265 3279 1279 3317 :
1316 3261 1457 3332 quod
1497 3271 1672 3323 tamen
1718 3258 1891 3328 ipsum
1981 3294 1988 3303 .

303 3369 570 3414 extremae
626 3360 922 3417 dementiae
981 3360 1197 3422 fuisset,
1255 3358 1512 3421 Persam,
1558 3354 1892 3419 barbarum,

303 3449 408 3519 qui
447 3449 586 3505 nihil
621 3465 914 3507 commune
944 3449 1176 3504 haberet
1203 3463 1330 3504 cum
1365 3445 1680 3510 Judaeorum
1709 3450 1892 3513 gente,

302 3559 340 3595 a
376 3542 603 3611 propria
643 3551 793 3597 terra
824 3541 1114 3598 discedere
1161 3540 1322 3605 velle,
1375 3554 1442 3594 ac
1486 3535 1762 3607 patriam,
1801 3549 1897 3590 co-

304 3641 509 3703 gnatos
539 3641 595 3689 et
637 3633 863 3690 domum
903 3633 1257 3704 relinquere,
1305 3644 1474 3700 seque
1516 3627 1678 3687 alteri
1727 3640 1897 3696 regno

303 3724 612 3797 subjicere.

387 3935 445 3991 2.
500 3935 651 4001 Quod
699 3935 742 3990 si
797 3935 898 3990 hoc
942 3935 1163 3991 Stultum
1209 3934 1427 3999 fuisset,
1475 3931 1616 4002 quod
1665 3931 1908 4001 sequitur

318 4026 483 4095 longe
525 4025 756 4080 stultius.
803 4026 1065 4094 Quidnam
1106 4025 1236 4080 illud
1287 4024 1410 4079 est?
1450 4024 1602 4090 Quod
1628 4034 1732 4078 tam
1765 4023 1905 4091 longi

316 4117 554 4194 spatium
602 4117 806 4194 itineris
847 4117 1081 4181 emensi,
1131 4125 1408 4186 postquam
1435 4116 1818 4179 adoraverant,
1854 4123 1909 4168 et

317 4217 528 4261 tantum
573 4207 711 4277 apud
759 4221 946 4263 omnes
990 4209 1271 4262 tumultum
1311 4207 1698 4273 excitaverant,
1728 4206 1906 4259 statim

316 4299 525 4354 reversi
571 4301 697 4354 sint.
747 4301 875 4367 Quae
922 4300 1135 4354 tandem
1175 4298 1425 4356 viderunt
1460 4298 1608 4367 regni
1648 4296 1910 4366 insignia?

316 4390 648 4460 Tugurium,
696 4406 966 4460 praesepe,
1018 4390 1298 4460 puerulum
1341 4390 1394 4444 in
1442 4389 1753 4455 cunabulis,
1797 4404 1912 4443 ma-

319 4491 462 4535 trem
510 4497 816 4551 pauperem.
856 4483 1078 4536 Cuinam
1109 4495 1332 4537 munera
1363 4479 1701 4545 obtulerunt,
1731 4487 1784 4534 et
1807 4493 1911 4548 qua

318 4574 392 4629 de
429 4575 635 4628 causa?
678 4576 758 4629 An
801 4590 862 4629 ca
907 4575 989 4630 lex
1014 4615 1029 4638 ,
1068 4575 1114 4628 is
1150 4589 1266 4628 mos
1290 4582 1436 4638 erat,
1465 4582 1521 4626 ut
1547 4571 1791 4627 omnibus
1817 4586 1913 4640 per

321 4669 513 4722 orbein
556 4668 899 4740 nascentibus
939 4668 1152 4739 regibus
1193 4666 1246 4721 id
1273 4665 1511 4736 obsequii
1543 4662 1911 4720 tribueretur?

324 4774 394 4812 an
418 4773 634 4835 semper
651 4767 912 4831 terrarum
936 4759 1122 4812 orbem
1148 4758 1461 4822 circuibant,
1483 4764 1540 4810 ut
1561 4771 1696 4826 quos
1716 4755 1914 4810 scirent

323 4865 396 4903 ex
429 4849 622 4924 vilibus
661 4857 715 4902 et
755 4849 1071 4922 pauperibus
1109 4863 1262 4918 reges
1289 4848 1522 4913 futuros,
1553 4856 1833 4923 antequam
1860 4845 1913 4899 in

328 4943 534 5016 regium
585 4941 774 4994 solium
817 4926 1197 5006 ascenderem,
1241 4939 1566 4994 adorarent?
1594 4919 1916 5010 Nemo'sane

325 5031 456 5104 illud
505 5030 718 5085 dixerit.
762 5029 873 5084 Cur
916 5045 1043 5098 ergo
1089 5031 1234 5084 illum
1283 5029 1615 5083 adorarunt?
1656 5027 1710 5083 Si
1737 5043 1913 5082 rerum

324 5123 672 5196 praesentium
720 5136 910 5186 causa,
957 5121 1080 5190 quid
1119 5136 1177 5176 se
1216 5137 1431 5191 sperare
1463 5129 1705 5190 poterant
1728 5135 1756 5172 a
1789 5134 1916 5192 pue-

326 5215 450 5268 rulo
481 5223 536 5266 et
558 5215 715 5283 inope
737 5223 909 5267 matre
931 5217 1290 5280 accepturos?
1315 5214 1359 5267 si
1387 5212 1684 5267 futurorum
1709 5211 1874 5282 gratia
1897 5253 1912 5270 .

326 5305 471 5360 unde
497 5304 634 5359 scire
657 5313 902 5373 poterant
933 5303 1210 5373 puerulum
1237 5304 1288 5357 in
1316 5303 1591 5358 cunabulis
1612 5303 1914 5365 adoratum,

324 5410 514 5453 eorum
541 5410 662 5466 quae
689 5405 797 5450 tum
827 5405 974 5466 gesta
1002 5403 1129 5448 sunt
1152 5393 1551 5449 recordaturum
1581 5393 1742 5449 esse?
1764 5391 1916 5460 Quod

325 5489 373 5544 ti
423 5498 597 5544 mater
647 5489 792 5543 illum
845 5489 1180 5562 admonitura
1231 5495 1378 5550 erat,
1436 5487 1692 5557 supplicio
1742 5489 1918 5557 potius

328 5591 488 5652 quam
530 5581 750 5651 praunio
771 5580 912 5651 digni
945 5590 1096 5637 erant
1116 5623 1129 5648 ,
1159 5579 1248 5650 qtti
1277 5580 1327 5633 iu
1354 5589 1593 5648 apertum
1625 5579 1914 5648 periculum

1452 251 1514 307 ΙΝ
1547 244 1958 328 ΜΛΊῘΠΙΑξυΜ
1997 244 2224 300 ιιυλιιιι.
2271 243 2350 294 \'l.

3479 230 3548 286 (id

1967 375 2117 437 illum
2159 370 2534 442 conjecissent.
2575 361 2788 436 lExinde
2829 360 2972 416 enim
3003 354 3241 434 Herodes
3268 352 3506 414 turbatus
3531 389 3546 413 ,

1962 465 2245 537 quaerebat
2284 463 2429 516 illum
2453 501 2466 524 ,
2498 456 2865 528 scrutabatur,
2898 461 2953 507 et
2972 448 3271 518 interficere
3293 443 3551 525 tentabat.

1969 559 2146 626 Atque
2174 557 2369 624 ubique
2395 563 2657 606 terrarum
2677 589 2692 614 ,
2722 547 2810 618 qui
2837 545 3068 614 aliquem
3088 543 3148 610 in
3182 537 3372 614 tenella
3400 543 3551 588 aetate

1975 651 2240 721 privatum
2262 689 2277 713 ,
2316 653 2658 716 regnaturum
2699 655 2819 694 esse
2847 639 3024 708 palam
3043 629 3393 711 praedixerit,
3427 625 3553 680 nihil

1974 720 2116 795 aliud
2155 739 2261 803 agit
2280 777 2295 804 ,
2334 751 2492 806 quam
2521 732 2660 803 quod
2686 731 2857 800 ipsum
2888 728 3003 781 neci
3033 724 3236 786 tradat,
3263 720 3349 773 vel
3374 727 3555 806 contra

1966 841 2115 897 illum
2157 835 2291 894 bella
2319 803 2515 886 escitet
2538 827 2835 882 innumera.
2861 821 3049 877 Viden‘
3074 828 3270 890 quanta
3301 803 3427 892 hinc
3449 817 3551 890 ab-

1941 930 2127 993 ,surda
2157 931 2440 982 nascantur
2459 962 2474 986 ,
2503 919 2548 975 si
2573 922 3065 985 secundumrerum
3094 909 3442 980 humanarum
3469 922 3556 980 se-

1969 1022 2137 1083 riem,
2195 1017 2568 1084 vulgaremque
2608 1021 2810 1062 morem
2855 1018 2942 1059 res
2987 1000 3334 1073 exploretur?
3373 997 3557 1070 Neque

1973 1121 2150 1167 tamen
2196 1109 2311 1161 hzec
2342 1113 2542 1159 tantum
2565 1143 2580 1164 ,
2611 1099 2704 1156 sed
2733 1097 2894 1170 etiam
2921 1095 3089 1150 multo
3120 1093 3267 1163 plura
3294 1091 3394 1146 dici
3429 1106 3556 1162 pos-

1973 1211 2095 1260 sent
2117 1244 2132 1268 ,
2157 1215 2275 1271 quae
2306 1197 2535 1266 majores
2565 1194 2630 1248 iis
2649 1204 2818 1261 ,gquas
2839 1201 3000 1257 supra
3027 1185 3284 1258 diximus,
3313 1191 3558 1254 parerent

1975 1295 2316 1368 qua-stiones.

2041 1484 2203 1541 Stella
2221 1522 2238 1548 ,
2265 1497 2378 1553 qua:
2398 1477 2670 1550 apparuit,
2699 1491 2802 1530 non
2826 1490 2853 1528 ε
2879 1486 3090 1535 numero
3117 1481 3416 1526 cretei-arum
3435 1469 3556 1528 stel-

1968 1579 2136 1633 larum
2178 1584 2307 1630 erat.
2339 1603 2410 1613 —
2446 1570 2553 1627 Sed
2584 1585 2649 1624 ne
2674 1566 3014 1623 difficultates
3033 1563 3434 1620 difficultatibus
3457 1579 3558 1617 nc-

1969 1680 2212 1735 ctentes,
2262 1667 2315 1722 in
2357 1664 2638 1734 caliginem
2678 1659 3165 1726 obscuritatemque
3204 1669 3301 1710 vos
3336 1654 3559 1724 deiicia-

1971 1777 2128 1827 mus;
2173 1773 2272 1830 age
2306 1757 2523 1813 demum
2550 1753 2617 1808 ad
2645 1752 2992 1823 quaesitorum
3015 1748 3333 1804 solutionem
3365 1759 3560 1815 prope-

1973 1867 2152 1910 remus
2168 1893 2182 1917 ,
2209 1859 2264 1906 et
2283 1865 2313 1904 a
2342 1847 2492 1904 stella
2517 1846 2773 1900 ducamus
2798 1842 3026 1896 initium.
3049 1839 3103 1895 Si
3129 1838 3272 1894 enim
3293 1837 3561 1910 discamus

1973 1963 2093 2018 qua:
2136 1944 2220 2002 vel
2263 1941 2437 2013 qualis
2475 1939 2572 2016 illa
2618 1937 2725 2002 sit,
2770 1951 2836 1989 an
2865 1950 2932 1989 ex
2964 1946 3186 1986 numero
3213 1931 3467 1996 aliarum,
3495 1943 3560 1980 an

1975 2019 2186 2092 diversa
2226 2019 2294 2088 ab
2341 2032 2479 2094 illis,
2527 2045 2594 2082 an
2645 2035 2834 2080 natura
2883 2039 3013 2087 sua,
3043 2037 3123 2098 an
3152 2019 3330 2090 specie
3361 2028 3561 2072 tantum

1978 2129 2129 2184 stella
2150 2168 2166 2191 ,
2219 2135 2342 2179 tunc
2375 2123 2526 2176 facile
2551 2129 2742 2174 caitera
2774 2117 2950 2170 omnia
2980 2115 3230 2169 sciemus.
3261 2111 3412 2168 Unde
3438 2126 3566 2179 ergo

1983 2223 2096 2275 haec
2133 2211 2564 2286 compcriamus?
2608 2210 2684 2264 Ex
2732 2209 2842 2277 ipsa
2883 2206 3175 2275 Scriptura.
3225 2203 3378 2269 Quod
3424 2202 3564 2256 enim

1983 2299 2096 2365 hzec
2145 2307 2299 2363 stella
2343 2321 2447 2359 non
2494 2319 2561 2357 ex
2594 2289 2834 2354 numero
2873 2297 3130 2359 aliarum,
3173 2295 3283 2348 imo
3322 2308 3390 2348 ne
3415 2292 3567 2348 stella

1985 2401 2196 2473 quidem
2219 2404 2396 2473 esset,
2423 2401 2480 2448 ut
2508 2393 2635 2446 milii
2662 2373 2873 2460 quidem
2897 2388 3108 2442 videtur
3126 2426 3140 2452 ,
3169 2385 3262 2440 sed
3292 2384 3570 2439 invisibilis

1985 2469 2441 2566 quaedamivirtus,
2469 2501 2586 2556 quae
2613 2483 2781 2538 stell:e
2808 2480 3042 2550 speciem
3075 2477 3368 2549 praiferret,
3398 2476 3572 2546 primo

1987 2585 2052 2639 ab
2098 2569 2213 2653 ejus
2257 2581 2445 2635 itinere
2490 2576 2747 2646 arguitur.
2793 2571 2945 2626 Nulla
2990 2571 3171 2636 enim,
3218 2567 3361 2622 nulla
3392 2567 3574 2635 utique

1988 2675 2142 2732 stella
2189 2680 2270 2727 cst
2314 2686 2430 2739 qua:
2475 2668 2564 2722 tali
2607 2672 2793 2737 pergat
2817 2663 2898 2715 via
2930 2679 2942 2714 :
2978 2676 3098 2714 nam
3131 2669 3184 2713 et
3213 2659 3381 2712 solem
3407 2665 3461 2710 et
3488 2656 3574 2710 lu-

1987 2750 2111 2822 nam
2134 2806 2148 2827 ,
2198 2774 2252 2816 et
2292 2761 2422 2815 alias
2467 2771 2652 2813 omnes
2690 2753 2872 2832 stellas
2908 2752 2976 2806 ab
3008 2750 3213 2804 oriente
3241 2747 3481 2801 videmus
3508 2745 3575 2798 ad

1991 2857 2320 2914 occidentem
2367 2865 2589 2924 pergere
2636 2866 2650 2901 :
2683 2846 2796 2900 inec
2824 2859 2950 2899 vero
2978 2843 3130 2896 stella
3159 2855 3187 2892 a
3216 2838 3578 2909 septentrione

1967 2927 2060 3004 .ad
2099 2945 2371 3002 meridiem
2421 2941 2688 2998 ferebatur
2735 2955 2746 2991 :
2795 2935 3087 2991 Palmstinte
3113 2933 3308 3002 quippe
3333 2930 3419 2984 hic
3443 2930 3579 2984 situs

1994 3051 2076 3096 est
2103 3040 2147 3092 si
2179 3024 2444 3092 Persidem
2475 3041 2704 3100 Spectes.
2731 3026 3012 3091 Secundo,
3046 3024 3176 3079 illud
3203 3023 3364 3078 etiam
3387 3037 3416 3074 a
3442 3029 3580 3075 tem-

1999 3147 2126 3202 pore
2167 3127 2378 3200 probari
2411 3109 2604 3194 poteSt.
2634 3121 2818 3191 Neque
2840 3120 2981 3174 enim
3010 3125 3168 3171 noctu
3199 3121 3454 3185 apparet,
3486 3109 3581 3165 sed

1998 3225 2050 3279 in
2081 3219 2336 3282 meridie,
2366 3217 2577 3271 lucente
2617 3214 2770 3277 sole;
2813 3225 2970 3281 quam
2998 3209 3102 3262 vim
3131 3222 3228 3261 nec
3251 3204 3405 3261 stella
3429 3243 3445 3269 ,
3476 3203 3582 3256 imo

2001 3330 2068 3369 ne
2109 3314 2231 3367 luna
2274 3309 2487 3380 quidem
2538 3306 2650 3373 ipsa
2693 3303 2891 3366 habet,
2935 3315 3055 3370 qua:
3083 3299 3208 3352 licet
3233 3295 3409 3351 omnia
3438 3302 3591 3350 astra-

2002 3411 2238 3470 superet,
2271 3409 2390 3453 orto
2419 3398 2547 3452 solis
2571 3395 2774 3464 fulgore
2804 3393 2983 3447 statim
3011 3389 3306 3445 occultatur
3327 3401 3424 3441 nec
3453 3401 3579 3440 cono

1999 3498 2237 3573 spicitur.
2283 3495 2406 3550 Haec
2431 3509 2559 3550 vero
2585 3493 2735 3549 stella
2764 3489 3064 3565 splendoris
3089 3487 3170 3542 sui
3201 3485 3249 3540 vi
3275 3485 3434 3540 etiam
3461 3481 3590 3536 solis

2000 3591 2176 3645 radios
2197 3586 2482 3657 splendore
2502 3585 2822 3654 superabat,
2847 3581 3182 3653 majoresq'tm
3203 3575 3590 3649 emittebat‘ra-

2001 3682 2138 3736 dios.
2173 3679 2356 3734 Tertio
2381 3719 2396 3742 ,
2421 3676 2674 3747 probatur
2694 3717 2707 3737 ,
2732 3674 2872 3746 quod
2894 3690 2956 3729 ea
2989 3669 3146 3727 modo
3171 3670 3344 3724 lucem
3373 3666 3586 3748 emitte-

2001 3780 2115 3838 ret,
2161 3770 2322 3825 modo
2367 3777 2622 3824 cessaret.
2649 3766 2784 3822 Nam
2806 3765 3139 3840 venientibus
3170 3762 3223 3816 in
3251 3758 3586 3816 Palaestinam

2001 3864 2131 3918 luxit
2179 3881 2192 3917 :
2242 3843 2523 3932 postquam
2568 3869 2745 3914 autem
2791 3857 3176 3928 Jerosolymam
3222 3852 3587 3911 advenerant,

2001 3971 2119 4010 sesc
2158 3954 2442 4018 occultavit
2465 3952 2578 4024 (a);
2606 3951 2799 4006 deinde
2827 3949 3037 4026 Herode
3063 3947 3280 4010 relicto,
3313 3955 3588 4014 postquam

2004 4047 2152 4101 illum
2181 4046 2248 4102 de
2273 4061 2431 4100 causa
2461 4044 2665 4099 itineris
2689 4042 2968 4097 certiorem
2999 4027 3256 4103 fecerant,
3283 4039 3383 4091 iter
3407 4049 3588 4114 susce—

2005 4138 2171 4206 pturis
2191 4137 2433 4214 apparuit
2458 4153 2472 4188 :
2502 4135 2641 4205 quod
2668 4143 2812 4189 certe
2841 4148 2945 4186 non
2977 4133 3144 4204 stellae
3172 4129 3337 4183 motui
3368 4141 3589 4210 compe-

2006 4229 2105 4292 tit,
2156 4227 2250 4281 scd
2302 4226 2480 4279 virtuti
2528 4224 2876 4294 intelligentia
2927 4222 3181 4298 panditur.
3221 4219 3418 4298 ‘Ncque
3445 4217 3589 4273 enim

2006 4318 2274 4390 proprium
2315 4317 2413 4370 sibi
2457 4331 2672 4370 cursum
2715 4313 2970 4382 habebat,
3015 4313 3107 4368 sed
3145 4311 3232 4389 ubi
3266 4309 3590 4381 pergendum

2003 4419 2112 4465 erat
2134 4450 2150 4476 ,
2178 4411 2261 4463 illa
2291 4409 2578 4478 pergebat;
2608 4409 2693 4462 ubi
2721 4407 3002 4484 standum,
3037 4408 3243 4486 stabat,
3301 4404 3591 4481 secundum

2005 4502 2452 4572 Opportunitatetn
2498 4503 2676 4556 omnia
2743 4500 3100 4574 dispensans;
3158 4500 3297 4555 sicut
3345 4498 3591 4568 columna

2005 4595 2092 4650 illa
2131 4593 2288 4648 nubis
2332 4609 2448 4663 qtae
2495 4591 2699 4668 'Judaiis
2746 4591 3111 4651 monstrabat.
3160 4589 3371 4667 quando
3417 4598 3593 4641 castra

2005 4701 2240 4751 movere,
2272 4665 2693 4754 qtiando'sistcre
2716 4694 2988 4754 oporteret
3016 4680 3207 4754 (Exod.
3224 4683 3310 4736 15.
3332 4665 3491 4756 um.
3513 4680 3590 4749 9).

2004 4779 2205 4846 Quarto
2227 4818 2243 4844 ,
2290 4777 2357 4832 ab
2395 4777 2508 4846 ipso
2535 4775 2744 4830 lucendi
2773 4775 2932 4829 modo
2958 4773 3008 4828 id
3037 4774 3178 4827 clare
3203 4773 3447 4831 discitur.
3478 4773 3593 4827 Non

2005 4870 2148 4922 enim
2194 4868 2244 4922 in
2289 4868 2399 4923 alto
2441 4867 2572 4921 caelo
2610 4867 2894 4924 constituta
2919 4905 2935 4929 ,
2979 4879 3149 4933 neque
3176 4865 3317 4938 enim
3350 4847 3594 4934 poterant

2007 4959 2098 5014 illo
2138 4959 2295 5020 modo
2335 4959 2524 5028 dirigi,
2569 4959 2661 5013 sed
2693 4955 2898 5011 inferne
2938 4955 3204 5022 demissa,
3235 4956 3408 5030 locum
3441 4973 3595 5036 nion-

2074 5269 2148 5332 (a)
2181 5267 2313 5328 Quod
2336 5266 2551 5332 bicdicit
2575 5264 2958 5332 Chrysostomus,
2977 5260 3347 5332 stellam_magis
3369 5276 3525 5325 usque
3549 5265 3595 5312 in

2013 5324 2309 5382 Palze'stinatn
2335 5329 2536 5385 luxisse,
2563 5334 2614 5376 et
2635 5324 2744 5375 cum
2761 5325 3104 5388 Jerosolymam
3129 5324 3463 5388 advenissent,
3481 5337 3597 5388 sese

2014 5391 2282 5443 occultasse
2296 5429 2310 5451 ,
2337 5404 2434 5439 non
2459 5389 2648 5438 videtur
2669 5399 2935 5451 consonare
2953 5385 3066 5435 cum
3092 5385 3352 5451 evangelio
3374 5385 3596 5451 Mattli.2,

2015 5457 2062 5513 9,
2090 5455 2164 5511 lt),
2182 5453 2265 5500 ubi
2285 5445 2464 5513 legitur
2489 5467 2501 5499 :
2531 5457 2716 5513 thecce
2732 5448 2889 5506 stella,
2910 5460 3064 5513 quant
3078 5445 3299 5513 videi-iuit
3319 5447 3371 5513 in
3393 5446 3592 5501 oriente,

2017 5506 2320 5566 antecedebat
2336 5506 2477 5561 Eos...
2508 5509 2730 5562 Vidcntes
2761 5506 2932 5561 atttem'
2956 5506 3143 5560 stellam
3175 5506 3327 5571 gavisi
3349 5512 3459 5557 sunt
3482 5520 3581 5570 gau

2019 5578 2098 5629 dio
2120 5588 2290 5641 magno
2313 5573 2471 5635 valde,
2507 5580 2601 5623 etc.
3475 5577 3480 5588 ³
