4060 6156
508 293 577 345 65
1211 290 1267 345 S.
1307 285 1581 345 JOANNIS
1616 264 2085 341 CHRYSOSTOMI
2121 275 2433 333 ARCIIIEP.
2474 265 3002 329 CONSTANTINOP.
3700 250 3767 305 66

514 413 735 470 strabat.
785 407 963 464 Nostis
1010 403 1151 462 enim
1198 417 1303 457 non
1336 375 1510 471 .posse
1557 395 1764 451 stellam
1813 392 1987 447 locum
2024 390 2093 442 ita

510 519 731 578 parvum
778 509 1116 564 monstrare,
1164 497 1254 567 qui
1300 492 1560 563 tugurium
1604 487 1939 549 contineret;
1990 484 2098 537 imo

510 599 687 653 locum
723 594 814 665 qui
843 604 1037 661 corpus
1063 585 1302 643 infantuli
1331 596 1522 652 rapere
1551 587 1731 650 posset
1755 592 1771 630 :
1803 574 1924 646 quia
1953 574 2095 628 enim

510 693 770 747 immensa
816 693 932 739 erat
973 679 1234 744 altitudo,
1283 691 1388 729 non
1436 680 1645 742 poterat
1686 669 1840 724 stella
1870 677 1974 721 tam
1997 680 2095 719 an-

512 792 725 851 gustum
762 776 957 831 locum
1015 771 1249 826 indicare
1296 765 1597 821 volentibus
1653 760 1903 815 invisere.
1965 756 2097 810 Illud

518 887 645 926 vero
670 886 734 925 ex
767 869 877 937 ipsa
910 868 1030 921 luna
1060 858 1462 930 deprehendere
1487 867 1568 911 εει
1592 871 1604 908 :
1629 868 1747 923 qua:
1774 866 1894 906 cum
1918 849 2102 904 stellas

514 975 701 1016 omnes
728 968 930 1013 tantum
959 962 1195 1024 superet,
1226 948 1490 1005 universis
1520 945 1704 1001 orbem
1727 941 2102 1004 incolentibus,

516 1060 572 1105 et
609 1052 659 1104 in
691 1058 833 1103 tanta
864 1057 1019 1100 terra!
1046 1042 1325 1098 latitudine
1348 1039 1551 1093 diffusis
1571 1078 1589 1105 ,
1618 1036 1791 1090 vicina
1814 1048 1933 1089 esse
1963 1034 2105 1086 vide-

521 1153 624 1196 tur.
678 1137 955 1206 Quomodo
996 1136 1197 1205 igitur,
1240 1145 1455 1202 quaeso,
1503 1129 1675 1182 locum
1722 1127 1794 1180 ita
1824 1132 2103 1194 angustum

519 1234 777 1303 praesepis
806 1239 858 1285 et
888 1228 1080 1299 tugtmii
1113 1225 1266 1280 stella
1296 1220 1621 1278 ostendisset
1648 1234 1662 1283 ;
1691 1217 1792 1272 nisi
1814 1216 1994 1271 relicta
2020 1215 2106 1267 illa

518 1325 838 1382 celsitudine
880 1322 947 1377 ad
977 1321 1223 1375 inferiora
1253 1314 1614 1372 descendisset
1638 1352 1653 1376 ,
1682 1318 1736 1365 et
1759 1321 1917 1377 supra
1944 1315 2104 1373 caput

521 1418 695 1487 ipsum
736 1415 884 1485 pueri
930 1409 1208 1467 stetisset?
1246 1407 1397 1475 Quod
1423 1402 1763 1461 subindicans
1786 1399 2109 1467 evangelista

522 1510 733 1564 dicebat
761 1526 772 1560 :
806 1507 860 1561 9.
894 1504 1023 1558 Ecce
1044 1502 1190 1557 stella
1207 1498 1522 1553 antecedebat
1549 1512 1633 1548 eos
1651 1534 1666 1558 ,
1697 1508 1852 1562 usque
1874 1492 1994 1544 dum
2020 1504 2106 1544 ve-

523 1600 669 1653 niens
698 1605 849 1651 staret
875 1610 1034 1664 supra
1053 1593 1135 1646 ubi
1157 1601 1264 1645 erat
1287 1606 1429 1659 puer.
1463 1586 1647 1641 Viden‘
1676 1592 1804 1655 quot
1823 1596 2112 1652 argumen-

530 1692 596 1745 tis
636 1689 891 1760 probatur
920 1687 1058 1740 hanc
1084 1683 1291 1743 stellam
1318 1696 1422 1735 non
1452 1679 1614 1733 fuisse
1640 1692 1706 1732 ex
1732 1688 1956 1730 numero
1981 1672 2115 1727 alia-

531 1796 646 1835 rum
688 1798 701 1834 :
745 1792 916 1847 neque
941 1773 1233 1831 secundum
1263 1771 1456 1827 seriem
1484 1777 1717 1825 externae
1741 1764 1883 1820 illius
1904 1762 2117 1833 genesis

530 1870 837 1942 apparuisse
856 1870 881 1923 ζ)

595 2018 648 2072 3.
676 2015 838 2070 Stella
858 2030 947 2067 cur
968 2010 1224 2082 apparuit.
1242 2035 1313 2047 —
1332 2005 1441 2059 Cur
1465 2016 1594 2073 ergo
1614 1996 1899 2071 apparuit?
1926 1994 1994 2050 Ut
2017 1993 2044 2048 ,Ι
2052 2010 2110 2045 ιι-

523 2111 763 2163 daiorum
810 2081 1171 2173 stupiditatem
1213 2098 1504 2152 incesseret
1527 2134 1541 2157 ,
1567 2099 1726 2159 atque
1751 2085 1972 2156 ingratis
2000 2081 2113 2136 adi-

526 2206 701 2253 meret
744 2209 959 2249 onmem
1000 2186 1327 2246 defensionis
1370 2196 1577 2237 ansam.
1620 2178 1752 2245 Quia
1788 2176 1929 2231 euim
1960 2171 2114 2225 adve-

535 2292 693 2344 niens
720 2288 810 2341 ille
835 2296 985 2340 vetus
1017 2281 1316 2336 institutum
1345 2275 1711 2343 abrogaturus,
1738 2269 2025 2335 orbemque
2050 2262 2115 2316 ad

536 2397 702 2437 unum
746 2378 1101 2444 eumdemque
1146 2372 1349 2426 cultum
1396 2365 1757 2428 deducturus,
1800 2360 2018 2429 ipseque
2068 2355 2121 2411 in

543 2480 676 2535 mari
716 2487 766 2531 et
809 2484 947 2529 terra
970 2470 1167 2539 ubique
1185 2461 1488 2520 adorandus
1516 2465 1661 2520 erat,
1694 2455 1760 2508 ab
1789 2452 1919 2523 ipsis
1948 2449 2124 2504 statim

544 2572 707 2627 initiis
746 2566 942 2621 ostium
967 2538 1211 2632 gentibus
1234 2553 1404 2624 aperit
1422 2588 1441 2613 ς.
1474 2557 1531 2603 ut
1560 2547 1853 2601 alienorum
1882 2538 2126 2608 exemp'o

543 2678 670 2719 suos
691 2661 851 2716 etiam
894 2628 1148 2710 erudiret.
1190 2646 1324 2713 Quia
1368 2641 1511 2696 enim
1549 2651 1669 2693 cum
1706 2634 1991 2705 prophetas
2018 2628 2127 2682 fre-

550 2762 775 2824 quenter
812 2746 1057 2802 audirent
1097 2740 1166 2794 de
1207 2736 1371 2804 ipsius
1397 2731 1623 2785 adventu
1652 2740 1793 2794 smpe
1816 2723 2126 2791 loquentes,

546 2809 653 2898 lion
697 2836 981 2895 admodum
1026 2828 1404 2888 attendebant,
1452 2818 1626 2875 etl'ccit
1682 2825 1738 2871 ut
1808 2810 2021 2868 barbari
2062 2809 2131 2862 de

551 2946 691 2990 terra
738 2929 1025 2999 longinqua
1063 2920 1308 2976 venirent
1333 2955 1347 2980 ,
1374 2912 1463 2983 qui
1491 2922 1668 2980 regem
1697 2902 1834 2974 apud
1864 2903 2006 2971 ipSOs
2033 2914 2129 2952 na-

550 3036 659 3080 tum
703 3021 1032 3091 inquirerent
1056 3030 1071 3079 ;
1103 3022 1157 3066 et
1186 3007 1395 3064 Persica
1424 3017 1553 3057 voce
1582 2999 1805 3069 primum
1833 3008 1895 3048 ea
1926 2991 2132 3046 edisce-

550 3124 712 3181 rent,
742 3082 860 3183 quae
886 3125 917 3163 a
940 3103 1213 3179 prOphetis
1244 3100 1449 3153 discere
1476 3094 1755 3147 noluerant
1785 3104 1798 3138 :
1829 3094 1884 3139 ut
1903 3084 1946 3138 si
1968 3082 2135 3152 probe

550 3226 611 3267 se
636 3212 884 3281 gererent
902 3245 918 3271 ,
949 3198 1234 3255 maximam
1262 3190 1558 3259 arriperent
1580 3182 1643 3238 ad
1664 3173 2134 3247 obtemperandum

551 3315 736 3358 ansam
762 3316 777 3362 ;
806 3297 890 3351 sin
916 3306 1043 3347 vero
1063 3283 1483 3342 contenderent,
1507 3273 1651 3329 omni
1674 3281 1891 3341 prorsus
1912 3278 2133 3319 excusa-

558 3397 701 3449 tione
736 3388 888 3445 vacui
931 3392 1134 3440 essent.
1178 3375 1314 3446 Quid
1342 3373 1482 3428 enim
1514 3368 1691 3422 dicere
1718 3361 1920 3433 possint
1951 3357 2021 3420 ii,
2050 3355 2137 3425 qui

552 3485 819 3541 Christum
836 3494 866 3533 a
885 3486 959 3531 tot
976 3469 1247 3544 prophetis
1267 3462 1630 3521 annuntiatum
1649 3471 1756 3510 non
1773 3454 2138 3518 susceperunt,

555 3592 677 3633 eum
707 3571 933 3626 viderint
966 3577 1148 3634 magos
1168 3576 1232 3615 ex
1260 3558 1414 3613 unius
1440 3554 1608 3607 stellae
1632 3551 1745 3603 visu
1776 3548 1945 3612 ipsum
1969 3540 2140 3594 susci-

560 3666 766 3736 pientes
792 3668 847 3714 et
887 3631 1213 3710 adorantes?
1241 3645 1392 3714 Quod
1424 3643 1581 3712 igitur
1609 3640 1749 3693 circa
1778 3633 2036 3689 Ninivitas
2063 3631 2143 3683 fe-

560 3726 709 3809 cerat
743 3751 931 3805 Jonam
960 3744 1179 3799 mittens
1201 3779 1217 3805 ,
1248 3747 1301 3792 et
1326 3734 1467 3805 quod
1495 3732 1633 3786 circa
1673 3726 2058 3782 Samaritanam
2091 3729 2145 3774 et

561 3845 916 3899 Chananteam
938 3878 953 3901 ,
984 3834 1212 3901 idipsum
1243 3829 1401 3883 etiam
1426 3840 1521 3892 per
1547 3834 1729 3889 magos
1750 3817 1895 3872 fecit.
1919 3814 2145 3881 Ideoque

562 3935 769 3992 dicebat
835 3950 849 3985 :
900 3928 1007 3983 Viri
1062 3922 1303 3977 Ninivin
1356 3924 1581 3987 surgent,
1618 3923 1664 3967 et
1713 3907 2145 3965 condenmabunt;

562 4040 614 4082 ct
633 4068 649 4093 ,
679 4025 870 4096 Regina
897 4020 1055 4075 austri
1083 4024 1280 4085 surget,
1325 4021 1368 4064 et
1390 4003 1737 4063 condemnabit
1782 3999 2147 4071 generationem

563 4088 693 4173 hanc
736 4088 975 4186 (Matth.
1003 4109 1089 4165 I2.
1120 4108 1208 4162 Η.
1240 4104 1311 4160 42
1336 4105 1354 4173 )
1384 4121 1397 4155 :
1425 4100 1677 4170 quoniam
1726 4093 1801 4146 illi
1856 4088 2147 4145 minoribus

564 4207 940 4268 crediderunt,
983 4200 1036 4254 bi
1078 4212 1205 4252 vero
1232 4208 1401 4262 neque
1432 4189 1737 4258 majoribus.
1769 4184 1837 4236 At
1865 4197 1959 4236 cur
1988 4178 2107 4233 illos
2126 4218 2145 4244 ,

565 4306 793 4368 inquies,
822 4309 915 4361 per
942 4290 1099 4344 talem
1126 4287 1296 4340 visum
1323 4278 1575 4335 adduxit?
1606 4278 1673 4330 At
1696 4271 1964 4343 quomodo
1987 4283 2148 4337 Opor-

566 4392 704 4443 tutt‘.’
740 4401 807 4439 an
844 4380 1131 4453 prOphetas
1166 4371 1420 4429 mittere?
1448 4368 1553 4424 Sed
1580 4366 1715 4434 magi
1744 4361 2014 4434 prophetis
2040 4374 2145 4413 non

566 4452 935 4535 credidissent.
964 4472 1045 4526 An
1068 4481 1251 4523 vocem
1272 4476 1500 4532 superne
1525 4454 1796 4527 proferre?
1827 4452 2017 4507 Verum
2040 4463 2144 4502 non

568 4569 937 4626 attendissent.
967 4564 1047 4616 An
1078 4557 1323 4629 angelum
1354 4550 1609 4607 mittere?
1643 4546 1746 4602 Sed
1777 4546 1917 4598 hunc
1941 4556 2149 4613 quoque

569 4665 791 4720 forsitan
822 4655 1222 4731 praeteriissent.
1249 4649 1580 4717 Quapropter
1601 4640 1705 4695 illis
1726 4636 1970 4692 omnibus
1990 4634 2151 4689 omis-

569 4758 644 4810 sis
692 4756 864 4817 Deus,
910 4760 1118 4802 summa
1168 4751 1319 4795 utens
1360 4733 1722 4804 indulgentia,
1768 4744 1861 4800 per
1900 4736 2150 4784 consueta

570 4854 725 4901 vocat
764 4844 879 4897 illos
899 4883 915 4907 ,
956 4834 1294 4903 ostenditque
1322 4829 1528 4884 stellam
1559 4836 1799 4892 magnam
1830 4820 1897 4873 ab
1925 4819 2044 4872 aliis
2073 4817 2153 4869 di-

564 4951 777 4993 versam
798 4975 813 4999 ,
857 4905 917 4985 ut
959 4930 1101 4999 ipsos
1129 4933 1183 4979 et
1207 4937 1270 4976 ex
1300 4913 1662 4988 magnitudine
1685 4918 1740 4966 et
1764 4924 1827 4965 ex
1861 4905 2157 4978 pulchritu-

567 5029 694 5083 dine
737 5019 1029 5093 spectaculi
1075 5013 1420 5084 percellcret,
1450 5019 1658 5061 necnon
1686 5003 1847 5057 etiam
1876 5014 1940 5053 ex
1972 5009 2157 5052 cursus

548 5116 750 5173 .modo.
783 5113 909 5167 Ilaec
946 5118 1000 5163 et
1046 5104 1241 5161 Paulus
1281 5099 1546 5160 imitatus,
1587 5110 1654 5149 ex
1691 5107 1783 5147 ara
1810 5104 1931 5146 cum
1957 5085 2159 5143 Grmeis

570 5206 869 5266 disserendi
908 5199 1244 5257 occasionem
1270 5191 1500 5261 accipit,
1532 5197 1586 5243 et
1612 5194 1885 5256 poetarum
1916 5181 2158 5236 testimo-

574 5304 660 5359 nia
690 5302 741 5354 in
770 5296 1003 5352 medium
1029 5289 1245 5345 adducit
1272 5305 1287 5343 :
1313 5282 1525 5340 Judmos
1551 5293 1682 5334 vero
1701 5272 2157 5331 circumcisionem

578 5405 883 5451 memorans
928 5385 1213 5455 alloquitur
1232 5422 1247 5445 ,
1287 5388 1341 5435 et
1378 5389 1469 5433 eos
1497 5372 1585 5443 qui
1614 5370 1712 5425 sub
1740 5368 1856 5439 lege
1879 5367 2117 5422 viverent
2145 5405 2156 5425 ,

636 5605 651 5633 ⁸
689 5601 867 5663 Aliqui,
892 5611 977 5661 per
1001 5594 1206 5658 angelos.

2189 400 2218 438 a
2268 379 2546 452 sacrificiis
2580 391 2733 431 orsus
2757 414 2771 437 ,
2806 369 3046 425 doctrinm
3086 360 3291 418 imbuit.
3321 357 3454 427 Quia
3479 356 3618 410 enim
3645 369 3772 408 con-

2174 483 2398 533 suetum
2445 471 2542 525 sibi
2591 470 2813 538 quisque
2861 474 3063 517 morem
3115 456 3344 510 libenter
3391 448 3668 518 sequitur,
3720 455 3773 497 ct

2195 568 2335 622 Deus
2372 571 2426 618 et
2461 562 2557 615 viri
2602 576 2631 614 a
2676 559 2785 611 Deo
2824 554 2889 609 ad
2937 551 3083 606 orbis
3125 547 3347 602 salutem
3381 542 3562 604 missi,
3589 541 3656 593 ita
3687 553 3775 591 res

2194 663 2441 710 tractant.
2486 650 2563 706 Ne
2610 650 2789 717 itaque
2826 643 3098 712 indignum
3138 638 3249 691 Deo
3289 643 3476 704 putes,
3513 629 3653 699 quod
3683 643 3778 698 per

2195 747 2401 802 stellam
2444 743 2587 811 ipsos
2632 734 2902 792 vocaverit
2952 750 2964 784 :
3019 729 3099 783 sic
3144 726 3287 782 enim
3327 722 3543 778 Iudaica
3569 733 3779 788 quoque

2196 838 2375 892 omnia
2421 829 2746 902 improbabis
2764 868 2779 893 ,
2805 821 3063 880 sacriﬁcia
3090 831 3280 886 nempe
3298 857 3314 882 ,
3344 810 3740 881 puriﬁcationes
3760 850 3778 872 ,

2200 926 2507 982 neomenias
2530 963 2545 989 ,
2574 934 2753 975 arcam
2774 958 2788 981 ,
2814 917 3093 985 ipsumque
3123 907 3395 976 templum.
3425 902 3551 956 Haec
3578 899 3780 969 quippe

2200 1018 2377 1072 omnia
2419 1028 2488 1069 ex
2522 1011 2756 1081 gentium
2783 1002 3132 1061 crassitudine
3161 1005 3338 1052 ortum
3368 993 3649 1048 duxerunt.
3682 992 3783 1042 At-

2201 1118 2378 1163 tamen
2424 1105 2565 1158 Deus
2604 1100 2671 1155 ad
2708 1095 2999 1153 errantium
3038 1090 3263 1145 salutem
3287 1086 3371 1139 bis
3399 1097 3458 1137 se
3488 1093 3676 1151 passus
3700 1088 3785 1132 est

2203 1198 2340 1261 coli,
2387 1193 2579 1263 quibus
2624 1189 2896 1244 daemonas
2921 1180 3147 1251 gentiles
3177 1176 3249 1230 illi
3277 1172 3555 1235 colebant,
3582 1168 3674 1222 illo
3699 1176 3783 1221 ta-

2204 1304 2326 1343 men
2365 1262 2509 1340 cultu
2541 1281 2796 1348 tantisper
2821 1282 3055 1335 mutato,
3088 1278 3145 1323 ut
3171 1268 3291 1322 illos
3322 1262 3571 1334 paulatim
3594 1274 3621 1313 a
3650 1273 3782 1312 con-

2205 1376 2485 1434 suetudine
2510 1372 2765 1427 abductos
2787 1409 2801 1432 ,
2832 1365 2898 1419 ad
2927 1361 3209 1418 sublimem
3231 1357 3372 1411 illam
3394 1349 3784 1422 phiIosophiam

2208 1471 2517 1527 deduceret.
2550 1464 2606 1518 Id
2628 1458 2769 1531 quod
2794 1458 2953 1512 etiam
2975 1454 3116 1508 circa
3138 1462 3321 1518 magos
3343 1444 3551 1507 effecit,
3577 1455 3696 1495 eum
3724 1439 3787 1492 il—

2209 1562 2290 1615 los
2329 1574 2423 1628 per
2466 1555 2635 1610 stella:
2673 1550 2844 1604 visum
2871 1545 3113 1605 vocavit,
3144 1548 3204 1594 ut
3230 1535 3422 1593 deinde
3450 1532 3788 1588 sublimiores

2212 1620 2477 1706 ralderet.
2510 1646 2794 1710 Postquam
2820 1639 2980 1706 igitur
3000 1631 3119 1686 illos
3143 1628 3209 1683 ad
3238 1638 3478 1697 praesepe
3500 1620 3649 1691 quasi
3674 1634 3791 1672 rna-

2216 1756 2288 1794 nu
2331 1736 2656 1795 deduxerat,
2696 1734 2812 1782 non
2842 1740 2937 1794 per
2956 1720 3162 1777 stellam
3187 1715 3414 1777 deinde,
3446 1712 3538 1767 sed
3569 1724 3663 1778 per
3692 1722 3791 1761 an-

2214 1827 2393 1897 gelum
2420 1824 2437 1853 ¹
2479 1822 2624 1890 ipsos
2658 1814 2951 1883 alloquitur
2994 1827 3008 1863 :
3053 1808 3133 1862 sic
3159 1806 3229 1859 illi
3256 1801 3513 1874 gradatim
3542 1796 3794 1852 meliores

2217 1886 2389 1971 effecti
2419 1886 2559 1965 sunt.
2590 1907 2701 1962 Hoc
2734 1906 2904 1974 ipsum
2935 1900 3057 1955 fecit
3079 1899 3216 1952 circa
3246 1890 3576 1949 Ascalonitas
3600 1895 3654 1943 et
3680 1886 3793 1942 Ga-

2217 2019 2377 2060 zmos.
2416 2001 2548 2055 Nam
2586 2005 2864 2067 postquam
2893 1991 3126 2061 quinque
3151 1985 3255 2040 illae
3275 1982 3514 2037 civitates
3532 2018 3548 2042 ,
3574 1991 3698 2032 arca
3722 1977 3794 2030 ad

2219 2111 2277 2151 se
2314 2065 2603 2151 veniente
2625 2083 2767 2140 letali
2797 2082 2948 2152 plaga
2968 2088 3233 2148 percussae
3255 2079 3379 2127 sunt
3396 2110 3414 2135 ,
3440 2083 3564 2123 cum
3590 2065 3795 2121 nullum

2222 2182 2589 2257 ingruentibus
2615 2176 2771 2233 malis
2796 2173 3085 2229 remedium
3109 2164 3442 2224 invenirent,
3472 2160 3676 2212 vocatis
3707 2169 3807 2205 va-

2223 2244 2364 2331 tibus
2417 2281 2472 2326 et
2508 2273 2829 2339 congregato
2865 2269 3010 2318 coetu
3034 2253 3299 2329 quomodo
3323 2249 3582 2306 divinitus
3604 2244 3810 2300 immis-

2225 2382 2344 2423 sum
2369 2366 2569 2420 malum
2589 2337 2900 2417 amoverent
2915 2348 3285 2409 consultabant
3310 2345 3389 2414 (I.
3409 2343 3536 2413 Reg.
3561 2340 3641 2411 5).
3673 2337 3811 2392 Hinc

2224 2458 2431 2512 vatibus
2471 2451 2807 2514 dicentibus,
2855 2457 3043 2500 vaccas
3085 2438 3370 2496 indomitas
3416 2443 3471 2488 et
3495 2430 3813 2502 primiparas

2223 2562 2361 2601 arcae
2384 2543 2533 2615 jungi
2560 2548 2811 2611 oportere
2835 2578 2851 2603 ,
2882 2545 2942 2589 ut
2962 2532 3109 2587 nullo
3133 2528 3268 2583 duce
3297 2538 3405 2595 quo
3426 2523 3626 2576 vellent
3646 2520 3811 2580 irent;

2226 2638 2457 2707 hincque
2494 2633 2831 2703 exploratum
2878 2627 2993 2681 fore
3020 2638 3084 2676 au
3111 2618 3367 2675 divinitus
3386 2654 3402 2681 ,
3429 2629 3496 2669 an
3523 2627 3651 2667 casu
3674 2624 3814 2679 quo-

2229 2702 2385 2799 piam-
2418 2702 2689 2780 immissus
2718 2718 2936 2775 morbus
2963 2722 3106 2771 esset
3134 2710 3295 2783 (Ibid.
3326 2707 3383 2777 6)
3412 2722 3429 2771 ;
3456 2719 3577 2760 nam
3608 2705 3674 2768 si,
3701 2702 3816 2755 aie-

2230 2820 2358 2873 bant
2381 2859 2395 2882 ,
2424 2816 2613 2887 jugum
2641 2828 2707 2867 ex
2735 2807 2999 2879 imperitia
3028 2806 3045 2837 ¹
3076 2808 3353 2858 conterant
3374 2840 3390 2864 ,
3419 2797 3499 2851 vel
3527 2796 3571 2850 si
3601 2794 3666 2848 ad
3693 2808 3816 2847 mu-

2230 2885 2437 2980 gientes
2480 2885 2675 2959 vitulos
2714 2907 3023 2960 vertantur,
3066 2894 3215 2962 plaga
3261 2905 3386 2945 casu
3412 2886 3702 2945 acciderit;
3734 2885 3818 2937 siu

2236 2972 2380 3053 recta
2398 3001 2640 3066 pergant,
2659 3003 2836 3060 neque
2852 2987 2967 3041 sive
2987 2989 3209 3054 propter
3225 2977 3517 3034 vitulorum
3535 2972 3805 3042 mugitum

2240 3089 2353 3143 sive
2388 3093 2611 3156 propter
2646 3083 2747 3135 via:
2783 3073 3143 3147 ignorantiam
3162 3071 3437 3131 aberrent,
3458 3062 3817 3131 conspicuum

2242 3178 2342 3231 erit
2358 3154 2531 3245 ipsam
2544 3172 2635 3227 Dei
2655 3183 2875 3225 manum
2894 3167 2994 3220 has
3006 3164 3169 3219 urbes
3188 3158 3543 3230 percussisse:
3561 3154 3689 3223 quia
3709 3154 3813 3223 igi-

2245 3280 2335 3323 tur
2349 3276 2532 3321 vatum
2555 3264 2715 3320 dictis
2732 3265 3029 3331 paruerunt
3052 3256 3263 3309 illarum
3282 3250 3563 3304 civitatum
3596 3246 3815 3305 incolae,

2242 3367 2381 3420 Deus
2416 3363 2576 3418 etiam
2595 3401 2611 3428 ,
2641 3355 2963 3426 indulgentia
2992 3364 3120 3406 usus
3140 3390 3155 3415 ,
3188 3357 3365 3401 vatum
3392 3342 3705 3398 sententiam
3733 3354 3825 3393 se-

2238 3466 2435 3528 quutus
2472 3461 2584 3517 est,
2619 3464 2717 3505 nec
2747 3448 3024 3514 majestate
3053 3455 3147 3496 sua
3170 3438 3440 3508 indignum
3469 3434 3700 3504 putavit,
3734 3445 3830 3481 va-

2239 3522 2351 3605 tum
2394 3544 2792 3617 praedictionem
2831 3538 2897 3592 ad
2923 3551 3056 3607 opus
3080 3532 3345 3589 deducere
3368 3570 3384 3594 ,
3410 3536 3465 3582 et
3491 3525 3649 3580 fidem
3674 3522 3833 3576 dictis

2243 3653 2429 3694 eorum
2474 3633 2782 3691 conciliare.
2830 3629 2907 3684 Eo
2950 3626 3121 3694 major
3148 3625 3291 3678 enim
3320 3634 3406 3674 res
3429 3624 3577 3687 gesta
3605 3613 3825 3669 videba-

2242 3740 2349 3797 tur,
2396 3729 2440 3783 si
2482 3725 2578 3780 Dei
2606 3722 2893 3794 potentiam
2930 3718 3028 3788 ipsi
3055 3717 3214 3772 etiam
3242 3710 3439 3768 inimici
3472 3706 3825 3764 testificareri-

2244 3795 2362 3883 tur,
2410 3828 2465 3873 et
2511 3817 2555 3872 si
2604 3828 2787 3869 eorum
2834 3811 3081 3866 doctores
3110 3805 3178 3860 de
3203 3803 3293 3858 illa
3318 3801 3578 3857 calculum
3605 3795 3824 3851 ferrent.

2243 3912 2405 3967 Multa
2426 3921 2635 3979 quoque
2664 3903 2858 3959 similia
2888 3901 3053 3955 Deum
3075 3896 3472 3965 dispensantem
3494 3885 3829 3943 animadver-

2247 4002 2423 4056 timus.
2444 3999 2574 4054 Nam
2597 4014 2656 4052 ea
2679 3995 2836 4051 etiam
2858 4007 2976 4063 qua:
2996 3989 3060 4044 ad
3084 3985 3448 4059 pythouissam
3473 3986 3715 4051 spectant
3738 3990 3832 4031 eo.

2247 4092 2372 4147 dem
2408 4090 2714 4160 dispensata
2754 4092 2881 4140 sunt
2924 4080 3084 4137 modo
3109 4095 3124 4132 :
3154 4086 3212 4133 ut
3239 4090 3335 4132 vos
3362 4073 3616 4140 deinceps
3638 4082 3833 4125 secun-

2250 4183 2377 4240 dum
2416 4182 2526 4251 jam
2565 4180 2702 4235 dicta
2754 4175 2996 4248 poteritis
3034 4170 3301 4241 explicare
3350 4165 3510 4229 (Ibid.
3540 4162 3656 4232 28).
3707 4160 3833 4214 Ilarc.

2250 4274 2320 4330 de
2356 4273 2510 4328 stella
2554 4287 2584 4325 a
2623 4269 2777 4324 nobis
2815 4267 2952 4321 dicta
3001 4271 3160 4323 sunt;
3192 4259 3283 4313 scd
3314 4258 3465 4327 plura
3496 4270 3526 4307 a
3550 4252 3703 4305 vobis
3728 4248 3833 4303 dici

2250 4373 2457 4444 possint
2480 4389 2493 4426 :
2517 4384 2638 4425 nam
2660 4366 2742 4420 Da
2770 4359 2982 4431 sapienti
3006 4355 3319 4413 occasionem
3340 4391 3356 4416 ,
3383 4357 3429 4403 et
3454 4343 3728 4415 sapientior
3746 4343 3840 4396 erit

2249 4464 2432 4534 (Prov.
2463 4462 2518 4518 9.
2543 4458 2619 4528 9).

2326 4635 2378 4688 Δ.
2402 4612 2569 4698 Quare
2587 4600 2854 4691 Scriptura
2876 4628 3066 4683 tempus
3086 4620 3129 4663 et
3149 4610 3314 4662 locum
3332 4600 3625 4659 natiritatis,
3652 4591 3844 4663 princio

2256 4738 2464 4797 pemque
2485 4730 2601 4773 time
2628 4711 2860 4783 temporis
2881 4712 3172 4777 regnantem
3189 4707 3290 4751 tarn
3311 4700 3549 4747 accurate
3571 4685 3841 4741 describat.

2260 4783 2496 4871 'Libei‘um
2535 4806 2817 4862 arbitrium.
2874 4794 3194 4863 Jerosotyma
3226 4803 3314 4841 cur
3350 4783 3547 4837 turbata
3582 4786 3690 4841 est,
3731 4788 3848 4827 cum

2262 4907 2453 4963 audivit
2479 4900 2734 4958 Christum
2760 4901 2954 4947 natum.
2978 4915 3045 4926 -—
3065 4883 3182 4938 Jam
3210 4880 3276 4933 ad
3308 4871 3625 4946 principium
3655 4879 3844 4921 eorum

2264 5013 2383 5070 qua:
2413 4997 2547 5051 lecta
2589 4996 2715 5043 sunt
2740 4977 3073 5039 redeundum
3097 4984 3202 5029 est.
3232 4966 3511 5036 Quodnam
3541 4968 3625 5016 est
3651 4955 3853 5030 princi-

2267 5049 2450 5162 pium?
2477 5083 2601 5138 Cum
2641 5087 2791 5133 natus
2814 5082 2942 5128 esset
2966 5069 3117 5123 Iesus
3140 5065 3192 5118 in
3218 5058 3508 5115 Bethtehem
3534 5051 3733 5106 Judtete
3750 5088 3767 5113 ,
3800 5049 3856 5100 in

2271 5141 2443 5237 diebus
2468 5174 2687 5231 Herodis
2716 5168 2847 5240 regis
2863 5207 2877 5232 ,
2916 5179 3029 5219 ecce
3049 5158 3187 5229 magi
3207 5155 3275 5208 ab
3289 5153 3479 5207 oriente
3503 5152 3744 5201 venerunt
3765 5141 3858 5193 Je-

2273 5234 2600 5340 rasolymam.
2618 5261 2751 5331 Magi
2771 5234 2990 5314 stellam
3011 5251 3200 5308 ducem
3227 5241 3437 5315 sequuti
3459 5246 3615 5302 sunt;
3647 5234 3702 5289 hi
3729 5246 3862 5286 vero

2348 5538 2364 5567 ι
2404 5533 2458 5582 lu
2482 5538 2661 5585 Graeco,
2685 5537 2753 5576 tua
2776 5540 2838 5582 τῆς
2860 5532 3037 5582 ἀπιιρίις.
3058 5516 3274 5585 Atrianus.
3292 5517 3353 5556 au
3375 5511 3468 5571 Ista.
3486 5499 3695 5549 lectiouc
3718 5494 3869 5543 aber-

2277 5605 2372 5655 rat,
2396 5571 2866 5653 i'tiuiiitcrin'eiatioiie
2886 5571 3092 5644 ponens,
3115 5571 3318 5637 superba
3340 5574 3541 5617 cervice.
