4060 6156
293 383 434 436 κατά
464 383 564 454 τὴν
591 384 914 459 οἰκουμένην
942 390 1188 457 οἰκοῦσι,
1220 393 1313 449 ml
1344 398 1425 460 εἰς
1448 399 1699 455 τοσοῦτον
1730 403 1864 459 πλά-

288 487 385 533 τος
424 475 526 542 γῆς
561 474 945 546 ὲκκεχυμένοις
971 479 1036 544 ³¹,
1088 481 1290 536 ἀπασιν
1329 485 1496 553 ἐγγὺς
1527 485 1664 542 εἶναι
1694 490 1859 549 δοκεῖ.

298 563 428 628 Πῶς
451 560 544 619 οὖν
569 567 598 618 6
615 567 812 637 ἀστὴρ,
836 570 955 623 εἰπέ
980 588 1090 641 μοι,
1115 574 1276 627 τόπον
1293 575 1434 630 οὕτω
1453 579 1635 633 στενὸν
1659 584 1863 654 φάτνης

299 657 397 709 καὶ
444 656 685 727 καλύϐης
712 659 921 714 ἐδείκνυ
946 700 962 725 ,
997 664 1045 716 εἰ
1073 663 1150 734 μη
1180 666 1240 718 τὸ
1268 667 1470 740 ὑψηλὸν
1507 671 1683 726 ἐκεῖνο
1705 675 1864 744 ἀφεὶς

292 745 451 798 κάτω
482 746 710 818 κατέϐη,
741 749 834 803 ml
863 750 1004 821 ὑπὲρ
1037 755 1208 825 αὐτῆς
1233 756 1363 828 ἔστη
1381 758 1481 830 τῆς
1506 762 1746 834 κεφαλῆς
1768 765 1861 820 τοῦ

289 834 540 924 παιδίους
577 836 750 907 Ὅπερ
777 834 870 892 οὖν
907 842 1002 894 καὶ
1029 842 1058 893 6
1079 843 1467 920 εὐαγγελιστὴς
1499 851 1864 924 αἰνιττόμενος

291 923 479 993 ἔλεγεν
499 943 514 957 ο
557 926 713 982 Ἰδοὺ
747 933 782 983 ό
812 931 1006 1000 ἀστὴρ
1040 933 1306 1007 προῆγεν
1334 940 1555 1007 αὐτοὺς
1575 981 1591 1006 ,
1629 923 1740 1010 ἕως
1765 946 1863 1000 ἐλ-

291 1013 415 1068 θὼν
448 1016 598 1085 ἔστη
629 1017 830 1073 ἐπάνω
859 1017 932 1077 οὗ
965 1019 1044 1091 ἦν
1064 1024 1131 1078 τὸ
1158 1026 1419 1083 παιδίον.
1435 1029 1601 1102 Ὁρᾷς
1633 1033 1700 1086 δι’
1724 1035 1862 1088 ὅσων

287 1104 566 1160 δείκνυται
592 1108 650 1162 ού
681 1109 787 1163 τῶν
827 1111 1034 1165 πολλῶν
1067 1110 1146 1177 εἷς
1177 1113 1252 1170 ὢν
1282 1110 1437 1182 οὗτος
1469 1122 1497 1174 6
1530 1122 1721 1194 ἀστὴρ,
1743 1125 1872 1178 οὐδὲ

289 1198 435 1252 κατά
479 1200 582 1269 τὴν
613 1202 933 1258 ἀκολουθίαν
964 1205 1062 1276 τῆς
1116 1207 1221 1273 ἔξω
1331 1212 1598 1281 γενέσεως
1647 1216 1861 1283 δεικνὺς

288 1283 413 1359 [89]
442 1289 632 1345 ἑαυτόν
650 1307 666 1355 ;

361 1376 434 1446 γ’.
466 1381 578 1433 Καὶ
605 1381 749 1447 τίνος
775 1384 959 1439 ἕνεκεν
986 1387 1194 1459 ἐφάνη;
1227 1391 1388 1446 Ὥστε
1415 1394 1732 1449 καθικέσθαι
1760 1397 1860 1467 τῆς

301 1469 574 1524 Ἰουδαίων
607 1473 981 1546 ἀναισθησίας,
1013 1480 1108 1533 ml
1130 1483 1310 1536 πᾶσαν
1329 1483 1510 1548 αὐτοῖς
1543 1485 1858 1540 ἀποκλεῖσαι

289 1551 908 1630 ἁπολογίαςάφορμὴν³³
939 1560 1362 1630 ἀγνωμονοῦσιν.
1399 1565 1610 1636 Ἐπειδὴ
1671 1568 1781 1638 γὰρ
1830 1570 1859 1620 6

289 1645 754 1716 παραγενόμενος,
793 1648 891 1718 τὴν
930 1649 1030 1719 μὲν
1074 1651 1306 1707 παλαιὰν
1343 1657 1637 1709 ἀναπαύειν
1669 1657 1861 1729 ἔμελλε

291 1735 587 1799 πολιτείαν,
617 1737 718 1807 τὴν
737 1737 794 1789 δε
819 1741 1139 1813 οἰκουμένην
1166 1743 1248 1807 εἰς
1275 1744 1372 1815 τὴν
1405 1747 1568 1801 αὑτοῦ
1619 1750 1867 1820 προσκύο

288 1853 446 1906 νησιν
474 1837 677 1906 καλεῖν,
703 1839 798 1893 καὶ
826 1843 883 1895 ἐν
910 1844 980 1914 γῇ
1022 1845 1115 1896 καὶ
1153 1845 1212 1896 ἐν
1252 1844 1486 1916 Θαλάττῃ
1537 1846 1858 1914 προσκυνεῖ-

291 1925 418 1978 σθαι
456 1928 625 1999 πάσῃ,
649 1931 712 1982 ἐκ
737 1933 1036 2001 προοιμίων
1061 1934 1262 1998 εὐθέως
1289 1937 1399 1998 τοῖς
1424 1935 1629 1988 ἔθνεσιν
1655 1935 1858 2004 ἀνοίγει

289 2015 388 2086 τὴν
418 2017 608 2088 θύραν,
627 2019 719 2072 διά
752 2022 859 2073 τῶν
886 2022 1179 2094 ἀλλοτρίων
1210 2025 1336 2088 τοὺς
1376 2027 1605 2090 οἰκείους
1635 2025 1858 2080 παιδεῦ-

289 2122 385 2158 σαι
430 2107 619 2164 θέλων.
667 2109 883 2181 Ἐπειδὴ
942 2113 1052 2183 γὰρ
1099 2113 1208 2167 τῶν
1263 2115 1558 2184 προφητῶν
1619 2115 1858 2185 συνεχῶς

287 2195 578 2261 ἀκούοντες
617 2199 883 2266 λεγόντων
937 2203 1066 2272 περί
1104 2202 1204 2273 τῆς
1247 2202 1409 2256 αὐτοῦ
1451 2204 1764 2274 παρουσίας.
1795 2205 1856 2256 οὑ

291 2287 498 2357 σφόδρα
525 2291 830 2359 προσεῖχον,
848 2290 1070 2363 ἐποίησε
1093 2293 1188 2346 καὶ
1217 2293 1524 2364 βαρϐάρους
1553 2294 1722 2348 ἐλθεῖν
1750 2297 1856 2348 ἀπὸ

287 2378 393 2447 τῆς
429 2381 663 2449 μακρᾶς,
695 2381 787 2434 τὸν
816 2383 946 2452 παρ’
971 2383 1153 2446 αὐτοῖς
1192 2383 1414 2453 βασιλέα
1443 2385 1850 2456 ἐπιζητοῦντας,

288 2467 385 2518 καὶ
433 2467 583 2538 παρά
624 2468 898 2539 Περσικῆς
942 2470 1162 2541 πρώτης
1199 2473 1381 2542 φωνῆς
1412 2474 1788 2543 μανθάνουσιν,
1815 2477 1853 2531 ἃ.

287 2555 442 2624 παρὰ
477 2557 586 2607 τῶν
611 2560 903 2628 προφητῶν
945 2561 1134 2629 μαθεῖν
1161 2563 1262 2615 οὐκ
1296 2563 1584 2633 ἠνέσχοντο
1605 2582 1620 2596 υ
1651 2567 1756 2631 ἵνα,
1787 2567 1852 2621 ἂν

288 2643 391 2710 μὲν
447 2642 846 2714 εὐγνωμονῶσι,
911 2647 1172 2719 μεγίστην
1225 2649 1387 2720 ἔχωσι
1437 2651 1527 2704 τοῦ
1575 2654 1852 2709 πείθεσθαι

285 2730 557 2798 πρόφασιν
576 2748 590 2762 ο
613 2731 706 2785 ἐάν
727 2733 785 2786 δὲ
806 2733 1167 2803 φιλονεικῶσι,
1196 2737 1374 2806 πάσης
1397 2730 1529 2790 ὦσιν
1557 2739 1854 2811 ἀπεστερη-

285 2818 442 2888 μένοι
463 2819 646 2874 λοιπὸν
670 2822 982 2893 ἀπολογίας.
1012 2824 1076 2877 Τί
1114 2825 1221 2895 γὰρ
1252 2826 1319 2880 ἂν
1346 2827 1516 2898 ἔχοιεν
1547 2829 1740 2894 εἰπεῖν,
1773 2832 1849 2901 μὴ

281 2907 570 2978 δεξάμενοι
599 2911 688 2964 τὸν
713 2914 946 2983 Χριστὸν
980 2915 1117 2984 μετά
1143 2918 1268 2981 τοὺς
1309 2918 1592 2982 τοσούτους
1641 2922 1849 2990 προφή-

280 3015 402 3062 τας,
443 3001 571 3054 ὄταν
594 3001 742 3056 ίδωσι
767 3005 968 3074 μάγους
998 3006 1107 3058 ἀπὸ
1147 3007 1320 3077 ὅψεως
1357 3009 1473 3071 ἐνὸς
1497 3009 1695 3082 ἄστρου
1726 3010 1848 3087 τοῦ·

280 3103 375 3140 τον
420 3087 762 3158 δεξαμένους,
794 3093 886 3146 καὶ
930 3098 1411 3166 προσκυνήσαντας
1441 3098 1532 3150 τὸν
1572 3099 1845 3166 φανέντα;

282 3177 460 3250 Ὅπερ
477 3176 581 3254 ,οὖν
612 3182 706 3234 ἐπὶ
749 3183 856 3235 τῶν
906 3184 1199 3238 Νινευῖτῶν
1250 3187 1490 3257 ἐποίησε,
1517 3189 1735 3259 πέμψας
1756 3191 1848 3244 τὸν

291 3269 498 3334 Ἰωνᾶν,
536 3273 629 3324 καὶ
659 3273 795 3343 ὅπερ
822 3275 917 3328 ἐπ)⁸
942 3277 1038 3346 τῆς
1069 3277 1454 3347 Σαμαρείτιδος
1485 3278 1579 3332 ml
1601 3283 1698 3351 τῆς
1733 3281 1846 3333 Χα-

276 3360 528 3425 ναναίας.
560 3363 718 3415 τοῦτο
751 3365 847 3418 καὶ
894 3366 987 3418 ἐπὶ
1027 3366 1136 3420 τῶν
1183 3366 1390 3437 μάγων.
1435 3369 1532 3422 Διά
1572 3370 1728 3423 τοῦτο
1754 3371 1846 3424 καί

277 3448 463 3516 ἐλεγεν
482 3467 496 3482 ·
561 3453 812 3521 ’Δνδρες
864 3455 1162 3509 Νινευῖῖται
1214 3458 1681 3524 ἀναστήσονται,
1746 3461 1846 3516 καί

276 3543 706 3610 κατακρινοῦσι
724 3559 738 3574 ·
769 3545 882 3608 ml,
913 3547 1256 3601 Βασίλισσα
1294 3550 1476 3603 νότου
1507 3550 1845 3617 ἀναστήσε-

280 3647 402 3694 ται,
426 3633 525 3685 καὶ
553 3635 897 3702 κατακρινεῖ
917 3635 1032 3705 τὴν
1059 3641 1272 3705 γενεὰν
1302 3641 1526 3708 ταύτην
1545 3657 1560 3672 ο
1594 3643 1674 3695 ὅτι
1701 3644 1846 3697 ἐκεῖ·

270 3735 358 3772 νοι
393 3719 494 3789 μέν
521 3724 632 3784 τοῖς
664 3723 940 3778 ἐλάττοσιν
971 3726 1316 3793 ἐπίστευσαν,
1337 3724 1478 3783 οὗτοι
1504 3731 1561 3783 δέ
1581 3731 1699 3784 οὐδὲ
1730 3735 1842 3796 τοῖς

275 3809 512 3880 μείζοσι.
543 3813 650 3865 Καὶ
672 3812 814 3878 τίνος
833 3815 1016 3870 ἕνεκεν
1039 3817 1126 3870 διά
1152 3819 1630 3890 τοιαύτης-αὐτοὺς
1659 3821 1840 3875 εἵλκυ-

274 3916 370 3952 σεν
419 3900 632 3970 ὅψεως
682 3905 864 3976 φησίν.
927 3905 1087 3960 Ἀλλά
1123 3907 1239 3972 πῶς
1289 3910 1492 3981 ἐχρῆνς
1548 3913 1838 3983 Προφήτας

271 3989 488 4059 πέμψαι
511 4007 528 4056 ;
573 3992 710 4045 Ἀλλ’
739 3995 837 4047 οὐκ
864 3994 930 4049 ἂν
956 3997 1004 4048 οί
1030 3997 1193 4066 μάγοι
1220 4001 1509 4070 προφητῶν
1530 4003 1838 4074 ἠνέσχοντο.

284 4079 448 4134 Ἀλλὰ
475 4083 657 4154 φωνὴν
707 4085 912 4139 ἀνωθεν
941 4087 1192 4158 ἀφεῖναι;
1241 4090 1377 4144 Ἀλλ’
1410 4092 1511 4146 οὐκ
1552 4093 1618 4148 ἂν
1664 4112 1835 4165 προσ-

263 4183 444 4251 έσχον.
484 4183 621 4234 Ἀλλ’
655 4183 883 4252 ἄγγελον
921 4185 1264 4254 ἀποστεῖλαι;
1305 4189 1464 4242 Ἀλλά
1509 4193 1602 4246 ml
1647 4195 1833 4248 τοῦτον

259 4270 328 4324 ἂν
359 4271 729 4343 παρέδραμον.
771 4275 870 4327 Διά
910 4275 974 4346 δὴ
1000 4276 1156 4330 τοῦτο
1197 4279 1375 4332 πάντα
1403 4280 1584 4336 ἐκεῖνα
1613 4285 1770 4355 ἀφεὶς
1804 4291 1833 4342 ὁ

259 4360 417 4423 Θεὸς.
440 4360 528 4414 διὰ
557 4362 664 4415 τῶν
688 4364 934 4434 συνήθων
961 4365 1155 4429 αὐτοὺς
1179 4367 1356 4435 καλεῖ,
1393 4372 1599 4443 σφόδρα
1629 4392 1830 4443 συγκα-

253 4449 550 4518 ταϐαίνων,
573 4451 669 4505 καὶ
693 4452 807 4524 [90]
839 4453 1110 4510 δείκνυσιν
1142 4458 1340 4529 ἄστρον
1383 4462 1524 4531 μέγα
1551 4466 1642 4518 καὶ
1674 4466 1829 4536 ἐξηλ-

255 4539 552 4611 λαγμένον,
581 4543 724 4598 ὥστε
751 4546 846 4599 ml
892 4546 970 4618 τῷ
1000 4548 1219 4617 μεγέθει
1255 4552 1350 4605 ml
1383 4552 1461 4622 τῷ
1501 4555 1688 4610 κάλλει
1727 4559 1826 4629 τῆς

253 4631 434 4701 ὅψεως
455 4634 652 4698 αὐτοὺς
681 4636 969 4707 ἐκπλῆξαι,
1002 4633 1095 4692 mil
1121 4641 1200 4712 τῷ
1221 4643 1409 4714 τρόπῳ
1445 4645 1545 4715 τῆς
1579 4650 1822 4718 πορείας.

253 4725 442 4778 Ταῦτα
482 4726 575 4779 ml
618 4729 647 4779 6
698 4728 909 4792 Παῦλος
959 4731 1293 4802 μιμούμενος
1342 4735 1449 4788 ἀπὸ
1490 4736 1674 4808 βωμοῦ
1713 4743 1825 4805 τοῖς

255 4815 482 4888 Ἕλλησι
511 4816 819 4890 διαλέγεται
838 4861 853 4885 ,
897 4823 990 4874 καὶ
1021 4823 1256 4894 ποιητῶν
1284 4825 1522 4896 παράγει
1541 4828 1587 4858 ³⁸
1619 4847 1824 4900 μαρτυ-

253 4903 378 4974 ρίας
406 4906 489 4968 εἰς
525 4905 692 4974 μέσον
713 4921 728 4937 ο
763 4907 858 4958 καὶ
907 4910 1043 4977 μετά
1077 4913 1378 4982 περιτομῆς
1414 4917 1525 4977 τοῖς
1557 4917 1824 4984 Ἰουδαίοις

247 4995 572 5066 δημηγορεῖ,
603 4996 697 5049 ml
719 4997 828 5050 ἀπὸ
847 4997 1044 5052 θυσιῶν
1070 5001 1205 5070 πρὸς
1225 5004 1349 5065 τοὺς
1371 5004 1427 5056 ἐν
1448 5005 1596 5076 νόμῳ
1617 5005 1822 5072 ζῶντας

246 5086 348 5156 τήν
395 5086 572 5158 ἀρχὴν
623 5091 858 5143 ποιεῖται
903 5089 1002 5159 τῆς
1048 5091 1410 5158 διδασκαλίας.
1453 5096 1666 5169 Ἐπειδὴ
1715 5101 1822 5173 γὰρ

246 5177 466 5247 ἑκάστῳ
490 5179 558 5232 τά
593 5179 793 5251 συνήθη
834 5179 981 5248 φίλα,
1027 5182 1118 5234 καὶ
1149 5184 1177 5236 6
1208 5184 1337 5248 Θεὸς
1365 5187 1456 5239 ml
1484 5189 1533 5240 οἱ
1563 5191 1691 5260 παρ’
1721 5191 1820 5243 αύ-

243 5265 342 5318 τοῦ
387 5267 726 5335 πεμφθέντες
767 5269 1042 5340 ἄνθρωποι
1082 5270 1216 5341 πρὸς
1239 5272 1337 5343 τὴν
1363 5275 1462 5344 τῆς
1500 5278 1820 5350 οἰκουμένης

245 5355 524 5424 σωτηρίαν
569 5355 710 5411 οὕτω
756 5359 826 5412 τὰ
876 5358 1174 5429 πράγματα
1228 5364 1680 5434 μεταχειρίζουσι.
1723 5368 1816 5439 Μὴ

243 5445 434 5498 τοίνυν.
447 5446 662 5510 ἀνάξιον
693 5443 829 5502 εἶναι
855 5449 1083 5521 νομίσῃς
1112 5450 1296 5518 αὐτοῦ,
1313 5453 1372 5505 τὸ
1383 5454 1450 5507 δι’
1476 5456 1702 5528 ἀστέρος
1719 5459 1818 5512 αύ-

244 5536 373 5600 τοὺς
423 5536 649 5592 καλέσαι
670 5555 684 5570 ο
733 5539 856 5593 ἐπεὶ
899 5539 1042 5593 οὕτω
1093 5542 1187 5595 ml
1231 5544 1300 5595 τά
1349 5543 1610 5600 Ἰουδαϊκὰ
1642 5549 1816 5602 πάντα

321 5741 368 5844 τ’
405 5741 716 5844 suam

244 5810 465 5884 τίεινιΕ-
543 5810 591 5884 ιε
617 5810 729 5884 asa?

1432 277 1500 335 IN
1539 277 1943 340 MATTIUEUM
1982 278 2209 340 HOMIL.
2253 282 2341 341 Vl.

759 5761 786 5806 ς
821 5741 885 5817 D_.
1017 5745 1360 5817 ἐκκεχυμένη
1398 5746 1457 5802 F.
1505 5749 1608 5804 An.
1641 5752 1843 5808 ἅπασιν
1868 5769 1980 5811 om.
2016 5757 2077 5812 Β.

3482 290 3560 344 85

1976 401 2269 464 διαϐαλεῖς,
2297 400 2390 454 καὶ
2422 398 2519 464 τάς
2543 398 2733 463 θυσίας
2751 437 2767 466 ,
2806 398 2900 453 καὶ
2933 399 3058 464 τοὺς
3081 399 3421 474 καθαρμοὺς,
3449 403 3544 455 ml

1976 492 2074 555 τὰς
2094 492 2403 562 νεομηνίας,
2435 492 2528 545 καὶ
2561 491 2660 561 τὴν
2687 489 2917 544 κιϐωτὸν
2938 529 2953 555 ,
2981 491 3185 546 καὶτὸν
3206 494 3330 546 ναὸν
3354 493 3410 546 δέ
3440 493 3542 547 αὑ-

1975 584 2086 637 τόν.
2116 584 2226 637 Καὶ
2249 584 2358 655 γάρ
2402 583 2462 648 ἐξ
2500 581 2813 652 Ἑλληνικῆς
2844 581 3016 635 ταῦτα
3053 583 3360 654 παχύτητος
3382 585 3541 639 ἔλαϐε

1975 674 2074 744 τὴν
2106 674 2300 745 ἀρχήν.
2320 675 2458 728 Ἀλλ’
2481 675 2630 744 ὅμως
2660 675 2688 726 6
2708 673 2837 736 Θεὸς
2860 672 2946 726 διὰ
2973 672 3070 744 τὴν
3099 674 3207 726 τῶν
3243 674 3540 745 πλανηθέν-

1975 781 2083 818 των
2109 764 2379 836 σωτηρίαν
2405 765 2662 835 ῆνέσχετο
2679 763 2766 818 διά
2801 763 3003 818 τούτων
3031 764 3452 835 θεραπευθῆναι,
3475 765 3540 818 δι’

1972 847 2047 909 ὧν
2077 856 2126 908 οί
2163 853 2360 920 ἔξωθεν
2385 853 2640 925 δαίμονας
2664 853 3014 924 ἐθεράπευον,
3041 855 3233 924 μικρὸν
3266 854 3542 926 παραλλά-

1974 944 2070 1009 ξας
2106 945 2282 1000 αὑτά’
2324 946 2412 1000 ἵνα
2455 945 2650 1008 αὐτοὺς
2682 945 2822 998 κατὰ
2873 943 3067 1015 μικρὸν
3107 944 3208 1015 τῆς
3252 945 3538 1015 συνηθείας

1970 1034 2294 1098 ἀποσπάσας
2330 1035 2422 1088 ἐπὶ
2449 1034 2547 1106 τὴν
2584 1033 2791 1105 ὑψηλὴν
2815 1035 2995 1106 ἀγάγῃ
3021 1035 3065 1067 ³⁵
3096 1036 3432 1105 φιλοσοφίαν.
3473 1037 3538 1089 Ὃ

1967 1124 2033 1194 δὴ
2063 1125 2157 1178 καὶ
2185 1125 2280 1179 ἐπὶ
2312 1125 2419 1179 τῶν
2449 1126 2638 1196 μάγων
2662 1125 2904 1195 ἐποίησε,
2926 1124 2992 1177 δι’
3015 1123 3190 1193 ὅψεως
3212 1125 3411 1196 ἄστρου
3443 1140 3538 1177 κα.

1966 1214 2120 1269 λέσαι
2157 1216 2353 1278 αὐτοὺς
2383 1215 2782 1285 ἀνασχόμενος,
2826 1215 2912 1268 ἵνα
2944 1215 3128 1268 λοιπὸν
3177 1213 3537 1285 ὑψηλοτέρους

1964 1315 2280 1386 ἐργάσηται.
2317 1313 2468 1367 Ἐπεὶ
2505 1309 2599 1370 οῦν
2643 1315 2815 1386 ἤγαγε
2865 1315 2958 1368 καὶ
2985 1314 3411 1386 ἐχειραγώγησε,
3439 1316 3532 1368 καὶ

1963 1405 2101 1474 πρὸς
2127 1406 2225 1476 τὴν
2267 1406 2473 1475 φάτνην
2519 1405 2765 1476 ἔστησεν,
2801 1406 2983 1458 οὐκέτι
3023 1406 3089 1457 δι’
3135 1406 3356 1476 ἄστρου,
3394 1405 3532 1459 ἀλλά

1958 1493 2024 1546 δι’
2057 1493 2291 1562 ἀγγέλου
2345 1495 2529 1548 λοιπὸν
2577 1496 2762 1557 αὐτοῖς
2809 1494 3152 1564 διαλέγεται,
3205 1495 3352 1548 οὕτω
3388 1497 3531 1549 κατὰ

1961 1582 2155 1652 μικρὸν
2189 1582 2429 1652 βελτίους
2449 1583 2713 1650 ἐγένοντο.
2748 1583 2919 1636 Τοῦτο
2947 1585 3040 1637 καὶ
3074 1585 3166 1637 ἐπὶ
3193 1583 3302 1638 τῶν
3332 1586 3528 1638 Ἀσκα-

1959 1671 2192 1725 λωνιτῶν
2238 1675 2333 1726 καὶ
2363 1671 2612 1736 Γαζαίων
2656 1673 2900 1744 ἐποίησε.
2943 1674 3055 1727 Kal
3098 1673 3207 1746 γὰρ
3267 1677 3322 1728 αί
3365 1675 3527 1728 πέντε

1958 1762 2138 1823 πόλεις
2165 1763 2402 1825 ἐκεῖναι,
2443 1763 2629 1834 ἐπειδὴ
2671 1763 2771 1832 τῆς
2805 1762 3037 1817 κιϐωτοῦ
3081 1763 3528 1833 παραγενομένης

1957 1850 2272 1920 ἐπλήγησαν
2318 1851 2536 1922 καιρίαν
2594 1851 2826 1922 πληγὴν,
2868 1852 2963 1906 καὶ
3008 1851 3326 1922 ἀπαλλαγὴν
3387 1853 3529 1905 οὐδε-

1957 1939 2084 2006 μίαν
2109 1939 2360 2011 εὗρισκον
2389 1941 2497 1995 τῶν
2523 1941 2884 2011 ἐπικειμένων
2919 1941 3125 2003 κακῶν,
3151 1943 3277 2005 τοὺς
3299 1941 3523 2012 μάντεις

1953 2028 2298 2096 καλέσαντες,
2345 2033 2438 2083 καὶ
2477 2032 2770 2101 ἐκκλησίαν
2811 2033 3238 2108 συναγαγόντες,
3295 2033 3524 2103 ἐζήτουν.

1952 2117 2103 2171 λύσιν
2125 2120 2303 2190 εὑρεῖν
2330 2120 2430 2190 τῆς
2459 2121 2718 2192 θεηλάτου
2750 2122 2963 2194 πληγῆς
2993 2123 3227 2194 ἐκείνης.
3254 2119 3384 2177 Εἶτα
3412 2123 3519 2176 τῶν

1953 2207 2198 2277 μάντεων
2223 2208 2336 2282 [91]
2369 2212 2649 2276 εἰπόντων,
2673 2214 2755 2266 ὅτι
2784 2213 3041 2283 δαμάλεις
3070 2213 3411 2283 ἀδαμάστους
3426 2217 3518 2268 ml

1951 2302 2396 2370 πρωτοτοκούσας
2429 2301 2722 2366 ὑποζεῦξαι
2750 2305 2816 2372 τῇ
2855 2301 3069 2371 κιϐωτῷ
3107 2301 3233 2372 χρὴ.
3268 2301 3363 2354 ml
3385 2302 3518 2372 μηδ-

1949 2389 2066 2452 ενὸς
2115 2391 2578 2462 χειραγωγοῦντος
2637 2395 2853 2462 ἀφεῖναι
2915 2392 3177 2462 βαδίζεινο
3227 2391 3368 2446 οὕτω
3408 2393 3513 2464 γὰρ

1949 2479 2097 2534 ἔσται
2136 2483 2452 2554 κατάδηλον,
2491 2485 2599 2538 εῐτε
2647 2484 2903 2555 θεήλατος
2940 2479 3008 2554 ἦν
3026 2485 3070 2515 ³⁸
3100 2485 3133 2553 ή
3171 2483 3372 2554 πληγὴ,
3403 2485 3514 2537 εἴτε

1945 2572 2010 2624 ἐκ
2037 2574 2338 2644 περιφορᾶς
2377 2591 2521 2636 τινος
2566 2577 2598 2645 ὴ
2635 2575 2788 2637 νόσος
2823 2574 2918 2644 (ἂν
2947 2573 3043 2644 μὲν
3067 2573 3194 2644 γὰρ,
3223 2573 3379 2644 φησὶ,
3417 2575 3510 2626 τὸν

1945 2660 2106 2730 ζυγὸν
2138 2662 2241 2716 ὑπὸ
2281 2663 2383 2734 τῆς
2419 2665 2674 2734 ἀπειρίας
2728 2665 3168 2737 συντρίψωσιν,ἢ
3225 2665 3361 2736 πρὸς
3412 2666 3510 2730 τὰς

1942 2750 2198 2822 δαμάλεις
2229 2754 2554 2825 μυκωμένας
2582 2754 2978 2827 ἐπιστραφῶσι,
3019 2754 3276 2825 συντυχία
3321 2756 3382 2809 τὸ
3418 2772 3501 2823 γε·

1942 2840 2237 2910 γενημένον
2269 2844 2448 2896 ἐστίν’
2475 2842 2540 2896 ἂν
2567 2842 2624 2895 δὲ
2652 2841 2788 2914 ὀρθὰ
2813 2842 3088 2913 βαδίσωσι,
3117 2843 3210 2898 καὶ
3229 2842 3350 2897 οὗτε
3374 2844 3508 2914 πρὸς

1941 2929 2032 2982 τὸν
2072 2931 2357 3003 μυκηθμὸν
2402 2934 2509 2987 τῶν
2543 2933 2770 2988 παιδίων
2803 2935 3106 3006 πάσχουσαί
3133 2953 3206 3001 τι,
3253 2935 3378 2989 οὔτε
3406 2937 3517 2990 ὑπὸ.

1940 3018 2037 3088 τῆς
2066 3019 2287 3087 ἀγνοίας
2313 3020 2412 3091 τῆς
2441 3020 2584 3074 κατά
2612 3023 2712 3093 τὴν
2736 3021 2874 3087 ὁδὸν,
2905 3023 3269 3094 πλανηθῶσιν,
3289 3024 3514 3097 εῦδηλον

1941 3109 2020 3161 ὅτι
2050 3110 2084 3180 ή
2112 3110 2207 3164 τοῦ
2259 3111 2396 3165 Θεοῦ
2426 3113 2546 3183 χείρ
2588 3114 2734 3167 ἐστιν
2785 3116 2817 3184 ή
2880 3115 3135 3185 ἁψαμένη
3164 3115 3274 3169 τῶν
3303 3117 3508 3172 πόλεων

1939 3200 2175 3270 τούτων)
2197 3218 2211 3234 ο
2246 3203 2370 3257 ἐπεὶ⁹
2399 3201 2491 3257 οὖν
2543 3204 2713 3257 ταῦτα
2762 3203 2871 3258 τῶν
2932 3205 3178 3274 μάντεων
3228 3205 3507 3272 εἰπόντων,

1939 3291 2271 3361 ἐπείσθησαν
2318 3294 2366 3346 οἰ
2408 3291 2506 3357 τὰς
2567 3292 2751 3355 πόλεις
2800 3293 3074 3357 οἰκοῦντες
3129 3297 3366 3360 ἐκείνας,
3413 3299 3508 3351 καί⁵

1939 3380 2200 3451 ἐποίησαν
2221 3382 2296 3446 ὡς
2329 3382 2727 3454 ἐκελεύσθησαν
2745 3422 2761 3448 ,
2795 3384 2886 3438 καὶ
2916 3386 2946 3438 6
2978 3384 3108 3465 Θεὸς
3134 3388 3206 3456 τῇ
3235 3386 3345 3438 τῶν
3371 3387 3508 3456 μάν-

1937 3489 2074 3528 τεων
2101 3473 2434 3545 ἠκολούθησε
2466 3474 2678 3547 γνώμῃ,
2716 3475 3163 3544 συγκαταϐαίνων
3190 3477 3350 3531 πάλιν
3369 3515 3385 3540 ,
3415 3479 3509 3530 καὶ

1937 3563 2038 3616 οὐκ
2061 3563 2308 3634 ἐνόμισεν
2340 3564 2555 3630 ἀνάξιον
2583 3561 2722 3619 εἶναι
2753 3565 2918 3621 αὐτοῦ
2963 3565 3073 3620 τῶν
3118 3565 3363 3635 μάντεων
3409 3567 3508 3638 τὴν

1937 3653 2238 3725 πρόρρησιν
2267 3657 2347 3718 εἰς
2368 3655 2527 3730 ἔργον
2550 3655 2858 3725 ἐξαγαγεῖν,
2898 3657 2991 3710 ml
3021 3657 3244 3726 ποιῆσαι
3283 3661 3507 3722 πιστοὺς

1937 3739 2076 3797 εἶναι
2112 3745 2308 3811 δοκεῖν,
2349 3749 2406 3800 ἐν
2451 3741 2532 3811 οἷς
2567 3747 2688 3800 τότε
2716 3748 2991 3818 εἰρήκασι.
3032 3747 3142 3800 Kal
3173 3746 3282 3824 γάρ
3320 3747 3504 3818 μεῖζον

1936 3833 1994 3886 τὸ
2048 3834 2475 3905 κατορθούμενον
2521 3832 2608 3906 ἦν,
2637 3836 2714 3906 τῷ
2743 3837 2785 3868 ³⁷
2830 3837 2922 3890 ml
2953 3837 3150 3899 αὐτοὺς
3185 3838 3312 3900 τοὺς
3351 3839 3503 3890 ἐναν-

1936 3922 2083 3986 τίους
2116 3925 2456 3995 μαρτυρῆσαι
2485 3928 2551 3996 τῇ
2585 3925 2680 3979 τοῦ
2703 3927 2837 3979 Θεοῦ
2857 3927 3104 3997 δυνάμει,
3127 3931 3221 3983 καὶ
3253 3931 3352 3998 τὴν
3375 3932 3506 4000 περὶ

1935 4012 2100 4066 αὑτοῦ
2149 4013 2329 4083 ψῆφον
2385 4016 2510 4077 τοῦς
2545 4014 2724 4068 αὐτῶν
2785 4015 3135 4082 διδασκάλους
3183 4017 3503 4086 ἐξενεγκεῖν.

1937 4105 2046 4157 Καὶ
2076 4104 2237 4175 ἐτερα
2268 4105 2325 4158 δὲ
2354 4105 2523 4159 πολλά
2550 4107 2771 4160 τοιαῦτα
2803 4107 2902 4161 ίδοι
2928 4125 3012 4171 τις
3028 4107 3095 4163 ἂν
3121 4109 3504 4181 οἰκονομοῦντα

1935 4194 2024 4249 τὸν
2051 4195 2204 4248 Θεόν.
2249 4196 2358 4249 Kal
2385 4196 2493 4269 γὰρ
2541 4198 2634 4251 καὶ
2670 4198 2732 4252 τὸ
2781 4198 2872 4251 ἐπὶ
2913 4197 3013 4267 τῆς
3062 4199 3502 4271 ἐγγαστριμύθου

1934 4286 2106 4358 τούτῳ
2159 4288 2445 4356 προσέοικε
2493 4289 2592 4360 τῆς
2643 4289 2950 4361 οἰκονομίας
2991 4289 3069 4362 τῷ
3094 4291 3308 4362 τρόπῳ,
3340 4291 3370 4344 6
3408 4292 3507 4346 καί,

1935 4379 2090 4444 ὑμεῖς
2114 4379 2295 4432 λοιπὸν
2323 4379 2432 4433 ἀπὸ
2461 4379 2570 4434 τῶν
2594 4382 2895 4454 εἰρημένων
2916 4381 3166 4436 ἐπιλῦσαι
3184 4382 3498 4453 δυνήσεσθε.

1930 4480 2036 4533 Τοῦ
2065 4481 2164 4550 μὲν
2211 4475 2304 4533 οὖν
2356 4481 2583 4551 ἀστέρος
2611 4481 2794 4533 ἕνεκεν
2835 4483 2984 4551 ποιρά
3020 4484 3116 4551 μὲν
3147 4483 3304 4554 ήμῶν
3328 4486 3500 4538 ταῦτα

1928 4571 2162 4641 εἴρηται,
2193 4570 2342 4641 παρά
2372 4571 2428 4624 δὲ
2450 4570 2603 4640 ὑμῶν
2631 4572 2724 4624 καὶ
2761 4571 2978 4625 πλείονα
3008 4572 3265 4644 λεχθῆναι
3298 4575 3498 4628 δύναιτ’

1928 4660 2024 4717 ἄν·
2060 4661 2235 4716 Δίδου
2266 4663 2396 4730 γὰρ,
2441 4661 2597 4732 φησί,
2628 4662 2798 4732 σοφῷ
2843 4664 3144 4734 ἀφορμὴν,
3179 4666 3278 4719 καί
3303 4669 3500 4737 σοφώ-

1927 4769 2093 4821 τερος
2113 4753 2302 4808 ἔσται.

1997 4843 2060 4899 δ’.
2078 4845 2237 4898 Δεῖδέ
2267 4845 2452 4898 λοιπὸν
2472 4845 2566 4896 ἐπὶ
2587 4845 2687 4914 τὴν
2715 4845 3015 4914 ἀρχὴντῶν
3044 4846 3498 4915 ἀναγνωσθέντων

1927 4933 2121 4988 ἐλθεῖν.
2154 4935 2250 4998 Τίς
2283 4935 2340 4988 δὲ
2365 4937 2398 5005 ή
2429 4936 2607 5006 ἀρχή;
2635 4933 2750 4988 Τοῦ
2776 4933 2844 4986 δὲ
2882 4935 3083 5001 Ἰησοῦ
3105 4941 3498 5008 γεννηθέντος

1926 5025 1996 5079 ἐν
2022 5028 2294 5094 Βηθλεὲμ
2339 5026 2451 5093 τῆς
2487 5025 2800 5091 Ἰουδαίας,
2842 5029 2912 5080 ἐν
2952 5026 3199 5097 ἡμέραις
3236 5030 3502 5099 Ἡρώδου

1926 5116 2033 5171 τοῦ
2055 5116 2376 5182 βασιλέως,
2409 5116 2538 5171 ἰδοὺ
2561 5116 2740 5186 μάγοι
2771 5117 2890 5172 ἀπὸ
2935 5118 3246 5174 ἀνατολῶν
3283 5122 3494 5192 ἔρχον-

1926 5223 2019 5260 ται
2041 5211 2128 5273 εἰς
2169 5207 2576 5276 Ἰεροσόλυμα.
2607 5209 2785 5276 Μάγοι
2817 5208 2916 5278 μὲν
2940 5209 3168 5282 ἀστέρος
3197 5213 3494 5283 κατάρχον-
3579 5208 3584 5211 ’

1925 5313 2014 5359 τος
2030 5295 2418 5367 ἠκολούθησαν·
2439 5291 2584 5351 οὗτοι
2605 5297 2662 5350 δέ
2684 5297 2806 5351 οὐδέ
2830 5299 3126 5370 προφητῶν
3162 5301 3495 5372 ἐνηχούντων

1924 5385 2269 5440 ἐπίστευσαν.
2299 5386 2454 5449 Τίνος
2478 5387 2535 5440 δὲ
2557 5387 2601 5418 ³⁸
2634 5387 2818 5440 ἕνεκεν
2860 5389 2992 5458 ἡμῖν
3039 5390 3134 5442 ml
3166 5389 3257 5442 τὸν
3306 5390 3493 5460 χρόνον

1924 5471 2094 5540 λέγει,
2143 5474 2237 5526 καὶ
2273 5473 2363 5527 τὸν
2391 5476 2575 5540 τόπον,
2610 5475 2713 5530 Ἐν
2738 5477 3007 5547 Βηθλεὲμ
3043 5478 3238 5540 εἰπὼν..
3264 5479 3355 5530 καὶ
3390 5479 3496 5530 Ἐν

1923 5561 2053 5624 ταῖς
2105 5562 2350 5632 ἡμέραις
2391 5563 2648 5630 Ἡρώδου
2698 5564 2806 5618 τοῦ
2858 5566 3198 5631 βασιλέως;
3249 5567 3390 5632 τίνος
3435 5568 3491 5622 δὲ

2182 5758 2240 5839 8:
2257 5758 2614 5839 Vi_d‘.-;adn9nt._
2642 5763 2935 5839 ἀπολογίᾳς
2957 5763 3238 5839 ᾁςρορμὴν]
3276 5769 3483 5824 ἀπολοο

770 5812 894 5910 γειλ
912 5812 1198 5910 ὀὶγξιιιξιοιίἶ
1225 5812 1366 5873 ’Βθηζ
1407 5820 1568 5910 ρξηιιο
1602 5833 1728 5890 post
1756 5825 1844 5910 ὲδη

1946 5827 2086 5910 φρει
2113 5829 2176 5910 εκ.
2204 5812 2354 5910 agr:
2369 5812 2934 5910 ᾳπξῑ·ξεξ’ἀπξςέ;τῖειξῑ›ῖ
2959 5812 3237 5910 Ῐίςῖξὶρῗέὲἒ
3263 5812 3483 5910 ﬁan

242 5880 378 5951 γοῦν
409 5880 469 5936 l".
553 5882 597 5914 "
626 5879 830 5955 ῆνωιι.
860 5879 923 5936 Ᾱ.
958 5883 1016 5938 Β.
1045 5883 1103 5939 F.
1136 5879 1462 5962 πάσχουσαι]
1496 5879 1744 5963 πάσχωσι
1776 5879 1844 5951 Εί

1947 5879 2084 5952 ῦὼσέ
2113 5879 2179 5953 iii
2205 5879 2233 5881 ’ί
2251 5879 2513 5973 ’π’ἓιῃῖτι
2545 5879 2797 5956 Αἷυῗῦἶ
2958 5879 3226 5977 ίέὸὲῖόὗῖ)
3247 5879 3317 5968 1C
3332 5879 3481 5964 ἰξῖἷίέ
