4060 6156
294 320 361 376 67
1457 327 1524 383 ΙΝ
1566 328 1610 382 Μ
1618 327 1870 384 ATTILE

2009 330 2236 388 IIOMIL.
2275 333 2360 387 Vl.
2793 396 2796 398 ν
3480 339 3550 392 68

300 434 668 509 ne'prOpln-tis
689 433 902 504 quidem
924 431 1362 486 annuntiantibus
1384 431 1737 488 crediderunt.
1770 435 1876 489 Cur

295 539 471 585 autem
499 526 658 581 nobis
692 535 746 578 et
783 535 990 592 tempus
1029 522 1158 576 dicit
1189 531 1243 577 et
1272 522 1481 587 locum,
1513 523 1638 578 dum
1667 525 1774 590 ait,
1811 524 1876 578 lu

295 618 620 681 Bethleltem,
651 624 706 669 et
725 657 739 677 ,
768 615 836 668 In
857 614 1034 667 diebus
1068 611 1287 666 Herodis
1315 613 1487 681 regis?
1520 629 1630 683 qua
1653 629 1782 668 vero
1809 614 1877 670 de

296 727 455 766 causa
489 710 796 779 dignitatem
844 707 1006 760 etiam
1047 703 1624 776 addidit?Dignitatem
1655 703 1876 773 quidem

298 804 528 868 addidit,
557 797 810 868 quoniam
843 803 898 850 et
933 794 1068 849 alius
1097 793 1196 847 fuit
1231 793 1466 848 Herodes
1491 794 1580 863 qui
1619 794 1877 849 Joannem

301 891 525 954 occulit;
558 888 652 944 sed
683 887 772 942 hic
799 887 1065 941 tetrarcha
1084 927 1099 948 ,
1130 885 1220 940 ille
1247 899 1338 940 rex
1369 894 1502 939 erat.
1549 885 1747 940 Locum
1786 903 1877 940 au-

305 995 410 1040 tem
438 983 622 1038 scribit
644 989 700 1037 et
727 989 936 1048 tempus
972 978 1101 1033 dum
1139 976 1444 1047 prophetias
1482 977 1636 1032 nobis
1673 989 1880 1035 veteres

299 1083 714 1139 commemorat,
761 1086 986 1141 quarum
1026 1070 1251 1125 alteram
1293 1070 1538 1125 Michmas
1582 1072 1760 1126 emisit
1799 1073 1882 1126 his

300 1167 516 1222 verbis:
543 1165 612 1218 Et
634 1174 692 1217 tu
716 1163 1008 1217 Bethlehem
1041 1171 1178 1216 terra
1214 1162 1392 1228 Iuda,
1429 1179 1744 1233 nequaquam
1787 1164 1884 1216 rui-

301 1259 436 1310 nima
461 1271 515 1310 es
537 1256 591 1309 in
629 1254 940 1325 principibus
961 1253 1100 1306 Juda
1133 1252 1317 1324 (Mica.
1345 1254 1398 1308 5.
1423 1253 1511 1323 2);
1539 1254 1760 1308 alteram
1792 1268 1883 1324 pa-

302 1348 527 1402 triarcha
548 1347 715 1403 Jacob
735 1386 750 1410 ,
775 1347 867 1417 qui
894 1345 1046 1401 nobis
1071 1355 1280 1414 tempus
1300 1345 1579 1415 exprimit,
1607 1360 1884 1416 magnum-

299 1456 404 1511 que
449 1441 660 1510 signum
696 1439 957 1493 adventus
992 1438 1110 1506 ejus
1152 1439 1406 1507 apponit;
1455 1454 1577 1493 nam
1616 1440 1731 1493 ait:
1762 1439 1884 1495 Non

297 1536 555 1602 «inferetur
611 1532 842 1600 princeps
889 1530 952 1583 de
995 1528 1168 1594 Iuda,
1208 1545 1300 1582 nec
1350 1529 1458 1583 dua:
1505 1531 1570 1583 de
1616 1530 1884 1600 femoribus

300 1626 412 1694 ejus
440 1666 456 1690 ,
511 1623 670 1677 donec
717 1623 884 1675 veniat
927 1621 1010 1674 cui
1055 1621 1332 1690 repositum
1378 1630 1454 1674 est
1490 1638 1510 1674 :
1553 1631 1598 1674 et
1647 1622 1757 1689 ipse
1800 1638 1886 1675 ea:-

304 1714 550 1786 spectatio
582 1714 803 1785 gentium
842 1710 993 1783 (Gen.
1037 1712 1127 1767 49.
1161 1710 1284 1779 l0).
1329 1709 1432 1766 Sed
1482 1711 1610 1765 illud
1664 1725 1877 1782 quoque

301 1803 678 1876 inquirendum
719 1812 836 1870 est,
881 1817 1000 1872 qua:
1041 1815 1202 1856 causa
1243 1801 1373 1871 ipsis
1417 1802 1575 1857 fuerit
1617 1803 1741 1857 talia
1781 1817 1879 1858 co-

302 1895 539 1966 gitandi,
590 1907 646 1953 et
691 1898 811 1968 quis
854 1898 975 1952 illos
1012 1897 1078 1952 ad
1121 1898 1241 1952 talia
1276 1897 1480 1966 agenda
1517 1897 1888 1952 concitaverit.

305 1987 490 2058 Neque
527 1987 672 2042 enim
715 1987 846 2041 mihi
888 1987 1101 2042 videtur
1140 1987 1255 2042 haec
1291 2001 1446 2056 posse
1472 1987 1537 2042 ad
1568 1987 1737 2041 solam
1763 1986 1888 2041 stel-

303 2081 410 2136 lam
439 2079 668 2145 referri;
700 2079 794 2134 sed
821 2079 887 2134 ad
918 2079 1087 2135 Deum
1113 2080 1202 2150 qui
1231 2093 1416 2134 eorum
1459 2079 1669 2133 animos
1708 2079 1887 2133 conci-

303 2173 432 2227 tavit
457 2190 471 2227 :
495 2172 547 2227 id
573 2173 715 2242 quod
736 2173 896 2226 etiam
929 2172 981 2225 in
1003 2171 1146 2243 Cyro
1175 2172 1298 2227 fecit
1316 2213 1331 2238 ,
1363 2186 1487 2226 eum
1509 2171 1626 2240 ejus
1651 2172 1886 2225 animum

303 2265 545 2329 induxit,
591 2273 651 2319 ut
677 2264 892 2319 Judaaos
931 2263 1227 2319 dimitteret
1270 2262 1479 2332 (Paret.
1531 2263 1661 2331 36);
1714 2277 1889 2332 neque

305 2363 486 2409 tamen
531 2354 659 2409 illud
691 2356 761 2408 ita
806 2365 1061 2424 operatus
1100 2365 1201 2419 es',
1235 2363 1289 2408 ut
1320 2355 1543 2408 liberum
1587 2353 1704 2422 ejus
1743 2353 1886 2407 arbi-

302 2447 462 2500 trium
486 2446 734 2500 tolleret:
766 2444 1191 2516 quandoquidem
1215 2455 1272 2500 et
1297 2460 1418 2499 cum
1440 2445 1660 2499 Paulum
1687 2459 1752 2499 ex
1779 2444 1887 2500 alto

308 2537 518 2592 vocavit
538 2579 553 2601 ,
579 2546 631 2591 et
653 2537 880 2607 gratiam
908 2551 1060 2591 suam
1092 2546 1147 2591 et
1179 2537 1297 2607 ejus
1327 2536 1730 2604 obsequentiam
1760 2550 1889 2591 con-

301 2627 543 2695 spieuam
569 2627 748 2682 eﬂ‘eeit
773 2627 910 2700 (Act.
950 2628 1028 2698 9).
1078 2628 1146 2682 At
1172 2628 1379 2698 inquies
1399 2668 1414 2692 ,
1441 2626 1552 2682 Cur
1576 2641 1683 2682 non
1709 2628 1886 2682 omni-

301 2717 399 2772 bus
450 2719 622 2789 magis
673 2718 778 2775 hoc
823 2719 998 2790 ipsum
1043 2720 1339 2774 revelavit?
1378 2719 1511 2787 Quia
1553 2735 1658 2776 non
1698 2735 1886 2777 omnes

297 2810 559 2864 credituri
583 2818 736 2866 erant
753 2851 770 2877 ,
801 2809 853 2865 bi
877 2825 1004 2866 vero
1030 2818 1184 2866 erant
1209 2811 1330 2865 aliis
1358 2812 1654 2881 paratiores
1676 2811 1884 2882 :‘siqui-

297 2898 419 2953 dem
460 2913 582 2954 cum
623 2900 918 2954 innumerae
957 2909 1147 2970 gentes
1188 2900 1457 2971 perirent,
1509 2901 1576 2955 ad
1625 2901 1885 2958 Ninivitas

295 2990 470 3044 solum
512 2989 771 3059 propheta
819 2991 1016 3044 missus
1054 2999 1138 3045 est
1165 3009 1176 3045 :
1208 2990 1421 3061 duoque
1444 3000 1596 3046 erant
1633 2993 1684 3046 in
1726 3006 1886 3049 cruce

301 3077 545 3134 latrones
563 3120 579 3146 ,
608 3089 662 3133 et
684 3080 820 3136 alter
849 3089 1054 3135 tantum
1082 3081 1306 3137 salutem
1339 3090 1524 3138 nactus
1545 3092 1647 3139 est.
1681 3083 1882 3138 Horum

297 3172 480 3242 itaque
525 3173 776 3228 virtutem
821 3175 1128 3244 perpende;
1171 3190 1278 3230 non
1303 3175 1443 3246 quod
1471 3178 1746 3243 venerint,
1788 3177 1884 3233 sed

293 3262 434 3332 quod
461 3277 593 3318 cum
635 3263 826 3319 ﬁducia
853 3273 910 3320 et
933 3265 1249 3335 simpliciter
1288 3267 1514 3337 egerint.
1561 3267 1774 3322 Etenim
1817 3283 1884 3324 ne

297 3355 527 3411 subdole
569 3356 716 3411 missi
766 3356 1080 3425 videantur,
1125 3367 1178 3412 et
1204 3373 1312 3428 quo
1339 3359 1474 3414 duce
1513 3360 1787 3424 venerint,
1831 3370 1884 3416 et

295 3447 390 3500 viae
429 3447 828 3517 longitudinem
859 3457 1116 3516 narrant,
1156 3461 1211 3504 et
1238 3450 1489 3520 loquendi
1520 3450 1762 3506 ﬁduciam
1792 3467 1885 3506 ex-

295 3537 520 3592 hibent:
549 3553 674 3592 nam
703 3539 873 3605 aiunt,
915 3537 1152 3592 Venimus
1182 3539 1394 3594 adorare
1416 3556 1564 3604 eum;
1588 3556 1760 3611 neque
1788 3557 1884 3610 po-

295 3630 396 3697 puli
423 3630 666 3685 fu-rorem
686 3671 702 3696 ,
737 3645 911 3700 neque
938 3631 1078 3701 regis
1111 3631 1446 3702 tyrannidem
1488 3631 1876 3687 reformidant:

290 3729 619 3791 quapropter
643 3721 892 3776 videntur
919 3722 1047 3776 mihi
1070 3723 1231 3777 etiam
1257 3724 1633 3779 contribulium
1662 3740 1880 3780 suorum

289 3811 540 3866 doctores
565 3811 709 3866 domi
743 3813 925 3867 fuisse.
958 3812 1090 3867 Nam
1121 3813 1211 3882 qui
1250 3814 1370 3868 istic
1401 3815 1526 3868 illud
1558 3815 1738 3871 dicere
1771 3833 1878 3871 nou

289 3903 638 3966 dubitarunt,
685 3903 854 3958 multo
888 3903 1057 3974 magis
1086 3905 1140 3957 in
1167 3905 1338 3974 patria
1377 3919 1471 3959 sua
1511 3920 1573 3960 ea
1602 3905 1670 3960 de
1701 3922 1760 3960 re
1795 3907 1878 3960 lo-

289 3993 441 4063 quuti
489 3993 655 4048 libere
700 3993 926 4059 iuerint,
971 3995 1172 4065 quippe
1201 3995 1292 4065 qui
1323 4003 1378 4049 et
1403 3996 1678 4050 oraculum
1706 3997 1878 4066 angeli

295 4082 673 4151 accepissent,
703 4093 758 4138 et
802 4084 1077 4153 prophetae
1125 4086 1488 4141 testimonium
1535 4087 1773 4143 allatum.
1819 4089 1872 4141 5.

288 4171 515 4227 Audiens
541 4183 712 4228 autem
744 4173 1010 4242 Herodes,
1057 4177 1164 4242 ait,
1212 4175 1441 4230 turbatus
1482 4187 1583 4241 est,
1629 4189 1673 4232 et
1714 4181 1877 4233 omnis

286 4261 609 4334 Jerosolgma
647 4281 762 4319 cum
798 4267 908 4320 illo.
946 4266 1078 4322 iure
1111 4267 1325 4337 quidem
1360 4268 1631 4336 Herodes,
1662 4271 1751 4340 qui
1780 4286 1874 4325 rex

288 4363 437 4420 erat,
469 4355 570 4410 sibi
605 4355 833 4427 ﬁliisque
863 4357 1122 4414 timebat:
1153 4359 1486 4431 lerosolyma
1534 4376 1664 4416 vero
1710 4378 1876 4433 quare

284 4451 495 4504 turbata
524 4459 644 4514 est,
692 4449 1120 4520 quandoquidem
1146 4451 1322 4521 ipsum
1342 4461 1397 4508 et
1419 4462 1750 4510 servatorem
1768 4493 1789 4522 ,
1815 4466 1870 4511 et

285 4537 581 4594 beneﬁcum
603 4580 621 4605 ,
661 4549 714 4595 et
740 4539 1082 4595 liberatorem
1108 4539 1217 4610 jam
1260 4541 1388 4596 olim
1426 4544 1701 4614 prepheta:
1727 4559 1866 4615 prae-

284 4629 567 4683 dixerant?
589 4628 698 4684 Cur
724 4645 854 4701 ergo
880 4631 1075 4686 turbati
1102 4633 1268 4687 sunt?
1306 4632 1512 4689 Eodem
1550 4636 1733 4690 animo
1761 4651 1868 4706 quo

282 4722 410 4776 olim
459 4723 758 4778 beneﬁcum
805 4725 970 4780 Deum
1010 4727 1418 4794 aversabantur,
1448 4738 1503 4783 et
1528 4744 1718 4786 carnes
1749 4731 1865 4787 illas

279 4811 625 4883 Egyptiacas
665 4819 1186 4883 commemorabant,
1231 4818 1356 4873 dum
1389 4829 1533 4875 tanta
1563 4822 1867 4879 fruerentur

283 4903 550 4961 libertate.
581 4906 661 4960 Tu
687 4921 814 4960 vero
847 4908 975 4962 mihi
1003 4911 1273 4979 perpende
1301 4921 1551 4968 accurata
1580 4915 1862 4984 prepheta-

279 5012 396 5051 rum
439 4997 599 5051 dicta.
647 4996 780 5050 Nam
821 4998 948 5052 illud
989 5001 1158 5068 ipsum
1191 5002 1298 5071 jam
1334 5005 1461 5058 olim
1491 5008 1863 5075 praenuntiavit

282 5089 542 5158 propheta
581 5089 662 5144 bis
706 5089 920 5143 verbis:
951 5090 1159 5161 Cupient
1191 5094 1232 5146 si
1266 5095 1387 5164 {acti
1420 5105 1535 5149 sunt
1580 5098 1695 5166 igne
1729 5115 1864 5152 com-

281 5179 412 5234 busti
438 5196 458 5234 :
478 5181 596 5250 quia
619 5197 746 5251 puer
778 5191 928 5234 natus
953 5192 1023 5235 est
1044 5184 1185 5238 nobis
1203 5225 1217 5248 ,
1253 5194 1299 5238 et
1320 5186 1456 5254 ﬁlius
1490 5188 1639 5241 datus
1668 5202 1740 5242 est
1768 5207 1862 5242 no-

281 5271 356 5326 bis
387 5272 543 5342 (lsai.
579 5275 632 5330 9.
675 5273 727 5329 5.
771 5272 849 5344 6).
899 5275 1146 5328 Attamen
1178 5277 1501 5346 perturbati,
1532 5295 1638 5333 non
1669 5292 1860 5335 curant

280 5363 467 5418 videre
491 5365 630 5432 quod
661 5376 868 5434 gestum
898 5374 1013 5430 est,
1057 5379 1162 5418 non
1190 5381 1373 5437 magos
1402 5381 1718 5438 sequuntur,
1758 5387 1862 5428 non

280 5456 618 5511 sciscitantur
641 5472 654 5520 ;
691 5457 761 5511 ita
787 5457 1040 5512 nimirum
1068 5459 1388 5513 contentiosi
1416 5469 1471 5514 et
1494 5462 1651 5516 simul
1679 5479 1863 5518 socor-

281 5547 377 5600 des
424 5561 533 5614 prae
577 5549 825 5603 omnibus
861 5559 1049 5612 erant;
1093 5564 1216 5604 cum
1253 5565 1348 5620 par
1371 5551 1562 5610 fuisset
1585 5557 1725 5610 enim
1752 5558 1865 5627 glo—

282 5635 441 5703 riari,
474 5641 611 5710 quod
651 5655 742 5697 rex
769 5640 860 5697 ille
889 5641 1028 5713 apud
1055 5656 1115 5698 se
1149 5649 1307 5698 natus
1334 5653 1508 5711 esset,
1554 5647 1692 5710 quod
1727 5647 1857 5704 Per-

1981 447 2160 490 sarum
2191 438 2461 507 regionem
2491 437 2558 493 ad
2583 453 2644 494 se
2675 440 2923 496 traxisset
2942 482 2956 506 ,
2986 458 3048 498 ac
3067 445 3182 501 iure
3212 448 3482 504 videretur
3507 463 3564 507 ut

1979 541 2168 582 omnes
2206 528 2305 582 sibi
2349 529 2548 584 subditi
2589 539 2803 596 essent,
2849 534 3064 600 quando
3091 551 3179 590 res
3204 538 3284 592 sic
3308 554 3563 609 prospere

1979 618 2235 676 caderent
2261 621 2391 674 etin
2418 623 2607 676 melius
2645 623 2993 691 proﬁcerent,
3039 641 3100 682 ae
3141 629 3219 683 vel
3245 643 3276 685 a
3301 633 3562 702 principio

1981 709 2263 778 imperium
2311 711 2384 765 ita
2424 712 2760 780 splendidum
2807 725 2948 770 esset
2983 735 2995 770 :
3025 717 3100 772 illi
3151 729 3332 776 tamen
3377 739 3444 777 ne
3484 725 3562 780 sic

1983 800 2200 869 quidem
2245 801 2298 854 in
2340 803 2562 860 meliora
2591 815 2882 872 mutantur,
2919 809 3124 867 etiamsi
3154 825 3324 880 nuper
3355 811 3564 869 fuerant

1986 903 2013 941 a
2039 889 2347 958 captivitate
2386 892 2596 950 Persica
2639 895 2866 951 liberati.
2903 899 3062 968 Atqui
3103 915 3199 969 par
3248 911 3360 956 erat
3403 905 3557 968 illos,

1974 980 2188 1035 etiamsi
2231 996 2548 1038 arcanorum
2577 994 2634 1040 et
2659 987 2968 1045 sublimium
3011 991 3180 1062 ignari
3219 993 3480 1060 fuissent,
3507 1008 3561 1052 et

1975 1084 2039 1124 ex
2083 1074 2446 1140 przesentibus
2486 1084 2690 1133 tantum
2738 1079 2999 1136 calculum
3055 1084 3388 1152 posuissent,
3439 1089 3554 1143 inec

1973 1161 2208 1230 cogitare
2233 1172 2409 1219 tamen
2434 1183 2448 1218 :
2488 1165 2546 1222 Si
2575 1177 2754 1223 natum
2783 1184 2962 1241 regem
2999 1184 3239 1231 nostrum
3267 1177 3340 1232 ita
3371 1172 3556 1234 infmi-

1973 1251 2135 1320 dant,
2181 1257 2350 1312 multo
2379 1259 2547 1329 magis
2576 1275 2699 1315 cum
2737 1262 3035 1320 adoleverit
3080 1266 3252 1337 ipsum
3298 1272 3558 1340 pertime-

1972 1356 2161 1414 scent,
2208 1349 2418 1420 ipsique
2463 1353 2826 1423 obsequemur
2863 1374 2876 1409 :
2922 1369 3210 1430 nostraque
3262 1362 3555 1420 barbaricis

1971 1439 2333 1509 splendidiora
2376 1444 2553 1498 futura
2581 1456 2726 1499 sunt.
2760 1446 2866 1502 Sed
2910 1450 3042 1504 nihil
3073 1452 3375 1521 hujnsmodi
3411 1457 3555 1526 ipso~

1971 1545 2087 1586 rum
2128 1533 2338 1587 animos
2361 1535 2552 1604 erigit:
2579 1544 2726 1596 tanta
2765 1539 2967 1595 scilicet
2991 1552 3106 1596 erat
3133 1544 3345 1599 illorum
3372 1563 3556 1603 socero

1971 1623 2057 1677 dia
2101 1639 2221 1678 eum
2269 1625 2440 1681 livore
2483 1629 2768 1698 conjuncta
2802 1649 2816 1663 ·
2847 1634 2988 1702 quod
3037 1643 3323 1706 utrumque
3371 1641 3552 1694 vitium

1971 1740 2074 1781 nos
2109 1734 2328 1796 Oportet
2357 1726 2652 1798 diligenter
2683 1745 2895 1796 arcere,
2927 1747 3188 1803 eumque,
3222 1737 3317 1805 qui
3357 1738 3558 1793 adver-

1975 1831 2070 1872 sus
2122 1817 2227 1873 ista
2272 1819 2452 1874 aciem
2499 1819 2738 1876 instruet
2784 1822 2908 1892 igne
2964 1823 3363 1883 ferventiorem
3412 1846 3556 1886 esse.

1971 1909 2340 1976 Quamobrem
2393 1911 2614 1967 dicebat
2659 1912 2962 1969 Christus:
3013 1915 3198 1987 Ignem
3257 1922 3376 1974 ueni
3436 1926 3558 1977 mit-

1975 2011 2084 2055 tere
2137 2003 2193 2056 in
2249 2012 2498 2069 terram;
2546 2014 2594 2058 et
2648 2006 2774 2074 quid
2824 2007 2960 2073 volo,
3015 2011 3115 2063 nisi
3179 2020 3236 2064 ut
3298 2017 3556 2070 accenda-

1975 2099 2064 2146 tur
2101 2092 2262 2163 (Luc.
2307 2094 2391 2149 12.
2435 2095 2572 2165 49')?
2605 2097 2843 2167 Ideoque
2893 2097 3134 2168 Spiritus
3182 2101 3323 2173 ignis
3373 2107 3558 2176 specie

1977 2189 2256 2256 apparuit.

2052 2356 2105 2411 5.
2147 2355 2418 2410 Fervorem
2466 2355 2778 2409 audientium
2825 2355 3018 2428 excitat.
3049 2353 3277 2424 exempto
3326 2351 3484 2408 Pauli
3523 2363 3568 2406 et

1986 2448 2260 2504 primorum
2302 2448 2546 2516 ﬁdelium.
2591 2446 2738 2518 Ignis
2774 2447 3055 2515 spiritualis
3096 2462 3292 2500 omnem
3319 2446 3569 2514 cupidita-

1986 2548 2078 2592 tem
2119 2539 2390 2592 consumit.
2421 2568 2493 2579 —
2521 2537 2714 2592 Verum
2757 2552 2854 2591 nos
2903 2538 3087 2591 cinere
3139 2536 3472 2604 frigidiores,
3515 2545 3570 2591 et

1989 2633 2214 2684 mortuis
2239 2630 2560 2699 stnpidiores
2588 2628 2710 2683 facti
2739 2642 2925 2682 sumus
2944 2669 2959 2694 ,
2995 2628 3117 2682 licet
3149 2627 3368 2682 Paulum
3399 2627 3570 2681 videa-

1982 2737 2289 2791 inus,super
2316 2723 2506 2777 caalum
2531 2731 2585 2776 et
2607 2721 2800 2776 czelum
2837 2721 2953 2775 cazli
3006 2720 3300 2785 volantem,
3327 2728 3382 2774 et
3411 2719 3570 2773 vehe-

1981 2815 2210 2868 mentius
2239 2828 2399 2884 quam
2439 2814 2552 2882 ipsa
2593 2812 2807 2866 ﬂamma
2842 2814 3022 2865 omnia
3063 2797 3362 2865 vincentem
3395 2821 3452 2864 et
3478 2825 3569 2863 su-

1982 2914 2255 2973 perantem
2278 2947 2292 2971 ,
2325 2920 2553 2974 superna
2578 2945 2593 2972 ,
2629 2903 2872 2968 inferna;
2905 2904 3190 2974 prmsentia
3214 2943 3229 2969 ,
3263 2902 3469 2966 futura,
3503 2916 3567 2957 ea

1979 3010 2097 3063 qua“:
2123 3003 2246 3050 sunt
2274 3006 2328 3049 et
2349 3011 2408 3050 ea
2430 3010 2551 3065 qua:
2577 3009 2683 3049 non
2710 3002 2855 3048 sunt.
2885 2993 3035 3060 Quod
3063 2994 3107 3047 si
3137 2993 3239 3047 hoc
3262 2993 3566 3060 exemplum

1984 3099 2143 3155 supra
2177 3095 2228 3140 te
2267 3095 2382 3150 est,
2426 3086 2537 3154 jam
2580 3085 2810 3154 torporis
2851 3092 2934 3139 est
2973 3083 3076 3139 iste
3115 3083 3385 3137 obtentus.
3429 3083 3567 3150 Quid

1982 3175 2122 3228 enim
2151 3175 2269 3244 plus
2294 3190 2451 3244 quam
2482 3184 2536 3228 tu
2562 3175 2746 3229 habuit
2769 3161 2987 3240 Paulus,
3014 3183 3071 3228 ut
3094 3173 3244 3228 dicas
3269 3188 3376 3227 non
3407 3188 3569 3242 posse

1985 3274 2041 3320 te
2068 3265 2218 3320 illum
2243 3266 2473 3320 imitari?
2501 3266 2698 3320 Verum
2727 3281 2794 3320 ne
2821 3265 2945 3335 quid
2975 3265 3359 3319 contentiosius
3385 3264 3566 3322 dicere

1979 3358 2284 3423 videamur,
2319 3359 2483 3413 Paulo
2524 3357 2748 3413 dimisso
2795 3357 2999 3428 primos
3043 3355 3232 3411 ﬁdeles
3259 3356 3566 3411 considere-

1937 3506 1940 3509 _
1980 3450 2251 3519 muszqui
2277 3460 2330 3504 et
2360 3450 2614 3520 pecunias
2655 3459 2708 3504 et
2739 3449 3142 3519 possessiones,
3190 3457 3243 3503 et
3285 3464 3466 3503 curam
3511 3458 3567 3504 et

1983 3541 2360 3608 occupationes
2385 3556 2574 3597 omnes
2597 3541 2880 3597 saeculares
2906 3539 3285 3608 repudiarunt,
3320 3547 3566 3606 totosque

1979 3647 2039 3687 se
2085 3633 2196 3688 Deo
2243 3641 2662 3698 consecrarunt,
2713 3639 2871 3686 nocte
2915 3629 3110 3700 dieque
3158 3643 3374 3699 semper
3411 3629 3563 3684 verbi

1977 3723 2234 3778 doctrinae
2261 3727 2616 3778 attendentes.
2659 3723 2783 3777 Haec
2812 3731 2895 3777 est
2918 3722 3060 3777 enim
3093 3720 3387 3790 spiritualis
3426 3720 3562 3791 ignis

1981 3821 2191 3880 natura,
2220 3821 2278 3867 ut
2305 3813 2504 3867 nullam
2531 3828 2707 3868 rerum
2739 3812 3074 3867 saecularium
3106 3811 3450 3879 cupiditatem
3477 3827 3564 3864 re-

1979 3905 2216 3974 linquat,
2247 3903 2338 3959 sed
2363 3906 2415 3958 in
2443 3906 2603 3958 alium
2629 3904 2916 3958 transferat
2936 3918 3195 3958 amorem.
3223 3904 3563 3971 Quapropter

1979 3997 2161 4051 talium
2216 4011 2394 4052 rerum
2438 3995 2697 4066 cupidus,
2747 3996 2955 4050 etiamsi
2995 3996 3171 4049 omnia
3203 3994 3558 4064 profundere,

1976 4087 2183 4142 etiamsi
2229 4088 2555 4157 voluptatem
2604 4094 2660 4141 et
2701 4085 2927 4156 gloriam
2977 4084 3235 4146 irridere,
3280 4083 3558 4152 ipsamque

1967 4188 2197 4243 animam
2237 4185 2449 4242 tradere
2478 4190 2753 4254 oporteat,
2787 4196 2906 4235 cum
2929 4193 3119 4249 magna
3161 4177 3413 4233 facilitate
3443 4177 3561 4233 hinc

1969 4277 2147 4334 omnia
2175 4277 2405 4348 perﬁcit.
2434 4275 2565 4330 Nam
2594 4274 2736 4328 illius
2769 4271 2906 4340 ignis
2943 4269 3104 4325 ardor
3132 4269 3185 4324 in
3216 4268 3448 4322 animam
3480 4267 3561 4320 in-

1966 4384 2216 4440 gressus,
2247 4376 2523 4438 torporem
2553 4378 2769 4419 omnem
2799 4362 3018 4432 abjicit,
3066 4368 3121 4416 et
3169 4370 3348 4431 penna
3390 4359 3560 4414 levio-

1971 4474 2083 4513 rem
2115 4456 2280 4512 ei‘ﬁcit
2307 4472 2430 4512 eum
2455 4469 2616 4526 quem
2643 4451 2880 4514 invadit,
2912 4453 2982 4505 ita
3012 4457 3071 4506 ut
3095 4450 3275 4505 omnia
3306 4464 3426 4520 quae
3454 4448 3554 4502 sub

1969 4555 2241 4617 aspectum
2263 4547 2462 4602 cadunt
2481 4586 2498 4610 ,
2531 4543 2810 4614 despiciat.
2841 4543 2941 4610 Qui
2971 4542 3091 4597 talis
3119 4551 3202 4598 est
3222 4583 3238 4608 ,
3270 4541 3322 4595 in
3357 4554 3556 4610 perpe-

1973 4649 2060 4693 tua
2103 4625 2512 4707 compunctione
2551 4635 2743 4690 deinde
2781 4642 3122 4705 perseverat,
3170 4633 3343 4688 fontes
3382 4633 3558 4702 lacry-

1971 4747 2175 4786 marum
2215 4729 2522 4799 frequenter
2567 4726 2882 4790 effundens,
2930 4725 3255 4793 multamque
3295 4723 3420 4777 inde
3458 4739 3555 4778 vo-

1971 4825 2229 4889 luptatem
2294 4836 2609 4891 excerpens.
2665 4819 2808 4874 Nihil
2871 4818 3069 4887 quippe
3131 4817 3241 4871 Deo
3293 4817 3364 4870 ita
3416 4831 3552 4870 con-

1971 4914 2199 4983 glutinat
2229 4920 2284 4966 et
2325 4911 2634 4980 conjungit,
2685 4918 2743 4962 ut
2785 4909 3034 4978 lacrymze
3084 4905 3411 4976 bujusmodi.
3463 4905 3557 4962 Vir

1975 5005 2096 5058 talis
2120 5003 2219 5059 etsi
2249 5004 2301 5056 in
2333 5002 2521 5056 mediis
2551 5001 2774 5054 urbibus
2795 4998 3016 5064 habitet,
3048 4999 3198 5068 quasi
3231 4999 3282 5052 in
3309 4998 3548 5062 deserto,

1975 5095 2028 5148 in
2053 5091 2322 5148 montibus
2346 5099 2400 5145 et
2421 5089 2690 5158 speluncis
2717 5099 2980 5155 versatur,
3014 5088 3174 5142 rebus
3203 5087 3556 5158 praisentibus

1975 5201 2080 5240 non
2107 5183 2364 5246 attendit,
2395 5196 2566 5251 neque
2594 5180 2897 5250 bujusmodi
2940 5180 3153 5237 ﬂetibus
3185 5195 3436 5250 umquam
3472 5194 3560 5236 sa-

1973 5279 2152 5343 tiatur,
2180 5276 2293 5330 sive
2321 5289 2419 5348 pro
2450 5288 2538 5341 se,
2573 5273 2686 5327 sive
2724 5287 2820 5342 pro
2849 5273 3076 5327 aliorum
3109 5273 3344 5344 peccatis
3384 5273 3558 5346 [scrv—

1972 5385 2088 5425 mas
2136 5367 2395 5425 eﬁ'undat.
2452 5367 2683 5436 ideoque
2737 5365 2980 5420 Christus
3012 5366 3028 5397 ¹
3059 5365 3222 5420 hosce
3267 5378 3376 5432 prze
3424 5362 3546 5415 aliis

1974 5461 2160 5515 beatos
2180 5458 2435 5529 praedicat
2459 5456 2662 5519 dicens,
2680 5453 2827 5508 Beati
2847 5455 2932 5524 qui
2958 5454 3126 5525 lugent
3145 5452 3355 5523 (Matth.
3378 5451 3432 5505 ὅ.
3448 5451 3549 5520 5.).

1974 5552 2082 5608 Cur
2116 5566 2246 5610 vero
2288 5549 2487 5606 Paulus
2520 5547 2650 5604 dicit
2684 5565 2696 5600 :
2737 5544 2963 5601 Gaudete
3010 5545 3063 5599 in
3107 5542 3325 5610 Domino
3363 5558 3557 5612 sempe'

1979 5643 2233 5713 (Philipp.
2268 5643 2318 5697 4.
2357 5640 2434 5712 4.)
2456 5640 2480 5693 ?
2505 5640 2570 5696 Ut
2611 5640 2964 5710 lacrymarum
2991 5633 3290 5704 hujusmodi
3321 5634 3556 5705 volupta-
