4060 6156
466 335 534 393 69
1270 321 1554 381 JOANNIS
1589 313 2069 377 CHRYSOSTOMI
2109 307 2425 367 ARCHIEP.
2466 305 3009 361 CONSTANTINOP.
3655 302 3721 357 70

465 455 568 498 tem
602 439 862 497 declaret.
912 431 1371 502 Quemadmodum
1401 428 1543 482 enim
1574 423 1753 478 nnmdi
1792 421 2041 492 gaudium

464 545 748 588 maerorem
781 527 940 581 habet
985 522 1366 591 conjunctnm,
1417 517 1496 570 sic
1547 524 1601 568 et
1641 514 1894 583 lacrymze
1932 510 2042 564 illa:

463 620 754 679 secundum
789 619 951 671 Deum
998 612 1235 668 laetitiam
1276 608 1488 678 pariunt
1530 616 1819 673 perennem
1846 609 1901 655 et
1927 614 2043 669 qute

462 724 752 781 numquam
792 705 1025 760 deficiat.
1073 700 1162 755 Sic
1203 695 1456 752 meretrix
1497 693 1584 747 illa
1614 690 1906 761 virginibus
1933 688 2045 743 cla-

464 806 576 858 rior
604 802 792 856 effecta
820 807 938 861 est,
965 794 1066 848 hoc
1093 794 1212 861 igne
1235 802 1515 843 succensa.
1542 784 1676 851 Quia
1707 783 1848 837 enim
1880 782 2049 851 paeni-

468 906 648 950 tentur.
693 891 906 946 fervore
947 891 1191 951 correpta
1230 888 1349 942 est,
1397 875 1592 931 Christi
1638 887 1823 928 amore
1866 881 2046 940 postea

467 986 695 1045 exarsit,
727 996 845 1035 cum
875 975 1065 1032 solutis
1094 970 1299 1040 capillis
1328 982 1510 1021 sacros
1536 965 1655 1019 illos
1684 962 1849 1033 pedes
1879 963 2047 1032 lacry-

475 1081 579 1135 mis
621 1073 843 1146 ngavit,
883 1082 1035 1124 coma
1065 1079 1157 1119 sua
1186 1060 1474 1124 abstersit,
1530 1070 1688 1127 atque
1723 1064 2050 1125 unguentum

473 1169 677 1225 effudit.
710 1165 775 1220 Et
814 1163 930 1216 lucc
971 1158 1189 1228 quidem
1231 1151 1564 1207 extrinsecus
1592 1158 1740 1220 gesta
1771 1158 1927 1204 sunt:
1961 1146 2051 1201 illa

470 1277 620 1323 vero,
649 1272 768 1328 qua:
793 1255 845 1309 in
878 1252 1059 1305 animo
1077 1246 1388 1317 agebantur,
1419 1242 1504 1296 his
1547 1242 1702 1310 longe
1742 1239 2049 1294 ardentiora

470 1360 644 1416 erant,
675 1364 795 1419 quae
823 1359 961 1401 unus
993 1338 1247 1396 cernebat
1276 1337 1437 1391 Deus.
1467 1335 1801 1403 Quapropter
1827 1332 2049 1401 quisque

471 1453 712 1496 nostrum
736 1437 856 1492 haec
879 1432 1100 1487 audiens
1120 1471 1134 1493 ,
1165 1424 1565 1495 congratulatur
1594 1422 1729 1492 ipsi,
1758 1437 1821 1476 ac
1847 1421 1912 1475 de
1932 1420 2048 1488 ejus

471 1542 617 1586 recte
654 1529 808 1583 factis
844 1527 1085 1587 laetatur,
1126 1518 1377 1587 omnique
1403 1515 1628 1571 crimine
1652 1512 1873 1568 liberam
1901 1510 2046 1564 illam

474 1631 643 1691 putat.

538 1781 800 1849 Lacrymaa
824 1776 965 1829 home
991 1780 1037 1825 et
1064 1770 1211 1824 utiles
1238 1782 1369 1835 qute.
1411 1765 1563 1819 Risus
1601 1760 1873 1815 dissolutus
1920 1773 2042 1828 pro-

467 1875 680 1927 hibetur.
703 1866 945 1935 ——Quod
982 1866 1025 1919 si
1067 1878 1182 1927 nos,
1206 1861 1293 1930 qui
1349 1858 1470 1912 mali
1515 1868 1720 1919 sumus,
1747 1853 1885 1906 hunc
1926 1849 2045 1903 cal-

465 1966 642 2018 culum
684 1960 923 2022 ferimus,
951 1956 1124 2024 cogita
1150 1959 1400 2021 quantam
1422 1946 1688 2014 acceperit
1715 1942 1961 2013 gratiam,
1993 1948 2048 1994 et

464 2066 658 2128 quanta
689 2067 752 2107 ex
785 2047 1093 2119 ptem'tentia
1119 2084 1132 2106 ,
1164 2044 1327 2097 etiam
1368 2048 1655 2108 antequam
1702 2048 1921 2128 munera
1958 2031 2044 2086 illa

463 2125 751 2214 acciperet,
774 2155 804 2194 a
829 2140 942 2193 Deo
967 2144 1289 2204 consequuta
1319 2132 1389 2185 sit
1411 2130 1570 2183 bona.
1594 2128 1741 2183 Sicut
1761 2125 1901 2182 enim
1926 2131 2047 2193 post

463 2237 807 2292 vehementes
834 2230 1033 2284 imbres
1060 2242 1155 2281 aer
1178 2239 1343 2296 purus
1367 2221 1617 2286 efficitur,
1645 2220 1723 2273 sic
1750 2226 1872 2289 post
1900 2216 2045 2271 fusas

465 2327 727 2396 Iacrymas
750 2320 988 2390 sequitur
1012 2314 1367 2385 tranquillitas
1395 2321 1451 2367 et
1484 2311 1764 2375 serenitas,
1797 2317 2044 2375 peccato-

464 2429 686 2485 rumque
706 2412 936 2467 tencbrte
957 2397 1220 2477 fugantur.
1246 2405 1309 2459 Et
1338 2404 1475 2458 sicut
1498 2418 1563 2457 ex
1583 2416 1717 2471 aqua
1742 2407 1798 2455 et
1822 2399 2042 2468 Spiritu,

462 2508 541 2563 sic
568 2523 635 2563 ex
668 2504 919 2575 lacrymis
959 2509 1014 2555 et
1045 2498 1378 2555 confessione
1416 2510 1720 2564 purgamur,
1750 2492 1909 2549 modo
1938 2508 2043 2547 non

462 2599 529 2652 ad
572 2594 982 2652 ostentationem
1013 2601 1069 2644 et
1096 2588 1302 2642 laudem
1342 2584 1656 2655 captandam
1685 2585 1735 2638 id
1767 2583 2042 2638 faciamus.

462 2690 594 2745 Nam
634 2702 754 2757 qua:
794 2685 892 2739 hac
925 2682 993 2737 de
1034 2694 1192 2734 causa
1220 2678 1563 2748 lacrymatur,
1590 2674 1758 2744 magis
1786 2674 2044 2744 culpanda

461 2790 564 2845 est,
588 2793 743 2849 quam
774 2792 836 2829 ea
867 2789 984 2843 quae
1013 2771 1130 2826 fuco
1159 2780 1210 2825 et
1240 2767 1520 2838 pigmentis
1546 2780 1667 2821 sese
1691 2765 1899 2819 oblinit.
1924 2763 2045 2820 Illas

461 2873 602 2927 enim
634 2869 845 2938 requiro
876 2867 1159 2935 lacrytnas,
1208 2877 1327 2931 qua:
1355 2874 1460 2914 non
1502 2859 1567 2913 ad
1610 2858 2043 2922 ostentationem,

462 2962 555 3017 sed
594 2960 658 3013 ad
699 2956 1162 3027 contpunctionem
1213 2950 1521 3014 funduntur,
1570 2964 1690 3018 quae
1735 2947 1944 3002 occulte
1988 2947 2041 3001 in

459 3051 715 3108 cubiculis
737 3049 884 3103 nullo
910 3056 1063 3111 teste,
1082 3059 1199 3113 quae
1220 3041 1399 3113 quiete
1418 3040 1537 3095 sine
1555 3039 1780 3109 strepitu
1803 3046 2038 3103 manant,

458 3161 579 3215 qua:
615 3160 681 3198 ex
726 3142 916 3197 intimo
960 3137 1155 3201 cordis,
1187 3151 1253 3191 ex
1294 3133 1580 3189 afﬂictione
1606 3142 1661 3187 et
1689 3132 1893 3196 dolore,
1924 3146 2061 3198 qum‘

459 3245 677 3307 propter
709 3234 873 3287 Deum
900 3230 1214 3286 emittuntur
1238 3245 1252 3279 :
1284 3225 1468 3295 quales
1492 3234 1647 3280 erant
1676 3225 1843 3277 Annae
1872 3224 2045 3294 lacry-

462 3343 561 3379 nue
588 3344 600 3379 :
630 3325 754 3395 Ejus
784 3323 924 3378 enim
969 3320 1102 3376 labia
1122 3360 1140 3386 ,
1164 3319 1337 3387 inquit
1354 3318 1653 3386 Scriptura,
1676 3315 1997 3369 movebantur
2022 3355 2038 3382 ,

456 3426 502 3471 at
528 3433 625 3471 v01:
649 3434 748 3469 non
768 3416 1065 3469 audiebatur
1085 3414 1174 3487 (1.
1200 3413 1327 3484 Reg.
1354 3415 1404 3467 1.
1428 3413 1496 3467 15
1514 3412 1555 3481 ).
1578 3410 1778 3467 Verum
1801 3411 2048 3479 Iacrymm

457 3506 590 3560 sola:
630 3505 755 3559 tuba
784 3504 1066 3559 clariorem
1093 3503 1407 3556 emittebant
1435 3515 1640 3555 vocem.
1674 3499 1903 3568 Ideoque
1924 3499 2046 3553 vul-

458 3611 580 3649 vam
624 3596 742 3663 ejus
786 3593 996 3663 aperuit
1037 3594 1199 3658 Deus,
1227 3600 1282 3646 et
1310 3592 1501 3645 durant
1554 3605 1740 3646 saxum
1773 3591 1827 3646 in
1856 3606 2042 3661 agrum

457 3684 688 3741 fertilem
731 3684 911 3737 vertit.

530 3775 585 3830 6.
614 3774 670 3828 Si
701 3783 756 3828 tu
783 3787 995 3843 quoque
1022 3771 1099 3826 sic
1128 3770 1457 3842 lacrymeris,
1487 3770 1695 3826 Domini
1718 3772 1791 3826 tui
1814 3772 2048 3829 imitator

463 3865 685 3922 eﬂ‘ectus
714 3882 791 3920 es.
818 3864 949 3920 Nam
974 3873 1025 3918 et
1057 3866 1170 3932 ipse
1198 3864 1517 3933 Iacrymatus
1545 3872 1628 3917 est
1654 3862 1799 3919 etde
1823 3864 2042 3931 Lazaro,

457 3967 510 4011 et
532 3957 602 4012 de
628 3956 839 4011 civitate
867 3954 1058 4025 (Joau.
1093 3955 1176 4007 11.
1212 3954 1299 4008 55.
1348 3952 1473 4007 Luc.
1508 3953 1591 4007 I9.
1624 3955 1684 4008 41
1714 3952 1733 4024 )
1760 3993 1776 4018 ,
1824 3963 1878 4008 et
1904 3955 2044 4009 circa

456 4047 642 4103 ludam
690 4046 928 4101 turbatus
969 4054 1071 4099 est.
1128 4042 1359 4113 ldipsum
1389 4059 1548 4111 porro
1572 4043 1752 4098 videre
1780 4054 1862 4098 est
1902 4059 2045 4113 saepe

462 4139 770 4203 facientem,
798 4136 1059 4192 ridentem
1085 4151 1213 4189 vero
1239 4149 1521 4203 nusquam,
1548 4134 1653 4187 imo
1675 4148 1741 4188 ne
1760 4133 2044 4188 subriden-

457 4240 564 4283 tem
606 4228 822 4298 quidem
854 4243 868 4279 :
901 4226 1072 4279 nullus
1098 4234 1243 4278 certe
1273 4223 1373 4277 hoc
1410 4224 1732 4293 evangelista
1782 4225 2039 4277 narravit.

456 4321 687 4387 Ideoque
717 4327 771 4371 et
800 4315 1022 4370 Paulum
1051 4314 1281 4375 ﬂevisse,
1320 4328 1383 4365 ac
1424 4328 1518 4381 per
1555 4314 1839 4367 triennium
1891 4323 2044 4369 nocte

456 4424 507 4464 ct
537 4410 625 4465 die
646 4408 872 4477 idipsum
900 4406 1109 4468 fecisse,
1136 4414 1190 4457 et
1219 4405 1332 4471 ipse
1361 4411 1416 4457 et
1439 4402 1525 4458 alii
1552 4403 1619 4456 de
1642 4405 1757 4472 ipso
1777 4412 1994 4458 narrant
2027 4422 2039 4458 :

454 4502 598 4573 quod
623 4511 801 4554 autem
833 4499 1011 4552 riserit
1050 4510 1147 4550 nec
1175 4496 1306 4563 ipse,
1337 4510 1435 4549 nec
1474 4496 1608 4549 alius
1640 4506 1949 4550 sanctorum
1977 4497 2045 4551 de

456 4596 575 4663 ipso
619 4592 773 4656 dixit,
806 4590 911 4643 imo
959 4601 1060 4642 nec
1097 4585 1166 4639 de
1197 4585 1317 4638 aliis
1360 4585 1460 4653 ipsi
1486 4585 1746 4639 similibus
1778 4603 1790 4639 :
1823 4586 1891 4640 de
1915 4586 2044 4641 Sara

458 4696 659 4744 tantum
692 4682 743 4738 id
777 4688 1039 4740 narratur,
1062 4677 1273 4747 quando
1310 4685 1552 4745 correpta
1590 4676 1720 4742 fuit;
1749 4687 1803 4732 et
1842 4677 1910 4735 de
1936 4680 2045 4734 filio

457 4775 604 4834 Noae,
631 4774 845 4842 quando
865 4786 931 4825 ex
955 4769 1123 4824 libero
1143 4783 1332 4822 servus
1353 4767 1573 4822 effectus
1592 4776 1696 4824 est.
1725 4768 1847 4824 Haec
1866 4778 2042 4825 autem

459 4866 605 4930 dico,
640 4879 744 4917 non
776 4873 830 4916 ut
857 4863 1022 4916 risum
1049 4874 1265 4929 prorsus
1289 4860 1577 4924 eliminem,
1610 4860 1703 4915 sed
1732 4871 1788 4917 ut
1813 4860 2043 4916 dissolu-

458 4960 658 5019 tionem
686 4960 919 5013 auferam
941 4957 1036 5029 (a).
1055 4957 1185 5023 Cur,
1210 4971 1411 5027 qumso,
1440 4956 1509 5009 ita
1540 4956 1739 5027 gaudes
1765 4965 1820 5011 et
1843 4956 2044 5014 difﬂuis

537 5203 556 5234 ι
591 5202 664 5250 διο
680 5205 787 5249 Mss.
811 5203 867 5248 et
883 5199 949 5247 ita
970 5198 1095 5259 legit
1116 5197 1347 5247 Anlanus.
1372 5197 1437 5247 At
1456 5197 1597 5247 Savil.
1624 5207 1676 5249 et
1702 5201 1888 5267 ωσι-ει,
1912 5211 2056 5261 Deus.

523 5306 596 5372 (ει)
632 5305 801 5372 Itaque
825 5303 1055 5372 ρτρδίῠθι
1076 5300 1558 5372 ειξῐῑερδιριηιὲε.ηοη
1580 5303 1748 5372 risum,
1773 5305 1869 5372 sed.
1886 5304 2041 5372 diese-

463 5361 706 5419 lut'io'nem.
722 5361 801 5415 'sic
825 5361 995 5425 etiam,
1017 5361 1186 5426 Homil;
1210 5363 1274 5410 de
1310 5363 1485 5426 pavide
1510 5361 1745 5426 ettsaule,
1766 5366 1832 5416 de
1855 5366 2047 5417 lascivis

461 5443 619 5490 agens
641 5428 948 5483 mulieribus,
960 5422 1133 5488 qutein
1156 5423 1359 5473 theatris
1382 5422 1710 5474 histrionicam
1728 5422 2045 5489 exercebant,

462 5493 547 5557 ἕλην
581 5506 640 5540 ιιι
661 5502 777 5551 πολλὴ
797 5503 820 5557 ri
844 5498 1025 5557 διάκυωει
1038 5499 1142 5557 "1."!
1161 5497 1345 5557 ξαθάβοῦ
1358 5498 1471 5557 ἕάπου
1492 5499 1576 5557 πρὸς
1600 5499 1784 5557 ἀείλτιωιν
1816 5503 2047 5557 “edim-

460 5544 689 5618 hocest,
707 5544 950 5618 militeque
972 5544 1227 5618 dissolutio
1251 5544 1410 5618 .(Inalc.
1455 5544 1583 5618 enim
1609 5544 1841 5618 .Era'stnus
1870 5544 2043 5613 vertit;

463 5606 720 5680 cornuid),
745 5612 856 5667 huic
871 5606 981 5676 "ipse
1004 5608 1135 5665 locus
1155 5607 1221 5663 ad
1246 5606 1491 5665 lasciviam
1522 5607 1742 5666 imitans.

2152 414 2229 460 tot
2258 404 2547 460 reddendis
2591 403 2851 458 obnoxius
2879 402 3195 466 rationibus,
3228 401 3315 471 qui
3348 403 3632 459 tremendo
3661 406 3733 459 illi

2151 501 2397 555 tribunali
2437 500 2704 554 sistendus
2727 514 2809 564 es,
2834 498 2902 552 de
2942 498 3049 551 tuis
3095 497 3340 551 omnibus
3383 496 3437 550 in
3477 497 3579 552 hac
3627 499 3735 553 vita

2149 591 2312 659 gestis
2355 590 2619 645 rationem
2660 596 2907 642 accurate
2945 585 3286 641 redditurus?
3311 586 3522 640 Etenim
3552 587 3621 641 de
3647 588 3732 651 iis,

2144 692 2265 748 quae
2294 679 2376 733 vel
2405 688 2594 748 sponte
2616 719 2632 745 ,
2660 679 2747 734 vel
2791 679 2939 734 inviti
2970 679 3212 742 fecimus,
3244 681 3507 737 rationem
3537 683 3731 738 redde-

2147 783 2268 823 mus
2296 786 2308 822 :
2342 768 2442 835 Qui
2467 770 2599 822 enim
2618 810 2632 833 ,
2684 769 2894 837 inquit,
2925 772 3175 840 negaverit
3203 786 3280 824 me
3305 787 3475 825 coram
3513 774 3731 827 homini-

2147 860 2259 924 bus,
2293 870 2339 913 et
2365 876 2456 930 ego
2481 860 2671 928 negabo
2696 878 2809 914 eum
2833 877 3003 914 coram
3048 861 3208 915 Patre
3231 878 3341 916 meo
3365 903 3380 929 ,
3407 866 3490 933 qui
3517 866 3570 917 in
3595 866 3733 920 caelis

2146 958 2216 1003 est
2248 952 2265 1018 (
2293 948 2484 1003 Matth.
2518 951 2610 1005 10.
2642 951 2711 1005 55
2733 953 2773 1021 ).
2803 952 2963 1021 Atqui
3018 952 3106 1006 illa
3157 955 3367 1021 negatio
3405 953 3732 1029 [aliquando]

2147 1054 2253 1093 non
2283 1039 2581 1093 voluntaria
2609 1049 2710 1104 est,
2742 1049 2797 1094 et
2826 1049 3002 1096 tamen
3032 1042 3349 1112 supplicium
3379 1060 3486 1100 non
3527 1047 3730 1116 eﬂ'ugit,

2151 1129 2376 1199 ejusque
2417 1129 2663 1185 dabimus
2693 1145 2899 1201 pmnas,
2927 1140 2983 1186 et
3013 1140 3119 1186 tam
3146 1148 3334 1187 eorum
3363 1150 3483 1204 qua:
3510 1137 3731 1205 scimus,

2146 1236 2304 1289 quam
2330 1236 2519 1275 eorum
2542 1236 2661 1289 quae
2694 1222 2961 1276 nescimus
2990 1239 3004 1275 :
3031 1221 3180 1277 Nihil
3201 1225 3331 1277 enim
3354 1225 3478 1278 mihi
3505 1228 3735 1281 conscius

2144 1326 2275 1373 sum,
2307 1309 2498 1378 inquit,
2526 1312 2616 1363 sed
2643 1327 2745 1363 non
2767 1312 2820 1364 in
2849 1312 2943 1365 hoc
2973 1312 3287 1381 justiﬁcatus
3333 1330 3445 1367 sum
3468 1315 3487 1385 (
3508 1317 3559 1371 I.
3609 1317 3729 1371 Cor.

2144 1403 2199 1455 4.
2228 1403 2261 1456 4
2280 1400 2333 1472 );
2361 1402 2474 1457 sive
2497 1402 2801 1473 ignorantes
2832 1404 2944 1459 sive
2966 1404 3196 1459 scientes
3223 1420 3502 1475 peccemus
3526 1422 3541 1462 :
3567 1406 3730 1462 Testi-

2149 1492 2369 1543 moniunt
2397 1492 2529 1545 enim
2552 1492 2654 1546 illis
2697 1493 2951 1561 perhibeo,
2984 1494 3187 1563 inquit,
3216 1496 3334 1565 quia
3362 1497 3731 1551 cumulationem

2147 1582 2238 1635 Dei
2263 1582 2464 1649 habent,
2483 1584 2571 1636 sed
2592 1600 2693 1637 non
2712 1584 2984 1637 secundum
3004 1586 3263 1639 scientiam
3286 1587 3303 1655 (
3326 1586 3482 1641 Rom.
3515 1588 3603 1642 10.
3630 1588 3666 1641 2
3685 1590 3727 1660 ).

2150 1672 2341 1727 Verum
2375 1674 2424 1728 id
2468 1674 2571 1728 illis
2597 1675 2663 1727 ad
2695 1675 3064 1743 purgationem
3111 1691 3214 1729 non
3261 1676 3479 1731 sufficit.
3537 1678 3731 1732 Corin-

2151 1764 2274 1818 thiis
2318 1772 2495 1818 autem
2545 1764 2785 1819 scribens
2828 1765 3003 1819 aiebat
3034 1782 3048 1816 :
3086 1765 3255 1819 Timeo
3284 1784 3345 1819 ne
3368 1769 3495 1827 sicut
3521 1786 3730 1839 serpens

2147 1856 2309 1910 Evam
2355 1857 2552 1910 seduxit
2602 1858 2788 1911 astutia
2835 1874 2950 1921 sua,
2995 1859 3067 1911 sic
3116 1870 3504 1928 corrumpantur
3554 1877 3729 1916 sensus

2143 1949 2314 2015 vestri,
2345 1958 2392 2002 et
2414 1947 2645 2000 excidant
2669 1963 2700 2000 a
2729 1948 3049 2017 simplicitate
3073 1965 3186 2019 quae
3221 1958 3295 2003 est
3333 1951 3384 2002 in
3411 1950 3609 2005 Christo
3631 1952 3650 2020 (
3669 1952 3726 2003 2.

2143 2041 2261 2099 Cor.
2307 2042 2394 2096 11.
2425 2042 2515 2110 5).
2548 2041 2650 2095 Tot
2700 2049 3072 2110 tantorumque
3120 2042 3413 2096 facinorum
3466 2044 3726 2099 rationem

2142 2133 2468 2196 redditurus,
2501 2132 2656 2187 sedes
2685 2132 2884 2199 ridens,
2918 2133 3142 2186 urbanas
3175 2132 3390 2189 facetias
3417 2135 3724 2204 proferens,

2146 2233 2201 2278 et
2225 2223 2481 2293 voluptati
2514 2222 2829 2293 indulgens?
2858 2222 2962 2277 Sed
2987 2223 3030 2277 si
3064 2222 3116 2276 id
3140 2238 3243 2277 non
3270 2224 3466 2287 fecero.
3498 2226 3724 2295 inquies.

2150 2317 2194 2370 si
2238 2316 2449 2383 luxere,
2480 2332 2599 2384 quae
2652 2315 2782 2369 mihi
2834 2314 2959 2369 hinc
3005 2316 3240 2370 utilitas?
3269 2316 3430 2371 Multa
3474 2331 3622 2383 sane,
3672 2329 3729 2374 et

2144 2417 2287 2464 tanta
2313 2417 2564 2479 quantam
2594 2408 2859 2477 explicare
2888 2422 2992 2461 non
3033 2408 3252 2477 possim.
3298 2407 3355 2463 In
3380 2409 3725 2465 saecularibus

2142 2499 2283 2554 enim
2310 2498 2545 2568 indiciis,
2570 2498 2908 2568 quantumvis
2938 2500 3138 2567 plores,
3172 2514 3279 2554 non
3330 2499 3556 2571 effugies
3598 2516 3728 2571 sup-

2145 2590 2360 2661 plicium
2388 2598 2507 2660 post
2531 2591 2689 2644 latam
2716 2590 3068 2655 sententiam;
3109 2588 3196 2643 hic
3236 2605 3388 2655 vero,
3433 2591 3477 2645 si
3503 2592 3727 2660 ingemi-

2144 2694 2265 2736 scas
2312 2689 2542 2746 tantum,
2573 2680 2891 2735 sententiam
2930 2679 3170 2743 solvisti,
3202 2688 3257 2734 et
3295 2680 3502 2736 veniam
3533 2696 3728 2737 conse-

2146 2772 2347 2843 queris.
2377 2771 2604 2839 Ideoque
2624 2771 2691 2826 de
2719 2772 2861 2825 luctu
2887 2786 3028 2839 saepe
3054 2769 3299 2827 Christus
3328 2787 3423 2827 nos
3452 2773 3724 2838 admonet,

2145 2872 2197 2919 et
2215 2879 2308 2919 eos
2328 2863 2418 2933 qui
2435 2864 2614 2932 lugent
2634 2863 2816 2917 beatos
2835 2860 3113 2932 praedicat,
3136 2861 3256 2916 illos
3274 2876 3404 2916 vero
3419 2864 3507 2933 qui
3531 2864 3724 2930 rident,

2149 2954 2373 3009 miseros
2400 2952 2659 3008 declarat.
2714 2953 2825 3006 Hoc
2869 2952 3067 3021 quippe
3110 2952 3374 3007 theatrum
3423 2971 3528 3008 non
3560 2956 3726 3011 risum

2145 3043 2411 3098 admittit:
2437 3060 2610 3115 neque
2636 3046 2757 3101 ideo
2779 3050 3147 3116 convenimus,
3167 3060 3224 3105 ut
3246 3052 3536 3108 cachinnos
3554 3055 3724 3110 effun-

2144 3133 2355 3200 damus,
2388 3135 2480 3190 sed
2511 3146 2569 3189 ut
2592 3152 2891 3206 gemamus,
2922 3148 3081 3211 atque
3104 3156 3171 3197 ex
3195 3144 3497 3211 hujusmodi
3527 3149 3724 3216 gemitu

2147 3227 2293 3295 regni
2348 3227 2694 3283 hereditatem
2744 3231 3131 3287 nanciscamnr.
3176 3234 3255 3288 Tu
3294 3251 3423 3290 vero
3461 3237 3507 3291 si
3543 3252 3725 3293 coram

2146 3312 2469 3384 Imperatore
2519 3319 2752 3383 steteris,
2798 3336 2867 3376 ne
2907 3320 3186 3378 subridere
3211 3325 3429 3394 quidem
3458 3327 3723 3383 audebis:

2145 3415 2201 3461 et
2226 3408 2395 3477 ipsum
2422 3410 2733 3479 angelorum
2761 3411 3039 3468 Dominum
3069 3413 3212 3469 domi
3243 3415 3444 3472 habens
3472 3433 3576 3473 non
3613 3430 3725 3474 stas

2149 3506 2383 3553 tremens
2411 3514 2531 3554 cum
2573 3500 2831 3556 modestia
2870 3502 3101 3570 decenti,
3131 3505 3223 3560 sed
3253 3507 3398 3563 rides
3444 3508 3534 3564 illo
3561 3512 3723 3565 etiam
3750 3554 3767 3569 .

2145 3603 2290 3659 saepe
2317 3590 2492 3645 irato?
2518 3606 2617 3646 nec
2643 3594 2847 3661 cogitas
2878 3603 2929 3649 te
2954 3594 3100 3650 illum
3132 3597 3297 3666 magis
3322 3599 3388 3653 ad
3434 3599 3567 3655 iram
3593 3616 3725 3656 con-

2145 3681 2311 3734 citare
2338 3681 2462 3735 dum
2503 3682 2618 3737 haec
2663 3684 2777 3752 agis
2799 3723 2813 3747 ,
2844 3700 3003 3754 quam
3032 3685 3158 3740 dum
3188 3689 3418 3757 peccas?
3441 3689 3558 3746 Non
3583 3693 3729 3748 enim

2146 3773 2217 3827 ita
2244 3784 2553 3842 peccatores
2580 3785 2857 3830 aversatur
2887 3777 3047 3844 Deus,
3080 3786 3137 3832 ut
3159 3793 3250 3834 eos
3279 3781 3366 3849 qui
3396 3791 3514 3850 post
3541 3798 3730 3852 pecca-

2148 3874 2259 3919 tum
2288 3880 2392 3919 non
2417 3880 2535 3921 sese
2555 3866 2825 3921 cohibent.
2846 3868 3091 3922 Attamen
3116 3870 3184 3923 ita
3205 3880 3330 3925 sunt
3348 3873 3560 3940 quidam
3582 3877 3728 3931 omni

2146 3971 2305 4012 sensu
2338 3959 2508 4023 vacui,
2539 3968 2596 4013 ut
2622 3969 2740 4028 post
2764 3959 2878 4014 huic
2903 3961 3081 4016 audita
3109 3962 3269 4016 verba
3298 3965 3479 4019 dicant
3509 3983 3522 4019 :
3554 3968 3726 4032 Absit,

2149 4059 2208 4103 ut
2237 4064 2485 4119 umquam
2525 4051 2789 4121 lacrymas
2819 4050 3054 4117 fundam,
3079 4053 3206 4108 mihi
3234 4069 3362 4109 vero
3389 4056 3439 4110 id
3468 4059 3729 4112 concedat

2148 4138 2289 4193 Deus
2310 4179 2326 4204 ,
2372 4147 2430 4193 ut
2455 4154 2669 4209 semper
2706 4140 2908 4194 rideam
2939 4152 2994 4196 et
3022 4141 3218 4196 ludam.
3252 4144 3401 4211 'Quid
3431 4144 3729 4214 hujusmodi

2147 4229 2466 4298 eligitalione
2487 4230 2780 4285 infantius?
2815 4230 2931 4284 Non
2953 4232 3093 4285 enim
3120 4233 3259 4287 Deus
3286 4234 3333 4287 id
3363 4235 3455 4289 dat
3479 4246 3537 4290 ut
3575 4237 3727 4290 Iuda-

2149 4333 2286 4382 mus,
2320 4319 2412 4373 sed
2441 4319 2705 4373 diabolus.
2757 4319 2893 4373 Audi
2925 4320 3079 4388 igitur
3117 4322 3241 4388 quid
3275 4324 3412 4389 passi
3443 4325 3551 4378 sint
3579 4326 3611 4378 ii
3640 4327 3729 4394 qui

2148 4407 2401 4464 ludebant
2431 4428 2446 4464 :
2478 4410 2643 4472 Sedit,
2677 4410 2864 4479 inquit,
2898 4411 3115 4480 populus
3141 4415 3448 4468 manducare
3472 4426 3516 4467 et
3546 4416 3731 4477 bibere,

2146 4507 2197 4552 et
2221 4510 2548 4553 surrexerunt
2574 4499 2746 4553 ludere
2767 4500 2785 4571 (
2806 4498 2971 4552 Exod.
2996 4500 3083 4553 5‘2.
3108 4502 3198 4568 6).
3223 4502 3380 4556 Tales
3398 4514 3549 4557 crant
3567 4504 3734 4560 Sede.

2150 4589 2312 4655 mitte,
2345 4590 2475 4644 tales
2503 4591 2663 4643 etiam
2703 4589 2776 4643 illi
2827 4598 3069 4659 tempore
3117 4590 3323 4645 diluvii.
3368 4592 3500 4647 Nam
3528 4595 3596 4649 de
3624 4594 3735 4649 illis

2150 4680 2363 4747 dicitur,
2394 4679 2460 4734 1η
2498 4681 2763 4750 superbia,
2795 4683 2849 4735 in
2890 4682 3248 4752 prosperitate,
3279 4693 3328 4736 et
3378 4686 3431 4738 iu
3473 4687 3743 4741 saturitate

2150 4788 2341 4841 panum
2389 4772 2582 4827 deliciis
2632 4774 2894 4844 afﬂuebant
2922 4773 2941 4846 (
2966 4774 3151 4828 Ezech.
3183 4774 3272 4829 16.
3305 4776 3432 4847 49).
3475 4778 3553 4833 Illi
3599 4794 3730 4834 vero

2149 4864 2236 4933 qui
2267 4873 2504 4934 tempore
2530 4864 2658 4920 Noae
2687 4874 2841 4919 crant
2861 4906 2874 4928 ,
2903 4880 3025 4919 cum
3055 4880 3150 4933 per
3180 4875 3256 4921 tot
3282 4882 3451 4921 annos
3495 4871 3734 4925 construi

2151 4970 2330 5010 arcam
2358 4956 2621 5022 viderent,
2650 4958 2768 5012 sine
2810 4957 2914 5010 ulla
2940 4972 3067 5011 cura
3097 4958 3180 5013 vel
3208 4974 3368 5013 sensu
3398 4960 3731 5028 ltetabantur,

2152 5046 2282 5102 nihil
2326 5046 2396 5101 de
2441 5047 2631 5100 futuris
2683 5047 2845 5101 rebus
2896 5048 3318 5117 prospicientes;
3349 5050 3576 5122 ideoque
3618 5056 3736 5107 uni‘

2153 5152 2336 5192 versos
2365 5137 2620 5191 diluvium
2648 5136 2954 5203 submersit,
2979 5146 3033 5194 ct
3058 5151 3343 5197 commune
3356 5141 3501 5197 orbis
3524 5143 3737 5200 naufra-

2153 5230 2296 5299 gium
2329 5239 2456 5283 tunc
2483 5226 2680 5283 effecit.

2223 5436 2270 5488 7.
2318 5434 2465 5488 Dona
2491 5430 2587 5486 Dei
2620 5445 2733 5500 qua:
2758 5431 2877 5485 sint.
2911 5429 3185 5501 Vigilantia
3210 5448 3361 5501 quam
3389 5432 3558 5495 utilis;
3584 5449 3735 5502 quam

2154 5534 2304 5589 noxia
2352 5532 2536 5586 theatri
2585 5531 3088 5601 spectacula.—Ne
3145 5532 3322 5601 itaque
3370 5534 3456 5589 illa
3509 5543 3656 5603 petas
3707 5549 3738 5587 a

2155 5626 2293 5693 Deo,
2322 5640 2442 5695 quae
2486 5638 2517 5680 a
2560 5623 2772 5680 diabolo
2799 5622 3018 5693 accipis.
3046 5622 3180 5679 Nam
3208 5624 3300 5682 Dei
3326 5635 3409 5681 est
3427 5668 3442 5691 ,
3486 5626 3615 5682 dare
3642 5642 3738 5683 cor
