4060 6156
403 296 471 353 69
1527 298 1594 354 IN
1628 295 1973 354 ΜΑΤΤΗᾸΞΙ.

2081 293 2311 352 HOMIL.
2355 294 2445 353 Vl.
3576 296 3647 353 ⁷ο

403 402 580 469 μένων
631 397 863 470 δακρύῃ.
890 400 988 451 Διὰ
1026 397 1185 451 τοῦτο
1238 396 1345 468 πρὸ
1391 397 1500 451 τῶν
1546 398 1721 452 ἄλλων
1755 397 1977 461 τούτους

398 489 737 559 ἐμακάριζεν
768 492 797 543 6
829 491 961 554 Θεὸς
982 490 1049 555 ⁵⁸,
1078 489 1366 557 Μακάριοι
1401 493 1454 543 οί
1484 490 1866 556 πενθοῦντες,
1894 490 1978 543 λέ-

393 596 528 649 γων.
559 581 671 634 Kal
707 580 827 645 πῶς
859 583 889 635 6
924 579 1138 644 Παῦλός
1192 597 1352 651 φησι·
1396 580 1640 648 Χαίρετε
1673 580 1743 634 ἐν
1779 582 1979 648 Κυρίῳ

393 671 651 726 πάντοτε
662 688 683 737 ;
708 672 821 744 Τὴν
855 674 920 727 ὲκ
939 673 1047 728 τῶν
1066 673 1315 743 δακρύων
1338 671 1544 726 τούτων
1564 671 1735 740 λέγων
1758 670 1974 741 ἡδονήν.

394 764 610 834 Ὠσπερ
628 763 737 835 γάρ
759 766 793 835 ἡ
814 764 903 818 διὰ
930 763 1133 832 κόσμον
1162 764 1306 834 χαρὰ
1331 762 1509 834 λύπην
1537 762 1648 833 ἔχει
1675 762 1978 833 συγκεκλη-

395 856 668 928 ρωμένην,
703 854 845 909 οὕτω
864 854 932 908 τὰ
960 854 1102 909 κατὰ
1135 855 1268 908 Θεὸν
1305 854 1516 926 δάκρυα
1540 853 1715 926 χαρὰν
1743 852 1979 923 βλαστά-

395 964 477 1001 νει
508 945 733 1017 διηνεκῆ
758 945 853 998 καὶ
878 946 1214 1017 ἀμάραντον.
1238 944 1395 999 Οὕτω
1432 946 1526 999 καὶ
1556 947 1589 1016 ἡ
1630 944 1803 1015 πόρνη
1831 960 1977 1015 παρα

396 1037 566 1093 θένων
624 1037 840 1104 ἐγένετο
888 1027 1223 1108 σεμνοτέρα,
1258 1036 1430 1107 τούτῳ
1460 1037 1854 1106 κατασχεθεῶα
1898 1033 1978 1104 τῷ

396 1126 549 1198 πυρί.
592 1127 810 1197 Ἐπειδὴ
840 1126 949 1199 γὰρ
967 1126 1331 1198 διεθερμάνθη
1352 1130 1416 1197 τῇ
1446 1125 1721 1197 μετανοίᾳ,
1752 1123 1978 1189 ἐξεϐακ-

396 1214 566 1286 χεύθη
588 1214 771 1267 λοιπὸν
790 1214 869 1284 τῷ
894 1216 1020 1286 περὶ
1046 1215 1138 1268 τὸν
1178 1216 1411 1286 Χριστὸν
1442 1214 1614 1284 πόθῳ,
1641 1213 1741 1276 τὰς
1786 1213 1979 1285 τρίχας

389 1305 614 1372 λύουσα,
644 1305 739 1358 καὶ
781 1307 905 1367 τοὺς
938 1306 1125 1374 ἁγίους
1143 1308 1186 1342 ⁵⁷
1226 1306 1496 1376 βρέχουσα
1526 1306 1693 1367 πόδας
1734 1307 1844 1366 τοῖς
1877 1303 1976 1355 δά-

392 1413 579 1468 κρυσι,
608 1397 702 1449 καὶ
745 1399 865 1459 ταῖς
912 1397 1068 1461 ἰδίαις
1100 1398 1297 1461 αὐτοὺς
1330 1397 1726 1467 ἁπομάσσουσα
1754 1395 1976 1464 κόμαις,

352 1536 357 1539 -
398 1499 491 1551 καὶ
513 1497 575 1550 τὸ
605 1500 774 1567 μύρον
799 1494 1047 1547 κενοῦσα.
1070 1494 1180 1547 Καὶ
1206 1495 1375 1547 ταῦτα
1402 1496 1499 1565 μὲν
1524 1494 1737 1548 ἅπαντα
1769 1494 1968 1556 ἔξωθεν

399 1590 605 1658 ἐγίνετο
626 1604 639 1618 ⁸
670 1587 737 1639 τὰ
756 1587 811 1638 δὲ
841 1588 899 1638 ὲν
916 1588 981 1656 τῇ
1012 1585 1215 1656 διανοίᾳ
1242 1586 1537 1655 τελούμενα
1563 1585 1739 1655 πολλῷ
1766 1585 1971 1638 τούτων

402 1679 707 1751 θερμότερα
732 1672 821 1747 ἦν,
849 1677 895 1708 ⁵⁸
918 1675 953 1730 ἁ
988 1675 1145 1745 μόνος
1171 1675 1331 1739 αὐτὸς
1368 1675 1592 1727 ἔϐλεπεν
1627 1675 1655 1726 ὁ
1685 1674 1837 1735 Θεός.
1870 1674 1969 1727 Διὰ

400 1769 463 1839 δὴ
489 1768 647 1821 τοῦτο
670 1768 896 1829 ἕκαστος
920 1768 965 1798 ⁵³
1010 1764 1242 1830 ἁκούων,
1270 1767 1551 1837 συγχαίρει
1577 1782 1636 1818 τε
1665 1767 1824 1836 αὐτῇ,
1874 1764 1972 1817 καὶ

402 1858 747 1929 εὐφραίνεται
787 1858 899 1920 τοῖς
926 1855 1140 1925 ὲκείνης
1172 1855 1587 1926 κατορθώμασι,
1622 1856 1718 1908 καὶ
1753 1856 1972 1909 πάντων

402 1950 729 2005 ἀπαλλάττει
758 1947 866 2000 τῶν
897 1949 1256 2017 ἐγκλημάτων
1286 1947 1476 2016 αὐτήν.

472 2043 535 2094 Εἰ
568 2041 623 2093 δὲ
660 2040 819 2109 ἡμεῖς
840 2040 889 2091 οἱ
910 2040 1135 2109 πονηροὶ
1158 2037 1359 2107 ταύτην
1394 2038 1628 2108 φέρομεν
1650 2035 1746 2107 τὴν
1768 2035 1971 2106 ψῆφον,

407 2131 660 2200 ἐννόησον
714 2129 858 2191 τίνος
913 2128 1189 2182 ἀπέλαυσε
1241 2128 1396 2197 παρὰ
1442 2126 1536 2180 τοῦ
1591 2125 1973 2197 φιλανθρώπου

403 2221 562 2286 Θεοῦ,
591 2222 683 2275 καὶ
711 2220 874 2283 πόσα,
901 2219 995 2272 καὶ
1026 2220 1132 2290 πρὸ
1157 2219 1265 2273 τῶν
1295 2219 1390 2272 τοῦ
1426 2220 1559 2272 Θεοῦ
1588 2218 1825 2287 δωρεῶν,
1861 2216 1972 2269 ἀπὸ

402 2312 503 2382 τῆς
529 2310 813 2382 μετανοίας
852 2308 968 2382 [96]
1004 2310 1365 2381 ἐκαρπώσατο
1394 2311 1574 2379 ἀγαθά
1604 2310 1670 2362 ⁶⁰.
1706 2309 1973 2378 Καθάπερ

404 2403 513 2473 γάρ
545 2401 701 2455 ὐετοῦ
759 2400 1197 2472 καταρραγέντος
1252 2400 1484 2472 σφοδροῦ
1528 2399 1712 2472 αἰθρία
1765 2399 1975 2467 γίνεται

404 2491 640 2563 καθαρὰ,
680 2490 823 2545 οὕτω
862 2491 953 2545 καὶ
977 2490 1224 2562 δακρύων
1257 2490 1710 2561 καταφερομένων
1766 2489 1973 2560 γαλήνη

404 2582 611 2651 γίνεται
643 2582 736 2634 καὶ
768 2579 937 2643 εὐδία,
967 2580 1059 2633 καὶ
1091 2580 1151 2633 τὸ
1179 2582 1244 2634 ὲκ
1268 2579 1378 2633 τῶν
1409 2579 1816 2651 ἁμαρτημάτων
1844 2580 1977 2647 ἁφα-

406 2672 608 2736 νίζεται
638 2670 844 2733 σκότος.
884 2670 995 2723 Καὶ
1022 2669 1211 2740 ὥσπερ
1239 2670 1298 2733 ἐξ
1320 2669 1509 2733 ὕδατος
1529 2669 1621 2722 καὶ
1644 2668 1974 2738 πνεύματος,

404 2761 576 2826 οὕτως
596 2762 704 2815 ἁπὸ
732 2760 982 2832 δακρύων
1010 2762 1105 2814 καὶ
1128 2761 1568 2831 ὲξομολογήσεως
1603 2759 1976 2830 καθαιρόμεθα

406 2854 589 2918 πάλιν,
619 2852 686 2906 ἂν
717 2852 792 2923 μὴ
816 2853 948 2924 πρὸς
972 2851 1228 2915 ἐπίδειξιν
1253 2851 1414 2905 τοῦτο
1441 2851 1683 2922 ποιῶμεν
1718 2853 1812 2905 καὶ
1842 2852 1978 2922 πρὸς

407 2944 735 3017 φιλοτιμίαν.
772 2943 884 3014 Τὴν
927 2946 1035 3014 γάρ
1064 2941 1211 2996 οὓτω
1236 2942 1575 3014 δακρύουσαν
1621 2944 1720 3013 τῆς
1762 2942 1972 2995 καλλω-

406 3034 704 3105 πιζομένης
738 3032 833 3086 καὶ
849 3034 892 3065 ⁸⁸
912 3033 1252 3102 ὐπογραφαίς
1280 3033 1375 3086 καὶ
1394 3032 1757 3104 ὲπιτρίμμασι
1777 3032 1977 3101 μᾶλλον

406 3120 829 3193 κατηγορεῖσθαι
877 3121 1043 3191 φαίην
1099 3122 1165 3175 ἂν
1216 3117 1355 3175 εἶναι
1394 3121 1620 3176 δίκαιον.
1678 3121 1819 3188 Ἐγὼ
1870 3122 1978 3193 γὰρ

407 3214 587 3266 ἑκείνα
623 3211 769 3283 ζητῶ
797 3212 869 3265 τὰ
900 3204 1109 3283 δάκρυα
1140 3214 1208 3266 τὰ
1248 3215 1322 3283 μὴ
1349 3212 1485 3283 πρὸς
1513 3212 1772 3276 ἐπίδειξιν
1792 3251 1806 3273 ,
1843 3211 1979 3264 ἁλλὰ

410 3303 548 3373 πρὸς
584 3301 877 3366 κατάνυξιν
926 3302 1219 3372 γινόμενα·
1261 3304 1327 3356 τὰ
1382 3302 1557 3374 λάθρα
1609 3304 1704 3356 καὶ
1758 3302 1817 3355 ὲν
1867 3304 1980 3364 τοῖς

409 3394 702 3465 ταμιείοις,
751 3394 846 3447 καὶ
902 3394 1128 3464 μηδενὸς
1183 3393 1439 3465 ὁρῶντος,
1493 3394 1608 3447 ἀλλ’
1651 3394 1838 3465 ἠρέμα
1886 3394 1980 3446 καὶ

409 3484 648 3557 ἀψοφητὶ
671 3484 933 3549 στάζοντα
950 3502 963 3517 ο
992 3484 1062 3537 τὰ
1085 3485 1191 3539 ἀπὸ
1222 3485 1416 3554 βάθους
1439 3485 1693 3549 διανοίας,
1728 3485 1796 3538 τά
1822 3486 1880 3537 ὲν
1902 3484 1980 3554 τῷ

413 3577 685 3631 θλίϐεσθαι
715 3577 808 3629 καὶ
832 3576 1139 3643 ὀδυνᾶσθαι,
1166 3577 1234 3629 τὰ
1258 3575 1346 3629 διὰ
1375 3576 1464 3630 τὸν
1489 3577 1620 3630 Θεὸν
1646 3577 1803 3647 μόνον
1836 3576 1981 3645 γινό-

414 3685 572 3740 μενα,
604 3662 694 3720 οἷα
710 3666 779 3719 τὰ
809 3666 909 3736 τῆς
944 3668 1141 3735 Ἀννης
1169 3661 1270 3737 ἦν’
1318 3666 1393 3719 Τὰ
1422 3666 1533 3735 τὰρ
1564 3668 1738 3736 χείλη
1769 3665 1978 3734 αὐτῆς,

414 3760 597 3831 φησὶν,
627 3756 897 3822 ἐκινεῖτο,
930 3757 1030 3810 καὶ
1064 3758 1101 3824 ἡ
1130 3755 1299 3825 φωνὴ
1327 3756 1518 3824 αὐτῆς
1558 3759 1669 3812 οὐκ
1702 3757 1976 3825 ἠκούετο.

408 3861 571 3915 Ἀλλὰ
593 3862 661 3915 τά
686 3861 897 3933 δάκρυα
927 3863 1062 3933 μόνα
1092 3864 1388 3931 σάλπιγγος
1412 3863 1793 3935 λαμπροτέραν
1818 3862 1967 3933 ὴφίει

398 3955 599 4023 φωνήν.
648 3955 749 4005 Διὰ
794 3952 859 4023 δὴ
904 3953 1064 4006 τοῦτο
1111 3955 1203 4007 καὶ
1238 3955 1336 4025 τὴν
1389 3956 1605 4024 μήτραν
1656 3954 1891 4023 ἀνέῳξεν
1940 3954 1970 4005 6

397 4043 549 4106 Θεὸς,
606 4042 700 4095 καὶ
749 4041 848 4113 τὴν
899 4042 1139 4114 σκληρὰν
1207 4043 1411 4115 πέτραν
1461 4044 1676 4116 ἁπαλὴν
1728 4044 1967 4115 ἄρουραν

399 4133 708 4203 εἰργάσατο.

469 4222 540 4286 ς’.
554 4224 650 4277 Ἂν
664 4221 806 4275 οὕτω
825 4221 919 4275 καὶ
935 4221 1096 4285 αὐτὸς
1113 4222 1372 4294 δακρύῃς,
1400 4224 1639 4295 μιμητὴς
1660 4222 1753 4277 τοῦ
1775 4223 1971 4276 Δεσπό-

396 4330 491 4367 του
532 4330 624 4366 σου
650 4313 901 4382 γέγονας.
936 4314 1046 4366 Καὶ
1074 4313 1183 4383 γὰρ
1219 4314 1313 4366 καὶ
1356 4314 1517 4378 αὐτὸς
1550 4314 1836 4385 ἐδάκρυσε,
1876 4314 1971 4366 καὶ

397 4404 491 4457 ἐπὶ
529 4402 776 4476 Λαζάρου
808 4404 902 4457 καὶ
930 4405 1023 4457 ἐπὶ
1044 4405 1142 4475 τῆς
1169 4405 1397 4469 πόλεως,
1422 4407 1515 4458 καὶ
1550 4406 1644 4458 ἐπὶ
1674 4404 1766 4457 τοῦ
1802 4404 1969 4458 Ἰούδα

395 4495 742 4566 διεταράχθη.
766 4497 877 4549 Kal
904 4494 1060 4548 10610
1082 4496 1181 4566 μὲν
1214 4496 1467 4560 πολλάκις
1495 4496 1638 4549 ἔστιν
1669 4495 1795 4548 ἰδεῖν
1812 4494 1971 4547 αὐτὸν

396 4584 673 4649 ποιοῦντα,
703 4587 945 4653 γελῶντα
968 4587 1024 4640 δὲ
1055 4586 1290 4657 οὐδαμοῦ
1318 4604 1331 4616 ·
1366 4586 1478 4640 ἁλλ’
1527 4587 1647 4640 οὐδὲ
1680 4586 1970 4657 μειδιῶντα

393 4678 609 4747 ἠρέμαο
644 4677 839 4730 οὐκοῦν
878 4677 987 4730 τῶν
1030 4678 1432 4747 εὐαγγελιστῶν
1470 4678 1641 4741 οὐδεὶς
1668 4680 1715 4710 ⁶²
1754 4679 1967 4747 εἴρηκε.

396 4769 494 4823 Διὰ
519 4766 677 4820 τοῦτο
695 4768 787 4819 καὶ
807 4768 1036 4831 Παῦλος,
1064 4769 1145 4821 ὅτι
1167 4769 1264 4838 μὲν
1292 4768 1577 4839 ἐδάκρυσε,
1611 4770 1703 4822 καὶ
1728 4768 1969 4838 τριετίαν

398 4858 569 4910 νύκτα
602 4854 697 4907 καὶ⁸
728 4856 938 4925 ἡμέραν
966 4856 1121 4910 τοῦτο
1151 4858 1342 4919 ἐποίει,
1380 4859 1474 4910 καὶ
1503 4858 1664 4921 αὐτὸς
1692 4860 1819 4929 περὶ
1852 4860 1972 4910 ἐαυ-

398 4945 513 5006 τοῦ,
548 4943 644 4997 καὶ
676 4944 852 5014 ἕτεροι
884 4946 1010 5015 περὶ
1060 4948 1220 5000 αὐτοῦ
1271 4947 1428 5001 τοῦτο
1473 4948 1751 5016 λέγουσιν’
1800 4949 1881 5001 ὅτι
1912 4948 1971 5001 δὲ

398 5038 681 5106 ἐγέλασεν,
712 5037 949 5107 οὐδαμοῦ
972 5039 1091 5093 οὔτε
1134 5042 1295 5105 αὐτὸς
1330 5042 1570 5112 εἴρηκεν.
1602 5041 1724 5094 οὐτε
1748 5042 1791 5072 ⁵³
1814 5040 1971 5104 ἄλλος

394 5128 516 5183 οὐδὲ
559 5126 639 5193 εἷς
670 5128 778 5182 τῶν
812 5130 1003 5197 ἁγίων,
1052 5131 1174 5185 οὐτε
1207 5135 1336 5206 περὶ
1383 5132 1575 5187 ἑαυτοῦ
1601 5172 1615 5195 ,
1676 5131 1801 5185 οὐτε
1845 5134 1972 5203 περὶ

396 5221 584 5291 ἑτέρου
634 5222 779 5283 τινὸς
833 5220 1075 5274 τοιούτου
1112 5239 1126 5253 ⁸
1174 5222 1285 5294 [97]
1325 5224 1460 5278 ἀλλὰ
1500 5226 1546 5263 ⁸⁸
1591 5224 1718 5294 περὶ
1752 5223 1971 5294 Σάρρας

400 5312 568 5384 μόνης
598 5312 758 5367 τοῦτο
782 5311 1019 5384 εῐρηται,
1041 5312 1203 5383 ἡνίκα
1228 5313 1533 5384 ἐπετιμήθη
1553 5330 1565 5343 ·
1598 5314 1692 5366 καὶ
1720 5314 1848 5384 περὶ
1874 5310 1970 5365 τοῦ

398 5403 516 5456 υίοῦ
544 5404 689 5465 Νῶε,
736 5406 827 5458 ὅτε
882 5406 1001 5458 ἀντ’
1035 5402 1319 5474 ἐλευθέρου
1364 5405 1548 5469 δοῦλος
1598 5405 1809 5474 γέγονε.
1861 5406 1973 5458 Kal

396 5493 569 5547 1a61a
606 5494 771 5564 λέγω,
794 5494 856 5548 οὐ
880 5493 973 5547 τόν
1005 5491 1218 5562 γέλωτα
1244 5494 1545 5559 ἐκκόπτων,
1573 5496 1709 5549 ἁλλὰ
1727 5495 1825 5566 τὴν
1851 5494 1970 5548 διά-

402 5600 556 5652 χυσιν
601 5584 857 5653 ἀναιρῶν.
894 5583 1053 5647 Τίνος
1087 5582 1196 5654 γάρ
1218 5581 1422 5649 ἕνεκεν,
1445 5584 1566 5637 εἰπέ
1608 5604 1717 5656 μοι,
1748 5585 1967 5658 θρύπτει

474 5695 526 5729 ⁸⁸
545 5693 700 5766 Θεὸς]
728 5694 976 5766 Χριστός,
1013 5693 1125 5766 _An.
1152 5693 1301 5766 Ben._
1321 5763 1338 5766 _
1365 5694 1410 5726 "
1440 5690 1651 5766 éylous]
1671 5693 1973 5766 add._a6106

2275 5693 2718 5766 -!_a]x91ij_dem.
2747 5765 2753 5766 γ
2793 5695 2841 5727 ⁸⁹
2874 5692 3125 5766 ἕκαστος]
3147 5692 3272 5766 add,

2086 400 2179 451 καὶ
2206 401 2497 473 διαρῤέεις,
2525 405 2811 469 τοσαύταις
2836 407 3083 473 εὐθύναις
3101 410 3281 483 ἔνοχος
3311 414 3386 469 ὢν
3412 414 3513 482 ἔτι,
3554 420 3649 470 καὶ

2085 489 2299 561 φοϐερῷ
2335 493 2542 562 μέλλων
2588 498 3033 568 παραστήσεσθαι
3061 503 3105 533 ⁸⁵
3152 503 3504 578 δικαστηρίῳ,
3556 508 3652 561 καὶ

2085 579 2300 635 πάντων
2326 585 2583 655 παρέχειν
2612 587 2767 656 λόγον
2794 590 2933 659 μετὰ
2956 591 3239 663 ἀκριϐείας
3268 598 3378 649 τῶν
3416 598 3651 651 ἐνταῦθα

2082 673 2494 743 γεγενημένων;
2528 679 2635 731 Kal
2666 679 2775 751 γὰρ
2798 675 2873 736 ὧν
2898 684 3112 749 ἑκόντες
3134 686 3229 740 καὶ
3257 681 3331 741 ὧν
3352 690 3397 721 ⁶⁶
3424 690 3651 754 ἄκοντες

2079 760 2418 832 ἡμάρτομεν,
2449 766 2691 837 δώσομεν
2718 770 2903 838 λόγον’
2950 774 3047 839 Ὃς
3072 773 3182 843 γὰρ
3206 775 3282 829 ἂν
3311 776 3651 845 ἀρνήσηταί

2071 864 2178 921 με,
2242 853 2406 923 φησὶν
2427 892 2443 918 ,
2515 855 2857 926 ἔμπροσθεν
2907 860 3027 916 τῶν
3077 863 3401 933 ἀνθρώπων
3425 905 3440 930 ,
3486 863 3648 936 κάγὼ

2078 952 2413 1021 ἀρνήσομαι
2456 956 2643 1007 αὐτὸν
2670 955 3009 1026 ἔμπροσθεν
3034 959 3140 1012 τοῦ
3189 962 3415 1027 Πατρός
3434 977 3574 1027 μου.
3599 962 3643 990 ⁶⁷

2079 1041 2335 1111 Καίτοιγε
2361 1042 2612 1108 ἀκούσιος
2645 1045 2677 1115 ἡ
2716 1045 2940 1116 τοιαύτη
2986 1048 3233 1117 ἄρνησις,
3261 1049 3375 1101 ἁλλ’
3404 1050 3553 1119 ὅμως
3583 1050 3647 1102 οὐ

2078 1131 2358 1200 διαφεύγει
2405 1134 2504 1203 τὴν
2555 1134 2812 1199 κόλασιν,
2848 1136 2983 1190 ἀλλὰ
3020 1138 3114 1189 καὶ
3158 1138 3358 1209 ταύτης
3397 1139 3648 1209 διδόαμεν

2078 1221 2339 1286 εὐθύνας⁹
2374 1224 2468 1276 καὶ
2484 1217 2559 1277 ὧν
2591 1224 2769 1294 ἴσμεν,
2799 1226 2894 1277 καὶ
2926 1218 3001 1278 ὧν
3030 1226 3075 1257 ⁸⁸
3104 1226 3203 1279 οὐκ
3225 1227 3384 1297 ῐσμεν
3406 1243 3420 1256 ⁸
3455 1226 3649 1279 Οὐδὲν

2078 1311 2188 1379 γὰρ
2223 1310 2456 1380 ἐμαυτῷ
2504 1313 2769 1376 σύνοιδα,
2805 1314 2992 1383 φησιν,
3034 1315 3171 1368 ἀλλ’
3200 1317 3312 1368 οὐκ
3358 1315 3429 1368 ἐν
3457 1316 3650 1381 τούτῳ

2077 1399 2472 1470 δεδικαίωμαι.
2514 1403 2623 1455 Kal
2654 1396 2728 1455 ὧν
2758 1403 2896 1455 κατὰ
2925 1404 3165 1470 ἄγνοιαν,
3195 1404 3290 1457 καὶ
3323 1400 3397 1457 ὧν
3427 1405 3471 1437 ⁸⁸
3504 1404 3646 1458 κατὰ

2076 1492 2276 1561 γνῶσιν
2296 1509 2311 1523 ·
2343 1492 2634 1560 Μαρτυρῶ
2666 1494 2775 1562 γὰρ
2830 1494 3055 1560 αὐτοῖς,
3105 1496 3269 1564 φησὶν
3288 1534 3303 1559 ,
3344 1495 3430 1547 ὅτι
3464 1495 3648 1563 ζῆλον

2082 1584 2231 1637 Θεοῦ
2258 1585 2528 1652 ἔχουσιν,
2553 1585 2688 1637 ἀλλ’
2726 1586 2798 1637 οὐ
2819 1585 2945 1637 κατ’
2962 1584 3290 1653 ἐπίγνωσιν
3307 1600 3322 1615 ο
3355 1585 3467 1637 ἀλλ’
3496 1586 3646 1654 ὅμως

2076 1677 2173 1729 οὐκ
2189 1676 2351 1746 ἁρκεῖ
2365 1675 2522 1728 τοῦτο
2553 1676 2633 1738 είς
2661 1675 2952 1743 ἀπολογίαν
2976 1676 3179 1738 αὐτοῖς.
3204 1677 3311 1728 Kal
3342 1675 3645 1746 Κορινθίοις

2075 1766 2131 1819 δὲ
2172 1766 2498 1820 ἐπιστέλλων
2532 1765 2684 1834 ἔλεγε
2709 1784 2721 1796 ’
2757 1766 3049 1833 Φοϐοῦμαι
3080 1765 3287 1835 μήπως
3320 1766 3399 1830 ὡς
3430 1768 3462 1818 ό
3510 1766 3645 1833 ὄφις

2074 1854 2456 1923 ἐξηπάτησεν
2488 1854 2654 1908 Εὔαν
2689 1855 2758 1907 ἐν
2786 1852 2860 1922 τῇ
2897 1855 3227 1922 πανουργίᾳ
3256 1853 3462 1915 αὐτοῦ,
3493 1853 3645 1907 οὕτω

2073 1943 2269 2013 φθαρῇ
2297 1945 2368 1997 τὰ
2391 1943 2659 2011 νοήματα
2691 1943 2856 2011 ὑμῶν
2888 1943 3004 1996 ἀπὸ
3032 1941 3144 2009 τῆς
3170 1942 3510 2008 ἁπλότητος
3534 1940 3643 2009 τῆς

2071 2036 2159 2099 είς
2202 2034 2307 2087 τὸν
2343 2035 2621 2101 Χριστόν.
2680 2033 2959 2085 Τοσούτων
2992 2034 3168 2085 τοίνυν
3203 2032 3409 2102 μέλλων
3445 2032 3644 2085 διδόναι

2074 2126 2321 2191 εὐθύνας,
2352 2126 2492 2197 κάθῃ
2525 2126 2718 2194 γελῶν,
2750 2126 2844 2178 καὶ
2887 2126 3077 2178 ἀστεῖα
3108 2123 3300 2192 λέγων,
3343 2125 3436 2177 καὶ
3464 2126 3642 2194 τρυφῇ

2077 2219 2387 2290 προσέχων;
2421 2219 2520 2270 Ἂν
2557 2216 2665 2287 γὰρ
2706 2215 2780 2287 μὴ
2807 2214 2979 2268 ταῦτα
3009 2216 3237 2285 ποιήσω,
3272 2214 3461 2284 φησὶν,
3504 2214 3643 2267 ἀλλὰ

2072 2310 2346 2381 πενθήσω,
2374 2308 2429 2361 τί
2454 2308 2514 2361 τὸ
2540 2307 2762 2376 δφελος;
2791 2306 3059 2371 Μέγιστον
3096 2304 3191 2374 μὲν
3221 2300 3312 2356 οὖν
3336 2342 3352 2367 ,
3392 2305 3486 2356 καὶ
3514 2321 3642 2356 τοσ-

2069 2400 2225 2454 οῦτον
2288 2399 2412 2452 ὅσον
2473 2397 2592 2451 οὐδὲ
2663 2396 2742 2467 τῷ
2790 2394 2935 2464 λόγῳ
2996 2396 3342 2464 παραστῆσαι
3398 2393 3639 2446 δυνατόν.

2082 2488 2207 2542 Ἐπὶ
2233 2487 2330 2559 μὲν
2367 2487 2476 2557 γὰρ
2499 2485 2605 2538 τῶν
2626 2484 2824 2550 ἔξωθεν
2850 2484 3235 2554 δικαστηρίων,
3287 2483 3389 2535 ὅσα
3437 2482 3503 2536 ἂν
3545 2482 3641 2535 δα-

2070 2580 2298 2654 κρύσῃς,
2335 2580 2436 2632 οὐκ
2486 2577 2724 2649 ἐκφεύξῃ
2751 2577 2851 2647 τὴν
2901 2575 3122 2628 κόλασιν
3166 2574 3303 2644 μετὰ
3353 2573 3452 2645 τὴν
3503 2574 3640 2627 ἁπό-

2071 2689 2233 2743 φασιν
2260 2689 2273 2703 ·
2304 2669 2536 2724 ἐνταῦθα
2562 2669 2637 2733 δὲ,
2671 2669 2736 2721 ἂν
2778 2666 3085 2739 στυγνάσῃς
3119 2665 3298 2736 μόνον,
3326 2664 3520 2729 ἔλυσας
3540 2666 3638 2735 τὴν

2068 2765 2269 2835 ψῆφον,
2300 2764 2392 2817 καὶ
2422 2758 2749 2831 συγγνώμης
2807 2758 2921 2832 [98]
2966 2758 3294 2821 ἁπέλαυσας.
3348 2757 3444 2810 Διὰ
3484 2756 3640 2810 τοῦτο

2074 2855 2245 2909 πολλὰ
2277 2854 2405 2926 περὶ
2438 2852 2667 2914 πένθους
2697 2852 2829 2923 ἡμῖν
2865 2853 2893 2903 6
2930 2849 3161 2921 Χριστὸς
3189 2847 3511 2913 διαλέγεται,
3543 2847 3639 2900 καὶ

2071 2945 2364 3018 μακαρίζει
2417 2945 2543 3009 τοὺς
2600 2942 2972 3005 πενθοῦντας,
3035 2940 3131 2994 καὶ
3184 2937 3457 3001 ταλανίζει
3508 2937 3637 3000 τοὺς

2068 3035 2361 3105 γελῶντας.
2392 3033 2467 3087 Οὐ
2494 3033 2603 3103 γάρ
2647 3034 2763 3085 ἐστι
2793 3032 2854 3084 τὸ
2893 3031 3117 3102 θέατρον
3167 3028 3322 3081 τοῦτο
3377 3027 3637 3095 γέλωτος,

2066 3126 2187 3179 οὐδὲ
2206 3126 2295 3179 διὰ
2324 3124 2481 3178 τοῦτο
2508 3122 2861 3194 συνήλθομεν,
2892 3122 2978 3175 ἵνα
3002 3118 3491 3188 ἁνακαγχάζωμεν,
3522 3116 3636 3171 ἀλλ’

2070 3215 2159 3271 [va
2192 3214 2536 3285 στινάζωμεν
2559 3214 2631 3279 ’⁸,
2664 3213 2759 3268 καὶ⁹
2784 3211 3062 3281 βασιλείαν
3109 3211 3175 3263 ἐκ
3200 3209 3294 3263 τοῦ
3335 3206 3636 3277 στεναγμοῦ

2060 3303 2248 3355 τούτου
2296 3304 2810 3375 κληρονομήσωμεν.
2854 3301 2927 3353 Σὺ
2977 3299 3035 3351 δὲ
3087 3299 3298 3367 βασιλεῖ
3347 3301 3447 3371 μὲν
3493 3319 3634 3371 παρ⁶

2060 3390 2253 3456 εστὼς,
2271 3393 2391 3445 οὐδὲ
2421 3392 2606 3456 ἁπλῶς
2638 3391 2913 3461 μειδιᾶσαι
2938 3389 3125 3459 ἀνέχῃο
3154 3390 3245 3442 τὸν
3270 3390 3323 3442 δὲ
3352 3390 3636 3457 τῶνάγγέο

2060 3482 2166 3535 λων
2196 3482 2471 3553 Δεσπότην
2499 3481 2636 3551 έχων
2663 3481 2867 3535 ἐνοικον
2897 3480 2996 3549 οὐχ
3017 3480 3250 3549 ἕστηκας
3276 3480 3413 3549 μετὰ
3432 3480 3634 3550 τρόμου

2062 3573 2157 3628 καὶ
2202 3573 2246 3605 ⁷¹
2287 3573 2639 3645 σωφροσύνης
2686 3571 2789 3640 τῆς
2836 3569 3239 3641 προσηκούσης,
3275 3570 3410 3623 άλλὰ
3445 3570 3633 3640 γελᾷς.

2061 3663 2228 3717 αὐτοῦ
2266 3662 2522 3725 πολλάκις
2559 3660 2912 3734 ὀργιζομένου
2931 3677 2945 3725 ;
2969 3660 3061 3712 καὶ
3082 3661 3180 3713 οὐκ
3200 3662 3400 3723 ἐννοεῖς
3426 3663 3508 3713 ὅτι
3528 3662 3637 3713 τῶν

2063 3754 2472 3826 ἁμαρτημάτων
2494 3753 2666 3823 ταύτῃ
2704 3752 2964 3822 μειζόνως
2983 3751 3308 3823 παροξύνεις
3335 3754 3531 3818 αὐτόν;
3558 3752 3636 3807 Οὐ

2062 3846 2172 3917 γὰρ
2222 3846 2365 3899 οὓτω
2414 3846 2540 3908 τοὺς
2589 3844 3024 3914 ἁμαρτάνοντας,
3071 3842 3146 3907 ὼς
3195 3843 3319 3905 τοὺς
3372 3842 3510 3912 μετὰ
3540 3842 3640 3912 τὴν

2064 3937 2337 4008 ἁμαρτίαν
2368 3936 2442 4006 μὴ
2465 3933 2914 4003 συστελλομένους
2940 3932 3373 4002 ἀποστρέφεσθαι
3398 3932 3584 3984 εἴωθεν
3612 3934 3641 3984 6

2065 4029 2215 4091 Θεός.
2253 4027 2391 4080 Ἀλλ’
2424 4028 2572 4096 ὅμως
2593 4024 2765 4087 οὕτως
2793 4024 2930 4075 εἰσὶν
2959 4021 3299 4092 ἀναισθήτως
3330 4023 3474 4083 τινὲς
3521 4022 3641 4074 δια-

2066 4120 2332 4189 κείμενοι,
2360 4118 2435 4181 ὼς
2458 4116 2552 4169 καὶ
2588 4114 2727 4185 μετὰ
2751 4113 2924 4167 ταῦτα
2949 4113 3017 4166 τὰ
3045 4113 3265 4183 ῥήματα
3285 4113 3463 4179 λέγειν
3479 4126 3492 4139 ’
3516 4112 3642 4181 ἐμοὶ

2066 4213 2123 4266 δὲ
2156 4211 2229 4283 μὴ
2261 4209 2468 4277 γένοιτο
2514 4205 2778 4277 δακρῦσαί
2829 4222 2994 4267 ποτε,
3037 4203 3175 4257 άλλὰ
3206 4203 3317 4273 δῴη
3353 4220 3441 4273 μοι
3473 4202 3641 4274 γελᾷν

2068 4303 2162 4356 καὶ
2189 4300 2402 4363 παίζειν
2426 4302 2454 4353 6
2481 4297 2614 4361 Θεὸς
2643 4298 2820 4351 πάντα
2846 4297 2937 4350 τὸν
2966 4295 3175 4366 χρόνον.
3209 4296 3320 4349 Καὶ
3348 4294 3401 4347 τί
3433 4293 3641 4364 ταύτης

2068 4396 2166 4463 τῆς
2195 4390 2431 4453 διανοίας
2460 4387 2849 4459 παιδικώτερον
2878 4388 3071 4456 γένοιτ’
3102 4388 3197 4453 άν;
3238 4389 3300 4440 οὐ
3332 4388 3440 4459 γὰρ
3460 4390 3488 4442 ὁ
3512 4387 3643 4451 Θεὸς

2071 4484 2251 4536 δίδωσι
2309 4481 2543 4545 παίζειν,
2593 4480 2706 4533 ἁλλ’
2734 4482 2763 4532 ὁ
2799 4479 3061 4543 διάϐολος.
3101 4481 3363 4533 Ἄκουσον
3410 4479 3560 4548 γοῦν,
3594 4480 3642 4531 οί

2070 4575 2354 4639 παίζοντες
2402 4573 2454 4625 τί
2514 4572 2746 4625 ἔπαθον·
2799 4571 3108 4636 Ἐκάθισε,
3167 4573 3351 4642 φησὶν,
3402 4574 3435 4624 ό
3495 4571 3645 4635 λαὸς

2070 4665 2283 4734 φαγεῖν
2313 4664 2411 4719 καὶ
2433 4662 2610 4725 πιεῖν,
2646 4661 2745 4716 καὶ
2770 4660 3121 4728 ἀνέστησαν
3141 4661 3385 4721 παίζειν.
3404 4660 3645 4714 Τοιοῦτοι

2069 4753 2207 4827 ἦσαν
2245 4758 2293 4809 οί
2335 4756 2391 4808 ὲν
2420 4754 2691 4826 Σοδόμοις,
2739 4753 2969 4806 τοιοῦτοι
3018 4754 3067 4806 οί
3122 4754 3215 4806 ἐπὶ
3246 4753 3340 4806 τοῦ
3371 4752 3646 4807 κατακλυ-

2074 4849 2230 4918 σμοῦ.
2288 4847 2398 4901 Kal
2438 4848 2546 4918 γὰρ
2594 4848 2688 4900 καὶ
2743 4846 2872 4914 περὶ
2915 4846 3139 4898 ἐκείνων
3187 4846 3369 4915 φησὶν,
3398 4845 3529 4899 Ὅτι
3578 4845 3649 4897 ἐν

2074 4940 2470 5008 ὑπερηφανίᾳ,
2502 4937 2600 4991 καὶ
2630 4938 2701 4990 ἐν
2732 4936 3055 5002 εὐθηνίαις,
3089 4935 3186 4989 καὶ
3217 4936 3288 4989 ἐν
3323 4932 3650 5005 πλησμονῇ

2075 5031 2268 5099 ἄρτων
2302 5029 2677 5082 ἐσπατάλων.
2711 5027 2818 5080 Kal
2850 5027 2898 5079 οἱ
2924 5027 3065 5081 κατὰ
3105 5026 3196 5080 τὸν
3222 5027 3345 5086 Νῶε
3379 5028 3529 5089 ὄντες
3554 5025 3651 5094 τὴν

2080 5122 2310 5177 κιϐωτὸν
2337 5121 2431 5173 ἐπὶ
2459 5119 2731 5182 τοσούτοις
2752 5120 2798 5149 τ’
2827 5118 3058 5188 ὁρῶντες
3104 5117 3652 5187 κατασκευαζομένην

2082 5212 2603 5282 ἔτεσιν,ἀναλγήτως
2626 5208 2992 5279 εὐφραίνοντο,
3027 5210 3190 5280 μηδὲν
3214 5210 3324 5263 τῶν
3350 5208 3651 5279 μελλόντων

2086 5300 2479 5373 προορώμενοι.
2515 5299 2612 5352 Διὰ
2660 5297 2817 5353 τοῦτο
2870 5300 2964 5352 καὶ
3006 5299 3211 5362 πάντας
3255 5298 3449 5359 αὐτοὺς
3495 5294 3653 5347 ἐπελ-

2081 5392 2189 5446 θὼν
2230 5392 2537 5462 παρέσυρεν
2584 5392 2613 5444 ὁ
2656 5391 3056 5462 κατακλυσμὸς,
3093 5390 3188 5442 καὶ
3226 5389 3289 5442 τὸ
3331 5386 3508 5439 κοινὸν
3554 5385 3654 5455 τῆς

2080 5483 2400 5553 οἰκουμένης
2428 5483 2683 5550 ναυάγιον
2712 5482 2834 5536 τότε
2866 5482 3179 5555 εἰργάσατο.

2154 5574 2221 5640 ζ’.
2259 5573 2352 5644 Μὴ
2377 5574 2554 5628 τοίνυν
2582 5572 2723 5627 αῖτει
2751 5572 2901 5644 παρὰ
2927 5571 3022 5624 τοῦ
3049 5566 3185 5624 Θεοῦ
3209 5566 3405 5632 ταῦτα,
3437 5564 3474 5620 ἃ
3504 5565 3656 5639 παρὰ

3286 5693 3443 5765 ἡμῶν
3464 5695 3650 5754 iidem.

404 5767 448 5799 “
480 5762 698 5836 ἁγαθὰῙ
716 5762 794 5836 τά
806 5765 987 5836 ἀγαθά
1139 5766 1193 5836 _‘”
1220 5763 1339 5836 καὶ]
1357 5766 1415 5818 ἐν
1440 5763 1565 5836 Sav.
1591 5762 1720 5836 Βόῃ.
1744 5763 1973 5836 Λῗ¹οὐδε

2077 5764 2235 5836 τοῦτο
2256 5762 2431 5836 οὐδεῖς
2459 5765 2520 5836 ί).
2546 5764 2606 5818 Ε.
2623 5765 2798 5836 οὐδεὶς
2819 5763 2976 5836 τοῦτο
3004 5763 3064 5819 F.
3107 5762 3123 5764 “
3141 5764 3188 5836 “_
3210 5762 3359 5836 οὐτε]
3382 5765 3516 5821 Edd.
3535 5765 3656 5836 οὐδὲ

402 5843 465 5907 ει
486 5829 609 5907 mox
626 5829 771 5907 περὶ
793 5829 1118 5907 αὐτοῦίίιρο
1134 5834 1219 5907 fj‘.)
1242 5829 1585 5907 vid._Adnot.
1660 5831 1706 5864 “
1734 5832 1893 5907 ἀλλά]
1920 5834 1973 5888 ἁ)

2072 5835 2107 5907 ἢκ
2130 5833 2206 5907 ιτ,
2271 5835 2316 5907 ⁸]
2344 5834 2710 5907 παρίστασθαι
2737 5831 2804 5907 F1
2867 5831 2911 5864 “
2940 5829 3018 5907 ὧν
3040 5829 3378 5907 orp.A:B.C.
3403 5902 3413 5907 Α
3452 5836 3496 5867 ⁸⁷
3528 5832 3652 5907 μου]

406 5905 529 5960 add.
560 5902 654 5957 106
686 5898 743 5957 ὲν
770 5904 1016 5974 οὐρανοῖς
1046 5898 1211 5958 ΕΜ(
1284 5906 1328 5937 ⁶⁸
1351 5898 1426 5959 ὧν
1454 5920 1562 5960 om.
1598 5907 1661 5959 Α.

1761 5907 1805 5939 ⁶⁹
1835 5897 1910 5960 ὧν
1942 5918 2051 5959 om.
2080 5897 2148 5957 Ἀ.
2177 5905 2235 5959 Β.
2270 5904 2329 5960 C.
2363 5897 2427 5958 Ι).

407 5974 517 6038 καῖἲ
544 5974 758 6038 τρέμων
792 5972 886 6031 καὶ
918 5975 1052 6036 μετὰ
1079 5975 1278 6034 τρόμου
1310 5975 1474 6033 ΕιΙιΗ
1509 5975 1673 6032 φόϐου
1704 5972 1767 6032 F.
1844 5977 1886 6010 ⁷³
1921 5973 2010 6030 ἐπὶ
2042 5973 2331 6032 τοσούτοις.
2362 6016 2374 6028 .
2402 6014 2412 6027 .

2525 5904 2571 5935 ⁷⁸
2612 5900 2954 5973 στενάξωμεν
2987 5904 3045 5958 Β.
3070 5904 3134 5958 C.
3209 5904 3253 5936 ⁷⁸
3291 5900 3652 5973 μετά-τρόμου

2450 5970 2645 6028 ἔτεσιν]
2672 5971 2763 6026 ἐπὶ
2798 5970 3132 6026 τοσοῦτον...
3162 5970 3347 6024 νοόνον
3377 5970 3511 6024 Edd.
