4060 6156
372 281 433 336 ἸΙ
1072 285 1130 341 S.
1165 286 1446 344 JOANNIS
1482 287 1568 343 CH
1578 285 1946 343 ΙίΫίίΟὸἸῸΜΞ

2048 289 2316 346 RCIIIEP.
2355 285 2896 344 CONSTANTINOP.
3546 296 3614 352 72

375 393 472 446 τοῦ
502 392 752 447 διαϐόλου
786 393 1107 464 λαμϐάνεις.
1135 394 1242 448 Τοῦ
1273 395 1384 466 γὰρ
1404 393 1561 458 Θεοῦ,
1593 393 1778 448 δοῦναι
1805 409 1941 463 καρ-

375 476 495 530 δίαν
513 479 986 546 συντετριμμένην
1001 479 1095 532 καὶ
1119 479 1617 549 τεταπεινωμένην,
1641 479 1940 548 νήφουσαν,

377 558 767 628 σωφρονοῦσαν
810 560 901 614 καὶ
933 563 1400 632 κατεσταλμένην,
1444 557 1819 631 μετανοοῦσαν
1845 562 1944 614 καὶ

375 642 880 712 κατανενυγμένην.
916 645 1103 698 Ταῦτα
1144 645 1355 697 ἐκείνου
1412 645 1481 697 τά
1521 643 1672 714 δῶρα
1699 683 1713 706 ,
1757 643 1942 712 ἐπειδὴ

375 726 471 778 καὶ
501 726 690 779 τούτου
717 727 847 795 ἡμῖν
888 727 1048 797 χρεία
1083 727 1196 798 [99]
1231 728 1493 797 μάλιστα.
1526 727 1638 780 Καὶ
1661 727 1769 796 γὰρ
1792 726 1941 794 ἀγὼν

375 809 646 875 ἐφέστηκε
669 809 926 876 χαλεπὸς,
947 810 1042 860 καὶ
1065 809 1199 878 πρὸς
1221 811 1321 872 τὰς
1349 810 1616 878 ἀοράτους
1636 811 1770 879 ἡμῖν
1792 808 1944 861 δυνά-

378 909 501 961 μεις
543 896 574 962 ἡ
608 893 774 961 πάλη,
813 894 950 962 πρὸς
991 893 1059 946 τά
1096 896 1450 970 πνευματικά
1480 895 1576 964 τῆς
1617 893 1881 964 πονηρίας
1906 896 1941 963 ἡ

379 977 548 1046 μάχη,
569 980 704 1050 πρὸς
727 978 826 1040 τὰς
846 977 1042 1048 ἀρχὰς,
1066 978 1203 1046 πρὸς
1225 978 1326 1052 τὰς
1349 978 1600 1044 ἐξουσίας
1623 978 1651 1030 ὁ
1678 978 1910 1046 πόλεμος
1925 993 1942 1010 ⁸

376 1064 470 1115 καὶ
505 1061 786 1132 ἀγαπητὸν
822 1061 1222 1125 σπουδάζοντας
1251 1064 1400 1132 ἡμᾶς
1430 1063 1525 1115 καὶ
1552 1064 1822 1132 νήφοντας
1850 1062 1944 1114 καὶ

374 1145 836 1216 διεγηγερμένους
863 1183 878 1207 ,
917 1144 1216 1214 δυνηθῆναι
1265 1145 1382 1216 τὴν,
1407 1145 1611 1214 ἀγρίαν
1660 1145 1878 1213 ἐκείνην
1897 1144 1944 1176 ’⁸

375 1227 635 1295 φάλαγγα
654 1223 920 1294 ἐνεγκεῖν.
940 1227 1039 1279 “Av
1061 1227 1117 1279 δὲ
1137 1227 1386 1298 γελῶμεν
1410 1229 1504 1280 καὶ
1526 1226 1831 1296 παίζωμεν,
1849 1224 1944 1278 καὶ

372 1309 664 1372 διαπαντὸς
696 1309 1052 1380 ρᾳθυμῶμεν,
1091 1310 1186 1362 καὶ
1226 1312 1333 1380 πρὸ
1379 1310 1483 1378 τῆς
1517 1308 1797 1384 συμϐολῆς
1840 1309 1948 1360 ὑπὸ

372 1392 472 1461 τῆς
517 1393 728 1455 οίκείας
781 1391 1245 1462 καταπεσούμεθα
1291 1392 1584 1462 ῥᾳθυμίας.
1639 1390 1718 1446 Οὐ
1766 1391 1944 1445 τοίνυν

373 1475 646 1546 ἡμέτερον
690 1475 751 1528 τὸ
784 1475 950 1546 γελᾷν
1004 1475 1272 1546 διηνεκῶς
1328 1477 1422 1528 καὶ
1455 1474 1794 1542 Θρύπτεσθαι
1850 1473 1946 1527 καὶ

373 1560 607 1628 τρυφᾷν,
639 1557 780 1610 ἀλλὰ
810 1553 918 1610 τῶν
964 1558 1062 1610 ἐπὶ
1108 1558 1338 1626 σκηνῆς,
1389 1559 1497 1610 τῶν
1537 1559 1946 1628 πορνευομένων

374 1644 670 1713 γυναικῶν,
702 1644 812 1697 τῶν
842 1647 920 1707 είς
947 1645 1107 1696 τοῦτο
1140 1643 1493 1714 ἐξυρημένων
1511 1644 1556 1674 ⁷⁸
1581 1643 1813 1714 ἀνδρῶν,
1837 1640 1948 1694 τῶν

375 1729 720 1798 παρασίτων,
751 1727 861 1780 τῶν
892 1727 1143 1780 κολάκων
1164 1744 1178 1759 '
1217 1729 1278 1780 οὑ
1321 1727 1429 1779 τῶν
1460 1727 1554 1779 ἐπὶ
1597 1727 1688 1780 τὸν
1719 1727 1948 1797 οὐρανὸν

374 1809 753 1881 κεκλημένων,
776 1811 836 1862 ού
865 1807 974 1862 τῶν
1013 1811 1093 1872 είς
1117 1809 1217 1878 τὴν
1238 1808 1352 1862 ἄνω
1374 1809 1527 1862 πόλιν
1559 1809 1948 1880 ἐγγεγραμμέ-

377 1913 508 1956 νων,
537 1897 595 1947 οὑ
641 1895 750 1947 τῶν
779 1893 919 1946 ὅπλα
962 1892 1341 1964 βασταζόντων
1390 1894 1743 1964 πνευματικά
1762 1934 1777 1958 ,
1809 1893 1949 1946 ἀλλὰ

373 1978 483 2030 τῶν
515 1979 594 2048 τῷ
655 1977 889 2047 διαϐόλῳ
931 1975 1298 2046 τελουμένων.
1339 1976 1578 2039 Ἐκεῖνος
1619 1977 1729 2046 γάρ
1775 1977 1944 2038 ἐστιν,

374 2062 602 2122 ἐκεῖνος,
631 2061 660 2113 ὁ
705 2060 800 2113 καὶ
836 2058 1033 2129 τέχνην
1059 2060 1118 2112 τὸ
1142 2059 1378 2128 πρᾶγμα
1408 2058 1672 2127 ποιήσας,
1705 2058 1792 2110 ἵνα
1820 2058 1948 2118 τοὺς

375 2142 714 2214 στρατιώτας
741 2143 947 2216 ἐκλύσῃ
964 2141 1009 2173 ⁷⁸
1030 2141 1128 2194 τοῦ
1155 2137 1418 2214 Χριστοῦ,
1449 2142 1546 2195 καὶ
1580 2139 1948 2211 μαλακώτερα

373 2225 553 2279 αὐτῶν
581 2227 783 2296 ποιήσῃ
819 2229 919 2295 τῆς
963 2224 1278 2296 προθυμίας
1319 2223 1388 2277 τὰ
1417 2223 1607 2294 νεῦρα,
1651 2225 1750 2277 Διά
1788 2223 1952 2276 τοῦτο

374 2309 471 2362 καὶ
504 2308 709 2378 θέατρα
753 2307 1108 2378 ᾠκοδόμησεν
1151 2308 1209 2359 ἐν
1252 2308 1372 2369 ταῖς
1423 2307 1638 2370 πόλεσι,
1682 2307 1776 2360 καὶ
1819 2307 1948 2370 τοὺς

373 2391 774 2460 γελωτοποιοὺς
800 2391 1046 2453 ἐκείνους
1075 2391 1343 2460 ἀσκήσας,
1365 2389 1452 2443 διά
1471 2390 1570 2459 τῆς
1598 2392 1824 2444 ἐκείνων
1850 2390 1948 2442 λύ-

379 2491 489 2546 μης
529 2475 672 2528 κατά
711 2476 811 2544 τῆς
846 2473 1060 2535 πόλεως
1099 2473 1320 2542 ἀπάσης
1353 2473 1443 2525 τὸν
1471 2472 1714 2526 τοιοῦτον
1751 2474 1948 2544 ἐνσκή-

375 2573 500 2611 πτει
513 2559 560 2589 ⁷³
575 2557 780 2626 λοιμόν·
802 2555 839 2622 ἃ,
861 2554 1082 2623 φεύγειν
1097 2557 1124 2608 ὁ
1138 2555 1347 2618 Παῦλος
1362 2555 1639 2621 ἐκέλευσε,
1651 2555 1750 2626 τὴν
1773 2575 1951 2627 μωρο-

374 2639 562 2708 λογίαν
594 2641 687 2692 καὶ
701 2641 802 2708 τὴν
825 2639 1188 2710 εὐτραπελίαν
1205 2637 1272 2702 ⁷⁷,
1292 2639 1463 2693 ταῦτα
1483 2639 1696 2694 διώκειν
1720 2641 1949 2693 ἀναπεί-

377 2724 509 2776 θων.
538 2725 650 2776 Καὶ
673 2722 735 2775 τὸ
764 2723 830 2793 δὴ
858 2721 1243 2792 χαλεπώτερον
1273 2721 1478 2776 τούτων
1508 2724 1542 2792 ἡ
1587 2721 1681 2774 τοῦ
1712 2722 1951 2790 γέλωτάς

376 2809 523 2859 ἐστιν
550 2805 828 2868 ὑπόθεσις.
851 2807 1019 2856 Ὅταν
1051 2807 1146 2874 μὲν
1170 2806 1280 2875 γὰρ
1306 2805 1624 2875 βλάσφημόν
1645 2823 1698 2859 τι
1723 2808 1948 2861 εἴπωσιν

375 2880 408 2953 ἢ
440 2883 666 2955 αἰσχρὸν
687 2885 737 2935 οί
777 2885 935 2952 μῖμοι
960 2882 1068 2936 τῶν
1091 2883 1316 2951 γελοίων
1347 2883 1592 2943 ἐκείνων,
1613 2882 1736 2936 τότε
1765 2884 1950 2938 πολλοὶ

374 2971 484 3026 τῶν
513 2968 888 3041 ἀνοητοτέρων
937 2968 1136 3036 γελῶσι
1185 2969 1278 3022 καὶ
1312 2969 1627 3038 τέρπονται,
1683 2969 1824 3039 ὑπὲρ
1875 2961 1952 3022 ὧν

376 3055 574 3118 αὐτοὺς
603 3053 844 3118 λιθάζειν
868 3053 1058 3124 ἐχρῆν,
1100 3053 1239 3122 ὑπὲρ
1261 3050 1466 3104 τούτων
1489 3050 1831 3120 κροτοῦντες,
1855 3053 1951 3105 καὶ

376 3139 476 3210 τὴν
509 3139 738 3209 κάμινον
767 3135 862 3190 τοῦ
897 3136 1069 3207 πυρὸς
1098 3136 1186 3188 διά
1217 3136 1317 3203 τῆς
1349 3128 1543 3203 ἡδονῆς
1577 3133 1781 3204 ταύτης
1809 3135 1952 3188 κατά

376 3225 475 3293 τῆς
503 3220 717 3275 ἑαυτῶν
768 3219 1022 3281 ἕλκοντες
1050 3217 1314 3288 κεφαλῆς.
1349 3219 1414 3271 Οἱ
1451 3216 1558 3288 γὰρ
1600 3217 1948 3283 ἐπαινοῦντες

375 3305 503 3366 τοὺς
528 3303 706 3356 ταῦτα
729 3302 774 3334 ⁷⁸
794 3301 1074 3370 λέγοντας,
1099 3293 1245 3355 οὗτοι
1268 3300 1506 3370 μάλιστά
1535 3303 1672 3354 εἰσιν
1699 3301 1746 3353 οἱ
1773 3299 1952 3370 λέγειν

376 3385 765 3448 ἀναπείθοντες
784 3403 800 3417 ο
824 3385 906 3438 διὸ
932 3385 1028 3439 καὶ
1058 3384 1158 3454 τῆς
1186 3382 1468 3446 κολάσεως
1485 3384 1583 3454 τῆς
1617 3384 1713 3436 ἐπὶ
1736 3384 1951 3449 τούτοις

376 3472 640 3543 κειμένης
669 3471 1009 3541 δικαιότερον
1045 3469 1112 3524 ἂν
1140 3464 1251 3524 εἷεν
1271 3469 1317 3501 τ’
1346 3467 1665 3522 ὑπεύθυνοι.
1704 3467 1855 3540 [100]
1888 3471 1951 3524 El

376 3558 486 3624 γὰρ
515 3555 705 3623 μηδεὶς
724 3549 792 3624 ῆν
821 3553 849 3603 ὁ
873 3553 942 3604 τά
959 3551 1187 3606 τοιαῦτα
1208 3551 1502 3621 θεώμενος,
1521 3549 1629 3603 οὐδ’
1658 3551 1724 3605 ἂν
1753 3554 1781 3604 ό
1803 3554 1952 3620 ἀγω-

376 3638 657 3706 νιζόμενος
689 3631 756 3705 ῆν
776 3653 790 3667 ο
823 3636 952 3687 ὅταν
981 3634 1041 3686 δὲ
1095 3633 1278 3686 ἴδωσιν
1315 3634 1459 3702 ὑμᾶς
1486 3633 1580 3684 καὶ
1607 3634 1949 3705 ἐργαστήρια

376 3719 472 3772 καὶ
502 3719 700 3788 τέχνας
741 3719 834 3769 καὶ
865 3717 963 3786 τὴν
991 3718 1056 3767 ἐκ
1091 3714 1298 3767 τούτων
1331 3713 1614 3784 πρόσοδον,
1644 3715 1736 3766 καὶ
1769 3715 1949 3771 πάντα

377 3800 564 3863 ἁπλῶς
606 3801 745 3869 ὑπὲρ
782 3799 884 3867 τῆς
931 3800 1048 3851 ἐκεῖ
1087 3794 1372 3867 διατριϐῆς
1423 3796 1681 3864 ἀφέντας,
1723 3797 1949 3867 μείζονα

374 3883 621 3953 δέχονται
667 3883 768 3953 τὴν
803 3879 1146 3952 προθυμίαν,
1202 3881 1296 3932 καὶ
1349 3877 1570 3932 πλείονα
1613 3881 1740 3951 περὶ
1774 3881 1948 3936 ταῦτα

376 3965 658 4019 ποιοῦνται
691 3965 953 4035 σπουδήν.
987 3963 1098 4017 Καὶ
1125 3959 1298 4017 ταῦτα
1327 3962 1427 4013 οὑκ
1481 3960 1725 4026 ἐκείνους
1773 3965 1949 4019 ἀπαλε-

377 4049 587 4104 λάττων
604 4049 966 4119 ἐγκλημάτων
990 4045 1155 4114 λέγω,
1178 4045 1292 4098 ἀλλ’
1323 4045 1411 4097 ἵνα
1431 4045 1589 4114 ὑμεῖς
1613 4045 1845 4118 μάθητε,
1865 4049 1946 4102 ὅτι

374 4133 473 4204 τὴν
507 4133 682 4204 ἀρχὴν
711 4133 807 4187 καὶ
837 4132 938 4204 τὴν
968 4129 1123 4201 ῥίζαν
1153 4131 1253 4200 τῆς
1299 4129 1556 4200 τοιαύτης
1598 4132 1948 4202 παρανομίας

375 4219 530 4289 ὑμεῖς
565 4218 800 4288 μάλιστά
830 4218 953 4269 ἐστε
989 4217 1041 4268 οι
1098 4214 1454 4283 παρέχοντες,
1494 4215 1545 4266 οί
1586 4214 1687 4284 τὴν
1731 4216 1948 4288 ἡμέραν

373 4303 594 4357 ἃπασαν
625 4303 706 4364 είς
737 4300 914 4354 ταῦτα
939 4297 1432 4361 καταναλίσκοντες
1457 4297 1526 4362 ⁸ο,
1561 4297 1744 4351 καὶτὰ
1773 4301 1949 4370 σεμνά

371 4384 467 4437 τοῦ
479 4384 661 4453 γάμου
675 4383 983 4453 πράγματα
994 4379 1402 4450 ἐκπομπεύοντε
1409 4395 1454 4441 ς,
1469 4379 1565 4431 καὶ
1573 4379 1636 4431 τὸ
1649 4383 1948 4452 μυστήριον

371 4467 433 4521 τὸ
453 4467 597 4536 μέγα
623 4464 893 4534 παραδειγ
903 4463 1240 4533 ματίζοντες.
1261 4459 1395 4514 Οὐδὲ
1409 4461 1518 4531 γὰρ
1547 4459 1721 4524 οὕτως
1742 4464 1946 4528 ἐκεῖνος

371 4550 402 4601 ό
439 4549 614 4601 ταῦτα
643 4544 1074 4616 ὐποκρινόμενός
1104 4546 1251 4596 ἐστιν
1278 4544 1306 4595 ὁ
1338 4541 1702 4612 πλημμελῶν,
1734 4544 1810 4607 ὡς
1841 4546 1948 4616 πρὸ

373 4630 585 4684 ἐκείνου
622 4630 710 4694 σὺ,
753 4631 782 4683 ό
811 4627 986 4683 ταῦτα
1017 4625 1258 4680 κελεύων
1308 4627 1513 4678 ποιεῖν’
1554 4623 1758 4692 μᾶλλον
1799 4625 1855 4679 δὲ
1883 4628 1945 4680 ού

373 4714 612 4768 κελεύων
645 4714 831 4784 μόνον,
855 4710 993 4766 ἀλλά
1028 4710 1123 4764 καὶ
1154 4704 1492 4772 σπουδάζων,
1533 4707 1628 4759 καὶ
1662 4707 1945 4778 εὐφραινό-

373 4813 556 4868 μενος,
588 4798 680 4849 καὶ
727 4795 926 4864 γελῶν,
963 4794 1059 4848 καὶ
1109 4789 1349 4845 ἐπαινῶν
1402 4789 1470 4844 τὰ
1521 4788 1802 4859 γινόμενα,
1852 4793 1945 4846 καὶ

373 4867 538 4933 παντὶ
563 4878 748 4949 τρόπῳ
773 4877 1090 4948 συγκροτῶν
1118 4875 1189 4928 τὰ
1218 4867 1445 4926 τοιαῦτα
1475 4872 1813 4943 ἐργαστήρια
1828 4873 1945 4928 τῶν

371 4959 660 5030 δαιμόνων.
687 4961 866 5023 Ιιοίοις
892 4957 985 5012 οὖν
1017 4956 1336 5028 ὀφθαλμοῖς,
1360 4953 1480 5006 είπέ
1507 4971 1616 5023 μοι,
1641 4953 1825 5007 λοιπὸν
1843 4957 1944 5026 τὴν

370 5045 604 5110 γυναῖκα
628 5043 722 5096 ἐπὶ
743 5043 840 5113 τῆς
859 5042 1037 5105 οἰκίας
1060 5040 1202 5110 ὄψει,
1229 5037 1356 5092 ίδὼν
1379 5036 1551 5108 αὐτὴν
1577 5038 1943 5111 ὑϐριζομένην

368 5127 518 5192 iacet;
555 5125 680 5190 Πῶς
705 5127 762 5180 δὲ
808 5127 910 5180 οὐκ
957 5123 1218 5196 ἐρυθριᾷς
1257 5123 1809 5192 ἀναμιμνησκόμενος
1841 5124 1943 5194 τῆς

368 5212 648 5277 συνοίκου,
679 5212 841 5282 ἡνίκα
869 5210 936 5264 ἂν
971 5208 1070 5280 τὴν
1097 5207 1264 5277 φύσιν
1299 5205 1468 5277 αὐτὴν
1507 5207 1940 5278 παραδειγματι-

367 5293 604 5367 ζομένην
638 5295 751 5366 ἴδῃς
776 5312 790 5360 ;

441 5495 484 5528 ⁷³
505 5496 728 5550 ἐκείνων
763 5495 897 5550 Edd.

364 5581 510 5642 (ξοην.
548 5565 612 5620 D.
643 5566 877 5642 ἐλκλύσῃ
903 5568 1026 5642 (είς)
1136 5561 1374 5642 ἰίρὁίίιει
1408 5561 1560 5642 A:rm.
1586 5567 1748 5642 y_u_lgo
1780 5561 1946 5642 ἐλκύεξ

2102 5561 2149 5642 Τ
2162 5561 2484 5642 ἔνσνξήτῑτίι]
2517 5561 2717 5642 Eme?)
2742 5561 2753 5642 3

1825 5632 1870 5662 7"
1900 5625 2047 5698 εἷεν]
2072 5627 2197 5683 add.
2232 5625 2388 5682 αὐτοὶ
2417 5625 2484 5682 ΑΖ
2517 5625 2580 5682 Β.
2614 5625 2707 5698 ςεοί
2730 5628 3112 5698 ἀναλίσκοντες
3149 5626 3282 5679 Edd.

768 5707 813 5738 ⁸⁸
835 5705 947 5775 καὶ]
970 5707 1086 5779 ούδέ
1120 5697 1188 5762 Ε]
1212 5707 1252 5762 F
1367 5707 1412 5741 ⁸³
1445 5704 1624 5779 σῶμα]
1653 5708 1711 5757 τδ
1735 5698 1893 5767 σῶμα
1933 5698 1996 5755 D.

363 5635 491 5690 add.
537 5637 681 5703 φτμ“ι
712 5625 877 5691 Ειίιί.”
908 5625 969 5668 ’⁷⁸
995 5625 1188 5708 ταῦτα]
1223 5638 1290 5692 τὰ
1326 5640 1550 5692 τοιαῦτα
1589 5625 1726 5688 Ειίίί.

366 5722 502 5756 um
532 5671 668 5756 ποία.
768 5707 813 5738 ει
835 5705 947 5756 καὶ]
970 5707 1086 5756 οὑδὲ
1120 5709 1177 5756 ιζ.
1212 5707 1252 5756 F
1367 5707 1412 5741 ει
1445 5704 1624 5756 σῶμα]
1653 5708 1711 5756 τδ

366 5722 502 5773 μενα
532 5707 668 5758 Edd.
768 5707 813 5738 ⁸⁸
835 5707 947 5775 καί]
970 5707 1086 5759 οὐδὲ
1120 5710 1134 5762 I

361 5774 479 5840 νίας
572 5773 618 5808 ⁸³
648 5776 705 5831 τὸ
736 5779 976 5847 κρεῖττον
1003 5778 1134 5833 Edd.

1021 5496 1067 5528 ⁷⁸
1093 5495 1463 5568 ἐξυρημένων]
1494 5497 1584 5552 Sic
1709 5490 1982 5568 F.__Vu!go
2017 5489 2415 5568 ἐξευρημένων.
2603 5487 2788 5568 πριιιιοξε

2108 403 2180 464 η’.
2208 396 2300 468 Μὴ
2328 399 2436 467 γάρ
2467 416 2559 467 μοι
2575 398 2736 452 τοῦτο
2764 399 2947 472 εἴπης,
2968 401 3050 455 ὅτι
3079 401 3370 474 ὑπόκρισίς
3397 405 3512 462 ἐστι
3544 413 3613 465 τά

2039 481 2333 552 γινόμενα·
2364 484 2398 553 ὴ
2424 483 2532 552 γάρ
2563 484 2854 554 ὑπόκρισις
2881 483 3018 554 αὕτη
3051 487 3285 550 πολλοὺς
3316 490 3615 559 εἰργάσατο

2044 566 2285 635 μοιχοὺς,
2311 565 2407 620 καὶ
2433 566 2634 629 πολλὰς
2655 567 2957 636 ἀνέτρεψεν
2981 568 3183 630 οίκίας.
3211 571 3324 624 Καὶ
3346 573 3436 626 διὰ
3455 575 3616 630 τοῦτο

2045 648 2278 716 μάλιστα
2308 648 2513 712 στένω,
2561 649 2645 702 ὄτι
2701 649 2826 702 οὐδὲ
2881 649 3032 702 δοκεῖ
3073 651 3310 722 πονηρὸν
3362 650 3503 708 εἶναι
3556 659 3618 711 τὸ

2041 730 2344 799 γινόμενον,
2394 731 2530 784 ἀλλά
2559 731 2656 784 καὶ
2701 731 2886 800 κρότοι
2918 732 3011 784 καὶ
3055 733 3270 806 κραυγὴ
3304 737 3400 789 καὶ
3444 740 3618 806 γέλως

2041 815 2232 877 πολὺς,
2281 814 2528 884 μοιχείας
2558 815 2919 886 τολμωμένης
2964 819 3257 889 τοσαύτης.
3298 819 3363 871 Τί
3395 820 3616 891 λέγεις;

2053 893 2371 966 ’Υπόκρισις
2409 897 2477 948 τὰ
2516 898 2776 966 γινόμενα
2794 898 2872 962 8|;
2905 899 2985 949 Δι’
3016 900 3147 952 αὑτὸ
3194 901 3293 970 μὲν
3324 898 3418 956 οὖν
3461 905 3620 958 τοῦτο

2046 982 2256 1050 μυρίων
2286 979 2353 1034 ἂν
2381 976 2490 1033 εἷεν
2524 983 2726 1034 ἐκεῖνοι
2750 980 2997 1035 θανάτων
3027 983 3189 1049 ἄξιοι,
3217 984 3299 1039 ὅτι
3333 985 3368 1039 ἀ
3395 987 3619 1056 φεύγειν

2041 1065 2094 1116 οἱ
2112 1063 2267 1132 νόμοι
2290 1062 2605 1116 κελεύουσιν
2633 1064 2892 1126 ἀπαντες,
2911 1064 3086 1118 ταῦτα
3117 1069 3402 1136 μιμεῖσθαι
3431 1072 3620 1125 ἐσπου-
3716 1095 3718 1097 ν

2042 1145 2273 1199 δάκασιν
2295 1146 2518 1198 ἐκεῖνοι.
2549 1146 2614 1198 El
2643 1145 2750 1217 γὰρ
2782 1147 2916 1200 αὐτὸ
2953 1149 3148 1213 κακὸν,
3181 1150 3278 1204 καὶ
3315 1153 3348 1222 ἠ
3385 1153 3621 1225 μίμησις

2042 1227 2235 1280 τούτου
2266 1227 2456 1280 κακόν.
2491 1229 2605 1281 Καὶ
2653 1226 2810 1281 οὔπω
2841 1227 3005 1296 λέγω,
3044 1231 3247 1296 πόσους
3289 1235 3620 1303 ἐργάζονται

2047 1310 2270 1378 μοιχοὺς
2299 1311 2348 1361 οί
2392 1308 2463 1362 τὰ
2501 1309 2728 1362 τοιαῦτα
2758 1310 2860 1372 τῆς
2910 1313 3158 1382 μοιχείας
3196 1316 3620 1388 ὑποκρινόμενοι

2043 1393 2334 1464 δράματα,
2387 1393 2506 1456 πῶς
2569 1394 2798 1462 ίταμοὺς
2851 1395 2947 1449 καὶ
3001 1397 3392 1467 ἀναισχύντους
3449 1419 3622 1455 καταο

2048 1474 2370 1538 σκευάζουτι
2398 1475 2526 1538 τοὺς
2553 1473 2706 1545 [101]
2734 1475 2842 1528 τῶν
2871 1477 3132 1531 τοιούτων
3166 1480 3435 1551 θεωρούς’
3467 1484 3621 1537 οὐδὲν

2045 1558 2116 1625 γά
2123 1575 2154 1628 ρ
2167 1556 2468 1627 πορνικώτε
2475 1573 2566 1627 ρον
2581 1559 2672 1610 καὶ
2685 1557 2728 1588 ⁹²
2745 1557 2980 1626 ίταμώτε
2991 1577 3080 1627 ρον
3100 1561 3380 1632 ὀφθαλμοῦ
3397 1565 3622 1620 τοιαῦτα

2053 1641 2268 1710 βλέπειν
2292 1639 2642 1709 ἀνεχομένου.
2672 1640 2744 1692 Σὺ
2772 1640 2828 1694 δὲ
2859 1642 2916 1694 ἐν
2944 1642 3118 1712 ἀγορᾷ
3147 1645 3245 1712 μὲν
3267 1647 3366 1700 οὑκ
3392 1647 3458 1701 ἂν
3479 1649 3623 1703 ἕλοιο

2049 1727 2279 1792 γυναῖκα
2305 1723 2690 1794 γυμνουμένην
2719 1725 2867 1790 ἰδεῖν,
2905 1725 3106 1794 μᾶλλον
3136 1728 3192 1780 δὲ
3217 1729 3338 1782 οὐδὲ
3362 1732 3420 1783 ἐν
3447 1733 3618 1803 οίκίᾳ,

2049 1807 2184 1860 ἀλλά
2209 1806 2305 1860 καὶ
2327 1805 2486 1873 ὓϐριν
2514 1806 2575 1859 τὸ
2602 1808 2835 1877 πρᾶγμα
2855 1808 3069 1871 καλεῖς⁹
3099 1811 3192 1863 ἐπὶ
3220 1812 3278 1866 δὲ
3301 1815 3362 1866 τὸ
3392 1815 3620 1886 θέατρον

2047 1893 2378 1955 ἀναϐαίνεις,
2397 1891 2486 1945 ἵνα
2514 1892 2576 1944 τὺ
2604 1892 2785 1945 κοινὸν
2809 1892 2919 1945 τῶν
2942 1894 3154 1963 ἀνδρῶν
3179 1897 3274 1949 καὶ
3301 1896 3410 1950 τῶν
3431 1916 3620 1967 γυναι-
3645 1960 3652 1966 η

2047 1976 2161 2030 κῶν
2217 1975 2506 2047 ἐνυϐρίσῃς
2541 1975 2719 2043 γένος,
2773 1976 2868 2028 καὶ
2921 1977 3051 2040 τοὺς
3104 1977 3302 2032 σαυτοῦ
3358 1982 3621 2053 αἰσχύνῃς

2046 2057 2391 2128 ὀφθαλμούς;
2423 2058 2515 2127 Μὴ
2531 2057 2642 2127 γὰρ
2667 2057 2730 2128 δὴ
2763 2057 2921 2110 τοῦτο
2943 2058 3123 2130 εἴπῃς,
3152 2060 3236 2113 ὅτι
3263 2061 3436 2132 πόρνη
3470 2065 3620 2118 ἐστὶν

2046 2144 2078 2213 ἡ
2102 2141 2476 2212 γυμνουμένη,
2511 2141 2625 2194 ἀλλ’
2652 2141 2734 2194 ὅτι
2763 2141 2796 2212 ή
2832 2141 2968 2210 αὑτὴ
3000 2143 3162 2210 φύσις
3196 2145 3290 2196 καὶ
3320 2145 3482 2215 σῶμα
3495 2146 3542 2178 ⁸³
3561 2147 3623 2201 τὸ

2047 2226 2180 2278 αὐτὸ
2201 2226 2295 2279 καὶ
2317 2225 2416 2295 τῆς
2440 2225 2644 2295 πόρνης
2674 2224 2769 2278 καὶ
2795 2225 2891 2294 τῆς
2914 2225 3226 2295 ἐλευθέρας.
3249 2228 3311 2280 Εί
3333 2228 3442 2300 γὰρ
3465 2230 3621 2284 οὐδὲν

2046 2306 2246 2359 ἄτοπον
2277 2303 2456 2364 τοῦτο,
2486 2303 2633 2366 τίνος
2663 2303 2848 2356 ἕνεκεν
2881 2304 2970 2356 ἐπ’
2994 2307 3200 2375 ἀγορᾶς
3225 2307 3293 2361 ἂν
3328 2309 3443 2378 ἴδῃς
3464 2310 3622 2362 τοῦτο

2047 2385 2350 2453 γινόμενον,
2386 2383 2480 2436 καὶ
2519 2383 2680 2445 αὐτὸς
2701 2384 3008 2455 ἀποπηδᾷς,
3036 2385 3132 2438 καὶ
3155 2386 3253 2456 τὴν
3278 2387 3620 2458 ἀσχημονοῦ-

2049 2480 2150 2517 σαν
2193 2461 2474 2526 ἐλαύνειςς
2511 2461 2545 2532 ἢ
2580 2461 2713 2514 ὅταν
2762 2461 2862 2531 μὲν
2908 2463 3233 2533 διῃρημένοι
3286 2458 3466 2535 ὦμεν,
3495 2467 3619 2520 τότε

2047 2552 2247 2606 ἄτοπον
2279 2551 2340 2602 τὸ
2367 2548 2609 2602 τοιοῦτον
2627 2565 2640 2578 ·
2674 2549 2804 2600 ὅταν
2828 2548 2885 2601 δὲ
2937 2551 3266 2619 συνηγμένοι
3295 2552 3390 2603 καὶ
3419 2552 3620 2616 πάντες

2046 2633 2182 2706 ὁμοῦ
2215 2630 2735 2703 καθήμενοι,ούκέτι
2754 2632 2957 2701 ὁμοίως
2987 2633 3242 2703 αίσχρόν;
3271 2633 3434 2686 Ἀλλὰ
3450 2634 3621 2702 γέλως

2047 2719 2222 2773 ταῦτα
2241 2717 2335 2770 καὶ
2355 2716 2576 2782 ὄνειδος,
2602 2716 2697 2768 καὶ
2719 2715 2958 2786 ἐσχάτης
2974 2717 3360 2788 παραπληξίας
3377 2722 3618 2789 ῥήματα·

2051 2805 2145 2858 καὶ⁴
2175 2801 2382 2872 βέλτιον
2412 2800 2567 2871 πηλῷ
2610 2802 2703 2853 καὶ
2739 2800 2985 2872 βορϐόρῳ
3026 2801 3124 2872 τὴν
3153 2802 3276 2871 δψιν
3303 2804 3621 2874 ἀναχρῶσαι

2052 2889 2254 2952 πᾶσαν,
2283 2883 2316 2953 ἢ
2347 2881 2602 2952 τοιαύτην
2631 2883 2908 2954 θεωρῆσαι
2939 2886 3309 2954 παρανομίαν.
3337 2885 3477 2940 Οὖτε
3510 2887 3621 2957 γάρ

2050 2969 2223 3030 οὕτως
2259 2965 2522 3036 ὀφθαλμῷ
2550 2965 2721 3036 βλάϐη
2754 2965 3033 3036 βόρϐορος,
3063 2967 3139 3029 ώς
3159 2967 3453 3030 ἀκόλαστος
3474 2968 3618 3037 ὄψις,

2051 3054 2146 3108 καὶ
2176 3049 2608 3122 γεγυμνωμένης
2633 3050 2893 3116 γυναικὸς
2923 3049 3149 3118 θεωρία.
3189 3051 3458 3104 Ἄκουσον
3486 3052 3618 3120 γοῦν

2050 3136 2106 3191 τί
2129 3138 2229 3204 τὴν
2243 3133 2526 3205 γύμνωσιν
2547 3133 2804 3202 ἐποίησεν
2822 3132 2881 3196 ἐξ
2903 3134 3098 3203 ἀρχῆς,
3118 3135 3211 3186 καὶ
3233 3134 3497 3205 φοϐήθητι
3517 3136 3620 3207 τῆς

2050 3219 2310 3288 τοιαύτης
2337 3215 2725 3287 ἀσχημοσύνης
2752 3213 2851 3284 τὴν
2882 3215 3157 3270 ὑπόθεσιν.
3183 3216 3249 3268 Τί
3274 3214 3368 3270 οῦν
3396 3219 3620 3290 ἐποίησε

2049 3303 2149 3375 τὴν
2178 3300 2487 3372 γύμνωσιν;
2516 3299 2584 3350 Ἦ
2612 3299 2887 3369 παρακοὴ,
2907 3300 3001 3352 καὶ
3027 3301 3059 3368 ή
3086 3299 3181 3352 τοῦ
3207 3300 3451 3355 διαϐόλου
3482 3321 3622 3373 συμ-

2051 3387 2238 3454 ϐουλή.
2269 3381 2455 3445 Οὕτως
2506 3379 2715 3435 ἀνωθεν
2761 3380 2854 3434 καὶ
2885 3380 2944 3445 ἐξ
2980 3381 3175 3453 ἀρχῆς,
3221 3384 3430 3438 ἐκείνου
3463 3385 3619 3442 τοῦτο

2051 3471 2241 3538 γέγονε
2271 3466 2334 3520 τὸ
2367 3465 2727 3534 ἐπιτήδευμα.
2763 3463 2904 3516 Ἀλλ’
2939 3466 3136 3518 ἐκεῖνοι
3178 3467 3276 3535 μὲν
3305 3467 3408 3521 κᾶν
3449 3470 3618 3540 ars-Xo-

2050 3570 2202 3607 νοντο
2236 3548 2433 3618 γυμνοὶ
2471 3546 2652 3609 δντεςο
2690 3547 2848 3616 ὑμεῖς
2883 3547 2940 3599 δὲ
2973 3548 3068 3600 καὶ
3113 3549 3614 3618 ἐγκαλλωπίζεσθε,

2050 3633 2193 3688 κατὰ
2220 3631 2282 3684 τὸ
2321 3626 2679 3684 ἀποστολικδν
2711 3630 2908 3692 ἐκεῖνο,
2944 3629 3047 3682 Ἐν
3079 3628 3154 3698 τῇ
3189 3633 3457 3703 αἰσχύνῃ
3502 3635 3620 3702 τὴν

2049 3719 2237 3782 δόξαν
2267 3716 2532 3785 ἔχοντες.
2560 3711 2689 3776 Πῶς
2737 3706 2831 3766 οῦν
2857 3712 3045 3777 ὄψεταί
3082 3730 3141 3766 σε
3177 3714 3362 3768 λοιπὸν
3411 3719 3443 3788 ἡ
3473 3721 3614 3792 γυνὴ

2049 3801 2158 3856 ἀπὸ
2185 3800 2286 3869 τῆς
2324 3797 2582 3868 τοιαύτης
2623 3795 2987 3849 ἐπανελθόντα
3016 3798 3364 3867 παρανομίας
3383 3799 3464 3869 ﬁt;
3497 3804 3617 3867 πῶς

2048 3883 2294 3950 δέξεται;
2319 3883 2436 3945 πῶς
2471 3882 2754 3950 προσερεῖ,
2783 3878 2958 3943 οὕτως
2985 3880 3198 3950 ἀτίμως
3220 3882 3282 3935 τὸ
3311 3886 3490 3938 κοινὸν
3515 3889 3615 3956 τῆς

2047 3965 2367 4037 γυναικείας
2398 3962 2976 4034 παραδειγματίσαντα
3009 3962 3248 4031 φύσεως,
3280 3966 3376 4019 καὶ
3413 3969 3617 4039 αἰχμά-

2046 4053 2218 4106 λωτον
2237 4048 2344 4101 ὑπὸ
2370 4048 2470 4118 τῆς
2495 4045 2751 4116 τοιαύτης
2773 4045 2948 4114 ὅψεως
2983 4046 3075 4098 καὶ
3105 4045 3290 4099 δοῦλον
3313 4053 3619 4121 γεγενημέ..

2047 4152 2137 4190 νον
2167 4133 2266 4202 τῆς
2295 4129 2688 4201 πορνευθείσης
2721 4127 3011 4196 γυναικός;
3037 4129 3100 4180 El
3123 4129 3178 4180 δὲ
3210 4129 3360 4203 [102]
3398 4133 3614 4203 ἀλγεῖτε

2046 4215 2222 4270 ταῦτα
2242 4213 2550 4275 ἀκούοντες,
2583 4213 2741 4282 χάριν
2771 4212 2900 4280 ὑμῖν
2945 4209 3052 4280 ἔχω
3087 4210 3324 4282 πολλήν·
3379 4216 3477 4282 Τις
3505 4216 3615 4288 γάρ

2046 4300 2219 4353 ἐστιν
2263 4300 2298 4352 ό
2343 4295 2682 4365 εὐφραίνων
2717 4311 2814 4364 με,
2841 4295 2894 4347 εί
2927 4293 3015 4362 μὴ
3057 4296 3092 4348 ὁ
3126 4296 3510 4366 λυπούμενος
3544 4299 3615 4364 ἐξ

2046 4381 2190 4448 ἐμοῦ
2214 4397 2233 4446 ;
2265 4378 2356 4449 Μὴ
2378 4377 2443 4449 δὴ
2465 4375 2753 4446 παύσησθέ
2791 4392 2923 4428 ποτε
2960 4374 3241 4440 στένοντες
3271 4378 3365 4431 ἐπὶ
3402 4380 3614 4447 τούτοις

2047 4466 2142 4520 καὶ
2162 4464 2483 4533 δακνόμενοι
2501 4478 2514 4492 ο
2534 4461 2628 4514 καὶ
2649 4459 2758 4529 γὰρ
2779 4458 3065 4530 προοίμιον
3088 4460 3216 4528 ὑμῖν
3234 4462 3386 4515 ἔσται
3405 4463 3502 4533 τῆς
3519 4466 3614 4519 ἐπὶ

2046 4550 2114 4604 τὰ
2148 4550 2379 4620 κρείττω
2411 4547 2459 4578 εδ
2490 4543 2794 4614 μεταϐολῆς
2823 4543 2856 4614 ή
2895 4545 2959 4597 ὲκ
2991 4543 3100 4595 τῶν
3130 4545 3389 4598 τοιούτων
3427 4547 3607 4618 ὀδύνη.

2046 4632 2143 4686 Διά
2177 4631 2334 4686 τοῦτο
2359 4627 2514 4693 κάγὼ
2536 4626 2890 4696 σφοδρότερον
2927 4624 3019 4677 τὸν
3059 4625 3217 4693 λόγον
3240 4629 3608 4701 ἐποιησάμην,

2046 4717 2135 4769 ἵνα
2166 4714 2470 4785 βαθυτέραν
2493 4713 2616 4774 δοὺς
2646 4711 2745 4780 τὴν
2772 4708 2967 4780 τομὴν,
3002 4710 3297 4775 ἀπαλλάξω
3318 4711 3418 4781 τῆς
3443 4731 3612 4783 σηπε-

2044 4799 2194 4863 δόνος
2217 4797 2326 4850 τῶν
2363 4794 2744 4867 μεθυσκόντων
2770 4793 2914 4861 ὑμᾶς
2931 4808 2944 4819 ⁸
2969 4791 3058 4845 ἵνα
3088 4793 3224 4861 πρὸς
3248 4793 3492 4865 καθαρὰν
3516 4798 3614 4849 ἐπρ-

2044 4881 2302 4950 αναγάγω
2320 4878 2498 4948 ψυχῆς
2514 4875 2704 4945 ὑγείαν
2723 4891 2738 4905 ο
2767 4869 2835 4944 ἧς
2851 4874 3062 4941 γένοιτο
3085 4877 3294 4938 πάντας
3312 4879 3460 4945 ἡμᾶς
3480 4880 3614 4931 ἀπο-

2046 4963 2304 5024 λαύοντας
2323 4961 2409 5015 διὰ
2431 4960 2672 5025 πάντων,
2690 4959 2784 5012 καὶ
2809 4957 2918 5010 τῶν
2942 4959 3208 5028 κειμένων
3229 4960 3480 5014 ἐπάθλων
3499 4965 3614 5023 τοῖς

2045 5045 2433 5117 κατορθώμασι
2453 5041 2664 5104 τούτοις
2685 5044 2985 5112 ἐπιτυχεῖν,
3000 5042 3184 5113 χάριτι
3202 5044 3295 5097 καὶ
3315 5045 3615 5116 φιλανθρω-

2046 5132 2146 5202 πίᾳ
2174 5128 2269 5183 τοῦ
2298 5128 2506 5196 Κυρίου
2537 5125 2698 5196 ἡμῶν
2740 5124 2913 5194 Ἰησοῦ
2942 5126 3203 5196 Χριστοῦ,
3239 5119 3337 5198 ᾧή
3370 5127 3496 5193 δόξα
3518 5129 3612 5183 καὶ

2043 5215 2103 5268 τὸ
2138 5214 2337 5286 κράτος
2363 5212 2444 5274 είς
2480 5211 2608 5274 τοὺς
2637 5210 2836 5274 αἰῶνας
2860 5210 2969 5264 τῶν
2999 5210 3230 5265 αίώνων.
3277 5213 3469 5283 Ἀμήν.

2901 5489 2947 5520 ⁷⁵
2983 5485 3209 5558 έκλύσῃ]
3253 5485 3342 5558 Sic
3372 5486 3436 5538 Α.
3468 5485 3524 5558 ίΣᾴ
3561 5492 3617 5558 εί

2102 5543 2484 5631 ⁷⁸ἐἶιῖσκήπτεή
2517 5543 2717 5628 ἐγείρει
2751 5559 2808 5613 Ε.
2842 5556 2902 5610 F.
2935 5559 3040 5610 An.
3157 5543 3209 5588 θ”ί
3235 5555 3612 5626 εὑτραπελίανΙ

2108 5627 2197 5676 dd.
2232 5629 2388 5676 αὐτοὶ
2417 5631 2480 5676 Α.
2517 5627 2580 5676 Β.
2655 5629 2701 5660 ⁸⁸
2730 5628 3112 5676 ἀναλίσκοντες
3149 5626 3282 5676 Edd.
3380 5626 3423 5658 ⁸¹
3459 5625 3615 5676 γενό-

2193 5669 2197 5679 ,
2232 5643 2388 5682 αυτοι
2417 5643 2480 5682 Α.
2517 5643 2580 5682 η.
2655 5643 2701 5660 ο*
2730 5643 3112 5690 αναΑισκοντες
3150 5643 3282 5679 mu.
3380 5643 3423 5658 ἰ
3459 5643 3614 5692 γενο-

2193 5698 2238 5730 ⁸⁵
2265 5696 2632 5772 παρανομίας]
2686 5697 2775 5753 Sic
2809 5697 2869 5751 Β.
2908 5695 2968 5750 F.
3007 5697 3159 5751 Ann.
3193 5695 3376 5754 caueri
3418 5711 3614 5768 παροι-
