4060 6156
461 367 518 420 7|
1649 351 1718 415 ei
1749 334 2151 414 M'i'r‘rttAtt'nt
2191 353 2416 409 llOMlL.
2460 354 2545 411 Vl.
3633 346 3702 402 τι

450 476 738 533 contritum
786 485 840 530 et
892 474 1260 538 humiliatnm.
1312 475 1546 529 animum
1595 476 1844 544 vigilem,
1903 485 2038 530 tem-

455 575 729 636 perantem
753 605 768 631 ,
801 567 1160 621 continentem
1179 605 1195 632 ,
1228 567 1571 636 ptenitentem
1594 607 1606 630 ,
1634 575 2031 634 cumpunettnn.

453 658 576 713 Haec
622 657 765 711 illius
798 657 936 712 dona
983 666 1136 724 sunt,
1179 658 1298 726 quia
1356 657 1462 712 illis
1507 659 1840 727 potissimum
1896 657 2038 710 indic

450 761 658 816 genius.
715 746 994 800 Certamen
1042 747 1184 801 enim
1223 745 1464 800 imminet
1511 761 1706 816 grave,
1751 754 1806 801 et
1848 746 2038 799 adver-

451 853 543 892 sus
590 837 883 892 invisibiles
931 847 1218 906 potestates
1248 838 1386 891 lucta
1423 837 1578 892 nobis
1620 847 1735 902 est,
1780 835 2037 890 adversus

453 926 745 996 spiritualia
791 927 1041 994 nequitia:
1069 941 1276 994 pugna,
1325 925 1580 980 adversus
1616 926 1940 995 principatus
1983 913 2045 979 et:

452 1026 742 1086 potestates
770 1017 968 1071 bellum
1008 1017 1026 1085 (
1044 1016 1236 1086 Ephes.
1267 1015 1318 1070 6.
1352 1015 1454 1086 l2)
1486 1033 1500 1070 :
1530 1025 1688 1085 atque
1728 1015 1927 1069 utinam
1959 1015 2039 1068 di-

451 1108 676 1177 ligentcr
720 1115 968 1176 agentes,
1012 1106 1198 1174 vigiles
1227 1113 1282 1160 et
1318 1107 1600 1172 concitati,
1643 1107 1906 1175 possimus
1938 1105 2038 1159 hoc

453 1198 620 1251 ferum
651 1212 838 1266 agmen
865 1195 1149 1251 sustinere.
1172 1195 1230 1250 Si
1257 1210 1384 1250 vero
1409 1195 1674 1249 rideamus
1693 1204 1746 1249 et
1771 1196 2034 1261 lndamus,

452 1302 513 1342 ac
532 1301 748 1357 semper
771 1286 1023 1340 socordes
1053 1285 1218 1362 simus
1237 1325 1253 1350 ,
1283 1284 1440 1362 etiam
1471 1295 1596 1339 ante
1630 1284 1933 1339 conflictum
1971 1300 2037 1338 ex

456 1377 666 1446 propria
697 1375 920 1446 segnitie
947 1359 1310 1430 concid'emu's.
1343 1359 1458 1429 Non
1485 1367 1726 1429 nostrum
1753 1375 1929 1445 itaque
1957 1384 2040 1430 est

456 1474 708 1536 perpetuo
730 1465 924 1536 ridere,
948 1465 1184 1520 deliciari
1211 1465 1264 1518 et
1283 1464 1589 1530 convivari;
1618 1466 1711 1519 sed
1741 1481 1922 1519 eorttm
1946 1466 2037 1534 qui

454 1547 504 1613 in
536 1551 692 1613 scena
732 1543 948 1629 ludunt,
996 1551 1369 1616 meretricum,
1394 1550 1643 1632 virorum
1685 1560 1774 1625 qul
1819 1552 1885 1610 ad
1917 1553 2042 1608 talia

452 1643 576 1703 sunt
621 1643 840 1716 depilati
859 1687 874 1714 ,
906 1640 1255 1716 parasitorum
1277 1685 1292 1709 ,
1323 1633 1654 1699 adulatorum
1683 1662 1696 1698 :
1727 1643 1830 1698 n'on
1859 1639 2037 1698 autem

453 1727 637 1789 eorum
677 1733 764 1804 qui
790 1733 856 1788 ad
885 1733 1075 1789 caelum
1105 1733 1273 1789 voeati
1301 1733 1459 1800 sunt,
1500 1728 1818 1788 non'eOrtim
1854 1733 1942 1804 qui
1985 1735 2037 1787 in

454 1819 682 1893 superna
712 1819 925 1880 civitate
953 1817 1076 1879 sunt
1103 1813 1388 1894 descripti,
1418 1821 1522 1905 non
1552 1821 1735 1878 eorum
1761 1825 1848 1894 qui
1875 1822 2038 1900 ari'u'is

453 1913 820 2000 Spiritualibus
858 1913 986 1998 sunt
1022 1912 1266 1971 instructi
1282 1959 1304 2000 ,Ι
1339 1917 1434 1993 sed
1473 1913 1655 1970 eorum
1696 1917 1786 1986 qui
1827 1905 2066 2000 diabolo"

454 1993 577 2061 sunt
604 1997 814 2062 initiati.
842 1991 936 2060 Ille
964 2021 1192 2076 namque
1221 1995 1330 2070 est,
1374 1986 1462 2061 ille
1495 2006 1584 2076 qui
1614 2006 1713 2060 hac
1739 2015 1884 2070 arte,
1935 1987 2038 2060 hoc

452 2097 614 2168 opere
647 2099 870 2151 Conatur
897 2096 1095 2151 Christi
1138 2077 1332 2152 milites
1368 2094 1680 2162 debilitare,
1723 2089 2039 2167 il'loruinqn'e

453 2180 611 2242 animi
644 2186 918 2242 molliores
948 2201 1140 2243 nervos
1173 2175 1402 2243 efficere.
1436 2187 1557 2242 Ideo
1587 2188 1792 2243 theatra
1820 2188 1871 2241 in
1899 2189 2041 2242 urbi-

456 2279 554 2333 bus
590 2273 810 2340 Struxt‘t.
842 2287 896 2332 et
933 2275 1125 2334 mimos
1166 2278 1285 2351 illos
1311 2281 1601 2342 exercens.
1638 2278 1849 2334 illOruin
1876 2296 2038 2350 opera
2067 2337 2069 2340 ,

453 2379 637 2422 contra
674 2365 839 2423 totam
877 2362 1143 2423 civitatem
1179 2366 1317 2423 hanc
1356 2367 1558 2439 pesten‘i
1600 2367 1794 2424 eXcitat
1834 2390 1847 2424 :
1881 2386 2037 2440 quam

455 2444 636 2528 fugere
689 2448 883 2514 Paulus
932 2457 1087 2528 jussit
1132 2457 1358 2529 (Ephes.
1397 2458 1450 2514 5.
1491 2459 1596 2527 4)‘,
1652 2457 2037 2528 Stultiloquiuni

455 2565 646 2618 nempe
681 2559 734 2604 et
757 2549 1166 2611 scurrilitatem;
1210 2564 1328 2618 qua:
1371 2558 1544 2602 autem
1587 2549 1773 2602 horum
1800 2549 2039 2604 omnium

455 2635 760 2709 gravissnn‘a
788 2637 927 2693 riSus
957 2638 1096 2693 illius
1132 2639 1346 2693 occasio
1379 2627 1478 2693 est.
1509 2631 1731 2701 Quando
1765 2639 2036 2710 quidpiam

457 2748 546 2790 aut
570 2736 936 2806 blaSphemum
953 2745 1043 2790 aut
1063 2743 1214 2806 turpe
1237 2735 1373 2789 inter
1391 2734 1608 2790 ridicula
1627 2734 1772 2790 mimi
1793 2729 2040 2798 dixerint,

459 2814 582 2880 tunc
610 2823 674 2880 ex
716 2821 1169 2895 insipientioribus
1199 2823 1412 2895 quidam
1452 2823 1630 2882 rident
1665 2836 1720 2882 et
1758 2823 2042 2904 laetantur;

456 2910 578 2971 cum
610 2911 872 2986 lapidibus
897 2917 1042 2988 ipsOs
1071 2917 1328 2988 impetere
1357 2915 1662 2987 oporteret,
1688 2915 1944 2990 plaudunt
1969 2915 2044 2972 illi

459 3012 621 3079 super
662 3010 779 3076 his,
821 3017 876 3065 et
918 3013 1014 3080 per
1056 3001 1194 3065 hanc
1230 3007 1555 3080 vnlu'ptatem
1595 3011 1861 3065 caminum
1907 3008 2045 3080 ignis

458 3103 642 3154 contra
672 3093 832 3172 eaput
859 3117 1012 3154 suum
1052 3101 1344 3155 attrahunt.
1372 3100 1504 3155 Nam
1535 3102 1625 3170 qui
1658 3101 1778 3155 talia
1809 3089 2046 3154 dicentes

462 3189 703 3255 laudant,
798 3183 922 3243 sunt
943 3189 1034 3259 qui
1064 3190 1296 3244 maxime
1323 3189 1373 3244 id
1399 3190 1579 3244 dicere
1605 3187 1832 3244 suadent
1861 3207 1874 3243 :
1900 3189 2043 3242 ideo-

455 3281 560 3350 que
589 3279 850 3352 supplicio
875 3280 997 3336 huic
1032 3279 1254 3336 facinori
1284 3273 1467 3337 debito
1499 3280 1794 3352 justissime
1826 3282 2044 3336 Obnoxii

457 3367 634 3428 erunt.
668 3371 882 3428 Etenim
907 3375 952 3429 si
981 3373 1160 3428 nullus
1185 3377 1324 3429 eSset
1363 3381 1650 3442 Spectator,
1694 3375 1872 3429 nullus
1918 3391 2044 3444 pro-

459 3461 599 3517 diret
641 3459 830 3516 histrio
870 3478 884 3519 :
926 3477 1046 3516 cum
1085 3466 1260 3517 autem
1297 3479 1394 3518 vos
1425 3453 1603 3518 vident
1629 3472 1682 3521 et
1724 3461 1964 3520 officinas
1995 3455 2050 3520 et

459 3549 637 3620 artes,
690 3542 745 3609 et
791 3551 1050 3632 quaestum
1095 3539 1219 3609 hinc
1263 3553 1692 3624 p'rovenienteni,
1738 3565 1896 3626 atque
1940 3571 2047 3610 uno

458 3643 624 3699 verbo
652 3635 833 3698 omnia
860 3639 1160 3714 relinquere
1180 3685 1194 3708 ,
1225 3651 1283 3699 ut
1306 3643 1372 3700 ad
1400 3643 1514 3698 hinc
1535 3645 1836 3714 spectacula
1865 3641 2048 3700 aecur-

457 3731 587 3788 ratis
606 3774 623 3800 ,
656 3727 844 3803 majori
874 3731 1148 3789 alacritate
1189 3743 1348 3804 atque
1389 3733 1563 3788 studio
1594 3733 1676 3788 his
1701 3749 1916 3804 operam
1945 3731 2043 3788 ad-

459 3813 658 3879 hibent.
692 3822 805 3880 Hoc
834 3835 1010 3880 autem
1037 3825 1157 3880 dico
1181 3865 1196 3889 ,
1235 3841 1341 3880 non
1368 3833 1428 3879 ut
1467 3826 1589 3880 illos
1613 3841 1643 3880 a
1670 3826 1895 3881 crimine
1921 3824 2042 3880 vin-

457 3916 666 3982 dicem;
695 3918 788 3972 sed
810 3926 866 3971 ut
881 3909 1097 3972 discatis
1117 3932 1213 3972 vos
1238 3932 1355 3972 esse
1374 3917 1462 3987 qui
1481 3904 1780 3987 hujusmodi
1800 3917 2046 3987 neqhitiai

459 3999 777 4077 principium
798 4017 852 4063 et
871 4007 1104 4062 radicem
1127 4007 1570 4074 subministratis,
1599 4010 1688 4078 qui
1713 4013 1874 4064 totam
1903 4009 2044 4063 diem

464 4098 547 4152 his
577 4098 629 4154 iii
659 4093 820 4154 rebus
847 4099 1134 4165 insumitis,
1164 4096 1444 4154 honesturn
1473 4099 1702 4170 cOnjugii
1725 4099 1917 4154 statum
1943 4111 2045 4154 tra~

459 4188 752 4256 ducentes,
823 4177 878 4244 et
931 4188 1243 4259 mysterium
1305 4203 1557 4258 magnum
1610 4189 2039 4245 dehonestantes.

459 4277 643 4348 Neque
670 4280 811 4333 enim
843 4279 1031 4334 histrio
1059 4279 1150 4333 ille
1179 4279 1248 4333 ita
1275 4278 1562 4348 delinquit.
1592 4289 1649 4334 nt
1689 4289 1772 4344 ιιι,
1815 4283 1903 4350 qui
1935 4283 2046 4337 hate

458 4370 572 4424 fieri
606 4370 800 4439 jubes;
840 4370 948 4424 imo
977 4385 1077 4424 nec
1108 4368 1270 4440 jubes
1299 4369 1496 4438 modo,
1535 4369 1632 4426 sed
1676 4370 1835 4424 etiam
1864 4383 2045 4426 curam

459 4457 709 4525 adhibes,
739 4457 970 4527 laetaris,
1001 4461 1143 4516 rides
1162 4502 1177 4526 ,
1221 4461 1512 4530 laudasque
1541 4460 1848 4530 huiusmodi
1889 4477 2044 4530 spec-

461 4552 629 4608 tacula
650 4594 666 4618 ,
713 4551 966 4623 omnique
995 4553 1155 4608 modo
1181 4553 1317 4609 hanc
1355 4554 1502 4608 foves
1529 4554 1833 4608 darmonum
1872 4552 2045 4608 offici-

462 4657 608 4696 nam.
637 4643 964 4712 Quibusnam
985 4685 1000 4710 ,
1031 4655 1212 4714 qtizeso
1232 4686 1247 4709 ,
1285 4644 1453 4699 oculis
1479 4645 1701 4699 uxorem
1729 4652 1871 4698 tuam
1902 4643 2045 4697 domi

458 4742 645 4803 postea
668 4731 906 4802 videbis,
933 4750 1091 4805 quam
1114 4734 1186 4790 ibi
1212 4733 1386 4790 vidisti
1417 4733 1737 4790 contumelia
1763 4733 2046 4789 affectam?

460 4822 732 4893 quomodo
753 4839 859 4879 non
886 4825 1157 4882 erubescis
1183 4825 1308 4881 dum
1333 4825 1572 4896 conjugis
1594 4834 1698 4880 tua:
1723 4823 2046 4892 recordaris,

453 4931 580 4970 cum
611 4909 679 4969 ibi
711 4925 900 4968 sexum
927 4917 1044 4984 ejus
1067 4913 1403 4972 dehonestari
1434 4916 1670 4972 videris?

529 5001 584 5060 8.
624 5001 703 5058 Ne
728 5004 855 5058 mihi
881 5004 1100 5070 dixeris,
1126 5023 1238 5062 rem
1267 5007 1568 5063 simulatam
1596 5016 1652 5062 et
1676 5008 2040 5064 histrionicam

456 5092 572 5150 hmc
598 5110 720 5152 esse
753 5111 766 5149 :
802 5096 916 5151 hiec
943 5097 1085 5152 enim
1116 5097 1422 5154 histrionica
1453 5099 1649 5155 multos
1686 5091 1860 5155 effecit
1889 5100 2040 5155 adul-

2144 475 2323 530 teros,
2364 463 2662 531 multasque
2703 459 2928 516 familias
2965 460 3176 516 evertit.
3216 460 3446 528 Ideoque
3486 459 3718 514 maxime

2139 571 2315 626 gemo,
2344 557 2485 626 quod
2516 554 2644 608 illud
2671 570 2739 608 ne
2760 554 2955 607 malum
2982 553 3197 624 quidem
3226 554 3377 608 vobis
3401 567 3520 608 esse
3541 553 3721 606 videa-

2141 657 2246 713 tur,
2277 647 2369 702 sed
2413 647 2664 715 plausus,
2705 645 2927 712 clamor,
2968 647 3108 699 risus
3148 646 3345 699 multus
3380 645 3716 710 adhibeatur,

2137 737 2266 790 dum
2296 737 2541 790 adulterii
2568 735 2868 805 hujnsmodi
2893 736 3252 805 spectaculum
3282 735 3473 790 oﬂ'crre
3497 735 3714 790 audent.

2137 830 2274 896 Quid
2305 831 2440 886 dicis
2466 847 2528 886 ea
2561 845 2682 886 esse
2723 831 3084 885 histrionicam
3123 830 3555 884 simulationem?
3595 829 3718 883 Ideo

2138 923 2212 976 illi
2242 925 2507 978 sexcentis
2533 922 2806 992 suppliciis
2835 922 2977 991 digni
3020 931 3177 985 sunt,
3217 921 3466 991 quoniam
3507 935 3568 973 ea
3599 935 3718 987 quae

2139 1011 2284 1080 leges
2321 1027 2507 1067 omnes
2545 998 2712 1067 vitare
2746 1013 2968 1080 jubent,
3015 1013 3199 1066 eadem
3241 1013 3339 1082 ipsi
3370 1012 3560 1065 imitari
3600 1019 3716 1064 stu-

2138 1101 2285 1156 dent.
2317 1101 2448 1156 Nam
2469 1104 2511 1157 si
2541 1103 2735 1156 malum
2756 1111 2838 1158 est
2857 1102 3006 1168 illud,
3034 1103 3148 1170 ejus
3173 1111 3256 1156 est
3281 1117 3488 1170 quoque
3516 1115 3716 1168 reprae-

2137 1193 2364 1275 sentatio
2395 1193 2554 1246 mala.
2587 1193 2827 1248 Nondum
2857 1193 2998 1259 dico,
3030 1202 3160 1262 quot
3189 1193 3457 1247 adulteros
3484 1191 3719 1246 efﬁciant

2138 1275 2442 1337 histrioniea
2470 1283 2772 1352 huiusmodi
2798 1283 3045 1337 adulterii
3074 1283 3372 1353 speetacula
3393 1323 3407 1348 ,
3433 1297 3591 1352 quam
3621 1297 3716 1350 pe-

2136 1371 2366 1428 tulantes
2413 1369 2851 1444 impudentesque
2894 1373 3127 1429 efficiant
3171 1373 3530 1442 Spectatores;
3588 1374 3716 1427 nihil

2135 1465 2275 1518 enim
2321 1464 2600 1528 lascivius,
2649 1464 2778 1519 nihil
2819 1465 3143 1534 petulantius
3179 1465 3365 1532 oculo,
3405 1466 3493 1534 qui
3536 1463 3719 1534 hujus-

2135 1553 2281 1609 modi
2325 1556 2625 1624 spectacula
2656 1555 2798 1609 ferre
2828 1557 3013 1625 possit.
3061 1555 3138 1609 Tn
3180 1570 3312 1609 vero
3351 1557 3402 1608 in
3443 1555 3558 1609 foro
3599 1556 3719 1624 qni-

2134 1639 2255 1699 d'em
2275 1645 2469 1698 nudam
2484 1645 2761 1699 mulierem
2777 1645 3016 1714 aspicere
3038 1641 3206 1710 nolis;
3227 1645 3334 1698 imo
3352 1661 3521 1712 neque
3533 1645 3677 1699 domi
3699 1665 3714 1699 :

2135 1748 2246 1790 rem
2268 1734 2408 1790 enim
2429 1729 2730 1804 huiusmodi
2757 1733 3130 1791 contumeliam
3155 1737 3310 1788 vocas
3336 1752 3349 1788 :
3377 1734 3427 1788 in
3452 1734 3714 1789 theatrum

2136 1827 2309 1882 tamen
2340 1828 2618 1893 ascendis,
2657 1822 2716 1883 ut
2750 1831 3032 1882 commune
3057 1841 3223 1897 genus
3261 1828 3495 1882 virorum
3531 1828 3718 1881 mulie-

2135 1933 2358 1987 rumque
2380 1920 2700 1974 contumelia
2726 1918 2950 1984 afficias,
2978 1921 3265 1987 oculosque
3287 1928 3403 1972 tuos
3430 1917 3716 1986 detnrpcs?

2134 2008 2210 2065 Ne
2240 2004 2368 2064 mihi
2398 2011 2598 2065 dixeris
2628 2011 2903 2065 mulierem
2936 2011 3076 2064 illam
3115 2011 3310 2064 nudam
3331 2053 3346 2078 ,
3383 2025 3502 2065 esse
3539 2015 3715 2064 mere-

2137 2103 2352 2168 tricem;
2384 2105 2564 2173 utique
2595 2104 2732 2157 idcm
2765 2104 2879 2172 ipse
2906 2109 3084 2166 scxn‘s,
3115 2103 3253 2157 idem
3281 2117 3476 2172 corpus
3499 2112 3581 2156 est.
3605 2117 3714 2156 me-

2135 2189 2342 2248 retricis
2379 2204 2434 2248 et
2463 2194 2663 2248 liberie.
2686 2191 2740 2249 Si
2771 2195 2913 2249 enim
2935 2194 3173 2249 obscmni
3203 2193 3330 2246 nihil
3356 2208 3416 2248 ea
3450 2193 3500 2248 in
3529 2207 3586 2247 rc
3611 2201 3712 2255 εει,

2134 2299 2230 2338 cur
2257 2299 2376 2338 cum
2409 2283 2462 2337 in
2491 2281 2608 2338 foro
2629 2283 2818 2338 eadem
2843 2285 2956 2354 ipsa
2976 2284 3174 2338 videris
3193 2325 3207 2347 ,
3232 2285 3407 2337 statim
3439 2284 3630 2348 rasilis,
3661 2292 3716 2338 et

2134 2371 2547 2428 i‘nvcreeundam
2583 2373 2847 2443 depcllis'!
2881 2383 2950 2428 an
2978 2379 3096 2428 cum
3128 2372 3382 2442 disjun-cti‘
3406 2375 3621 2439 sumtis,
3659 2373 3714 2428 id

2133 2465 2442 2520 obscoenum
2473 2474 2588 2531 est;
2617 2481 2736 2520 eum
2766 2475 2943 2520 autem
2969 2463 3272 2535 eon'g'regat'i
3301 2481 3401 2519 una
3429 2464 3674 2520 sedemtis
3693 2505 3711 2531 ,

2133 2568 2237 2609 non
2268 2553 2486 2625 perinde
2513 2559 2664 2624 turpe
2695 2550 2818 2611 est?
2847 2551 3044 2610 Verum
3078 2556 3177 2610 hoc
3216 2547 3501 2609 ridiculum
3533 2558 3596 2608 ac
3622 2553 3715 2608 de-

2131 2643 2294 2703 decus
2319 2657 2400 2702 est
2419 2688 2433 2713 ,
2462 2655 2516 2702 et
2543 2647 2657 2702 hsce
2685 2647 2844 2702 verba
2873 2655 3162 2702 extremam
3195 2647 3302 2716 pra:
3332 2649 3394 2701 se
3423 2641 3596 2701 ferunt
3620 2645 3713 2700 de-

2131 2738 2382 2794 mentiam
2428 2757 2441 2792 :
2483 2737 2779 2808 meliusque
2821 2747 2965 2794 esset
3003 2751 3159 2793 coeno
3187 2739 3349 2810 atque
3383 2737 3496 2792 luto
3529 2739 3711 2792 oculos

2129 2836 2400 2910 oblinere,
2429 2837 2585 2905 quam
2617 2836 2686 2888 ita
2716 2831 2910 2890 ftedam
2938 2842 2991 2889 et
3020 2833 3254 2904 iniquam
3286 2837 3400 2887 rem
3441 2832 3704 2902 spectare.

2130 2925 2311 2998 Neque
2339 2927 2481 2982 enim
2509 2916 2712 2981 tantum
2739 2924 2917 2980 damni
2945 2924 3100 2979 oculo
3127 2920 3286 2976 infert
3311 2915 3509 2988 lutum,
3536 2924 3708 2992 quan-

2132 3015 2240 3071 tu‘m
2269 3017 2494 3072 lascivus
2522 3015 2769 3086 aspectus
2794 3025 2848 3071 et
2873 3014 3028 3069 nuda:
3061 3013 3298 3069 mulieris
3323 3012 3705 3082 spectaculum.

2129 3107 2268 3163 Audi
2300 3104 2458 3178 igitur
2487 3107 2613 3178 quid
2641 3107 2932 3161 nuditatem
2962 3106 3030 3161 ab
3059 3104 3210 3159 initio
3236 3103 3438 3168 fecerit,
3467 3109 3520 3158 et
3550 3099 3709 3158 tanta:

2133 3193 2471 3270 turpitudinis
2496 3199 2752 3253 rationem
2775 3204 2974 3252 metue.
3003 3194 3139 3264 Quid
3169 3210 3296 3265 ergo
3320 3192 3610 3248 nuditatem
3633 3193 3708 3247 ef-

2133 3289 2290 3346 fecit?
2321 3274 2678 3346 lnobedientia
2713 3298 2767 3344 et
2797 3289 2990 3344 diaboli
3033 3288 3258 3342 insidize.
3304 3287 3392 3342 Sic
3427 3286 3540 3355 jam'
3580 3281 3707 3340 olim

2132 3381 2184 3437 et
2210 3383 2280 3438 ab
2305 3382 2454 3436 initio
2481 3378 2581 3436 hoc
2609 3381 2723 3451 ejus
2748 3380 2843 3435 fuit
2869 3379 3122 3435 studium.
3155 3379 3346 3433 Verum
3376 3377 3493 3431 illos
3517 3376 3708 3432 saltem

2133 3472 2364 3544 pudebat
2387 3472 2528 3542 quod
2553 3471 2678 3526 nudi
2707 3477 2888 3526 essent
2915 3487 2930 3528 :
2962 3485 3057 3524 vos
3085 3478 3260 3522 autem
3285 3453 3334 3521 id
3357 3466 3534 3521 decori
3562 3464 3710 3519 vobis

2132 3579 2251 3621 esse
2268 3553 2483 3634 putatis;
2501 3561 2788 3639 Secundum
2802 3561 2925 3615 illud
2939 3557 3415 3629 apostoli,Gloriam
3431 3557 3481 3610 in
3500 3556 3708 3624 turpilu-

2131 3654 2250 3709 dine
2275 3654 2508 3708 habentes
2535 3651 2806 3724 (Philipp.
2839 3653 2892 3707 '5.
2925 3647 3047 3722 19).
3078 3649 3280 3717 Quibus
3305 3649 3432 3718 ergo
3459 3653 3511 3701 te
3543 3645 3711 3700 oculis

2131 3745 2266 3801 uxor
2304 3746 2553 3814 aspiciet,
2590 3761 2618 3798 a
2651 3753 2756 3799 tam
2797 3743 2976 3813 iniquo
3015 3741 3319 3812 spectaculo
3367 3737 3714 3794 redeuntem?

2132 3835 2400 3906 quomodo
2425 3844 2476 3890 te
2496 3835 2754 3906 recipiet?
2779 3834 2969 3904 quibus
2991 3843 3041 3886 te
3059 3819 3235 3887 verbis
3264 3828 3582 3900 alloquetur,
3621 3844 3710 3898 qm

2132 3926 2448 3981 muliebrem
2475 3940 2660 3980 sexum
2685 3919 2850 3978 totum
2879 3925 2948 3978 ita
2974 3921 3428 3984 dehonestaveris,
3455 3929 3508 3974 et
3529 3925 3594 3975 e‘x
3623 3920 3711 3974 tali

2132 4018 2435 4089 spectaculo
2461 4017 2705 4086 captivus
2733 4024 2786 4069 et
2824 4030 3008 4069 servus
3033 4013 3329 4068 meretricis
3353 4003 3573 4066 effectos
3598 4011 3672 4065 sis
3688 4010 3713 4062 τ

2133 4110 2191 4168 Si
2220 4109 2336 4165 hinc
2357 4107 2635 4164 audientes
2661 4105 2852 4162 doletis
2871 4145 2886 4170 ,
2917 4105 3139 4176 gratiam
3167 4101 3317 4157 vobis
3347 4101 3518 4156 habeo
3547 4102 3715 4155 maxi-

2132 4220 2295 4260 mam.
2344 4203 2471 4271 Quis
2517 4201 2648 4254 enim
2693 4197 2764 4252 est
2813 4197 2900 4268 qui
2932 4211 3010 4250 me
3029 4195 3268 4263 lwtiﬁcet,
3310 4192 3408 4247 nisi
3445 4193 3489 4246 is
3539 4192 3626 4262 qui
3651 4192 3713 4246 ob

2133 4297 2270 4350 dicta
2298 4311 2407 4348 mea
2434 4281 2766 4362 tristatur(2.
2797 4290 2921 4344 Cor.
2951 4287 3006 4342 2.
3035 4285 3146 4357 2)?
3187 4284 3264 4340 Ne
3301 4285 3522 4340 cessetl‘s
3556 4281 3716 4353 igitur

2133 4388 2202 4443 de
2229 4385 2313 4442 his
2341 4385 2612 4456 ingemere
2630 4391 2685 4438 et
2703 4380 2932 4437 morderi
2968 4397 2982 4434 :
3010 4393 3130 4432 nam
3157 4375 3309 4431 dolor
3334 4375 3402 4430 de
3430 4373 3591 4430 rebus
3616 4372 3716 4427 hu-

2129 4477 2362 4551 jusmodi
2381 4476 2696 4548 principium
2713 4471 2862 4528 vobis
2880 4471 2982 4526 erit
2997 4467 3363 4525 conversionis
3383 4465 3448 4520 ad
3471 4465 3712 4520 nieliOra.

2142 4567 2370 4640 Ideoque
2397 4563 2782 4623 vehementiori
2810 4575 3058 4617 sermone
3082 4571 3198 4614 Sum
3227 4571 3369 4624 usus,
3392 4565 3451 4612 ut
3471 4570 3565 4624 per
3591 4567 3714 4624 pro.

2135 4663 2429 4720 fundiorem
2466 4658 2777 4714 incisionem
2810 4671 2840 4709 a
2877 4651 3154 4725 putredine
3184 4649 3270 4703 illa
3309 4647 3715 4703 temulentorum

2133 4755 2408 4810 hominum
2434 4766 2528 4806 vos
2556 4750 2862 4810 liberarem,
2887 4753 2941 4800 et
2959 4743 3025 4798 ad
3044 4755 3226 4813 puram
3245 4738 3408 4792 animi
3429 4735 3711 4792 sanitatem

2134 4847 2444 4902 reducerem
2483 4859 2498 4897 :
2539 4856 2639 4911 qua
2672 4839 2870 4894 utinam
2902 4850 2998 4889 nos
3025 4844 3214 4888 omnes
3245 4837 3338 4900 per
3367 4829 3542 4882 omnia
3573 4826 3714 4882 fruaa

2135 4955 2274 5005 mur,
2301 4946 2354 4991 et
2383 4934 2598 5007 praemia
2628 4930 2782 4985 bonis
2808 4927 3013 4982 actibus
3041 4923 3269 4993 reposita
3299 4933 3711 5007 consequamur,

2135 5024 2302 5100 gratia
2329 5006 2395 5082 et,
2411 5021 2775 5079 misericordia
2803 5016 3010 5073 Domini
3036 5014 3201 5069 nostri
3228 5012 3354 5068 Jesu
3380 5010 3601 5074 Christi,
3625 5006 3711 5063 cui

2139 5119 2308 5191 gloria
2337 5127 2391 5174 et
2419 5115 2699 5188 imperium
2732 5118 2786 5168 in
2815 5109 3009 5167 saecula
3038 5107 3374 5164 saaculorum.
3408 5106 3598 5160 Amen.
