4060 6156
356 283 427 340 73
1076 293 1133 350 S.
1172 292 1449 350 JOANNIS
1486 290 1957 349 CHRYSOSTOMI
1994 292 2316 351 ARCIIIEP.
2347 293 2879 354 CONSTANTINOP.
3332 300 3339 305 '
3536 289 3606 345 τι

361 479 3600 513 ._______._..._______________________________________________

1714 848 2053 911 HOMILIA
2105 852 2233 916 VII.

340 1212 464 1268 Car.
495 1212 558 1267 II.
587 1228 638 1266 v.
674 1214 725 1268 4.
760 1211 826 1267 Et
864 1230 1175 1284 congregans
1202 1228 1372 1267 onmes
1398 1209 1646 1281 principes
1681 1211 1920 1264 sacerdoo

413 1316 519 1359 tum
548 1316 593 1359 et
631 1308 820 1360 scribas
847 1309 1056 1378 pepuli,
1088 1307 1431 1361 scisatabatur
1459 1304 1521 1357 ab
1549 1305 1618 1356 eis
1656 1305 1741 1357 ubi
1766 1302 1921 1357 Chri-

412 1406 520 1451 stus
548 1409 855 1451 nasceretur.
886 1398 941 1452 5.
965 1398 1029 1450 At
1063 1397 1141 1450 illi
1165 1397 1398 1450 dixerunt
1424 1397 1469 1448 ei
1496 1410 1514 1448 :
1550 1394 1603 1447 in
1629 1393 1920 1449 Bethtehem

409 1485 438 1538 J
448 1487 626 1541 uatem.

410 1580 465 1632 1.
514 1578 754 1632 Vidistin’
802 1577 978 1631 omnia
1025 1577 1092 1632 ad
1143 1568 1916 1632 Judxeornm'conl‘utationem

341 1669 638 1725 accidisse?
664 1669 925 1736 Quamdiu
947 1669 1087 1723 enim
1128 1684 1233 1723 non
1264 1668 1510 1723 videbant
1536 1684 1678 1734 eum,
1711 1684 1810 1723 nec
1837 1670 1918 1723 in-

344 1764 484 1817 vidia
514 1763 956 1832 corripiebantur,
985 1762 1285 1817 testimonia
1313 1776 1438 1816 vere
1464 1769 1519 1815 et
1547 1769 1604 1814 ut
1627 1769 1779 1815 erant
1804 1776 1925 1827 pro-

345 1851 589 1906 ferebant
621 1868 633 1904 :
666 1852 750 1905 ubi
794 1860 971 1905 autem
1016 1851 1265 1905 viderunt
1307 1852 1529 1920 gloriam
1560 1866 1623 1904 ex
1657 1851 1925 1904 miraculis

345 1951 548 2011 partam
571 1984 584 2004 ,
619 1942 812 1995 invidia
844 1942 1054 1995 demum
1085 1942 1347 2010 correpti,
1380 1943 1653 1996 veritatem
1682 1942 1926 2010 prodide-

343 2040 485 2085 runt.
510 2032 614 2086 Sed
648 2032 847 2086 veritas
869 2032 919 2085 in
941 2032 1187 2087 omnibus
1209 2032 1494 2097 eminebat,
1526 2042 1578 2085 et
1603 2032 1670 2085 ab
1698 2033 1925 2086 inimicis

343 2124 511 2193 magis
548 2124 818 2193 magisque
845 2124 1293 2192 promulgabatur.
1340 2123 1435 2177 Hic
1466 2122 1591 2175 mihi
1620 2123 1741 2177 vide
1765 2139 1921 2193 quam

325 2198 499 2279 imira,
530 2231 685 2284 quam
717 2216 975 2283 stupenda
1000 2215 1395 2284 provideantur.
1416 2215 1620 2269 Mutuas
1648 2216 1746 2269 sibi
1772 2230 1923 2270 com-

344 2305 562 2360 modant
592 2305 805 2360 notitias
849 2304 1058 2358 barbari
1102 2313 1158 2359 et
1195 2304 1398 2364 Juda-i.
1444 2306 1514 2359 ita
1549 2314 1605 2359 ut
1637 2307 1831 2376 singuli
1858 2306 1927 2361 ab

344 2398 465 2452 aliis
503 2397 772 2466 quidpiam
815 2398 935 2451 novi
965 2396 1223 2451 ediscant.
1253 2396 1420 2450 Judari
1453 2413 1680 2466 namque
1703 2412 1731 2450 a
1759 2399 1925 2465 magis

342 2488 710 2555 edidicerunt,
743 2488 882 2558 quod
911 2488 1061 2543 stella
1111 2489 1280 2556 ipsum
1316 2489 1365 2541 in
1399 2488 1678 2542 Persarum
1709 2489 1925 2558 regione

344 2577 711 2646 praedicaverit
731 2595 743 2630 :
767 2578 905 2647 magi
933 2593 962 2629 a
985 2576 1184 2631 Judaeis
1207 2586 1545 2645 acceperunt,
1576 2593 1698 2633 eum
1727 2579 1921 2647 ipsum,

344 2682 505 2736 quem
536 2668 687 2722 stella
716 2667 1116 2737 praedicaverat,
1140 2665 1248 2735 jam
1276 2681 1304 2719 a
1336 2666 1515 2720 qultis
1543 2677 1687 2721 retro
1717 2678 1924 2736 tempo-

344 2758 493 2812 ribus
522 2772 617 2826 per
644 2757 930 2828 prophetas
974 2757 1383 2825 prmnuntiatum
1428 2754 1592 2811 fuisse
1616 2774 1630 2810 :
1652 2765 1811 2826 atque
1840 2758 1923 2811 in-

344 2849 715 2921 terrogationis
733 2850 942 2903 occasio
966 2849 1207 2902 clarioris
1229 2857 1282 2902 et
1302 2848 1646 2903 accuratioris
1670 2848 1925 2904 doctrinae

342 2938 727 2993 demonstratio
778 2939 1016 3008 utrisque
1066 2939 1163 2991 fuit
1194 2955 1207 2992 :
1239 2949 1385 2993 certe
1433 2939 1672 3015 veritatis
1726 2939 1925 2994 inimici

347 3029 543 3097 scripta
574 3029 811 3083 veritatis
836 3029 1134 3083 testimonia
1161 3029 1241 3083 vel
1270 3028 1419 3083 inviti
1445 3030 1619 3099 legere
1642 3039 1922 3101 coguntur,

339 3127 394 3172 et
422 3118 754 3187 prophetiam
796 3119 1127 3188 interpretari
1155 3159 1169 3183 ,
1198 3119 1407 3174 etiamsi
1439 3134 1543 3173 non
1573 3127 1734 3173 totam
1770 3136 1925 3175 :cum

341 3208 484 3262 enim
518 3208 824 3264 Bethlebem
854 3209 1143 3274 dixissent,
1168 3218 1219 3263 et
1262 3209 1384 3263 inde
1440 3209 1767 3263 exoriturum
1805 3225 1927 3266 esse

338 3312 463 3352 eum
489 3298 578 3369 qui
626 3308 829 3368 regeret
878 3298 1125 3353 lsraelem
1146 3339 1162 3364 ,
1195 3313 1300 3352 non
1344 3297 1660 3353 addiderunt
1696 3298 1749 3353 id
1784 3300 1927 3370 quod

340 3388 683 3457 sequebatur,
709 3396 764 3443 ut
783 3389 891 3457 regi
914 3388 1278 3442 adularentur.
1300 3387 1434 3455 Quid
1456 3400 1629 3442 autem
1651 3396 1734 3443 est
1758 3388 1886 3442 illud
1902 3389 1927 3429 ?

344 3476 410 3530 Et
435 3495 661 3549 egressus
686 3479 795 3547 ejus
818 3478 880 3532 ab
897 3479 1038 3532 initio
1067 3495 1129 3531 ea:
1153 3478 1327 3532 diebus
1346 3479 1517 3533 δαῖσαιὶ
1545 3479 1623 3546 (Μ
1630 3481 1730 3531 ich.
1760 3480 1814 3534 5.
1842 3478 1923 3545 2).

342 3575 411 3629 Et
438 3590 538 3642 qua
565 3577 631 3629 de
659 3591 818 3630 causa
841 3618 854 3639 ,
887 3578 1093 3647 inquies
1113 3616 1127 3638 ,
1160 3579 1205 3632 si
1231 3578 1354 3631 inde
1378 3578 1608 3631 oriturus
1635 3588 1768 3640 erat,
1798 3586 1920 3646 post

337 3676 547 3735 partum
574 3667 625 3721 in
654 3667 878 3722 Nazaret
907 3669 1117 3733 mansit,
1148 3678 1202 3722 et
1227 3668 1557 3737 praphettam
1583 3669 1919 3723 obscuravit?

336 3755 449 3811 lmo
478 3770 582 3809 non
610 3757 931 3821 obscuravit,
964 3758 1056 3812 sed
1088 3758 1366 3813 clariorem
1398 3758 1591 3814 effecit.
1622 3758 1754 3812 Nam
1777 3758 1917 3828 quod

338 3853 509 3899 mater
533 3846 669 3912 ejus,
697 3861 815 3915 qum
846 3846 955 3902 illic
985 3847 1273 3912 habitabat,
1308 3847 1405 3901 hoc
1429 3848 1479 3901 in
1500 3848 1617 3901 loco
1634 3850 1919 3917 pepererit.

336 3934 390 3987 id
420 3944 566 3989 certe
589 3936 821 3990 ostendit
841 3952 952 3992 rem
983 3953 1075 4006 per
1097 3937 1484 4005 providentiam
1514 3938 1701 3993 factam
1734 3938 1913 3994 fuisse.

335 4025 673 4096 Quapropter
713 4042 819 4081 non
863 4028 1043 4082 statim
1075 4036 1233 4097 atque
1270 4039 1423 4082 natus
1448 4036 1565 4093 est,
1597 4027 1721 4082 hinc
1758 4030 1913 4094 exiit,

335 4118 431 4171 sed
459 4117 529 4171 ibi
561 4118 751 4173 mansit
781 4133 874 4188 per
897 4119 1010 4174 dies
1035 4119 1377 4189 quadraginta
1398 4160 1412 4184 ,
1458 4120 1630 4172 locum
1659 4119 1789 4172 dans
1817 4119 1918 4182 illis

335 4210 426 4278 qui
458 4211 652 4265 vellent
680 4212 943 4266 curiosius
973 4212 1260 4280 inquirere,
1294 4221 1346 4265 ut
1380 4222 1624 4267 accurate
1652 4213 1919 4267 examina-

335 4311 455 4356 rent
480 4301 679 4356 omnia.
710 4301 866 4355 Multa
896 4303 1089 4371 quippe
1114 4311 1268 4357 erant
1295 4318 1413 4371 quae
1439 4303 1505 4355 ad
1537 4303 1671 4357 hanc
1703 4304 1915 4373 perqui-

334 4397 581 4451 sitionem
611 4404 907 4455 moverent.
935 4396 979 4449 si
1007 4395 1218 4463 quidem
1247 4394 1523 4449 attendere
1551 4395 1766 4450 vellent.
1795 4397 1915 4451 Ete-

337 4486 443 4539 nim
474 4485 809 4541 venientibus
839 4484 1023 4554 magis,
1043 4484 1307 4538 concitata
1334 4494 1418 4537 est
1448 4484 1691 4539 universa
1713 4486 1914 4553 civitas,

336 4589 387 4631 et
417 4592 539 4632 cum
566 4577 782 4631 civitate
807 4591 902 4630 rex
929 4575 1042 4642 ipse
1067 4592 1079 4628 :
1102 4575 1357 4643 propheta
1391 4576 1440 4629 in
1483 4576 1719 4631 medium
1747 4578 1915 4632 addu-

334 4677 452 4723 ctus
494 4679 608 4733 est,
658 4668 827 4722 forum
868 4666 1122 4736 jndiciale
1173 4682 1421 4736 magnum
1474 4666 1753 4723 collectum
1801 4679 1913 4733 est;

334 4759 545 4828 aliaque
574 4759 737 4813 multa
785 4759 978 4813 ibidem
1009 4766 1155 4828 gesta
1186 4766 1343 4823 sunt,
1390 4774 1508 4827 qua:
1537 4761 1710 4813 omnia
1742 4772 1913 4814 narrat

334 4858 580 4904 accurate
611 4849 813 4913 Lucas;
844 4850 988 4904 verbi
1009 4851 1172 4919 gratia
1201 4866 1316 4917 quae
1339 4851 1401 4903 ad
1422 4852 1627 4904 Annam
1650 4862 1912 4921 speetant,

334 4955 454 5010 qute
481 4939 548 4994 ad
588 4939 888 4995 Simeonem
910 4982 926 5005 ,
975 4941 1040 4994 ad
1083 4941 1388 4995 Zachariam
1414 4983 1429 5007 ,
1475 4942 1542 4996 ad
1572 4943 1823 5012 angelos,
1854 4945 1915 4999 ad

335 5039 612 5099 pastores,
655 5045 772 5098 qua:
808 5030 984 5083 omnia
1034 5040 1275 5099 poterant
1316 5032 1379 5086 iis
1421 5031 1511 5101 qui
1556 5032 1789 5087 animum
1819 5032 1916 5087 ad-

335 5120 521 5175 bibere
550 5119 746 5174 vellent
772 5121 1107 5175 occasionem
1134 5122 1291 5185 dare,
1332 5131 1388 5175 ut
1414 5122 1553 5191 quod
1581 5122 1776 5177 factum
1806 5135 1915 5178 erat

333 5209 815 5279 deprehenderent.
862 5209 992 5264 Nam
1035 5212 1078 5265 si
1124 5214 1259 5281 magi
1304 5227 1368 5266 ex
1401 5212 1617 5267 Perside
1645 5215 1919 5271 venientes

334 5302 507 5356 locum
555 5317 659 5357 non
705 5302 1111 5371 ignoraverunt,
1145 5304 1314 5358 multo
1352 5305 1520 5374 magis
1566 5306 1639 5371 ii,
1688 5307 1775 5376 qui
1805 5308 1920 5362 istic

333 5393 703 5455 versabantur,
728 5394 840 5447 haec
863 5403 1101 5463 poterant
1130 5395 1387 5449 ediscere.
1408 5394 1540 5451 Sese
1561 5395 1719 5466 igitur
1738 5406 1919 5453 osten-

333 5484 408 5536 dit
446 5485 514 5539 ab
543 5484 693 5538 initio
722 5500 818 5553 per
856 5485 1019 5538 multa
1062 5484 1313 5539 miracula
1344 5489 1499 5554 :quia
1530 5496 1707 5543 autem
1741 5487 1920 5545 videre

334 5575 656 5643 noluerunt,
688 5592 785 5649 per
810 5576 1139 5649 aliquantum
1170 5580 1422 5649 temporis
1449 5594 1569 5637 sese
1611 5581 1917 5649 occultans,

2029 1192 2218 1248 iterum
2246 1209 2305 1249 se
2332 1195 2437 1251 alio
2462 1196 2619 1268 longe
2638 1198 2867 1257 clariore
2881 1200 3115 1259 ostendit
3138 1206 3315 1263 modo.
3335 1206 3448 1264 Non
3469 1210 3614 1269 enim

2028 1286 2166 1354 magi
2196 1285 2448 1356 deinceps
2467 1330 2482 1353 ,
2510 1305 2617 1344 non
2646 1290 2795 1345 stella
2816 1332 2831 1357 ,
2860 1293 2955 1348 sed
2984 1294 3140 1351 Pater
3163 1312 3393 1367 superne
3419 1302 3611 1370 prmdi-

2027 1376 2168 1430 cavit
2210 1376 2262 1429 in
2307 1376 2553 1433 Jordanis
2598 1378 2845 1449 ﬂuentis,
2893 1392 2949 1439 et
2995 1386 3222 1453 Spiritus
3268 1392 3606 1459 supervenit,

2021 1489 2207 1531 vocem
2240 1476 2384 1533 illam
2426 1478 2478 1533 in
2522 1480 2770 1552 baptizati
2811 1496 2970 1556 caput
3000 1486 3233 1542 atterens
3257 1506 3268 1540 :
3293 1497 3347 1543 et
3373 1488 3608 1545 Joannes

2023 1580 2143 1622 cum
2174 1567 2418 1623 libertate
2443 1574 2586 1626 omni
2626 1587 2721 1642 per
2746 1582 2908 1630 totam
2933 1576 3170 1632 Judmam
3203 1578 3484 1643 clamabat,
3517 1578 3613 1634 ba-

2021 1656 2295 1713 bitabilem
2321 1699 2335 1722 ,
2388 1660 2734 1719 inhabitatam
2782 1674 2980 1721 terram
3021 1668 3324 1736 huiusmodi
3368 1669 3609 1725 doctrina

2020 1746 2236 1815 replens
2268 1764 2281 1801 :
2312 1749 2687 1808 miraculorum
2735 1771 2947 1825 quoque
2990 1757 3380 1823 testimonium,
3427 1767 3565 1813 terra
3587 1802 3605 1826 ,

2022 1851 2171 1891 mare
2201 1838 2551 1910 universaque
2576 1852 2820 1898 creatura
2845 1846 3175 1917 splendidam
3206 1848 3303 1901 bac
3332 1848 3398 1903 de
3427 1865 3486 1903 re
3511 1865 3606 1903 vo-

2017 1940 2133 1980 cem
2160 1929 2453 1985 emittebat.
2485 1931 2603 2000 lpso
2622 1934 2779 1988 etiam
2801 1948 2983 2004 partus
2999 1947 3240 2007 tempore
3263 1948 3341 1993 tot
3360 1940 3604 1997 accidere

2016 2016 2197 2085 signa,
2225 2035 2343 2088 qua:
2372 2032 2589 2090 possent
2619 2024 2852 2081 indicare
2880 2027 3052 2097 ipsum
3082 2029 3381 2085 advenisse.
3414 2030 3493 2086 Ne
3519 2032 3603 2086 di-

2016 2117 2198 2161 cerent
2224 2109 2366 2164 enim
2394 2111 2561 2166 Judu'i
2592 2114 2904 2171 :Nescimus
2930 2119 3016 2172 ubi
3046 2119 3125 2173 vel
3157 2135 3263 2189 quo
3303 2120 3420 2175 loco
3450 2132 3604 2177 natus

2018 2198 2120 2263 sit,
2150 2199 2235 2252 illa
2262 2216 2382 2270 qua:
2406 2218 2589 2273 magos
2614 2216 2855 2275 spectant
2894 2211 3102 2279 provisa
3145 2212 3325 2278 fuere,
3371 2214 3602 2283 itemque

2016 2290 2117 2343 alia
2147 2306 2266 2359 qua:
2292 2293 2543 2361 diximus,
2574 2297 2643 2350 ita
2673 2306 2729 2351 ut
2759 2299 2957 2353 nullam
2987 2303 3380 2357 excusationem
3410 2303 3600 2358 afferre

2024 2382 2259 2449 possint,
2291 2385 2438 2453 quod
2476 2385 2534 2441 id
2570 2388 2717 2457 quod
2750 2398 2967 2461 gestum
3008 2400 3129 2444 erat
3173 2407 3283 2445 non
3326 2393 3606 2462 perquisi-

2025 2473 2235 2529 verint.

2095 2569 2149 2622 2.
2186 2569 2463 2639 Perpende
2497 2583 2673 2630 autem
2714 2578 3005 2647 pr0pheti:e
3044 2581 3456 2635 accurationem.
3491 2582 3609 2637 Non

2022 2660 2162 2710 enim
2193 2660 2351 2726 dixit,
2380 2663 2433 2715 In
2458 2663 2766 2721 Bethlebem
2791 2670 3044 2731 manebit.
3069 2671 3181 2735 sed,
3207 2671 3397 2726 Exibit.
3428 2674 3611 2744 Itaque

2021 2747 2071 2801 id
2103 2756 2303 2805 tantum
2335 2755 2610 2825 pr0phetia
2639 2760 3008 2828 exprimebat,
3039 2762 3179 2832 quod
3209 2763 3278 2818 ibi
3308 2765 3609 2821 nasciturus

2022 2851 2182 2896 esset.
2212 2845 2434 2911 Quidam
2463 2858 2643 2905 autem
2669 2867 2853 2907 eorum
2886 2853 3220 2924 impudenter
3244 2855 3459 2922 dicunt,
3493 2857 3608 2911 hazc

2020 2930 2088 2986 de
2117 2932 2444 2994 Zorobabele
2484 2943 2832 3009 praenuntiata
2882 2944 3044 3001 fuisse
3075 2964 3089 3000 :
3116 2945 3207 3001 sed
3235 2948 3505 3016 quomodo
3531 2949 3610 3003 sic

2024 3035 2246 3092 possunt
2271 3027 2601 3100 intelligere?
2625 3032 2738 3086 Non
2769 3034 2909 3087 enim
2947 3035 3196 3104 Egressus
3224 3038 3333 3108 ejus
3366 3037 3428 3090 ab
3466 3038 3608 3092 initio

2016 3130 2079 3169 ea:
2107 3116 2278 3172 diebus
2303 3122 2476 3175 saeculi
2517 3122 2702 3193 (Mica.
2732 3125 2785 3180 5.
2813 3124 2891 3193 2).
2937 3126 3216 3193 Quomodo
3244 3137 3422 3182 autem
3466 3128 3596 3183 illud

2019 3208 2159 3277 quod
2202 3210 2352 3266 initio
2379 3213 2591 3282 dicitur,
2623 3213 2708 3270 Ea:
2749 3228 2797 3271 te
2833 3217 3015 3283 exibit,
3059 3218 3113 3273 in
3142 3218 3288 3273 illum
3315 3220 3606 3274 convenire

2019 3298 2221 3366 possit?
2248 3300 2363 3356 Non
2391 3305 2531 3358 enim
2564 3306 2616 3360 in
2660 3306 2843 3363 Judaaa
2863 3348 2878 3373 ,
2922 3309 3015 3363 sed
3064 3309 3116 3364 in
3145 3310 3418 3383 Babylone
3449 3321 3604 3365 natus

2017 3399 2102 3444 est
2128 3408 2143 3445 :
2173 3393 2313 3449 unde
2351 3397 2510 3450 etiam
2542 3397 2837 3455 Zorobabel
2867 3401 3162 3470 appellatus
3198 3402 3328 3466 fuit,
3360 3403 3481 3472 quia
3527 3403 3599 3457 ibi

2014 3489 2188 3535 ortum
2214 3482 2384 3538 duxit.
2415 3487 2685 3558 Quotquot
2723 3488 2978 3560 Syrorum
3025 3491 3254 3563 linguam
3293 3493 3501 3557 sciunt,
3544 3493 3597 3547 id

2013 3572 2153 3639 quod
2202 3573 2429 3630 dicimus
2474 3592 2579 3631 non
2633 3579 2894 3648 ignorant.
2942 3582 3145 3638 Prmter
3185 3597 3247 3637 ea
3298 3598 3427 3637 vero
3477 3598 3599 3652 qua:

2010 3663 2279 3731 diximus,
2307 3677 2513 3738 tempus
2541 3680 2706 3724 totum
2736 3673 3067 3744 subsequens
3099 3675 3199 3729 hoc
3228 3675 3592 3728 testimonium

2010 3758 2328 3814 confirmare
2374 3758 2537 3812 valet.
2584 3758 2721 3824 Quid
2770 3757 2910 3811 enim
2951 3755 3115 3811 dicit?
3160 3754 3213 3809 6.
3260 3752 3592 3823 Nequaquam

2011 3851 2219 3904 minima
2248 3865 2300 3904 es
2326 3851 2378 3902 in
2409 3849 2717 3917 principibus
2747 3848 2889 3901 Iuda
2908 3889 2921 3911 ,
2950 3856 3002 3900 et
3030 3843 3354 3901 celebritatis
3377 3856 3592 3896 causam

2010 3940 2190 4010 adjicit
2236 3939 2317 3994 his
2349 3939 2562 4003 verbis,
2600 3939 2734 4005 Quia
2777 3956 2839 3992 ea:
2882 3947 2929 3991 te
2969 3937 3139 3991 exibit.
3184 3934 3373 3989 Nullus
3414 3942 3591 3987 autem

2011 4034 2147 4087 alius
2174 4032 2314 4085 hunc
2356 4031 2530 4084 locum
2558 4029 2762 4084 clarum
2808 4031 3259 4099 conspicuumque
3290 4026 3447 4089 fecit,
3492 4024 3593 4077 nisi

2011 4122 2125 4191 ipse
2150 4121 2317 4174 solus.
2355 4120 2481 4175 Post
2502 4129 2710 4191 partum
2741 4119 2937 4189 quippe
2965 4118 3111 4172 illum
3133 4133 3195 4170 ex
3227 4116 3420 4170 ﬁnibus
3448 4113 3591 4169 orbis

2011 4214 2233 4268 veniunt
2262 4214 2528 4267 visitatum
2562 4227 2803 4282 prarsepe
2831 4222 2882 4265 et
2911 4211 3099 4280 tugurii
3124 4211 3298 4264 locum
3330 4226 3342 4261 :
3373 4208 3422 4262 id
3452 4206 3587 4277 quod

2009 4304 2118 4375 jam
2146 4306 2272 4358 olim
2321 4304 2576 4374 propheta
2612 4304 2984 4374 praenuntiavit
3018 4303 3200 4357 dicens
3224 4320 3237 4356 :
3264 4300 3593 4371 Nequaquam

2012 4397 2221 4449 minima
2262 4412 2313 4450 es
2354 4397 2405 4449 in
2437 4395 2749 4465 principibus
2775 4393 2917 4447 Juda
2946 4392 3137 4460 (Mich.
3165 4393 3220 4448 5.
3255 4390 3348 4461 2);
3394 4391 3443 4444 id
3471 4399 3551 4445 est
3576 4430 3590 4454 ,

2014 4488 2155 4543 inter
2182 4488 2409 4543 tribuum
2440 4487 2728 4557 principes.
2759 4486 2960 4552 Quibus
2990 4484 3168 4538 verbis
3193 4484 3353 4539 etiam
3380 4481 3593 4536 ieroso-

2015 4579 2214 4650 lymam
2246 4577 2634 4647 complectitur.
2661 4576 2765 4631 Sed
2796 4591 2861 4630 ne
2890 4576 2965 4628 sic
2991 4574 3204 4644 quidem
3235 4572 3471 4626 animum
3498 4569 3593 4624 ad-

2017 4673 2303 4728 hibuerunt
2325 4714 2338 4733 ,
2370 4672 2577 4725 etiamsi
2610 4670 2806 4723 utilitas
2848 4667 2911 4721 ad
2954 4668 3097 4735 ipsos
3125 4666 3438 4719 dimanaret.
3473 4662 3594 4714 Ideo

2013 4766 2155 4819 enim
2183 4779 2442 4833 nusquam
2468 4762 2741 4832 pr0phetze
2761 4761 2828 4814 de
2846 4759 3100 4829 dignitate
3121 4758 3235 4823 ejus
3257 4756 3310 4809 in
3332 4754 3592 4824 principio

2014 4864 2216 4910 tantum
2264 4858 2549 4925 loquuntur
2572 4894 2587 4919 ,
2636 4859 2889 4922 quantum
2920 4851 2986 4904 de
3014 4848 3273 4904 benelicio
3299 4847 3438 4917 quod
3468 4845 3593 4914 ipsis

2013 4948 2279 5018 prmstitit.
2321 4946 2531 5000 Etenim
2574 4958 2694 4998 cum
2736 4942 2967 5012 Virginis
3005 4950 3185 5011 partus
3216 4939 3435 4993 instaret
3477 4937 3594 4998 ait,

2026 5038 2234 5093 Vocabis
2259 5054 2438 5091 nomen
2465 5037 2575 5105 ejus
2602 5033 2815 5097 Iesum;
2845 5041 2899 5086 et
2925 5031 3105 5100 adjicit
3130 5048 3143 5085 :
3166 5028 3287 5100 Ipse
3329 5029 3460 5081 enim
3493 5026 3594 5080 sal-

2015 5148 2131 5185 vum
2158 5131 2308 5202 faciet
2333 5128 2579 5199 populum
2605 5142 2751 5180 suum
2780 5140 2811 5176 a
2841 5124 3053 5194 peccatis
3082 5137 3274 5176 eorum.
3305 5119 3438 5189 Magi
3470 5133 3594 5172 vero

2018 5237 2123 5276 non
2154 5219 2420 5282 dicebant,
2464 5215 2565 5270 Ubi
2610 5223 2694 5267 est
2735 5212 2899 5266 Filius
2934 5211 3051 5277 Dei,
3082 5210 3197 5277 sed,
3233 5209 3327 5274 Qui
3356 5217 3501 5261 natus
3526 5216 3597 5259 est

2017 5329 2107 5366 rex
2130 5311 2452 5364 Iudaeorum.
2482 5305 2577 5360 llic
2603 5319 2813 5375 quoque
2856 5319 2962 5356 non
3006 5302 3169 5366 dixit,
3203 5301 3282 5355 Ex
3333 5308 3385 5354 te
3428 5297 3595 5352 exibit

2018 5403 2183 5458 Filius
2214 5400 2341 5463 Dei;
2371 5397 2489 5461 sed,
2517 5396 2654 5459 Dux,
2678 5395 2764 5464 qui
2784 5403 2923 5464 regat
2944 5392 3189 5464 papulum
3211 5406 3374 5443 meum
3407 5386 3592 5441 Israel.

2020 5491 2312 5563 Oportebat
2335 5489 2532 5559 quippe
2552 5487 2702 5540 initio
2726 5485 3008 5539 humiliore
3036 5481 3286 5551 loquendi
3310 5479 3472 5534 modo
3497 5478 3593 5539 uti,

2020 5600 2088 5641 ne
2114 5582 2229 5637 haec
2257 5581 2383 5660 ipsis
2412 5576 2732 5636 oll‘cndiculo
2757 5582 2938 5633 essent
2955 5615 2970 5643 ,
3011 5582 3065 5630 et
3091 5587 3153 5629 ea
3183 5572 3359 5628 dicere
3384 5585 3502 5641 quae
3529 5569 3599 5623 ad
