4060 6156
531 224 599 279 75
1451 214 1462 220 ’
1665 233 1733 290 IN
1773 235 2081 295 ΜΑττιιΑῑ

2231 242 2462 300 HOMIL.
2503 245 2612 301 VII.
3683 244 3751 303 η

535 405 3404 441 M

3413 423 3736 440 ﬂ

1998 559 2241 613 ΟΜῙΛῙΑ
2276 565 2347 617 Z'.

507 673 617 730 Καὶ
655 677 1018 754 συγαγαχῲν
1045 676 1275 754 {cinae
1293 677 1433 754 τοὺς
1454 680 1745 754 ἀρχιερεῖς
1770 681 1881 754 καὶ
1895 697 2078 754 τραμ;

575 746 782 818 μαζεῐς
805 746 914 818 τοῦ
949 746 1142 818 λαοῦ,
1163 746 1704 818 ἐπυνθάντέόξπὰβ
1731 746 1948 814 αὐτῶν,
1962 746 2080 802 ποῦ

581 819 613 866 ὀ
668 814 1258 885 Χριστὸς-γεννᾶται.
1292 819 1356 869 Οἱ
1401 817 1470 870 δὲ
1517 814 1692 873 εἷπον
1719 819 1879 885 αὐτῷ
1905 836 1919 850 ·
1979 819 2082 872 Ἐν

580 883 853 952 Βηθλεὲμ
891 883 1000 952 τῆς
1039 885 1340 951 Ἰουδαίας.

582 1034 836 1101 α’.·Εῐδες
873 1037 1087 1091 ἅπαντα
1111 1038 1191 1100 είς
1223 1037 1441 1109 ἔλεγχον
1468 1040 1723 1110 γινόμενα
1763 1041 2080 1109 Ἰουδαῖκόνς

514 1126 659 1192 Ἕως
695 1130 792 1199 μὲν
821 1129 929 1199 γὰρ
960 1128 1121 1182 αὐτὸν
1161 1128 1262 1182 οὐκ
1312 1129 1610 1198 ἐθεώρουν,
1663 1131 1783 1185 οὐδὲ
1835 1132 1940 1185 ὑπὸ
1986 1134 2086 1204 τῆς

514 1221 815 1290 βασκανίας
867 1219 1154 1290 ἡλίσκοντο
1184 1258 1200 1283 ,
1263 1221 1401 1289 μετὰ
1458 1220 1714 1290 ἀληθείας
1762 1222 1862 1286 τὰς
1945 1241 2085 1295 μαρ-

511 1310 702 1380 τυρίας
760 1309 1105 1378 διηγόρευονο
1161 1308 1345 1378 ἐπειδὴ
1388 1308 1445 1362 δὲ
1495 1305 1636 1364 εἶδον
1682 1310 1780 1382 τὴν
1826 1311 1936 1366 ἀπὸ
1979 1312 2086 1366 τῶν

515 1399 807 1469 θαυμάτων
867 1396 1224 1468 ἐγγινομένην
1252 1397 1298 1428 ⁸⁸
1327 1396 1482 1460 δόξαν
1509 1437 1525 1463 ,
1585 1399 1688 1451 ὑπὸ
1738 1398 1834 1452 τοῦ
1893 1398 2086 1468 φθόνου

515 1489 940 1561 κατασχεθέντες
1003 1489 1186 1541 λοιπὸν
1267 1487 1588 1558 προῦδωκαν
1643 1488 1739 1559 τὴν
1810 1487 2085 1559 ἀλήθειαν.

528 1580 667 1634 Ἀλλ’
726 1581 760 1649 ή
833 1579 1064 1650 ἀλήθεια
1133 1579 1221 1632 διά
1288 1578 1503 1631 πάντων
1575 1578 1769 1649 ᾔρετο,
1835 1580 1930 1632 καὶ
1986 1579 2090 1632 ὑπὸ

516 1671 624 1725 τῶν
671 1669 880 1742 ἐχθρῶν
917 1670 1176 1741 μειζόνως
1220 1671 1613 1740 συνεκροτεῖτο.
1650 1669 1792 1738 Ὅρα
1829 1669 1958 1738 γοῦν
1996 1671 2091 1722 καὶ

519 1758 751 1813 ἐνταῦθα
792 1757 910 1821 πῶς
946 1757 1238 1828 θαυμαστά
1282 1759 1374 1811 καὶ
1406 1756 1684 1828 παράδοξα
1731 1760 2089 1828 οἰκονομεῖται

518 1847 840 1917 πράγματα.
874 1844 1041 1916 Ὁμοῦ
1082 1862 1142 1898 τε
1183 1845 1292 1916 γὰρ
1325 1845 1418 1899 καὶ
1451 1846 1776 1916 μανθάνουσί
1826 1863 1880 1900 τι
1929 1847 2090 1900 πλέον

519 1939 648 2008 παρ’
686 1935 952 2006 ἀλλήλων,
973 1936 1066 1989 καὶ
1105 1935 1446 1990 διδάσκουσιν
1475 1935 1755 2008 ἀλλήλους,
1774 1937 1828 1990 οῖ
1862 1954 1923 1991 τε
1954 1937 2091 2010 βάρ-

520 2029 680 2099 ϐαροι
722 2025 816 2081 καὶ
863 2028 912 2080 οί
962 2027 1224 2082 Ἰουδαῖοι.
1261 2028 1325 2080 Οἱ
1374 2028 1475 2098 μὲν
1514 2030 1623 2100 γὰρ
1665 2029 1904 2082 Ἰουδαῖοι
1940 2029 2094 2101 παρὰ

522 2118 672 2192 [105]
701 2118 809 2171 τῶν
849 2118 1037 2189 μάγων
1076 2118 1296 2188 ἢκουον,
1322 2119 1406 2172 ὅτι
1454 2119 1550 2172 καὶ
1581 2119 1756 2190 ἀστὴρ
1802 2119 1962 2172 αὑτὸν
2002 2120 2096 2174 ἐπὶ

519 2211 620 2280 τῆς
645 2211 868 2282 Περσῶν
903 2207 1135 2280 ἐκήρυξε
1165 2208 1348 2280 χώρας
1370 2226 1385 2240 ο
1417 2209 1476 2282 οἱ⁸
1499 2208 1556 2262 δέ
1601 2209 1764 2279 μάγοι
1807 2209 1960 2282 παρά
1981 2208 2093 2263 τῶν

536 2302 804 2356 Ἰουδαίων
829 2301 1154 2372 ἐμάνθανον,
1191 2301 1274 2354 ὅτι
1299 2298 1510 2362 τοῦτον,
1544 2299 1602 2352 ὃν
1628 2301 1656 2352 6
1681 2299 1855 2371 ἀστὴρ
1893 2301 2094 2372 ἐκήρυ-

524 2391 582 2457 ξε
604 2392 671 2456 ⁸⁷,
703 2392 796 2446 καὶ
842 2391 1121 2462 προφῆται
1155 2389 1261 2460 πρὸ
1297 2387 1505 2442 πολλῶν
1538 2387 1743 2441 ἄνωθεν
1782 2388 2096 2459 διηγόρευον

521 2486 730 2554 χρόνων
749 2498 762 2511 ·
793 2484 888 2537 καὶ
919 2485 1018 2552 τῆς
1053 2481 1427 2552 ἐρωτήσεωςή
1462 2477 1718 2540 ὑπόθεσις
1752 2477 2096 2542 διδασκαλίας

526 2575 862 2646 σαφεστέρας
897 2591 958 2627 τε
993 2574 1089 2626 καὶ
1121 2570 1518 2642 ἀκριϐεστέρας
1563 2570 1844 2641 ἑκατέροις
1867 2569 1915 2602 ⁸⁸
1957 2569 2095 2623 ἀπό-

524 2665 691 2732 δειξις
722 2665 946 2733 γέγονε·
981 2663 1074 2716 καὶ
1103 2662 1154 2714 οί
1197 2661 1296 2732 τῆς
1332 2659 1591 2730 ἀληθείας
1622 2659 1808 2730 ἐχθροὶ
1845 2659 1916 2713 τὰ
1955 2659 2096 2730 ὑπὲρ

525 2756 622 2825 τῆς
639 2753 891 2826 ἀληθείας
915 2752 1009 2806 καὶ
1029 2752 1250 2813 ἄκοντες
1277 2748 1677 2817 ἀναγκάζονται
1705 2747 2098 2818 ἀναγινώσκειν

525 2845 849 2918 γράμματα,
880 2843 974 2898 καὶ
1010 2844 1108 2913 τὴν
1154 2840 1492 2913 προφητείαν
1533 2839 1885 2910 ἑρμηνεύειν,
1920 2840 1968 2892 εί
2004 2841 2099 2892 καὶ

524 2950 598 3017 μὴ
638 2951 838 3004 πᾶσαν.
885 2951 1141 3014 Είπόντες
1174 2950 1282 3022 7&9
1321 2949 1421 3022 τὴν
1467 2949 1734 3020 Βηθλεέμ,
1770 2951 1862 3004 καὶ
1902 2946 1982 3004 ὅτι
2029 2949 2090 3015 ἐξ

521 3039 688 3108 αὐτῆς
719 3039 1058 3105 ἐξελεύσεται
1087 3043 1116 3094 6
1153 3040 1458 3111 ποιμαίνων
1498 3041 1588 3094 τὸν
1627 3043 1873 3112 Ἰσραὴλ,
1901 3041 2088 3096 λοιπὸν

520 3128 702 3182 οὐκέτι
731 3131 1078 3203 προσέθηκαν
1103 3132 1163 3186 τὸ
1204 3132 1349 3202 ἑξῆς,
1383 3131 1767 3195 κολακεύοντες
1800 3134 1890 3186 τὸν
1937 3133 2090 3203 βασι-

521 3218 638 3273 λέα.
669 3221 733 3273 Τί
754 3222 811 3274 δὲ
842 3222 1003 3275 τοῦτο
1023 3219 1124 3293 ἦνς
1156 3223 1278 3276 ’Ότι
1309 3225 1379 3277 Al
1411 3222 1607 3286 ἔξοδοι
1633 3223 1816 3277 αὐτοῦ
1852 3224 1952 3278 ἀπ’
1982 3224 2088 3292 ἀρ-

521 3310 638 3380 χῆς
681 3301 765 3377 ἐξ
798 3313 1032 3382 ἡμερῶν
1059 3313 1294 3380 αἰῶνος.
1340 3315 1450 3368 Kal
1481 3315 1625 3378 τίνος
1667 3315 1872 3376 ἕνεκεν,
1903 3317 2086 3386 φησὶν,

520 3407 569 3458 εἰ
598 3405 806 3458 ἐκεῖθεν
837 3405 1026 3476 ἔμελλε
1057 3404 1454 3476 παραγίνεσθαι
1480 3405 1548 3468 ⁸³,
1581 3407 1640 3458 ἐν
1668 3405 1922 3477 Ναζαρὲτ
1955 3407 2090 3476 μετά

519 3495 612 3548 τὸν
657 3495 815 3571 τόκον
852 3496 1026 3567 διῆγε,
1078 3496 1172 3549 καὶ
1219 3495 1537 3560 συνεσκίαζε
1583 3497 1681 3567 τήν
1721 3497 2086 3569 προφητείαν;

523 3586 633 3640 Kal
661 3585 765 3657 μὴν
787 3587 848 3639 οὐ
873 3587 1245 3650 συνεσκίασεν,
1273 3587 1407 3640 ἀλλά
1427 3587 1520 3640 καὶ
1547 3587 1748 3657 μᾶλλον
1771 3587 2088 3656 ἐξεκάλυψε.

521 3678 596 3730 Tb
621 3677 751 3749 7&9,
769 3678 885 3730 ἐκεῖ
902 3677 1003 3747 τῆς
1029 3679 1232 3748 μητρὸς
1257 3678 1509 3748 οίκούσης
1533 3678 1839 3741 διαπαντὸς,
1860 3677 2092 3731 ἐνταῦθα

522 3767 841 3838 γεννηθῆναι
875 3768 1144 3821 δείκνυσιν
1185 3767 1245 3832 ἐξ
1273 3767 1582 3838 οἰκονομίας
1605 3769 1668 3820 τὸ
1696 3770 1928 3839 πρᾶγμα
1950 3765 2095 3836 γινό-

525 3874 703 3927 μενον.
722 3859 823 3911 Διά
847 3875 928 3912 τοι
949 3859 1107 3912 τοῦτο
1127 3860 1244 3914 οὐδὲ
1265 3860 1464 3922 εὐθέως
1481 3859 1691 3929 τεχθεὶς
1707 3859 1928 3930 ἐξῆλθεν
1950 3861 2091 3913 ἐκεῖ·

524 3947 614 4002 θεν
625 3950 693 4012 νο,
713 3949 825 4002 ἀλλ’
845 3951 1097 4019 ἐποίησεν
1113 3951 1322 4021 ἡμέρας
1343 3950 1765 4022 τεσσαράκοντα,
1781 3953 1890 4013 τοῖς
1909 3951 2103 4020 βουλοέ

526 4039 701 4108 μένοις
715 4041 1168 4112 περιεργάζεσθαι
1185 4041 1356 4104 διδοὺς
1375 4041 1512 4112 μετὰ
1526 4041 1808 4111 ἀκριϐείας
1822 4040 2091 4106 ἐξετάζειν

523 4130 756 4184 ἅπαντα.
792 4132 904 4185 Καὶ
948 4131 1057 4202 7&9
1089 4131 1260 4184 πολλά
1303 4128 1370 4203 ἦν
1413 4132 1480 4185 τά
1509 4132 1761 4185 κινοῦντα
1807 4133 1942 4203 πρὸς
1986 4131 2087 4202 τὴν

519 4221 776 4292 τοιαύτην
821 4223 1071 4294 ζήτησιν,
1112 4223 1166 4276 ετ
1201 4240 1264 4292 γε
1311 4222 1599 4294 προσέχειν
1648 4221 1946 4277 ἐϐούλοντο.
1981 4223 2092 4275 Kal

521 4311 628 4382 7&9
661 4311 925 4367 ἐλθόντων
947 4313 1058 4366 τῶν
1081 4312 1288 4384 μάγων,
1317 4311 1667 4384 ἀνεπτερώθη
1690 4313 1837 4366 πᾶσα
1861 4314 1895 4382 ἡ
1918 4312 2088 4379 πόλις,

522 4403 616 4454 καὶ
657 4402 795 4472 μετά
824 4403 928 4471 τῆς
973 4402 1180 4468 πόλεως
1211 4405 1240 4456 6
1285 4402 1533 4472 βασιλεὺς
1555 4443 1569 4469 ,
1604 4403 1699 4456 xal
1735 4403 1766 4454 6
1809 4404 2086 4474 προφήτης

524 4491 601 4554 εἰς
635 4491 799 4560 μέσον
833 4492 1132 4562 παρήγετο,
1175 4491 1270 4544 xal
1297 4491 1645 4562 δικαστήριον
1681 4490 1934 4561 μέγιστον
1969 4509 2098 4543 συν-

522 4583 814 4652 εκροτεῖτο,
839 4583 933 4636 καὶ
961 4583 1126 4653 ἕτερα
1149 4582 1205 4636 δὲ
1232 4581 1454 4636 πλείονα
1479 4581 1696 4650 γέγονεν
1722 4581 1930 4646 αὐτόθι,
1950 4583 2094 4651 άπερ

519 4673 552 4725 6
577 4675 793 4736 Λουκᾶς
824 4672 965 4744 μετά
989 4672 1274 4744 ἀκριϐείας
1309 4673 1575 4744 διηγεῖται
1605 4672 1850 4727 ἅπαντα·
1881 4668 1992 4727 οἷον
2022 4674 2091 4726 τὰ,

521 4764 664 4818 κατά
687 4765 785 4834 τὴν
808 4766 1024 4830 Ἀνναν,
1047 4764 1143 4819 καὶ
1166 4765 1260 4818 τὸν
1291 4762 1534 4836 Συμεὼν,
1565 4764 1776 4819 καὶτὸν
1796 4766 2086 4835 Ζαχαρίαν,

521 4854 618 4907 καὶ
653 4854 780 4914 τοὺς
805 4853 1090 4923 ἀγγέλους,
1117 4855 1212 4908 καὶ
1237 4855 1364 4918 τοὺς
1391 4853 1672 4924 ποιμένας,
1707 4854 1850 4926 άπερ
1874 4853 2093 4908 ἅπαντα

521 4947 635 5008 τοῖς
689 4943 1045 5013 προσέχουσιν
1092 4945 1252 4999 ίκανά
1289 4941 1356 5016 ἦν
1403 4949 1704 5017 παρασχεῖν
1741 4945 1992 5014 ἀφορμὰς
2032 4945 2092 4999 τὸ

523 5031 677 5105 [104]
728 5034 1089 5103 γεγενημένον
1136 5035 1331 5108 εὑρεῖν.
1397 5037 1460 5089 Εἰ
1505 5036 1614 5107 7&9
1668 5035 1776 5089 ἀπὸ
1835 5035 2093 5107 Περσίδος

525 5123 772 5187 ἐλθόντες
809 5123 859 5176 οί
906 5123 1070 5194 μάγοι
1108 5125 1207 5178 οὐκ
1245 5127 1518 5197 ἠγνόησαν
1562 5127 1653 5181 τὸν
1682 5127 1845 5181 τόπον
1864 5169 1878 5193 ,
1914 5127 2092 5198 πολλῷ

527 5221 724 5290 μᾶλλον
750 5223 799 5275 οί
832 5223 950 5276 ἐκεῖ
975 5223 1339 5295 διατρίϐοντες
1365 5227 1538 5284 ταῦτα
1577 5230 1770 5302 μαθεῖν
1806 5231 2085 5301 ὴδύναντο.

527 5310 734 5377 Ἔδειξε
763 5313 863 5384 μὲν
895 5310 990 5368 οὖν
1017 5314 1076 5380 ἐξ
1105 5316 1278 5387 ἀρχῆς
1306 5320 1496 5374 ἐαυτὸν
1525 5323 1614 5376 διὰ
1638 5323 1848 5376 πολλῶν
1876 5324 2088 5395 θαυμά-

523 5419 654 5457 τωνο
691 5405 878 5477 ἐπειδὴ
907 5405 963 5460 δὲ
1001 5405 1102 5460 οὐκ
1131 5407 1400 5480 ἠθέλησαν
1433 5413 1580 5478 ἰδεῖν,
1620 5413 1834 5486 κρύψας
1867 5414 1956 5469 τὸν
1989 5433 2088 5486 με·

2189 686 2322 751 ταξὺ
2370 688 2556 758 χρόνον
2614 688 2840 751 ἑαυτὸν,
2881 691 3043 744 πάλιν
3087 689 3148 755 ἐξ
3197 691 3389 762 ἐτέρας
3436 694 3754 764 ἀπεκάλυψε

2190 777 2571 848 λαμπροτέρας
2595 779 2787 849 ἀρχῆς.
2814 781 2947 834 Οὐδὲ
2979 780 3088 853 γὰρ
3118 783 3168 834 οἱ
3206 783 3369 852 μάγοι
3400 783 3605 847 λοιπὴν,
3634 787 3756 838 οὐδὲ

2190 868 2219 920 ὁ
2238 866 2434 938 ἀστὴρ,
2456 867 2571 920 ἀλλ’
2602 869 2630 920 ὁ
2665 869 2854 940 Πατὴρ
2889 871 3096 924 ἀνωθεν
3125 873 3420 943 ἐκήρυττεν
3441 874 3486 904 ⁸³
3518 874 3610 926 ἐπὶ
3646 875 3755 926 τῶν

2203 958 2539 1028 Ἰορδανείων
2572 958 2801 1030 ῥείθρων
2823 977 2838 990 ο
2869 960 2962 1013 καὶ
2987 961 3046 1013 τὸ
3067 962 3292 1032 Πνεῦμα
3324 963 3380 1015 δέ
3402 965 3448 994 ⁹²
3473 964 3754 1032 ἐπεφοίτα,

2189 1048 2290 1117 τὴν
2318 1048 2499 1119 φωνην
2525 1049 2738 1118 ἐκείνην
2762 1049 2918 1103 ’ἐλκον
2946 1051 3036 1104 ἐπὶ
3055 1053 3150 1122 τήν
3173 1053 3410 1122 κεφαλὴν
3442 1053 3535 1108 τοῦ
3559 1055 3757 1124 βαπτι-

2192 1138 2418 1208 ζομένου
2443 1157 2455 1170 ·
2489 1141 2580 1193 καὶ
2614 1141 2864 1211 Ἰωάννης
2891 1142 3026 1212 μετά
3055 1145 3363 1213 παρρησίας
3381 1147 3597 1216 ἀπάσης
3621 1163 3758 1199 παν-

2191 1230 2356 1300 ταχοῦ
2396 1232 2494 1301 τῆς
2527 1231 2786 1295 Ἰουδαίας
2815 1232 2962 1293 ἐϐόα,
2999 1233 3097 1303 τὴν
3128 1235 3470 1303 οἰκουμένην,
3505 1235 3602 1306 τὴν
3643 1237 3758 1289 ἀοί-

2191 1337 2355 1391 κητον
2391 1323 2490 1392 τῆς
2520 1322 2772 1391 τοιαύτης
2803 1322 3145 1387 διδασκαλίας
3173 1324 3416 1394 πληρῶν·
3458 1326 3554 1379 καὶ
3586 1328 3617 1392 ή
3651 1326 3758 1378 τῶν

2192 1410 2483 1481 θαυμάτων
2510 1411 2566 1464 δέ
2602 1411 2894 1481 μαρτυρία,
2931 1412 3024 1464 καὶ
3054 1413 3147 1482 γῆ,
3177 1414 3272 1465 καὶ
3312 1414 3568 1478 θάλαττα,
3601 1417 3693 1468 καὶ
3722 1415 3758 1484 ἡ

2192 1501 2368 1565 κτίσις
2405 1501 2591 1555 ἅπασα
2631 1502 2891 1572 λαμπρὰν
2937 1503 3076 1571 ὑπὲρ
3127 1503 3290 1556 αὑτοῦ
3345 1507 3495 1574 ἠφίει
3551 1508 3756 1578 φωνήν.

2193 1591 2352 1661 Παρὰ
2397 1592 2456 1644 δέ
2496 1591 2587 1645 τὸν
2623 1593 2811 1662 καιρὸν
2857 1591 2964 1645 τῶν
3005 1593 3208 1646 ὠδίνων
3246 1595 3484 1649 τοσαῦτα
3515 1596 3756 1663 ἐγίνετο,

2192 1678 2292 1732 ὅσα
2316 1681 2462 1742 εἰκὸς
2492 1681 2676 1752 ἡρέμα
2709 1681 2879 1746 δεῖξαι
2905 1679 2996 1732 τὸν
3037 1683 3469 1750 παραγεγονότα.
3499 1684 3614 1736 Ἵνα
3649 1684 3762 1755 7&9

2197 1769 2272 1841 μὴ
2293 1769 2521 1838 λέγωσιν
2540 1773 2590 1824 οί
2623 1773 2863 1826 Ἰουδαῖοι
2879 1773 2948 1837 ⁸⁸,
2967 1774 3050 1826 ὃτι
3075 1775 3176 1828 οὐκ
3200 1774 3360 1844 ἴσμεν
3381 1775 3510 1827 πότε
3541 1773 3760 1845 ἐτέχθη,

2193 1860 2311 1914 οὺδέ
2335 1862 2393 1913 ἐν
2426 1862 2563 1934 ποίῳ
2585 1863 2794 1933 χωρίῳ,
2824 1863 2896 1916 τά
2925 1881 2984 1917 τε
3017 1864 3157 1918 κατά
3188 1867 3313 1929 τοὺς
3347 1866 3553 1935 μάγους
3584 1867 3764 1920 πάντα

2193 1953 2539 2025 ᾤκονομήθη,
2579 1957 2676 2009 καὶ
2702 1954 2771 2009 τὰ
2798 1955 2934 2010 ἀλλα
2961 1957 3104 2027 ἅπερ
3136 1959 3437 2029 εἰρήκαμεν
3455 1974 3469 1988 ⁶
3502 1957 3642 2011 ὥστε
3665 1959 3761 2011 οὗ-

2194 2045 2384 2115 δεμίαν
2426 2045 2606 2101 αἰτίαν
2657 2046 2725 2101 ἂν
2769 2045 2942 2117 ἔχοιεν
2971 2048 3177 2114 εἰπεῖν,
3225 2049 3300 2120 μὴ
3340 2048 3671 2120 ζητήσαντες
3698 2050 3765 2103 τὸ

2194 2136 2576 2207 γεγενημένον.

2269 2231 2333 2302 β’.
2351 2231 2630 2284 Σκόπειδέ
2651 2231 2742 2285 καλ⁸
2763 2232 2860 2301 τῆς
2878 2231 3210 2304 προφητείας
3237 2231 3336 2300 τὴν
3358 2230 3659 2302 ἀκρίϐειαν.
3682 2231 3763 2284 Οὐ

2195 2319 2306 2390 7&9
2334 2313 2508 2383 εἶπεν,
2544 2318 2625 2370 δτι
2654 2320 2713 2371 ἐν
2747 2319 2994 2390 Βηθλεέμ
3024 2321 3195 2390 μενεῖ,
3228 2318 3367 2382 ἀλλ’,
3397 2317 3759 2384 ἐξελεύσεται.

2199 2410 2361 2462 Ὥστε
2396 2408 2670 2462 καὶτοῦτο
2707 2408 3043 2480 προφητείας
3064 2403 3154 2479 ἦν,
3188 2409 3251 2461 τὸ
3285 2407 3610 2479 γεννηθῆναι
3647 2410 3766 2461 ἐκεῖ

2200 2500 2379 2569 μόνον.
2407 2499 2563 2562 Τινὲς
2585 2499 2640 2552 δέ
2667 2498 2848 2553 αὐτῶν
2869 2498 3350 2570 ἀναισχυντοῦντές
3373 2499 3423 2530 νδ
3451 2515 3604 2568 φασι,
3633 2498 3763 2569 περὶ

2196 2591 2291 2644 τοῦ
2326 2589 2628 2662 Ζοροϐάϐελ
2654 2589 2826 2643 ταῦτα
2869 2589 3152 2660 εἰρῆσθαι⁸
3195 2591 3291 2644 καὶ
3323 2589 3439 2653 πῶς
3478 2589 3545 2642 ἂν
3591 2588 3766 2658 ἔχοιεν

2197 2681 2389 2751 λόγον;
2416 2682 2490 2736 Οὐ
2515 2681 2622 2752 γὰρ
2660 2681 2748 2752 δὴ.
2783 2684 2840 2735 al
2868 2680 3074 2748 ,ἔξοδοι
3111 2681 3298 2735 αὑτοῦ
3334 2681 3435 2734 ἀπ’
3465 2679 3658 2748 ἀρχῆς
3694 2679 3766 2743 ἐξ

2196 2772 2432 2842 ἡμερῶν
2461 2771 2696 2838 αίῶνος.
2723 2772 2848 2836 Πῶς
2875 2773 2930 2825 δέ
2955 2773 3014 2825 τὺ
3052 2773 3110 2825 ἐν
3137 2773 3277 2843 ἀρχῇ
3303 2771 3511 2842 λεχθὲν,
3541 2771 3623 2824 ὅτι
3662 2771 3764 2824 Ἔδι

2199 2863 2316 2917 σοῦ
2341 2863 2740 2929 ἐξελεύσεται,
2777 2863 3064 2934 ἁρμόσειεν
3097 2862 3164 2916 ἂν
3208 2861 3425 2932 ἐκείνῳ;
3457 2862 3530 2914 Οὐ
3559 2861 3668 2932 7&9
3704 2861 3764 2912 ἐν

2198 2957 2266 3025 τῇ
2302 2953 2549 3024 Ἰουδαίᾳ,
2595 2953 2709 3008 ἁλλ’
2738 2954 2797 3006 ἐν
2828 2957 2894 3024 τῇ
2942 2952 3232 3016 Βαϐυλῶνι,
3259 2953 3451 3023 ἐτέχθη
3471 2968 3485 2982 ο
3516 2952 3637 3005 ὅθεν
3673 2951 3767 3003 καὶ

2201 3048 2502 3118 Ζοροϐάϐελ
2523 3046 2673 3119 [105]
2712 3047 2940 3118 ἐκλήθη.
2969 3046 3058 3099 διὰ
3081 3046 3142 3099 τὸ
3169 3046 3285 3098 ἐκεῖ
3323 3045 3616 3115 σπαρῆναι.
3655 3042 3769 3096 Kal

2201 3137 2314 3190 ὅσοι
2347 3136 2444 3209 τὴν
2474 3137 2662 3209 Σύρων
2696 3138 2844 3190 ίσασι
2885 3136 3152 3204 γλῶτταν,
3188 3135 3334 3188 ἴσασι
3367 3134 3428 3186 τὺ
3454 3133 3767 3203 λεγόμενον.

2200 3225 2358 3280 Μετά
2397 3226 2454 3279 δὲ
2493 3226 2603 3279 τῶν
2640 3225 2964 3296 εἰρημένων.
2995 3226 3088 3277 καὶ
3119 3227 3146 3277 6
3170 3220 3315 3295 ’μετά
3361 3224 3532 3277 ταῦτα
3579 3224 3770 3292 χρόνος

2203 3323 2347 3384 ἅπας
2376 3320 2559 3382 ίκανὺς
2593 3319 2859 3388 συστῆσαι
2884 3318 2982 3388 τὴν
3016 3315 3334 3386 μαρτυρίαν.
3356 3314 3424 3367 Τί
3443 3313 3552 3384 γάρ
3574 3329 3767 3382 φησιν;

2204 3409 2485 3479 Οὐδαμῶς
2514 3408 2805 3477 ἐλαχίστη
2843 3403 2901 3460 εἷ
2939 3407 3009 3458 ἐν
3048 3405 3171 3470 τοῖς
3218 3405 3507 3473 ἡγεμόσιν
3543 3402 3768 3457 Ἰούδιιο

2201 3500 2296 3552 καὶ
2329 3500 2430 3570 τὴν
2469 3498 2646 3551 αἰτίαν
2678 3496 3004 3567 προστίθησι
3038 3495 3136 3564 τῆς
3171 3491 3545 3563 περιφανείας,
3576 3490 3768 3558 λέγων,

2200 3591 2306 3652 ὃτι,
2339 3589 2409 3642 ἐκ
2438 3588 2555 3642 σοῦ
2578 3587 2980 3652 ἐξελεύσεται.
3002 3585 3192 3648 Οὐδεὶς
3218 3584 3274 3638 δὲ
3301 3584 3486 3654 ἕτερος
3516 3583 3770 3654 λαμπρὸν

2201 3682 2295 3736 καὶ
2316 3679 2609 3752 περιφανὲς
2637 3681 2811 3732 ἐκεῖνο
2832 3677 2892 3731 τὸ
2919 3674 3117 3748 χωρίον
3157 3674 3431 3746 ἐποίησεν,
3457 3673 3571 3728 ἀλλ’
3608 3673 3642 3744 ἢ
3683 3675 3773 3745 μό-

2201 3789 2290 3836 νος
2343 3770 2525 3832 αὐτός.
2566 3767 2720 3822 Μετά
2749 3755 2880 3836 γοῦν
2915 3765 3007 3819 τὸν
3055 3764 3213 3818 τόκον
3245 3765 3472 3827 ἐκεῖνον,
3508 3761 3615 3816 ἀπὸ
3661 3763 3772 3816 τῶν

2204 3861 2456 3931 περάτων
2504 3859 2606 3929 τῆς
2656 3859 2979 3929 οίκουμένης
3046 3856 3296 3928 ἔρχονται
3353 3854 3606 3925 ὀψόμενοι
3674 3853 3772 3924 τὴν

2204 3952 2407 4022 φάτνην
2439 3950 2532 4004 καὶ
2562 3949 2662 4018 τῆς
2689 3947 2930 4018 καλύϐης
2958 3946 3048 4000 τὸν
3086 3947 3252 3999 τόπον
3271 3961 3286 3976 ⁸
3321 3946 3461 4015 ὅπερ
3495 3943 3699 3998 ἄνωθεν
3744 3943 3774 3994 6

2205 4043 2490 4112 προφήτης
2541 4039 2956 4109 προανεφὼνησε
2978 4076 2992 4099 ,
3033 4036 3204 4104 λέγων
3227 4052 3240 4064 '
3294 4032 3575 4102 Οὐδαμῶς
3633 4034 3772 4087 ἐλα-

2205 4135 2382 4202 χίστη
2419 4128 2478 4185 εἷ
2518 4131 2588 4183 ἐν
2614 4129 2732 4193 τοῖς
2777 4128 3069 4198 ἡγεμόσιν
3121 4125 3344 4180 Ἰούδαο
3388 4123 3683 4185 τουτέστιν,
3713 4125 3772 4177 ἐν

2203 4227 2312 4286 τοῖς
2338 4222 2652 4292 φυλάρχοις.
2689 4219 2858 4272 Τοῦτο
2881 4218 2940 4270 δὲ
2972 4215 3140 4270 εἰπὼν
3165 4216 3260 4269 καὶ⁵
3290 4214 3390 4285 τὴν
3419 4211 3771 4284 Ἰερουσαλὴμ

2206 4313 2548 4385 περιέλαϐεν.
2603 4310 2739 4364 Ἀλλ’
2770 4309 2892 4363 οὐδὲ
2933 4307 3077 4361 οὓτω
3115 4307 3423 4378 προσεῖχον,
3454 4303 3631 4357 καίτοι
3670 4302 3770 4372 τῆς

2204 4405 2467 4475 ὠφελείας
2487 4405 2568 4466 είς
2587 4402 2785 4464 αὐτοὺς
2810 4397 3209 4466 διαϐαινούσης.
3240 4397 3350 4464 Kal
3373 4394 3484 4465 7&9
3501 4392 3589 4447 διὰ
3613 4390 3773 4445 τοῦτο

2205 4495 2440 4566 οὐδαμοῦ
2479 4494 2609 4567 περὶ
2649 4493 2750 4564 τῆς
2797 4491 2949 4556 ἀξίας
2987 4487 3151 4544 αὐτοῦ
3184 4487 3516 4554 διαλέγονται
3546 4485 3595 4536 οί
3633 4499 3770 4554 προσ

2206 4591 2374 4659 φῆται
2412 4589 2471 4640 ἐν
2499 4587 2642 4658 ἀρχῇ
2672 4583 2946 4646 τοσοῦτον,
2988 4583 3112 4635 ὅσον
3152 4578 3281 4651 περὶ
3313 4577 3415 4648 τῆς
3454 4574 3773 4644 εὐεργεσίας

2203 4679 2304 4749 τῆς
2331 4676 2462 4750 παρ’
2489 4674 2652 4730 αὑτοῦ
2677 4673 2974 4745 γενομένης
3003 4673 3083 4734 είς
3109 4668 3322 4732 αὐτούς.
3341 4667 3452 4721 Kal
3479 4665 3588 4737 7&9
3608 4665 3770 4735 ήνίκα

2206 4769 2414 4823 ἔτικτεν
2441 4769 2474 4839 ή
2499 4766 2789 4838 παρθένος·
2818 4763 3132 4827 Καλέσας,
3157 4759 3312 4830 φησὶ,
3336 4759 3403 4812 τὸ
3443 4757 3628 4827 ὄνομα
3660 4758 3769 4810 αὑ-

2204 4860 2312 4914 τοῦ
2343 4857 2603 4928 Ἰησοῦν⁸
2627 4855 2722 4910 καὶ
2758 4853 2956 4922 ἐπάγει
2989 4850 3162 4918 λέγων
3180 4866 3193 4878 ·
3223 4847 3414 4913 Αὐτὸς
3439 4845 3552 4916 γὰρ
3589 4844 3773 4899 σώσει

2193 4951 2311 5006 ’τὸν
2331 4950 2487 5004 λαὸν
2518 4947 2704 5005 αὐτοῦ
2735 4944 2854 5001 ἀπὸ
2880 4943 2999 4996 τῶν
3017 4938 3314 5012 ἁμαρτιῶν
3337 4938 3554 4994 αὐτῶν.
3590 4937 3700 4990 Kal
3722 4937 3770 4990 οί

2210 5040 2449 5112 μάγοιδέ
2475 5041 2576 5093 οὐκ
2601 5038 2806 5106 ἐλεγον,
2831 5034 2934 5090 ποῦ
2956 5038 3102 5088 ἐστιν
3131 5036 3160 5088 6
3189 5033 3317 5097 Υἱὸς
3347 5031 3442 5085 τοῦ
3475 5029 3632 5094 Θεοῦ,
3656 5027 3772 5082 άλλ⁹

2218 5133 2282 5185 '0
2307 5131 2538 5200 τεχθεὶς
2563 5128 2862 5195 βασιλεὺς
2897 5126 3016 5181 τῶν
3044 5124 3364 5182 Ἰουδαίων.
3404 5121 3514 5176 Kal
3543 5117 3774 5173 ἐνταῦθα

2208 5224 2370 5278 πάλιν
2398 5223 2496 5276 οὐκ
2525 5217 2699 5286 εἶπεν,
2732 5222 2812 5274 ὅτι
2849 5221 2914 5273 ἐκ
2945 5215 3038 5272 σοῦ
3081 5214 3422 5283 ἐξελεύσεται
3461 5213 3489 5265 6
3517 5209 3646 5272 Υίὸς
3676 5205 3772 5259 τοῦ

2208 5316 2372 5371 Θεοῦ·
2421 5315 2534 5369 ἀλλ’
2567 5315 2935 5383 Ἠγούμενος,
2971 5309 3141 5374 ὅστις
3180 5302 3458 5376 ποιμανεῖ
3490 5301 3594 5353 τὸν
3621 5297 3775 5353 λαόν

2205 5426 2324 5480 μου
2353 5409 2460 5462 τὸν
2491 5403 2748 5474 Ἰσραήλ.
2782 5402 2932 5456 Ἔδει
2959 5400 3068 5471 7&9
3107 5396 3203 5451 καὶ
3233 5385 3774 5463 συγκαταϐατικώτεο

598 5688 644 5719 ⁸⁸
679 5688 1064 5774 ἐπιγινομένην
1102 5689 1162 5742 ι).
1197 5687 1258 5744 F.
1293 5687 1420 5771 ξαν.
1468 5688 1542 5732 ι⁸⁷
1575 5687 1877 5812 ἀνεκίὲρυξε
1905 5686 2042 5769 Ιεξόᾶ.
2089 5757 2090 5761 η

598 5776 623 5811 ν
661 5758 895 5812 ἐκειθεν1
927 5755 1091 5812 ἦλθεν
1135 5757 1199 5812 F.
1232 5774 1318 5812 cun
1364 5757 1549 5812 favent
1588 5759 1692 5812 An.
1773 5774 1826 5812 ο.
1860 5758 2084 5812 ἐξηλθεν

2199 5683 2466 5756 ἑκατέροις
2488 5698 2596 5739 om.
2621 5681 2682 5738 F.
2717 5682 2822 5736 An.
2898 5679 2944 5710 “
2970 5671 3373 5756 παραγενέσθαι
3393 5667 3456 5724 F.
3533 5667 3580 5700 ”
3610 5663 3761 5751 ἐξῆλ-

2199 5758 2303 5811 .θεν
2332 5771 2415 5812 nr.
2459 5754 2518 5810 Ι).
2624 5755 2665 5785 “¹
2709 5751 3074 5812 ἀνεκήρυττεν
3114 5746 3172 5797 ι).
3217 5743 3277 5796 l3.
3380 5742 3425 5772 ⁹¹
3463 5738 3520 5793 δέ
3551 5753 3658 5792 om.
3696 5733 3761 5790 l'.

532 5756 623 5830 θεν
661 5755 1330 5830 ἐκεῖθνενὶ’ήλθενῌι⁵“.νευίν
1364 5757 1549 5830 favent
1588 5759 1692 5830 An,

1773 5774 1826 5828 p.
1860 5755 2108 5837 Egjmey]
2141 5753 2303 5837 ἥλῳ
2319 5753 2415 5837 ἰὴ.
2459 5754 2518 5810 D.

2624 5733 2681 5785 ἶί
2709 5733 3074 5821 ἀνεκήρυττεν
3114 5733 3172 5797 ὑ.
3217 5743 3277 5796 Ε.
3380 5742 3425 5772 ⁹¹
3463 5738 3520 5793 δέ
3551 5753 3658 5792 om.
3696 5733 3761 5790 l".

537 5827 582 5858 ’³
614 5830 661 5879 οί
696 5826 932 5882 Ἰουδαῖοι
949 5826 1070 5884 ⁷οιιι.
1093 5828 1154 5885 F.
1180 5829 1278 5898 Ep.
1309 5829 1413 5886 Au.
1449 5829 1601 5884 Arn).
1677 5829 1723 5861 ⁸⁵
1749 5826 2090 5889 ἀναισθητοῦε

2199 5826 2286 5885 :F.
2319 5828 2417 5896 Ep.
