4060 6156
358 192 430 249 75
1039 193 1098 249 S.
1131 190 1415 248 JOANNIS
1446 182 1936 247 CHRYSOSTOMI
1969 182 2289 241 ARCIIIEP.
2331 183 2874 244 CONSTANTINOP.
3526 178 3590 232 76

362 317 452 370 ρον
479 298 820 367 διαλέγεσθαι
857 297 916 352 ἐν
945 300 1271 370 προοιμίοις,
1309 299 1397 353 ἵνα
1429 298 1502 369 μὴ
1533 296 1922 360 σκανδαλίζων-

355 405 466 457 ται,
500 392 595 444 καὶ⁸
622 391 690 444 τὰ
713 389 842 459 περὶ
873 389 971 458 τῆς
1005 388 1279 458 σωτηρίας
1297 387 1473 442 αὐτῶν
1502 386 1809 457 κηρύττειν,
1839 385 1925 438 ἵνα

355 483 531 552 τούτῳ
564 480 761 551 μᾶλλον
789 479 1108 547 ἐνάγωνται.
1135 480 1296 532 Ὅσαι
1318 477 1446 548 γοῦν
1480 476 1694 548 πρῶται
1735 476 1925 547 φέρον-

354 589 446 626 ται
472 572 517 604 ⁸⁸
547 569 861 642 μαρτυρίαι,
899 569 996 622 καὶ
1033 561 1109 622 ὧν
1139 567 1340 631 εὐθέως
1372 567 1522 637 παρὰ
1548 567 1646 638 τὴν
1674 566 1923 636 γέννησιν

357 663 546 734 καιρὸς
561 659 652 733 ῆν,
674 661 824 715 οὐδὲν
857 659 1018 730 μέγα,
1039 659 1160 713 οὐδὲ
1183 657 1381 729 ὑψηλὸν
1407 658 1536 728 περὶ
1557 657 1720 712 αὐτοῦ
1747 657 1926 724 λέγου-

358 773 464 819 σιν,
505 755 626 807 οὑδέ
655 749 767 807 οἷον
795 754 857 806 al
892 752 1029 824 μετὰ
1067 751 1165 822 τὴν
1191 750 1312 804 τῶν
1351 751 1590 822 σημείων
1627 749 1882 815 ἐπίδειξιν
1904 764 1922 783 ·

357 846 560 899 ἐκεῖναι
585 844 632 876 ⁸⁸
660 844 768 914 γάρ
799 843 1117 913 τρανότερον
1143 841 1272 911 περὶ
1301 841 1400 912 τῆς
1431 839 1594 896 αὑτοῦ
1626 840 1780 906 ἀξίας
1804 839 1920 892 δια-

355 936 622 1004 λέγονται.
668 937 796 988 Ὅτε
839 933 967 1002 γοῦν
1007 933 1144 1004 μετά
1173 931 1347 986 πολλὰ
1369 934 1415 967 ⁸⁷
1447 931 1700 1002 θαύματα
1737 929 1922 984 παιδία

357 1027 557 1097 ὕμνους
581 1028 664 1089 είς
701 1026 864 1080 αὑτὸν
907 1024 1053 1097 ᾖδον,
1084 1027 1317 1081 ἄκουσον
1353 1027 1406 1082 τί
1450 1043 1616 1098 φησιν
1647 1028 1675 1078 ό
1710 1025 1930 1095 Προφή-

361 1133 455 1184 της
476 1132 490 1145 ’
530 1116 632 1171 Ἕκ
670 1117 967 1184 στόματος
993 1116 1143 1188 [106]
1173 1118 1405 1185 νηπίων
1431 1118 1531 1170 καί
1561 1114 1934 1182 θηλαζόντων

359 1207 690 1275 κατηρτίσω
739 1202 944 1268 αἶνον·
991 1210 1086 1260 καὶ
1113 1208 1295 1260 πάλιν·
1345 1209 1474 1260 Ὀτι
1517 1207 1742 1274 ὄψομαι
1790 1203 1934 1267 τοὺς

357 1295 651 1364 οὐρανοὺς
681 1297 826 1364 ἔργα
851 1296 970 1350 τῶν
990 1297 1304 1350 δακτύλων
1331 1311 1446 1351 σου
1462 1314 1476 1328 ·
1503 1298 1638 1366 ὅπερ
1661 1297 1929 1365 δημιουρ-

359 1387 639 1456 γὸναὸτὸν
667 1387 906 1440 δείκνυσι
931 1387 1029 1446 τοῦ
1060 1387 1260 1449 παντὸς
1290 1387 1438 1440 ὄντα.
1460 1386 1570 1440 Καὶ
1603 1387 1636 1455 ή
1675 1383 1812 1454 μετά
1836 1383 1934 1455 τὴν

353 1477 623 1549 ἀνάληψιν
657 1479 714 1531 δὲ
740 1477 1081 1547 παῳχθείσα
1115 1477 1388 1547 μαρτυρία
1417 1477 1478 1529 τὸ
1521 1477 1658 1547 πρὸς
1691 1476 1782 1528 τὸν
1823 1477 1937 1529 Πα-

361 1569 492 1639 τέρα
539 1569 800 1637 ὁμότιμον
842 1567 992 1636 δηλοῖ
1012 1583 1026 1598 ·
1059 1563 1208 1620 Είπε
1241 1568 1378 1638 γὰρ,
1411 1568 1607 1638 φησὶν,
1652 1569 1689 1620 ὀ
1719 1565 1936 1635 Κύριος

361 1657 444 1722 τῷ
462 1657 659 1724 Κιφίῳ
680 1673 819 1724 μου·
837 1655 1036 1710 Κάθου
1060 1656 1126 1708 ἐκ
1151 1656 1364 1720 δεξιῶν
1382 1657 1647 1724 μου.,Καὶ
1671 1657 1938 1718 δἮσαῒας

359 1748 418 1800 δέ
462 1764 648 1817 φησιν,
678 1748 778 1800 ὅτι·
811 1748 872 1800 '0
906 1747 1314 1816 ,ἀνιστάμενος
1352 1747 1559 1817 ἄρχειν
1595 1747 1810 1812 ἐθνῶν,
1843 1748 1938 1800 ἐπ’

360 1835 520 1901 αὐτῷ
553 1836 696 1903 ἔθνη
740 1836 1040 1890 ἐλπιοῦσι.
1065 1835 1190 1900 Πῶς
1234 1837 1292 1890 δέ
1321 1854 1454 1909 φησι
1472 1838 1582 1908 τὴν
1612 1838 1858 1909 Βηθλεὲμ
1882 1840 1940 1890 ἐν

361 1927 473 1987 τοῖς
518 1926 784 1994 ἡγεμόσιν
816 1925 984 1992 Ἰούδα
1013 1925 1114 1978 οὐκ
1157 1920 1297 1978 εἶναι
1329 1926 1654 1996 ἐλαχίστην;
1682 1928 1803 1981 οὐδὲ
1831 1927 1940 1999 γὰρ

363 2018 423 2068 ἐν
456 2016 787 2089 Παλαιστίνῃ
815 2017 996 2087 μόνον,
1017 2017 1152 2069 ἀλλά
1173 2019 1270 2071 καὶ
1290 2019 1440 2091 ἐν-τῇ
1469 2018 1763 2089 οἰκουμένῃ
1793 2019 1940 2085 πάσῃ

365 2105 723 2176 περίϐλεπτος
776 2106 998 2175 γέγονεν
1025 2108 1070 2138 ⁸⁸
1115 2111 1148 2176 ὴ
1199 2107 1382 2178 κώμη.
1441 2108 1602 2161 Ἀλλά
1637 2110 1772 2172 τέως
1807 2110 1946 2178 πρὸς

376 2195 661 2259 Ἰουδαίους
692 2198 722 2250 6
745 2196 901 2264 λόγος
921 2213 934 2227 ⁸
963 2197 1045 2254 διὸ
1069 2199 1175 2260 ,καὶ
1207 2198 1482 2268 ἐπήγαγε·
1524 2198 1810 2267 Ποιμανεῖ
1837 2199 1944 2255 τὸν

365 2288 518 2342 λαόν
562 2303 681 2354 μου
713 2286 831 2346 ,τὸν
876 2287 1138 2355 Ἰσραήλ·
1187 2289 1429 2356 καίτοιγε
1474 2289 1571 2359 τὴν
1613 2289 1935 2359 οἰκουμένην

366 2375 658 2445 ἐποίμαινεν
678 2391 692 2406 ·
717 2375 1023 2448 ἀλλ’,ὄπερ
1066 2376 1222 2446 ἔφην,
1261 2378 1324 2430 οὐ
1361 2377 1608 2448 βούλεται
1653 2379 1936 2431 σκανδαλί-

368 2484 458 2520 σαι
499 2467 636 2530 τέως
669 2467 762 2520 τὸν
790 2468 920 2535 περὶ
951 2467 1060 2522 τῶν
1085 2467 1258 2522 ἐθνῶν
1307 2469 1663 2523 ἐκκαλύπτων
1685 2470 1731 2502 ⁹⁹
1755 2469 1932 2538 λόγον.

334 2580 337 2586 ·
367 2558 478 2611 Καὶ
506 2558 624 2622 πῶς
642 2558 741 2612 οὐκ
763 2559 1045 2629 ἐποίμανε,
1065 2560 1218 2628 φησὶ,
1238 2561 1328 2614 τὸν
1354 2559 1479 2614 λαὸν
1507 2560 1598 2614 τὸν
1620 2561 1930 2620 Ἰουδαῖκόνς

369 2647 622 2712 Μάλιστα
654 2648 752 2718 μὲν
792 2649 887 2702 καὶ
919 2649 1049 2702 αὐτὸ
1082 2649 1304 2718 γέγονε·
1335 2650 1425 2702 τὸν
1465 2652 1572 2720 γάρ
1599 2650 1814 2720 Ἰσραὴλ
1852 2653 1943 2704 ἐν·-

367 2737 542 2792 ταῦθα
563 2737 755 2801 εἰπὼν,
790 2741 916 2802 τοὺς
951 2739 1100 2810 αὐτῷ
1129 2740 1560 2804 πεπιστευκότας
1583 2741 1644 2804 ἐξ
1673 2740 1941 2794 Ἰουδαίων

365 2826 604 2897 ᾐνίξατο.
632 2829 742 2882 Καὶ
772 2827 930 2881 τοῦτο
955 2828 1269 2900 ἑρμηνεύων
1308 2830 1336 2881 6
1365 2829 1573 2892 Παῦλος
1605 2829 1787 2898 ἔλεγεν
1807 2845 1822 2860 .
1857 2830 1940 2882 οὐ

369 2918 480 2987 γὰρ
524 2919 745 2985 πάντες
780 2923 835 2974 οἱ
876 2921 945 2985 ἐξ
1000 2921 1257 2990 Ἰσραὴλ,
1285 2916 1453 2976 οὗτοι
1493 2920 1760 2988 Ἰσραὴλ,
1801 2920 1940 2974 ἀλλ’

369 3008 505 3062 ὅσοι
530 3009 627 3063 διὰ
672 3011 930 3077 πίστεως
968 3011 1068 3065 καὶ
1113 3011 1471 3080 ἐπαγγελίας
1501 3011 1937 3082 ἐγεννήθησαν.

369 3101 436 3154 El
457 3099 514 3153 δέ
537 3099 614 3170 μὴ
642 3101 849 3162 πάντας
879 3101 1162 3171 ἐποίμανε,
1184 3101 1340 3154 τοῦτο
1367 3100 1546 3155 αὐτῶν
1571 3101 1820 3171 ἔγκλημα
1846 3103 1939 3154 καὶ

370 3190 694 3262 κατηγορία.
726 3192 854 3245 Δέον
881 3191 989 3264 γάρ
1014 3193 1209 3257 αὐτοὺς
1245 3193 1618 3262 προσκυνῆσαι
1659 3191 1796 3261 μετά
1833 3191 1942 3244 τῶν

373 3282 584 3351 μάγων,
600 3283 694 3336 καὶ
711 3282 938 3348 δοξάσαι
951 3283 1040 3336 τὸν
1053 3283 1207 3346 Θεὸν,
1221 3285 1304 3337 ὅτι
1333 3284 1535 3352 ἐπέστη
1556 3280 1942 3353 καιρὸς-τοιοῦ-

369 3399 482 3446 τος,
519 3384 698 3437 πάντα
741 3381 883 3436 λύων
911 3381 1090 3436 αὐτῶν
1135 3379 1206 3432 τά
1258 3379 1659 3449 ἁμαρτήματα·
1699 3376 1792 3431 καὶ
1832 3376 1941 3448 γάρ

368 3472 519 3527 οὐδὲν
547 3475 672 3544 περὶ
701 3471 1347 3542 δικαστηρίων-ἥκουσαν,
1383 3469 1503 3522 ούδέ
1525 3468 1792 3531 εὐθυνῶν,
1809 3468 1940 3521 ἀλλά

369 3564 500 3632 περὶ
527 3563 733 3632 ἡμέρου
761 3560 858 3613 καὶ
893 3560 1070 3630 πράου
1101 3559 1396 3627 ποιμένος·
1423 3559 1472 3612 οἱ
1511 3559 1567 3611 δὲ
1592 3561 1608 3590 ¹
1637 3559 1941 3612 τούναντίον

370 3649 606 3713 ποιοῦσι,
628 3647 1126 3717 καὶςταράττονται,
1147 3648 1241 3699 καὶ
1263 3646 1547 3717 θορυϐοῦσι
1561 3651 1602 3710 ³,
1621 3647 1715 3699 καὶ
1744 3646 1939 3716 μυρίας

373 3739 512 3809 μετὰ
539 3738 714 3792 ταῦτα
740 3736 1236 3800 κατασκευάζουσιν
1265 3736 1572 3800 ἐπιϐουλάς.
1605 3739 1737 3791 Τότε
1773 3738 1942 3805 Ἠρώο

369 3831 481 3897 δης
509 3829 774 3895 καλέσας
795 3827 986 3896 λάθρα
1025 3828 1168 3892 τοὺς
1194 3828 1446 3898 μάγους,
1476 3829 1770 3895 ἠκρίϐωσε
1803 3829 1938 3896 παρ’

368 3919 566 3975 αὐτῶν
593 3920 700 3974 τὸν
729 3921 953 3990 χρόνον
980 3921 1087 3974 τοῦ
1115 3921 1479 3990 φαινομένου
1503 3919 1755 3987 ἀστέρος
1773 3938 1785 3950 ·
1823 3922 1942 3972 ἐπι-

369 4011 570 4083 χειρῶν
597 4011 804 4065 ἀνελεῖν
847 4011 910 4063 τὺ
941 4009 1151 4081 τεχθὲν,
1193 4011 1329 4081 ὅπερ
1363 4011 1596 4082 ἐσχάτης
1624 4011 1810 4072 ἀνοίας
1848 4006 1936 4080 ἦν,

369 4103 488 4172 ούχὶ
535 4103 732 4173 μανίας
778 4102 960 4174 μόνον.
1007 4104 1116 4157 Καὶ
1162 4104 1268 4173 γάρ
1313 4101 1379 4155 τά
1418 4102 1682 4172 είρημένα
1732 4101 1827 4154 καί
1868 4099 1940 4153 τά

368 4192 710 4264 γεγενημένα
741 4193 902 4247 ίκανά
939 4189 1009 4263 ἦν
1055 4194 1357 4261 ἀποστῆσαι
1389 4191 1538 4263 [107]
1567 4193 1729 4245 αὑτὸν
1762 4191 1940 4258 πάσης

371 4285 470 4354 τῆς
491 4283 742 4351 τοιαύτης
769 4286 1180 4354 ἐπιχειρήσεως.
1195 4284 1329 4337 Οὐδὲ
1351 4284 1459 4354 γὰρ
1489 4283 1628 4336 κατά
1655 4283 1941 4352 ἄνθρωπον

368 4371 437 4444 ἦν
470 4373 537 4426 τά
581 4373 883 4441 συμϐάντα.
914 4376 988 4426 T6
1019 4376 1128 4444 γὰρ
1157 4375 1359 4444 ἀστέρα
1404 4373 1630 4426 καλέσαι
1666 4375 1792 4435 τοὺς
1833 4373 1938 4440 μά-

369 4481 498 4531 γους
526 4465 752 4531 ἄνωθεν,
771 4467 865 4518 καὶ
889 4464 950 4517 τὸ
979 4465 1285 4534 βαρϐάρους
1305 4463 1502 4533 ἄνδρας
1519 4463 1786 4534 τοσαύτην
1805 4465 1940 4516 ἀπο·

367 4555 567 4624 δημίαν
598 4556 928 4616 στείλασθαι,
958 4554 1098 4607 ὥστε
1141 4554 1516 4624 προσκυνῆσαι
1546 4553 1636 4605 τὸν
1669 4555 1936 4621 ἐνοπαρ-

367 4647 550 4711 γάνοις
582 4647 676 4699 καὶ
698 4647 872 4717 φάτνῃ
894 4646 1165 4715 κείμενον,
1191 4645 1284 4698 καί⁵
1313 4643 1377 4697 τὸ
1408 4645 1690 4715 προφήτας
1714 4643 1770 4696 δὲ
1801 4642 1940 4697 ἀνω-

367 4736 459 4789 θεν
479 4735 649 4790 ταῦτα
677 4737 852 4790 πάντα
873 4737 893 4767 ³
919 4739 1348 4808 προαναφωνεδ,
1369 4737 1462 4790 καὶ
1485 4736 1553 4790 τά
1580 4735 1714 4789 ἄλλα
1738 4735 1936 4798 πάντα,

367 4825 590 4893 μείζονα
621 4825 654 4894 ἢ
689 4826 831 4885 κατά
870 4827 1156 4898 ἄνθρωπον
1197 4824 1266 4898 ἦν
1285 4845 1300 4860 ·
1342 4828 1455 4882 ἀλλ’
1483 4829 1633 4898 ὅμως
1662 4827 1812 4881 οὐδὲν
1841 4826 1938 4878 a6-

363 4916 454 4968 τὸν
480 4914 684 4968 τούτων
714 4919 952 4987 κατεῖχε.

432 5012 503 5073 γ’.
523 5007 772 5061 Τοιοῦτον
795 5006 904 5078 γὰρ
936 5007 972 5078 ἡ
1003 5007 1257 5080 πονηρία·
1284 5009 1448 5078 ἑαυτῇ
1481 5009 1818 5080 περιπίπτει,
1843 5007 1936 5060 καὶ

361 5096 647 5166 ἀνηνύτοις
692 5101 778 5152 ἀεὶ
821 5098 1143 5170 πράγμασιν
1188 5101 1472 5171 ἐπιχειρεῖ.
1505 5100 1704 5166 Σκόπει
1738 5100 1797 5153 δὲ
1838 5097 1937 5168 τὴν

2025 294 2230 348 ἄνοιαν.
2264 297 2326 348 Εί
2364 298 2463 366 μὲν
2493 298 2742 352 ἐπίστευε
2771 302 2837 368 τῇ
2869 297 3190 370 προφητείᾳ,
3219 300 3314 352 καὶ
3342 299 3595 370 ἀκίνητον

2024 383 2194 453 αὐτὴν
2220 380 2359 438 εἶναι
2387 386 2653 456 ἐνόμιζεν,
2682 385 2900 456 εὔδηλον
2929 388 3010 440 ὅτι
3041 387 3324 450 ἀδυνάτοις
3346 388 3365 416 ⁸
3388 389 3595 458 ἐπεχείο

2027 493 2108 545 ρει
2148 476 2501 547 πράγμασιν·
2532 479 2580 530 εί
2618 478 2674 531 δὲ
2714 478 2934 548 ἠπίστει
2979 479 3158 542 πάλιν,
3203 479 3296 533 καὶ
3327 481 3387 532 οὐ
3427 497 3595 552 προσ-

2021 567 2180 621 εδόκα
2223 569 2550 640 ἐκϐήσεσθαι
2588 569 2658 622 τὰ
2705 570 3002 641 λεγόμενα,
3030 570 3323 624 δεδοικέναι
3363 571 3456 624 καὶ
3497 589 3592 640 φο·

2023 657 2234 711 ϐετσθαι
2255 659 2354 711 οὐκ
2375 649 2563 730 ἐχρῆν,
2587 659 2706 712 οὐδὲ
2734 660 2822 713 διὰ
2848 659 3004 714 τοῦτο
3033 661 3402 714 ἐπιϐουλεύειν
3418 677 3432 692 ·
3455 661 3592 715 ὥστε

2023 747 2360 818 ἑκατέρωθεν
2390 749 2640 818 περιττὸς
2666 751 2694 802 6
2721 750 2870 814 δόλος
2899 747 2986 822 ἦν.
3014 751 3125 804 Καὶ
3151 750 3308 806 τοῦτο
3331 752 3388 805 δὲ
3409 752 3593 816 ἀνοίας

2026 837 2286 908 ἐσχάτης,
2322 838 2382 891 τὸ
2414 841 2630 910 νομίσαι
2661 844 2787 906 τοὺς
2818 844 3026 914 μάγους
3046 846 3207 912 αὑτὸν
3227 851 3606 922 ,προτιμήσειν

2021 927 2117 980 τοῦ
2151 929 2450 998 τεχθέντος,
2483 931 2626 1002 ὺπέρ
2664 927 2724 986 οὗ
2771 935 3041 1006 τοσαύτην
3079 932 3240 1006 ἦλθον
3273 938 3601 1009 ἀποδημίαν.

2024 1021 2088 1074 Εί
2117 1021 2224 1091 γὰρ
2247 1021 2376 1093 πρὶν
2411 1023 2537 1075 ίδεῖν
2567 1023 2740 1086 οὕτως
2760 1021 2901 1097 ἦσαν
2922 1029 3158 1082 ἐκκεκαυ
3167 1029 3316 1098 μένοι
3334 1030 3412 1100 τῷ
3431 1030 3601 1104 πόθῳ,

2029 1113 2166 1183 μετὰ
2187 1113 2246 1165 τὸ
2271 1113 2566 1167 θεάσασθαι
2599 1117 2694 1168 καὶ
2718 1116 3052 1188 πιστωθῆναι
3083 1118 3230 1187 παρά
3259 1125 3358 1190 τῆς
3389 1137 3604 1190 προφη-

2023 1204 2190 1270 τείας,
2219 1203 2335 1268 πῶς
2374 1203 2602 1274 ῆλπιζεν
2636 1206 2833 1271 αὐτοὺς
2857 1209 3045 1260 πεῖσαι
3079 1210 3363 1279 προδοῦναι
3391 1210 3452 1263 τὸ
3474 1227 3603 1262 παι-

2023 1296 2132 1349 δίον
2161 1296 2344 1366 αὑτῷ;
2393 1297 2534 1349 Ἀλλ’
2572 1298 2723 1368 ὅμως
2755 1298 2850 1352 καὶ
2872 1300 3140 1352 τοσούτων
3166 1300 3334 1353 ὄντων
3367 1300 3474 1353 τῶν
3497 1302 3604 1353 ἀπ-

2024 1386 2267 1453 αγόντων
2294 1386 2474 1450 αὐτὸν,
2513 1387 2804 1457 ἐπεχείρει,
2821 1387 2927 1443 Καί
2953 1389 3218 1454 καλέσας
3237 1388 3429 1456 λάθρα
3453 1388 3595 1454 τοὺς

2019 1475 2272 1545 μάγους,
2301 1476 2668 1530 ἐπυνθάνετο
2691 1477 2827 1544 παρ’
2847 1477 3063 1531 αὐτῶν.
3094 1480 3203 1531 Καὶ
3222 1479 3330 1549 γάρ
3355 1478 3601 1550 ἐνόμιζεν

2039 1566 2324 1630 Ἰουδαίους
2357 1567 2616 1637 κήδεσθαι
2660 1567 2754 1620 τοῦ
2797 1567 3046 1620 παιδίου·
3081 1569 3173 1622 καὶ
3213 1570 3313 1622 οὐκ
3343 1569 3408 1623 ἂν
3434 1588 3600 1640 προσ-

2027 1654 2281 1724 εδόκησεν
2315 1657 2335 1687 ⁵
2363 1657 2444 1718 είς
2490 1654 2646 1707 τοῦτο
2685 1656 2879 1724 μανίας
2939 1656 3320 1721 ἐξολισθαίνειν
3365 1659 3596 1723 αὐτοὺς.

2027 1746 2104 1808 ὡς
2126 1747 2146 1777 ⁸
2179 1746 2269 1800 τὸν
2305 1748 2612 1818 προστάτην
2647 1749 2740 1801 καὶ
2773 1749 3031 1820 Σωτῆρα,
3065 1751 3160 1802 καὶ
3202 1750 3287 1803 ἐπ’
3320 1750 3598 1823 ἐλευθερίᾳ

2027 1835 2121 1888 τοῦ
2156 1836 2339 1900 ἔθνους
2383 1839 2822 1908 παραγενόμενον
2868 1838 3148 1908 βούλεσθαι
3189 1839 3452 1894 ἐκδιδόναι
3485 1845 3596 1905 τοῖς

2029 1923 2259 1993 ἐχθροῖς.
2287 1923 2386 1977 Διά
2426 1926 2588 1979 τοῦτο
2614 1927 2708 1979 καὶ
2731 1927 2752 1958 '
2779 1926 2952 1992 λάθρα
2987 1929 3157 1992 καλεῖ,
3191 1931 3283 1982 καὶ
3325 1930 3478 2000 ζητεῖ
3504 1931 3595 1985 τὸν

2029 2012 2239 2083 χρόνον,
2269 2015 2330 2066 ού
2351 2014 2446 2067 τοῦ
2469 2015 2702 2081 παιδίου,
2735 2016 2869 2069 ἀλλά
2896 2017 2989 2069 τοῦ
3017 2019 3265 2089 ἀστέρος,
3296 2020 3362 2073 ἐκ
3396 2021 3594 2092 πολλῆς

2027 2104 2130 2171 τῆς
2156 2105 2470 2174 περιουσίας
2506 2106 2675 2169 τιθεὶς
2703 2107 2762 2160 τὸ
2783 2108 3035 2179 θήραμα.
3065 2109 3172 2162 Καὶ
3200 2109 3307 2181 γὰρ
3331 2113 3437 2180 πρὸ
3465 2112 3592 2163 πολ-

2029 2190 2122 2246 λοῦ
2144 2195 2334 2263 χρόνου
2359 2195 2509 2267 [108]
2535 2196 2683 2249 δοκεῖ
2714 2215 2804 2267 μοι
2833 2185 2861 2251 6
2885 2199 3060 2270 ἀστὴρ
3091 2199 3341 2270 φανῆναι.
3379 2201 3595 2270 Ἐπειδὴ

2029 2282 2139 2354 γὰρ
2167 2283 2335 2338 πολὺν
2369 2286 2509 2338 κατά
2537 2285 2636 2354 τὴν
2678 2286 2986 2357 ὁδοιπορίαν
3028 2287 3250 2358 ἔμελλον
3289 2287 3598 2340 ἀναλίσκειν

2029 2376 2080 2428 οῑ
2114 2374 2278 2444 μάγοι
2312 2376 2523 2445 χρόνον,
2571 2376 2657 2428 ἵνα
2697 2376 2898 2439 εὐθέως
2928 2376 3184 2430 ἐπιστῶσι
3211 2375 3289 2446 τῷ
3319 2375 3595 2446 τεχθέντι·

2028 2463 2136 2518 ἔδει
2174 2465 2283 2535 γὰρ
2323 2467 2383 2517 ἐν
2432 2466 2614 2528 αὐτοῖς
2654 2467 3092 2537 προσκυνηθῆναι
3129 2470 3242 2530 τοῖς
3269 2467 3599 2536 σπαργάνοις

2033 2555 2224 2618 αὐτὸν,
2267 2556 2407 2608 ὥστε
2447 2555 2508 2608 τὸ
2552 2555 2863 2626 θαυμαστὸν
2906 2559 2999 2610 καὶ
3047 2557 3342 2628 παράδοξον
3372 2557 3603 2627 φανῆναι

2033 2645 2126 2699 τοῦ
2179 2645 2532 2716 πράγματος.
2565 2646 2672 2716 πρὸ
2722 2646 2917 2699 πολλοῦ
2962 2645 3056 2698 τοῦ
3113 2647 3304 2718 χρόνου
3335 2647 3604 2700 δείκνυσιν

2034 2735 2225 2788 ἐαυτὸν
2247 2735 2274 2786 6
2304 2737 2497 2805 ἀστήρ.
2532 2735 2594 2789 Εἰ
2621 2737 2729 2806 γὰρ
2757 2736 2920 2806 ἡνίκα
2946 2736 3141 2807 ἐτέχθη
3165 2738 3222 2790 ἐν
3253 2738 3606 2809 Παλαιστίνῃ,

2033 2827 2157 2879 τότε
2201 2827 2385 2889 αὐτοῖς
2428 2827 2588 2897 ὤφθη
2626 2829 2686 2881 ἐν
2715 2831 2784 2900 τῇ
2824 2829 3091 2900 ἀνατολῇ,
3133 2829 3300 2883 πολὺν
3339 2831 3476 2884 κατὰ
3509 2829 3605 2900 τῆν

2033 2916 2339 2990 ὁδοιπορίαν
2376 2917 2742 2990 διατρίϐοντες
2783 2920 2991 2992 χρόνον,
3025 2921 3126 2974 οὐκ
3159 2920 3226 2974 ἂν
3255 2922 3313 2974 ἐν
3357 2922 3607 2990 σπαργα-

2038 3031 2147 3076 νοις
2189 3013 2327 3068 εἶδον
2359 3015 2522 3068 αὑτὸν
2565 3015 3018 3084 παραγενόμενοι.
3057 3018 3118 3069 Εἰ
3167 3015 3221 3068 δὲ
3251 3014 3360 3068 ἀπὸ
3398 3015 3601 3078 διετοῦς

2033 3108 2247 3176 ἀναιρεῖ
2267 3107 2362 3159 καὶ
2398 3105 2721 3174 κατωτέρω,
2747 3107 2822 3176 μὴ
2863 3107 3232 3177 θαυμάσωμεν
3251 3122 3266 3137 ·
3297 3107 3359 3159 ι’ό
3379 3104 3488 3176 γὰρ
3511 3105 3604 3158 Ou-

2038 3197 2135 3266 μὸς
2161 3199 2254 3250 καὶ
2277 3196 2338 3249 τὸ
2364 3196 2481 3258 δέος
2502 3195 2642 3264 ὑπὲρ
2671 3194 2911 3259 πλείονος
2938 3197 3234 3266 ἀσφαλείας
3256 3197 3351 3249 καὶ
3383 3196 3602 3249 πλείονα

2033 3287 2343 3356 προσετίθει
2375 3291 2586 3360 χρόνον,
2617 3288 2757 3343 ὥστε
2794 3288 2998 3359 μηδένα
3019 3288 3323 3357 διαφυγεῖν.
3353 3285 3602 3348 Καλέσας

2032 3373 2124 3430 οὖν
2149 3379 2364 3443 αὐτοὺς,
2391 3380 2522 3450 φησί
2547 3397 2558 3410 ·
2582 3380 2980 3448 Πορευθέντες
3001 3377 3254 3448 ἀκριϐῶς
3283 3377 3604 3442 ἐξετάσατε

2029 3467 2165 3536 περὶ
2198 3469 2302 3522 τοῦ
2333 3470 2574 3524 παιδίου
2594 3487 2610 3502 ·
2649 3471 2804 3524 ἐπὰν
2839 3469 2910 3522 δὲ
2941 3469 3168 3537 εὕρητε,
3204 3467 3604 3537 ἀπαγγείλατέ

2027 3577 2149 3628 μοι,
2187 3559 2346 3625 ὅπως
2376 3561 2538 3630 κάγὼ
2571 3562 2765 3616 ἐλθὼν
2798 3561 3206 3630 προσκυνήσω
3242 3559 3420 3624 αὐτῷ.
3456 3555 3604 3620 Εἶδες

2031 3652 2128 3720 τὴν
2158 3651 2377 3716 άνοιαν;
2409 3652 2469 3704 El
2521 3652 2618 3721 μὲν
2652 3654 2761 3724 γὰρ
2802 3653 2863 3717 ἐξ
2902 3653 3158 3721 ἀληθείας
3189 3652 3358 3704 ταῦτα
3403 3651 3600 3717 λέγεις,

2030 3740 2170 3803 τίνος
2217 3741 2401 3795 ἕνεκεν
2451 3743 2627 3813 λάθρα
2677 3745 2914 3814 ἐρωτᾷς;
2954 3746 3004 3797 εί
3051 3744 3110 3797 δὲ
3157 3742 3540 3796 ἐπιϐουλεῦσαι
3581 3744 3602 3773 ’

2021 3831 2372 3902 βουλόμενος,
2422 3833 2538 3897 πῶς
2569 3835 2628 3887 ού
2675 3836 2947 3899 συνεῖδες,
2983 3835 3058 3897 ὡς
3100 3835 3146 3866 ⁸ο
3187 3836 3252 3887 ἐκ
3296 3833 3388 3887 τοῦ
3431 3833 3603 3902 λάθρα

2028 3923 2337 3992 ἐρωτᾶσθαι
2368 3923 2688 3994 δυνήσονται
2737 3925 2967 3978 συνιδεῖν
3012 3927 3061 3978 οί
3101 3925 3263 3994 μάγοι
3293 3925 3384 3977 τὸν
3415 3924 3600 3986 δόλον;

2042 4013 2202 4077 Ἀλλ’,
2230 4015 2367 4084 ὅπερ
2400 4015 2558 4083 ἔφην,
2601 4015 2748 4085 ψυχὴ
2787 4015 2892 4068 ὑπὸ
2926 4016 3186 4084 πονηρίας
3217 4015 3439 4073 ἁλοῦσα.
3470 4015 3604 4068 πάν-

2027 4120 2136 4155 των
2161 4105 2495 4174 ἀνοητοτέρα
2531 4106 2758 4172 γίνεται.
2802 4105 2912 4158 Καὶ
2939 4106 3040 4157 οὐκ
3075 4100 3250 4168 εἶπεν,
3275 4105 3604 4166 ἀπελθόντες

2033 4194 2231 4262 μάθετε
2263 4194 2391 4263 περὶ
2425 4192 2518 4246 τοῦ
2549 4193 2833 4264 βασιλέως,
2865 4195 2999 4248 ἀλλὰ
3025 4194 3165 4261 Περὶ
3194 4195 3300 4249 τοῦ
3329 4194 3568 4248 παιδίου
3589 4211 3604 4224 ·

2030 4285 2152 4338 οὐδὲ
2201 4284 2310 4354 γάρ
2354 4285 2416 4338 τὸ
2467 4284 2640 4356 ὄνομα
2670 4285 2770 4356 τῆς
2819 4286 2996 4356 ἀρχῆς
3050 4285 3275 4339 καλέσαι
3325 4285 3602 4354 ἠνέσχετο.

2044 4372 2183 4424 Ἀλλ’
2215 4377 2263 4426 οί
2300 4375 2464 4443 μάγοι
2484 4374 2687 4428 τούτων
2703 4374 2856 4427 οὐδὲν
2893 4375 3191 4439 συνιδόντες
3214 4376 3317 4428 ὑπὸ
3339 4377 3379 4406 ¹¹
3406 4374 3606 4444 πολλῆς

2033 4463 2336 4527 εὐλαϐείας·
2368 4465 2430 4516 οὐ
2461 4464 2568 4536 γὰρ
2597 4464 2663 4518 ἂν
2681 4466 2725 4495 ³⁸
2742 4465 3170 4535 προσεδόκησαν,
3196 4467 3278 4518 ὅτι
3311 4468 3390 4529 είς
3417 4465 3609 4519 τοσοῦ-

2033 4572 2124 4608 τον
2171 4555 2436 4626 πονηρίας
2469 4554 2690 4625 ἐξῆλθεν
2719 4555 2786 4609 ἀν
2817 4556 2861 4587 ¹³
2903 4557 3135 4621 ἐκεῖνος,
3178 4557 3273 4610 καὶ
3301 4555 3443 4609 οῦτω
3477 4554 3611 4607 θαυ-

2045 4647 2222 4714 μαστῇ
2261 4644 2542 4716 οίκονομίᾳ
2584 4644 2964 4698 ἐπιϐουλεῦσαι
3001 4645 3371 4716 ἐπεχείρησεν·
3416 4643 3612 4714 Ἀπέρ-

2041 4752 2226 4805 χονται
2254 4735 2461 4788 τούτων
2507 4735 2660 4789 οὐδὲν
2701 4737 3070 4807 ὑφορώμενοι,
3101 4736 3216 4790 ἀλλ’
3239 4737 3306 4788 ἐκ
3345 4735 3454 4788 τῶν
3488 4733 3608 4788 καθ’

2040 4826 2267 4888 ἑαυτοὺς
2314 4826 2410 4878 καὶ
2444 4824 2512 4878 τὰ
2568 4825 2676 4878 τῶν
2722 4825 2897 4880 ἄλλων
2950 4826 3330 4895 στοχαζόμενοι
3374 4825 3606 4879 ἅπαντα.

2043 4914 2152 4967 Καὶ
2197 4914 2325 4968 ιδοὺ
2354 4918 2388 4968 ὁ
2423 4913 2640 4980 ἀστὴρ,
2670 4912 2742 4966 ὃν
2761 4910 2926 4967 εἶδον
2952 4915 3023 4968 ἐν
3052 4915 3123 4984 τῇ
3150 4912 3436 4981 ἀνατολῇ,
3471 4929 3610 4979 προ·

2042 5006 2191 5076 ἦγεν
2238 5007 2479 5070 αὐτούς.
2504 5008 2603 5060 Διά
2644 5008 2752 5079 γάρ
2783 5007 2939 5061 τοῦτο
2975 5007 3069 5060 καὶ
3102 5006 3330 5077 ἐκρύϐη.
3359 5007 3444 5058 ἵνα
3474 5005 3611 5056 ἀπο-

2041 5097 2295 5160 λέσαντες
2319 5096 2409 5149 τὸν
2433 5097 2895 5168 χειραγωγοῦντα,
2919 5100 2998 5161 είς
3017 5100 3274 5167 ἀνάγκην
3304 5097 3614 5166 ἐμπέσωσιν

435 5332 482 5364 ’⁸
516 5329 974 5413 πρρφέρονταιρ.
1048 5331 1099 5413 ’ξ
1128 5327 1546 5413 ἐκεῖναιὶαῦται
1569 5333 1634 5412 Α.
1657 5332 1719 5413 Β.
1751 5403 1764 5413 _
1796 5333 1839 5364 "’
1872 5331 2068 5413 πολλὰ]
2098 5331 2170 5385 τὰ
2195 5330 2460 5413 πολλάηΑ.
2523 5330 2849 5413 ⁴⁹⁸“γέγονεν]
2881 5331 3189 5413 ἐγένετοᾏ.
3229 5335 3306 5413 Β..
3363 5333 3408 5366 ”
3439 5333 3608 5413 ἐκκατ

367 5399 615 5470 λύπτων]
644 5399 738 5454 Sic
769 5401 931 5455 codd.

367 5471 582 5525 Boisius
625 5470 914 5526 καλύπτων
949 5471 1009 5524 l“.
1052 5470 1189 5523 Mur.
1219 5471 1349 5524 Bm.
1393 5470 1752 5538 ἐγκαλύπτων
1782 5471 1910 5526 Sav.

371 5541 682 5594 τούναντίον
725 5541 781 5594 δὲ
811 5539 871 5595 F.

367 5608 431 5664 C.
478 5613 537 5663 D.
648 5611 668 5641 '
696 5628 871 5664 ποοσει

975 5409 1168 5472 prpter
1193 5399 1252 5472 Ε.
1291 5397 1445 5456 MSS.
1489 5403 1712 5472 plurimi
1749 5402 1935 5472 ἐκκαλι

2034 5397 2132 5463 ῶν,
2162 5407 2305 5456 male
2331 5401 2558 5470 Montef.
2587 5397 2701 5455 lino
2731 5397 2936 5472 optimi:
2963 5420 2977 5469 ;
3009 5413 3067 5456 ιιι
3102 5404 3214 5472 jam
3237 5405 3364 5458 olim
3401 5397 3613 5472 viderat

2015 5473 2030 5502 ¹
2074 5472 2165 5526 Sic
2201 5473 2265 5525 A.
2299 5474 2348 5524 οί
2379 5472 2432 5524 δὲ
2478 5473 2639 5541 vulgo
2673 5471 2847 5528 abc’st.
2878 5471 3000 5526 Vid.
3035 5471 3223 5527 animt.
3255 5473 3322 5527 ad

950 5543 969 5571 ⁸
1009 5540 1361 5610 θορυϐοῦνται
1396 5543 1460 5596 Α.
1498 5543 1562 5596 Β.
1636 5543 1656 5573 ³
1685 5543 1864 5596 πάντα
1897 5558 1935 5595 0‘

2039 5541 2103 5594 D.
2133 5550 2188 5596 el.
2213 5559 2310 5611 per
2332 5540 2590 5612 errorem
2610 5541 2742 5597 Ben.
2818 5541 2840 5573 δ
2875 5542 3159 5612 ἀνηνύτοις
3185 5543 3319 5597 Edd.
3351 5540 3616 5612 ἐπιχειρεί

648 5611 668 5641 ³
696 5611 1097 5680 προσεδόκησεν
1128 5621 1253 5681 post
1298 5614 1493 5675 αὐτοὺς
1529 5613 1798 5667 collocant
1833 5613 1896 5667 A.
1933 5611 1994 5665 Β.
2026 5613 2090 5667 C.

3358 5489 3411 5542 p.
3443 5473 3512 5526 93
3549 5470 3609 5524 ϐ.

2194 5613 2214 5643 ⁸
2243 5611 2342 5683 ὡς]
2374 5614 2500 5668 add.
2532 5613 2622 5665 διά
2658 5611 2952 5683 τοῦτονυ.
2988 5611 3046 5665 Ε.
3087 5611 3147 5666 F.
3181 5614 3306 5667 add.
3338 5612 3427 5683 διά
3456 5611 3615 5683 τοῦτο

547 5678 801 5757 nepti-uin
833 5678 1238 5757 οςιιοεευηί-ᾼ.
1443 5685 1559 5757 ΔΑιι.
1581 5683 1742 5757 Argi:
1797 5681 1935 5757 [κα

2030 5681 2189 5757 m.th
2402 5683 2738 5757 feaupdgn;
2763 5679 2831 5757 B._
2851 5683 2955 5757 A’n_.
2992 5751 3006 5757 _
3037 5686 3057 5716 '
3079 5680 3495 5757 έπιϐαυλεῦσαι]
3521 5682 3612 5757 ξίυ

323 5765 326 5767 λ
465 5755 573 5826 ῥυ.
607 5751 767 5826 θυι),
781 5748 972 5826 pst-(cf:
999 5751 1323 5826 ειιιη-Ειιιίι.
1345 5752 1580 5826 ἀνελεῖν.
1655 5753 1697 5782 ¹⁰
1715 5750 1814 5826 ᾡς]
1843 5752 1926 5826 δτι

2094 5753 2133 5826 ¹-¹
2166 5753 2294 5826 ὑπὸ]
2326 5755 2432 5807 ἀπό
2464 5758 2524 5808 Α.
2553 5748 2572 5826 ί
2609 5748 2882 5826 ίξὸῦᾉγάρ
2916 5751 3007 5824 ἂν]
3040 5753 3099 5805 ού
3131 5757 3237 5824 γὰρ
3260 5753 3322 5809 C.
3354 5748 3612 5824 οὑόἶγάρ

365 5821 433 5875 Λ.
468 5817 527 5872 Β.

607 5819 652 5849 ³³
682 5818 904 5887 ἐξῆλθεν
935 5820 999 5874 ἂν
1027 5821 1091 5875 Α.
1127 5820 1182 5876 Β.
1214 5824 1275 5878 (Σ.
1311 5822 1533 5893 ἐξῆλθεν
1565 5824 1696 5891 (om.
1723 5818 1812 5892 av)
1846 5821 1908 5876 Ι).
1947 5822 2067 5877 Mox
2104 5818 2508 5896 ἐπιχείρησειεν
2534 5823 2598 5879 Α.
2640 5824 2700 5878 Β.
2731 5818 2794 5878 (ἒξ
