4060 6156
475 229 548 286 75
1631 217 1698 272 IN
1736 213 2141 273 MATTIIEUM
2173 214 2399 271 llOMlL.
2445 216 2554 272 VII.
3653 225 3722 283 76

461 333 687 381 salutem
719 326 956 396 ipsorum
985 326 1296 396 Spectabunt
1318 369 1333 392 ,
1376 335 1432 381 ut
1458 327 1536 382 sic
1566 328 1771 385 facilius
1799 331 2034 384 attrahe-

462 427 668 471 reutur.
702 417 974 486 Quotquot
1005 416 1182 486 itaque
1212 416 1379 486 prima
1408 417 1750 486 proferuntur
1769 460 1782 481 ,
1814 435 2038 487 quorum

460 515 669 575 tempus
697 517 870 561 ortqu
899 507 1014 575 ejus
1035 517 1259 576 spectat,
1289 507 1416 560 nihil
1440 523 1684 578 maguum
1706 509 1788 564 vel
1815 509 2038 564 sublime

451 599 518 652 de
549 598 638 652 illo
664 599 875 663 dicunt,
906 615 1005 655 nec
1031 602 1251 670 perinde
1294 612 1453 672 atque
1479 619 1539 658 ea
1567 620 1683 672 qum
1709 604 1777 658 ad
1801 605 1949 674 signa
1979 615 2034 660 et

453 692 706 745 miracula
733 691 874 744 edita
904 703 1149 760 Spectant
1174 711 1186 746 :
1213 695 1300 748 illa
1329 696 1524 763 quippe
1552 697 1748 751 clarius
1772 697 1840 750 de
1869 698 2034 767 ipsius

454 779 709 848 dignitate
733 781 1042 850 loquuntur.
1063 783 1213 850 Quod
1240 785 1417 854 itaque
1445 795 1564 854 post
1590 787 1751 840 multa
1777 789 2032 842 miracula

456 872 682 940 hymnos
714 872 764 924 in
793 871 940 924 illum
969 874 1117 941 pueri
1148 883 1420 937 canerent,
1455 875 1574 929 audi
1603 876 1869 945 quomodo
1893 877 2035 932 dicat

449 961 704 1030 propheta
727 975 740 1013 :
764 961 844 1015 Ea:
862 978 949 1016 ore
972 963 1245 1031 infantium
1265 974 1310 1018 et
1331 964 1620 1020 laetantium
1641 968 1892 1036 perfecisti
1918 969 2031 1022 lau-

454 1053 567 1105 dem
593 1051 763 1122 (Psal.
797 1053 849 1108 8.
881 1055 969 1120 5);
1003 1070 1066 1109 ac
1108 1071 1319 1110 rursum
1345 1075 1360 1111 :
1387 1057 1638 1124 Quoniam
1678 1061 1852 1115 videbo
1882 1064 2032 1116 carlos

447 1151 558 1194 tuos
582 1158 734 1211 opera
755 1142 1025 1212 digitorum
1045 1153 1244 1196 tuorum
1267 1143 1425 1216 (Ibid.
1451 1163 1498 1200 υ.
1522 1147 1600 1217 4),
1627 1148 1676 1201 id
1695 1150 1834 1218 quod
1861 1151 2031 1219 ipsum

451 1232 682 1284 universi
714 1231 1021 1285 Creatorem
1047 1232 1301 1288 declarat.
1332 1235 1460 1289 lllud
1487 1251 1614 1290 vero
1643 1240 2028 1305 testimonium,

445 1321 585 1390 quod
617 1331 882 1390 peractam
905 1325 1322 1393 assumptiouetn
1341 1326 1576 1394 respicit,
1595 1329 1710 1396 ejus
1728 1345 1849 1382 cum
1875 1330 2031 1386 Patre

457 1412 816 1480 aequalitatem
846 1412 1078 1467 ostendit
1105 1413 1188 1468 his
1213 1415 1428 1470 verbis:
1454 1417 1592 1470 Dixit
1634 1418 1880 1474 Dominus
1922 1420 2032 1475 Do-

447 1502 584 1555 mino
613 1518 722 1554 meo
747 1542 764 1567 ,
797 1501 930 1555 Sede
957 1519 990 1555 a
1030 1503 1218 1557 dextris
1251 1505 1373 1558 meis
1404 1505 1572 1574 (Psat.
1608 1507 1727 1561 109.
1765 1509 1839 1566 ll.
1868 1507 2031 1564 lsaias

446 1608 572 1647 vero
593 1594 687 1655 ait,
711 1593 810 1659 Qui
833 1594 1088 1664 consurgit
1111 1595 1360 1663 imperare
1379 1596 1630 1664 gentibus,
1653 1597 1705 1650 in
1727 1598 1835 1666 ipso
1859 1609 2030 1668 gentes

443 1685 714 1750 sperabunt
737 1683 888 1753 (isai.
923 1685 1009 1738 ll.
1049 1684 1160 1755 IO).
1190 1686 1298 1740 Cur
1318 1696 1499 1741 autem
1533 1689 1608 1741 ait
1635 1689 1944 1748 Bethlehem
1973 1691 2024 1746 in

447 1777 772 1845 principibus
797 1777 932 1832 Juda
961 1792 1064 1831 non
1093 1792 1212 1833 esse
1243 1775 1515 1833 minimam
1539 1780 1562 1832 ?
1586 1779 1768 1850 Neque
1798 1783 1939 1836 enim
1973 1782 2027 1836 in

442 1866 720 1920 Palaestina
752 1875 996 1933 tantum,
1040 1869 1136 1923 sed
1161 1863 1345 1923 'etiam
1387 1870 1438 1923 in
1481 1879 1592 1925 toto
1634 1871 1764 1925 orbe
1806 1873 2027 1928 illustris

440 1958 837 2013 vicusell‘ectus
862 1970 965 2014 est.
992 1959 1097 2015 Sed
1117 1960 1183 2014 ad
1204 1960 1418 2016 Judatos
1439 1977 1580 2017 nunc
1598 1978 1776 2018 sermo
1797 1975 2022 2032 spectat,

438 2047 986 2117 ideoque-subiunxit,
1011 2047 1168 2118 Roget
1189 2049 1432 2118 papulan
1459 2067 1624 2103 meum
1654 2051 1855 2105 Israel:
1881 2053 2025 2121 atqui

443 2138 628 2194 orbem
656 2140 816 2192 etiam
848 2141 1003 2194 rexit.
1037 2141 1136 2198 At.
1169 2149 1226 2194 ut
1251 2140 1356 2194 dixi
1381 2180 1396 2208 ,
1425 2155 1531 2195 non
1563 2141 1676 2194 vult
1701 2142 2024 2198 olicndiculo

439 2242 594 2295 esse,
635 2229 864 2299 ideoque
893 2229 958 2284 de
997 2231 1242 2299 gentibus
1276 2230 1434 2286 verba
1481 2245 1587 2284 non
1619 2229 1763 2285 facit.
1791 2231 1854 2285 Et
1885 2248 2016 2302 quo-

439 2318 631 2383 modo,
675 2320 917 2390 inquies,
961 2337 1065 2374 non
1099 2321 1238 2374 rexit
1267 2321 1516 2390 populum
1548 2321 1864 2377 Judaicum?
1913 2325 2022 2378 lino

439 2411 566 2465 illud
594 2427 807 2480 quoque
835 2412 1032 2466 factum
1062 2421 1183 2476 est;
1231 2428 1350 2466 cum
1389 2413 1532 2467 enim
1571 2413 1820 2469 lsraeletn
1849 2414 2016 2481 dicit,

437 2501 652 2556 .lutlaios
677 2502 765 2570 qui
799 2504 848 2555 in
882 2503 1051 2570 ipsum
1087 2502 1431 2556 crediderunt
1467 2502 1786 2558 subindicat.
1821 2505 2018 2561 Et-hoc

438 2593 795 2662 interpretans
839 2592 1030 2647 Paulus
1073 2594 1188 2646 ait:
1223 2591 1345 2645 Non
1387 2594 1522 2646 enim
1568 2610 1775 2662 omnes,
1825 2597 1910 2664 qui
1953 2613 2017 2651 ea:

438 2681 603 2736 Israel
624 2725 637 2744 ,
677 2693 794 2737 sunt
822 2682 1105 2748 israelitaz;
1131 2683 1221 2738 sed
1249 2685 1546 2752 quicumque
1571 2701 1660 2753 per
1684 2684 1836 2752 ﬁdem
1861 2695 1906 2738 et
1933 2704 2015 2740 re-

437 2775 815 2840 promissionem
837 2774 944 2826 nati
961 2783 1076 2826 sunt
1091 2771 1265 2838 (Rom.
1289 2774 1341 2827 9.
1368 2772 1445 2842 6).
1465 2773 1614 2840 Quod
1636 2775 1678 2826 si
1703 2789 1806 2828 non
1830 2791 2016 2830 omnes

437 2863 592 2926 rexit,
623 2863 672 2916 id
700 2873 1008 2917 vocatorum
1035 2863 1236 2916 crimen
1259 2871 1312 2916 et
1332 2862 1484 2928 culpa
1514 2873 1615 2914 ost.
1643 2863 1773 2916 Cum
1803 2864 2013 2922 debuis-

425 2959 551 3003 sent
572 2951 713 3004 enim
741 2951 860 3006 illos
879 2955 1104 3009 adorare
1123 2968 1241 3008 cum
1269 2956 1455 3025 magis,
1479 2966 1534 3011 et
1553 2957 1662 3011 Deo
1679 2959 1900 3028 gloriam
1922 2977 2010 3016 re-

430 3037 587 3102 ferre,
614 3040 754 3108 quod
786 3050 994 3110 tempus
1019 3043 1318 3100 advenisset
1350 3046 1402 3099 in
1425 3062 1529 3115 quo
1555 3049 1731 3103 omnia
1777 3051 2009 3118 ipsorum

425 3139 646 3195 peccata
673 3131 1008 3186 solverentur
1047 3133 1202 3205 (nihil
1221 3137 1360 3190 enim
1388 3136 1455 3190 de
1475 3137 1722 3192 tribunali
1749 3150 1802 3194 et
1829 3140 1896 3194 de
1922 3157 1999 3194 re-

428 3217 668 3284 petendis
694 3221 866 3289 pceuis
892 3221 1206 3287 audierant,
1258 3223 1352 3279 scd
1398 3223 1465 3279 de
1503 3228 1695 3280 mittet
1736 3242 2009 3284 mansueto

424 3306 684 3376 pastore),
711 3308 786 3362 illi
816 3319 998 3362 contra
1029 3311 1306 3365 turbantur
1335 3323 1387 3367 et
1417 3314 1649 3380 turbant,
1681 3325 1734 3370 et
1761 3317 2004 3374 innume-

425 3409 512 3449 ras
558 3405 742 3464 postea
789 3408 1000 3452 struunt
1045 3399 1279 3455 insidias.
1329 3403 1383 3457 7.
1428 3402 1571 3458 Tunc
1611 3404 1840 3462 Herodes
1879 3411 2009 3464 clam

423 3487 613 3540 vocatis
653 3487 845 3557 magis,
894 3489 1160 3559 diligenter
1199 3493 1376 3546 didicit
1411 3495 1474 3548 ab
1516 3495 1587 3549 eis
1632 3507 1825 3568 tempus
1851 3501 2010 3554 stella

422 3595 534 3645 qua:
559 3582 796 3650 apparuit
835 3583 907 3635 eis
930 3598 948 3635 :
973 3599 1191 3651 puerum
1241 3585 1546 3643 interﬁcere
1588 3591 1808 3658 cupiens
1832 3609 1844 3643 :
1869 3593 2006 3660 quod

425 3683 530 3722 non
558 3670 752 3725 luroris
773 3681 997 3736 tantum,
1022 3674 1116 3730 sed
1132 3676 1292 3730 etiam
1309 3688 1562 3733 extremae
1582 3679 1866 3737 dementiae
1888 3680 2005 3737 fuit.

425 3758 634 3813 Etenim
681 3776 743 3815 ea
789 3779 909 3833 qua:
945 3763 1084 3818 dicta
1128 3777 1181 3819 et
1209 3777 1357 3834 gesta
1390 3759 1596 3822 fuerant
1633 3785 1663 3822 a
1695 3773 1784 3826 tali
1814 3783 2006 3826 conatu

425 3849 574 3902 illum
606 3851 877 3906 deterrere
909 3863 1172 3922 poterant.
1203 3856 1382 3925 Neque
1417 3861 1556 3912 enim
1599 3859 1825 3916 humana
1857 3874 2007 3917 erant

421 3953 484 3992 ea
511 3957 628 4008 qua:
655 3943 982 3998 acciderant.
1022 3945 1155 4000 Nam
1186 3947 1326 4016 quod
1358 3964 1541 4019 magos
1579 3952 1731 4006 stella
1775 3968 2008 4023 superne

422 4041 682 4096 vocasset,
707 4034 954 4104 quodque
978 4035 1186 4090 barbari
1209 4047 1403 4091 tantam
1421 4041 1752 4110 susciperent
1771 4046 2007 4114 peregri-

424 4120 724 4188 nationetn,
769 4131 827 4175 ut
869 4123 918 4176 in
965 4124 1243 4180 cunabulis
1288 4135 1342 4180 et
1387 4128 1435 4181 in
1483 4132 1707 4198 praesepi
1741 4132 2005 4200 jacentem

421 4209 728 4278 adorarent,
760 4213 901 4281 quod
932 4213 1203 4284 propheta:
1226 4215 1334 4285 jam
1365 4217 1490 4271 olim
1523 4219 1638 4273 haec
1665 4223 1842 4277 omnia
1870 4239 2005 4292 prat-

417 4299 692 4365 dicerent,
731 4302 941 4371 aliaque
983 4304 1160 4359 omnia
1201 4305 1404 4374 majora
1454 4317 1642 4375 erant,
1687 4327 1846 4380 quam
1889 4329 2005 4383 qua;

423 4389 687 4445 hominem
715 4403 1017 4462 Spectareut
1040 4412 1054 4449 :
1078 4405 1310 4452 attamen
1336 4398 1466 4453 nihil
1494 4415 1678 4456 eorum
1707 4403 1882 4473 ipsum
1906 4420 2003 4460 co-

422 4481 612 4536 hibttit.

458 4687 556 4765 3.
582 4707 890 4776 ιιυῇιιςιηοᾱὶ
919 4721 1149 4777 namque
1173 4717 1259 4762 est
1283 4707 1604 4776 malignitas,
1641 4709 1844 4764 insese
1887 4710 2024 4780 ipsa.

413 4796 678 4872 impingit,
709 4808 761 4852 et
787 4815 874 4852 res
888 4815 1008 4867 qua:
1026 4801 1203 4867 perlici
1227 4812 1496 4869 nequeunt
1513 4816 1726 4869 semper
1749 4802 2000 4871 aggredi;

416 4907 524 4949 tur.
551 4890 828 4960 Perpende
842 4891 1212 4946 stultitiatn.»Si
1241 4891 1534 4960 prophetia:
1547 4893 1818 4958 credebat,
1841 4894 2001 4948 illam.

416 5002 522 5056 que
549 4986 823 5039 immotam
844 4983 1160 5051 ﬁrmamque
1184 4985 1424 5052 putabat,
1454 4985 1625 5054 palam
1645 4997 1733 5039 est
1760 5002 1881 5039 eum
1915 4988 2002 5040 im-

416 5076 690 5147 possibilia
716 5085 965 5128 conatum
995 5089 1156 5139 esse;
1200 5075 1340 5144 quod
1368 5076 1412 5129 si
1457 5092 1559 5130 non
1589 5077 1860 5142 credebat,
1903 5093 2003 5133 nec

421 5167 640 5236 putabat
677 5180 740 5220 ea
767 5180 888 5233 qua:
924 5162 1253 5230 dicebantur,
1303 5176 1554 5220 eventura
1599 5181 1738 5232 esse,
1768 5177 2005 5223 metuere

417 5259 502 5310 vel
535 5258 723 5311 timere
755 5271 860 5308 non
888 5254 1146 5322 oportuit,
1177 5269 1274 5309 nec
1297 5270 1360 5308 ca
1387 5255 1456 5310 de
1490 5271 1648 5310 causa
1682 5272 1846 5327 puero
1873 5259 2004 5313 iusi-

421 5349 554 5403 diari
588 5363 604 5401 :
633 5362 699 5402 ex
731 5355 952 5416 utraque
979 5345 1139 5413 igitur
1169 5351 1314 5411 parte
1342 5345 1642 5414 superﬂuus
1677 5356 1795 5403 erat
1827 5347 2002 5402 dolus.

420 5446 551 5502 lllttd
581 5463 791 5518 quoque
831 5459 1087 5504 extrema:
1106 5448 1387 5506 dementia:
1405 5464 1536 5520 erat,
1563 5457 1702 5526 quod
1734 5460 1997 5528 putaverit

335 5555 341 5562 ·
419 5555 603 5594 magos
630 5542 798 5606 ipsum
819 5541 1145 5596 autelaturos
1173 5556 1291 5598 esse
1327 5559 1511 5615 puero,
1537 5565 1631 5619 pro
1657 5565 1762 5620 quo
1793 5559 1992 5607 tantam

2157 341 2501 404 susceperant
2528 332 3026 403 peregrinationem.
3075 335 3204 390 Nam
3250 340 3296 392 si
3329 339 3411 395 vel
3452 350 3737 412 antequam

2156 427 2302 480 illum
2334 427 2610 494 vidissent,
2640 427 2709 480 ita
2738 427 2996 480 ardebant
3025 429 3292 484 desiderio
3323 451 3334 484 :
3364 443 3640 503 postquam
3659 439 3737 490 vi-

2153 517 2337 571 derant
2367 526 2420 572 et
2441 535 2535 588 per
2556 518 2886 588 prophetiam
2901 520 3197 574 continuati
3222 522 3446 591 fuerant,
3465 528 3735 596 quomodo

2103 596 2400 677 ‘Spcrabat
2418 626 2476 664 sc
2500 610 2726 665 suadere
2746 611 2850 666 illis
2869 626 3053 680 posse,
3083 623 3148 666 ut
3167 628 3383 682 puerum
3410 618 3507 671 sibi
3537 621 3733 688 prodeo

2151 702 2308 756 rent?
2329 704 2575 758 Attamen
2607 703 2746 772 quod
2779 713 2855 758 tot
2897 714 3148 775 tantaque
3177 717 3358 760 essent
3409 724 3528 776 quae
3556 711 3729 779 ipsum

2147 807 2177 847 a
2223 794 2495 863 proposito
2515 794 2860 861 abducerent,
2889 795 2941 850 id
2967 806 3188 851 conatus
3207 805 3308 860 est,
3338 806 3391 852 et
3416 799 3549 853 clam
3573 817 3731 855 voca-

2147 884 2214 936 tis
2236 883 2423 953 magis,
2454 884 2823 939 sciscitabatur
2842 886 2909 939 ab
2936 887 3013 940 eis
3042 904 3054 940 :
3085 886 3305 956 putabat
3340 890 3481 944 enim
3515 889 3728 945 Judanos

2143 975 2210 1029 de
2237 975 2383 1043 pueri
2429 975 2599 1029 salute
2627 976 2883 1030 sollicitos
2909 991 3063 1031 eSse:
3097 993 3271 1047 neque
3311 981 3564 1036 credebat
3607 982 3726 1036 illos

2143 1065 2194 1117 in
2214 1073 2415 1118 tantum
2436 1065 2652 1120 insania:
2670 1065 2970 1128 devenisse,
2999 1075 3056 1120 ut
3085 1067 3205 1123 ideo
3221 1068 3422 1124 vellent
3447 1080 3724 1139 patronum

2140 1163 2195 1208 et
2220 1153 2556 1210 Servatorem
2577 1196 2591 1220 ,
2621 1155 2712 1224 qui
2738 1155 2804 1210 ad
2840 1155 3135 1211 libertatem
3162 1157 3304 1227 genti
3333 1159 3723 1226 procurandam

2140 1255 2376 1310 venerat,
2401 1246 2628 1300 inimicis
2652 1247 2896 1316 prodere.
2926 1247 3050 1302 Ideo
3069 1248 3204 1302 clam
3234 1258 3406 1315 vocat,
3434 1259 3489 1304 et
3515 1260 3721 1320 tempus

2138 1338 2388 1406 inquirit,
2419 1353 2523 1392 non
2546 1339 2715 1408 pueri,
2745 1339 2836 1393 sed
2863 1341 3050 1405 stellae,
3076 1350 3321 1396 venatum
3349 1343 3496 1398 illum
3528 1360 3716 1414 magna

2135 1444 2254 1483 cum
2294 1429 2562 1499 diligentia
2609 1440 2844 1499 captans.
2878 1430 3011 1485 Nam
3053 1433 3263 1487 videtur
3285 1434 3416 1487 mihi
3447 1437 3598 1489 stella
3623 1437 3718 1491 diu

2134 1529 2256 1575 ante
2283 1520 2612 1588 apparuisse.
2648 1520 2780 1588 Quia
2823 1521 2965 1576 enim
3015 1523 3240 1576 multum
3275 1527 3530 1594 temporis
3555 1527 3606 1580 in
3631 1528 3718 1581 iti-

2134 1627 2260 1667 nere
2281 1612 2596 1682 insumpturi
2627 1624 2779 1668 erant
2803 1615 2962 1684 magi,
3017 1625 3073 1669 ut
3105 1623 3228 1670 nato
3263 1619 3439 1671 statim
3465 1619 3716 1674 adessent

2131 1701 2442 1771 (oportebat
2463 1703 2660 1774 quippe
2689 1705 2742 1759 in
2762 1705 3037 1760 cunabulis
3063 1707 3233 1775 ipsum
3260 1707 3502 1774 adorare,
3530 1719 3587 1764 ut
3615 1712 3714 1766 mi-

2129 1793 2344 1848 rabilior
2385 1809 2472 1850 res
2498 1793 2849 1868 appareret);
2898 1797 3050 1851 stella
3099 1798 3320 1852 multum
3373 1810 3528 1855 antea
3589 1816 3712 1857 sese

2126 1884 2378 1938 ostendit.
2404 1884 2533 1940 Nam
2563 1887 2608 1940 si
2658 1901 2723 1941 eo
2773 1886 2890 1954 ipso
2921 1898 3159 1958 tempore
3196 1905 3303 1958 quo
3329 1901 3482 1947 natus
3525 1903 3607 1948 est
3641 1894 3709 1949 .in

2128 1973 2402 2030 l’altestina
2429 2018 2444 2040 ,
2475 1977 2627 2031 stella
2679 1979 3009 2046 apparuisset
3053 1979 3156 2035 illis
3202 1982 3255 2035 in
3303 1985 3528 2052 oriente,
3586 1997 3706 2056 post

2123 2069 2346 2123 multum
2376 2070 2700 2139 insumptum
2724 2071 2775 2124 in
2807 2072 2999 2128 itinere
3039 2083 3266 2143 tempus,
3307 2091 3415 2131 non
3448 2078 3705 2135 vidissent

2121 2176 2243 2214 cum
2279 2161 2330 2218 in
2357 2163 2653 2218 cunabulis.
2685 2164 2835 2230 Quod
2865 2175 3042 2220 autem
3073 2181 3103 2220 a
3132 2167 3330 2222 bimatu
3358 2177 3412 2222 et
3443 2170 3577 2225 infra
3605 2187 3703 2226 oc-

2119 2252 2326 2319 ciderit,
2357 2269 2424 2309 ne
2450 2255 2731 2321 miremur;
2761 2256 2908 2310 furor
2930 2257 3071 2311 enim
3089 2267 3142 2311 et
3162 2259 3320 2311 timor
3347 2259 3412 2312 ad
3443 2263 3701 2330 majorem

2116 2343 2454 2399 securitatem
2475 2347 2592 2412 plus
2614 2348 2866 2415 temporis
2891 2347 3105 2416 adjecit,
3139 2357 3193 2400 ttt
3222 2349 3396 2404 nullus
3424 2351 3701 2420 ell‘ugerot.

2117 2439 2328 2497 Vocatis
2356 2439 2653 2510 igiturillis,
2681 2443 2755 2497 ait
2782 2459 2797 2496 :
2822 2442 2874 2498 8.
2902 2442 3092 2497 Euntes
3112 2443 3412 2512 interrogate
3433 2444 3698 2514 diligenter

2113 2529 2176 2582 de
2194 2546 2370 2600 puero,
2416 2542 2463 2584 et
2503 2548 2616 2584 cum
2641 2533 2926 2586 inveneritis
2961 2535 3244 2586 renuntiate
3269 2533 3412 2596 mihi,
3437 2543 3491 2586 ut
3520 2545 3566 2586 et
3602 2551 3694 2604 ego

2112 2621 2310 2674 veniens
2334 2621 2538 2675 adorem
2576 2639 2709 2675 eum.
2759 2623 3001 2677 Vidistiu’
3040 2623 3434 2690 insipientiam?
3465 2624 3519 2679 Si
3547 2627 3692 2679 enim

2111 2727 2175 2766 ex
2204 2714 2438 2768 veritatis
2468 2715 2656 2771 alfcctu
2687 2714 2942 2783 loqueris,
2964 2731 3062 2769 cur
3089 2716 3223 2770 clam
3254 2715 3582 2786 interrogas?
3606 2717 3692 2770 sin

2111 2802 2330 2858 insidias
2361 2819 2533 2872 paras,
2563 2819 2659 2859 cur
2684 2821 2788 2860 non
2810 2806 3030 2875 cogitas,
3053 2821 3236 2874 magos
3255 2821 3374 2860 cum
3398 2815 3449 2858 te
3479 2805 3691 2862 videant

2109 2895 2244 2948 clam
2275 2895 2628 2965 interrogare,
2669 2895 2846 2950 dolum
2877 2897 3239 2965 suspicaturus
3262 2898 3417 2951 esse?
3460 2897 3587 2963 Sed,
3633 2907 3691 2961 ut

2109 2984 2237 3048 dixi,
2265 2987 2440 3042 anima
2462 2987 2628 3042 semel
2657 2987 2982 3057 malignitate
3010 2998 3274 3056 correpta,
3302 2988 3536 3044 omnium
3563 2988 3690 3043 insi-

2111 3077 2437 3144 pientissima
2463 3079 2660 3136 evadit.
2693 3078 2806 3132 Non
2837 3079 2991 3144 dixit,
3044 3079 3244 3133 Euntes
3275 3081 3596 3150 interrogate
3621 3081 3689 3134 de

2109 3181 2249 3235 rege,
2292 3167 2410 3232 sed,
2449 3167 2524 3220 De
2563 3185 2718 3238 puero
2747 3184 2767 3222 :
2798 3184 2901 3221 non
2928 3168 3070 3223 enim
3106 3169 3314 3238 imperii
3341 3185 3532 3223 nomen
3561 3185 3686 3238 pro-

2109 3257 2250 3312 ferre
2277 3259 2545 3313 sustinuit.
2575 3259 2708 3329 Magi
2741 3275 2889 3325 vero,
2918 3259 3006 3328 qui
3037 3275 3146 3328 pm
3176 3261 3339 3315 multa
3381 3261 3578 3331 pietate
3609 3264 3687 3315 ni-

2107 3350 2180 3403 hil
2210 3349 2684 3405 horum'noveraot
2730 3353 2942 3420 (neque
2968 3354 3108 3406 enim
3141 3353 3394 3420 putabant
3432 3352 3578 3405 illum
3632 3353 3686 3407 in

2106 3451 2310 3498 tantum
2335 3443 2585 3512 nequitia:
2603 3441 2938 3512 prorupisse,
2969 3452 3026 3496 ut
3056 3452 3163 3496 tam
3211 3442 3436 3496 mirabili
3469 3457 3686 3496 meone-

2107 3534 2226 3588 tnize
2255 3534 2489 3588 insidiari
2509 3542 2749 3590 tentaret
2772 3535 2791 3604 )
2811 3577 2825 3599 ,
2858 3535 2990 3590 nihil
3021 3533 3322 3604 hujusmodi
3352 3534 3685 3604 suspicantes

2101 3627 2320 3692 abeunt,
2345 3626 2438 3683 sed
2464 3643 2528 3682 ex
2556 3626 2749 3682 aﬂ‘ectu
2789 3642 2887 3682 suo
2915 3627 3048 3682 alios
3085 3628 3374 3682 aestimant.
3405 3626 3456 3681 9.
3481 3625 3548 3679 Et
3573 3644 3684 3686 erce

2091 3719 2248 3772 stella
2265 3760 2278 3779 ,
2314 3735 2465 3787 quam
2492 3718 2722 3774 uiderant
2758 3719 2813 3772 in
2837 3719 3047 3784 oriente,
3074 3717 3393 3776 antecedebat
3421 3735 3524 3772 eos.
3561 3719 3683 3772 Ideo

2100 3809 2243 3864 enim
2271 3809 2529 3865 occultata
2552 3808 2743 3876 fuerat,
2773 3819 2830 3862 ut
2855 3810 3053 3864 amisso
3081 3809 3238 3872 duce,
3267 3809 3479 3868 Judmos
3511 3810 3682 3864 iutur-

2101 3914 2291 3969 rogare
2338 3911 2655 3970 cogerentur
2674 3941 2689 3966 ,
2721 3910 2773 3954 et
2800 3902 2877 3955 sic
2906 3916 2992 3954 res
3018 3902 3264 3956 omnibus
3296 3902 3466 3969 palam
3507 3902 3679 3957 ﬁeret.

2101 3991 2387 4060 Postquam
2414 3991 2556 4046 enim
2589 3991 3043 4060 interrogaveram
3064 4032 3079 4058 ,
3105 4001 3156 4044 ct
3196 3991 3408 4045 Juda-os
3435 3991 3680 4046 doctores

2099 4081 2413 4146 habuerant,
2445 4099 2653 4138 rursum
2704 4083 2809 4138 illis
2837 4090 3076 4150 apparet.
3103 4082 3171 4135 Et
3190 4083 3496 4137 consideres
3523 4085 3679 4142 velim

2097 4177 2561 4246 optimum-rerum
2583 4177 2848 4235 ordinem.
2876 4175 3004 4230 Post
3023 4175 3228 4230 stellam
3255 4176 3448 4245 excipit
3469 4190 3561 4230 eos
3585 4175 3679 4230 Ju-

2097 4269 2282 4324 daieus
2307 4269 2553 4338 populus,
2594 4283 2794 4338 rexque
2816 4270 2948 4337 ipse,
2972 4267 3390 4338 prophetamque
3427 4268 3677 4326 inducunt

2098 4360 2544 4430 prirnuntiantem
2586 4359 2640 4414 id
2669 4359 2809 4429 quod
2834 4368 3172 4428 apparuerat.
3209 4359 3334 4414 Post
3361 4360 3674 4429 pr0phctam

2098 4471 2322 4511 rursum
2369 4458 2598 4526 angelus
2649 4455 2798 4526 ipsos
2841 4456 3074 4527 excipit,
3126 4457 3423 4528 omniaque
3467 4457 3679 4516 docet:

2100 4549 2324 4604 interim
2372 4563 2508 4603 vero
2555 4547 2914 4619 Jerosolymis
2964 4548 3020 4604 in
3057 4549 3392 4604 Bethlebem
3442 4565 3474 4604 a
3525 4553 3682 4618 stella

2097 4641 2379 4697 ducuntur
2406 4657 2420 4694 :
2451 4641 2613 4696 stella
2643 4639 2788 4694 enim
2826 4640 2895 4696 ab
2942 4640 3109 4696 istinc
3151 4641 3250 4702 vite
3288 4641 3402 4700 dux
3440 4642 3583 4696 fuit:
3622 4653 3684 4700 ut

2100 4733 2232 4788 hinc
2269 4747 2492 4803 quoque
2535 4732 2734 4798 discas,
2772 4731 3085 4788 non-fuisse
3131 4732 3282 4786 illaut
3326 4748 3395 4788 ex
3446 4750 3684 4790 numero

2101 4833 2426 4880 ceterarum
2466 4825 2765 4880 stellarum
2801 4843 2812 4876 :
2850 4825 3002 4878 nulla
3059 4825 3263 4895 quippe
3319 4828 3483 4883 stella
3522 4828 3684 4886 :hanc

2105 4917 2274 4972 habet
2299 4925 2574 4971 naturam.
2611 4916 2801 4984 Neque
2827 4917 3006 4972 solum
3037 4915 3172 4983 ibat,
3205 4917 3302 4973 sed
3330 4920 3496 4980 etiam
3522 4929 3684 4975 ante-

2105 5007 2336 5062 cedebat
2365 5006 2574 5060 ducens
2602 5016 2658 5061 ct
2687 5006 3036 5074 quasimauu
3069 5008 3298 5064 trahens
3329 5010 3455 5066 illos
3480 5009 3534 5064 in
3564 5024 3683 5065 me-

2105 5098 2197 5152 dio
2231 5097 2342 5151 die.

2173 5348 2227 5412 ι.
2257 5353 2327 5411 Et
2347 5353 2472 5424 quid
2493 5368 2626 5425 opus
2651 5363 2765 5410 erat
2793 5353 2966 5417 stella,
2999 5351 3226 5423 inquies,
3255 5363 3374 5403 cum
3400 5347 3508 5416 jam
3534 5354 3714 5405 notus,

2102 5448 2255 5501 locus
2279 5447 2463 5502 esset?
2493 5446 2562 5502 Ut
2593 5462 2724 5517 puer
2750 5446 2918 5500 videri
2948 5453 3144 5515 posset.
3178 5440 3322 5496 Nihil
3344 5439 3541 5508 quippe
3560 5447 3691 5493 erat

2103 5537 2246 5610 quod
2274 5537 2444 5610 ipsum
2473 5538 2799 5593 ostenderet.
2842 5536 2970 5591 Nam
3001 5550 3173 5603 neque
3202 5531 3391 5587 domus
3413 5538 3526 5585 erat
3555 5543 3688 5583 con-
