4060 6156
412 203 478 257 ’1⁸)
1143 207 1202 263 S.
1235 204 1520 266 JOANNIS
1555 210 2037 268 CHRYSOSTOMI
2079 209 2394 265 ARCHIEP.
2444 208 2985 266 CONSTANTINOP.
3558 209 3631 281 '28

400 317 602 384 spicua,
633 330 806 385 neque
854 325 1024 370 mater
1070 316 1186 385 ejus
1227 317 1483 371 illustrem
1527 319 1812 385 quamdam
1854 327 1979 383 spe-

396 409 531 462 ciem
565 423 673 476 prze
699 423 757 462 se
786 407 1008 463 ferebat.
1048 408 1194 478 Opus
1215 411 1391 477 itaque
1412 418 1527 463 erat
1555 406 1707 461 stella
1735 420 1854 476 quze
1878 420 1974 460 eos

400 498 453 551 in
483 498 599 566 ipso
641 497 759 553 loco
792 500 1025 555 sisteret.
1070 500 1428 568 Quamobrem
1466 498 1797 568 Jerosolyma
1827 511 1982 566 egre-

394 586 663 641 dientibus
702 599 955 658 apparet,
1006 605 1107 643 nec
1155 598 1259 645 stat
1286 590 1430 657 prius
1456 604 1612 658 quam
1644 588 1709 642 ad
1739 601 1978 657 praesepe

399 680 725 747 pervenerit,
772 691 827 734 et
868 681 1180 735 miraculum
1231 680 1488 734 miraculo
1517 679 1820 734 addiderit:
1855 693 1977 731 nam

396 779 680 837 utrumque
705 770 948 824 mirabile
985 782 1119 836 erat,
1165 778 1219 824 et
1246 769 1385 839 quod
1416 771 1552 839 magi
1582 770 1895 831 adorarent,
1925 776 1980 822 et

394 860 541 926 quod
579 861 730 914 stella
761 862 904 928 ipsos
931 862 1145 916 sisteret
1175 878 1189 914 :
1222 877 1342 929 qua:
1372 876 1502 916 sane
1550 871 1767 931 possent
1792 861 1875 917 vel
1905 860 1980 914 Ia-

397 949 582 1027 pideos
610 950 816 1004 animos
845 949 1131 1004 attrahere.
1165 950 1219 1005 St
1246 951 1389 1005 enim
1421 951 1681 1006 dixissent
1712 965 1849 1021 magi
1873 991 1889 1015 ,
1917 964 1979 1003 se

398 1042 685 1109 prophetas
713 1041 979 1095 audivisse
1006 1041 1121 1095 hmo
1157 1040 1421 1106 dicentes,
1453 1043 1535 1095 vel
1568 1042 1681 1095 haec
1718 1041 1819 1095 sibi
1869 1040 1978 1108 pri-

398 1134 565 1185 vatim
590 1133 657 1185 ab
677 1134 876 1201 angelis
901 1133 1040 1186 dicta
1065 1132 1247 1197 fuisse,
1267 1133 1399 1187 ﬁdes
1421 1133 1525 1187 illis
1542 1150 1647 1187 non
1676 1133 1861 1187 luisset
1881 1133 1979 1186 lia-

398 1223 505 1277 bita
536 1240 550 1275 :
580 1224 688 1291 jam
716 1239 841 1278 vero
869 1226 1019 1279 stella
1068 1242 1298 1293 superne
1328 1226 1558 1290 lucente,
1592 1226 1676 1279 vel
1705 1225 1983 1295 impuden-

400 1316 528 1369 tium
555 1331 646 1370 ora
669 1317 1100 1372 obstruebantur.
1123 1318 1322 1372 Deinde
1350 1333 1469 1372 eum
1490 1333 1654 1386 puero
1676 1317 1980 1372 immineret

399 1405 575 1469 stella,
605 1409 752 1461 stetit
790 1425 802 1459 :
834 1407 884 1460 id
909 1407 1050 1477 quod
1095 1408 1312 1476 majoris
1334 1417 1450 1461 erat
1476 1408 1771 1476 petestatis,
1822 1422 1982 1476 quam

400 1502 461 1548 ut
506 1496 675 1550 stella:
702 1506 988 1563 competat,
1020 1497 1159 1566 quod
1206 1497 1409 1551 scilicet
1456 1497 1617 1552 modo
1655 1498 1980 1562 occultetur,

399 1585 562 1639 modo
588 1595 861 1654 appareat,
885 1596 1077 1641 etcum
1104 1594 1343 1656 apparet,
1373 1602 1590 1642 cursum
1627 1588 1799 1642 sistat.
1850 1587 1985 1641 Hinc

400 1676 480 1730 illi
508 1677 892 1730 incrementum
936 1676 1059 1730 ﬁdei
1101 1686 1359 1746 ceperunt
1391 1693 1404 1728 :
1435 1678 1557 1733 ideo
1605 1677 1767 1732 laatati
1816 1686 1982 1742 sunt,

403 1767 527 1834 quia
552 1765 694 1835 quod
719 1768 1026 1837 quierebant
1052 1768 1389 1835 invenerunt,
1410 1770 1529 1839 quia
1553 1770 1723 1823 nuntii
1745 1769 1987 1824 veritatis

398 1856 573 1911 eﬁ‘eeti
602 1862 746 1919 sunt,
770 1853 890 1923 quia
911 1866 1014 1906 non
1034 1851 1227 1904 frustra
1246 1858 1447 1904 tantum
1476 1861 1824 1918 susceperunt
1844 1850 1977 1907 iter:

398 1949 478 2000 sic
501 1944 707 2000 ardenti
730 1942 924 1998 Christi
946 1940 1211 1995 desiderio
1228 1938 1539 2010 ﬂagrabant.
1562 1938 1695 1994 Nam
1719 1941 1983 1997 accedens

399 2036 573 2101 stella,
606 2049 767 2102 super
811 2032 983 2101 ipsum
1014 2030 1163 2099 pueri
1192 2038 1352 2099 caput
1377 2029 1547 2095 stetit,
1578 2029 1869 2085 ostendens
1900 2030 1983 2087 di-

401 2127 578 2179 vinam
602 2138 723 2179 esse
747 2121 948 2191 prolem
974 2137 989 2174 :
1016 2134 1244 2189 cumque
1267 2113 1524 2185 stetisset,
1553 2118 1619 2173 ad
1649 2118 1979 2174 adorandum

401 2216 638 2279 adducit,
672 2228 776 2268 non
806 2211 1118 2281 simpliciter
1144 2210 1422 2278 barbaros,
1448 2210 1542 2266 sed
1567 2211 1657 2281 qui
1696 2211 1838 2266 inter
1865 2211 1985 2267 illos

402 2305 780 2376 sapientissimi
811 2313 984 2358 erant.
1020 2303 1182 2358 Vides
1216 2302 1353 2356 hanc
1383 2303 1592 2358 stellam
1626 2302 1747 2373 jure
1794 2303 1986 2358 merito

402 2397 753 2468 apparuisse?
783 2395 1054 2465 Siquidem
1076 2404 1133 2448 et
1155 2401 1274 2463 post
1296 2392 1653 2463 prophetiam,
1681 2402 1738 2448 et
1763 2404 1882 2464 post
1903 2409 1988 2450 sa-

402 2491 682 2546 cerdotum
711 2489 1116 2558 scribarumque
1140 2486 1656 2557 interpretationem,
1688 2486 1864 2542 adhuc
1897 2487 1986 2542 illa

404 2583 692 2638 utebantur
713 2580 869 2635 duce.

2090 319 2255 373 rantia
2283 319 2659 392 versabantur,
2688 321 2777 390 qui
2821 321 2872 375 in
2902 319 3139 388 Perside,
3187 337 3281 377 eos
3322 324 3413 393 qui
3453 324 3669 381 ieroso-

2090 411 2242 480 lymis
2268 422 2392 466 sunt
2443 421 2804 480 praevertunt;
2834 413 2885 467 id
2923 414 3064 482 quod
3089 415 3249 469 etiam
3274 415 3402 470 dicit
3431 417 3624 473 Paulus
3650 439 3664 472 :

2096 500 2248 556 Vobis
2294 503 2549 571 oportebat
2595 505 2898 558 annuntiare
2964 508 3183 571 primum
3252 524 3464 578 regnum
3518 510 3665 566 Dei:

2087 595 2173 649 sed
2216 596 2335 665 quia
2381 611 2467 648 vos
2518 596 2750 665 indignos
2800 597 3105 666 judicastis,
3152 613 3266 650 ecce
3331 601 3668 655 convertimur

2086 688 2153 740 ad
2181 698 2351 757 gentes
2382 688 2518 755 (Act.
2538 690 2625 743 15.
2645 688 2758 759 46).
2790 690 3007 743 Etiamsi
3036 690 3177 743 enim
3212 701 3367 745 antea
3409 693 3667 751 increduli

2084 785 2258 843 erant,
2287 792 2317 830 a
2344 778 2508 847 magis
2535 778 2720 832 saltem
2742 778 3019 834 audientes
3044 794 3325 835 accurrere
3353 784 3663 851 Oportebat;

2084 867 2176 921 sed
2199 868 2485 922 noluerunt
2514 885 2527 921 :
2555 868 2798 939 ideoque,
2831 868 2935 923 illis
2973 869 3361 927 dormientibus
3381 913 3394 939 ,
3426 872 3478 927 lii
3524 888 3665 943 prae-

2083 965 2322 1012 currunt.

2143 1180 2196 1234 5.
2240 1178 2537 1234 Exhortatio
2559 1182 2782 1235 moralis.
2818 1182 2917 1248 Qui
2944 1183 3149 1254 indigne
3170 1184 3403 1253 mysteria
3429 1198 3651 1257 sumunt,

2078 1270 2269 1324 Herodi
2287 1274 2492 1326 similes.
2524 1272 2857 1327 Theatrorum
2885 1275 3195 1331 obscwnitas.
3237 1307 3307 1316 —
3353 1279 3531 1350 Magos
3555 1283 3653 1337 ita-

2074 1377 2175 1429 que
2199 1377 2505 1431 sequamur,
2532 1373 2586 1417 et
2609 1379 2636 1415 a
2665 1364 3008 1419 barbarorum
3032 1374 3206 1421 tamen
3230 1369 3466 1425 moribus
3488 1373 3651 1428 multa

2073 1454 2463 1524 intercapedine
2498 1470 2595 1508 nos
2634 1471 2999 1512 removeamus
3023 1498 3037 1523 ,
3076 1468 3132 1512 ut
3167 1460 3433 1516 Christum
3472 1464 3650 1520 videa-

2071 1560 2189 1599 mus
2219 1561 2232 1596 :
2262 1545 2685 1615 quandoquidem
2713 1557 2764 1601 et
2793 1548 2890 1616 ipsi
2919 1548 3019 1602 nisi
3050 1551 3232 1618 procul
3256 1568 3285 1604 a
3310 1568 3404 1607 sua
3431 1555 3647 1624 regione

2064 1639 2449 1707 recessissent,
2489 1657 2595 1696 non
2640 1642 2785 1696 illum
2828 1644 2993 1699 visuri
3041 1653 3215 1699 erant.
3262 1645 3590 1703 Recedamns
3616 1666 3647 1705 a

2064 1729 2292 1784 terrenis
2316 1731 2559 1800 negotiis.
2608 1731 2817 1788 Etenim
2846 1734 2983 1805 magi
3010 1774 3026 1799 ,
3058 1733 3185 1788 dum
3226 1734 3278 1788 in
3311 1735 3530 1792 Perside
3558 1753 3643 1793 es-
3734 1762 3739 1763 ί

2061 1828 2198 1886 sent,
2222 1820 2426 1875 stellam
2452 1821 2701 1877 videbant
2724 1839 2738 1876 :
2761 1838 2881 1878 cum
2907 1836 3083 1879 autem
3109 1842 3139 1880 a
3169 1825 3385 1883 Perside
3410 1844 3647 1885 recesse-

2063 1921 2222 1977 runt,
2266 1913 2443 1967 Solem
2482 1912 2703 1982 iustitiae
2743 1930 3110 1985 cori8pexere;
3161 1918 3269 1973 imo
3308 1934 3405 1973 nec
3433 1921 3644 1975 stellam

2063 2001 2199 2055 ultra
2230 2002 2392 2055 visuri
2427 2012 2615 2070 erant,
2647 2004 2750 2058 nisi
2790 2015 3038 2074 prompto
3066 2006 3244 2061 animo
3273 2008 3396 2063 inde
3423 2010 3644 2078 profecti

2060 2100 2259 2145 essent.
2324 2091 2616 2162 Surgamus
2678 2093 2836 2164 igitur
2890 2104 2947 2150 et
3005 2111 3142 2163 nos;
3203 2098 3410 2153 etiamsi
3462 2116 3649 2156 omnes

2060 2183 2457 2251 perturbentur,
2490 2183 2557 2239 ad
2582 2183 2797 2241 domum
2828 2187 2977 2255 pueri
3005 2202 3283 2243 curramus
3306 2206 3320 2244 :
3343 2194 3441 2245 etsi
3469 2206 3643 2261 reges,

2060 2273 2161 2328 etsi
2192 2274 2405 2343 populi,
2437 2275 2538 2329 etsi
2583 2277 2792 2346 tyranni
2823 2276 2959 2332 hanc
2986 2279 3124 2332 viam
3155 2278 3471 2349 intercipere
3505 2292 3647 2337 sata-

2060 2372 2187 2433 gant
2209 2402 2225 2427 ,
2257 2378 2325 2419 ne
2365 2365 2686 2420 desiderium
2726 2367 3013 2422 solvamus.
3057 2368 3147 2423 Sic
3180 2370 3321 2424 enim
3351 2374 3528 2426 omnia
3558 2373 3643 2427 in-

2058 2454 2301 2522 gruentia
2342 2456 2479 2509 mala
2518 2455 2865 2525 depellemus.
2915 2456 3186 2528 Siquidem
3225 2468 3281 2514 et
3315 2460 3367 2514 hi
3394 2478 3604 2534 quoque
3627 2504 3644 2532 ,

2059 2546 2161 2601 nisi
2202 2562 2422 2616 puerum
2452 2547 2749 2613 vidissent,
2787 2550 3078 2618 periculum
3104 2590 3120 2617 ,
3152 2552 3293 2620 quod
3322 2568 3352 2607 a
3380 2570 3503 2624 rege
3533 2571 3645 2611 me-

1960 2655 1967 2661 '
2059 2639 2317 2705 tuebant,
2363 2655 2467 2693 non
2512 2639 2841 2709 effugissent.
2890 2651 3186 2711 Antequam
3233 2658 3456 2712 puerum
3501 2646 3645 2701 vide-

471 2725 697 2781 Mnrcion
724 2737 769 2781 et
796 2727 995 2781 Paulus
1022 2729 1381 2786 Samosatenus
1402 2750 1463 2787 ea:
1481 2735 1627 2789 stella
1641 2738 1981 2806 confutari.—

396 2818 689 2873 Erubescat
718 2819 948 2873 Mareion
975 2862 989 2886 ,
1019 2822 1303 2876 erubescat
1340 2824 1537 2879 Paulus
1577 2826 1976 2898 Samosatenus,

393 2910 482 2978 qui
515 2909 794 2963 noluerunt
824 2926 886 2964 ea
916 2912 1115 2975 videre,
1148 2929 1269 2982 qua:
1318 2917 1453 2985 magi
1479 2918 1748 2985 viderunt,
1781 2920 1976 2976 Eccle-

394 3001 489 3053 siae
516 3001 880 3069 progenitores
906 3003 981 3073 (α)
1011 3019 1024 3055 :
1058 3017 1232 3070 neque
1258 3006 1399 3058 enim
1430 3008 1591 3076 pudet
1625 3024 1711 3063 me
1748 3011 1826 3065 sic
1856 3011 1976 3066 illos

392 3107 602 3145 vocare.
647 3092 936 3147 Erubescat
980 3094 1234 3162 Marcion,
1287 3098 1453 3152 Deum
1494 3100 1681 3154 videns
1732 3103 1783 3155 in
1813 3118 1975 3159 carne

392 3184 689 3237 adoratum.
720 3183 1012 3239 Erubescat
1040 3186 1253 3251 Paulus,
1308 3188 1491 3243 videns
1520 3192 1665 3245 illum
1711 3209 1814 3247 non
1843 3195 1973 3249 sim-

310 3332 315 3335 Α
392 3276 601 3344 pliciter
620 3286 677 3328 ut
708 3275 978 3331 hominem
1004 3277 1237 3331 adorari.
1267 3278 1396 3332 Nam
1420 3282 1557 3349 quod
1587 3282 1639 3336 iii
1661 3298 1820 3339 carne
1840 3286 1972 3339 ado-

391 3378 540 3421 ratus
568 3368 656 3432 sit,
690 3368 739 3420 id
764 3376 816 3421 et
842 3369 1000 3437 panni
1018 3369 1300 3423 ostendunt
1329 3380 1380 3425 et
1409 3387 1646 3440 praesepe
1673 3388 1685 3424 :
1714 3375 1853 3443 quod
1882 3390 1975 3430 au-

392 3469 497 3513 tem
522 3475 624 3513 non
652 3460 799 3529 quasi
820 3459 1086 3512 hominem
1108 3476 1294 3528 purum
1324 3462 1681 3529 adoraverint,
1701 3465 1973 3522 declarant

393 3551 517 3602 dum
553 3550 850 3602 inuitatum:
895 3550 1037 3603 artati
1063 3551 1186 3603 talia
1231 3550 1505 3618 proferunt
1527 3552 1689 3618 dona,
1716 3570 1834 3624 quae
1864 3555 1971 3609 Deo

392 3640 573 3693 ollerri
604 3655 696 3706 par
723 3648 859 3692 erat.
887 3639 1218 3694 Erubescant
1245 3657 1365 3694 cum
1390 3643 1492 3697 illis
1521 3654 1575 3696 et
1623 3644 1814 3710 Judaei,
1844 3646 1969 3701 dum

393 3735 646 3787 barbaros
670 3743 720 3786 et
749 3747 931 3802 magos
952 3733 1152 3799 vident,
1184 3734 1272 3801 qui
1299 3734 1443 3804 ipsos
1463 3736 1813 3803 prmveniunt,
1870 3751 1970 3791 nec

392 3831 511 3890 post
538 3822 657 3876 illos
682 3822 936 3878 accedere
967 3824 1167 3877 volunt.
1199 3820 1329 3878 Nam
1356 3840 1473 3893 qua:
1504 3834 1612 3878 tum
1641 3826 1775 3879 facta
1803 3838 1966 3892 sunt,

389 3912 685 3967 futurorum
707 3925 860 3968 erant
891 3913 1055 3983 ﬁgura
1092 3933 1105 3969 :
1134 3923 1293 3984 atque
1322 3917 1373 3968 in
1401 3916 1622 3969 exordio
1648 3917 1762 3985 ipso
1785 3915 1967 3970 decla-

388 4019 561 4059 ratum
592 4017 703 4071 est,
733 4017 919 4076 gentes
961 4008 1213 4077 populum
1244 4008 1388 4063 illum
1426 4019 1787 4077 praeventurus
1823 4023 1963 4063 esse.

390 4097 455 4151 Et
492 4114 588 4152 cur
614 4139 629 4161 ,
664 4098 891 4167 inquies,
925 4114 1029 4152 non
1069 4101 1136 4155 ab
1180 4100 1365 4165 initio,
1400 4100 1493 4155 sed
1523 4110 1703 4171 postea
1728 4100 1963 4165 dicebat,

387 4191 577 4245 Euntes
598 4191 771 4245 docete
789 4209 960 4246 omnes
980 4203 1150 4262 gentes
1178 4193 1392 4260 (Matth.
1425 4192 1515 4247 28.
1543 4193 1670 4261 i9)?
1697 4194 1859 4259 Quia,
1908 4202 1966 4247 ut

382 4283 488 4352 jam
509 4283 617 4337 disi
638 4325 653 4349 ,
686 4284 826 4351 quod
858 4294 982 4338 tunc
1010 4284 1204 4339 factum
1228 4295 1331 4349 est,
1363 4285 1654 4340 futurorum
1696 4288 1883 4357 ﬁgura,
1911 4295 1966 4341 et

383 4376 533 4443 quasi
560 4375 833 4443 praidictio
864 4385 1000 4429 erat.
1028 4376 1457 4429 Consentaneum
1485 4376 1685 4445 quippe
1708 4386 1857 4443 erat,
1904 4387 1963 4431 ut

382 4466 551 4521 Judzei
573 4475 797 4521 creteros
823 4467 1222 4535 prmcederent;
1252 4467 1375 4536 quia
1400 4482 1526 4520 vero
1550 4468 1845 4537 praestitum
1861 4468 1963 4523 sibi

384 4558 701 4613 beneﬁcium
729 4566 920 4627 sponte
961 4568 1297 4626 respuerunt,
1339 4573 1429 4613 res
1460 4568 1784 4627 praepostere
1808 4575 1960 4615 versa

381 4660 464 4703 est
498 4668 511 4703 :
540 4647 801 4717 siquidem
831 4663 1003 4717 neque
1045 4646 1132 4703 hic
1153 4663 1248 4717 par
1272 4658 1408 4715 erat,
1445 4657 1503 4703 ut
1544 4650 1681 4720 magi
1720 4658 1843 4705 ante
1869 4650 1962 4706 Ju-

382 4739 529 4793 daeos
573 4741 847 4802 venirent;
898 4755 1071 4810 neque
1115 4750 1171 4794 ut
1209 4741 1242 4795 ii
1286 4741 1374 4811 qui
1412 4750 1559 4796 tanto
1587 4743 1759 4811 spatio
1785 4743 1955 4799 dista-

381 4830 542 4890 bant,
572 4843 667 4882 eos
693 4831 782 4899 qui
812 4830 950 4884 circa
1000 4830 1185 4886 urbem
1239 4831 1409 4900 ipsam
1457 4831 1766 4888 habitabant
1802 4842 1959 4889 ante-

382 4919 677 4983 cederent,
717 4935 886 4990 neque
916 4932 972 4976 ut
998 4921 1054 4988 ii,
1087 4924 1174 4992 qui
1217 4923 1472 4977 nihildum
1517 4924 1795 4979 audierant
1821 4940 1914 4980 eos
1937 4965 1953 4991 ,

376 5012 467 5080 qui
514 5011 653 5065 inter
680 5023 755 5067 tot
785 5014 1092 5083 prophetias
1139 5014 1377 5069 innutriti
1424 5015 1664 5081 fuerant,
1698 5016 1957 5086 praeveni-

375 5110 531 5169 rent;
563 5118 746 5159 verum
775 5105 899 5176 quia
930 5105 982 5159 in
1011 5121 1217 5161 summa
1260 5106 1519 5162 bonorum
1550 5122 1769 5163 suorum
1799 5107 1977 5178 igno-‘

439 5378 516 5451 ἔα).
544 5377 634 5453 .“i‘?
656 5376 785 5453 in???
807 5376 1027 5453 δίςιξηιεπ
1061 5378 1284 5453 δι’ᾳῶίέ
1321 5384 1680 5453 Ωτοϐθηίιρΐθξν
1712 5388 1827 5451 (illia
1850 5391 1958 5453 ,ίρεί

378 5441 519 5503 primi
543 5440 590 5487 in
613 5440 820 5503 regione
838 5452 941 5495 sua,
970 5442 1065 5489 imo
1090 5443 1235 5489 etiam
1269 5440 1519 5503 inundata,
1546 5440 1784 5498 Christum
1805 5440 1953 5501 adve-l

378 5500 519 5565 inisse,
537 5500 867 5565 przedian-unt.
882 5509 978 5558 Qua
995 5504 1182 5553 ratione
1206 5511 1428 5556 auctores
1450 5500 1803 5563 et'l'undatores
1822 5511 1954 5565 Chri-

382 5563 617 5613 stianismi
639 5562 734 5614 dici
758 5571 975 5626 possunt.

2058 2740 2201 2795 rent,
2231 2731 2471 2796 timores,
2501 2730 2755 2799 pericula,
2783 2730 3203 2800 perturbationes
3219 2731 3454 2800 imdique
3480 2735 3644 2789 insta-

2057 2821 2225 2887 bant;
2283 2831 2404 2892 post
2454 2822 2817 2876 adorationem
2861 2836 3027 2887 vero,
3080 2824 3440 2894 tranquillitas
3488 2836 3646 2895 atque

2057 2914 2347 2978 securitas;
2396 2928 2567 2982 neque
2610 2913 2833 2967 ulterius
2878 2913 3027 2967 stella
3052 2956 3067 2979 ,
3107 2913 3198 2968 sed
3239 2917 3464 2986 angelus
3500 2918 3643 2983 ipsos

2057 3004 2290 3073 excipit,
2332 3003 2400 3056 ab
2443 3002 2752 3057 adoratione
2796 3004 3100 3058 sacerdotes
3145 3004 3363 3060 eﬁ'ectns
3395 3027 3408 3062 :
3440 3010 3636 3062 etenim

2058 3110 2276 3149 munera
2306 3094 2628 3148 obtulerunt.
2678 3094 2921 3149 Dimissis
2955 3096 3128 3163 itaque
3158 3095 3379 3152 Judaico
3409 3098 3602 3167 populo
3625 3139 3640 3161 ,

2059 3186 2365 3257 perturbata
2404 3185 2655 3251 civitate,
2704 3186 3045 3254 sanguinario
3092 3196 3353 3257 tyranno,
3401 3193 3641 3246 saeculari

2059 3292 2283 3347 pompa,
2319 3277 2370 3330 in
2412 3274 2721 3330 Bethlehem
2761 3276 2869 3331 cito
2910 3292 3102 3345 perge,
3131 3278 3219 3331 ubi
3264 3278 3453 3334 domus
3494 3283 3643 3351 panis

2058 3366 2369 3437 spiritualis.
2403 3366 2513 3420 Etsi
2538 3366 2678 3420 enim
2709 3376 2887 3435 pastor
2911 3366 3092 3430 lueris,
3124 3382 3295 3437 eoque
3320 3370 3601 3424 adveneris
3620 3413 3636 3437 ,

2060 3474 2279 3527 puerum
2326 3459 2377 3510 in
2422 3457 2715 3510 diversorio
2757 3457 2979 3511 videbis.
3027 3457 3244 3511 Etiamsi
3289 3475 3383 3513 rex
3438 3460 3639 3527 fueris,

2060 3565 2158 3604 nec
2204 3559 2377 3601 tamen
2423 3548 2741 3612 adveneris,
2784 3547 2913 3601 nihil
2956 3548 3047 3603 tibi
3091 3564 3320 3617 purpura
3366 3551 3636 3619 proderit;

2059 3643 2264 3695 etiamsi
2294 3654 2476 3709 magns
2502 3638 2683 3705 fueris,
2714 3638 2843 3692 nihil
2872 3648 2922 3693 te
2954 3640 3053 3694 hoc
3078 3640 3361 3706 impediet,
3396 3641 3438 3693 si
3472 3642 3633 3697 modo

2061 3734 2416 3787 lionoraturus
2444 3730 2862 3800 adoraturusque
2884 3732 3173 3787 accesseris
3191 3771 3205 3793 ,
3236 3746 3333 3785 nec
3359 3734 3641 3787 conculca-

2061 3835 2208 3879 turus
2236 3825 2427 3878 Filium
2468 3822 2561 3878 Dei
2593 3840 2608 3876 :
2639 3823 2685 3877 si
2723 3838 2843 3876 cum
2890 3830 3123 3877 tremore
3162 3822 3322 3876 simul
3360 3832 3414 3876 et
3450 3823 3642 3892 gaudio

2063 3918 2165 3972 hoc
2190 3917 2397 3987 egeris;
2431 3917 2543 3970 hinc
2566 3916 2708 3970 enim
2742 3918 2899 3969 ambo
2925 3924 3145 3983 possunt
3168 3931 3506 3970 concurrere.
3536 3916 3641 3970 Sed

2060 4023 2189 4063 cave
2216 4024 2285 4062 ne
2313 3998 2505 4061 Herodi
2533 4007 2721 4060 similis
2748 4006 2821 4060 sis
2849 4016 2905 4061 et
2924 4006 3088 4070 dicas,
3121 4005 3188 4061 Ut
3215 4010 3410 4062 veniens
3435 4008 3640 4061 adorem

2061 4116 2212 4164 eum,
2239 4098 2565 4167 veniensque
2610 4097 2853 4152 occidere
2895 4105 3087 4150 tentes.
3137 4095 3213 4150 Illi
3254 4097 3395 4151 enim
3441 4097 3643 4151 similes

2064 4200 2221 4255 sunt,
2245 4187 2335 4258 qui
2367 4188 2579 4258 indigne
2604 4188 2980 4259 mysteriorum
3010 4189 3294 4257 participes
3324 4198 3465 4244 sunt.
3508 4189 3639 4243 Nam

2062 4284 2151 4355 qui
2176 4283 2474 4353 huiusmodi
2498 4294 2599 4351 est,
2624 4284 2758 4337 Reus
2777 4285 2890 4349 erit,
2915 4284 3103 4352 inquit,
3127 4285 3351 4352 corporis
3373 4293 3418 4338 et
3440 4282 3644 4351 sangui-

2064 4378 2142 4429 nis
2167 4375 2372 4430 Domini
2398 4376 2475 4447 (Ι.
2499 4375 2618 4431 Cor.
2644 4378 2729 4430 ll.
2751 4375 2864 4445 ‘27).
2895 4374 3027 4428 Nam
3054 4376 3143 4443 qui
3170 4374 3470 4442 hujusmodi
3498 4381 3644 4437 sunt,

2066 4467 2264 4522 habent
2311 4468 2364 4522 in
2409 4482 2468 4522 se
2512 4478 2792 4537 tyrannum
2837 4465 3161 4520 invidentem
3204 4481 3368 4535 regno
3405 4464 3643 4528 Christi,

2066 4574 2367 4615 mamonam
2394 4574 2584 4627 nempe
2612 4558 2819 4612 Herode
2845 4557 3179 4627 iniquiorem.
3208 4556 3306 4611 llic
3329 4556 3525 4625 quippe
3548 4556 3647 4608 im-

2064 4664 2255 4719 perare
2296 4649 2445 4716 vult,
2486 4649 2747 4719 mittitque
2788 4648 3021 4703 cultores
3062 4662 3188 4702 suos
3212 4688 3227 4712 ,
3268 4648 3356 4717 qui
3400 4647 3652 4701 simulate

2063 4740 2279 4810 quidem
2311 4740 2567 4805 adorent,
2598 4742 2691 4794 sed
2720 4738 2991 4793 adorando
3028 4737 3290 4807 jugulent.
3338 4736 3647 4791 Timeamus

2062 4830 2274 4901 itaque,
2303 4846 2372 4885 ne
2393 4830 2627 4900 speciem
2658 4829 2953 4898 supplicum
3000 4840 3053 4883 et
3078 4828 3417 4882 adoratorum
3450 4827 3646 4880 habeao

2065 4935 2183 4975 mus
2209 4962 2224 4985 ,
2271 4935 2432 4989 opere
2473 4902 2649 4974 autem
2692 4919 2957 4973 contraria
2986 4918 3351 4973 exhibeamus.
3402 4917 3648 4973 Omniae

2062 5013 2303 5067 manibus
2328 5013 2665 5082 projiciamus
2692 5011 2982 5065 adoraturi.
3016 5009 3069 5066 Si
3095 5026 3283 5065 aurum
3316 5009 3603 5063 habeamus
3626 5049 3643 5073 ,

2063 5104 2236 5171 ipsum
2272 5103 2557 5157 olleramus
2581 5144 2596 5168 ,
2631 5117 2729 5156 nec
2770 5099 3123 5157 defodiamus.
3166 5100 3221 5156 Si
3250 5101 3391 5155 enim
3436 5097 3646 5153 barbari

2061 5192 2135 5248 illi
2162 5194 2225 5248 ad
2256 5193 2510 5247 honorem
2538 5208 2757 5246 munera
2789 5202 2914 5248 tunc
2939 5192 3267 5255 obtulerunt,
3311 5191 3430 5260 quis
3457 5200 3511 5245 tu
3538 5191 3647 5245 eris

2060 5284 2163 5341 nisi
2205 5284 2406 5339 tribuas
2433 5284 2720 5353 indigenti?
2748 5285 2792 5337 si
2824 5284 2895 5337 illi
2926 5293 3125 5339 tantam
3156 5298 3441 5353 suscepere
3463 5283 3601 5337 viam
3626 5323 3643 5347 ,

2060 5383 2121 5429 ut
2158 5386 2338 5429 natum
2369 5373 2645 5439 viderent,
2675 5390 2829 5444 quam
2866 5376 3264 5430 excusationem
3302 5374 3520 5429 habebis
3548 5383 3602 5427 tu
3626 5413 3644 5441 ,

2062 5467 2149 5535 qui
2175 5480 2244 5521 ne
2266 5466 2333 5520 ad
2360 5466 2531 5521 vicum
2552 5466 2764 5537 quidem
2792 5482 2952 5521 unum
2978 5481 3251 5536 properas,
3275 5474 3331 5520 ut
3356 5465 3642 5529 inﬁrmum,

2061 5565 2116 5612 et
2143 5556 2197 5612 in
2217 5556 2439 5613 vinculis
2460 5556 2733 5614 detentum
2755 5556 2976 5613 visites?
3002 5556 3161 5626 Atqui
3185 5572 3282 5613 nos
3308 5566 3360 5611 et
3384 5556 3643 5619 inﬁrmos,
3668 5597 3673 5601 .
