4060 6156
359 298 437 352 1'19
1571 304 1636 360 IN
1668 307 1934 362 ’ΜΑΊἹΙᾸΞ

2083 306 2309 363 nomn
2345 308 2466 362 vu.
3559 343 3632 399 εθ

365 435 418 478 et
445 425 649 478 vinctos
671 460 688 488 ,
721 421 826 474 imo
855 427 910 474 et
955 417 1197 474 inimicos
1240 417 1593 481 miseramur;
1635 427 1690 470 tu
1723 431 1848 472 vero
1878 433 1945 472 ne

364 510 660 570 beneficum
709 510 920 582 quidem
966 520 1019 565 et
1065 508 1344 564 Dominum
1393 508 1583 563 tuum?
1628 506 1708 562 Illi
1755 523 1940 562 aurum

350 606 702 669 obtulerunt;
733 614 787 658 tu
818 619 1006 673 panem
1038 602 1121 656 vix
1149 602 1403 657 dederis?
1447 602 1522 655 llli
1554 601 1761 656 stellam
1790 601 1939 657 vide-

363 704 480 752 runt
504 736 519 760 ,
560 706 612 749 et
635 693 801 764 gavisi
829 702 988 759 sunt;
1020 703 1072 747 tu
1097 708 1228 746 vero
1257 692 1528 746 Christum
1553 692 1944 764 vidensltospi-

354 795 470 844 1cm
500 795 555 842 et
579 785 780 840 nudum
803 825 817 847 ,
851 795 955 839 neu
985 782 1253 837 flecteris?
1287 782 1417 848 Quis
1443 783 1583 837 enim
1619 792 1849 838 vestrum
1881 800 1943 837 ex

354 880 429 936 'iis
454 879 543 947 qui
573 878 719 932 mille
747 876 1001 932 beneficia
1029 883 1368 944 acceperunt,
1395 883 1592 928 tantam
1620 889 1716 943 pro
1737 875 1946 928 Christo

355 970 596 1037 suscepit
625 967 1105 1039 peregrinationem
1128 1008 1142 1031 ,
1175 975 1424 1036 quantum
1445 966 1528 1020 illi
1550 966 1770 1020 barbari
1791 1007 1806 1032 ,
1842 967 1946 1019 ium

365 1061 434 1114 illi
480 1059 812 1129 phil050phis
857 1059 1244 1127 sapientiores?
1294 1059 1357 1112 Et
1407 1058 1532 1128 quid
1578 1059 1698 1114 dico
1747 1066 1945 1113 tantam
1982 1122 1983 1125 η

365 1151 549 1207 viam?
596 1152 769 1206 Multa:
799 1151 935 1221 apud
960 1165 1065 1204 nos
1093 1151 1344 1204 mulieres
1382 1151 1452 1204 ita
1483 1150 1672 1205 molles
1697 1159 1858 1215 sunt,
1894 1159 1948 1202 ut

363 1257 432 1299 ne
471 1242 644 1295 vicum
693 1258 856 1295 unum
906 1254 1231 1296 transmeare
1274 1241 1475 1308 velint,
1515 1248 1572 1295 ut
1599 1240 1651 1294 in
1683 1240 1942 1312 spirituali

353 1341 624 1409 praesepio
667 1340 837 1409 ipsum
883 1337 1132 1404 videant,
1187 1338 1285 1392 nisi
1313 1338 1478 1393 mulis
1517 1337 1797 1393 vehantur.
1842 1337 1942 1397 Alii

351 1431 554 1502 quibus
586 1431 724 1484 inest
756 1428 1060 1484 ambulandi
1087 1427 1308 1482 facultas
1333 1471 1348 1493 ,
1377 1429 1457 1483 vel
1486 1428 1817 1484 stneularium
1846 1443 1942 1484 ne-

364 1520 626 1592 gotiorum
668 1520 876 1575 turbam
902 1561 917 1585 ,
966 1518 1046 1573 vel
1097 1517 1422 1573 theatrorum
1467 1517 1944 1589 frequentationem

352 1610 489 1667 :buic
524 1611 682 1666 coetui
714 1619 1062 1678 anteponunt.
1112 1609 1178 1664 Et
1211 1610 1416 1665 barbari
1446 1610 1660 1680 quidem
1692 1610 1763 1664 illi
1783 1620 1945 1664 ant-e-

322 1751 326 1754 .
350 1717 522 1773 quam
549 1702 692 1756 illum
721 1700 980 1767 viderent,
1010 1708 1210 1755 tantum
1239 1700 1444 1756 itineris
1472 1703 1674 1757 emensi
1702 1710 1861 1766 sunt,
1892 1711 1943 1754 tu

363 1809 492 1850 vero
526 1808 626 1848 nec
654 1801 940 1863 postquam
981 1792 1154 1846 vidisti
1199 1792 1421 1846 imitaris
1464 1792 1613 1859 illos;
1658 1792 1751 1848 sed
1790 1802 1938 1862 post.

363 1899 523 1951 quam
553 1883 726 1937 vidisti
751 1925 767 1948 ,
798 1882 887 1936 illo
910 1881 1130 1936 dimisso
1153 1921 1167 1943 ,
1197 1881 1260 1934 ad
1297 1882 1514 1936 mimum
1541 1882 1827 1937 videndum
1853 1896 1943 1936 ae-

317 1973 322 1976 ”
364 1975 584 2046 θυι-τίει(
614 1974 802 2030 iisdem
831 1974 974 2030 enim
1015 1973 1253 2028 insistam
1284 1973 1474 2044 quibus
1504 1989 1671 2044 nuper
1698 1973 1715 2044 )
1746 1991 1760 2026 :
1788 1973 1945 2029 Chri-

351 2074 507 2122 stum
533 2067 583 2120 in
620 2065 880 2136 praesepio
913 2064 1178 2134 jacentem
1208 2064 1463 2135 relinquis
1483 2107 1499 2133 ,
1528 2074 1586 2120 ut
1611 2066 1859 2121 mulieres
1891 2065 1940 2121 in

352 2170 525 2211 scena
561 2156 759 2211 videas.
804 2155 1005 2224 Quibus
1043 2154 1157 2211 haec
1183 2154 1486 2211 fulminibus
1510 2155 1667 2226 digna
1695 2171 1799 2210 non
1820 2153 1945 2210 :fue-

353 2247 474 2302 -riut
490 2247 514 2301 ἲ

428 2415 482 2469 6.
512 2413 567 2470 Si
593 2413 732 2485 quis,
760 2427 960 2484 quaeso,
990 2410 1351 2482 polliceretur,
1384 2421 1434 2467 te
1465 2412 1518 2468 in
1546 2411 1740 2484 regiam
1770 2410 1934 2466 intre-

337 2502 573 2571 »ducere,
607 2507 1087 2577 lmperatoremque
1111 2505 1384 2562 sedentem
1412 2505 1501 2560 tibi
1528 2509 1835 2570 ostendere,
1861 2519 1931 2558 an

356 2597 978 2670 hujusmodispectaculo
1001 2597 1263 2653 theatrum
1289 2599 1604 2662 anteferres,
1628 2597 1833 2652 etiamsi
1859 2597 1937 2650 ιιι--

356 2689 433 2745 hil
466 2693 588 2745 hinc
617 2692 746 2744 lucri
774 2689 974 2745 referre
999 2691 1221 2760 posses?
1248 2690 1343 2744 Hic
1367 2705 1494 2744 vero
1523 2689 1642 2745 fons
1667 2689 1803 2760 ignis
1827 2690 1932 2759 Spi-

361 2782 566 2836 ritualis
591 2796 656 2836 ex
683 2782 780 2835 hac
806 2795 988 2836 mensa
1013 2781 1231 2835 scaturit
1257 2797 1268 2833 :
1297 2789 1348 2834 tu
1378 2794 1505 2834 vero
1534 2779 1630 2834 hac
1661 2779 1844 2834 relicta
1870 2779 1935 2833 ad

360 2872 620 2927 theatrum
650 2871 883 2927 accurris
913 2881 1155 2927 natantes
1185 2871 1438 2936 mulieres
1468 2881 1798 2940 spectaturus
1821 2913 1836 2937 ,
1875 2887 1937 2925 ac

360 2978 544 3018 sexum
596 2963 743 3018 illum
791 2963 1229 3026 dehonestatum,
1269 2961 1641 3032 Christumque
1686 2963 1938 3032 relinquis

359 3054 492 3110 fonti
521 3053 884 3109 assidentem?
904 3053 1122 3107 :Etenim
1155 3068 1294 3107 nunc
1323 3067 1533 3122 quoque
1557 3053 1704 3122 juxta
1735 3052 1935 3105 fontem

360 3146 544 3211 sedet,
573 3161 676 3199 non
700 3143 1085 3200 Samaritanam
1110 3143 1415 3211 alloquens,
1443 3142 1536 3198 sed
1568 3151 1728 3198 totam
1755 3142 1938 3199 civita-

361 3249 465 3292 tem
503 3255 516 3291 :
546 3236 770 3291 fortasse
796 3249 923 3290 vero
952 3249 1090 3288 nunc
1118 3248 1327 3303 quoque
1350 3233 1736 3289 Samaritanam
1767 3233 1934 3288 solam

349 3327 670 3398 alloquitur.
715 3326 882 3380 Nemo
912 3325 1054 3379 enim
1084 3325 1180 3393 ipsi
1210 3339 1350 3378 nunc
1378 3323 1528 3379 adest
1555 3365 1568 3388 ,
1597 3323 1699 3378 nisi
1725 3323 1939 3394 quidam

358 3433 586 3489 corpore
610 3425 834 3480 tantum,
866 3415 951 3469 alii
979 3423 1157 3468 autem
1186 3429 1251 3468 ne
1278 3428 1500 3484 corpore
1523 3414 1760 3484 quidem.
1790 3415 1939 3467 Atta-

362 3524 484 3562 men
515 3509 630 3578 ipse
659 3522 766 3560 non
798 3504 1034 3568 recedit;
1062 3502 1156 3558 sed
1198 3515 1374 3558 manet
1402 3513 1580 3572 potum
1606 3517 1636 3556 a
1666 3503 1820 3558 nobis
1849 3518 1940 3573 po.

363 3599 586 3662 stulans,
619 3612 724 3652 non
754 3611 977 3666 aquam,
1007 3595 1100 3649 sed
1130 3594 1460 3650 sanctitatem
1493 3611 1506 3648 :
1538 3603 1720 3650 saneta
1747 3596 1940 3664 quippe

358 3687 561 3742 sanctis
589 3689 785 3743 tribuit.
817 3688 998 3759 Neque
1023 3688 1162 3743 enim
1187 3702 1378 3758 aquam
1405 3701 1471 3742 ex
1499 3686 1601 3741 hoc
1627 3685 1772 3741 fonte
1803 3701 1939 3754 pne-

351 3777 472 3843 .bet,
493 3778 584 3834 sed
610 3780 918 3850 sanguinem
939 3780 1223 3842 viventem,
1246 3781 1335 3848 qui
1361 3777 1660 3849 symbolum
1681 3787 1764 3833 est
1789 3793 1937 3832 mor-

362 3872 449 3936 tis,
482 3871 575 3926 scd
595 3874 713 3926 vita:
734 3887 892 3927 causa
918 3880 1019 3927 est.
1043 3871 1122 3926 Tu
1145 3880 1318 3925 autem
1346 3870 1530 3925 relicto
1549 3868 1696 3924 fonte
1720 3869 1936 3938 sangui-

359 3961 673 4032 nis,7poeulo
687 3962 777 4016 illo
797 3962 1090 4026 tremendo,
1107 3960 1172 4014 ad
1191 3961 1388 4016 fontem
1406 3960 1582 4030 pergis
1595 3959 1934 4026 diabolicum,

356 4061 422 4107 ut
465 4063 733 4109 natantem
779 4054 1110 4109 meretricem
1143 4052 1478 4122 conspicias,
1521 4058 1575 4106 et
1608 4050 1936 4120 naufragium

358 4145 552 4200 anima:
579 4141 813 4215 patiaris.
843 4147 991 4215 Aqua
1020 4145 1161 4198 enim
1188 4143 1276 4196 illa
1305 4142 1522 4212 pelagus
1550 4151 1630 4196 est
1658 4141 1893 4198 libidinis
1916 4181 1932 4205 ,

362 4251 466 4289 non
507 4250 730 4305 corpora
773 4235 1154 4304 suhtnergens,
1199 4231 1294 4286 sed
1331 4232 1624 4285 animarum
1665 4229 1936 4298 naufragia

362 4327 590 4395 pariens.
630 4325 734 4382 Sed
778 4326 865 4380 illa
896 4333 1040 4378 natat
1070 4323 1206 4377 nuda
1232 4365 1248 4389 ,
1283 4331 1336 4376 tu
1362 4336 1490 4377 vero
1516 4322 1700 4376 videns
1726 4322 1938 4377 demer-

360 4418 499 4488 geris
528 4419 579 4472 in
610 4417 930 4486 profundum
962 4416 1209 4470 libidinis.
1243 4415 1384 4470 Talis
1412 4414 1605 4484 quippe
1631 4423 1714 4469 est
1740 4413 1933 4469 diaboli

355 4525 554 4580 sagena
586 4527 599 4563 :
632 4525 736 4564 non
768 4523 860 4568 eos
885 4509 974 4578 qui
1006 4508 1056 4560 in
1083 4521 1274 4576 aquam
1300 4505 1665 4570 descendunt,
1693 4505 1784 4560 sed
1816 4505 1936 4559 illos

346 4605 534 4674 potius
561 4605 647 4674 qui
671 4617 886 4658 sursum
913 4601 1138 4664 sedent,
1172 4616 1328 4670 quam
1359 4614 1453 4655 eos
1481 4599 1570 4669 qui
1601 4599 1652 4653 in
1680 4613 1813 4668 aqua
1845 4613 1938 4652 vo-

346 4696 594 4750 lutantur
615 4735 629 4758 ,
658 4695 1000 4765 submergere
1028 4693 1195 4759 solet,
1228 4693 1524 4760 szeviusque
1554 4689 1774 4746 suﬂ‘oeat
1797 4703 1890 4744 eos
1915 4729 1933 4756 ,

354 4802 512 4856 quam
557 4785 889 4839 Pharaonem
915 4825 928 4849 ,
969 4785 1058 4854 qui
1097 4799 1217 4838 cum
1260 4784 1411 4853 equis
1445 4791 1499 4837 et
1539 4781 1781 4836 curribus
1812 4791 1936 4836 tunc

353 4878 635 4932 demersus
661 4882 763 4928 est.
796 4874 866 4927 Et
890 4875 933 4928 si
960 4874 1169 4942 quidem
1195 4874 1400 4928 animas
1428 4872 1607 4928 videre
1634 4886 1931 4942 possemus,

354 4968 617 5038 plurimas
643 4963 797 5019 vobis
825 4965 1158 5019 ostenderem
1190 4965 1271 5018 his
1299 4965 1450 5034 aquis
1487 4973 1890 5034 supernatantes
1916 5006 1929 5027 ,

351 5061 492 5116 sicut
534 5067 663 5113 tunc
704 5055 1073 5126 JEgypliorum
1111 5071 1353 5127 corpora.
1403 5057 1508 5113 Sed
1547 5057 1686 5128 quod
1723 5058 1933 5128 gravius

353 5160 467 5216 est,
502 5150 657 5205 talem
685 5147 972 5218 perniciem
1003 5145 1322 5217 voluptatem
1351 5149 1650 5219 appellant,
1676 5157 1733 5205 et
1760 5149 1934 5220 perdi-

356 5243 515 5297 tionis
561 5242 780 5311 pelagus
825 5238 1190 5294 delectationis
1231 5241 1469 5311 euripum
1513 5252 1718 5297 vocant.
1774 5244 1932 5312 Atqui

353 5332 556 5386 facilius
581 5339 662 5386 est
687 5329 929 5400 {Egmum
958 5337 1012 5383 et
1041 5327 1421 5398 Tyrrhenieutn
1452 5348 1618 5399 mare,
1648 5349 1803 5402 quant
1837 5332 1934 5386 hu-

354 5420 580 5492 iusmodi
622 5419 982 5491 spectaculum
1022 5427 1135 5472 tuto
1177 5419 1440 5488 trajicere.
1482 5422 1610 5476 Nam
1640 5423 1810 5492 primo
1839 5439 1934 5493 per

355 5520 518 5566 totam
575 5521 786 5568 noctem
845 5509 1086 5566 diabolus
1144 5509 1224 5564 rei
1283 5514 1676 5580 exspectatione
1728 5515 1934 5570 animos

353 5610 688 5675 praeoccupat
711 5617 726 5660 :
747 5602 940 5661 deinde
968 5610 1247 5673 postquam
1276 5600 1331 5660 id
1354 5602 1496 5673 quod
1528 5606 1934 5676 exspectabatur

2064 419 2312 489 ostendit,
2333 424 2509 478 statim
2530 421 2707 492 alligat
2729 423 3040 492 etcapti-vos
3058 423 3238 480 efficit.
3259 426 3336 484 Ne
3361 427 3501 484 enim
3521 444 3644 500 quia

2061 529 2177 568 cmn
2208 515 2488 572 meretrice
2513 530 2617 568 non
2645 512 2874 578 coivisti,
2899 521 2950 567 te
2980 524 3130 582 putes
3154 531 3181 567 a
3208 527 3425 586 peccato
3451 520 3641 575 immu-

2049 622 2178 660 .nem
2205 621 2325 661 esse
2351 625 2362 661 :
2387 623 2448 662 ex
2482 604 2909 674 concupiscentia
2927 606 3134 677 quippe
3160 617 3325 664 totum
3348 611 3637 678 perfecisu’.

2058 695 2186 750 Nam
2225 699 2268 750 si
2305 695 2730 765 concupiscentia
2770 693 3043 762 detineris,
3082 697 3337 767 majorem
3369 698 3636 756 flammam

2051 789 2376 855 aceendisti;
2409 789 2491 844 sin
2519 797 2695 844 autem
2725 786 2837 842 haec
2863 787 3168 859 aspiciendo
3195 785 3328 840 nihil
3357 784 3585 840 moveris
3603 823 3622 849 ,

2050 883 2236 952 majori
2255 881 2437 950 culpae
2475 881 2735 935 obnoxius
2757 893 2818 934 es
2842 921 2857 944 ,
2899 878 3042 949 quod
3071 878 3277 933 czeteris
3311 875 3630 931 offendicula

2049 974 2122 1026 sis
2153 1015 2168 1039 ,
2200 981 2254 1028 et
2289 971 2439 1043 quod
2485 971 2802 1042 spectaculis
2845 969 3055 1025 illectus
3075 1010 3090 1034 ,
3122 978 3177 1024 et
3217 967 3402 1024 oculos
3426 975 3551 1020 tuos
3575 974 3630 1020 et

2049 1079 2170 1117 cum
2200 1063 2370 1118 oculis
2390 1063 2568 1133 ipsam
2596 1062 2825 1116 animam
2853 1060 3126 1128 deturpes.
3155 1057 3348 1113 Verum
3372 1072 3439 1112 ne
3463 1057 3630 1112 simus

2054 1155 2410 1224 :ncrepatione
2453 1155 2567 1210 sola
2596 1153 2840 1208 contenti
2866 1193 2881 1215 ,
2944 1167 3042 1222 age
3085 1151 3193 1220 jam
3242 1147 3628 1204 emendationis

2048 1248 2264 1302 modum
2299 1248 2682 1318 perquiramus.
2727 1245 2854 1313 Quis
2883 1261 3010 1316 ergo
3041 1244 3228 1298 modus
3256 1243 3396 1298 erit?
3432 1241 3628 1298 Uxori-

2049 1338 2149 1393 bus
2174 1343 2364 1394 vestris
2391 1355 2484 1394 vos
2525 1339 2734 1394 tradere
2765 1339 2885 1392 volo
2908 1380 2922 1403 ,
2956 1347 3010 1392 ut
3054 1338 3182 1407 ipsae
3225 1352 3320 1392 vos
3363 1336 3626 1391 erudiant.

2048 1428 2338 1498 Oportebat
2374 1431 2587 1499 quidem
2610 1471 2623 1494 ,
2656 1429 2948 1484 secundum
2991 1429 3138 1482 Pauli
3168 1428 3335 1497 legem
3363 1469 3377 1494 ,
3409 1443 3505 1482 vos
3530 1427 3630 1481 do-

2047 1531 2224 1577 ctores
2263 1537 2382 1578 esse
2405 1537 2420 1577 :
2447 1523 2568 1592 quia
2608 1536 2737 1576 vero
2774 1535 2872 1590 per
2907 1529 3182 1588 peccatum
3224 1522 3463 1574 inversus
3499 1518 3631 1573 ordo

2038 1612 2166 1680 .fuit,
2198 1622 2252 1668 et
2277 1628 2472 1683 corpus
2497 1614 2742 1683 superius
2761 1654 2775 1679 ,
2807 1621 2964 1681 caput
2993 1625 3120 1665 vero
3151 1609 3373 1665 inferius
3394 1611 3639 1680 positum.

2049 1707 2312 1772 est,'banc
2331 1707 2517 1763 saltem
2541 1707 2677 1761 viam
2701 1704 3016 1776 deligamus.
3033 1703 3185 1769 Quod
3207 1703 3250 1757 si
3273 1701 3629 1772 magisterium

2049 1799 2287 1855 mulieris
2317 1799 2590 1856 erubescis
2615 1841 2628 1863 ,
2658 1799 2780 1869 fuge
2804 1805 3078 1869 peccatum
3099 1838 3113 1862 ,
3132 1807 3196 1852 et
3222 1796 3326 1850 cito
3348 1796 3551 1865 poteris
3576 1795 3630 1849 in

2047 1891 2242 1946 solium
2282 1906 2312 1946 a
2356 1892 2463 1947 Deo
2502 1891 2592 1946 tibi
2631 1891 2812 1945 datum
2845 1887 3152 1944 ascendere.
3192 1886 3451 1953 Quamdiu
3486 1895 3631 1942 certe

2049 1983 2372 2050 peccaveris,
2395 1997 2497 2036 non
2520 1982 2584 2035 ad
2609 1981 2856 2035 mulieres
2883 1989 3103 2044 tantum,
3123 1978 3216 2033 sed
3235 1979 3397 2034 etiam
3415 1978 3479 2032 ad
3503 1979 3629 2033 bru-

2037 2083 2222 2129 .-torum
2247 2073 2826 2130 animaliumavilissima
2857 2080 2909 2126 te
2935 2071 3096 2125 mittit
3123 2070 3394 2140 Scriptura
3422 2088 3434 2124 :
3459 2085 3630 2140 neque

2033 2166 2314 2222 -ernhescit
2342 2166 2558 2220 ratione
2593 2163 2869 2234 prmditum
2901 2161 2967 2217 ad
3005 2161 3277 2217 formicam
3312 2163 3628 2232 discipulum

2049 2259 2282 2314 mittere.
2303 2257 2484 2326 Neque
2503 2257 2643 2311 enim
2663 2255 2713 2310 id
2734 2255 3019 2324 Scriptura:
3037 2253 3189 2322 culpa
3207 2261 3308 2318 est,
3331 2253 3425 2308 sed
3445 2267 3630 2308 eorum

2036 2350 2140 2419 equi
2187 2348 2264 2404 sic
2304 2347 2634 2402 nobilitatem
2675 2345 2958 2416 prodidere
2994 2358 3168 2398 suam.
3221 2344 3331 2399 Hoc
3359 2354 3502 2399 certe
3533 2359 3628 2399 nos

2037 2455 2262 2513 quoque
2299 2441 2552 2496 faciemus
2571 2457 2598 2493 ιε
2627 2453 2689 2493 ac
2719 2453 2858 2492 nunc
2882 2437 3096 2508 quidem
3129 2447 3180 2492 te
3205 2437 3411 2492 mulieri
3455 2437 3628 2492 trade-

2037 2533 2271 2590 'muszsi
2311 2541 2488 2588 autem
2523 2530 2658 2585 hanc
2705 2529 3044 2600 despexeris,
3092 2527 3159 2582 ad
3189 2528 3625 2584 irrationabilium

2051 2635 2102 2680 te
2128 2622 2486 2693 magisterium
2514 2622 2787 2676 mittemus
2809 2663 2824 2687 ,
2853 2629 2906 2675 et
2936 2619 3284 2674 ostendemus
3313 2628 3440 2690 quot
3468 2633 3593 2674 aves
3614 2663 3626 2684 ,

2048 2725 2178 2787 quot
2207 2715 2397 2784 pisces,
2426 2721 2556 2782 quot
2583 2711 2976 2782 quadrupedes,
2999 2718 3128 2780 quot
3158 2710 3361 2778 reptilia
3389 2711 3629 2765 animalia

2052 2817 2103 2862 te
2134 2805 2436 2860 ItoneSIiora
2465 2811 2518 2859 et
2546 2801 2956 2871 temperantiora
2992 2799 3288 2854 videantur.
3316 2799 3466 2867 Quod
3495 2801 3538 2854 si
3565 2798 3630 2854 de

2039 2895 2446 2967 comparatione
2475 2894 2760 2950 erubescas
2780 2934 2794 2960 ,
2822 2891 3050 2947 ascende
3079 2891 3144 2946 ad
3175 2892 3449 2961 pristinam
3481 2891 3628 2948 ιιι·ὠί-

2045 3002 2271 3060 litatem,
2296 2992 2629 3063 acgehennae
2643 2987 2866 3059 pelagus
2879 2984 3210 3053 fluviumque
3230 2982 3446 3054 igneum
3478 2981 3623 3052 fuge,

2051 3089 2199 3144 illam
2229 3086 2353 3141 dico
2377 3082 2645 3154 piscinam
2675 3078 3013 3134 theatralem.
3057 3075 3180 3130 Haec
3222 3073 3366 3130 enim
3418 3074 3622 3144 piscina

2048 3180 2280 3247 pelagus
2311 3173 2443 3229 illud
2482 3171 2581 3226 tibi
2615 3168 2890 3229 conciliat.
2923 3173 2978 3221 et
3010 3163 3416 3220 illamtlammte
3455 3163 3623 3232 abys-

2053 3283 2174 3322 sum
2212 3262 2516 3320 succendit.

2113 3453 2174 3506 ‘7.
2197 3450 2328 3506 Nam
2371 3450 2444 3515 si,
2471 3449 2571 3518 Qui
2608 3449 2810 3521 respicit
2858 3448 3115 3501 mulierem
3164 3446 3232 3499 ad
3269 3445 3629 3512 concupiscen-

2050 3545 2192 3610 dum,
2228 3544 2345 3614 jam
2387 3544 2659 3596 moechatus
2684 3549 2756 3596 est
2790 3541 2810 3610 (
2834 3541 3018 3595 Matth.
3043 3539 3096 3594 ὅ.
3118 3539 3195 3594 ‘28
3219 3539 3273 3610 )z
3319 3538 3405 3608 qui
3437 3537 3631 3592 nudam

2047 3634 2268 3691 omnino
2296 3633 2564 3702 respicere
2588 3647 2692 3686 non
2718 3631 2944 3694 dubitat,
2977 3628 3242 3700 quomodo
3267 3642 3372 3682 non
3399 3641 3630 3682 sexcen—

2051 3725 2150 3780 ties
2189 3724 2428 3794 captivus
2471 3721 2763 3777 efficietur?
2808 3720 2923 3775 Non
2973 3720 3042 3774 ita
3088 3719 3347 3774 diluvium
3395 3729 3632 3788 tempore

2048 3814 2177 3869 Noae
2206 3814 2482 3868 hominum
2526 3827 2697 3883 genus
2743 3811 2990 3880 perdidit,
3026 3820 3081 3865 ut
3114 3810 3215 3864 illae
3249 3818 3485 3864 natantes
3510 3824 3629 3864 cum

2049 3905 2214 3959 multa
2261 3902 2588 3972 turpitudine
2635 3910 2960 3971 spectatores
2989 3914 3174 3954 omnes
3209 3901 3493 3953 sull‘ocant.
3540 3899 3629 3953 illa

2048 3997 2241 4066 quippe
2269 3993 2445 4064 pluvia
2477 3993 2684 4047 etiamsi
2713 4001 2937 4045 mortem
2965 4004 3246 4059 corporum
3269 3987 3506 4052 inferret,
3541 4005 3628 4057 ne-

2048 4085 2266 4155 quitiam
2311 4093 2485 4138 tamen
2528 4083 2722 4135 animm
2761 4079 3073 4134 auferebat:
3104 4079 3216 4133 lucc
3261 4088 3467 4144 contra,
3516 4094 3630 4131 ma-

2051 4186 2212 4232 nente
2250 4189 2474 4245 corpore
2517 4175 2747 4228 animam
2793 4172 3066 4227 interimit.
3100 4171 3207 4226 Vos
3244 4181 3388 4226 certe
3416 4186 3536 4224 eum
3566 4172 3629 4227 de

2057 4269 2228 4337 primo
2264 4280 2526 4322 consessu
2571 4265 2765 4335 agitur,
2797 4277 2892 4317 vos
2923 4271 3090 4316 totum
3119 4261 3300 4316 orbem
3332 4262 3628 4330 prmeedere

2049 4357 2387 4424 contenditis,
2420 4355 2671 4426 quoniam
2701 4355 2886 4410 civitas
2913 4363 3088 4408 vestra
3117 4353 3284 4422 prima
3304 4350 3625 4407 Christiano-

2052 4466 2164 4504 rum
2193 4464 2384 4504 nomen
2421 4445 2748 4519 adhibuitv(a)
2772 4447 2904 4515 (Act.
2939 4447 3020 4500 ll.
3049 4444 3177 4515 26);
3209 4460 3329 4498 cum
3355 4453 3528 4498 autem
3565 4443 3630 4497 de

2049 4542 2292 4596 castitate
2319 4543 2508 4612 agitur,
2562 4554 2629 4593 ne
2671 4539 2737 4592 ab
2778 4536 3154 4607 agrestioribus
3191 4535 3401 4604 quidem
3446 4534 3624 4588 civita-

2052 4635 2190 4690 tibus
2217 4633 2457 4703 superari
2486 4631 2815 4688 erubescitis.
2847 4629 3004 4684 Certe
3034 4627 3238 4697 inquies
3273 4647 3284 4679 :
3315 4626 3440 4694 quid
3477 4626 3630 4695 igitur

2050 4741 2144 4780 nos
2170 4725 2324 4796 jubes
2348 4723 2561 4780 facere?
2588 4738 2653 4776 an
2682 4729 2892 4776 montes
2920 4718 3231 4782 ascendere,
3263 4726 3320 4771 et
3345 4716 3631 4772 monachos

2049 4818 2204 4872 esse?
2230 4816 2430 4871 idcirco
2456 4817 2685 4886 ingemo,
2715 4811 2854 4883 quod
2884 4811 2986 4864 illis
3013 4818 3211 4862 tantum
3241 4807 3550 4862 modestiam
3577 4821 3632 4866 et

2048 4909 2342 4962 castitatem
2380 4915 2686 4977 competere
2723 4902 2939 4972 putetis,
2969 4900 3093 4954 licet
3117 4899 3361 4954 Christus
3385 4913 3626 4954 commu-

2047 5015 2143 5056 nes
2168 4999 2312 5069 leges
2341 4999 2596 5068 posuerit.
2627 4995 2757 5049 Nam
2784 5009 2902 5047 cum
2934 4992 3082 5057 dicit,
3117 4991 3176 5045 Si
3204 4992 3317 5062 quis
3358 4992 3629 5061 respexerit

2048 5094 2305 5148 mulierem
2348 5091 2415 5143 ad
2457 5084 2904 5156 concupiscendum
2930 5099 3039 5137 eam
3069 5082 3088 5153 (
3116 5082 3298 5135 Matth.
3328 5083 3380 5137 5.
3411 5082 3482 5137 28
3503 5083 3542 5152 ),
3571 5079 3626 5134 id

2049 5199 2155 5239 non
2194 5181 2455 5237 monacho
2483 5179 2629 5243 dicit,
2679 5176 2774 5234 sed
2813 5175 3093 5246 conjugato
3125 5193 3138 5226 :
3183 5189 3305 5228 nam
3345 5188 3498 5228 mons
3541 5172 3624 5225 ille

2049 5283 2174 5331 tunc
2229 5271 2530 5344 hujusmodi
2579 5269 2709 5325 viris
2759 5267 2992 5338 repletus
3041 5274 3176 5323 erat.
3227 5263 3409 5333 Cogita
3450 5263 3624 5331 itaque

2068 5552 2472 5632 ;__(_¢}l_gl_tl_ljpchiae
2489 5559 2692 5623 primum
2727 5563 2774 5612 in
2806 5560 3045 5614 Christum
3068 5564 3334 5614 credentes
3357 5563 3614 5622 Christiani

2040 5620 2152 5665 sunt
2173 5615 2414 5678 appellati.
