4060 6156
418 323 519 378 ..ει
1181 309 1230 363 s.
1267 308 1551 368 JOANNIS
1587 313 2035 374 cumsosror

2145 319 2433 374 .ncmup.
2480 320 3024 379 CONSTANTINOP.
3627 336 3696 391 εξ

416 438 738 491 έςηιιιοαιτιιηι
776 437 934 505 illud,
961 448 1015 492 et
1043 440 1146 495 hoc
1173 443 1504 498 diabolicum
1545 445 1819 497 theatrum
1861 458 2019 496 aver-

438 554 609 603 sare,
639 556 702 595 ac
728 542 839 595 noli
885 547 1038 613 quasi
1075 562 1374 602 onerosum
1416 550 1640 619 culpare
1689 565 2017 604 sermonem.

469 643 654 714 Neque
703 647 850 700 enim
899 651 1170 718 prohibeo
1223 652 1477 721 nuptias,
1529 669 1634 708 nec
1685 654 2023 723 voluptatem

469 765 692 817 prorsus
722 753 1026 820 interdico;
1077 757 1171 811 sed
1199 773 1321 811 cum
1359 759 1611 815 castitate
1647 760 1699 814 id
1745 760 1862 814 ﬁeri
1897 776 2024 829 per-

469 869 616 929 opto,
643 877 758 916 non
790 879 913 917 cum
944 865 1169 933 probro,
1191 865 1349 936 culpa
1378 875 1435 921 et
1458 871 1730 924 sexcentis
1759 868 2022 923 reatibus.

466 964 590 1020 Non
618 969 875 1038 praacipio
901 981 1116 1025 montes
1145 982 1200 1027 et
1234 974 1564 1029 solitudines
1595 975 1749 1031 adire
1771 1016 1784 1040 ,
1808 976 1901 1030 sed
1933 976 2028 1030 be-

471 1070 692 1141 nignum
723 1090 865 1140 esse,
897 1078 1205 1132 modestum
1235 1089 1291 1134 et
1314 1092 1528 1137 castum
1553 1097 1704 1148 eum,
1730 1083 1824 1152 qui
1848 1083 2027 1137 media

471 1191 522 1228 in
575 1179 711 1232 urbe
748 1179 979 1237 habitat.
1023 1181 1226 1239 Omnes
1273 1185 1475 1256 quippe
1514 1187 1664 1257 leges
1710 1203 2029 1243 communes

457 1291 597 1335 sunt
623 1285 782 1338 nobis
809 1302 933 1341 cum
974 1291 1278 1354 monachis,
1328 1308 1438 1346 uno
1479 1302 1707 1363 excepto
1733 1295 2027 1366 conjugio;

472 1400 581 1439 tmo
616 1388 783 1442 etiam
830 1389 934 1445 hac
967 1392 1022 1445 in
1056 1409 1115 1447 re
1161 1397 1482 1466 conjugatos
1517 1398 1625 1452 illis
1655 1399 1864 1454 similes
1909 1413 2031 1453 esse

463 1490 848 1554 .lubetPaulus
889 1514 901 1549 :
948 1497 1196 1552 Prwterit
1231 1501 1371 1554 enim
1391 1500 1566 1572 ﬁgura
1619 1505 1776 1573 hujus
1826 1507 2029 1570 mundi,

474 1604 527 1646 ut
583 1606 633 1649 et
690 1600 779 1668 qui
831 1601 1023 1656 habent
1081 1621 1270 1658 uxores
1322 1614 1578 1677 tanquam
1640 1625 1742 1661 non
1785 1611 2032 1664 habentes

475 1702 581 1754 sint
611 1704 628 1772 (
664 1705 844 1760 LCor.
896 1708 947 1762 7.
980 1709 1094 1780 29).
1127 1711 1318 1781 Itaque
1351 1753 1366 1777 ,
1401 1714 1496 1779 ait,
1552 1730 1660 1769 non
1712 1716 1884 1786 jubeo
1939 1730 2038 1769 vos

477 1807 1060 1867 amntium-cacumina
1093 1829 1367 1886 occupare
1405 1839 1416 1873 :
1450 1818 1502 1873 id
1549 1821 1749 1875 vellem
1788 1820 2032 1890 quidem,

481 1910 612 1976 quia
645 1914 814 1968 urbes
865 1917 1271 1976 Sodomitarum
1305 1923 1536 1979 crimina
1580 1927 1901 1994 imitantur;
1957 1935 2041 1980 at-

480 2023 660 2070 tamen
679 2020 754 2073 ad
791 2020 842 2074 id
878 2039 989 2078 non
1025 2042 1180 2098 cogo.
1211 2029 1477 2084 Permane
1519 2031 1572 2085 in
1603 2030 1766 2085 domo
1794 2041 1883 2086 tua
1917 2048 2039 2087 cum

477 2120 663 2178 liberis
694 2133 749 2179 ct
779 2142 978 2196 uxore;
1021 2131 1116 2185 sed
1172 2148 1242 2188 ne
1289 2137 1620 2190 contumelia
1653 2151 1878 2192 uxorem
1924 2137 2044 2192 affi-

479 2227 642 2292 cias,
675 2245 853 2300 neque
878 2233 1036 2290 ﬁlios
1078 2239 1370 2304 traducas,
1417 2257 1598 2311 neque
1653 2242 1854 2298 theatri
1894 2243 2040 2298 luem

481 2330 700 2388 domum
734 2335 990 2392 inducas.
1047 2341 1168 2396 Non
1235 2345 1396 2399 aud-is
1448 2347 1679 2401 Paulum
1715 2347 1989 2403 dicentem
2022 2387 2039 2414 ,

486 2435 570 2490 Vir
605 2441 688 2492 sui
729 2446 965 2512 corporis
1011 2454 1321 2514 potestatem
1368 2467 1471 2505 non
1522 2453 1696 2519 habet,
1727 2454 1828 2507 sed'
1850 2453 2043 2508 mulier

481 2545 498 2612 (
533 2545 582 2598 l.
614 2543 736 2602 Cor.
777 2551 830 2602 7.
857 2550 935 2621 4),
962 2567 1039 2606 ac
1072 2568 1391 2611 communes
1435 2559 1657 2629 utrique
1700 2560 1848 2630 leges
1877 2561 2040 2616 indu-

477 2652 743 2705 contem?
791 2652 874 2708 ’l‘u
921 2671 1075 2724 vero,
1121 2659 1164 2714 si
1201 2663 1488 2718 ecclesiam
1525 2681 1663 2719 uxor
1706 2665 2039 2736 frequentet,

477 2756 658 2822 gravis
696 2768 986 2816 accusator
1014 2779 1106 2829 es;
1155 2772 1212 2820 tu
1247 2767 1290 2820 si
1329 2768 1381 2822 in
1419 2769 1648 2826 theatris
1679 2771 1798 2826 dies
1834 2773 2040 2844 exigas,

485 2875 593 2915 non
625 2871 676 2916 te
718 2865 1052 2936 culpandum
1087 2873 1280 2940 putas?
1314 2872 1419 2929 Sed
1462 2875 1530 2930 de
1569 2879 1758 2933 uxoris
1790 2880 2042 2935 castitate

486 2966 772 3033 sollicitus,
813 2971 916 3027 hac
945 2973 1000 3027 in
1040 2989 1098 3029 re
1137 2977 1468 3046 superﬂuam
1513 2981 2043 3054 immoderatamque

475 3086 670 3126 .cuizam
705 3073 956 3144 adhibes,
997 3079 1164 3135 itaut
1194 3085 1514 3152 nequidem
1555 3089 1901 3145 necessarios
1929 3091 2045 3144 exi—

2130 450 2217 495 tus
2244 442 2294 496 ei
2328 443 2618 513 permittas
2652 460 2666 497 :
2703 444 2800 497 tibi
2832 460 2965 498 vero
3001 443 3185 496 omnia
3214 445 3380 499 licere
3412 455 3592 515 putas.
3622 451 3691 507 At

2130 548 2228 602 tibi
2283 549 2387 602 hoc
2439 565 2546 602 non
2592 549 2865 619 permittit
2909 549 3131 611 Paulus,
3178 550 3270 617 qui
3319 552 3568 606 eamdem
3604 555 3693 611 dat

2130 654 2285 705 uxori
2335 663 2662 721 potestatem
2721 653 2808 706 his
2861 653 3044 706 verbis
3093 653 3302 706 :Uxori
3344 655 3424 707 vir
3468 655 3694 710 debitum

2131 757 2377 810 honorem
2419 758 2603 810 reddat
2639 758 2711 828 (Ι.
2749 757 2869 812 Cor.
2902 757 2955 810 7.
2985 756 3060 824 5).
3114 757 3319 826 Ecquis
3364 758 3454 811 ille
3497 759 3694 826 honor,

2132 863 2262 916 dum
2290 862 2436 916 illam
2470 863 2526 916 in
2559 878 2618 916 re
2648 864 2924 932 praecipua
2953 862 3307 928 debonestas,
3332 863 3463 916 dum
3496 879 3696 934 corpus

2131 970 2252 1038 ejus
2283 967 2675 1023 meretricibus
2700 968 2911 1023 tradis?
2943 967 3089 1040 (nam
3124 983 3324 1037 corpus
3350 977 3504 1022 tuum
3525 971 3702 1040 ipsius

2133 1071 2294 1145 est;)
2329 1073 2459 1127 dum
2499 1073 2692 1130 turbas
2729 1073 2937 1128 ctlites
2981 1074 3204 1127 domum
3257 1074 3511 1129 inducis?
3564 1075 3695 1129 dum

2137 1181 2262 1234 talia
2293 1181 2410 1250 agis
2438 1180 2495 1233 in
2526 1179 2669 1243 foro,
2695 1196 2817 1248 qua:
2843 1195 2968 1232 cum
3015 1179 3164 1233 domi
3207 1193 3418 1242 narras,
3467 1179 3532 1232 ad
3566 1195 3696 1233 eru-

2136 1285 2472 1339 bescendum
2528 1284 2677 1354 cogis
2707 1297 2929 1337 uxorem
2983 1282 3300 1336 audientem
3333 1322 3347 1347 ,
3391 1291 3448 1336 et
3490 1282 3699 1351 pudore

2137 1391 2414 1446 suffundis
2455 1390 2621 1444 filiam
2653 1398 2980 1460 praesentem
3014 1429 3028 1454 ,
3084 1397 3247 1457 atque
3288 1399 3425 1442 ante
3465 1388 3584 1441 illas
3623 1399 3700 1443 te-

2139 1498 2354 1568 ipsum?
2390 1499 2622 1552 Necesse
2643 1496 2788 1551 enim
2811 1505 2897 1550 est
2926 1504 3022 1549 aut
3055 1503 3255 1558 tacere,
3287 1504 3382 1548 aut
3408 1494 3512 1548 hoc
3541 1494 3701 1547 modo

2140 1603 2517 1667 dehonestari,
2552 1618 2652 1672 pro
2669 1602 2871 1671 quibus
2903 1601 3069 1656 rebus
3101 1601 3186 1654 vel
3217 1601 3548 1654 domesticos
3575 1616 3700 1654 ver-

2142 1713 2371 1767 beribus
2394 1711 2571 1780 excipi
2610 1726 2710 1780 par
2755 1717 2860 1764 est.
2901 1708 3073 1774 Quam
3115 1707 3314 1778 igitur,
3366 1722 3572 1776 quaeso,
3605 1723 3701 1761 ex—

2143 1815 2485 1870 cusationem
2513 1813 2764 1879 habebis,
2813 1812 2943 1867 dum
2976 1826 3037 1866 ca
3074 1820 3227 1865 tanto
3275 1811 3460 1864 studio
3489 1811 3703 1880 conspi-

2141 1923 2240 1987 cis,
2274 1936 2394 1991 qua‘.
2422 1935 2490 1974 ne
2513 1934 2739 1973 narrare
2772 1916 2996 1987 quidem
3027 1916 3108 1970 fas
3142 1917 3272 1971 est?
3317 1916 3448 1982 Quae
3491 1931 3559 1969 ne
3592 1931 3704 1970 mc-

2142 2042 2356 2083 morare
2394 2024 2614 2094 quidem
2646 2023 2796 2088 licet,
2819 2039 2882 2078 ea
2916 2022 3173 2077 omnibus
3199 2021 3529 2090 anteponis?
3558 2021 3704 2074 Inte-

2141 2132 2246 2186 rim
2279 2132 2449 2201 igitur
2480 2171 2494 2196 ,
2535 2144 2605 2184 ne
2645 2129 2746 2184 sim
2779 2129 3089 2193 onerosior,
3133 2128 3225 2181 hic
3253 2127 3412 2181 finem
3447 2125 3705 2195 loquendi

2139 2237 2358 2292 faciam.
2391 2234 2447 2290 Si
2477 2242 2662 2288 autem
2689 2233 2885 2288 iisdem
2919 2229 3251 2301 persistatis,
3289 2230 3534 2283 acutiore
3563 2229 3707 2282 ferro

2139 2342 2471 2415 profundius
2505 2341 2705 2394 vulnus
2727 2337 2966 2409 infligam
2998 2354 3010 2389 :
3041 2351 3221 2405 neque
3256 2335 3506 2398 cessabo,
3533 2333 3708 2388 donec

2140 2447 2407 2517 dissipato
2459 2445 2553 2501 illo
2584 2443 2857 2499 diabolico
2909 2441 3122 2494 theatro
3149 2483 3162 2506 ,
3224 2456 3420 2510 purum
3451 2439 3708 2493 Ecclesia

2141 2563 2342 2610 cretum
2374 2551 2636 2608 eﬂ‘ecero.
2683 2550 2763 2604 lta
2809 2548 2958 2604 enim
2999 2563 3029 2601 a
3067 2546 3323 2616 praesenti
3369 2543 3707 2614 turpitudine

2140 2661 2525 2724 liberabimur,
2557 2666 2615 2713 et
2643 2656 2886 2711 futuram
2924 2666 3328 2721 consequemur
3367 2650 3557 2713 vitam,
3583 2662 3706 2718 gra-

2145 2770 2217 2823 tia
2279 2776 2336 2822 et
2396 2763 2780 2821 misericordia
2861 2758 3076 2815 Domini
3119 2755 3293 2811 nostri
3354 2754 3483 2809 Jesu
3547 2751 3710 2806 Chri-

2144 2874 2233 2936 sti,
2275 2873 2364 2927 cui
2392 2871 2563 2944 gloria
2605 2878 2660 2925 et
2699 2865 2990 2937 imperium
3044 2864 3099 2918 in
3138 2860 3334 2916 saecula
3363 2858 3708 2914 sarculorum.

2147 2981 2342 3035 Amen.

514 4375 1148 4392 "Mm
1153 4375 1200 4382 -α
1205 4375 1328 4383 ~—..-
1335 4372 1548 4382 -Μ

2973 4365 3326 4375 ι-ς-σ-ρ--ι--κ
3350 4359 3716 4376 --υ--ἐνδ--“

1830 4605 2168 4666 HOMILIA
2227 4604 2388 4663 VIII.

495 4877 620 4933 CAP.
653 4876 717 4928 ll.
756 4890 808 4926 v.
841 4874 924 4929 11.
973 4873 1044 4927 Et
1084 4873 1347 4925 intrantes
1378 4869 1614 4936 domum,
1651 4867 1892 4923 viderunt
1930 4882 2056 4936 pue-

571 4999 685 5035 rum
713 4998 831 5035 cum
852 4980 1025 5035 Maria
1060 4988 1232 5033 matre
1254 4979 1397 5048 ejus;
1424 4987 1472 5031 et
1499 4977 1822 5048 procidentes
1861 4975 2060 5027 adora-

570 5099 760 5143 eerunt
810 5104 975 5141 eum:
1031 5095 1078 5138 et
1123 5087 1320 5155 apertis
1363 5085 1623 5138 thesauris
1664 5080 1965 5136 obtulerunt
2013 5082 2062 5134 ei

572 5211 815 5258 munera,
858 5209 1072 5256 aurum,
1112 5193 1230 5244 thus
1265 5199 1315 5244 et
1341 5190 1755 5262 myrrham-(a).

554 5320 611 5372 Ἰ.
651 5316 820 5387 Magis
849 5315 977 5386 quid
1025 5313 1210 5377 suasit,
1248 5320 1302 5365 ut
1339 5310 1602 5366 Christum
1646 5311 1956 5371 adorarent,
2006 5307 2058 5359 in

565 5498 635 5557 (ιι)
655 5494 954 5557 Longiorem
990 5489 1069 5539 hic
1095 5487 1291 5557 titulum
1321 5485 1469 5535 habet
1501 5484 1670 5557 Morel.
1706 5497 1857 5557 quam.
1888 5483 2061 5557 §avil.,

501 5544 737 5668 et‘irc'ecte
765 5544 986 5618 fquidem
1025 5565 1037 5600 :
1077 5563 1186 5601 nam
1217 5550 1335 5599 haec
1371 5560 1468 5597 non
1509 5551 1804 5609 repetuntur
1845 5544 1967 5594 intra
2013 5544 2062 5592 in

507 5631 584 5665 su
641 5655 653 5667 .

2168 4867 2321 4914 tanta
2363 4860 2544 4928 inopia
2599 4861 2810 4910 natum.
2865 4851 2976 4922 Ipsi
3027 4849 3286 4905 Christum
3320 4856 3377 4902 ut
3428 4846 3592 4900 Deum
3636 4845 3736 4900 ba-

2166 4967 2508 5021 bueruut.—
2549 4959 2837 5027 Quomodo
2888 4971 3018 5026 ergo
3077 4956 3154 5009 ait
3209 4955 3424 5019 Lucas,
3479 4950 3622 5021 quod
3673 4948 3733 5003 in

2165 5069 2434 5143 prmsepio
2484 5067 2700 5138 positus
2753 5073 2899 5119 esset
2961 5062 3108 5133 (Luc.
3161 5063 3214 5115 ‘2.
3261 5060 3384 5131 7.)?
3427 5058 3564 5124 Quia
3626 5066 3738 5110 sta-

2169 5179 2264 5232 tim
2305 5185 2469 5245 atque
2504 5178 2798 5243 pepererat
2827 5184 2952 5223 eum
3005 5168 3078 5222 ibi
3106 5165 3409 5222 reclinavit.
3444 5161 3738 5218 Confluen—

2168 5284 2320 5339 tibus
2376 5280 2522 5334 enim
2575 5277 2642 5332 ad
2711 5290 2936 5331 censum
3001 5272 3240 5337 Iudaeis,
3321 5269 3472 5323 nulla
3523 5274 3740 5335 poterat

2172 5384 2406 5455 reperiri
2465 5382 2664 5436 domus
2693 5397 2705 5433 :
2753 5377 2898 5450 quod
2921 5378 3085 5432 etiam
3112 5375 3290 5430 Lucas
3319 5369 3590 5441 significat
3613 5383 3739 5422 cum

2173 5489 2273 5553 ait,
2318 5485 2456 5551 Quia
2497 5502 2600 5539 non
2652 5493 2768 5538 erat
2815 5483 2986 5546 locus,
3031 5478 3305 5533 reclinavit
3347 5474 3519 5528 illum.
3562 5470 3716 5541 (Ibid.

2177 5593 2372 5648 Postea
2420 5605 2553 5645 vero
2609 5588 2836 5646 sustulit
2877 5593 2935 5641 et
2989 5597 3153 5653 supra
3200 5592 3378 5654 genua
3414 5572 3745 5638 collocavit,
