4060 6156
429 258 500 313 83
1133 262 1190 318 S.
1229 262 1516 320 .IOANNIS
1553 264 2040 322 CIIRYSOSTOMI
2080 266 2397 326 ARCI‘IIEP.
2429 259 2970 326 CONSTANTINOP.’

422 370 758 445 προφητείας
802 367 1122 424 ἀκολουθίαν
1167 365 1338 421 ταῦτα
1374 367 1418 399 ⁸⁸
1461 367 1633 421 πάντα
1663 364 1980 436 ἐπληροῦτο.

437 464 598 518 ’Λλλά
626 463 679 514 τί
704 462 765 515 τὸ
788 464 984 515 πεῖσαν
1009 461 1204 524 αὐτοὺς
1220 459 1590 529 προσκυνῆσαι
1611 476 1625 524 ;
1651 457 1786 511 Οὔτε
1810 457 1918 528 γάρ
1947 459 1980 528 ή

425 555 698 627 Παρθένος
751 554 1014 624 ἐπίσημος
1069 549 1156 623 ἦν,
1205 551 1326 606 οῦτε
1373 553 1405 622 ἡ
1463 551 1608 603 οἰκία
1659 551 1982 622 περιφανὴς,

424 647 548 701 οὗτε
569 647 696 702 ἀλλο
726 664 778 699 τι
801 647 908 699 τῶν
934 647 1222 717 ὁρωμένων
1252 643 1430 697 ἱκανὸν
1459 643 1721 712 ἐκπλῆξαι
1749 643 1842 697 καὶ¹
1875 645 1988 695 ἐπιε-

427 741 754 796 σπάσασθαι.
781 741 844 793 Οί
872 739 926 793 δέ
956 741 1017 792 ού
1050 738 1206 808 μόνον
1249 736 1657 807 προσκυνοῦσιν,
1713 736 1848 789 ἀλλά
1895 738 1988 789 καὶ

428 831 734 898 ἀνοίξαντες
756 833 878 895 τοὺς
903 829 1205 900 θησαυροὺς
1227 829 1423 891 αὐτῶν,
1449 829 1596 898 δῶρα
1636 827 1987 898 προσάγουσι,

429 924 523 975 καὶ
563 921 729 991 δῶρα,
774 922 873 990 οὐχ
916 920 990 983 ὡς
1021 917 1312 990 ἀνθρώπῳ,
1346 917 1574 980 ἀλλ”ώς
1616 916 1750 986 Θεῷ.
1789 917 1846 970 '0
1883 916 1991 987 γάρ

428 1010 720 1073 λιϐανωτὸς
748 1008 894 1081 [119]
924 1011 1015 1062 καὶ
1056 1011 1088 1079 ή
1133 1006 1344 1078 σμύρνα
1377 1006 1564 1061 τούτου
1612 1005 1878 1076 σύμϐολον
1901 1002 1989 1077 ἦν.

429 1102 496 1154 Τί
523 1097 614 1154 οῦν
645 1102 705 1154 τὸ
733 1103 924 1154 πεῖσαν
949 1099 1179 1164 αὑτούς;
1211 1098 1285 1152 Τδ
1323 1099 1748 1169 παρασκευάσαν
1787 1099 1993 1151 οἴκοθεν

431 1193 726 1262 ἀναστῆναι
755 1193 848 1245 καὶ
871 1191 1134 1261 τοσαύτην
1162 1190 1334 1244 ἐλθεῖν
1365 1190 1499 1244 ὁδόν·
1526 1189 1683 1242 τοῦτο
1705 1188 1760 1242 δὲ
1787 1185 1854 1259 ἦν
1884 1190 1912 1242 ὅ
1935 1207 1994 1242 τε

431 1284 626 1354 ἀστὴρ,
675 1284 766 1336 καὶ
811 1285 846 1354 ἡ
892 1283 1042 1354 παρὰ
1083 1283 1177 1336 τοῦ
1209 1282 1344 1336 Θεοῦ
1383 1281 1643 1352 γενομένη
1690 1281 1755 1350 τῇ
1794 1279 1997 1348 διανοίᾳ

437 1375 615 1431 αὐτῶν
653 1374 934 1444 ἐλλαμψις,
981 1373 1120 1426 κατά
1162 1372 1352 1443 μικρὸν
1389 1372 1585 1434 αὐτοὺς
1629 1372 1764 1443 πρὸς
1792 1373 1888 1444 τὴν
1914 1389 2004 1426 τε·

438 1467 714 1537 λειοτέραν
737 1463 1002 1534 ὁδηγοῦσα
1027 1465 1245 1531 γνῶσιν.
1277 1464 1412 1517 Οὐδὲ
1433 1465 1539 1534 γὰρ
1559 1463 1646 1526 ἂν,
1675 1466 1723 1516 εἰ
1750 1464 1824 1534 μὴ
1846 1462 2004 1516 τοῦτο

438 1553 528 1628 ἦν,
567 1555 676 1608 τῶν
707 1554 1046 1623 φαινομένων
1066 1555 1295 1606 εύτελῶν
1324 1554 1488 1606 ὅντων
1519 1553 1788 1620 ἁπάντων,
1819 1552 2006 1606 τοσαύ-

439 1665 541 1716 την
575 1644 913 1710 ἐπεδείξαντο
944 1645 1126 1714 τιμήν.
1169 1645 1265 1696 Διά
1310 1643 1466 1696 τοῦτο
1496 1645 1646 1698 ούδέν
1673 1643 1780 1696 τῶν
1813 1643 2002 1714 αἰσθη-

441 1739 549 1790 τῶν
581 1738 721 1806 μέγα
753 1738 887 1800 ἐκεῖ,
922 1735 1055 1789 ἀλλά
1091 1736 1283 1805 φάτνη,
1315 1737 1407 1788 καὶ
1440 1735 1666 1806 καλύϐη,
1696 1737 1788 1788 καὶ
1825 1736 2008 1804 μήτηρ

444 1829 652 1898 πτωχή·
684 1827 770 1880 ἵνα
795 1825 1006 1895 γυμνὴν
1041 1825 1149 1877 τῶν
1183 1825 1371 1894 μάγων
1399 1825 1512 1899 ίδῃς
1545 1826 1644 1897 τὴν
1669 1824 2003 1894 φιλοσοφίαν,

442 1919 535 1972 καὶ
563 1917 740 1988 μάθῃς
777 1917 858 1968 ὅτι
897 1917 993 1985 οὐχ
1033 1916 1108 1978 ώς
1148 1915 1416 1986 ἀνθρώπῳ
1448 1915 1608 1984 ψιλῷ,
1638 1915 1752 1968 ἀλλ’
1783 1915 1858 1978 ὡς
1888 1912 2009 1984 Θεῷ

445 2007 753 2078 προσῄεσαν
791 2007 882 2059 καὶ
911 2006 1191 2078 εὐεργέτῃ.
1224 2007 1424 2075 Διόπερ
1453 2005 1626 2058 οὐδενὶ
1664 2005 1772 2058 τῶν
1799 2004 2008 2074 δρωμέ-

446 2114 549 2149 νων
592 2095 786 2160 έξωθεν
827 2093 1283 2159 ἐσκανδαλίζοντο,
1330 2094 1463 2148 ἀλλά
1506 2095 1597 2148 καὶ
1645 2093 2008 2164 προσεκύνουν

444 2188 537 2241 καὶ
569 2187 714 2256 δῶρα
752 2185 1046 2257 προσῆγον,
1073 2185 1172 2254 τῆς
1205 2186 1302 2254 μὲν
1335 2185 1626 2254 Ἰουδαϊκῆς
1655 2181 2008 2252 ἀπηλλαγμέ-

441 2298 514 2334 να
556 2281 878 2350 παχύτητος·
914 2279 1032 2332 ούδέ
1071 2280 1179 2350 γάρ
1210 2279 1455 2348 πρόϐατα
1487 2279 1580 2332 καὶ
1622 2277 1850 2347 μόσχους
1891 2275 2010 2327 ἐθυ-

447 2388 564 2425 σαν’
602 2374 702 2442 τῆς
732 2371 787 2423 δέ
815 2369 1268 2440 ἐκκλησιαστικῆς
1303 2370 1466 2437 ἐγγὺς
1503 2368 1632 2421 ὂντα
1676 2365 2006 2436 φιλοσοφίας⁸

447 2462 739 2531 ἐπίγνωσιν
763 2462 872 2532 γὰρ
899 2462 993 2514 καὶ
1020 2461 1266 2529 ὑπακοὴν
1294 2461 1388 2514 καὶ
1419 2460 1637 2529 ἀγάπην
1665 2456 1812 2527 αὐτῷ
1845 2473 2009 2528 προσ-

442 2556 596 2628 ῆγονο
628 2551 1134 2622 Χρηματισθέντες
1179 2551 1247 2604 δὲ
1287 2552 1410 2604 κατ’
1441 2550 1602 2617 ὄναρ,
1632 2549 1717 2618 μὴ
1750 2545 2012 2616 ἀνακάμ-

445 2649 555 2714 ψαι
593 2645 741 2712 πρὸς
783 2643 1057 2712 Ἡρώδην,
1099 2643 1172 2695 δι’
1212 2641 1406 2708 ἄλλης
1443 2639 1585 2694 ὀδοῦ
1624 2639 2014 2708 ἀνεχώρησαν

445 2740 532 2802 εἰς
572 2736 686 2803 τὴν
716 2734 913 2804 χώραν
962 2732 1178 2788 αὐτῶν.
1222 2733 1331 2785 Θέα
1374 2731 1661 2785 κάντεῦθεν
1696 2731 1792 2801 τὴν
1835 2730 2015 2782 πίστιν

447 2829 646 2889 αὐτῶν,
688 2828 804 2890 πῶς
840 2828 940 2880 οίικ
973 2822 1488 2893 ἐσκανδαλίσθησαν,
1515 2823 1625 2875 ἀλλ’
1650 2822 1785 2875 εἰσὶν
1812 2821 2016 2890 εύήνιοι

447 2921 542 2973 καὶ
581 2919 941 2989 εὐγνώμονες,
978 2917 1071 2970 καὶ
1113 2917 1173 2970 οὐ
1208 2914 1590 2986 θορυϐοῦνται,
1629 2913 1748 2965 ούδέ
1786 2912 2017 2981 διαλογίο

448 3011 629 3075 ζονται
679 3009 815 3080 πρὸς
852 3009 1075 3072 ἑαυτοὺς
1097 3007 1363 3075 λέγοντες·
1409 3007 1517 3059 Καὶ
1552 3003 1657 3075 μὴν
1698 3005 1746 3057 εί
1783 3004 1923 3074 μέγα
1957 3004 2017 3056 τὸ

449 3101 658 3154 παιδίον
691 3100 806 3153 ἐστὶ
837 3097 1014 3164 τοῦτο,
1043 3097 1135 3150 καὶ
1159 3097 1270 3168 ἔχει
1296 3096 1416 3150 τινά
1443 3096 1614 3166 ἰσχὺν,
1636 3093 1718 3157 τίς
1737 3093 1890 3164 χρεία
1919 3111 2017 3162 φυ-

446 3193 553 3262 Υῆς
597 3194 689 3246 καὶ
720 3190 982 3262 λαθραίας
1016 3191 1443 3262 ἀναχωρήσεωςς
1474 3187 1567 3240 καὶ
1590 3187 1644 3239 τί
1679 3186 1877 3256 δήποτε
1913 3201 2016 3254 (pa-

447 3285 620 3357 νερῶς
658 3285 910 3348 ἐλθόντας
944 3285 1092 3353 ἡμᾶς
1120 3281 1213 3335 καὶ
1247 3279 1383 3352 μετὰ
1411 3277 1740 3351 παρρησίας,
1762 3277 1854 3330 καὶ
1882 3276 2017 3346 πρὸς

446 3379 618 3449 δῆμον
652 3375 904 3430 τοσοῦτον
944 3375 1036 3428 καὶ
1079 3375 1213 3445 πρὸς
1245 3373 1505 3443 βασιλέως
1543 3370 1736 3442 μανίαν
1764 3369 2014 3434 στάντας,

445 3470 521 3534 ὡς
570 3468 840 3541 δραπέτας
867 3468 958 3522 καὶ
1009 3467 1251 3536 φυγάδας
1283 3463 1557 3534 ἐκπέμπει
1592 3463 1620 3515 ό
1653 3461 1882 3530 ἀγγελος
1918 3461 2016 3530 τῆς

447 3560 682 3624 πόλεως;
719 3559 857 3611 Ἀλλ’
877 3557 1029 3611 οὐδὲν
1049 3556 1250 3610 τούτων
1289 3553 1412 3608 οὔτε
1449 3549 1621 3615 εἶπον,
1650 3551 1772 3605 οὔτε
1802 3551 2015 3620 ἐνενόη-

450 3668 568 3704 σαν.
590 3649 761 3702 Τοῦτο
793 3648 902 3719 γάρ
931 3629 1162 3717 μάλίστα
1205 3647 1458 3708 πίστεως,
1497 3646 1557 3698 τὸ
1596 3644 1668 3714 μὴ
1714 3645 1894 3714 ζητεῖν
1930 3643 2017 3694 εύ-

450 3739 616 3802 θύνας
651 3739 761 3792 τῶν
807 3737 1292 3809 προστεταγμένων
1317 3738 1384 3800 θ’,
1425 3735 1558 3789 ἀλλά
1597 3733 1875 3787 πείθεσθαι
1906 3735 2018 3796 τοῖς

449 3827 890 3898 ἐπιταττομένοις
924 3829 1102 3899 μόνον.
1146 3825 1684 3896 Ἀναχωρησάντων
1703 3823 1770 3876 δὲ
1800 3821 2012 3884 αὐτῶν,

453 3917 582 3971 ἰδοὺ
636 3918 886 3989 ἄγγελος
930 3921 1150 3988 Κυρίου
1187 3920 1457 3989 φαίνεται
1507 3916 1586 3981 τῷ
1634 3915 1846 3985 Ἰωσὴφ
1885 3916 2011 3969 κατ’

451 4009 625 4078 ὄναρ,
654 4012 862 4081 λέγων·
909 4011 1191 4082 Ἐγερθεὶς
1219 4009 1524 4079 παράλαϐε
1550 4007 1616 4061 τὸ
1646 4005 1882 4061 παιδίον
1913 4005 2012 4061 καί

449 4098 564 4166 τὴν
603 4104 828 4170 μητέρα
876 4105 1096 4170 αὐτοῦ,
1145 4102 1245 4157 καί
1299 4102 1481 4171 φεῦγε
1545 4101 1632 4165 εἰς
1689 4100 2008 4168 Αιγυπτον.

455 4191 638 4256 ’Ἄξιον
667 4192 819 4266 [120}
844 4195 1074 4249 ἐνταῦθα
1107 4195 1430 4264 διαπορῆσαι
1470 4192 1565 4244 καὶ
1593 4190 1732 4260 ὑπὲρ
1770 4187 1877 4242 τῶν
1910 4185 2012 4257 μά-

452 4298 584 4348 γων,
627 4284 718 4335 καὶ
759 4285 895 4354 ὑπὲρ
935 4285 1028 4338 τοῦ
1071 4285 1300 4338 παιδίου.
1347 4285 1408 4336 Εἰ
1446 4282 1553 4351 γὰρ
1585 4280 1678 4332 καὶ
1711 4279 1904 4332 ἐκεῖνοι
1939 4275 2014 4346 μὴ

450 4362 875 4442 ἐθορυϐήθησαν,
904 4374 1038 4426 ἀλλά
1073 4373 1211 4443 μετά
1253 4373 1487 4433 πίστεως
1533 4371 1708 4424 πάντα
1749 4368 2012 4432 ἐδέξαντο,

451 4465 598 4532 ἡμᾶς
646 4462 793 4526 ἀξιον
837 4463 1090 4533 ζητῆσαι,
1142 4463 1281 4516 διατί
1336 4461 1409 4532 μὴ
1447 4462 1708 4528 παρόντες
1757 4459 2014 4521 σώζονται

451 4555 646 4606 ἐκεῖνοι
681 4553 775 4606 καὶ
819 4552 880 4605 τὺ
913 4553 1140 4617 παιδίον,
1177 4553 1290 4605 ἀλλ’
1326 4552 1376 4603 οἰ
1421 4551 1518 4621 μὲν
1556 4551 1636 4612 είς
1665 4549 1917 4620 Περσίδα,
1957 4547 2017 4598 τὸ

451 4644 509 4698 δέ
559 4645 638 4706 εἰς
681 4644 952 4712 Αἴγυπτον
1011 4644 1380 4712 φυγαδεύεται.
1429 4640 1564 4712 μετά
1620 4639 1716 4710 τῆς
1772 4636 2014 4708 μητρός;

464 4733 621 4788 Ἀλλά
652 4734 742 4801 τί;
791 4735 897 4788 ἔδει
937 4735 1097 4789 αὐτὸν
1146 4737 1405 4806 ἐμπεσεῖν
1447 4736 1525 4798 εἰς
1564 4731 1660 4794 τὰς
1691 4732 1877 4801 χεῖρας
1922 4728 2014 4781 τοῦ

464 4826 722 4897 Ἡρώδου,
761 4828 853 4881 καὶ
881 4829 1186 4898 ἐμπεσόντα
1237 4827 1312 4898 μὴ
1356 4823 1830 4884 κατακόπτεσθαι;
1878 4819 2016 4872 Ἀλλ’

452 4916 554 4969 οὐκ
586 4916 651 4969 ἂν
675 4917 927 4988 ἐνομίσθη
956 4919 1131 4988 σάρκα
1156 4917 1522 4988 ἀνειληφέναιο
1550 4916 1648 4969 οὐκ
1677 4914 1741 4968 ἂν
1775 4909 2018 4964 ἐπιστεύ-

455 5007 522 5076 θη
555 5007 651 5078 τῆς
682 5009 986 5075 οἰκονομίας
1027 5009 1087 5060 τὸ
1121 5007 1369 5078 μέγεθος.
1412 5009 1473 5061 Εἰ
1505 5007 1613 5078 γὰρ
1645 5005 1848 5060 τούτων
1872 5021 2018 5073 γινοο

459 5099 632 5167 μένων
657 5099 719 5159 ",
753 5100 845 5152 καὶ
895 5098 1100 5152 πολλῶν
1143 5099 1492 5170 ἀνθρωπίνως
1534 5095 2014 5168 οἰκονομουμένων,

457 5185 758 5257 ἐτόλμησάν
789 5205 930 5251 τινες
965 5190 1137 5240 εἰπεῖν
1167 5187 1246 5240 ὅτι
1278 5186 1443 5256 μῦθος
1469 5189 1625 5258 ήςτῆς
1659 5187 1860 5259 σαρκὸς
1884 5185 2016 5240 ἀνά-

456 5275 638 5345 ληψις,
663 5275 764 5329 ποῦ
793 5277 891 5329 ούκ
921 5276 986 5328 ἂν
1012 5275 1270 5342 ἐξέπεσον
1294 5275 1567 5340 ἀσεϐείας,
1596 5279 1643 5330 εί
1685 5278 1857 5331 πάντα
1897 5275 2016 5328 θεο-

455 5366 680 5440 πρεπῶς
718 5368 812 5421 καὶ
850 5366 991 5420 κατά
1015 5365 1113 5436 τὴν
1135 5364 1299 5419 αὐτοῦ
1325 5365 1552 5436 δύναμιν
1579 5365 1809 5437 ἔπραττε
1835 5382 1852 5430 ;
1879 5365 2019 5428 Τοὺς

453 5458 510 5512 δὲ
549 5449 757 5530 μάγους
797 5458 1069 5528 ἐκπέμπει
1111 5457 1340 5529 ταχέως,
1376 5457 1508 5528 ὁμοῦ
1545 5459 1641 5530 μὲν
1672 5457 2019 5519 διδασκάλους

518 5659 560 5691 ⁸⁸
593 5659 768 5711 ταῦτα
793 5673 904 5710 om.
938 5658 1000 5711 Α.
1036 5657 1095 5710 Β.
1129 5657 1232 5710 An.

1343 5657 1387 5686 "
1419 5655 1854 5725 προσταγμάτων
1879 5657 1948 5725 Δ.
1983 5657 2040 5725 Β.
2082 5656 2564 5725 προσταττομένων
2589 5655 2649 5710 F.

2086 378 2427 433 ἀποστέλλων
2457 379 2522 448 τῇ
2553 373 2776 447 Περσῶν
2801 378 2973 446 χώρα,
2997 368 3130 442 ὁμοῦ
3160 369 3215 421 δέ
3246 367 3527 421 ἐκκόπτων
3551 363 3648 420 τοῦ

2085 472 2345 542 τυράννου
2389 468 2483 540 τὴν
2529 467 2742 539 μανίαν,
2776 466 2862 518 ἵνα
2905 463 3047 534 μάθῃ
3085 463 3165 515 ὅτι
3205 459 3489 532 ἀνηνύτοις
3525 458 3649 511 ἐπι-

2088 563 2258 632 χειρεῖ
2308 561 2614 630 πράγμασι,
2666 556 2758 620 καὶ
2806 553 2896 606 τὸν
2950 551 3122 621 θυμὸν.
3176 548 3362 622 σϐέσῃ,
3413 548 3505 601 καὶ
3553 546 3649 615 τῆς

2093 651 2476 722 ματαιοπονίας
2503 649 2691 702 ἐαυτὸν
2729 647 2774 677 ⁸⁸
2809 643 3071 715 ἀπαγάγῃ
3099 640 3319 710 ταύτης.
3346 639 3420 692 Οὐ
3449 637 3557 706 γάρ
3586 635 3662 707 δὴ,

2087 748 2147 798 τὸ
2189 744 2328 815 μετά
2365 739 2672 813 παρρησίας
2697 737 2742 770 ⁵⁸
2767 732 3138 806 περιγίνεσθαι
3166 730 3277 783 τῶν
3311 727 3518 799 ἐχθρῶν
3555 727 3651 795 μό-

2089 854 2197 900 νον,
2238 834 2372 888 ἀλλά
2405 834 2498 886 καὶ
2539 831 2598 883 τὸ
2629 830 2745 900 μετ’
2776 825 3023 888 εὐκολίας
3063 823 3260 884 αὐτοὺς
3289 819 3524 890 ἀπατᾷν,
3553 817 3654 887 τῆς

2091 924 2261 980 αὑτοῦ
2277 925 2553 994 δυνάμεως
2571 920 2741 986 ἀξιον.
2752 918 2907 972 Οῦτω
2922 915 3050 984 γοῦν
3071 913 3163 966 καὶ
3182 913 3305 974 τοὺς
3328 907 3654 978 Αἰγυπτίους

2092 1018 2313 1072 ἐπὶτῶν
2353 1015 2617 1070 Ἰουδαίων
2657 1011 2928 1082 ήπάτησε,
2966 1007 3060 1060 καὶ
3088 1005 3379 1072 δυνάμενος
3408 998 3656 1069 φανερῶς

2092 1112 2180 1164 τὸν
2224 1110 2444 1162 ἐκείνων
2491 1105 2715 1160 πλοῦτον
2757 1105 2836 1164 εἰς
2881 1100 2978 1162 τὰς
3011 1097 3118 1150 τῶν
3175 1093 3441 1162 Ἐϐραίων
3497 1106 3657 1160 μετα-

2098 1203 2292 1271 στῆσαι
2323 1203 2528 1269 γεῖοας,
2554 1195 2730 1266 λάθρα
2751 1193 2846 1246 καὶ
2876 1190 3012 1262 μετά
3037 1188 3248 1257 ἀπάτης
3272 1182 3430 1237 τοῦτο
3449 1179 3664 1234 κελεύει

2100 1292 2268 1345 ποιεῖν
2318 1289 2451 1357 ὅπερ
2473 1285 2571 1336 οὐκ
2598 1283 2814 1334 ἔλαττον
2834 1281 2941 1334 τῶν
2965 1281 3139 1335 ἄλλων
3165 1281 3406 1351 σημείων
3435 1282 3660 1354 φοϐερὸν

2099 1381 2257 1438 αὑτὸν
2291 1376 2440 1448 παρά
2473 1377 2582 1437 τοῖς
2612 1372 2870 1434 ἐναντίοις
2896 1371 3168 1443 ἐποίησεν.

2171 1472 2234 1542 β’.
2257 1471 2322 1523 Οἱ
2341 1467 2469 1537 γοῦν
2494 1464 2879 1517 Ἀσκαλωνῖται
2902 1463 2993 1518 καὶ
3009 1464 3057 1515 οί
3073 1462 3247 1516 λοιποὶ
3269 1464 3486 1528 πάντες,
3504 1463 3667 1534 ἡνίκα

2098 1563 2195 1633 τὴν
2225 1559 2452 1614 κιϐωτὸν
2482 1555 2691 1620 ἔλαϐον,
2722 1555 2815 1608 καὶ
2840 1555 3138 1625 πληγέντες
3169 1555 3355 1608 λοιπὸν
3390 1556 3666 1627 παρῄνουν

2100 1658 2208 1718 τοῖς
2230 1652 2448 1712 οἰκείοις
2483 1649 2557 1720 μὴ
2585 1646 2858 1718 πολεμεῖν,
2891 1646 3024 1717 μηδέ
3051 1647 3109 1710 ἐξ
3126 1645 3369 1710 ἐναντίας
3395 1647 3664 1710 ἵστασθαι,

2105 1744 2241 1818 μετὰ
2276 1740 2383 1795 τῶν
2411 1739 2583 1794 ἀλλων
2613 1736 2904 1806 θαυμάτων
2925 1737 3019 1790 καὶ
3045 1735 3201 1789 τοῦτο
3229 1738 3308 1800 εἰς
3339 1737 3502 1807 μέσον
3532 1731 3666 1808 ἦγον

2101 1833 2498 1902 λέγοντες-Ἵνα
2524 1830 2581 1884 τί
2601 1829 2896 1898 βαρύνετε
2917 1826 3068 1899 [121]
3093 1828 3198 1893 τὰς
3215 1827 3457 1896 καρδίας
3478 1826 3668 1897 ὑμῶν,

2104 1922 2295 1990 καθὼς
2333 1921 2620 1990 ὲϐάρυνεν
2655 1919 2952 1987 Αιγυπτος
2992 1919 3090 1972 καὶ
3139 1917 3380 1986 dictaui);
3408 1922 3522 1987 οὐχ
3569 1918 3670 1972 ὅτε

2102 2014 2416 2079 ἐνέπαιξεν
2465 2011 2687 2077 αὐτοῖς,
2709 2069 2713 2074 ,
2737 2012 2869 2064 τότε
2918 2010 3305 2074 ἐξαπέστειλε
3362 2010 3468 2064 τὸν
3516 2011 3672 2065 λαὸν

2105 2102 2289 2159 αὑτοῦ
2317 2101 2414 2155 καί
2449 2089 2727 2169 ἀπῆλθον
2748 2098 2827 2165 ⁸⁸,
2854 2097 3036 2151 Ταῦτα
3057 2098 3112 2150 δέ
3136 2097 3338 2167 ἐλεγον,
3361 2099 3470 2152 τῶν
3495 2099 3679 2154 ἀλλων

2107 2195 2346 2266 σημείων
2383 2193 2490 2246 τῶν
2516 2189 2764 2262 φανερῶς
2790 2189 3092 2260 γενομένων
3118 2191 3162 2221 ⁸⁷
3190 2191 3289 2243 οὐκ
3323 2190 3541 2244 ἔλαττον
3577 2194 3670 2245 καὶ

2104 2286 2259 2340 τοῦτο
2284 2283 2590 2354 νομίζοντες
2622 2277 2781 2343 εἶναι,
2825 2282 2904 2342 είς
2941 2279 3038 2350 τὴν
3076 2282 3175 2352 τῆς
3199 2281 3476 2350 δυνάμεως
3505 2281 3670 2336 αὐτοῦ

2107 2378 2200 2432 καὶ
2229 2375 2327 2446 τῆς
2359 2371 2741 2445 μεγαλωσύνης
2784 2369 3071 2434 ἀπόδειξιν.
3108 2373 3173 2424 Ὃ
3204 2371 3266 2440 δὴ
3309 2372 3400 2424 καὶ
3441 2371 3675 2426 ἐνταῦθα

2106 2469 2348 2538 γέγονεν,
2374 2465 2556 2518 ἱκανὸν
2585 2461 2846 2531 ἐκπλῆξαι
2886 2460 2976 2514 τὸν
3004 2462 3264 2531 τύραννον
3285 2464 3349 2516 ⁸⁸.
3395 2463 3676 2535 Ἐννόησον

2105 2563 2216 2630 γὰρ
2238 2553 2327 2612 οἶα
2351 2556 2576 2626 πάσχειν
2605 2553 2750 2616 εἰκὸς
2769 2548 2835 2624 ἦν
2863 2550 2952 2605 τὸν
2985 2551 3250 2623 Ἡρώδην,
3284 2553 3374 2606 καὶ
3402 2553 3519 2616 πῶς
3539 2554 3673 2607 ἀπο-

2109 2649 2410 2720 πνίγεσθαι,
2455 2646 2800 2711 ἀπατηθέντα
2834 2644 2985 2716 παρά
3028 2644 3136 2697 τῶν
3189 2644 3377 2714 μάγων
3411 2645 3504 2697 καὶ
3532 2644 3685 2698 οὕτω·

2108 2738 2596 2810 καταγελασθέντα,
2632 2737 2696 2788 Τί
2731 2734 2859 2807 γάρ,
2890 2735 2938 2787 εἰ
2979 2733 3054 2804 μὴ
3084 2734 3273 2803 γέγονε
3303 2733 3557 2804 βελτίων;
3599 2735 3674 2786 Οὐ

2107 2833 2200 2887 τοῦ
2221 2829 2391 2885 ταῦτα
2417 2828 2670 2898 οἰκονομή
2680 2843 2865 2889 σαντος
2895 2824 3060 2894 ἐγκλη
3069 2841 3164 2894 μα,
3188 2824 3321 2878 ἀλλά
3347 2824 3444 2894 τῆς
3465 2824 3684 2877 ἐκείνου.

2114 2923 2306 2993 μανίας
2367 2924 2402 2993 ὴ
2459 2917 2750 2987 ὑπερϐολὴ,
2808 2914 2943 2986 μηδὲ
2999 2917 3113 2978 τοῖς
3165 2914 3479 2985 δυναμένοις
3516 2915 3680 2969 αὐτὸν

2112 3011 2600 3086 παραμυθήσασθαι
2634 3008 2728 3064 καὶ
2754 3008 3057 3078 ἀποστῆσαι
3093 3006 3188 3077 τῆς
3218 3006 3478 3078 πονηρίας
3506 3005 3680 3060 εἴκον-

2107 3124 2218 3170 τος,
2252 3106 2366 3159 ἀλλ’
2395 3102 2699 3168 ἐπεξιόντος
2724 3098 3050 3170 περαιτέρω,
3074 3097 3160 3151 ἵνα
3181 3097 3274 3150 καὶ
3296 3097 3680 3168 χαλεπωτέραν

2107 3197 2325 3269 δέξηται
2352 3195 2506 3266 δίκην
2536 3194 2634 3263 τῆς
2661 3189 2914 3261 τοιαύτης
2942 3189 2986 3221 ⁸⁸
3009 3189 3212 3253 ἀνοίας.
3248 3189 3358 3242 Καὶ
3389 3188 3533 3252 τίνος
3559 3187 3680 3240 ἐνε-

2109 3287 2206 3341 κέν
2251 3302 2414 3356 φησιν
2439 3323 2454 3349 ,
2493 3283 2595 3348 Εἰς
2637 3281 2940 3350 Αιγυπτον
2968 3278 3036 3332 τὸ
3073 3277 3313 3334 παιδίον
3349 3276 3636 3347 πέμπεται
3658 3293 3682 3340 ;

2109 3376 2358 3432 Μάλιστα
2381 3374 2478 3445 μὲν
2527 3371 2622 3426 καὶ
2649 3372 2677 3424 ό
2698 3367 3083 3440 εὑαγγελιστὴς
3108 3366 3206 3438 τὴν
3235 3367 3410 3421 αἰτίαν
3439 3367 3678 3438 εἴρηκεν·

2112 3467 2232 3520 Ἵνα
2246 3462 2505 3535 πληρωθῇ
2525 3465 2654 3534 γὰρ,
2672 3460 2853 3529 φησὶν,
2873 3459 2992 3512 Ὅτι
3013 3457 3082 3522 ἐξ
3098 3457 3396 3527 Αἰγύπτου
3419 3455 3684 3509 ἐκάλεσα

2109 3556 2217 3611 τὸν
2248 3557 2382 3609 υἱόν
2413 3568 2550 3622 μουο
2584 3553 2698 3620 ἅμα
2726 3549 2782 3603 δέ
2809 3549 2902 3602 καὶ
2931 3547 3180 3620 χρηστῶν
3209 3547 3469 3617 προοίμια
3500 3545 3684 3600 λοιπὸν

2112 3645 2339 3698 ἐλπίδων
2383 3645 2448 3713 τῇ
2490 3639 2780 3711 οἰκουμένῃ
2836 3639 3282 3709 προανεφωνεὴο.
3329 3637 3544 3708 Ἐπειδὴ
3575 3637 3684 3708 γάρ

2113 3733 2370 3789 Βαϐυλὼν
2400 3733 2494 3786 καὶ
2523 3732 2796 3800 Αἴγυπτος
2830 3731 3064 3801 μάλιστα
3095 3729 3193 3799 τῆς
3222 3727 3326 3798 γῆς
3367 3727 3588 3799 ἁπάσης
3613 3731 3680 3799 τῇ

2113 3827 2269 3896 φλογὶ
2290 3826 2386 3894 τῆς
2405 3823 2655 3885 ἀσεϐείας
2681 3818 2817 3892 ἦσαν
2843 3818 3262 3890 ἐκκεκαυμέναι,
3292 3819 3356 3871 ἐκ
3379 3818 3676 3888 προοιμίων

2111 3918 2324 3981 δεικνὺς
2386 3917 2465 3970 ὃτι
2520 3913 2831 3986 ἀμφοτέρας
2880 3910 3230 3983 διορθώσεται
3284 3910 3378 3964 καὶ
3439 3909 3677 3979 βελτίους

2114 4008 2348 4077 ποιήσει,
2392 4005 2486 4058 καὶ
2530 4005 2726 4057 πείθων
2773 4003 2860 4056 διὰ
2891 4001 3094 4056 τούτων
3127 4001 3218 4054 καὶ
3259 4001 3386 4070 περὶ
3421 4000 3519 4068 τῆς
3548 3999 3674 4068 ὅλης

2113 4097 2435 4166 οίκουμένης
2464 4097 2530 4148 τά
2563 4097 2773 4168 χρηστά
2811 4095 3131 4165 προσδοκᾷν,
3169 4095 3232 4163 τῇ
3279 4092 3376 4160 μὲν
3411 4093 3534 4155 τοὺς
3569 4091 3675 4162 μά-

2115 4205 2241 4257 γους
2273 4187 2576 4250 ἀπέστειλε,
2616 4191 2682 4259 τῇ
2709 4189 2765 4240 δὲ
2796 4188 2842 4218 ⁷ο
2871 4185 3032 4248 αὐτὸς
3063 4183 3230 4252 ἐπέϐη
3275 4181 3411 4253 μετά
3437 4182 3538 4252 τῆς
3573 4200 3673 4252 μη-

2113 4279 2259 4348 τρός.
2297 4279 2436 4349 Πρὸς
2482 4278 2536 4331 δέ
2573 4281 2682 4341 τοῖς
2717 4277 3022 4348 εἰρημένοις
3068 4273 3161 4327 καὶ
3205 4273 3390 4343 ἕτερον
3427 4271 3676 4326 ἐντεῦθεν

2121 4369 2500 4440 παιδευόμεθα,
2537 4369 2598 4422 οὐ
2631 4369 2822 4440 μικρὸν
2855 4370 2932 4431 εἰς
2960 4366 3273 4437 φιλοσοφίαν
3306 4367 3435 4438 ἡμῖν
3469 4366 3672 4418 συντεῖ-

2116 4477 2222 4513 νον.
2254 4461 2410 4513 Ποῖον
2451 4459 2515 4531 δὴ
2544 4459 2739 4525 τοῦτο;
2783 4459 2856 4513 Τὸ
2901 4461 2966 4512 ἐκ
3005 4463 3304 4530 προοιμίων
3342 4454 3676 4527 πειρασμοὺς

2117 4550 2424 4621 προσδοκᾷν
2470 4552 2562 4603 καὶ
2613 4550 2920 4614 ἐπιϐουλάς.
2959 4551 3099 4621 Ὅρα
3157 4549 3287 4618 γοῦν
3334 4548 3441 4601 ἀπὸ
3483 4547 3589 4600 τῶν
3628 4546 3672 4578 τ’

2118 4642 2444 4712 σπαργάνων
2473 4641 2672 4705 εὐθέως
2693 4639 2846 4696 τοῦτο
2866 4641 3170 4710 γινόμενον..
3188 4640 3299 4693 Καὶ
3328 4639 3435 4710 γὰρ
3461 4637 3674 4710 τεχθέν-

2115 4755 2207 4800 τος
2257 4736 2442 4801 αὐτοῦ,
2499 4736 2594 4789 καὶ
2646 4736 2904 4808 τύραννος
2949 4735 3217 4803 μαίνεται,
3261 4733 3355 4786 καὶ
3395 4732 3538 4803 φυγὴ
3585 4730 3677 4783 καὶ

2121 4827 2448 4898 μετάστασις
2485 4827 2691 4896 γίνεται
2734 4827 2869 4897 πρὸς
2913 4825 3009 4896 τὴν
3038 4825 3353 4896 ὑπερορίαν,
3402 4823 3496 4877 καὶ
3528 4822 3680 4875 οὐδὲν

2117 4919 2415 4987 ὣικήσασα
2441 4919 2473 4987 ἡ
2503 4918 2684 4988 μήτηρ
2718 4918 2797 4980 εἰς
2822 4916 3050 4988 τὴντῶν
3078 4916 3365 4987 βαρϐάρων
3389 4912 3682 4982 φυγαδεύε-

2117 5027 2205 5062 ται
2236 5008 2436 5080 χώραν⁹
2473 5010 2558 5062 ἵνα
2593 5010 2656 5062 σὺ
2699 5008 2871 5062 ταῦτα
2905 5009 3137 5071 ἀκούων,
3171 5007 3298 5060 ὃταν
3342 5004 3683 5075 καταξιωθῇς

2118 5099 2537 5170 διακονήσασθαί
2597 5116 2702 5151 τινι
2755 5097 2904 5170 [122]
2960 5097 3311 5170 πνευματικῷ
3380 5097 3680 5168 πράγματι,

2119 5188 2236 5244 εἶτα
2284 5191 2396 5264 ἴδῃς
2435 5191 2481 5222 τ’
2518 5189 2710 5244 σαυτὸν
2759 5189 3034 5260 πάσχοντα
3083 5190 3152 5244 τά
3193 5190 3238 5221 ⁷³
3281 5189 3555 5259 ἀνήκεστα
3593 5187 3686 5239 καὶ

2123 5281 2346 5351 μυρίους
2406 5280 2746 5350 ὑπομένοντα
2793 5281 3091 5347 κινδύνους,
3157 5283 3231 5354 μὴ
3297 5279 3682 5352 διαταραχθῇς.

2123 5368 2256 5438 μηδέ
2285 5369 2463 5441 εῖπῃς·
2499 5369 2563 5422 Τί
2590 5387 2717 5422 ποτε
2746 5369 2902 5424 τοῦτό
2925 5371 3073 5442 tan;
3104 5365 3213 5424 καί
3247 5371 3354 5441 μὴν
3392 5368 3686 5438 στεφανοῦο

2122 5457 2245 5511 σθαί
2285 5475 2352 5528 με
2381 5458 2487 5511 ἔδει
2515 5459 2608 5513 καὶ
2633 5460 3124 5533 ἀνακηρύττεσθαι,
3153 5461 3246 5514 καὶ
3272 5461 3521 5532 λαμπρὸν
3550 5453 3686 5512 εἶναι

2753 5656 2809 5730 ⁸³-
2833 5657 3138 5726 γενομένων
3173 5657 3309 5711 Edd.
3368 5729 3374 5730 γ
3408 5659 3453 5730 ’ξ
3480 5659 3696 5730 ἑαυτόν]

448 5731 538 5783 Sic
569 5729 670 5782 An.
694 5730 756 5782 Δ.
783 5727 844 5780 F.
869 5735 921 5781 et
946 5742 1029 5798 pr.
1058 5727 1288 5796 B.vulgo
1311 5724 1502 5798 αὐτόν,
1527 5794 1537 5798 _
1564 5726 1612 5798 λ⁶⁹
1644 5724 1974 5798 παρρησίας]
2004 5731 2007 5776 ε

2118 5728 2218 5798 An.
2251 5724 2570 5798 περιουσίας
2605 5729 2668 5780 Α.
2696 5726 2757 5798 Β.
2785 5725 2935 5779 Arm.
2964 5724 3088 5798 mox
3113 5728 3508 5798 περιγενέσθαι
3545 5729 3606 5783 Ι).
3633 5724 3695 5784 FQ

446 5801 500 5879 1'.
517 5799 723 5879 ἐπῆέβε
741 5799 809 5879 ,Αο
851 5798 907 5851 B-
931 5794 991 5853 ο·
1027 5794 1632 5879 ..ῗ⁷,ιινδιι.έιωι.ε«¹ιεο.
1676 5795 1720 5879 ⁶ῗ
1740 5794 2007 5879 εύρριννάν

2107 5797 2176 5879 ΙιιΖ
2207 5794 2410 5879 ἐκεῖνον
2541 5797 2671 5879 ξῦονἶ
2744 5795 3085 5879 δ’*τοσαύτης
3111 5794 3270 5879 ΕΜ,
3322 5799 3367 5879 ⁷))
3398 5801 3463 5868 τῇ
3497 5798 3577 5868 δέ]
3601 5798 3699 5866 τῆς

446 5867 500 5920 δέ
538 5863 793 5924 13..Ἐιιῑ1ι.
828 5871 896 5922 (·Ι’.
937 5886 989 5924 υ.
1025 5867 1093 5918 ἲίί
1121 5869 1181 5920 (2.
1263 5868 1301 5896 ⁷⁸
1334 5864 1461 5916 ἀπόῖ
1490 5865 1586 5916 καὶ
1610 5864 1715 5917 ἀπό
1741 5863 1877 5919 Edd.

1955 5860 2120 5920 “-Sic
2147 5868 2209 5923 Δ.
2252 5868 2306 5920 l3.
2339 5867 2400 5920 (ἶ.
2445 5865 2538 5927 Ep.
2584 5867 2743 5928 νιιίαο
2772 5860 2886 5918 εἶτα
2915 5865 2978 5919 ἂν
3009 5860 3144 5927 ίδης.

3230 5869 3269 5898 ⁷³
3297 5868 3363 5920 τὰ
3395 5883 3516 5922 οηι..
3544 5871 3696 5924 Λνίὶ.
