4060 6156
409 299 479 358 83

401 419 527 476 Nam
543 419 717 475 statim
732 425 888 486 atque
908 415 956 468 in
976 413 1282 469 Bethlehetn
1298 412 1559 484 pervenit,
1580 413 1739 466 ﬁlittm
1756 414 1984 483 peperit,

401 521 454 566 ut
485 511 608 564 hinc
630 517 791 563 totam
823 505 1026 561 ediscas
1047 505 1418 568 (Bconomiam,
1450 512 1628 558 etnon
1652 518 1776 558 casu
1800 513 1850 557 et
1869 506 1985 558 sine

399 604 621 659 consilio
644 609 814 672 gesta,
844 599 935 653 sed
968 613 1064 668 per
1096 598 1478 666 providentiam
1517 595 1802 667 quamdam
1845 597 1982 650 divi-

399 710 521 748 nam
553 707 614 746 ac
639 689 932 745 secundum
965 687 1254 757 prophetiae
1277 688 1468 741 seriem
1499 687 1712 755 impleta
1737 687 1984 740 ba‘eom-

399 785 486 840 nia
517 783 694 837 fuisse.
727 779 927 834 Verum
971 777 1096 848 quid
1146 777 1264 831 illos
1295 777 1360 831 ad
1393 793 1612 847 puerum
1656 776 1985 832 adorandum

400 874 638 930 induxit?
664 871 847 940 Neque
868 870 1012 924 enim
1036 868 1198 939 Virgo
1238 869 1443 937 insigne
1472 868 1740 938 quidpiam
1791 883 1899 937 prte
1927 883 1987 922 se

400 967 621 1031 ferebat,
653 978 823 1033 neque
853 962 1044 1015 domus
1071 961 1344 1030 magniﬁca
1378 969 1512 1026 erat,
1547 977 1716 1030 neque
1749 961 1864 1015 istic
1890 961 1989 1014 ali-

400 1056 524 1128 quid
556 1053 700 1109 aliud
732 1062 865 1116 erat,
904 1051 1046 1122 quod
1078 1059 1258 1120 posset
1298 1051 1418 1105 illos
1459 1050 1543 1104 vel
1585 1050 1879 1120 pereellere
1907 1050 1988 1104 vel

400 1148 640 1201 allicere.
673 1143 748 1198 Illi
783 1159 908 1198 vero
937 1157 1040 1196 non
1069 1141 1227 1194 modo
1253 1141 1498 1203 adorant,
1528 1141 1622 1195 sed
1653 1141 1854 1210 apertis
1874 1143 1990 1195 the-

402 1239 578 1295 sauris
617 1237 724 1291 suis
757 1250 976 1289 munera
1020 1234 1268 1298 oll‘erunt,
1321 1249 1540 1288 munera
1591 1236 1846 1303 inquam,
1884 1250 1989 1288 non

403 1331 554 1401 quasi
585 1327 806 1390 homini,
839 1326 932 1380 sed
962 1326 1110 1395 quasi
1146 1325 1271 1378 Deo.
1315 1325 1459 1378 Thus
1499 1326 1640 1379 enim
1684 1334 1739 1379 et
1768 1329 1950 1395 tnyrrh

405 1420 500 1474 Dei
533 1417 760 1471 maxime
783 1415 1080 1487 symbolum
1110 1424 1244 1470 erat.
1274 1415 1411 1482 Quid
1440 1415 1597 1484 igitur
1618 1415 1718 1469 hoc
1747 1415 1849 1469 illis
1867 1431 1991 1468 sua-

405 1510 508 1566 sit?
539 1507 771 1578 ldipsum
799 1505 938 1576 quod
964 1505 1212 1560 excitavit
1241 1505 1379 1570 illos,
1407 1514 1462 1558 ut
1488 1506 1673 1560 relicta
1701 1505 1859 1559 domo
1881 1515 1992 1558 11111-

407 1610 521 1655 tum
568 1599 670 1653 iter
719 1597 1082 1666 susciperent:
1118 1595 1368 1649 nimirum
1411 1595 1562 1648 stella
1613 1605 1665 1647 et
1708 1595 1994 1650 illustratio

407 1695 602 1749 mentis
629 1710 657 1748 a
692 1695 800 1749 Deo
830 1694 958 1764 ipsis
990 1697 1188 1762 indita;
1215 1713 1331 1768 qum
1363 1699 1615 1767 paulatim
1644 1699 1762 1752 illos
1782 1700 1847 1754 ad
1871 1717 1990 1770 per~

406 1787 678 1841 l'eetiorcm
709 1788 948 1841 notitiam
977 1787 1218 1843 deduxit.
1267 1789 1377 1843 Nisi
1407 1790 1549 1844 euitn
1587 1805 1672 1845 res
1703 1791 1770 1845 ita
1803 1808 1860 1848 se
1893 1795 1988 1848 ha-

406 1878 578 1945 beret,
615 1894 734 1932 cmn
762 1879 940 1934 omnia
970 1895 1089 1948 quae
1116 1880 1234 1934 istic
1271 1882 1584 1936 videbantur
1633 1884 1755 1937 vilia
1785 1894 1985 1952 essent,

405 1985 511 2022 non
538 1971 584 2022 ei
633 1979 834 2024 tantum
881 1971 1245 2026 exhibuissth
1298 1973 1577 2029 honorem.
1633 1975 1756 2030 Ideo
1810 1986 1987 2032 autem

401 2063 533 2116 nihil
554 2078 737 2118 eorum
761 2079 880 2133 qua:
909 2065 1008 2119 sub
1034 2081 1247 2120 sensum
1268 2067 1457 2121 eadunt
1488 2069 1554 2121 ibi
1586 2085 1831 2135 maguum
1851 2079 1984 2136 erat,

399 2153 494 2206 sed
528 2168 787 2222 praesepe,
822 2155 1107 2220 tugurium,
1138 2166 1308 2210 mater
1354 2158 1526 2227 inops,
1555 2169 1610 2212 ut
1636 2160 1828 2214 nudam
1869 2176 1986 2216 ma-

398 2260 587 2313 gorum
619 2245 1003 2316 philosophiam
1023 2250 1334 2318 perspicias,
1366 2261 1524 2321 atque
1550 2252 1746 2319 discas,
1767 2269 1859 2306 eos
1879 2269 1982 2308 non

401 2347 458 2390 ut
488 2336 755 2392 hominem
787 2353 997 2406 pttrum,
1026 2339 1118 2392 sed
1149 2350 1202 2394 ut
1221 2340 1386 2395 Deum
1414 2352 1465 2396 et
1493 2342 1786 2398 bcneﬁcmn
1813 2345 1981 2413 ipsum

398 2428 616 2484 adiisse.
641 2430 978 2501 Quapropter
1004 2433 1149 2488 nullo
1174 2450 1358 2489 eorum
1388 2453 1506 2504 quae
1536 2440 1866 2492 extrinsecus
1901 2441 1978 2493 vi-

396 2520 662 2576 debantur
686 2523 874 2579 oll‘ensi
922 2537 1064 2594 sunt,
1093 2529 1186 2583 sed
1215 2530 1503 2586 adorarunt
1529 2540 1583 2588 et
1608 2532 1742 2587 dona
1771 2533 1988 2589 obtulc-'

396 2619 539 2674 runt,
571 2628 688 2682 qttte
715 2614 849 2670 dona
881 2618 1102 2674 multum
1142 2636 1172 2675 a
1214 2621 1434 2678 Judaica
1479 2626 1720 2680 crassitie
1763 2628 1978 2682 ditiore-

398 2700 547 2754 bant.
577 2701 758 2773 Neque
788 2707 929 2760 enim
974 2724 1102 2765 oves
1152 2721 1205 2766 ct
1252 2712 1446 2767 vitulos
1491 2716 1854 2782 immolarunt,
1885 2719 1976 2773 sed

393 2807 512 2859 quae
540 2793 915 2852 ecclesiastica»,
940 2798 1288 2871 philosophiae
1309 2805 1478 2859 vicina
1509 2816 1692 2861 erant:
1717 2809 1975 2876 siquidem

393 2883 693 2951 scientiam,
719 2887 1074 2945 obedientiam
1103 2903 1156 2947 et
1177 2894 1515 2952 dilectionem
1539 2898 1637 2967 ipsi
1657 2898 1974 2954 offerebant.

394 2973 484 3026 12.
511 2973 580 3028 Et
609 2993 850 3046 responso
876 2995 1080 3055 accepto
1109 2987 1160 3038 in
1188 2989 1397 3053 somnis,
1431 3007 1493 3044 ne
1523 2990 1741 3044 redirent
1768 2992 1835 3044 ad
1865 2992 1973 3046 lle-

392 3067 590 3132 rodem,
627 3085 716 3137 per
740 3071 894 3125 aliam
916 3074 1048 3127 viam
1078 3079 1262 3132 reversi
1299 3090 1414 3132 sunt
1449 3080 1500 3134 in
1527 3083 1777 3152 regionem
1808 3100 1973 3137 suam.

393 3156 490 3211 Hie
513 3158 642 3214 mihi
669 3161 788 3216 vide
818 3164 975 3218 ﬁdem
1001 3167 1254 3235 ipsorum,
1281 3172 1546 3239 quomodo
1569 3189 1673 3227 non
1700 3174 1975 3229 oliendan-

391 3256 497 3313 tur,
526 3252 617 3303 sed
647 3251 753 3306 sint
781 3255 945 3322 quieti
974 3264 1028 3310 et
1056 3259 1504 3328 obtemperantes,
1536 3279 1708 3333 neque
1754 3266 1972 3320 turben-

389 3349 492 3402 tur,
529 3356 700 3410 neqne
731 3345 853 3397 talia
901 3356 1086 3401 mutuo
1133 3349 1448 3417 loquantur:
1476 3353 1616 3408 Sane
1659 3358 1702 3408 si
1753 3371 1972 3424 magnus

389 3429 476 3485 hic
503 3447 638 3502 puer
664 3442 764 3499 est,
796 3444 850 3489 et
874 3437 916 3489 si
956 3453 1113 3506 quam
1147 3439 1307 3495 habet
1345 3445 1654 3511 potentiam,
1688 3446 1811 3514 quid
1841 3462 1973 3516 opus

387 3523 503 3592 iuga
532 3534 586 3578 et
616 3526 824 3581 occulto
851 3528 1125 3585 discessu?
1151 3547 1248 3587 cur
1296 3549 1422 3590 vero
1465 3550 1562 3589 nos
1596 3538 1682 3604 qui
1717 3539 1886 3607 palam
1917 3549 1971 3594 et

384 3627 505 3667 cum
529 3613 719 3668 ﬁducia
742 3620 1064 3675 accessimus
1090 3622 1153 3676 ad
1181 3625 1434 3694 populum
1465 3635 1687 3693 tantum,
1713 3639 1762 3682 et
1787 3645 1968 3685 coram

384 3701 594 3758 furente
620 3721 744 3775 rege
773 3709 1041 3775 stetimus,
1075 3713 1225 3781 quasi
1265 3713 1515 3786 fugitivos
1556 3734 1619 3770 ex
1648 3719 1858 3773 civitate
1887 3719 1968 3773 di~

386 3793 548 3846 mittit
572 3795 826 3864 angelus?
852 3798 920 3852 At
949 3799 1079 3854 niltil
1113 3801 1218 3856 tale
1247 3804 1329 3858 vel
1359 3804 1606 3859 dixerunt
1637 3807 1717 3860 vel
1759 3810 1963 3877 cogita-

383 3893 526 3938 runt.
559 3884 685 3939 lllud
715 3888 858 3942 enim
899 3891 1135 3948 maxime
1163 3893 1229 3948 ad
1257 3893 1412 3951 ﬁdem
1458 3889 1708 3966 pertinet,
1741 3907 1798 3952 ut
1824 3901 1962 3954 nulla

378 3977 745 4032 mandatorum
779 3983 912 4034 ratio
943 3985 1266 4052 exquiratur,
1295 3990 1385 4041 sed
1409 3991 1571 4059 jussis
1605 4003 1803 4048 tantum
1833 3996 1953 4054 obe-

377 4069 573 4123 diatur.
603 4070 687 4124 15.
726 4072 826 4138 Qui
856 4091 967 4126 cum
996 4075 1254 4142 abiissent,
1278 4096 1388 4133 ecce
1414 4085 1621 4152 angelus
1638 4085 1841 4142 Domini
1861 4106 1958 4158 ap-

375 4159 547 4227 paruit
584 4160 635 4214 in
677 4165 864 4216 somnis
893 4164 1106 4234 Joseph,
1133 4168 1340 4223 dicens:
1372 4171 1536 4242 Surge
1561 4186 1605 4228 et
1637 4180 1810 4248 accipe
1838 4196 1958 4249 pue-

375 4265 490 4302 rum
516 4259 561 4303 et
590 4262 799 4306 matrem
825 4256 953 4324 ejus,
979 4267 1024 4310 et
1051 4259 1168 4328 fuge
1194 4260 1244 4312 in
1275 4259 1580 4330 zEgyptum.
1614 4266 1711 4322 llic
1737 4268 1880 4324 subit
1903 4271 1954 4324 in

374 4353 608 4398 mentem
636 4347 877 4415 quaedam
906 4347 1166 4404 dubitatio
1195 4353 1336 4408 circa
1361 4369 1564 4424 magos,
1590 4366 1643 4412 et
1662 4359 1799 4415 circa
1820 4377 1956 4432 pue-

372 4450 514 4490 rum.
546 4435 657 4491 Etsi
688 4439 828 4492 enim
862 4440 935 4494 illi
967 4442 1157 4496 turbati
1190 4460 1293 4498 non
1323 4445 1450 4512 sint,
1475 4449 1565 4503 sed
1595 4449 1819 4506 ﬁdeliter
1841 4468 1956 4508 om-

372 4524 458 4578 nia
488 4529 841 4597 susceperint,
876 4531 1030 4586 nobis
1073 4542 1248 4588 tamen
1288 4538 1630 4605 quzcrendum
1673 4542 1947 4608 incumbit,

369 4630 468 4669 cur
496 4631 601 4671 non
630 4629 681 4674 et
711 4620 785 4673 illi
818 4629 873 4676 et
908 4636 1040 4690 puer
1078 4635 1372 4694 praesentes
1411 4640 1718 4697 servantur;
1751 4633 1846 4688 sed
1876 4635 1952 4690 illi

369 4708 422 4760 in
458 4708 755 4776 Persidem,
790 4711 876 4766 hic
905 4713 958 4768 in
992 4714 1285 4786 Egyptum
1333 4735 1452 4774 cum
1501 4733 1672 4778 matre
1717 4724 1944 4795 fugatur.

366 4799 473 4854 Sed
507 4800 672 4870 quid?
700 4816 764 4854 an
806 4806 1082 4872 oportebat
1108 4809 1252 4862 illum
1283 4811 1515 4868 incidere
1545 4815 1596 4868 in
1624 4831 1811 4871 manus
1840 4817 1947 4873 He-

366 4893 534 4959 rodis,
569 4901 622 4947 et
651 4905 862 4962 captum
895 4912 999 4952 non
1028 4900 1288 4958 interﬁci?
1317 4905 1387 4958 At
1411 4921 1513 4960 non
1557 4917 1792 4977 putatum
1822 4911 1948 4965 fuis-

365 4995 451 5039 set
481 4985 653 5054 ipsum
685 4987 954 5055 accepisse
997 5005 1231 5062 carnem,
1265 5012 1436 5066 neque
1479 5002 1792 5056 ateonomize
1830 5019 1946 5057 ma-

363 5077 586 5146 gnitudo
616 5078 816 5132 credita
859 5079 1062 5136 fuisset.
1109 5083 1236 5138 Nant
1283 5087 1327 5141 si
1365 5088 1448 5143 his
1491 5091 1557 5143 ita
1586 5093 1768 5160 gestis,
1799 5104 1943 5162 pust-

364 5183 522 5236 quam
552 5169 718 5224 multa
749 5169 982 5225 lnunano
1008 5174 1165 5229 modo
1204 5177 1506 5247 dispensata
1552 5195 1696 5251 sunt,
1729 5186 1941 5255 quidam

365 5257 545 5313 dicere
571 5261 684 5313 ausi
714 5270 837 5314 sunt
863 5263 1039 5316 carnis
1076 5270 1491 5335 assumptioncm
1537 5288 1657 5327 esse
1687 5273 1939 5344 fabulam,

364 5366 470 5419 quo
501 5353 790 5421 impietatis
820 5371 924 5408 non
954 5358 1338 5427 prorupissent,
1363 5363 1404 5414 si
1436 5366 1607 5418 omnia
1634 5366 1941 5422 diviuomo-

361 5441 433 5497 do
459 5452 514 5497 et
540 5447 827 5500 secundum
854 5463 1002 5502 suam
1033 5451 1319 5518 potentiam
1360 5453 1605 5510 fecisset?
1642 5457 1818 5530 Magos
1843 5476 1939 5514 au-

363 5547 472 5592 tem
502 5539 753 5595 celeriter
783 5543 998 5606 emittit,
1029 5544 1184 5597 simul
1215 5545 1462 5601 doctores
1493 5551 1707 5605 mittens
1739 5553 1790 5607 in
1816 5554 1937 5609 Per-

358 5646 542 5686 sarum
574 5633 865 5704 regionem,
897 5645 946 5691 et
979 5638 1189 5707 tyranni
1233 5637 1460 5695 furorem
1508 5653 1847 5711 praevertens,
1885 5657 1937 5700 ut

1538 297 1603 352 IN
1645 296 1969 354 MATTllx-El

2099 303 2326 360 llOMlL.
2376 305 2500 360 Vill.
3603 300 3670 351 Si

2104 422 2386 484 edisceret,
2418 433 2475 472 se
2501 431 2587 470 res
2612 430 2728 484 qua:
2755 412 2863 466 ﬁeri
2896 427 2998 464 non
3025 423 3236 480 possent
3265 411 3498 480 aggredi.
3525 413 3680 463 iraa:-

2103 527 2206 582 quc
2235 512 2348 582 ejus
2376 509 2607 576 sedaret,
2640 517 2693 562 et
2713 523 2740 560 a
2767 521 2899 558 rano
2923 503 3104 558 labore
3132 504 3446 557 retraheret.
3474 503 3550 556 Ad
3570 503 3682 569 ejus

2105 603 2246 656 enim
2278 602 2568 671 potentiam
2617 599 2863 668 pertinet,
2910 611 3014 649 non
3047 594 3207 648 modo
3238 595 3478 648 inimicus
3511 595 3681 662 palam

2105 693 2407 763 proﬂigare,
2432 693 2525 746 sed
2556 693 2715 746 etiam
2761 693 2903 758 ipsos
2945 689 3095 742 facile
3125 687 3393 756 decipere.
3429 687 3518 741 Sic
3543 689 3683 740 enim

2103 784 2384 856 Aigyptios
2416 785 2467 838 in
2500 781 2804 838 indecorum
2832 781 3053 850 gratiam
3077 779 3304 848 decepit,
3337 788 3384 832 et
3416 793 3534 833 cum
3567 792 3684 845 pos-

2105 887 2185 932 set
2202 875 2412 931 illorum
2431 875 2641 929 divitias
2667 874 2718 927 in
2743 887 2928 926 manus
2951 872 3290 926 Hebraeorum
3320 872 3490 940 palam
3515 879 3685 924 trans-

2103 957 2260 1024 ferre,
2305 958 2440 1013 clam
2470 958 2519 1012 id
2547 969 2600 1013 et
2627 975 2745 1014 eum
2777 965 2967 1018 astutia
3000 965 3112 1020 ﬁeri
3139 967 3289 1037 jubet
3322 985 3336 1021 :
3372 970 3421 1023 id
3453 972 3591 1041 quod
3617 974 3680 1027 il-

2101 1049 2208 1103 lum
2239 1065 2342 1104 non
2363 1053 2536 1106 minus
2561 1052 2946 1112 formidabilem
2976 1060 3214 1114 hostibus
3231 1062 3502 1128 reddebat,
3522 1081 3679 1136 quam

2098 1141 2198 1192 alia
2230 1141 2402 1208 signa.

2166 1233 2219 1285 2.
2264 1231 2551 1288 Potentia»:
2574 1235 2666 1289 Dei
2688 1239 2743 1290 in
2765 1237 3069 1308 decipiendis
3096 1241 3315 1298 hostibus
3345 1245 3536 1299 elucere
3559 1248 3679 1300 olim

2095 1325 2314 1394 confessi
2334 1337 2448 1378 sunt
2466 1326 2786 1382 Ascaloniae.
2815 1329 3066 1385 Herodem
3093 1335 3270 1387 maluit
3296 1335 3430 1391 Deus
3453 1337 3680 1408 decipere

2093 1429 2242 1482 quam
2272 1419 2676 1487 perterrefacere.
2711 1419 2936 1474 Christus
2961 1438 3051 1474 cur
3075 1425 3128 1476 in
3158 1423 3444 1495 zEgyplttm
3473 1432 3672 1484 missus.

2094 1532 2161 1543 —-
2179 1504 2497 1559 Ascalonita:
2527 1522 2754 1576 namque
2776 1511 3061 1580 eteterique
3088 1529 3272 1569 omnes
3296 1527 3570 1586 postquam
3591 1537 3676 1574 ar-

2091 1608 2209 1647 cam
2254 1605 2526 1664 ceperant,
2562 1600 2798 1666 percussi
2827 1601 3018 1655 deinde
3064 1603 3414 1662 hortabantur
3451 1623 3578 1664 suos
3607 1628 3675 1666 ne

2092 1695 2406 1754 pugnarent,
2440 1703 2611 1758 neque
2657 1691 2938 1746 adversum
2969 1703 3194 1760 starent,
3225 1713 3286 1752 ae
3315 1715 3433 1754 cum
3463 1704 3674 1758 caeteris

2090 1777 2366 1832 miraculis
2396 1778 2499 1834 hoc
2523 1780 2682 1834 etiam
2707 1783 2758 1837 in
2789 1785 3019 1839 medium
3050 1787 3384 1856 proferebant
3403 1792 3669 1850 dicentes:

2091 1871 2263 1933 Quare
2280 1873 2564 1941 aggravatis
2584 1873 2739 1927 corda
2762 1887 2942 1942 vestra,
2962 1878 3088 1932 sicut
3104 1883 3391 1951 aggravavit
3409 1883 3671 1956 /Eggptus

2087 1972 2132 2014 et
2165 1959 2410 2016 Pharao?
2435 1981 2602 2019 nonne
2629 1976 2889 2037 postquam
2914 1969 3070 2023 illusit
3097 1973 3188 2037 eis,
3219 1982 3334 2027 tunc
3365 1974 3554 2028 dimisit
3580 1995 3670 2045 po-

2087 2054 2260 2121 pulum
2289 2071 2454 2122 suum,
2489 2065 2532 2109 et
2557 2058 2786 2111 abierunt
2814 2061 2886 2130 (l.
2915 2061 3042 2130 Reg.
3068 2064 3118 2115 ﬁ.
3145 2062 3234 2135 6)?
3257 2065 3379 2120 Htcc
3399 2067 3664 2133 dicebant,

2087 2152 2332 2210 putantes
2361 2145 2461 2199 hoc
2493 2157 2818 2216 postremum
2849 2152 3054 2220 signum
3085 2170 3188 2208 non
3216 2157 3392 2211 minus
3421 2175 3541 2214 esse
3564 2177 3668 2214 ete-

2085 2234 2211 2286 teris
2239 2234 2412 2302 palam
2440 2238 2626 2304 gestis,
2652 2239 2715 2292 ad
2745 2241 2862 2308 ejus
2883 2241 3349 2300 demonstrandam
3375 2253 3661 2316 potentiam
3743 2253 3764 2270 ⁴

2085 2333 2239 2393 :tque
2266 2327 2702 2396 magnitudinem.
2732 2331 2785 2384 ld
2815 2332 2956 2401 quod
2998 2336 3155 2388 etiam
3205 2337 3289 2391 hic
3336 2338 3527 2394 factum
3560 2354 3660 2410 est,

2083 2425 2392 2487 poteratque
2440 2427 2724 2488 tyrannum
2782 2425 3222 2491 perterrefaeere.
3281 2430 3661 2490 Animadverte

2080 2523 2308 2578 namque
2339 2519 2534 2580 quanta
2569 2527 2805 2580 passum,
2837 2523 2886 2568 et
2917 2526 3115 2583 quanto
3146 2518 3489 2586 praelocatum
3523 2540 3658 2579 mte—

2080 2614 2198 2654 rore
2222 2599 2486 2656 Herodem
2519 2603 2680 2658 fuisse
2712 2605 3000 2661 verisimile
3021 2609 3108 2667 sit.
3145 2610 3222 2664 sic
3246 2626 3274 2664 a
3303 2615 3470 2682 magis
3501 2615 3659 2672 dece-

2079 2701 2224 2760 ptttut
2253 2700 2305 2746 et
2336 2693 2568 2748 illusum.
2600 2695 2734 2762 Quid
2763 2697 2928 2763 enim,
2962 2699 3004 2753 si
3048 2716 3151 2755 non
3183 2705 3374 2760 melior
3415 2709 3486 2762 sit
3527 2711 3656 2764 ell‘c-

2078 2785 2229 2837 etus?
2259 2782 2308 2836 id
2341 2794 2486 2838 certe
2515 2801 2618 2840 non
2651 2786 2714 2839 ad
2742 2802 2863 2841 eum
2892 2790 2978 2857 qui
3013 2791 3126 2846 haec
3152 2793 3481 2864 dispensavit
3517 2801 3656 2854 refe-

2079 2873 2300 2927 rendum
2333 2883 2434 2940 est,
2471 2875 2562 2930 sed
2595 2876 2659 2930 ad
2689 2879 2955 2948 ingentem
2991 2883 3224 2938 furorem
3264 2887 3406 2942 illius
3431 2891 3518 2960 qui
3550 2908 3654 2946 non

2077 2964 2236 3016 cessit
2264 2965 2346 3030 iis,
2370 2981 2488 3034 quae
2517 2966 2686 3036 ipsum
2715 2971 2976 3024 consolari
3001 2984 3052 3027 et
3077 2991 3104 3027 a
3134 2979 3367 3047 nequitia
3391 2981 3656 3038 abducere

2076 3053 2373 3122 debebant;
2406 3058 2496 3111 sed
2529 3059 2746 3114 ulterius
2794 3066 3073 3130 processit,
3121 3078 3178 3121 ut
3227 3078 3387 3126 tanta:
3437 3073 3656 3132 insania:

2074 3146 2342 3214 graviores
2373 3148 2540 3202 lueret.
2572 3165 2774 3218 poenas.
2809 3153 2872 3206 Et
2896 3169 3010 3222 cur,
3031 3155 3258 3226 inquies,
3289 3161 3340 3215 in
3364 3162 3653 3235 Egyptum

2075 3251 2204 3303 puer
2236 3237 2494 3292 mittitur?
2520 3240 2745 3295 Causam
2776 3243 2825 3296 in
2857 3245 3039 3312 primis
3085 3251 3300 3317 protulit
3331 3258 3652 3326 evangelista

2076 3327 2287 3382 dicens:
2319 3331 2399 3386 15.
2420 3329 2486 3384 Ut
2514 3333 2806 3402 impleretur
2830 3337 2961 3390 illud
2979 3355 2997 3391 :
3027 3338 3108 3393 Ea:
3134 3341 3365 3413 ngypto
3391 3352 3562 3402 vocavi
3586 3355 3653 3417 ﬁ-

2077 3418 2195 3472 lium
2219 3436 2382 3475 meum
2414 3423 2581 3492 (Osee.
2615 3427 2700 3479 11.
2733 3429 2821 3495 l):
2853 3428 3115 3501 simulque
3147 3433 3296 3489 bonae
3322 3440 3436 3506 spei
3471 3457 3648 3508 prote-

2079 3520 2180 3571 mia
2206 3521 2298 3574 toti
2321 3521 2433 3576 orbi
2465 3530 2975 3593 prtcnuntiabantnr.
3001 3535 3131 3603 Quia
3169 3541 3311 3595 etiim
3338 3542 3571 3616 Babylon
3605 3563 3654 3606 et

2077 3609 2340 3680 Egyptus
2371 3614 2488 3682 plus
2532 3633 2688 3687 quam
2739 3623 2974 3693 reliquus
3003 3628 3148 3684 orbis
3179 3609 3470 3702 impietatis
3497 3643 3655 3698 arde-

2076 3701 2200 3755 bant
2224 3703 2456 3773 llamma,
2485 3708 2552 3762 ab
2582 3713 2800 3767 exordio
2831 3710 3110 3775 declarans
3130 3737 3188 3776 se
3209 3701 3394 3782 ambas
3425 3729 3544 3787 illas
3574 3750 3652 3790 re-

2071 3791 2256 3862 giones
2281 3796 2706 3868 emendaturum,
2740 3815 2789 3858 et
2817 3807 2881 3860 ad
2924 3811 3140 3868 meliora
3171 3813 3540 3887 deducturmn,
3592 3827 3650 3879 si-

2071 3884 2286 3953 mulque
2313 3902 2407 3954 per
2433 3887 2545 3944 htec
2574 3892 2812 3950 indicans
2839 3900 2995 3954 etiam
3026 3905 3116 3956 toti
3139 3915 3396 3964 terrarum
3423 3915 3537 3969 orbi
3566 3917 3650 3969 Lo-

2071 3987 2137 4026 na
2167 3977 2521 4044 exspectanda
2553 3997 2686 4048 esse,
2718 3995 2771 4039 et
2793 4004 2972 4054 magos
2997 3992 3158 4061 misit,
3182 4006 3235 4050 et
3258 3999 3369 4067 ipse
3395 4017 3516 4058 cum
3546 4023 3649 4059 ma-

2071 4069 2148 4117 tre
2179 4081 2270 4118 sua
2306 4067 2576 4135 profectus
2606 4082 2706 4127 est.
2754 4077 2831 4129 Ad
2865 4076 2979 4133 hzcc
3009 4098 3136 4136 vero
3165 4086 3305 4141 aliud
3336 4091 3493 4146 etiam
3530 4096 3652 4153 inde

2066 4151 2338 4222 docemur,
2365 4160 2506 4228 quod
2532 4177 2634 4215 non
2665 4179 2848 4232 parum
2877 4185 2972 4225 nos
3002 4173 3066 4225 ad
3096 4174 3484 4249 philosophiam
3517 4187 3650 4244 inci-

2067 4251 2160 4296 tet.
2188 4245 2473 4311 Quodnam
2499 4250 2823 4320 illud?Quod
2851 4258 2917 4312 ab
2937 4259 3050 4328 ipso
3081 4264 3228 4320 initio
3258 4245 3574 4330 tentationes
3601 4290 3650 4332 et

2065 4336 2298 4403 pericula
2331 4340 2438 4395 sint
2463 4347 2840 4413 exspectanda.
2867 4350 2992 4406 Vide
3011 4370 3238 4426 namque
3260 4360 3309 4414 id
3339 4363 3437 4432 ipsi
3467 4366 3534 4420 ab
3565 4369 3613 4422 in
3633 4402 3648 4410 -

2061 4428 2336 4483 cunabulis
2363 4434 2638 4489 accidisse.
2669 4437 2798 4492 Nam
2821 4440 2907 4493 illo
2927 4453 3049 4497 nato
3076 4445 3200 4501 furit.
3223 4428 3502 4521 tyrannus;
3527 4457 3649 4513 hinc

2061 4517 2178 4588 luga
2207 4531 2259 4574 et
2283 4525 2672 4595 transmigratio
2704 4529 2753 4583 in
2778 4533 2949 4587 exsilii
2978 4535 3173 4602 locum,
3198 4549 3251 4594 et
3274 4543 3454 4599 insons
3479 4559 3646 4604 mater

2060 4608 2111 4662 in
2145 4608 2488 4668 barbarorum
2533 4619 2802 4687 regionem
2836 4638 2894 4678 se
2940 4628 3162 4695 proripit
3189 4648 3202 4684 :
3231 4641 3290 4685 ut
3321 4641 3372 4687 tu
3404 4635 3518 4692 haec
3546 4654 3643 4690 an-

2057 4699 2210 4756 diens
2237 4704 2415 4773 aliquo
2443 4708 2701 4776 spirituali
2731 4715 3022 4769 ministerio
3063 4719 3324 4791 dignatus,
3371 4727 3414 4780 si
3446 4729 3666 4787 videris.

2058 4801 2106 4844 te
2130 4792 2243 4847 dira
2271 4797 2558 4863 patientem
2591 4842 2604 4864 ,
2634 4811 2688 4854 et
2729 4804 2866 4858 inter
2889 4819 3137 4862 sexcenta
3167 4827 3467 4871 versantem
3503 4823 3643 4890 peri-

2055 4882 2192 4946 cula,
2216 4900 2281 4938 ne
2310 4888 2558 4954 turberis,
2587 4907 2719 4944 neve
2743 4894 2921 4947 dicas:
2946 4896 3204 4962 Quidnam
3229 4903 3327 4959 hoc
3349 4910 3463 4962 est?
3484 4882 3641 4978 opor-

2056 4971 2197 5026 tebat
2227 4975 2405 5044 utique
2431 4993 2517 5032 me
2542 4983 2806 5043 coronari,
2840 4985 3062 5050 laudari,
3088 4991 3288 5048 clarum
3309 5007 3361 5051 et
3380 4999 3660 5058 illustrem.

2053 5075 2190 5126 esse,
2216 5065 2303 5132 qui
2328 5066 2633 5122 mandatum
2665 5071 2867 5128 Domini
2901 5075 3179 5145 impleam:
3207 5084 3298 5139 sed
3328 5086 3428 5143 hoc
3458 5107 3638 5146 exem-

2039 5151 2140 5242 'plo
2170 5151 2328 5207 fultus
2361 5153 2565 5212 fortiter
2595 5159 2752 5225 feras,
2782 5179 2995 5235 gnarus,
3022 5169 3156 5226 hanc
3176 5180 3497 5245 cumprimis
3517 5200 3634 5238 esse

2051 5241 2402 5310 spiritualium
2435 5247 2668 5304 virorum
2695 5265 2914 5321 sortem,
2945 5266 3006 5312 ut
3035 5261 3231 5333 ubique
3254 5271 3634 5324 tentationibus

2059 5339 2401 5409 impetantur.
2430 5349 2809 5407 Animadverte
2827 5353 2988 5423 igitur
3004 5357 3054 5412 id
3072 5375 3179 5414 non
3197 5361 3368 5416 solum
3395 5379 3558 5432 puero
3578 5377 3630 5421 ct

2056 5436 2215 5489 matri
2233 5438 2475 5495 accidere
2499 5443 2512 5472 ¹
2539 5461 2552 5508 ;
2587 5446 2860 5501 sedetiam
2884 5449 3131 5506 barbaris
3152 5454 3274 5507 illis.
3315 5454 3441 5506 Nam
3467 5465 3517 5508 et
3547 5456 3618 5510 1111

2102 5652 2113 5681 ¹
2146 5651 2262 5711 Alii,
2291 5650 2340 5700 id
2373 5667 2463 5702 non
2490 5657 2644 5705 solum
2664 5657 2807 5706 imitri
2827 5657 2966 5720 pueri
2991 5660 3225 5711 accidere.
