4060 6156
417 280 483 343 8ὅ
1615 288 1679 344 lN
1718 288 2125 344 MATTHIEUM
2168 287 2392 343 “OMU...
2437 287 2567 344 \‘lli.
3622 294 3689 357 86

407 414 543 475 clam
574 411 854 469 discedunt
874 406 1024 480 quasi
1050 404 1284 478 fugitivi;
1318 415 1372 462 et
1393 407 1525 466 haec,
1552 417 1671 473 qua:
1708 412 1992 472 numquam

411 522 442 562 e
470 507 626 559 domo
647 517 859 574 egressa
883 501 1074 566 fuerat,
1094 512 1197 552 tam
1221 499 1432 566 longum
1453 503 1505 548 ct
1525 503 1879 548 aerumnosum
1899 493 1996 546 iter

411 596 685 665 suscipere
707 593 941 664 iubetur,
974 590 1042 646 ob
1073 589 1366 644 mirabilem
1393 586 1531 640 hunc
1552 584 1748 639 editum
1774 597 1996 653 puerum

412 695 466 741 et
491 684 818 755 spiritualem
847 693 1078 752 partum.
1107 678 1238 733 Rem
1265 677 1454 730 iterum
1483 673 1795 744 stupendam
1824 675 2000 727 consi-

415 770 566 831 dera.
613 769 894 829 Palaestina
923 767 1221 832 insidiatur,
1252 766 1516 837 Egyptus
1560 779 1690 819 vero
1719 763 1920 832 excipit
1949 772 2002 817 et

417 884 596 930 servat
624 872 829 929 insidiis
857 873 1171 942 impetitum.
1201 871 1383 943 Neque
1404 875 1543 928 enim
1568 884 1771 930 tantum
1802 877 1854 930 in
1881 876 2002 932 ﬁliis

417 965 754 1036 patriam-itte,
785 965 880 1020 sed
909 964 1066 1020 etiam
1099 963 1150 1018 in
1185 965 1408 1018 Domino
1439 966 1544 1036 typi
1574 976 1626 1020 et
1652 967 1830 1037 ﬁgurat
1868 982 1998 1023 con-

417 1061 670 1130 tigerunt.
699 1058 804 1113 Per
830 1073 890 1111 ea
912 1057 1051 1111 enim
1093 1072 1210 1124 qua:
1236 1056 1303 1110 ab
1346 1057 1459 1126 ipso
1483 1067 1628 1126 gesta
1657 1066 1800 1123 sunt,
1835 1059 2000 1113 multa

418 1149 911 1220 pmnuutiabantur
938 1163 1144 1207 eorum,
1177 1164 1295 1217 quae
1325 1158 1504 1216 postea
1535 1155 1787 1203 eventura
1814 1159 1999 1204 erant:

415 1243 556 1312 quod
573 1251 627 1296 ct
648 1243 701 1295 in
730 1241 877 1294 asina
907 1249 959 1294 et
985 1241 1033 1293 in
1066 1240 1208 1308 pullo
1238 1239 1432 1294 factum
1462 1249 1562 1294 est.
1593 1241 1824 1309 Angelus
1845 1241 2002 1310 igitur

415 1331 505 1404 qui
533 1333 798 1403 apparuit,
833 1347 936 1386 non
968 1332 1206 1395 Mariam,
1239 1331 1332 1386 sed
1355 1329 1643 1402 losephum
1673 1330 1996 1401 alloquitur:

415 1435 464 1476 et
498 1424 622 1491 quid
653 1421 816 1477 dicit?
865 1422 1089 1492 Surgeus
1120 1424 1290 1490 accipe
1318 1437 1530 1491 puerum
1568 1431 1616 1476 et
1657 1431 1866 1479 matrem
1892 1425 2001 1491 eius

417 1513 637 1583 (Matth.
667 1516 717 1567 l.
750 1514 868 1582 20).
913 1515 1008 1567 llic
1035 1529 1138 1568 non
1170 1515 1303 1567 ultra
1330 1514 1475 1576 dicit,
1509 1513 1784 1587 Conjugem
1824 1530 2000 1584 tuam;

416 1606 532 1669 sed,
563 1600 778 1657 Matrem
809 1606 935 1674 ejus.
964 1605 1093 1669 Quia
1125 1606 1264 1658 enim
1301 1615 1481 1674 partus
1503 1606 1741 1675 contigit,
1769 1609 2000 1678 suSpicio

415 1697 591 1750 soluta
621 1703 724 1759 est,
756 1706 808 1748 et
840 1695 953 1748 viro
981 1694 1113 1748 lidcs
1141 1693 1274 1748 facta
1303 1705 1406 1760 est,
1438 1697 1605 1752 libere
1625 1697 1735 1766 jam
1769 1697 2000 1768 loquitur

418 1788 662 1856 angelus,
696 1802 870 1856 neque
895 1787 1057 1839 ﬁlium
1090 1802 1262 1856 neque
1298 1788 1576 1858 coniugem
1627 1789 1741 1859 ejus
1783 1789 1996 1857 dicens;

416 1881 533 1945 sed,
565 1879 790 1933 Puerum
819 1888 865 1932 et
895 1889 1102 1932 matrem
1122 1879 1262 1949 ejus;
1288 1890 1334 1932 et
1353 1881 1473 1952 fuge
1492 1881 1543 1933 in
1571 1879 1856 1953 zEgyptum
1873 1901 1892 1948 ;
1923 1885 2002 1937 fu-

416 1984 603 2040 gaeque
647 1985 859 2025 causam
911 1968 1057 2024 addit
1092 1987 1104 2022 :
1134 1968 1388 2023 Futurum
1427 1980 1499 2026 est
1539 1972 1692 2038 enim,
1725 1974 1908 2042 inquit,
1947 1984 1999 2027 ut

421 2059 654 2116 Herodes
675 2071 868 2132 quaerat
892 2063 1112 2117 animam
1140 2063 1304 2132 pueri.

479 2245 530 2300 5.
551 2243 763 2314 Josep/zi
778 2244 1081 2299 [aus.—llis
1093 2243 1284 2298 auditis
1299 2242 1494 2313 Joseph
1513 2257 1620 2298 non
1635 2242 1866 2299 offensus
1888 2252 1990 2312 est,

411 2355 582 2410 neque
619 2339 752 2393 dixit
782 2357 794 2392 :
838 2338 1085 2408 Ainigma
1133 2348 1213 2391 est
1249 2337 1371 2391 hoc.
1415 2337 1493 2390 Tu
1525 2351 1692 2406 nuper
1730 2335 1945 2391 dicebas
1977 2354 1990 2394 :

410 2430 619 2484 Salvum
637 2430 785 2502 faciet
801 2429 1044 2499 pupulum
1060 2444 1207 2481 suum
1221 2424 1436 2496 (Matth.
1453 2426 1503 2478 l.
1519 2424 1612 2498 2i)
1634 2444 1646 2479 :
1666 2441 1803 2480 nunc
1819 2435 1994 2482 autem

408 2535 507 2574 nec
547 2520 779 2588 seipsum
815 2525 987 2586 potest
1015 2531 1263 2580 servare,
1301 2515 1394 2569 sed
1418 2513 1537 2584 fuga
1565 2515 1718 2569 nobis
1744 2524 1831 2571 est
1863 2531 1995 2586 opus

409 2621 459 2665 et
482 2611 907 2680 peregrinatione
926 2624 989 2663 ac
1007 2608 1290 2678 longinqua
1322 2607 1782 2678 transmigratione
1807 2609 1829 2662 ?
1857 2609 1996 2663 Con~

409 2702 564 2755 traria
587 2712 709 2754 sunt
739 2701 852 2754 haec
878 2699 1213 2768 promissioni
1244 2708 1366 2752 tute.
1395 2697 1501 2754 Sed
1528 2698 1660 2754 nihil
1688 2699 1991 2770 hujusmodi

407 2791 582 2857 dixit;
616 2791 784 2844 ﬁdelis
815 2791 956 2845 enim
1004 2793 1083 2843 vir
1119 2797 1272 2852 erat;
1307 2804 1477 2858 neque
1506 2791 1828 2844 reversionis
1859 2799 1992 2845 tem-

409 2897 506 2952 pus
532 2881 766 2952 inquirit,
789 2880 994 2934 etiamsi
1012 2881 1229 2950 angelus
1250 2879 1522 2934 indeﬁnite
1547 2879 1797 2949 loquutus
1819 2892 1989 2949 esset;

407 2989 530 3029 nam
572 2974 646 3026 ait
677 2990 690 3025 :
726 2971 846 3026 Esto
874 2972 938 3025 ibi
966 3013 980 3035 ,
1026 2972 1303 3042 usquedum
1331 2972 1494 3024 dicam
1525 2971 1634 3024 tibi.
1680 2971 1873 3026 Verum
1905 2974 1992 3030 ille

411 3081 516 3119 non
555 3064 678 3118 ideo
705 3062 920 3133 segnior
962 3061 1131 3116 factus
1161 3071 1274 3127 est,
1307 3061 1400 3116 sed
1441 3069 1592 3132 paret
1629 3069 1684 3117 et
1718 3062 1992 3134 obtempe-

409 3165 508 3220 rat,
546 3156 970 3225 tentationesque
997 3169 1184 3209 omnes
1209 3169 1328 3208 cum
1358 3153 1550 3223 gaudio
1575 3155 1786 3210 tolerat.
1813 3156 1994 3212 Enim-

408 3264 532 3310 vero
562 3249 819 3317 benignus
853 3249 990 3302 Deus
1019 3247 1101 3300 his
1129 3246 1394 3301 laboribus
1435 3244 1614 3303 dulcia
1646 3247 1857 3304 miscuit
1893 3268 1907 3304 :
1939 3251 1990 3305 id

400 3353 541 3417 quod
571 3351 728 3403 etiam
758 3351 810 3403 in
849 3351 1046 3406 sanctis
1077 3351 1324 3406 omnibus
1366 3358 1614 3408 observat
1646 3371 1658 3408 :
1689 3370 1862 3425 neque
1887 3371 1979 3427 pc-

398 3441 585 3508 ricula,
620 3457 792 3512 neque
818 3442 1048 3512 quietem
1077 3444 1385 3498 continuam
1414 3453 1632 3514 praestat
1659 3485 1674 3510 ,
1705 3445 1796 3501 scd
1827 3458 1880 3501 et
1903 3449 1982 3503 his

397 3542 453 3588 et
488 3533 592 3589 illis
633 3537 936 3605 permixtim
975 3538 1162 3606 positis
1208 3538 1372 3591 vitam
1415 3537 1684 3607 justorum
1725 3539 1979 3594 ordinat:

399 3622 450 3677 id
480 3624 618 3694 quod
649 3625 806 3679 etiam
850 3625 934 3678 hic
957 3625 1079 3679 fecit
1113 3644 1126 3679 :
1160 3625 1316 3695 idque
1359 3628 1655 3696 perpendes
1685 3629 1864 3683 velim.
1900 3629 1984 3684 Vi-

397 3715 491 3770 det
525 3717 614 3770 ille
638 3714 904 3785 Virginem
934 3727 1140 3772 uterum
1170 3728 1465 3788 gestantem
1496 3737 1509 3774 :
1541 3735 1602 3774 ea
1631 3720 1696 3775 de
1722 3737 1778 3776 re
1809 3721 1981 3777 turba-

399 3816 504 3871 tur,
530 3814 585 3859 et
608 3806 889 3862 admodum
913 3808 1102 3862 anxius
1127 3819 1208 3862 est
1231 3827 1245 3862 :
1269 3809 1560 3864 adulteram
1585 3811 1726 3865 enim
1757 3811 1981 3882 puellam

396 3914 516 3953 esse
561 3899 967 3969 suspicabatur;
1016 3900 1110 3955 sed
1152 3901 1330 3956 statim
1373 3901 1578 3956 adstitit
1602 3903 1822 3974 angelus
1848 3944 1861 3970 ,
1892 3905 1980 3974 qui

395 3991 752 4059 suspicionem
777 3991 1008 4047 solveret
1037 4008 1100 4047 ac
1131 4001 1327 4047 metum
1359 3993 1680 4048 eliminaret.
1736 3995 1868 4049 Cum
1900 3997 1978 4049 vi-

395 4082 472 4134 dit
493 4092 668 4137 natum
704 4098 943 4152 puerum,
971 4083 1164 4154 gaudio
1195 4099 1386 4154 magno
1413 4085 1658 4154 perfusus
1691 4094 1774 4140 cst
1812 4104 1825 4139 :
1856 4102 1980 4139 rur-

396 4189 616 4243 sumque
654 4175 900 4242 gaudium
945 4173 1248 4243 hujusmodi
1291 4176 1582 4243 periculum
1612 4193 1716 4230 non
1749 4193 1974 4246 parvum

394 4268 590 4336 excipit
614 4309 628 4328 ,
668 4267 884 4322 civitate
932 4267 1236 4336 perturbata
1265 4307 1280 4331 ,
1323 4281 1386 4320 ac
1429 4283 1554 4337 rege
1583 4267 1814 4336 furente,
1852 4284 1955 4340 pue

397 4374 620 4428 rumque
650 4359 1008 4427 perquirente.
1061 4358 1128 4411 At
1171 4358 1626 4428 perturbationem
1661 4359 1806 4413 illam
1838 4359 1981 4412 aliud

395 4450 646 4520 gaudium
675 4449 891 4518 excipit,
921 4449 1074 4503 stella
1101 4463 1308 4518 nempe,
1335 4456 1388 4504 et
1419 4464 1692 4518 magorum
1717 4449 1972 4504 adoratio.

400 4550 610 4604 Rursus
656 4563 783 4602 vero
827 4555 950 4617 post
986 4546 1128 4600 hanc
1155 4543 1414 4607 laetitiam,
1460 4543 1622 4597 timor
1661 4555 1725 4595 ac
1751 4538 1970 4609 pericu-

398 4642 542 4694 lum:
579 4637 966 4705 Quaaritcnim,
995 4636 1207 4706 inquit,
1239 4633 1475 4689 Herodes
1517 4632 1752 4686 animam
1788 4628 1970 4699 pueri;

401 4731 704 4798 iterumque
782 4728 1094 4798 fugiendum
1176 4735 1260 4780 cst
1337 4735 1388 4778 ct
1475 4719 1971 4790 trausmigrandum

401 4825 642 4879 humano
707 4839 888 4888 more;
962 4820 1201 4875 nondum
1280 4818 1423 4873 enim
1494 4813 1754 4870 miracula
1816 4811 1975 4866 edere

403 4917 705 4986 oportebat.
797 4913 930 4967 Nam
977 4915 1020 4967 si
1073 4928 1101 4966 a
1145 4912 1320 4983 prima
1372 4915 1527 4962 aetate
1566 4903 1827 4959 miracula
1854 4901 1968 4955 edi—

402 5008 591 5074 disset,
624 5007 785 5061 homo
815 5021 918 5058 non
944 5006 1180 5060 creditus
1214 5003 1426 5058 fuisset.
1475 4997 1682 5054 Idcirco
1713 5010 1817 5050 non
1839 4993 1970 5050 sim-

405 5099 615 5170 pliciter
644 5099 898 5168 templum
925 5097 1212 5162 formatur,
1236 5095 1328 5149 sed
1348 5093 1486 5148 uteri
1501 5099 1680 5145 tumor
1700 5086 1971 5156 conspici-

404 5203 510 5257 tur,
533 5199 587 5245 et
614 5205 803 5244 novem
841 5189 1107 5244 mensium
1131 5186 1390 5257 Spatium,
1424 5191 1476 5238 et
1499 5192 1708 5252 partus,
1741 5189 1793 5234 rt
1815 5180 1971 5230 lactis

404 5283 818 5346 nutrimentum,
847 5281 1002 5350 quies
1031 5295 1126 5349 per
1155 5278 1381 5332 tnultum
1419 5273 1700 5343 temporis;
1730 5280 1861 5325 actas
1890 5269 1971 5322 vi-

406 5371 523 5425 rilis
554 5377 920 5439 exspectatur,
955 5377 1014 5421 ut
1043 5384 1140 5438 per
1169 5367 1348 5421 omnia
1379 5364 1626 5418 eridtbile
1653 5361 1971 5416 redderetur

406 5461 723 5516 meonoutite
753 5459 1089 5531 mysterium.
1118 5457 1234 5523 Qua
1263 5471 1391 5526 ergo
1421 5455 1487 5508 de
1523 5466 1707 5515 causa,
1734 5448 1971 5519 inquies,

410 5553 522 5607 bare
553 5551 622 5606 ab
670 5553 825 5606 initio
877 5550 1017 5605 facta
1055 5555 1181 5604 sunt
1211 5545 1407 5618 signa?
1454 5545 1677 5612 Propter
1706 5546 1930 5593 matrem
1956 5578 1972 5605 ,

405 5652 624 5711 propter
651 5639 965 5708 Josephum,
988 5647 1208 5704 propter
1239 5637 1544 5693 Simeonem
1566 5631 1790 5702 jamjam
1814 5628 1982 5683 mori-

2113 422 2308 483 turum,
2359 429 2578 486 propter
2632 419 2897 484 pastores,
2951 425 3168 488 propter
3220 431 3424 488 magos,
3471 428 3690 489 prepter

2091 501 2338 562 Iudaeos.
2371 506 2427 562 Si
2467 506 2608 561 enim
2637 507 2699 562 iis
2724 523 2842 578 qua:
2868 508 3189 577 gerebantur
3216 520 3465 565 accurate
3495 512 3692 566 voluiso

2109 606 2228 651 sent
2251 597 2546 662 attendere,
2579 613 2686 656 non
2717 615 2936 669 parvum
2969 600 3092 655 hinc
3118 601 3185 655 ad
3214 601 3452 655 futurum
3481 611 3692 672 tempus

2111 688 2341 744 fructum
2383 691 2708 745 retulissent.
2743 691 2893 758 Quod
2939 692 2982 747 si
3014 692 3289 762 propheta:
3315 693 3381 748 de
3413 694 3580 765 magis
3611 696 3692 748 ni-

2111 780 2180 834 hil
2215 779 2524 850 prtndicant,
2568 798 2635 837 ne
2676 782 2794 837 ideo
2826 783 3091 850 turberis;
3126 799 3298 854 neque
3336 785 3480 839 enim
3511 787 3690 841 omnia

2107 873 2500 941 praedixerunt,
2551 889 2723 945 neque
2761 875 2916 928 etiam
2972 876 3150 930 onmia
3202 885 3500 932 tacuerunt.
3542 878 3691 934 Sicut

2105 961 2247 1015 enim
2290 962 2431 1017 ttulla
2461 978 2520 1018 re
2548 974 2670 1019 ante
2696 965 2870 1018 audita
2891 1007 2905 1032 ,
2954 981 3041 1020 res
3071 965 3374 1035 hujusmodi
3403 977 3580 1038 gestas
3609 970 3688 1024 \i-

2105 1051 2251 1117 dere,
2283 1069 2530 1124 magnum
2577 1067 2885 1126 stuporem,
2935 1073 3286 1128 magnamque
3336 1063 3690 1136 perturbatio-

2101 1131 2226 1199 nem
2272 1147 2616 1215 peperisset:
2662 1149 2738 1203 sic
2768 1150 2811 1202 si
2845 1149 3021 1202 omnia
3065 1149 3374 1205 didicissent
3418 1133 3688 1208 auditores

2105 1235 2384 1290 dortttituri
2429 1248 2611 1301 erant,
2657 1255 2756 1295 nec
2804 1241 3088 1310 quidquam
3128 1244 3464 1312 evangelistis
3497 1241 3689 1300 fuisset

2107 1325 2368 1381 relictum.
2402 1329 2553 1396 Quod
2593 1331 2639 1384 si
2685 1330 2750 1384 de
2790 1331 3066 1400 prophetia
3110 1333 3382 1402 ambigaut
3409 1332 3575 1388 Judaei
3605 1335 3688 1389 di-

2105 1427 2310 1484 centes,
2343 1419 2509 1486 illud,
2544 1418 2628 1474 Ea:
2668 1420 2899 1492 Egypto
2944 1423 3113 1475 vocavi
3154 1423 3316 1490 [ilium
3363 1441 3524 1477 meum
3549 1466 3562 1488 ,
3618 1425 3686 1480 de

2103 1508 2294 1580 seipsis
2322 1511 2339 1541 ⁸
2385 1509 2588 1564 dictum
2636 1526 2755 1566 esse
2802 1530 2814 1563 :
2867 1512 3303 1581 respondebimus
3355 1515 3495 1576 illis,
3547 1515 3687 1570 hunc

2103 1598 2262 1652 etiam
2295 1615 2412 1654 esse
2443 1599 2738 1670 prephelia:
2769 1619 2994 1668 morem,
3026 1615 3086 1657 ut
3116 1604 3278 1656 multa
3310 1620 3452 1673 sa-pe
3479 1606 3547 1660 de
3567 1606 3685 1661 aliis

2102 1689 2366 1754 dicantur,
2397 1703 2452 1747 et
2492 1693 2542 1747 in
2591 1695 2710 1748 aliis
2737 1693 3079 1763 impleantur,
3129 1696 3285 1765 quale
3315 1697 3446 1750 illud
3476 1697 3545 1752 de
3580 1697 3682 1769 Sy-

2103 1793 2259 1835 moon
2306 1788 2362 1836 et
2387 1779 2514 1836 Levi
2557 1781 2753 1838 dictum
2788 1802 2800 1837 :
2830 1782 3068 1836 Dividam
3102 1801 3186 1839 eos
3227 1786 3279 1838 in
3323 1783 3503 1851 Jacob,
3527 1797 3577 1842 et
3600 1788 3683 1841 di-

2101 1889 2336 1946 spergam
2363 1890 2450 1928 eos
2495 1875 2547 1928 in
2592 1874 2758 1930 Israel
2786 1875 2952 1945 (Gen.
2981 1875 3069 1930 49.
3095 1877 3126 1930 7
3151 1875 3171 1948 )
3204 1895 3216 1930 :
3245 1877 3296 1931 id
3322 1878 3462 1932 enim
3497 1894 3600 1933 non
3629 1880 3681 1934 in

2101 1960 2251 2034 ipsis,
2285 1965 2380 2020 sed
2419 1966 2470 2020 in
2503 1967 2732 2037 posteris
2763 1982 2947 2022 eorum
2981 1968 3253 2036 impletum
3300 1979 3382 2023 est
3415 1988 3429 2024 :
3461 1979 3515 2024 et
3556 1970 3681 2025 illud

2100 2057 2239 2129 quod
2267 2057 2334 2112 de
2359 2058 2610 2114 Chanaan
2638 2076 2665 2111 a
2697 2059 2809 2114 Noe
2835 2061 3227 2130 pronuntiatum
3261 2071 3341 2115 est
3359 2103 3373 2127 ,
3420 2062 3685 2118 Gabaoni-

2103 2149 2168 2204 tis
2197 2165 2260 2206 ex
2306 2151 2472 2221 stirpe
2507 2151 2777 2206 Chanaani
2808 2153 3049 2221 contigit.
3096 2152 3246 2219 Quod
3282 2153 3452 2222 ipsum
3482 2155 3683 2210 Jacobo

2099 2240 2260 2294 etiam
2307 2242 2564 2298 accidisse
2611 2243 3026 2312 deprehenditur
3059 2262 3070 2296 :
3101 2242 3496 2299 benedictioncs
3538 2247 3680 2301 enim

2100 2330 2223 2398 illm,
2253 2330 2375 2387 Esto
2403 2333 2638 2388 dominus
2659 2335 2832 2405 fratris
2867 2336 2973 2399 tui,
3011 2345 3056 2390 et
3093 2335 3304 2389 adorent
3328 2346 3373 2390 te
3395 2338 3486 2405 ﬁlii
3526 2339 3683 2409 patris

2099 2422 2172 2475 tui
2216 2420 2384 2494 (Gen.
2423 2425 2514 2479 27.
2564 2425 2704 2496 29),
2754 2441 2857 2478 non
2893 2426 2944 2479 in
2976 2427 3090 2494 ipso
3129 2426 3287 2480 ﬁnem
3333 2439 3680 2500 acceperunt,

2099 2514 2413 2583 (quomodo
2460 2517 2607 2570 enim
2643 2516 2710 2569 ad
2764 2516 2936 2584 ipsum
2991 2519 3277 2586 pertineat,
3329 2520 3420 2588 qui
3462 2520 3678 2576 fratrem

2100 2604 2318 2659 timebat
2342 2606 2728 2675 tremebatque,
2761 2622 2824 2662 ac
2843 2611 3145 2664 sexcenties
3173 2612 3342 2678 ipsum
3371 2612 3678 2685 adoravit?)

2097 2695 2191 2750 sed
2228 2695 2297 2750 de
2338 2696 2487 2764 prole
2522 2696 2638 2768 ejus
2664 2697 2862 2752 dictum
2908 2709 3008 2753 est.
3052 2700 3202 2768 Quod
3240 2703 3396 2756 etiam
3430 2702 3533 2759 hoc
3560 2705 3679 2760 loco

2097 2784 2201 2841 dici
2231 2787 2416 2856 possit.
2445 2786 2576 2854 Quis
2599 2788 2742 2842 enim
2775 2789 2957 2844 verius
2988 2790 3076 2844 Dei
3106 2790 3244 2846 ﬁlius
3270 2793 3478 2848 dicatur
3506 2812 3520 2848 :
3546 2811 3610 2851 an
3631 2797 3678 2852 is

2097 2888 2187 2959 qui
2232 2888 2450 2942 vxtulum
2499 2890 2758 2956 adoravit,
2788 2901 2842 2946 et
2891 2891 3235 2962 Beelphegori
3286 2895 3520 2949 initiatus
3566 2905 3671 2963 est,

2097 2980 2294 3048 quique
2339 2979 2477 3034 ﬁlios
2520 2997 2644 3036 suos
2695 2982 2976 3039 daemoniis
3024 2984 3359 3051 immolavit;
3389 3001 3453 3039 an
3496 2987 3542 3041 is
3581 2985 3671 3056 qui

2098 3081 2286 3123 natura
2337 3069 2474 3125 ﬁlius
2524 3081 2673 3139 erat,
2719 3085 2773 3128 et
2814 3073 3111 3142 genitorem
3139 3075 3418 3130 honoravit
3447 3076 3671 3146 iliaque

2098 3160 2199 3214 nisi
2239 3160 2326 3216 hic
2355 3161 2686 3231 advenisset,
2722 3164 2998 3235 prophetia
3031 3165 3247 3236 dignum
3294 3183 3400 3222 non
3431 3168 3670 3223 habitura

2097 3249 2256 3307 ﬁnem
2278 3262 2414 3310 erat.

2167 3426 2222 3478 4.
2269 3426 2399 3482 Vide
2451 3445 2578 3500 ergo
2633 3435 2902 3502 quomodo
2958 3437 3062 3494 hoc
3129 3440 3300 3509 ipsum
3351 3443 3674 3513 evangelista

2097 3516 2397 3574 subindicet
2425 3521 2630 3591 dicens,
2668 3525 2736 3580 Ut
2781 3529 3092 3598 impleretur,
3132 3535 3419 3589 ostendens
3451 3538 3552 3591 nisi
3585 3553 3674 3594 ve-

2096 3607 2278 3674 nisset,
2313 3625 2418 3664 non
2467 3613 2793 3683 implendum
2841 3619 2968 3674 illud
2997 3621 3177 3676 fuisse.
3228 3624 3338 3679 lloe
3377 3642 3504 3682 vero
3549 3628 3670 3682 Vir-

2091 3700 2270 3768 ginem
2312 3703 2480 3771 ipsam
2527 3722 2632 3760 non
2677 3709 3015 3766 mediocriter
3041 3714 3238 3769 claram
3267 3715 3430 3771 efﬁcit
3455 3727 3510 3773 et
3550 3720 3672 3774 illu-

2093 3799 2274 3846 strem.
2322 3794 2452 3850 Nam
2484 3799 2625 3867 quod
2659 3809 2798 3856 totus
2845 3805 3069 3870 pepulus
3113 3809 3337 3861 eueomii
3368 3808 3486 3863 loco
3508 3810 3671 3865 habe-

2091 3882 2198 3950 bat,
2255 3887 2353 3941 hoe
2400 3888 2569 3957 ipsum
2624 3892 2819 3948 habere
2852 3897 3021 3964 potuit
3061 3907 3114 3952 et
3146 3900 3277 3968 ipsa.
3327 3900 3479 3968 Quod
3526 3903 3668 3957 enim

2090 3977 2252 4030 altum
2298 3981 2575 4049 sapiebant
2619 3995 2672 4040 et
2723 4002 2844 4041 sese
2892 3988 3165 4056 jactabant
3221 3993 3288 4047 ob
3330 3993 3555 4048 reditum
3601 4011 3663 4049 cx

2090 4066 2344 4138 Egypto,
2383 4072 2400 4139 (
2435 4072 2485 4125 id
2537 4075 2676 4143 quod
2727 4078 3067 4133 subindicans
3114 4082 3364 4148 prephela
3414 4083 3661 4150 dicebat,

2089 4158 2274 4226 Nonne
2312 4164 2617 4234 alienigenas
2660 4169 2853 4222 adduxi
2891 4171 2953 4222 de
2989 4169 3333 4240 Cappadocia,
3358 4184 3406 4228 et
3437 4176 3666 4246 Assyrios

2086 4267 2150 4305 ea:
2173 4253 2314 4321 fovea
2340 4255 2403 4326 Ρ)
2451 4258 2468 4326 (
2501 4261 2650 4313 Amos
2685 4259 2736 4313 9.
2768 4261 2822 4329 7)
2879 4262 3004 4314 illud
3053 4263 3221 4331 ipsum
3262 4267 3663 4336 pra‘rogativatn

2085 4343 2318 4414 Virginis
2347 4347 2486 4402 facit.
2519 4349 2626 4403 lmo
2654 4368 2781 4405 vero
2812 4361 2864 4406 et
2896 4355 3117 4420 pupulus
3143 4365 3197 4409 et
3237 4357 3533 4424 patriarcha
3563 4359 3660 4413 de-

2084 4437 2400 4493 scendentes
2427 4449 2480 4494 et
2504 4441 2852 4498 ascendentes
2908 4445 3048 4508 inde,
3095 4447 3245 4500 istius
3283 4463 3538 4503 ascensus
3567 4465 3663 4505 seu

2084 4527 2284 4582 reditus
2323 4539 2500 4600 typqu
2534 4533 2844 4599 implebant.
2887 4535 3018 4589 Nam
3059 4538 3134 4590 illi
3161 4539 3572 4606 descenderunt,
3605 4551 3663 4595 ut

2082 4629 2306 4674 mortem
2359 4637 2424 4675 ex
2460 4621 2596 4678 fante
2643 4625 3006 4681 imminentem
3053 4628 3381 4699 ellugcrent;
3411 4631 3495 4686 hic
3534 4648 3662 4688 vero

2081 4719 2137 4761 ut
2166 4711 2353 4765 vitaret
2387 4722 2612 4768 mortem
2640 4716 2847 4771 insidiis
2874 4729 3132 4786 paratam.
3163 4722 3230 4773 At
3256 4720 3329 4774 illi
3353 4736 3419 4776 eo
3448 4725 3659 4778 venien-

2083 4811 2160 4855 tes
2188 4817 2252 4856 ex
2281 4803 2447 4867 fame,
2480 4815 2602 4860 tunc
2629 4807 2839 4862 liberati
2879 4818 3040 4875 sunt;
3087 4813 3178 4865 ille
3210 4827 3340 4868 vero
3385 4823 3443 4868 ut
3470 4830 3535 4870 eo
3559 4815 3656 4870 de-

2077 4893 2302 4958 scendit,
2336 4895 2605 4963 regionem
2640 4906 2801 4950 totam
2835 4914 2931 4968 per
2959 4900 3244 4956 adventum
3275 4920 3428 4957 suum
3455 4906 3656 4960 sancti-

2077 4982 2270 5038 ﬁcavit.
2298 4986 2616 5043 Consideres
2644 4989 2820 5059 itaque
2851 4991 3010 5046 velim
3032 4994 3299 5062 quomodo
3320 4995 3460 5050 inter
3484 4995 3657 5050 humi-

2075 5074 2141 5129 lia
2177 5093 2294 5145 qua:
2322 5079 2386 5132 ad
2426 5079 2752 5136 divinitatem
2783 5084 3052 5151 pertinent
3086 5087 3408 5142 revelentur.
3446 5088 3652 5142 Etenim

2073 5179 2192 5220 cum
2225 5167 2357 5222 dixit
2383 5169 2604 5237 angelus
2625 5211 2639 5235 ,
2675 5169 2821 5241 Fuge
2845 5172 2898 5226 in
2941 5171 3247 5246 Egyptum,
3284 5192 3387 5231 non
3413 5178 3654 5247 promisit

2149 5374 2671 5466 1.3‘°£EL"Z’E§§'L‘?§
2690 5388 2744 5466 ιξι
2768 5385 2818 5460 ἔτι
2837 5393 2991 5466 (me
3020 5390 3180 5466 ξεινίιη
3202 5393 3670 5466 αε.ίιέοι.υιειιιηιιυο

2081 5435 2232 5516 Esne
2259 5435 2675 5516 Evammsecundum
2707 5435 3665 5516 priorem—iectioti'cin“'Ju'dvéivdi‘c'elb‘git:

2079 5495 2336 5583 fa:
2344 5495 2918 5583 fggptoAvocatiiﬁ'ﬁuiii
3136 5495 3212 5566 Eii;
3231 5495 3409 5583 séiﬁiié
3425 5495 3662 5583 tit-32131

2079 5559 2289 5637 gendum
2303 5559 2630 5637 posteriorem
2654 5559 2771 5637 vero
2793 5559 3222 5637 αἰεὶὲίιέἧῖξῖἆήᾏῆ

2077 5619 2193 5670 Cum
2219 5619 2380 5684 priore
2402 5637 2631 5680 consonat
2654 5619 2883 5684 Arrianus;
