4060 6156
431 243 496 302 83
1082 262 1142 318 δ.
1181 264 1466 316 JUANMS
1502 261 1998 318 υιιιιιδοδτυωι
2036 263 2350 317 Αιιυιιιιίι).
2389 262 2929 320 CONSTANTINOP.
3602 255 3671 309 86

432 360 526 410 καὶ
586 351 879 426 περιφανῆ,
930 355 1255 426 πρόσταγμα
1312 355 1616 427 πληροῦντα
1664 356 1995 409 δεσποτικόν

431 448 543 502 ἀλλ’
592 447 732 517 ἔχων
783 446 941 499 τοῦτο
1001 447 1058 500 :6
1107 449 1425 519 ὑπόδειγμα,
1465 449 1633 520 φέρῃς
1663 447 1840 500 πάντα
1875 464 1999 515 γεν-

431 540 613 599 ναίως,
646 537 802 600 εἰδὼς
840 538 920 590 ὅτι
963 538 1192 608 μάλιστα
1229 538 1365 608 αὕτη
1407 539 1514 592 τῶν
1543 539 1923 607 πνευματικῶν
1965 541 1997 609 ἡ

430 627 719 682 ἀκολουθία
746 627 882 691 ἐστὶ,
921 627 980 679 τὸ
1008 627 1280 698 πανταχοῦ
1323 629 1658 698 πειρασμοὺς
1698 626 1998 696 συγκεκλη-

435 715 710 787 ρωμένους
751 714 915 783 ἔχειν.
948 715 1088 785 Ὅρα
1122 715 1251 783 γοῦν
1283 717 1381 768 οὑκ
1410 717 1502 768 ἐπὶ
1538 717 1634 785 τῆς
1671 716 1873 785 μητρὸς
1907 716 1999 768 καὶ

430 805 526 860 τοῦ
569 805 614 835 ⁷⁸
652 805 866 857 παιδίου
908 806 1065 859 τοῦτο
1090 808 1368 876 γινόμενον
1405 807 1583 876 μόνον,
1613 807 1747 861 άλλά
1782 808 1874 860 καὶ
1909 807 1999 860 ἐπὶ

431 903 540 956 τῶν
571 902 860 974 βαρϐάρων
897 905 1136 958 ἐκείνων.
1167 906 1276 958 Καὶ
1305 905 1410 977 γάρ
1445 907 1637 959 ἐκεῖνοι
1670 905 1843 977 λάθρα
1865 907 1997 959 ἀνα-

432 993 699 1065 χωροῦσιν
737 996 794 1047 ἐν
821 995 966 1061 τάξει
1003 996 1272 1065 φυγάδων·
1315 998 1407 1050 καὶ
1445 997 1583 1067 αὕτη
1626 998 1806 1062 πάλιν,
1849 996 1996 1050 0666-

432 1101 562 1136 ποτε
608 1085 706 1155 τὴν
747 1085 922 1138 οἰκίαν
965 1085 1266 1156 ὑπερϐᾶσα,
1309 1087 1524 1158 μακράν
1557 1086 1698 1141 οὕτω
1729 1087 2000 1141 ταλαιπωο

433 1174 554 1242 ρίας
600 1177 715 1230 ὁδὸν
757 1177 1048 1246 ὑπομένειν
1093 1176 1394 1242 κελεύεται,
1434 1178 1520 1232 διὰ
1555 1177 1646 1230 τὸν
1690 1177 1999 1248 θαυμαστὸν

430 1266 615 1319 τοῦτον
648 1269 805 1321 τόκον
837 1269 928 1321 καὶ
958 1268 1052 1332 τὰς
1096 1270 1467 1338 πνευματικὰς
1512 1269 1722 1332 ὠδῖνας.
1756 1270 1863 1322 Καὶ¹
1906 1269 2002 1323 θέα

435 1359 495 1409 τὸ
540 1359 838 1429 παράδοξον
884 1361 1063 1414 πάλιν.
1113 1362 1441 1432 Παλαιστίνη
1498 1364 1593 1433 μὲν
1643 1363 1997 1428 ἐπιϐουλεύει,

437 1450 707 1516 Αἴγυπτος
756 1452 811 1504 δὲ
861 1452 1175 1522 ὑποδέχεται
1230 1453 1324 1506 καὶ
1363 1454 1613 1517 διασώζει
1659 1455 1748 1506 τὸν
1789 1455 2002 1508 ἐπιϐου-

432 1550 734 1620 λευόμενον.
763 1550 836 1601 Οὑ
861 1548 968 1620 γὰρ
994 1548 1058 1618 δὴ
1092 1549 1248 1618 μόνον
1277 1549 1367 1601 ἐπὶ
1393 1547 1500 1600 τῶν
1527 1547 1734 1600 παίδων
1765 1546 1858 1599 τοῦ
1890 1563 1996 1600 πι-

431 1638 687 1710 τριάρχου
729 1637 889 1690 τύποι
920 1636 1249 1699 συνέϐαινον,
1286 1637 1421 1690 ἀλλά
1458 1638 1552 1690 καὶ
1585 1637 1670 1689 ἐπ’
1706 1637 1868 1690 αὑτοῦ
1902 1635 1994 1689 τοῦ

431 1730 716 1782 Δεσπότου.
756 1727 933 1780 Πολλὰ
961 1727 1090 1795 γοῦν
1113 1729 1201 1780 διὰ
1243 1728 1348 1781 τῶν
1392 1730 1481 1781 ὑπ’
1510 1729 1672 1782 αὑτοῦ
1701 1727 1996 1798 γινομένων

429 1821 546 1874 τότε
585 1819 1087 1891 προανεκηρύττετο
1128 1819 1236 1871 τῶν
1268 1819 1491 1891 ὕστερον
1524 1820 1840 1889 συμϐαίνειν
1873 1819 1997 1889 μελ-

428 1911 644 1964 λόντων·
675 1911 808 1978 ὅπερ
831 1904 923 1960 οὖν
949 1909 1041 1960 καὶ
1068 1909 1160 1960 ἐπὶ
1188 1908 1286 1976 τῆς
1311 1909 1431 1961 ὄνου
1461 1908 1552 1961 καὶ
1579 1907 1668 1960 ἐπὶ
1698 1907 1792 1961 τοῦ
1818 1907 1995 1960 πώλου

429 2001 636 2069 γέγονε.
690 2000 882 2062 Φανεὶς
926 2000 1104 2052 τοίνυν
1151 2002 1178 2053 6
1228 1999 1477 2067 ἄγγελος,
1519 2001 1637 2070 οὑχὶ
1680 2004 1744 2070 τῇ
1787 2000 1993 2071 Μαρίᾳ,

427 2091 562 2144 ἀλλὰ
614 2090 692 2161 τῷ
746 2088 940 2159 Ἰωσὴφ
984 2090 1305 2157 διαλέγεται·
1353 2092 1446 2141 καὶ
1477 2089 1529 2141 τί
1570 2107 1768 2160 φησιν;
1808 2092 1998 2158 Ἐγερ-

428 2182 548 2247 θεὶς
582 2181 888 2248 παράλαϐε
920 2180 983 2233 τὸ
1023 2181 1261 2233 παιδίον
1287 2180 1382 2233 καὶ
1409 2181 1524 2248 τὴν
1545 2181 1770 2248 μητέρα
1790 2180 1992 2234 αὑτοῦ.

440 2271 702 2324 Ἐνταῦθα
753 2271 935 2324 οὐκέτι
974 2271 1142 2338 λέγει,
1199 2274 1314 2337 Τὴν
1369 2270 1625 2338 γυναῖκά
1667 2287 1802 2335 σου,
1838 2269 1992 2334 ἀλλὰ,

433 2361 549 2429 Τὴν
596 2361 821 2430 μητέρα
872 2359 1080 2414 αὐτοῦ.
1129 2359 1343 2430 Ἐπειδὴ
1396 2360 1504 2431 γὰρ
1539 2362 1567 2413 6
1616 2361 1772 2422 τόκος
1815 2359 1994 2430 ἐξέϐη,

429 2451 521 2503 καὶ
581 2453 612 2520 ἡ
665 2451 866 2519 ὑποψία
911 2449 1096 2518 ἐλύθη,
1140 2451 1233 2502 καὶ
1277 2449 1305 2500 6
1351 2449 1488 2519 ἀνὴρ
1528 2449 1822 2520 ἐπιστώθη,
1859 2449 1997 2518 μετά

427 2541 735 2611 παρρησίας
781 2538 963 2590 λοιπὸν
1002 2537 1301 2605 διαλέγεται
1341 2538 1369 2588 6
1402 2538 1648 2605 ἄγγελος,
1695 2537 1818 2590 οὑτε
1867 2555 1996 2590 παι-

423 2631 554 2694 δίον,
605 2631 727 2684 οὕτε
785 2633 1016 2699 γυναῖκα
1067 2627 1229 2681 αὑτοῦ
1267 2627 1463 2680 καλῶν·
1499 2629 1652 2691 ἀλλὰ,
1687 2629 1996 2696 Παραλαϐε

425 2723 490 2774 τὸ
555 2722 790 2774 παιδίον
847 2723 942 2774 καὶ
989 2719 1102 2787 τὴν
1137 2718 1363 2788 μητέρα
1402 2719 1623 2772 αὑτοῦ·
1677 2720 1772 2772 καὶ
1815 2719 1996 2789 φεῦγε

422 2815 506 2878 είς
530 2814 848 2880 Αἴγυπτον·
893 2813 984 2865 καὶ
1004 2811 1100 2881 τὴν
1121 2811 1296 2863 αἰτίαν
1321 2809 1463 2877 λέγει
1487 2810 1582 2879 τῆς
1603 2809 1796 2878 φυγῆς·
1833 2810 1989 2862 Μέλ-

420 2906 513 2956 λει
544 2904 649 2970 γὰρ
677 2905 709 2956 ό
741 2901 1016 2970 Ἡρώδης,
1066 2901 1218 2970 φησὶ,
1253 2897 1441 2966 ζητεῖν
1486 2901 1599 2966 τὴν
1639 2899 1850 2968 ψυχὴν
1883 2900 1990 2954 τοῦ

420 2991 680 3045 παιδίου.

489 3087 559 3148 γ’.
580 3080 764 3132 Ταῦτα
787 3080 1022 3142 ἀκούσας
1043 3081 1070 3132 6
1101 3079 1294 3150 Ἰωσὴφ
1317 3079 1415 3131 οὑκ
1435 3079 1848 3150 ἐσκανδαλίσθη,
1869 3080 1990 3132 οὑδέ

417 3168 589 3224 εἶπεν·
615 3172 850 3240 Αίνιγμα
877 3171 938 3223 τὸ
963 3171 1193 3241 πρᾶγμά
1221 3171 1385 3223 ἐστιν·
1413 3172 1471 3224 οὑ
1493 3171 1538 3202 ⁷⁵
1563 3170 1751 3241 πρώην
1781 3171 1986 3239 ἔλεγες,

418 3260 572 3332 [125]
599 3262 680 3314 ὅτι
717 3261 876 3314 σώσει
902 3261 992 3314 τὸν
1023 3262 1150 3314 λαὸν
1184 3261 1379 3324 αὑτοῦ;
1411 3262 1501 3314 καὶ
1533 3260 1628 3314 νῦν
1649 3261 1767 3314 οὑδέ
1801 3261 1988 3316 ἐαυτὸν

419 3354 600 3416 σώζει,
645 3353 779 3406 ἀλλὰ
809 3355 984 3423 φυγῆς
1016 3354 1146 3421 ἡμῖν
1185 3351 1361 3422 χρεία,
1394 3352 1488 3404 καὶ
1528 3351 1854 3423 ἀποδημίας,
1895 3353 1988 3406 καὶ

423 3446 637 3514 μακρᾶς
669 3443 1048 3514 μεταστάσεως
1075 3444 1139 3474 ⁷⁸·
1168 3442 1382 3495 ἐναντία
1415 3446 1479 3514 τῇ
1509 3444 1796 3512 ὑποσχέσει
1822 3443 1892 3496 τά
1911 3460 1988 3512 γι-

419 3539 637 3604 νόμενα.
693 3534 830 3586 Ἀλλ’
863 3534 1014 3586 οὐδὲν
1045 3533 1247 3586 τούτων
1290 3533 1454 3601 λέγει·
1490 3533 1677 3596 πιστὸς
1713 3534 1821 3606 γὰρ
1865 3530 1930 3605 ἦν
1958 3536 1987 3587 6

420 3627 576 3695 ἀνήρ·
611 3624 730 3677 οὑδὲ
765 3624 1181 3694 περιεργάζεται
1227 3625 1325 3693 τῆς
1351 3624 1606 3678 ἐπανόδου
1645 3625 1735 3677 τὸν
1772 3625 1981 3695 χρόνον,

418 3716 512 3768 καὶ
537 3715 706 3767 ταῦτα
746 3713 840 3766 τοῦ
870 3715 1100 3782 ἀγγέλου
1133 3715 1450 3786 ἀδιορίστως
1479 3715 1637 3768 αὑτὸν
1660 3715 1980 3780 τεθεικότος·

421 3807 572 3870 Ἕως
603 3807 710 3874 γὰρ
737 3805 815 3857 ἂν
841 3805 986 3856 εἴπω
1010 3819 1126 3866 σοι,
1169 3803 1293 3856 ἴσθι
1325 3802 1465 3857 ἐκεῖ.
1509 3802 1645 3854 Ἀλλ’
1685 3804 1832 3872 ὅμως
1865 3803 1984 3856 οὑδέ

418 3896 553 3967 πρὸς
576 3896 731 3948 τοῦτ’)
767 3894 1085 3965 ἐνάρκησεν,
1120 3892 1232 3946 ἀλλ’
1268 3893 1530 3946 ὑπακούει
1578 3893 1673 3946 καὶ
1716 3893 1980 3956 πείθεται,

419 3988 628 4050 πάντας
654 3985 792 4056 μετά
819 3986 991 4056 χαρᾶς
1021 3985 1144 4044 τοὺς
1168 3986 1505 4055 πειρασμοὺς
1533 3985 1833 4055 ὑπομένων.
1873 3986 1980 4037 Καὶ

417 4091 524 4162 γὰρ
561 4093 588 4143 6
615 4091 989 4161 φιλάνθρωπος
1021 4089 1152 4152 Θεὸς
1191 4092 1301 4151 τοῖς
1333 4088 1607 4151 ἐπιπόνοις
1643 4088 1850 4150 τούτοις
1886 4086 1982 4140 καὶ

416 4182 546 4250 ἡδέα
598 4181 867 4252 ἀνέμιξεν·
921 4182 1056 4250 ὅπερ
1109 4179 1202 4233 καὶ
1255 4179 1346 4232 ἐπὶ
1398 4178 1612 4230 πάντων
1658 4177 1766 4229 τῶν
1811 4177 1979 4244 ἁγίων

419 4277 576 4336 ποιεῖ,
607 4273 728 4326 οὑτε
758 4275 882 4336 τοὺς
909 4271 1205 4334 κινδύνους,
1232 4268 1354 4322 οὗτε
1379 4269 1479 4330 τὰς
1505 4267 1716 4329 ἀνέσεις
1743 4270 1980 4336 συνεχεῖς

416 4365 604 4427 τιθεῖς,
643 4363 777 4418 ἀλλά
801 4363 894 4416 καὶ
920 4362 1005 4414 διὰ
1030 4360 1234 4413 τούτων
1264 4361 1357 4411 καὶ
1391 4359 1457 4410 δι’
1491 4356 1712 4411 ἐκείνων
1742 4357 1982 4424 ὑφαίνων

416 4457 505 4510 τὸν
538 4457 643 4509 τῶν
685 4457 904 4509 δικαίων
944 4455 1076 4526 βίον.
1111 4455 1175 4506 Ὃ
1218 4453 1281 4521 δὴ
1312 4451 1406 4504 καὶ
1444 4448 1674 4502 ἐνταῦθα
1695 4448 1978 4518 πεποίηκε·

419 4549 608 4603 σκόπει
641 4549 767 4620 γάρ.
811 4545 930 4601 Είδε
967 4547 1203 4599 κύουσαν
1236 4544 1334 4615 τὴν
1364 4541 1657 4613 Παρθένον·
1700 4542 1780 4604 είς
1813 4557 1982 4612 ταρα-

387 4635 515 4713 ’χην
561 4641 719 4694 αὑτὸν
757 4639 973 4693 ἐνέϐαλε
1012 4637 1187 4703 τοῦτο,
1219 4637 1312 4689 καὶ
1343 4635 1434 4687 τὸν
1468 4634 1691 4703 ἔσχατον
1735 4631 1978 4702 θόρυϐον·

415 4735 508 4787 ἐπὶ
554 4733 766 4803 μοιχεία
793 4732 899 4803 γάρ
934 4731 1031 4802 τὴν
1061 4730 1228 4801 κόρην
1262 4727 1598 4780 ὑπώπτευεν·
1632 4724 1746 4778 ἀλλ’
1782 4723 1982 4788 εὐθέως

415 4825 620 4894 ἐπέστη
650 4825 677 4875 6
707 4823 952 4890 ἄγγελος,
977 4823 1078 4890 τήν
1105 4838 1163 4873 τε
1195 4817 1427 4887 ὑποψίαν
1456 4817 1616 4881 λύων,
1649 4815 1742 4868 καὶ
1769 4815 1858 4867 τὸν
1888 4813 1982 4882 φό-

417 4915 509 4969 ϐον
541 4913 777 4984 ἀναιρῶν
803 4911 1003 4964 τοῦτον·
1036 4911 1128 4964 καὶ
1154 4909 1212 4962 τὸ
1243 4909 1452 4962 παιδίον
1490 4906 1679 4976 τεχθὲν
1699 4904 1860 4976 ὁρῶν,
1886 4922 1981 4974 χα-

419 5005 516 5076 ρὰν
549 5001 911 5074 ἐκαρπώσατο
945 5001 1222 5072 μεγίστην.
1259 4998 1429 5052 Πάλιν
1458 4998 1554 5067 τὴν
1577 4995 1751 5068 χαρὰν
1776 4994 1980 5064 ταύτην

417 5097 656 5158 κίνδυνος
689 5095 748 5145 οὑ
793 5091 980 5164 μικρὸς
1019 5091 1335 5161 διαδέχεται,
1361 5090 1460 5160 τῆς
1487 5088 1693 5150 πόλεως
1725 5102 1981 5156 ταραττο-

421 5187 605 5255 μένης,
660 5184 752 5237 καὶ⁵
804 5181 896 5235 τοῦ
943 5181 1202 5250 βασιλέως
1249 5180 1592 5250 μαινομένου,
1637 5177 1730 5230 καὶ
1771 5177 1859 5230 τὸν
1887 5193 1979 5229 τε-

418 5277 610 5346 χθέντα
634 5273 1030 5346 ἐπιζητοῦντος.
1074 5270 1228 5325 Ἀλλά
1251 5272 1339 5324 τὸν
1362 5271 1586 5343 θόρυϐον
1610 5267 1798 5324 τοῦτον
1821 5267 1980 5336 ἑτέρα

420 5368 580 5422 πάλιν
619 5366 886 5430 διεδέξατο
925 5361 1085 5434 χαρά·
1139 5363 1166 5413 6
1211 5361 1405 5434 ἀστὴρ,
1440 5361 1533 5414 καὶ
1574 5361 1607 5431 ἠ
1648 5357 1756 5412 τῶν
1792 5358 1980 5430 μάγων

419 5459 806 5532 προσκύνησις.
837 5455 1006 5510 Πάλιν
1052 5452 1187 5524 μετά
1225 5451 1324 5520 τὴν
1363 5451 1556 5520 ἡδονὴν
1586 5450 1788 5522 ταύτην
1819 5449 1981 5519 φόϐος

2122 361 2214 414 καὶ
2253 362 2510 422 κίνδυνος·
2541 359 2722 428 Ζητεῖ
2751 359 2878 428 γὰρ,
2922 359 3103 429 φησὶν,
3152 358 3400 426 Ἡρώδης
3427 360 3543 427 τὴν
3565 363 3684 428 ψυ-

2121 450 2240 519 χὴν
2260 450 2365 504 τοῦ
2397 449 2655 503 παιδίου·
2683 449 2778 502 καὶ
2811 448 2886 500 δεῖ
2917 449 3106 516 φυγεῖν
3138 449 3231 500 καὶ
3263 448 3611 517 μεθίστασθαι
3636 449 3680 480 ⁷⁷

2120 542 2490 612 ἀνθρωπίνως.
2524 542 2966 611 Θαυματουργεῖν
3008 539 3118 609 γὰρ
3159 539 3292 602 τέως
3327 541 3426 593 οὑκ
3459 541 3582 594 ἔδει.
3619 543 3684 594 Et

2119 634 2226 702 γὰρ
2261 634 2324 685 ἐκ
2353 633 2569 704 πρώτης
2608 633 2822 703 ἡλικίας
2851 629 3098 700 θαύματα
3128 628 3452 695 ἐπεδείξατο,
3479 631 3587 683 οὐδ’
3616 633 3683 684 ἂν

2119 721 2374 791 ἐνομίσθη
2412 721 2693 791 ἄνθρωπος
2721 717 2877 772 εἶναι.
2920 720 3019 772 Διά
3045 735 3125 771 τοι
3161 718 3317 770 τοῦτο
3343 718 3462 770 οὑδέ
3497 719 3682 782 ἁπλῶς

2119 810 2242 873 ναὸς
2271 809 2578 871 πλάττεται,
2611 807 2744 860 ἀλλὰ
2777 808 2870 859 καὶ
2897 807 3091 876 κύησις
3122 807 3346 875 γίνεται,
3377 807 3469 858 καὶ
3503 809 3683 860 ἐννεα-

2120 905 2366 974 μηνιαῖος
2395 902 2604 972 χρόνος,
2633 900 2726 953 καὶ
2751 899 2958 962 ὠδῖνες,
2989 900 3078 951 καὶ
3098 899 3268 962 τόκος,
3293 900 3385 951 καὶ
3411 897 3561 970 [124]
3585 915 3682 967 γα-

2115 993 2493 1062 λακτοτροφία,
2523 992 2614 1044 καὶ
2648 991 2736 1044 διὰ
2763 990 2959 1052 παντὸς
2986 989 3179 1060 ἡσυχία
3202 988 3296 1042 τοῦ
3337 989 3548 1059 χρόνου,
3589 989 3682 1041 καὶ

2115 1085 2375 1157 ἀναμένει
2415 1084 2513 1153 τὴν
2561 1082 2782 1152 ἀνδράσι
2834 1082 3144 1151 πρέπουσαν
3199 1080 3431 1151 ἡλικίαν·
3479 1079 3566 1132 ἵνα
3594 1079 3682 1132 διὰ

2113 1178 2329 1232 πάντων
2362 1175 2759 1246 εὑπαράδεκτον
2787 1173 3007 1242 γένηται
3036 1171 3135 1241 τῆς
3159 1171 3464 1240 οἰκονομίας
3492 1171 3552 1223 τὺ
3582 1188 3678 1240 μυ-

2115 1268 2351 1337 στήριον.
2384 1265 2537 1326 Τίνος
2569 1260 2660 1316 οῦν
2687 1263 2871 1316 ἐνεκεν
2910 1263 3002 1314 καὶ
3026 1260 3197 1313 ταῦτα
3232 1261 3298 1313 τὰ
3333 1263 3528 1329 σημεῖα
3558 1259 3680 1328 ἐγέ-

2112 1374 2252 1422 νετο,
2302 1356 2484 1425 φησὶν,
2527 1355 2583 1419 ἐξ
2633 1353 2842 1423 ἀρχῆςς
2888 1350 2985 1403 Διά
3024 1351 3122 1420 τὴν
3165 1350 3393 1420 μητέρα,
3445 1350 3532 1402 διὰ
3586 1349 3678 1403 τὸν

2123 1452 2338 1519 Ἰωσὴφ,
2391 1450 2479 1502 διὰ
2523 1450 2614 1502 τὸν
2665 1452 2888 1521 Συμεὼν
2935 1454 3191 1522 μέλλοντα
3221 1459 3438 1511 ἀπιέναι
3473 1460 3674 1522 λοιπὸν,

2108 1540 2196 1592 διὰ
2227 1541 2352 1602 τοὺς
2392 1541 2674 1609 ποιμένας,
2706 1541 2790 1594 διὰ
2829 1543 2954 1606 τοὺς
2991 1545 3215 1614 μάγους,
3259 1548 3345 1600 διὰ
3385 1552 3510 1612 τοὺς
3549 1553 3677 1604 Ἰου-

2108 1629 2308 1692 δαίους.
2356 1631 2417 1682 Εἰ
2461 1631 2568 1703 γὰρ
2599 1633 2878 1687 ἐϐούλοντο
2913 1638 3198 1706 προσέχειν
3234 1639 3370 1707 μετά
3397 1641 3675 1712 ἀκριϐείας

2109 1723 2219 1782 τοῖς
2249 1721 2567 1791 γινομένοις,
2609 1723 2669 1774 οὑ
2715 1725 2885 1795 μικρά
2931 1725 3025 1778 καὶ
3065 1727 3309 1780 ἐντεῦθεν
3350 1729 3416 1782 ἂν
3445 1732 3578 1802 πρὸς
3608 1735 3678 1785 τὰ

2113 1811 2370 1881 μέλλοντα
2407 1813 2811 1883 ἐκαρπώσαντο,
2841 1817 2900 1868 Εἰ
2925 1816 2979 1868 δὲ
3013 1817 3086 1887 μὴ
3117 1816 3360 1885 λέγουσιν
3391 1820 3440 1870 οἱ
3468 1821 3678 1892 Προφῆ-

2108 1920 2197 1955 ται
2244 1903 2310 1954 τὰ
2355 1904 2483 1974 περὶ
2533 1904 2642 1956 τῶν
2689 1907 2893 1975 μάγων,
2931 1905 3004 1976 μὴ
3049 1907 3370 1977 θορυϐηθῇς·
3407 1909 3530 1962 οὔτε
3567 1912 3675 1980 γὰρ

2110 1990 2286 2043 πάντα
2315 1991 2591 2059 προεῖπον,
2619 1992 2739 2044 οὔτε
2771 1994 2942 2046 πάντα
2968 1993 3300 2063 ἐσιώπησαν.
3332 1997 3540 2068 Ὥσπερ
3564 1999 3674 2070 γὰρ

2108 2079 2166 2131 16
2203 2080 2369 2149 μηδὲν
2397 2080 2733 2145 ἀκούσαντας
2767 2083 2891 2135 ἰδεῖν
2927 2084 3336 2154 παραγινόμενοι
3363 2087 3408 2117 ⁷⁸
3436 2086 3504 2140 τά
3535 2090 3674 2159 πρά-

2109 2187 2311 2238 γματα,
2351 2170 2549 2240 πολλὴν
2575 2172 2744 2224 ἐποίει
2781 2173 2876 2241 τὴν
2907 2173 3162 2241 ἔκπληξιν
3196 2174 3402 2228 καὶτὸν
3427 2176 3672 2247 θόρυϐον·

2107 2258 2246 2312 οὑτω
2290 2260 2476 2312 καὶτὸ
2517 2261 2693 2314 πάντα
2733 2261 2922 2331 μαθεῖν
2971 2262 3248 2316 καθεύδειν
3299 2266 3672 2334 παρεσκεύαζε

2107 2350 2192 2402 τὸν
2243 2351 2536 2421 ἀκροατὴν,
2583 2353 2676 2404 καὶ
2719 2355 2832 2416 τοῖς
2874 2354 3282 2422 εὑαγγελισταῖς
3324 2357 3474 2409 οὐδὲν
3525 2360 3674 2426 ἠφίει

2105 2441 2283 2496 πλέον.
2322 2444 2384 2494 EE
2410 2443 2466 2496 δὲ
2489 2444 2614 2513 περὶ
2643 2443 2743 2512 τῆς
2773 2446 3102 2514 προφητείας
3124 2445 3509 2516 ἀμφιϐάλλοιεν
3546 2451 3674 2502 Ἰου·

2103 2532 2238 2586 δαῖοι
2291 2532 2558 2600 λέγοντες,
2616 2533 2694 2596 :6,
2753 2534 2854 2597 Ἐξ
2907 2536 3206 2603 Αἰγύπτου
3261 2537 3522 2594 ἐκάλεσα
3565 2540 3675 2592 τὸν

2105 2626 2236 2676 υἱόν
2283 2640 2422 2693 μου,
2474 2624 2559 2674 ἐπ’
2602 2623 2780 2677 αὑτῶν
2828 2621 3095 2694 εἰρῆσθαι·
3147 2626 3394 2696 εἴποιμεν
3435 2629 3499 2681 ἂν
3535 2630 3670 2698 πρὸς

2105 2715 2318 2778 αὐτοὺς,
2368 2715 2448 2766 ὅτι
2495 2714 2587 2766 καὶ
2631 2706 2780 2776 οὗτος
2817 2716 3147 2785 προφητείας
3189 2718 3368 2787 νόμος,
3401 2720 3461 2771 16
3500 2721 3668 2773 πολλά

2104 2804 2359 2866 πολλάκις
2393 2803 2642 2872 λέγεσθαι
2670 2803 2766 2874 μὲν
2793 2806 2880 2856 ἐπ’
2910 2805 3101 2871 ἄλλων,
3134 2807 3470 2876 πληροῦσθαι
3493 2810 3550 2862 δὲ
3582 2812 3667 2880 ἐφ’

2103 2897 2322 2966 ἐτέρων,
2355 2891 2463 2948 οἷον
2501 2895 2559 2947 :6
2602 2897 2692 2947 ἐπὶ
2731 2895 2825 2948 τοῦ
2855 2896 3074 2966 Συμεὼν
3102 2899 3196 2950 καὶ
3227 2899 3356 2951 Λευῖ
3384 2903 3666 2972 εἰρημένον

2103 2987 2235 3038 ἐστί·
2267 2986 2544 3055 Διαμεριῶ
2576 2987 2684 3054 γὰρ
2719 2987 2958 3051 αὐτοὺς,
2996 2989 3179 3058 φησὶν,
3219 2990 3288 3042 ἐν
3322 2991 3534 3054 Ἰακὼϐ,
3568 2995 3664 3046 καὶ

2100 3075 2395 3143 διασπερῶ
2421 3075 2641 3140 αὐτοὺς
2664 3077 2732 3128 ἐν
2760 3076 3014 3143 Ἰσραήλ.
3049 3077 3306 3146 Καίτοιγε
3328 3081 3426 3133 οὐκ
3459 3083 3544 3135 ἐπ’
3570 3084 3667 3136 αὑ-

2099 3167 2204 3218 τῶν
2237 3166 2393 3218 τοῦτο
2429 3166 2669 3234 γέγονεν,
2697 3166 2809 3218 ἀλλ’
2833 3167 3052 3220 ἐπὶτῶν
3078 3169 3333 3236 ἐγγόνων·
3365 3173 3460 3223 καὶ
3490 3173 3547 3224 τὺ
3570 3174 3664 3226 ἐπὶ

2098 3255 2188 3306 :06
2233 3255 2453 3307 Χαναὰν
2495 3255 2552 3306 δὲ
2587 3254 2735 3324 παρά
2765 3254 2855 3306 τοῦ
2895 3254 3018 3306 Νῶε
3050 3255 3262 3324 λεχθὲν,
3295 3258 3372 3319 είς
3405 3259 3527 3321 τοὺς
3567 3260 3665 3314 Γα·

2098 3345 2362 3409 ϐαωνίτας
2389 3347 2514 3408 τοὺς
2552 3344 2803 3413 ἐγγόνους
2831 3345 2875 3375 ⁷³
2898 3344 2990 3396 τοῦ
3015 3346 3234 3398 Χαναὰν
3260 3347 3439 3416 ἐξέϐη.
3466 3349 3574 3401 Καὶ
3603 3350 3663 3402 τὸ

2096 3439 2187 3493 ἐπὶ
2213 3440 2306 3493 τοῦ
2345 3435 2534 3490 Ἰακὼϐ
2562 3436 2732 3498 οὑτως
2764 3436 2859 3488 ίδοι
2893 3453 2975 3498 τις
3005 3437 3070 3488 ἂν
3102 3437 3330 3507 συμϐάν·
3356 3440 3410 3490 αί
3444 3439 3550 3510 γάρ
3578 3442 3662 3493 εὑ-

2094 3531 2268 3601 λογίαι
2300 3533 2502 3583 ἐκεῖναι
2533 3530 2587 3581 αἱ
2607 3529 2882 3596 λέγουσαι,
2907 3530 3091 3584 Γίνου
3114 3529 3330 3598 Κύριος
3360 3531 3462 3585 τοῦ
3492 3531 3664 3586 ἀδελ-

2093 3621 2211 3690 φοῦ
2241 3637 2377 3685 σου,
2414 3621 2510 3674 καὶ
2538 3619 3136 3688 προσλιυνησάτωσάν
3168 3636 3241 3674 σε
3270 3623 3323 3674 οἱ
3346 3623 3391 3653 ⁸⁰
3417 3623 3528 3675 υἱοί
3557 3623 3662 3678 τοῦ

2093 3714 2314 3782 πατρός
2342 3729 2478 3778 σου,
2503 3715 2599 3766 οὑκ
2628 3713 2714 3767 ἐπ’
2743 3713 2904 3766 αὑτοῦ
2951 3712 3099 3776 τέλος
3131 3713 3302 3783 ἔσχον,
3345 3714 3493 3781 (πῶς
3531 3715 3658 3786 γὰρ,

2093 3805 2186 3858 τοῦ
2228 3805 2524 3866 δεδοικότος
2567 3806 2660 3856 καὶ
2705 3804 3018 3874 τρέμοντος,
3059 3807 3152 3858 καὶ
3205 3807 3460 3875 μυριάκις
3499 3808 3661 3861 αὑτὸν

2095 3893 2588 3964 προσκυνοῦντος;)
2629 3894 2741 3946 ἀλλ’
2785 3895 2877 3946 ἐπὶ
2913 3895 3022 3947 τῶν
3066 3897 3302 3962 ἐγγόνων
3332 3897 3438 3950 τῶν
3473 3900 3656 3954 αὑτοῦ.

2101 3990 2163 4042 Ὃ
2199 3987 2262 4058 δὴ
2297 3986 2392 4039 καὶ
2423 3985 2655 4038 ἐνταῦθα
2701 3985 2844 4037 εἴποι
2877 4003 2959 4047 τις
2989 3985 3073 4039 ἄν.
3107 3986 3200 4047 Τίς
3231 3987 3339 4055 γὰρ
3369 3969 3660 4056 ἀληθέστε-

2098 4103 2185 4158 ρος
2203 4087 2245 4117 ⁸¹
2263 4085 2388 4147 Υίὸς
2404 4083 2538 4137 Θεοῦ
2559 4081 2806 4152 λεχθείη;
2829 4085 2856 4136 6
2876 4084 3073 4152 μόσχον
3098 4085 3438 4154 προσκυνῶν,
3470 4085 3659 4155 καὶτῷ

2093 4174 2412 4243 Βεελφεγῶρ
2445 4173 2594 4245 [125]
2629 4176 2967 4246 τελούμενος,
3021 4179 3112 4230 καὶ
3159 4181 3281 4242 τοὺς
3334 4182 3479 4245 υἱοὺς
3513 4185 3653 4238 θύων

2091 4266 2202 4324 τοῖς
2223 4262 2532 4332 δαιμονίοις,
2567 4266 2598 4334 ἢ
2634 4268 2661 4318 6
2693 4267 2850 4335 φύσει
2884 4269 3030 4333 Υἱὸς,
3059 4271 3150 4322 καὶ
3184 4271 3272 4324 τὸν
3299 4277 3652 4345 γεγεννηκότα

2091 4353 2298 4421 τιμῶν;
2333 4355 2494 4406 Ὥστε
2537 4359 2583 4408 εἰ
2637 4359 2710 4426 μὴ
2754 4361 3084 4428 παρεγένετο
3134 4355 3304 4426 οὗτος,
3359 4365 3457 4418 οὑκ
3507 4366 3570 4419 ἂν
3621 4370 3650 4428 t

2092 4442 2393 4511 προφητεία
2424 4443 2572 4506 τέλος
2601 4445 2755 4498 ἔλαϐε
2781 4447 2840 4500 τὸ
2868 4449 3160 4519 προσῆκον.

2156 4532 2198 4585 δ’
2205 4534 2368 4603 ,Ὅρα
2387 4534 2513 4602 γοῦν
2543 4536 2659 4600 πῶς
2688 4538 2815 4591 αὐτὸ
2841 4541 2933 4592 καί¹
2953 4544 2980 4593 6
3002 4542 3401 4615 Εὑαγγελιστὴς
3427 4546 3653 4601 αἰνίττε-

2089 4637 2174 4673 ται
2191 4621 2383 4690 λέγων,
2408 4625 2529 4678 Ἵνα
2551 4628 2854 4695 πληρωθῇ,
2878 4629 3087 4693 δεικνὺς
3117 4633 3195 4685 ὅτι
3217 4634 3316 4686 οὑκ
3331 4634 3396 4687 ἂν
3416 4635 3653 4706 ἐπληρώ.

2088 4711 2174 4779 θη,
2195 4714 2242 4765 εί
2266 4713 2338 4784 μὴ
2360 4717 2749 4786 παραγέγονεν.
2772 4721 2881 4789 Οὐχ
2898 4719 2972 4782 ὡς
2998 4720 3153 4790 ἔτυχε
3181 4723 3236 4775 δὲ
3262 4724 3357 4776 καὶ
3383 4725 3480 4790 τὴν
3503 4728 3638 4799 Παρυ

2087 4802 2235 4890 θᾲένον
2256 4804 2513 4876 λαμπρὰν
2534 4808 2690 4860 τοῦτο
2708 4812 2850 4862 ποιεῖ
2885 4812 2978 4862 καὶ
3011 4814 3300 4884 περιφανῆ.
3335 4817 3510 4888 Ὅπερ
3542 4819 3646 4890 γάρ

2084 4888 2225 4962 εἶχεν
2251 4896 2278 4946 6
2306 4895 2473 4964 δῆμος
2503 4896 2646 4959 άπας
2673 4901 2729 4952 ἐν
2755 4901 3026 4969 ἐγκωμίου
3055 4903 3224 4968 τάξει,
3248 4906 3405 4959 τοῦτο
3428 4909 3522 4960 καὶ
3552 4888 3642 4962 αὑγ-

2083 4982 2147 5051 τὴ
2175 4982 2360 5036 λοιπὸν
2391 4985 2535 5055 ἔχειν
2557 4987 2803 5055 ἠδύνατο.
2841 4991 3056 5064 Ἐπειδὴ
3082 4994 3188 5064 γὰρ
3221 4997 3362 5065 μέγα
3391 5000 3644 5069 ἐφρόνουν

2082 5074 2173 5162 ἐπὶ
2203 5075 2278 5144 τῷ
2304 5076 2543 5130 ἀνελθεῖν
2572 5079 2629 5145 ἐξ
2657 5081 2953 5148 Αἰγύπτου,
2986 5087 3079 5136 καὶ
3107 5088 3436 5157 ἐκόμπαζον.
3466 5093 3642 5162 Ὅπερ

2080 5159 2171 5216 οῦν
2207 5165 2300 5218 καὶ¹
2331 5168 2358 5218 6
2384 5168 2676 5239 Προφήτης
2707 5173 3072 5244 αἰνιττόμενος
3099 5177 3300 5247 ἔλεγεν·
3326 5181 3470 5249 Οὐχί
3501 5159 3639 5247 τοὺς

2079 5255 2469 5326 ἀλλοφύλους
2496 5261 2797 5332 ἀνήγαγον
2819 5266 2886 5319 ἐκ
2913 5269 3354 5334 Καππαδοκίας,
3380 5270 3475 5322 καὶ
3502 5271 3639 5337 τοὺς

2093 5347 2438 5416 Ἀσσυρίους
2467 5351 2535 5405 ἐκ
2557 5353 2818 5422 ,ϐόθρου;
2851 5359 3002 5410 Ποιεί
3030 5360 3122 5411 καὶ
3146 5359 3243 5428 τῆς
3278 5359 3549 5428 Παρθένου
3578 5361 3639 5414 :6

2086 5439 2401 5510 προτέρημα
2441 5443 2604 5495 ’τοῦτο
2627 5445 2687 5500 δ’.
2733 5447 2947 5500 Μᾶλλον
2998 5449 3054 5500 δὲ
3114 5451 3206 5500 καὶ
3249 5452 3277 5502 ὁ
3311 5449 3436 5502 λαὸς
3478 5452 3569 5504 καὶ
3610 5455 3639 5506 6

441 5613 510 5694 ,τξ
544 5614 640 5666 καὶ
669 5612 786 5694 τοῦ]
937 5610 997 5665 Ε.
1041 5611 1388 5694 ᾼΓιηηνριβο
1417 5612 1716 5694 καίεᾶοεει.
1794 5615 1951 5694 7:06]
1985 5622 1989 5666 1

2102 5615 2482 5694 ζιζξῖρλλςδη.⁸
2509 5617 2669 5694 vulgo
2693 5616 2778 5668 σύ.
2800 5615 2929 5694 pip:
2962 5613 3148 5694 ἔλεγεν
3182 5613 3258 5694 A.‘
3325 5611 3372 5642 ⁷⁸
3401 5628 3642 5694 μετανατ

403 5683 644 5736 στάσεως
677 5683 743 5736 Sa
753 5700 800 5734 ν.
829 5683 958 5736 Ben.

403 5819 564 5900 !‘2d:|._
613 5823 656 5900 7f
681 5820 1306 5900 égyév...1'ax~{_6v..._lcr
1421 5819 1520 5900 ΕΠ.
1546 5819 1710 5900 _E_::l|:.

400 5893 443 5923 ”
477 5890 652 5959 106:0}
684 5891 821 5946 εἶναι
855 5888 1012 5945 τοῦτο
1045 5892 1106 5947 Ι).
1139 5893 1293 5945 τοῦτο
1321 5888 1620 5946 εἷναιίιόιίιι.

1060 5680 1336 5756 καὶ-δεῖ
1376 5685 1573 5756 φυγεῖν
1599 5685 1693 5756 καέ
1732 5680 1989 5752 μεθίστὰο

2102 5687 2114 5756 ὶ
2156 5680 2250 5740 Sid
2277 5686 2336 5738 Ι).
2371 5686 2427 5738 Ε.
2462 5687 2561 5739 An.
2606 5680 2758 5738 Arm.
2795 5686 2876 5737 δεῖ
2924 5699 3033 5756 0m:
3075 5682 3268 5756 0.“qu

400 5753 788 5821 μετανίσταται
815 5753 872 5806 F.
904 5754 996 5805 καὶ
1027 5752 1188 5804 πάλιν
1229 5753 1256 5803 6
1286 5750 1514 5818 ἅγγελος
1550 5750 1742 5821 μηνύει
1773 5758 1962 5820 φυγεῖν
1994 5750 2475 5825 κα“ι’μεθίστασθαι
2512 5759 2574 5808 Λ.
2601 5756 2659 5806 Β.
2693 5756 2808 5806 fere
2838 5765 2893 5806 ιιι
2923 5751 3056 5805 Ειιίι.

403 5823 538 5874 Ι·Σ‹Ιι1.
613 5823 656 5854 7’
681 5820 934 5875 ἐγγόν...]
961 5822 1189 5875 ὲκγόν...
1224 5831 1306 5875 lcr
1337 5824 1396 5874 (Ξ.
1421 5819 1517 5875 En.
1549 5823 1710 5875 ΕιιιΙι.
1790 5824 1832 5853 ⁸ο
1868 5826 1916 5875 οἱ
1943 5841 2048 5875 mn.
2083 5828 2141 5875 (ἰ.
2179 5826 2236 5875 Ιιὶ.
2267 5823 2428 5875 liulh.
2507 5828 2546 5856 *ι
2580 5823 2837 5875 ἁ).γ.θέστε
2853 5840 2940 5875 ρον
2976 5832 3020 5875 cl
3051 5840 3056 5873 ι

1868 5826 1916 5876 οἱ
1943 5841 2048 5878 mn.
2083 5823 2141 5878 (ἴ.
2179 5826 2236 5879 I5.
2267 5823 2428 5878 liulh.

3314 5682 3506 5750 φεύγει
3541 5682 3639 5736 καὶ

3136 5753 3180 5782 ⁷⁸
3213 5753 3636 5820 παραγενόμενα

2507 5828 2546 5856 *ι
2580 5823 2940 5891 ἀληθέστερον
2976 5832 3020 5875 cl
3051 5838 3167 5875 mox
3202 5821 3416 5890 λεχθείη
3440 5822 3503 5874 ἄν
3541 5823 3636 5888 ιιῖρ.
