4060 6156
380 265 445 322 87
1099 271 1155 328 S.
1195 271 1483 330 IUANNIS
1520 273 2005 333 CHRYSOSTOMI
2045 265 2360 339 ARCHI‘EP.
2397 284 2942 342 CONSTANTlNOP.
3545 283 3620 335 επ

369 419 430 461 se
460 401 672 459 itineris
702 397 957 458 comitem
990 399 1232 454 futurum
1261 399 1347 456 vel
1381 399 1836 460 descendentibus
1866 406 1948 460 vel

369 496 755 560 redeuntibus,
786 494 1136 550 subiudicans
1173 494 1292 550 illos
1328 510 1579 565 magnum
1618 496 1816 554 habere
1849 515 1946 555 co-

370 589 581 654 mitem,
605 602 798 643 recens
829 596 1012 641 natum
1047 601 1299 656 puerum,
1325 587 1416 656 qui
1447 587 1628 642 statim
1662 597 1826 659 atque
1853 605 1948 658 apo

367 664 566 748 paruit,
607 676 789 733 omnia
835 678 1094 741 mutavit,
1119 685 1282 747 atque
1321 677 1372 731 id
1413 671 1608 744 eﬂ‘eéit,
1648 688 1706 732 ut
1744 680 1946 736 inimici

283 763 295 773 ’
368 773 434 826 ad
473 771 612 825 hanc
643 769 1004 827 mconomiam
1038 769 1321 824 admodum
1358 770 1701 826 inservirent.
1733 771 1942 829 Etenim

370 865 506 935 magi
539 872 593 918 et
625 863 864 931 barbari,
897 871 1121 932 paterna
1154 863 1542 931 superstitione
1573 864 1782 930 relicta,
1816 866 1946 921 ado-

369 956 540 1011 raturi
570 955 823 1023 veniunt;
854 955 1128 1024 Augustus
1156 950 1608 1009 Bethlehemitico
1638 957 1814 1025 partui
1848 956 1946 1010 tni-

367 1049 584 1113 nistrat,
617 1049 741 1102 dum
771 1062 995 1102 censum
1028 1047 1142 1102 fieri
1167 1046 1356 1115 jubet;
1385 1044 1677 1118 Egypttts,
1707 1050 1832 1102 dum
1864 1049 1946 1102 fu-

366 1140 602 1210 gientem
630 1149 684 1193 et
716 1137 927 1192 insidiis
959 1139 1256 1207 appetitum
1284 1138 1509 1206 excipit,
1537 1147 1718 1193 servat
1747 1139 1941 1207 ipsum,

368 1228 603 1298 hincque
635 1229 922 1298 quamdam
962 1227 1349 1284 familiaritatis
1384 1243 1506 1283 cum
1546 1231 1663 1299 ipso
1695 1231 1948 1286 occasio-

368 1337 491 1377 nem
531 1322 748 1390 accipit,
785 1330 845 1376 ut
887 1335 1008 1376 cum
1050 1319 1200 1375 illum
1240 1330 1427 1388 postea
1466 1321 1674 1376 audiret
1711 1321 1778 1377 ab
1815 1335 1947 1392 apo-

367 1413 525 1468 stolis
571 1414 892 1482 praedicari,
935 1413 1000 1470 de
1051 1413 1134 1468 his
1180 1413 1528 1485 gloriaretur,
1571 1415 1712 1484 quod
1765 1414 1943 1484 ipsum

369 1503 544 1575 prima
577 1505 885 1574 excepisset

435 1665 503 1719 In
549 1663 783 1735 Egypto
824 1662 1059 1717 monachi
1113 1670 1160 1715 et
1202 1669 1355 1716 cauus
1399 1659 1669 1730 uirginum.
1698 1655 1950 1727 —Atqui

363 1756 534 1810 solius
582 1753 879 1809 Palaestinae
939 1761 1056 1808 erat
1121 1752 1236 1806 itth
1296 1749 1648 1820 prasrogativa
1693 1767 1707 1803 :
1765 1763 1950 1802 verum

358 1844 630 1916 uEgyptus
659 1843 950 1899 ferventior
979 1842 1065 1897 illa
1102 1839 1218 1896 fuit.
1245 1840 1396 1896 Nunc
1421 1850 1571 1894 certe
1597 1840 1640 1894 si
1666 1854 1854 1909 pergas
1896 1839 1949 1892 iu

367 1936 640 1991 desertum
691 1933 948 2005 Egypti,
998 1931 1189 2001 quovis
1235 1930 1480 2000 paradiso
1526 1930 1949 2000 praestantiorem

367 2025 708 2083 solitudinem
753 2024 1023 2086 invenies,
1071 2030 1354 2076 sexcentos
1401 2020 1711 2090 angelorum
1759 2018 1952 2073 choros

369 2117 596 2173 humana
627 2117 813 2179 forma,
855 2121 1146 2184 martyrum
1178 2111 1424 2181 populos,
1454 2120 1626 2166 cwtus
1665 2110 1951 2178 virginum,

313 2256 315 2259 .
368 2211 594 2265 solutam
622 2207 818 2262 diaboli
847 2204 1184 2278 tyrannidem
1219 2213 1404 2269 totam,
1434 2202 1630 2258 Christi
1658 2210 1835 2257 autem
1862 2216 1950 2256 re-

368 2318 533 2372 gnum
564 2313 870 2356 coruscans.
906 2297 1054 2351 lllam
1079 2312 1203 2351 vero
1237 2311 1355 2366 qua:
1385 2303 1683 2364 poetarum,
1713 2294 1951 2363 philoso-

369 2395 594 2463 phorum
642 2402 696 2446 et
735 2405 1011 2462 magorum
1053 2397 1222 2442 mater
1261 2396 1394 2452 erat,
1419 2403 1536 2458 qua:
1562 2403 1723 2443 omne
1746 2386 1954 2456 praesti-

366 2485 574 2553 giarum
617 2496 784 2553 genus
826 2482 1122 2542 invenerat,
1163 2479 1389 2548 aliisque
1431 2477 1742 2543 tradiderat,
1785 2478 1951 2542 illam,

369 2578 616 2646 inquam,
647 2573 849 2628 videbis
887 2572 954 2627 de
1000 2570 1351 2642 piscatoribus
1396 2569 1734 2639 gloriantem,
1774 2578 1833 2624 et
1865 2570 1953 2624 illa

367 2665 582 2736 quidem
609 2673 784 2719 vetera
817 2663 997 2717 omnia
1037 2660 1440 2730 despicientem,
1489 2659 1829 2728 publicanum
1865 2674 1958 2714 ve-

370 2774 431 2813 ro
473 2767 528 2812 et
569 2755 917 2833 tentoriorum
956 2752 1213 2806 artiﬁcem
1244 2751 1440 2820 ubique
1465 2749 1952 2817 circumferentem,

367 2865 430 2906 ac
479 2863 692 2904 crucem
738 2851 1256 2917 prtemonstrautem.
1288 2843 1412 2896 Haec
1444 2857 1602 2911 porro
1632 2857 1737 2896 non
1768 2843 1818 2895 in
1857 2857 1950 2896 ur-

366 2941 523 2995 bibus
567 2947 792 3002 tantum,
839 2935 932 2991 sed
963 2935 1122 2989 etiam
1167 2933 1220 2986 in
1257 2933 1473 2987 deserto
1503 2933 1671 3002 magis
1713 2947 1869 3001 quam
1901 2932 1953 2987 in

368 3030 610 3085 urbibus.
657 3028 757 3082 Per
785 3035 950 3081 tatam
978 3025 1122 3080 enim
1167 3025 1442 3094 regionem
1471 3023 1628 3076 istam
1659 3023 1840 3078 videre
1869 3033 1951 3078 est

367 3121 564 3176 Christi
595 3119 914 3182 exercitum,
955 3116 1263 3187 regiumquc
1301 3129 1541 3185 gregem,
1569 3129 1952 3184 supernarum-

367 3230 472 3284 que
499 3215 754 3269 virtutum
786 3215 946 3269 vitam
975 3230 991 3281 ;
1032 3212 1195 3282 idque
1232 3227 1338 3266 non
1368 3211 1507 3281 apud
1536 3208 1682 3265 viros
1718 3216 1947 3276 tantum,

367 3307 462 3362 sed
504 3315 562 3362 et
587 3308 641 3362 in
690 3307 937 3362 muliebri
980 3321 1110 3360 sexu
1158 3304 1414 3373 reperias.
1452 3300 1664 3358 Etenim
1705 3300 1809 3355 illa:
1843 3314 1950 3354 non

370 3401 546 3455 minus
591 3414 752 3470 quam
781 3399 880 3452 viri
923 3396 1399 3467 philosophantur,
1435 3410 1546 3450 non
1571 3403 1780 3450 scutum
1808 3393 1952 3447 acci-

371 3493 599 3560 pientes,
628 3505 800 3560 neque
823 3505 1020 3558 equum
1049 3487 1489 3552 conscendentes,
1523 3493 1583 3541 ut
1605 3486 1795 3556 jubent
1822 3484 1954 3540 clari

371 3583 447 3639 illi
473 3583 783 3640 Graecorum
832 3580 1160 3651 legislatores
1195 3587 1252 3634 et
1297 3575 1637 3648 philosophi;
1688 3576 1782 3632 sed
1813 3575 1953 3630 aliud

371 3674 532 3743 longe
567 3673 782 3742 gravius
813 3670 1010 3726 bellum
1053 3669 1370 3739 suscipiunt.
1406 3665 1703 3723 Commune
1730 3666 1872 3721 enim
1903 3673 1960 3721 et

370 3765 504 3834 ipsis
545 3773 597 3818 et
622 3764 753 3817 viris
781 3763 974 3818 bellum
1015 3770 1099 3816 est
1125 3769 1309 3816 contra
1339 3758 1612 3814 diabolum
1638 3766 1692 3812 et
1723 3765 1958 3828 potesta-

375 3864 455 3910 tes
485 3855 821 3909 tenebrarum
853 3871 866 3906 :
899 3852 965 3906 ad
995 3849 1297 3920 hujusmodi
1327 3864 1455 3904 vero
1490 3846 1771 3903 conﬂictus
1795 3861 1954 3901 num-

375 3960 538 4014 quam
562 3943 664 3997 illis
692 3957 852 3997 sexus
873 3939 1118 3996 debilitas
1141 3938 1518 4010 impedimento
1540 3946 1620 3992 est
1643 3951 1659 4004 ;
1684 3952 1788 3992 non
1815 3937 1957 3991 enim

375 4035 614 4103 corporis
642 4044 844 4098 natura,
884 4031 978 4086 sed
1008 4031 1170 4086 animi
1203 4031 1474 4099 proposito
1502 4027 1806 4098 bujusmodi
1826 4043 1960 4097 prae-

377 4126 446 4180 lia
468 4125 846 4180 decernuntur.
872 4123 1102 4192 ldeoque
1118 4136 1261 4190 saepe
1285 4121 1537 4174 mulieres
1564 4118 1754 4174 fortius
1799 4133 1962 4189 quam

377 4217 482 4270 viri
530 4225 938 4287 pugnaverunt,
987 4223 1043 4268 et
1080 4211 1368 4283 insigniora
1413 4220 1608 4281 tropma
1652 4219 1958 4266 erexerunt.

377 4307 494 4364 Non
539 4310 610 4362 ita
639 4308 828 4363 cmlum
868 4304 1205 4375 splendidum
1253 4312 1334 4359 est
1365 4301 1512 4357 vario
1547 4301 1641 4357 illo
1687 4303 1961 4357 stellarum

375 4401 566 4466 choro,
593 4409 648 4455 ut
671 4399 889 4472 [Egypti
920 4397 1154 4453 solitudo
1173 4438 1188 4462 ,
1217 4411 1337 4466 qua:
1368 4393 1599 4466 undique
1629 4395 1782 4452 nobis
1807 4393 1962 4451 exhi-

378 4493 472 4547 bet
498 4491 834 4547 tabernacula
863 4487 1271 4545 monachorum.

447 4662 502 4716 5.
541 4661 596 4716 Si
628 4659 746 4728 quis
770 4667 1004 4715 veterem
1033 4658 1176 4712 illam
1205 4654 1492 4729 Egyptum
1523 4658 1689 4724 novit,
1726 4656 1819 4712 Dei
1851 4657 1954 4711 ini-

375 4751 572 4806 micam
597 4759 650 4804 et
677 4749 959 4813 furentem,
986 4748 1162 4806 felium
1189 4748 1487 4814 cultricem,
1512 4763 1632 4818 qua:
1661 4763 1821 4818 cepas
1849 4748 1962 4803 for-

377 4842 616 4897 midabat
658 4849 712 4891 et
766 4840 1046 4904 tremebat,
1095 4839 1183 4894 hic
1227 4840 1427 4909 optimc
1463 4836 1660 4894 Christi
1713 4840 1961 4894 virtutem

375 4937 533 4992 sciet.
568 4933 680 4988 lmo
702 4947 830 4986 vero
865 4947 968 4984 non
996 4946 1128 5001 opus
1157 4940 1238 4987 est
1276 4929 1429 4988 nobis
1452 4932 1675 4988 vetustis
1703 4933 1963 4988 narratio.

378 5028 536 5082 nibus
573 5042 585 5077 :
617 5039 739 5078 nam
798 5021 1061 5092 hodieque
1117 5023 1314 5078 insanae
1369 5024 1508 5079 illius
1549 5024 1722 5094 gentis
1763 5038 1961 5078 monu-

377 5125 559 5173 menta
579 5119 888 5184 supersunt,
918 5127 1034 5181 quae
1062 5115 1286 5180 priscam
1313 5115 1478 5184 ipsius
1503 5115 1791 5170 amentiam
1818 5115 1968 5169 testi-

382 5213 628 5264 ficantur.
667 5209 916 5261 Attamen
945 5203 996 5257 hi
1024 5203 1117 5274 qui
1145 5205 1273 5260 olim
1305 5221 1494 5261 omnes
1533 5207 1585 5260 in
1615 5215 1812 5260 tantam
1842 5221 1963 5276 pro-

381 5308 637 5370 ruperant
664 5297 973 5363 amentiam,
1005 5295 1073 5350 de
1102 5296 1453 5368 caelo,-deque
1481 5296 1782 5354 caelestibus
1804 5298 1966 5354 rebus

393 5401 866 5472 philosophantur,
917 5406 1274 5468 patet-nosque
1315 5415 1491 5454 mores
1526 5401 1787 5466 derident,
1839 5414 1967 5453 avos

393 5506 518 5548 suos
560 5492 782 5547 miseros
816 5490 1128 5561 praedicant,
1176 5499 1228 5543 et
1269 5489 1614 5559 philosophos
1654 5493 1777 5548 illos
1814 5491 1966 5547 nihili

397 5582 650 5652 pendunt.
683 5581 758 5638 Ex
804 5582 932 5652 ipsis
954 5582 1095 5638 enim
1122 5580 1282 5636 rebus
1310 5581 1641 5638 cdidicerunt
1665 5583 1866 5652 priscas
1899 5584 1964 5639 il-

2055 391 2130 443 las
2168 389 2338 445 aniles
2369 389 2577 445 fabulas
2601 389 2869 444 ebriorum
2909 402 3028 444 esse
3056 389 3286 456 inventa,
3323 406 3500 447 veram
3530 407 3628 448 au-

2055 491 2160 537 tem
2192 483 2502 553 sapientiam
2531 482 2677 538 caelis
2718 497 2837 538 esse
2876 480 3109 552 dignam.
3142 481 3267 538 Haac
3311 492 3393 538 est
3436 499 3557 554 qua:
3598 499 3629 539 a

2057 572 2406 641 piscatoribus
2430 574 2740 628 annuntiata
2769 572 2895 642 ipsis
2924 570 3042 625 fuit.
3073 571 3304 642 Ideoque
3327 588 3446 628 cum
3472 590 3631 630 accu-

2056 674 2170 717 rata
2194 663 2499 734 dogmatum
2544 665 2768 720 veritate
2811 664 3027 718 multam
3071 663 3325 719 exhibent
3366 666 3500 720 bene
3545 669 3630 721 vi-

2054 753 2209 808 vendi
2237 753 2584 825 diligentiam.
2617 754 2886 826 Siquidem
2911 755 3052 810 exuti
3079 755 3238 810 rebus
3267 757 3472 810 cunctis
3493 771 3632 825 prae-

2053 845 2312 914 sentibus,
2334 846 2640 916 mundoque
2669 846 2927 910 crucifixi,
2950 846 3087 900 ultra
3117 847 3275 900 etiam
3307 847 3628 916 procedunt,

2053 936 2234 992 labore
2259 937 2498 1007 corporis
2538 947 2748 992 utentes
2786 937 2850 990 ad
2880 937 3073 991 victum
3106 938 3288 1006 egenis
3316 952 3631 1008 comparan-

2055 1026 2201 1082 dum.
2232 1027 2415 1097 Neque
2435 1029 2576 1082 enim
2598 1029 2719 1098 quia
2737 1026 2977 1098 jejunant
3001 1038 3056 1083 et
3084 1028 3320 1098 vigilant,
3349 1043 3407 1084 se
3433 1029 3631 1083 idcirco

2051 1118 2252 1176 dedunt
2287 1120 2418 1186 otio,
2467 1120 2562 1176 sed
2608 1129 2793 1176 noctes
2833 1121 3044 1192 hymnis
3087 1135 3151 1174 ac
3178 1121 3482 1190 pervigiliis,
3513 1120 3631 1176 dies

2055 1212 2300 1282 precibus
2319 1220 2374 1270 et
2397 1212 2546 1284 operi
2563 1227 2814 1267 manuum
2843 1211 3119 1281 deputant,
3148 1213 3371 1280 apostoli
3397 1211 3627 1265 studium

2051 1303 2337 1360 imitantes.
2366 1303 2422 1359 Si
2448 1304 2615 1372 enim,
2646 1301 2909 1374 inquiunt,
2941 1302 3047 1369 ille,
3075 1311 3183 1356 toto
3214 1303 3343 1357 orbe
3361 1303 3428 1357 ad
3456 1304 3627 1372 ipsum

2051 1393 2391 1462 respiciente,
2440 1404 2498 1448 ut
2548 1394 2737 1463 inopes
2775 1393 2962 1458 aleret,
3003 1391 3269 1446 officinam
3321 1393 3523 1458 habuit,
3575 1401 3631 1448 et

2050 1496 2218 1541 artem
2267 1485 2530 1549 tractavit,
2584 1486 2856 1539 insomnes
2896 1484 3104 1538 interim
3152 1493 3335 1538 noctes
3385 1484 3623 1540 ducens:

2052 1576 2220 1630 multo
2249 1575 2416 1643 magis
2443 1588 2560 1639 nos,
2592 1575 2680 1644 qui
2709 1573 2763 1628 in
2800 1573 3011 1627 deserto
3041 1573 3358 1640 habitamus,
3389 1574 3630 1643 nihilque

2050 1679 2332 1720 commune
2356 1664 2612 1718 habemus
2633 1679 2752 1719 cum
2783 1664 2991 1719 urbium
3030 1663 3362 1730 tumultibus,
3389 1664 3625 1718 vacatio-

2050 1758 2130 1811 nis
2174 1758 2284 1812 otio
2328 1754 2395 1811 ad
2437 1756 2730 1824 spiritualia
2775 1770 2936 1826 opera
2973 1755 3047 1809 uti
3079 1769 3173 1824 par
3201 1764 3302 1808 est.
3335 1753 3625 1809 Erubesca-

2050 1862 2165 1902 mus
2205 1847 2382 1916 itaque
2421 1859 2629 1909 omnes,
2679 1855 2732 1899 et
2759 1845 2970 1911 divites,
3014 1854 3065 1900 et
3107 1859 3387 1913 pauperes,
3415 1842 3636 1912 quando-

2053 1939 2128 1993 illi
2167 1938 2295 1993 nihil
2335 1951 2555 2010 prorsus
2605 1937 2886 2004 habentes,
2930 1937 3033 1991 nisi
3071 1951 3264 2004 corpus
3319 1945 3523 1991 tantum
3571 1945 3627 1992 et

2049 2043 2258 2091 manus,
2304 2035 2564 2082 conantur
2603 2035 2658 2081 et
2698 2025 3024 2080 contendunt
3055 2035 3111 2079 ut
3154 2025 3276 2079 hinc
3302 2026 3496 2081 victum
3527 2041 3622 2095 pa-

2048 2129 2165 2174 rent
2201 2120 2512 2190 egentibus:
2539 2134 2637 2175 nos
2668 2134 2814 2184 vero,
2859 2118 2982 2172 dum
3032 2118 3308 2172 innumera
3354 2117 3499 2171 domi
3539 2133 3624 2173 re-

2047 2210 2259 2265 condita
2307 2219 2450 2277 sunt,
2500 2226 2566 2265 ne
2610 2209 2874 2278 superﬂua
2905 2208 3118 2278 quidem
3161 2208 3241 2262 his
3288 2207 3620 2263 adhibemus.

2046 2300 2214 2366 Quam
2267 2300 2462 2370 igitur,
2518 2313 2735 2370 quasso,
2803 2299 3196 2354 excusationem
3249 2298 3623 2367 proferemus?

2049 2407 2206 2461 quam
2260 2405 2647 2461 consequemur
2698 2389 2948 2444 veniam?
3000 2389 3156 2458 Atqui
3209 2389 3412 2459 cogites
3463 2391 3620 2445 velim

2044 2491 2295 2550 quantum
2335 2482 2418 2535 isti
2447 2483 2570 2536 olim
2601 2481 2840 2550 pecunia:
2865 2490 3130 2534 amatores
3156 2488 3329 2542 erant,
3361 2490 3619 2550 quantum

2044 2575 2179 2643 gula:
2203 2573 2386 2637 dediti,
2419 2589 2540 2626 cum
2569 2573 2776 2627 caeteris
2800 2572 2960 2625 vitiis.
3009 2570 3083 2624 lbi
3127 2572 3268 2625 enim
3311 2580 3462 2625 erant
3498 2573 3619 2626 olla:

2047 2676 2283 2731 carnium
2333 2673 2522 2747 (Exod.
2551 2673 2638 2728 16.
2669 2672 2736 2743 5)
2758 2713 2772 2736 ,
2810 2683 2940 2740 quas
2988 2678 3285 2722 memorant
3311 2667 3479 2724 Judmi
3510 2686 3524 2723 :
3553 2667 3622 2722 ibi

2049 2781 2234 2836 magna
2257 2766 2456 2821 ventris
2478 2763 2734 2835 tyrannis.
2769 2764 3014 2817 Attamen
3040 2760 3160 2830 quia
3184 2760 3484 2826 voluerunt,
3510 2775 3626 2812 mll-

2050 2859 2140 2912 tati
2165 2866 2307 2922 sunt,
2339 2866 2390 2911 et
2423 2857 2539 2926 igne
2565 2854 2759 2910 Christi
2795 2860 3064 2921 suscepto,
3111 2852 3161 2905 in
3189 2851 3378 2906 caelum
3404 2859 3624 2919 repente

2048 2949 2362 3004 advolarunt
2413 2966 2426 3002 :
2463 2951 2660 3017 quippe
2701 2947 2845 3015 prius
2891 2943 3222 2998 ardentiores
3268 2943 3388 2996 aliis
3439 2950 3623 2998 erant.

2049 3051 2208 3109 atque
2246 3039 2311 3092 ad
2340 3039 2472 3093 iram
2513 3046 2569 3092 ct
2597 3037 2661 3091 ad
2688 3035 2932 3104 corporis
2961 3033 3282 3101 voluptatem
3317 3033 3622 3101 propensio-

2051 3145 2159 3198 res,
2197 3131 2540 3198 incorporeas
2572 3135 2861 3197 potestates
2902 3123 3307 3178 mansuctudine
3344 3131 3399 3178 et
3423 3123 3623 3190 reliqua

2053 3220 2400 3290 philosophiae
2424 3235 2533 3276 suae
2556 3217 2834 3274 tolerantia
2856 3217 3149 3270 imitantur.
3178 3214 3427 3284 Quisquis
3453 3214 3506 3268 in
3532 3213 3633 3269 hac

2052 3313 2269 3382 regione
2297 3311 2416 3378 fuit,
2446 3326 2566 3391 quae
2593 3309 2712 3365 dico
2735 3308 2882 3362 novit

2124 3489 2330 3544 Antonii
2385 3488 2564 3561 Magni
2610 3487 2972 3542 monachorum
3027 3485 3185 3556 patris
3235 3482 3428 3538 laudes.
3469 3514 3537 3526 —-
3575 3485 3630 3540 Si

2051 3583 2170 3653 quis
2192 3598 2319 3638 vero
2346 3580 2684 3637 tabernacula
2726 3579 2813 3634 illa
2842 3593 3128 3648 numquam
3172 3576 3321 3642 adiit,
3348 3576 3544 3646 cogitet
3572 3576 3630 3629 il-

2051 3674 2159 3727 lum
2190 3674 2279 3743 qui
2307 3672 2562 3728 hactenus
2603 3671 2656 3726 in
2701 3670 2936 3724 omnium
2969 3669 3137 3724 fertur
3172 3682 3286 3734 ore,
3329 3682 3486 3737 quem
3513 3675 3627 3737 post

2050 3766 2320 3833 apostolos
2364 3765 2625 3835 IEgyptus
2671 3763 2788 3817 tulit
2816 3763 3026 3817 beatum
3069 3771 3124 3815 et
3165 3776 3410 3830 magnum
3461 3760 3627 3814 Anto.

2055 3858 2224 3921 nium,
2266 3864 2320 3909 et
2367 3870 2547 3909 secum
2601 3861 2812 3923 reputet
2869 3853 3020 3906 illum
3075 3853 3126 3905 iu
3171 3852 3356 3907 eadem
3413 3851 3626 3920 regione

2054 3945 2235 4010 fuisse,
2268 3943 2320 3996 in
2346 3959 2446 4012 qua
2475 3943 2701 3996 Pharao.
2734 3943 2980 3995 Attamen
3013 3940 3146 3994 nihil
3177 3940 3299 3993 hinc
3321 3939 3627 3993 detrimenti

2052 4035 2276 4104 accepit,
2309 4034 2402 4088 sed
2430 4034 2590 4088 etiam
2612 4033 2789 4087 divina
2815 4032 3020 4086 visione
3050 4031 3298 4099 dignatus
3332 4038 3433 4092 est,
3463 4038 3518 4083 et
3548 4038 3624 4082 ta-

2054 4125 2162 4179 lem
2187 4125 2349 4179 vitam
2395 4122 2660 4184 exhibuit,
2692 4121 2901 4190 qualem
2943 4119 3138 4174 Christi
3170 4118 3313 4188 leges
3340 4119 3626 4186 postulant.

2053 4217 2120 4271 Et
2149 4216 2248 4271 hoc
2273 4215 2406 4270 sciet
2433 4213 2673 4284 quisquis
2701 4220 2950 4266 accurate
2979 4210 3171 4264 librum
3205 4209 3411 4280 legerit,
3445 4211 3495 4264 in
3524 4224 3626 4279 quo

2052 4316 2135 4362 est
2171 4307 2391 4361 historia
2419 4305 2541 4360 vitae
2582 4305 2701 4373 ejus
2723 4302 2825 4373 (α),
2873 4303 2960 4357 ubi
3007 4302 3225 4357 multam
3268 4301 3628 4371 deprehendet

2051 4399 2404 4470 prophetiam.
2449 4396 2580 4452 Nam
2624 4397 2710 4451 illa
2748 4411 2869 4466 qua:
2920 4395 3170 4450 Arianico
3216 4395 3402 4450 morbo
3448 4404 3630 4464 captos

2053 4488 2398 4560 spectabant,
2454 4503 2662 4544 necnon
2707 4487 3082 4542 detrimentum
3134 4485 3257 4541 inde
3298 4501 3626 4541 emersurum

2053 4583 2446 4654 praznuntiavit,
2496 4582 2606 4636 Deo
2647 4581 2830 4651 utique
2876 4578 3166 4644 revelante,
3215 4587 3269 4632 et
3309 4579 3484 4632 omnia
3514 4593 3630 4647 quae

2053 4676 2226 4730 futura
2269 4684 2421 4730 erant
2451 4690 2558 4742 pra:
2600 4673 2768 4728 oculis
2809 4672 2907 4742 ipsi
2948 4680 3179 4740 ponente
3208 4685 3223 4723 :
3258 4670 3307 4724 id
3339 4669 3479 4739 quod
3509 4686 3624 4724 cum

2053 4768 2172 4822 aliis
2198 4765 2357 4822 etiam
2380 4765 2642 4835 adjunctis
2668 4764 2956 4818 maximum
2980 4773 3062 4816 est
3082 4761 3320 4816 veritatis
3343 4776 3625 4831 argumen-

2057 4867 2188 4924 tum,
2219 4856 2358 4927 quod
2399 4855 2644 4910 videlicet
2681 4853 2825 4908 nulla
2872 4851 3092 4906 hmresis
3135 4850 3293 4904 talem
3325 4850 3518 4906 habeat
3543 4853 3623 4907 vi-

2055 4965 2193 5004 rum.
2220 4948 2326 5004 Sed
2352 4963 2419 5002 ne
2448 4949 2586 5002 ultra
2621 4947 2735 5000 haec
2763 4960 2793 4998 a
2819 4943 2972 5000 nobis
2996 4943 3182 5000 audire
3204 4947 3458 5015 pergatis,
3494 4946 3537 4999 si
3568 4946 3631 4998 li-

2056 5041 2208 5097 brum
2238 5041 2291 5095 in
2316 5056 2422 5111 quo
2443 5039 2557 5094 haec
2583 5038 2779 5107 scripta
2800 5044 2923 5090 sunt
2948 5034 3155 5106 legatis,
3188 5049 3434 5091 accurate
3454 5039 3627 5088 omnia

2069 5145 2311 5203 ediscere
2337 5136 2610 5210 poteritis,
2644 5143 2697 5190 et
2728 5135 2955 5189 multam
2998 5134 3122 5189 inde
3152 5133 3367 5187 haurire
3393 5133 3624 5203 philoso

2070 5236 2276 5308 phiam.
2297 5230 2411 5286 Hoc
2432 5237 2610 5284 autem
2640 5244 2770 5298 rogo
2799 5244 2905 5296 non
2932 5238 2990 5282 ut
3017 5227 3210 5280 librum
3240 5224 3502 5279 adeamus
3521 5231 3660 5276 tan—

2114 5523 2186 5585 (a)
2221 5525 2302 5573 llic
2325 5524 2450 5572 haud
2473 5524 2622 5573 dubie
2645 5523 2855 5585 loquitur
2876 5522 2940 5572 de
2966 5524 3067 5571 vita
3089 5530 3134 5572 s.
3161 5525 3346 5572 Antonii
3375 5537 3463 5584 per
3487 5529 3636 5578 λειω..

2052 5586 2237 5636 nasium
2261 5585 2675 5649 archiepiscopum
2700 5585 3098 5636 Alexandrinum.-
