4060 6156
428 270 634 338 διδ-175

443 411 583 464 tum,
614 398 712 455 sed
764 406 821 452 et
876 413 938 451 ea
969 411 1090 466 qua:
1142 394 1219 449 ibi
1264 394 1465 463 scripta
1505 399 1636 447 sunt
1693 388 1994 449 imitemur,

434 520 616 574 neque
654 504 860 566 locum,
902 503 990 557 vel
1025 501 1409 557 educationem
1432 541 1447 566 ,
1475 500 1559 555 vel
1592 497 1862 568 majorum
1897 508 2001 547 no-

428 616 672 664 strorum
718 608 1022 678 nequitiam
1064 606 1448 662 obtendamus.
1498 602 1556 659 Si
1586 604 1734 659 enim
1765 600 1998 657 velimus

435 716 746 780 attendere,
782 715 921 769 nihil
973 715 1168 768 borum
1219 713 1381 767 nobis
1415 711 1809 782 impedimento
1868 708 1995 763 erit.

432 820 569 876 Nam
619 819 894 874 Abraham
946 818 1173 888 impium
1230 824 1441 887 patrem
1482 815 1698 879 habuit,
1747 813 1842 868 scd
1885 813 2006 884 ejus

435 925 744 994 nequitiam
774 939 884 977 non
917 922 1167 993 excepit;
1196 921 1460 976 Ezechias
1482 920 1629 974 ﬁlius
1648 918 1850 974 Acbazi
1881 917 2004 980 fuit,

436 1037 494 1083 et
541 1037 727 1082 tamen
754 1027 850 1082 Dei
882 1026 1092 1080 amicus
1119 1025 1353 1081 cfl‘eclus
1390 1036 1511 1090 est;
1555 1024 1758 1093 Ioseph
1790 1038 1921 1077 vero
1950 1021 2007 1075 in

438 1132 620 1186 media
649 1130 881 1201 Egypto
915 1128 1180 1184 castitatis
1214 1144 1419 1183 corona
1456 1129 1750 1183 redimitus
1783 1135 1900 1192 est;
1943 1142 2008 1181 ac

435 1243 546 1289 tres
572 1235 730 1304 pueri
754 1235 808 1289 in
843 1234 1021 1289 media
1044 1234 1343 1305 Babylone,
1369 1234 1535 1303 inque
1562 1232 1760 1288 mediis
1772 1231 2004 1298 aedibus,

445 1350 570 1391 cum
609 1337 914 1408 Sybaritica
964 1354 1155 1394 mensa
1201 1348 1458 1410 apparata
1511 1347 1677 1405 esset,
1738 1354 2005 1393 summam

431 1431 735 1497 exhibuere
764 1443 1200 1513 philosophiam;
1228 1453 1287 1498 ut
1309 1451 1364 1498 et
1391 1443 1601 1514 Moyses
1624 1443 1678 1497 in
1698 1441 1928 1514 Egypto
1950 1449 2007 1497 et

1178 253 1237 309 S.
1277 252 1562 311 JOANNIS
1601 256 2089 313 CllllYSOSTOMl
2132 255 2446 314 ARClllEP.
2486 242 3035 309 CONSTANTlNOP.

3460 236 3547 290 9οο
3564 236 3657 294 Πϐ

2105 383 2306 439 Paulus
2346 383 2403 437 in
2436 380 2570 437 orbe
2596 397 2611 434 :
2636 378 2886 447 nihilque
2926 376 3015 429 bis
3045 372 3304 429 omnibus
3336 372 3404 426 ad
3448 371 3667 428 virtutis

2107 503 2331 543 cursum
2367 487 2473 542 fuit
2505 485 2925 556 impedimento.
2958 481 3082 535 Haec
3103 481 3287 549 itaque
3307 477 3490 532 omnia
3515 478 3669 549 cogi-

2100 600 2298 656 tantes,
2332 591 2651 647 occasiones
2696 597 2753 643 et
2793 586 3053 641 obtentus
3090 581 3406 652 hujusmodi
3453 581 3521 636 de
3553 595 3672 636 me-

2097 699 2189 755 dio
2223 699 2497 760 tollamus,
2543 694 2881 763 sudoresque
2908 706 3009 762 pro
3036 689 3243 744 virtute
3276 686 3537 740 sectanda
3565 684 3666 740 ad-

2105 818 2315 860 eamus.
2339 802 2429 858 Sic
2449 802 2597 856 enim
2636 801 2806 855 Deum
2836 796 2904 852 ad
2934 796 3198 866 majorem
3223 807 3350 862 erga
3379 806 3479 845 nos
3501 790 3672 845 bene-

2106 909 2405 964 volentiam
2462 905 2850 970 attrahemus,
2912 898 3437 971 impetrabimusque
3499 905 3563 950 ut
3617 896 3671 949 in

2107 1011 2505 1069 certaminibus
2548 1010 2708 1065 nobis
2735 1007 3054 1078 Opituletur,
3086 1012 3250 1072 atque
3287 1000 3508 1055 aeternis
3527 998 3683 1054 frue-

2108 1139 2233 1178 mur
2266 1120 2488 1177 coronis
2517 1137 2530 1175 :
2563 1134 2700 1189 quas
2755 1117 2966 1172 utinam
3020 1127 3210 1169 omnes
3251 1122 3673 1178 consequamur,

2118 1229 2294 1300 gratia
2340 1237 2398 1282 et
2444 1225 2783 1295 benignitate
2843 1219 3063 1276 Domini
3114 1216 3291 1272 nostri
3341 1214 3472 1269 .lcsu
3518 1210 3674 1267 Chri-

2112 1334 2203 1399 sti,
2246 1333 2335 1388 cui
2379 1331 2554 1402 gloria
2576 1337 2639 1417 et
2665 1328 2956 1398 imperium
2989 1326 3043 1379 in
3073 1321 3269 1378 saecula
3326 1318 3674 1374 sarculorum.

2113 1441 2304 1495 Amen.

1850 1908 2265 2013 W

616 2462 3279 2491 Mm

3282 2463 3664 2478 unum.“

1820 2697 2165 2758 HOMILIA
2211 2696 2324 2755 1X.

443 2951 573 3008 Car.
601 2951 656 3017 2,
693 2967 745 3004 v.
780 2948 867 3005 l6.
919 2947 1060 3002 Tunc
1111 2946 1340 3002 Herodes
1380 2944 1559 2999 uidens
1605 2941 1854 3013 quoniam
1892 2936 2018 2990 illu—

513 3073 601 3111 sus
638 3065 768 3109 esset
812 3073 845 3109 a
905 3054 1094 3123 magis,
1132 3053 1304 3105 iratus
1348 3058 1424 3103 est
1470 3046 1624 3102 ualde
1663 3053 1757 3100 :et
1814 3046 2023 3097 mitteres

531 3162 715 3214 occidit
758 3175 935 3212 omnes
970 3173 1182 3229 pueros,
1217 3156 1307 3226 qui
1346 3163 1497 3207 erant
1532 3154 1587 3205 in
1622 3150 1939 3211 Bethlehem,
1977 3156 2025 3199 et

517 3264 574 3318 in
609 3265 845 3318 omnibus
878 3262 1073 3330 ﬁnibus
1100 3261 1232 3332 ejus,
1274 3278 1305 3313 a
1336 3260 1534 3313 bimatu
1573 3264 1621 3310 et
1645 3256 1810 3324 infra,
1846 3269 2028 3307 secun—

527 3369 653 3424 dum
694 3380 898 3440 tempus
930 3366 1070 3438 quod
1096 3364 1416 3436 exquisierat
1458 3381 1488 3417 (ι
1525 3362 1714 3432 magis.

532 3589 586 3642 l.
623 3586 783 3639 Certe
819 3600 928 3637 non
965 3581 1255 3651 cportebat
1282 3580 1436 3634 illum
1486 3577 1669 3641 irasci,
1713 3575 1806 3629 scd
1848 3573 2030 3643 potius

466 3691 665 3743 timere
691 3694 745 3740 et
776 3683 1087 3754 comprimi,
1126 3691 1290 3751 atque
1322 3681 1628 3750 intelligere
1662 3694 1720 3733 se
1756 3693 1871 3732 rem
1915 3684 2031 3731 ten-

457 3803 597 3855 tare,
629 3805 792 3858 quam
815 3803 923 3842 non
960 3796 1145 3858 posset
1173 3786 1436 3856 perﬁcere
1461 3786 1498 3837 ⁸.
1532 3783 1603 3839 At
1631 3782 1721 3838 ille
1744 3798 1851 3836 non
1876 3796 2030 3835 coer-

464 3905 642 3951 cetur.
667 3893 896 3960 Quando
930 3893 1075 3947 cnim
1105 3890 1391 3961 improbus
1419 3891 1636 3944 animus
1667 3897 1724 3943 et
1750 3886 2028 3941 insanabi-

464 4002 538 4057 lis
567 4009 672 4061 est,
708 3998 846 4054 nulli
875 3997 1022 4053 cedit
1045 4013 1075 4051 a
1098 3997 1210 4051 Deo
1242 4010 1515 4050 concessa:
1554 3993 1857 4048 medicinae.
1894 3989 2027 4046 Vide

465 4104 815 4177 igiturillum
842 4102 1125 4172 prioribus
1169 4100 1546 4165 insistentem,
1589 4096 2027 4153 eteaedemcmdi

452 4214 800 4284 jungentem,
832 4217 995 4277 atque
1020 4223 1119 4277 per
1145 4207 1444 4276 praecipitia
1471 4205 1716 4274 undique
1751 4210 2026 4258 ruentem.

455 4319 591 4374 Nam
627 4316 784 4385 quasi
815 4330 845 4368 a
874 4315 1111 4383 quodam
1150 4313 1396 4367 daemone
1432 4312 1534 4365 hac
1584 4313 1665 4365 ira
1712 4310 2026 4379 invidiaque

458 4420 721 4492 percitus,
748 4418 900 4472 nulla
944 4417 1156 4471 ratione
1194 4416 1463 4481 frenatur,
1498 4414 1594 4470 sed
1626 4423 1814 4467 contra
1851 4414 2021 4481 ipsam

458 4529 594 4583 furit
619 4534 890 4590 naturam,
929 4524 1197 4590 iramque,
1229 4536 1390 4589 quam
1411 4529 1600 4574 contra
1619 4535 1802 4589 magos
1826 4518 1929 4573 sibi
1962 4518 2022 4571 il-

460 4633 713 4687 ludentes
733 4635 1079 4696 conceperat,
1106 4637 1294 4680 contra
1326 4625 1572 4679 insontes
1599 4637 1801 4693 pueros
1827 4637 2027 4676 exone-

462 4745 562 4799 rat,
594 4734 773 4788 simile
820 4731 1032 4786 facinus
1063 4730 1117 4784 in
1141 4729 1428 4784 Palteslina
1465 4742 1751 4799 aggressus
1779 4727 1830 4781 ei
1878 4726 2024 4795 quod

464 4840 597 4893 olim
633 4838 688 4891 in
719 4836 951 4906 Egypto
974 4841 1351 4905 perpetratum
1383 4831 1587 4886 fuerat.
1609 4829 1745 4884 Nam
1778 4829 1873 4894 ait,
1900 4829 2024 4883 Mit-

462 4954 575 4998 tens
606 4945 791 4998 occidit
815 4959 992 4996 omnes
1018 4959 1202 5010 pueros
1228 4943 1282 4995 in
1306 4939 1625 5004 Bcthlehem,
1649 4947 1698 4992 et
1717 4940 1771 4993 in
1789 4937 2027 4993 omnibus

460 5049 652 5118 finibus
704 5053 845 5118 ejus,
890 5066 923 5101 a
958 5048 1160 5101 bimatu
1191 5054 1239 5100 et
1284 5046 1449 5115 infra,
1501 5046 1786 5099 secundum
1825 5053 2026 5115 tempus

463 5152 601 5225 quod
652 5154 975 5220 exquisierat
1019 5170 1048 5205 a
1085 5152 1272 5222 magis.
1311 5150 1412 5205 Hic
1443 5148 1578 5203 mihi
1625 5148 1915 5220 diligenter
1947 5157 2028 5204 at-

524 5418 543 5451 ¹
588 5417 671 5469 Sic
712 5414 875 5487 Savil._
898 5421 952 5487 et
991 5429 1164 5487 omnes
1199 5428 1326 5487 pene
1362 5415 1687 5487 hlss.__hlorel.
1725 5417 1951 5487 legitx...
1978 5428 2029 5465 se

466 5487 790 5590 reni‘tcntare
831 5478 1053 5540 stultum;
1093 5477 1165 5527 sic
1197 5483 1346 5528 etiam
1388 5477 1514 5541 legit
1556 5477 1801 5541 Georgius
1841 5477 2031 5540 'l‘t‘apc'

463 5554 553 5590 tun
581 5557 672 5590 ius.
1548 5545 1575 5557 r

2124 2934 2350 2990 tendite.
2391 2933 2607 2990 Etenim
2642 2936 2802 2991 multi
2850 2937 3085 3007 plurima
3136 2939 3279 2994 circa
3321 2954 3525 3010 pueros
3550 2942 3687 2995 istos

2123 3049 2421 3111 nugantur,
2449 3042 2775 3113 injustitiam
2798 3043 2926 3097 facti
2952 3044 3332 3112 criminantes;
3357 3047 3447 3100 alii
3468 3046 3690 3116 quidem

2124 3147 2431 3202 modestius
2480 3147 2584 3201 hac
2616 3146 2683 3200 de
2735 3163 2792 3202 re
2838 3146 3007 3203 dubia
3051 3161 3395 3218 proponunt;
3431 3150 3524 3204 alii
3563 3166 3693 3206 vero

2128 3253 2390 3308 audacius
2419 3262 2475 3308 et
2526 3254 2806 3308 furiosius.
2860 3254 2932 3310 Ut
2975 3255 3143 3325 igitur
3187 3257 3286 3310 hos
3315 3257 3384 3310 ab
3429 3258 3691 3321 amentia,

2125 3357 2262 3413 alios
2293 3374 2324 3412 a
2345 3357 2691 3412 dubitatione
2728 3359 3050 3423 liberemus,
3081 3328 3356 3429 patienter
3383 3375 3482 3416 nos
3505 3361 3692 3417 audite

2127 3464 2195 3519 de
2227 3463 2316 3517 tali
2352 3470 2672 3532 argumento
2702 3462 2946 3518 breviter
2977 3463 3341 3533 disputantes.
3378 3464 3513 3519 Nam
3545 3465 3589 3520 si
3626 3480 3692 3520 ea

2127 3571 2195 3627 de
2227 3585 2285 3624 re
2316 3570 2705 3632 criminantur,
2736 3570 2882 3638 quod
2907 3586 3201 3640 puerorum
3233 3570 3411 3625 credes
3450 3570 3695 3640 neglecta

2128 3675 2315 3737 fuerit,
2347 3674 2714 3728 criminentur
2739 3673 2903 3727 etiam
2923 3673 2993 3728 ob
3020 3673 3251 3728 militum
3270 3673 3492 3727 Petrum
3509 3682 3695 3728 custo-

2128 3780 2396 3834 dientium
2447 3793 2660 3834 necem.
2699 3777 3169 3844 Quemadmodum
3213 3778 3357 3832 enim
3388 3777 3481 3831 hic
3517 3792 3695 3846 puero

2128 3884 2391 3954 fugiente,
2424 3883 2514 3937 alii
2545 3882 2700 3953 pueri
2734 3898 2836 3952 pro
2873 3897 2940 3936 eo
2978 3881 3071 3952 qui
3109 3881 3458 3951 quaerebatur
3486 3881 3697 3935 interfi-

2133 3988 2391 4042 ciuntur:
2414 3988 2487 4043 ita
2507 3997 2636 4041 tunc
2653 4004 2775 4042 cum
2790 3988 2988 4042 Petrus
3012 4002 3077 4041 ex
3091 4002 3310 4041 carcere
3332 3996 3389 4040 et
3411 4002 3478 4040 ex
3489 3985 3696 4040 catenis

2129 4094 2197 4150 ab
2221 4093 2412 4163 angelo
2444 4093 2705 4147 liberatus
2727 4099 2893 4156 esset,
2911 4090 3130 4161 quidam
3157 4096 3387 4160 tyranno
3408 4088 3626 4143 nomine
3640 4095 3698 4141 ct

2133 4200 2383 4255 moribus
2400 4198 2620 4265 similis,
2640 4213 2668 4252 c
2680 4213 2769 4252 um
2785 4213 2911 4252 eum
2927 4196 3235 4266 quaesisset,
3259 4211 3362 4250 nec
3377 4192 3695 4257 invenisset,

2133 4302 2340 4357 milites
2378 4301 2471 4372 qui
2495 4316 2621 4356 eum
2653 4299 3041 4355 custodiebant
3060 4314 3161 4368 pro
3178 4296 3566 4352 illointerfecit
3594 4293 3692 4365 (α).

2128 4411 2196 4464 Et
2223 4409 2354 4479 quid
2380 4409 2518 4464 hoc?
2544 4408 2794 4477 inquies;
2817 4407 2935 4462 haec
2963 4421 3073 4461 non
3093 4402 3522 4470 estsolutio,scd
3543 4401 3699 4455 addi-

2132 4522 2435 4569 tamentum
2462 4513 2528 4568 ad
2552 4513 2931 4582 quaestionem.
2963 4510 3079 4566 Hoc
3105 4510 3243 4565 bene
3268 4508 3395 4563 novi
3419 4522 3552 4577 ego:
3572 4506 3696 4561 ideo

2131 4627 2243 4683 luce
2264 4625 2438 4682 omnia
2466 4629 2519 4679 ln
2549 4621 2783 4677 medium
2809 4619 3041 4692 profero,
3069 4628 3128 4674 ut
3149 4619 3394 4674 omnibus
3418 4635 3575 4674 unam
3605 4614 3699 4671 ad-

2131 4719 2253 4774 dam
2279 4717 2616 4772 solutionem.
2643 4713 2895 4781 Qnmnam
2928 4711 3089 4782 igitur
3130 4719 3207 4763 est
3254 4708 3339 4761 illa
3381 4704 3611 4760 solutio?
3648 4714 3715 4757 et.

2131 4825 2285 4880 quam
2310 4808 2636 4880 probabilem
2653 4805 2972 4860 solutionem
2993 4801 3184 4856 afferre
3209 4798 3526 4870 possumus?
3549 4796 3702 4850 Chri-

2135 4934 2278 4979 stum
2304 4922 2513 4981 scilicet
2533 4935 2642 4973 non
2667 4916 2835 4970 fuisse
2856 4912 2990 4985 ipsis
3008 4911 3159 4965 necis
3179 4921 3420 4969 causam,
3440 4902 3533 4958 sed
3557 4897 3699 4958 regis

2135 5030 2539 5093 crudelitatem,
2554 5021 3012 5097 quemadmodum
3024 5032 3206 5087 neque
3222 5014 3331 5069 illis
3345 5013 3585 5071 Petrum,
3604 5003 3702 5060 sed

2198 5286 2269 5347 (α)
2292 5280 2429 5347 Quod
2453 5279 2531 5327 hic
2555 5277 2671 5347 dicit
2690 5265 3394 5347 (lhrysnslemus,_l‘lert_)gelnn.1|
3599 5252 3701 5347 1:3-

2135 5312 2994 5404 ηιξ.ιίιῖςῇςδρβυρρὲἱᾱί-ςεε,
3029 5312 3139 5378 cum
3157 5329 3203 5404 ‘G
3215 5338 3337 5404 nego
3368 5312 3599 5404 Acti-{ing}
3620 5312 3700 5404 13:

3149 5387 3437 5459 ιῖιττιιεχθῆνειξ.Ἰ

2133 5433 2837 5531 3232357235131}?diu???
2851 5433 3336 5514 siE'iiiiénigéaa’ani
3361 5433 3557 5493 videtur
3578 5433 3707 5487 illud

2138 5518 2376 5589 Vulgata,
2392 5521 2538 5586 jussit
2557 5535 2638 5573 eos
2660 5518 2789 5570 duci.
