4060 6156
375 253 596 310 89-175

387 382 634 436 ἐννοείτω
667 383 758 437 τὸν
792 383 950 454 μέχρι
1002 383 1094 437 νῦν
1139 383 1197 438 ἐν
1247 385 1359 447 τοῖς
1406 383 1660 438 ἁπάντων
1703 381 1961 452 στόμασιν

381 473 529 534 ὅντα,
556 471 615 525 ὃν
648 473 786 543 μετά
820 474 943 536 τοὺς
978 473 1330 536 Ἀποστόλους
1365 474 1396 543 ἡ
1436 473 1706 541 Αἴγυπτος
1739 471 1956 541 ἤνεγκε,

380 562 473 616 τὸν
508 564 776 633 μακάριον
797 562 888 615 καὶ
917 563 1087 632 μέγαν
1117 563 1418 627 Ἀντώνιον,
1445 562 1536 616 καὶ
1559 560 1855 630 λογιζέσθω
1879 562 1957 616 ὅτι

379 655 474 707 καὶ
517 646 671 715 οὗτος
698 655 755 705 ἐν
785 653 966 724 ἐκείνῃ
994 655 1056 723 τῇ
1083 652 1236 724 χώρα
1267 655 1505 721 γέγονεν,
1540 655 1596 706 ἐν
1711 653 1807 706 καὶ
1847 654 1955 705 Φα-

380 743 528 815 ραώ·
572 743 684 796 ἀλλ’
710 744 857 812 ὅμως
907 743 1057 795 οὐδὲν
1110 744 1446 815 παρεϐλάϐη,
1481 743 1615 796 ἀλλά
1665 744 1758 795 καὶ
1810 742 1958 808 θείας

378 833 552 902 ὅψεως
579 831 912 903 κατηξιώθη,
949 832 1043 886 καὶ
1071 832 1305 886 τοιοῦτον
1337 832 1650 896 ἐπεδείξατο
1678 831 1810 902 βίον,
1847 827 1957 884 οἷον

376 927 425 978 οξ
460 923 551 978 τοῦ
587 923 822 993 Χριστοῦ
851 924 1000 992 νόμοι
1028 922 1266 992 ζητοῦσι.
1297 925 1404 976 Καὶ
1444 923 1598 977 τοῦτο
1643 922 1847 976 εἴσεταί
1874 941 1957 986 τις

380 1015 516 1085 μετά
543 1015 847 1086 ἀκριϐείας,
881 1015 1116 1085 ἐντυχὼν
1145 1015 1222 1085 τῷ
1255 1015 1440 1085 βιϐλίῳ
1468 1013 1545 1084 τῷ
1576 1015 1674 1084 τὴν
1719 1014 1956 1083 ἱστορίαν

375 1108 550 1177 ἔχοντι
579 1108 677 1177 τῆς
706 1106 915 1159 ἐκείνου
947 1106 1111 1176 ζωῆς,
1140 1107 1197 1159 ἐν
1229 1099 1271 1174 ᾧ
1300 1106 1393 1158 καὶ
1423 1105 1622 1174 πολλὴν
1651 1104 1838 1173 ὄψεται
1856 1102 1954 1173 τὴν

375 1195 732 1267 προφητείαν.
760 1195 867 1246 Καὶ
897 1194 1005 1264 γάρ
1035 1194 1160 1265 περὶ
1189 1194 1294 1248 τῶν
1323 1192 1390 1246 τὰ
1417 1193 1624 1264 Ἀρείου
1658 1189 1953 1245 νοσούντων

373 1285 795 1357 προανεφώνησέ
825 1302 882 1338 τε
917 1285 1009 1337 καὶ
1038 1281 1158 1337 εἷπε
1194 1285 1290 1356 τὴν
1323 1284 1382 1348 ἐξ
1411 1285 1630 1336 ἐκείνων
1659 1283 1952 1355 μέλλουσαν

371 1373 614 1442 γίνεσθαι
647 1373 872 1443 βλάϐην,
897 1373 990 1424 τοῦ
1012 1371 1146 1425 Θεοῦ
1170 1372 1439 1437 δείξαντος
1462 1372 1608 1443 αὐτῴ
1633 1371 1784 1443 [129]
1809 1372 1948 1436 τότε,

371 1465 466 1518 καὶ
510 1464 615 1534 πρὸ
657 1464 770 1517 τῶν
812 1463 1103 1534 ὀφθαλμῶν
1136 1464 1205 1517 τὰ
1245 1464 1505 1534 μέλλοντα
1537 1462 1950 1532 ὑπογράψαντος

371 1559 614 1611 ᾶπαντα·
645 1556 672 1616 ὃ
700 1556 763 1626 δὴ
801 1557 1028 1625 μάλιστα
1058 1555 1195 1626 μετά
1220 1555 1326 1609 τῶν
1365 1555 1538 1609 ἄλλων
1570 1556 1668 1624 τῆς
1697 1554 1950 1623 ἀληθείας

370 1651 517 1703 ἐστὶν
564 1645 854 1712 ἀπόδειξις,
897 1646 992 1699 τὸ¹
1045 1645 1244 1716 μηδένα
1295 1645 1402 1700 τῶν
1449 1645 1644 1712 ἔξωθεν
1688 1645 1947 1714 αἱρέσεων

371 1739 540 1806 ἄνδρα
572 1735 810 1789 τοιοῦτον
851 1735 1012 1805 ἔχειν.
1032 1735 1169 1788 Ἀλλ’
1200 1736 1285 1788 ἵνα
1313 1733 1388 1806 μὴ
1423 1735 1550 1805 παρ’
1576 1732 1730 1805 ημῶν
1775 1730 1947 1785 ταῦτα

373 1825 640 1896 ἀκούσητε
656 1826 696 1890 ³,
726 1829 839 1889 τοῖς
867 1829 1189 1899 γράμμασιν
1235 1823 1569 1894 ἐγκύψαντες
1606 1825 1718 1890 τοῖς
1748 1822 1841 1876 τοῦ
1867 1822 1945 1892 βι-

377 1917 545 1980 ϐλίου,
587 1918 758 1971 πάντα
788 1921 1095 1990 μαθήσεσθε
1137 1923 1272 1991 μετά
1299 1923 1603 1993 ἀκριϐείας,
1625 1923 1718 1977 καὶ
1744 1921 1942 1991 πολλὴν

375 2007 794 2075 παιδευθήσεσθε
822 2008 918 2080 τήν
947 2011 1258 2080 φιλοσοφίαν
1293 2013 1518 2067 ἐκεῖθεν.
1546 2013 1714 2066 Τοῦτο
1755 2014 1811 2066 δὲ
1840 2030 1942 2067 πα·

381 2098 619 2169 ρακαλῶ,
647 2101 744 2170 υύχ
775 2101 860 2154 ἵνα
900 2102 1211 2173 ἐπέλθωμεν
1241 2105 1310 2158 τὰ
1353 2105 1709 2176 γεγραμμένα
1761 2105 1939 2176 μόνον,

377 2188 491 2240 ἀλλ’
517 2190 603 2244 ἴνα
634 2190 727 2243 καὶ
748 2190 1097 2264 ζηλώσωμεν,
1123 2195 1217 2248 καὶ
1247 2195 1384 2266 μήτε
1416 2194 1618 2266 χώραν,
1652 2196 1786 2266 μήτε
1814 2197 1944 2249 ἀνα-

451 2434 473 2460 ²
500 2431 584 2501 τό]
617 2430 695 2501 τῷ
723 2431 857 2488 Edd.

963 2435 985 2467 ⁸
1012 2434 1250 2507 ἀκούητε
1281 2435 1346 2495 Α.
1379 2434 1440 2494 Β.

374 2517 483 2553 νων
514 2500 645 2555 Edd.

393 2782 520 2800 ⁵-η

1494 276 1555 329 IN
1597 273 2005 331 MAT'I‘IUEUM
2046 275 2277 330 HJMIL.
2325 272 2411 329 ΙΧ.

1547 2439 1568 2470 ⁸
1596 2439 1953 2512 ἐπικειμένης
1977 2440 2040 2494 Α.
2074 2438 2133 2492 Β.
2174 2439 2236 2494 C.

3410 276 3500 333 90-
3519 280 3536 331 Ι
3553 284 3614 339 73

2056 381 2257 452 τροφὴν
2285 419 2300 444 ,
2343 381 2476 450 μήτε
2523 378 2797 449 προγόνων
2859 379 3119 447 πονηρίαν
3170 373 3618 448 προϐαλλώμεθα.

2060 474 2155 524 Ἂν
2203 470 2312 541 γὰρ
2346 470 2584 539 θέλωμεν
2627 470 2836 531 ἑαυτοῖς
2880 469 3185 537 προσέχειν,
3225 468 3374 520 οὐδὲν
3419 467 3623 519 τούτων
3719 496 3728 506 -

2059 565 2188 633 ἡμῖν
2213 561 2362 614 ἔσται
2391 561 2635 631 κώλυμα.
2654 561 2804 613 Ἐπεὶ
2836 561 2929 613 καὶ
2954 561 3201 630 Ἀϐραὰμ
3226 560 3393 627 ἀσεϐῆ
3414 559 3625 629 πατέρα

2060 652 2232 723 ἔσχεν,
2266 652 2378 705 ἀλλ’
2399 654 2457 705 οὐ
2483 651 2750 716 διεδέξατο
2775 653 2871 721 τὴν
2901 652 3270 722 παρανομίαν
3305 652 3398 703 καὶ
3416 653 3443 703 6
3474 651 3625 713 Ἑζε-

2061 745 2184 808 κίας
2225 745 2316 798 τὸν
2349 744 2543 814 Ἀχαζ,
2577 743 2687 798 ἀλλ’
2711 745 2856 814 ὅμως
2884 739 3034 806 οὗτος
3073 744 3224 813 φίλος
3265 742 3343 813 τῷ
3371 742 3487 812 Θεῷ
3516 742 3630 809 ἐγέ-

2059 853 2204 890 νετο·
2233 837 2326 890 καὶ
2354 837 2381 888 6
2411 837 2607 906 Ἰωσὴφ
2633 836 2690 889 δὲ
2715 838 2772 888 ἐν
2802 836 2940 908 μέσῃ
2957 838 3078 888 τότε
3101 835 3358 904 Αἰγύπτῳ
3386 835 3510 896 τοὺς
3533 835 3630 902 τῆς

2064 928 2414 999 σωφροσύνης
2447 928 2744 996 ἀνεδήσατο
2779 931 3101 995 στεφάνους’
3153 929 3248 981 καὶ
3277 929 3324 980 οἱ
3356 927 3540 990 παῖδες
3574 927 3630 978 δὲ

2062 1021 2109 1072 οἱ
2141 1023 2286 1090 τρεῖς
2318 1021 2373 1071 έν
2401 1019 2679 1072 Βαϐυλῶνι
2715 1019 2872 1088 μέσῃ,
2903 1019 2996 1070 καὶ
3020 1020 3075 1070 ἐν
3099 1019 3244 1088 οἰκίᾳ
3269 1020 3424 1090 μέσῃ,
3453 1018 3628 1069 Συϐα-

2065 1109 2276 1179 ριτικῆς
2306 1109 2713 1181 παρακειμένης
2732 1110 2753 1141 ⁸
2782 1109 3077 1180 τραπέζης,
3106 1108 3203 1179 τὴν
3227 1109 3398 1179 ἄκραν
3430 1107 3634 1160 ἐπεδεί-

2058 1202 2214 1266 ξαντο
2247 1204 2554 1273 φιλοσοφίαν
2574 1219 2586 1230 ·
2643 1203 2735 1255 καὶ
2783 1203 3017 1270 Μωῦσῆς
3048 1202 3102 1252 δὲ
3135 1204 3191 1252 ἐν
3218 1203 3492 1271 Αἰγύπτῳ,
3529 1205 3622 1253 καὶ

2055 1293 2083 1344 ὁ
2110 1294 2318 1357 Παῦλος
2357 1296 2412 1347 ἐν
2453 1298 2516 1365 τῇ
2553 1293 2873 1363 οἰκουμένῃ’
2905 1295 2998 1345 καὶ
3038 1293 3185 1346 οὐδὲν
3215 1293 3385 1346 οὐδενὶ
3419 1293 3621 1346 τούτων

2057 1386 2271 1452 ἐγένετο
2300 1385 2521 1453 κώλυμα
2567 1385 2700 1454 πρὸς
2731 1385 2820 1438 τὸν
2861 1386 2958 1454 τῆς
2987 1385 3181 1454 ἀρετῆς
3211 1384 3422 1456 δρόμον.
3457 1383 3621 1437 Ὶ⁴αῦτ⁹

2056 1472 2147 1528 οὖν
2193 1476 2285 1527 καὶ
2330 1477 2485 1545 ἡμεῖς
2537 1474 2711 1527 πάντα
2755 1473 3077 1538 ἐννοοῦντες,
3110 1473 3205 1534 τὰς
3235 1472 3331 1540 μὲν
3367 1473 3623 1542 περιττὰς

2056 1565 2254 1627 ταύτας
2280 1565 2504 1635 σκήψεις
2531 1566 2622 1617 καὶ
2650 1564 2949 1634 προφάσεις
2970 1565 3031 1615 ἐκ
3057 1563 3220 1630 μέσου
3249 1560 3622 1629 ποιησώμεθα,

2055 1655 2164 1707 τῶν
2189 1655 2245 1707 δέ
2272 1654 2410 1725 ὑπὲρ
2430 1655 2526 1723 τῆς
2549 1655 2746 1725 ἀρετῆς
2769 1652 3005 1722 ἱδρώτων
3037 1650 3316 1721 ἁψώμεθα.
3341 1648 3496 1702 Οῦτω
3517 1649 3626 1716 γὰρ

2057 1747 2150 1799 καὶ
2177 1747 2266 1800 τὸν
2296 1746 2426 1800 Θεὸν
2456 1746 2546 1798 ἐπὶ
2583 1745 2802 1816 μείζονα
2830 1742 3240 1812 ὲπισπασόμεθα
3268 1739 3500 1802 εῦνοιαν,
3533 1739 3626 1792 καλ.

2059 1837 2314 1910 πείσομεν
2345 1837 2787 1906 συνεφάιζαασθαϋ⁵
2813 1835 2920 1888 τῶν
2946 1834 3168 1902 ἀγώνων
3213 1834 3362 1903 ήμῖν,
3393 1830 3485 1884 καὶ
3513 1829 3620 1882 τῶν

2057 1927 2286 1982 αἰωνίων
2327 1927 2701 1996 ἀπολαύσομεν
2741 1924 3026 1994 ἀγαθῶν⁶’
3060 1919 3134 1976 ὧν
3171 1922 3377 1992 γένοιτο
3420 1920 3625 1982 πάντας

2057 2018 2204 2087 ἡμᾶς
2231 2018 2524 2086 ἐπιτυχεῖν,
2559 2017 2739 2086 χάριτι
2771 2015 2866 2068 καὶ
2898 2012 3275 2084 φιλανθρωπίᾳ
3304 2011 3396 2063 τοῦ
3420 2008 3625 2076 Κυρίου

2058 2108 2212 2179 ήμῶν
2256 2107 2428 2178 Ἰησοῦ
2468 2105 2726 2178 Χριστοῦ,
2753 2099 2797 2174 ᾧ
2844 2107 2876 2176 ή
2922 2104 3048 2168 δόξα
3091 2105 3184 2157 καὶ
3229 2102 3289 2154 τὸ
3322 2100 3516 2169 κράτος
3545 2101 3625 2160 εἰς

2057 2198 2182 2260 τοὺς
2207 2197 2408 2260 αἰῶνας
2431 2196 2539 2249 τῶν
2566 2194 2794 2250 αἰώνων.
2814 2194 3004 2265 Ἀμήν.

2341 2443 2361 2474 ⁵
2390 2445 2827 2513 συνεφάπτεσθαι
2861 2447 2996 2506 Edd.
3106 2452 3126 2484 ⁸
3149 2452 3392 2525 ἀγαθῶν]
3433 2455 3636 2526 στεφά-

2179 2806 2298 2813 -η
2313 2808 2331 2814 -
2343 2807 3110 2820 mm-.—

1736 3024 1887 3097 [ιω]
1929 3027 2170 3084 ΟΜΙΛΙΑ
2209 3030 2283 3086 θ’.

387 3268 525 3322 Τότε
559 3265 700 3320 ἰδὼν
754 3264 1006 3333 Ἡρώδης
1042 3261 1132 3318 ὅτι
1170 3260 1498 3332 ἐνεπαίχθη
1529 3266 1650 3320 ὑπὸ
1685 3265 1805 3318 τῶν
1841 3266 1957 3334 μά-

456 3354 595 3406 των,
650 3335 921 3405 ἐθυμώθη
961 3335 1106 3406 λίαν
1130 3352 1143 3365 ·
1198 3334 1294 3406 καὶ
1343 3337 1712 3406 ἀποστείλας
1757 3336 1960 3406 ἀνεῖλε

455 3404 686 3472 πάντας
729 3404 873 3472 τοὺς
903 3404 1121 3470 παῖδας
1148 3404 1293 3474 τοὺς
1329 3404 1400 3474 ἐν
1431 3405 1722 3474 Βηθλεὲμ,
1767 3405 1865 3474 καὶ
1895 3405 1963 3460 ἐν

454 3476 604 3531 πᾶσι
639 3475 766 3541 τοῖς
796 3476 982 3543 ὁρίοις
1016 3472 1231 3540 αὐτῆς,
1265 3473 1384 3529 ἀπὸ
1421 3472 1670 3540 διετοῦς(
1690 3473 1788 3528 καὶ
1818 3491 1961 3543 amr:

455 3545 682 3626 wgépw,'
709 3541 860 3600 κατᾶ
898 3543 1006 3598 τὸν
1041 3544 1288 3614 χρόνον,
1327 3543 1398 3598 ὃν
1449 3544 1749 3613 ήκρίϐωσε
1803 3541 1962 3611 παρὰ

457 3616 574 3670 τῶν
598 3616 825 3686 μάγων.

467 3841 535 3888 α’.
559 3837 667 3889 Καὶ
697 3838 802 3908 μὴν
822 3840 924 3894 οὐκ
945 3841 1113 3913 ἐχρῆν
1142 3844 1478 3917 θυμωθῆναι,
1507 3849 1644 3904 ἀλλά
1666 3851 1965 3923 φοϐηθῆναι

396 3925 490 3976 καὶ
543 3928 888 3998 συσταλῆναι,
930 3933 1022 3987 καὶ
1075 3935 1202 3990 ίδεῖν
1242 3938 1323 3990 ὅτι
1373 3939 1654 4010 ἀνηνύτοις
1701 3944 1968 4014 ἐπιχειρεῖ

396 4015 730 4104 πράγμασιν.
751 4019 886 4072 Ἀλλ’
917 4020 978 4074 οὐ
1004 4026 1615 4084 καταστέλλεται.’¹οταν
1647 4035 1754 4104 γὰρ
1786 4035 1964 4100 ἀγνώ-

604 4108 747 4180 ψυχὴ
781 4110 874 4164 καὶ
903 4112 1139 4179 ἀνίατος,
1175 4117 1349 4172 οὐδενὶ
1379 4121 1512 4174 εἴκει
1547 4125 1657 4176 τῶν
1691 4103 1840 4197 παρά
1867 4125 1962 4179 τοῦ

393 4194 528 4248 Θεοῦ
553 4197 848 4268 δεδομένων
874 4204 1348 4278 φαρμάκων.Ὅρα
1375 4209 1504 4277 γοῦν
1527 4213 1618 4266 καὶ
1645 4194 1830 4268 τοῦτον
1855 4218 1965 4279 τοῖς

395 4286 678 4357 προτέροις
720 4291 1208 4364 ἐπαγωνιζόμενον,
1244 4300 1338 4352 καὶ
1383 4300 1527 4372 φόνῳ
1566 4304 1790 4370 φόνους⁷
1837 4323 1962 4360 συν-

394 4377 652 4441 άπτοντα,
704 4381 798 4433 καὶ
839 4381 979 4435 κατὰ
1023 4386 1269 4456 κρημνοῦ
1318 4391 1592 4462 πανταχοῦ
1645 4393 1959 4463 φερόμενον.

395 4464 604 4537 ’Ὠσπερ
627 4468 734 4538 γὰρ
757 4469 861 4524 ὑπό
885 4488 1027 4537 τινος
1053 4473 1303 4545 δαίμονος
1332 4478 1429 4548 τῆς
1453 4479 1622 4550 ὀργῆς
1648 4481 1849 4552 ταύτης
1872 4484 1965 4537 καὶ

391 4555 492 4626 τῆς
519 4555 814 4626 βασκανίας
844 4561 1248 4633 ἐκϐακχευθεὶς,
1279 4567 1490 4632 οὐδενὸς
1519 4573 1750 4624 ποιεῖται
1787 4571 1962 4640 λόγον,

391 4648 528 4703 ἀλλά
559 4649 653 4708 καὶ
682 4651 824 4705 κατὰ
848 4653 948 4725 τῆς
974 4656 1187 4723 φύσεως
1224 4658 1392 4730 αὐτῆς
1431 4661 1699 4730 μαίνεται,
1729 4663 1823 4715 καὶ
1864 4661 1964 4734 τὴν

391 4741 560 4813 ὀργὴν
579 4743 678 4814 τὴν
715 4745 853 4799 κατά
881 4746 988 4800 τῶν
1027 4749 1406 4816 ἐμπαιξάντων
1447 4751 1656 4820 μάγων,
1689 4753 1826 4807 κατά
1854 4754 1964 4808 τῶν

395 4834 547 4887 οὐδὲν
587 4834 918 4904 ἠδικηκότων
971 4840 1173 4894 παίδων
1225 4842 1438 4914 ἀφίησι,
1487 4845 1740 4912 συγγενὲς
1781 4845 1964 4916 δρᾶμα

396 4926 503 4980 τῶν
535 4928 593 4979 ἐν
619 4925 877 4996 Αἰγύπτῳ
902 4931 1370 4998 γενομένωνετότε
1393 4933 1450 4988 ἐν
1483 4935 1810 5007 Παλαιστίνῃ
1841 4937 1962 4989 τολ-

394 5016 527 5086 μῶν.
548 5017 938 5084 Ἀποστείλας
964 5021 1088 5091 γάρ,
1115 5025 1293 5093 φησὶν,
1328 5027 1530 5081 ἀνεῖλε
1567 5028 1794 5094 πάντας
1819 5029 1956 5095 τοὺς

391 5101 607 5168 παῖδας
637 5101 773 5170 τοὺς
811 5104 880 5157 ἐν
910 5108 1176 5178 Βηθλεὲμ
1206 5113 1303 5165 καὶ
1341 5113 1411 5165 ἐν
1446 5114 1593 5169 πᾶσι
1622 5116 1745 5182 τοῖς
1777 5119 1958 5184 ὁρίοις

389 5195 598 5263 αὐτῆς,
634 5195 749 5258 ἀπὸ
780 5196 1011 5263 διετοῦς
1033 5202 1128 5254 καὶ
1163 5207 1482 5273 κατωτέρω,
1508 5210 1656 5264 κατὰ
1691 5210 1795 5263 τὸν
1820 5212 1955 5280 χρό-

388 5301 503 5343 νον
540 5284 612 5338 ὃν
653 5285 946 5358 ἠκρίϐωσε
993 5289 1153 5358 παρὰ
1181 5291 1294 5346 τῶν
1309 5294 1818 5364 μάγων.Ἐνταῦθά
1868 5316 1958 5368 μοι

395 5374 533 5441 μετά
579 5373 861 5444 ἀκριϐείας
907 5379 1222 5454 προσέχετε.
1253 5383 1364 5436 Καὶ
1411 5384 1518 5456 γὰρ
1569 5388 1752 5441 πολλοὶ
1791 5388 1958 5441 πολλά

474 5665 501 5716 ⁷⁷
525 5677 832 5753 φόνους1,φ⁶

2070 3297 2396 3368 φλυαροῦσιν
2431 3296 2569 3365 ὑπὲρ
2605 3293 2710 3347 τῶν
2739 3293 2944 3347 παίδων
2983 3292 3203 3356 τούτων,
3234 3289 3445 3346 ἀδικίαν
3485 3287 3639 3361 ἐγκα.

2066 3390 2284 3453 λοῦντες
2311 3391 2423 3451 τοῖς
2456 3386 2836 3456 γεγενημένοις
2855 3401 2868 3415 ο
2913 3384 3004 3437 καὶ
3033 3385 3082 3436 οί
3119 3383 3216 3452 μὲν
3245 3384 3640 3455 ἐπιεικέστερον

2068 3481 2206 3551 ὑπὲρ
2237 3478 2414 3532 αὐτῶν
2445 3474 2810 3546 διαποροῦσιν,
2841 3475 2888 3527 οἱ
2928 3475 2983 3526 δὲ
3012 3473 3339 3544 θρασύτερον
3362 3473 3456 3527 καὶ
3485 3493 3640 3544 μανι-

2067 3570 2428 3642 κώτερον.Ἴν’
2459 3563 2550 3620 οὖν
2592 3567 2712 3629 τοὺς
2767 3566 2864 3636 μὲν
2911 3567 3008 3634 τῆς
3065 3566 3276 3634 μανίας,
3301 3567 3426 3628 τοὺς
3463 3566 3518 3619 δὲ
3541 3567 3639 3636 τῆς

2065 3663 2298 3734 ἀπορίας
2326 3659 2741 3727 ἀπαλλάξωμεν,
2771 3656 3069 3726 ἀνάσχεσθε
3097 3656 3289 3728 μικρὸν
3322 3657 3630 3727 διαλεγομέ-

2066 3773 2170 3807 νων
2204 3752 2358 3825 ήμῶν
2388 3752 2514 3821 περὶ
2535 3751 2555 3780 ⁸
2583 3750 2681 3818 τῆς
2715 3747 3022 3810 ὑποθέσεως
3041 3747 3260 3818 ταύτης.
3295 3749 3356 3801 Εἰ
3383 3748 3489 3820 γὰρ
3515 3749 3576 3818 δὴ
3597 3749 3638 3778 ‘°

2065 3843 2222 3897 τοῦτο
2271 3841 2608 3911 ἐγκαλοῦσιν,
2641 3841 2723 3893 ὅτι
2765 3837 3046 3909 περιώφθη
3077 3838 3146 3892 τά
3177 3838 3360 3892 παιδία
3391 3839 3641 3910 ἀναιρού-

2071 3950 2225 4004 μενα,
2258 3929 2675 4000 ἐγκαλέσουσι¹¹
2713 3928 2806 3981 καὶ
2832 3930 2898 3998 τῇ
2929 3927 3037 3980 τῶν
3083 3929 3427 3997 στρατιωτῶν
3456 3932 3636 3998 σφαγῇ

2065 4023 2173 4076 τῶν
2199 4023 2288 4076 τὸν
2311 4022 2514 4092 Πέτρον
2543 4017 3152 4090 φυλαττόντων.Ὣσπερ
3170 4017 3278 4088 γὰρ
3298 4018 3525 4070 ἐνταῦθα
3546 4018 3636 4070 τοῦ

2069 4114 2278 4169 παιδίου
2309 4113 2589 4182 φυγόντος,
2623 4111 2785 4182 ἕτερα
2823 4107 3008 4160 παιδία
3039 4109 3158 4160 ἀντὶ
3187 4107 3281 4160 τοῦ
3310 4107 3636 4178 ζητουμένου

2067 4206 2503 4275 κατασφάττεται
2524 4221 2536 4234 ·
2569 4202 2710 4257 οὕτω
2758 4202 2820 4273 δὴ
2853 4201 2947 4255 καὶ
2977 4199 3098 4253 τότε
3118 4200 3160 4230 ¹²
3192 4200 3282 4253 τὸν
3312 4201 3516 4271 Πέτρον
3546 4201 3636 4254 τοῦ

2065 4295 2434 4368 δεσμωτηρίου
2461 4295 2554 4349 καὶ
2585 4293 2691 4347 τῶν
2725 4293 2964 4348 ἁλύσεων
2999 4291 3404 4359 ἀπαλλάξαντος
3433 4292 3524 4345 τοῦ
3549 4293 3637 4360 ἀγ-

2065 4390 2246 4459 γέλου,
2277 4386 2564 4459 ὁμώνυμός
2601 4404 2684 4450 τις
2725 4384 2818 4439 τοῦ
2851 4386 3110 4456 τυράννου
3144 4383 3332 4437 τούτου
3370 4384 3464 4436 καὶ
3506 4383 3635 4453 ὀμό-

2066 4496 2263 4550 τροπος
2309 4477 2547 4548 ζητήσας
2567 4477 2609 4508 ¹³
2652 4477 2744 4530 καὶ
2790 4477 2887 4546 οὐχ
2928 4474 3124 4545 εὑρὼν,
3173 4475 3297 4538 τοὺς
3339 4474 3634 4546 τηροῦντας

2065 4570 2224 4623 αὑτὸν
2272 4567 2606 4639 στρατιώτας
2654 4567 2968 4620 ἀπέκτεινεν
3013 4567 3126 4621 ἀντ’
3158 4565 3386 4619 ἐκείνου.
3431 4565 3540 4618 Καὶ
3582 4565 3633 4616 τί

2063 4659 2249 4725 τοῦτο;
2282 4659 2441 4729 φησί·
2467 4658 2623 4712 τοῦτο
2645 4659 2751 4731 γὰρ
2783 4660 2842 4712 οὑ
2867 4658 3038 4720 λύσις,
3064 4656 3198 4710 ἀλλὰ
3229 4655 3512 4725 προσθήκη
3538 4655 3628 4708 τοῦ

2064 4747 2414 4820 ζητουμένου.
2450 4743 2581 4801 Οἶδα
2629 4747 2819 4817 κάγὼ,
2875 4747 2968 4800 καὶ
3012 4747 3098 4802 διά
3144 4746 3299 4798 τοῦτο
3342 4747 3421 4806 εἰς
3470 4744 3631 4812 μέσον

2064 4839 2239 4892 πάντα
2267 4840 2419 4911 φέρω
2442 4839 2508 4894 τά
2542 4838 2782 4898 τοιαῦτα,
2811 4839 2895 4890 ἵνα
2926 4839 3056 4890 πᾶσι
3092 4836 3219 4907 μίαν
3252 4837 3512 4905 ἐπαγάγω
3533 4836 3631 4906 τὴν

2064 4931 2235 4985 λύσιν.
2268 4931 2363 4995 Τίς
2389 4927 2481 4984 οῦν
2504 4932 2619 4984 ἐστι
2648 4930 2851 4983 τούτων
2880 4933 2912 4999 ἡ
2939 4929 3120 4993 λύσις;
3152 4931 3244 4982 καὶ
3263 4929 3382 4983 τίνα
3403 4929 3468 4984 ἂν
3491 4929 3630 5000 ἔχοι-

2069 5023 2226 5092 μενιι
2254 5022 2409 5090 λόγον
2439 5021 2794 5092 εὐπρόσωπον
2828 5023 3030 5086 εἰπεῖν;
3063 5022 3181 5074 Ὅτι
3211 5020 3308 5092 οὐχ
3338 5022 3366 5074 6
3395 5021 3628 5094 Χριστὸς

2064 5114 2164 5183 τῆς
2193 5113 2404 5182 σφαγῆς
2433 5113 2612 5174 αὐτοῖς
2641 5113 2808 5175 αἴτιος
2835 5112 3073 5182 γέγονεν,
3096 5111 3208 5169 ἀλλ’
3232 5113 3264 5182 ἡ
3295 5111 3514 5182 ὠμότης
3535 5111 3625 5164 τοῦ

2067 5201 2354 5274 βασιλέως·
2386 5202 2572 5273 ὥσπερ
2603 5197 2694 5256 οῦν
2725 5203 2844 5256 οὐδὲ
2884 5204 3108 5266 ἐκείνοις
3133 5205 3162 5256 6
3192 5203 3412 5274 Πέτρος,
3449 5202 3562 5263 ἀλλ’
3590 5202 3624 5272 ή

2070 5310 2220 5364 ἄνοια
2252 5307 2344 5358 τοῦ
2383 5302 2642 5374 Ἡρώδου.
2675 5303 2736 5356 Εἰ
2765 5304 2859 5372 μὲν
2889 5306 2996 5374 γὰρ
3027 5307 3201 5373 τοῖχον
3233 5303 3547 5372 διορυγέντα
3570 5297 3618 5353 εἷ

2065 5399 2173 5460 δεν,
2200 5397 2232 5462 ἢ
2265 5395 2430 5463 θύρας
2459 5392 2880 5459 ἀνατοαπείσας,
2910 5389 3054 5457 εἶχεν
3088 5392 3216 5456 ἴσως
3247 5391 3516 5460 ῥαθυμίαν
3546 5393 3627 5457 ἐγ·

835 5697 921 5734 νον
948 5678 1080 5736 Edd.
1157 5681 1180 5713 ⁸
1204 5681 1530 5754 γενομένων]
1565 5685 1966 5755 πεπραγμένων
1993 5686 2053 5737 Α.
2097 5684 2156 5736 Β.
2183 5683 2520 5752 τελουμένων
2546 5684 2605 5739 C.
2679 5686 2700 5716 ’
2725 5684 2874 5755 περί]
2905 5683 3044 5751 ὑπέρ
3074 5683 3138 5734 Α.
3171 5681 3227 5731 Β.
3289 5680 3351 5765 ⁹¹⁰
3379 5677 3474 5803 δήὲ
3518 5678 3605 5764 διηά

837 5767 936 5802 ωσι
966 5749 1025 5804 Ε.
1067 5749 1129 5804 F.
1161 5751 1258 5804 Ge.
1330 5755 1376 5785 ¹²
1408 5753 1501 5804 καὶ
1539 5755 1682 5804 τότε]
1719 5755 1836 5804 τότε
1876 5755 1968 5804 καί
2011 5753 2142 5804 Edd.
2179 5753 2299 5804 τότε
2341 5769 2448 5804 om.
2494 5754 2555 5804 E.
2589 5753 2649 5804 F.
2723 5755 2765 5786 ¹³
2797 5751 3056 5804 ζητήσας]
3088 5751 3208 5804 add.
3245 5748 3403 5802 αυτόν
3483 5789 3496 5802 .
3539 5748 3600 5804 Ε.

382 5748 478 5825 ξε
529 5751 570 5784 ⁸⁸
605 5748 1025 5825 emam}.
1067 5749 1129 5805 F.
1161 5748 1258 5807 σε.
1330 5748 1376 5785 λ’
1408 5748 1694 5825 καὶ”τότε]’
1719 5748 1836 5806 τότε
1876 5772 1955 5808 κα

2062 5753 2142 5810 dd.
2179 5753 2299 5807 τότε
2341 5748 2448 5810 6m.
2494 5754 2555 5806 E.
2589 5753 2649 5808 F.
2723 5755 2765 5786 ¹³
2797 5748 3056 5824 ζητήσας]
3088 5751 3208 5804 add.
3245 5748 3403 5802 αὐτόν

388 5820 430 5853 ³⁸
456 5821 623 5892 ἔχοιεν
647 5817 710 5874 Α.
748 5819 806 5873 C.
845 5819 903 5870 ὓ.
938 5817 993 5869 F.
