4076 6150
423 275 528 328 177

431 383 656 436 καλέσαι
685 383 796 444 τοίς
818 381 1143 450 φυλάττουσι
1165 381 1252 434 τὸν
1277 381 1598 436 Ἀπόστολον
1618 387 1995 454 στρατιώταις·

426 474 550 526 νυνὶ
593 473 648 525 δὲ
688 474 902 525 πάντων
933 471 1080 544 [151]
1133 473 1225 525 ἐπὶ
1278 474 1551 543 σχήματος
1594 477 1876 544 μενόντων,
1906 479 2000 532 καὶ

430 563 540 616 τῶν
584 563 762 632 θυρῶν
806 563 1331 633 ἀποκεκλεισμένων,
1361 564 1454 616 καὶ
1481 563 1589 616 τῶν
1615 565 1851 640 ἁλύσεων
1883 572 2011 633 ταῖς

435 671 589 724 χερσι
635 653 742 706 τῶν
792 654 1162 722 φυλαττόντων
1211 653 1665 725 συμϐεϐλημένων
1717 658 1848 726 (καὶ
1892 659 2001 730 γὰρ

429 741 573 816 ἦσαν
597 743 745 812 αὐτῷ
783 745 1143 820 συνδεδεμένα
1162 744 1200 813 ).
1234 745 1462 814 ἠδύνατο
1494 746 1904 815 συλλογίσασθαι
1939 752 2008 804 ἐκ

434 837 660 899 τούτων,
691 836 804 905 εἴγε
833 837 1006 907 ὀρθῶς
1033 835 1242 901 ἐδίκαζε
1265 838 1375 900 τοῖς
1399 839 1697 908 γινομένοις
1717 841 1784 904 ιδ,
1801 841 1883 893 ὅτι
1905 842 2003 895 οὐκ

436 929 783 1001 ἀνθρωπίνης
826 929 1105 999 δυνάμεως
1138 924 1225 998 ἦν,
1252 929 1372 981 οὐδὲ
1403 930 1737 997 κακουργίας
1766 931 1827 983 τὸ
1859 934 2003 999 γινό-

440 1040 618 1090 μενον.
644 1021 778 1075 ἀλλά
798 1021 944 1083 θείας
972 1021 1114 1082 τινὸς
1136 1019 1230 1072 καὶ
1257 1018 1679 1089 παραδοξοποιοῦ
1698 1021 2001 1091 δυνάμεως,
2046 1013 2052 1019 ’

441 1112 533 1164 καὶ
561 1112 929 1182 προσκυνῆσαι
956 1111 1044 1162 τὸν
1074 1111 1371 1179 ποιήσαντα
1395 1109 1587 1173 ταῦτα,
1619 1111 1729 1163 ἀλλ’
1756 1113 1815 1164 οὐ
1850 1113 2004 1164 πολε-

445 1203 610 1271 μῆσαι
642 1205 752 1265 τοῖς
777 1201 1148 1269 φυλάττουσιν.
1181 1199 1334 1252 Οὕτω
1373 1201 1479 1270 γὰρ
1510 1203 1538 1253 6
1571 1201 1700 1264 Θεὸς
1751 1204 2005 1274 ἐποίησεν

440 1291 582 1360 άπερ
628 1291 881 1360 ἐποίησεν
929 1289 1162 1352 ἅπαντα,
1196 1290 1270 1351 ώς
1307 1289 1379 1359 μὴ
1417 1291 1574 1359 μόνον
1609 1291 1730 1350 τοὺς
1763 1291 2006 1358 φύλακας

443 1381 516 1451 μὴ
545 1379 848 1451 προδοῦναι,
886 1380 1021 1433 ἀλλά
1062 1381 1156 1433 καὶ
1201 1380 1292 1431 τὸν
1327 1379 1547 1448 βασιλέα
1572 1382 1636 1434 δι’
1666 1382 1844 1435 αὐτῶν
1867 1399 2008 1452 χειρ-

440 1471 724 1541 αγωγῆσαι
751 1470 882 1542 πρὸς
905 1470 1004 1541 τὴν
1033 1469 1304 1541 ἀλήθειαν.
1332 1469 1392 1522 Εἰ
1415 1471 1472 1522 δὲ
1496 1470 1762 1541 ἀγνώμων
1805 1473 2006 1535 ἐκεῖνος

440 1563 636 1634 ἐφάνη,
661 1563 775 1614 τίη
824 1561 959 1631 πρὸς
1003 1560 1091 1614 τὸν
1131 1561 1291 1629 σοφὸν
1331 1561 1439 1616 τῶν
1483 1562 1668 1632 ψυχῶν
1707 1563 1884 1633 ἰατρὸν
1916 1569 2010 1617 καὶ

445 1653 620 1706 πάντα
645 1651 729 1703 ἐπ’
753 1650 1035 1721 εὐεργεσίᾳ
1064 1650 1581 1721 πραγματευόμενον
1602 1653 1633 1722 ὴ
1657 1650 1749 1704 τοῦ
1778 1652 2011 1722 κάμνον-

442 1759 534 1806 τος
568 1741 853 1808 imam";
889 1743 954 1796 "O
980 1742 1042 1812 δὴ
1071 1743 1162 1796 καὶ
1189 1742 1422 1796 ἐνταῦθα
1458 1742 1604 1796 ἔστιν
1638 1745 1831 1797 εἰπεῖν.
1855 1746 2012 1809 Τίνος

445 1833 554 1904 γάρ
585 1833 769 1886 ἓνεκεν
805 1832 1110 1905 ἐθυμώθης,
1141 1827 1185 1887 ὧ
1221 1834 1456 1906 Ἡρώδη,
1485 1835 1633 1907 παρὰ
1673 1836 1780 1888 τῶν
1825 1837 2012 1906 μάγων

447 1923 804 1995 ἐμπαιχθείς;
858 1925 972 1978 Οὐκ
1003 1924 1168 1992 ἔγνως
1200 1927 1281 1979 ὅτι
1315 1924 1456 1989 θεῖος
1481 1927 1510 1978 6
1539 1927 1695 1990 τόκος
1717 1924 1816 1998 ἦν;
1851 1927 1911 1980 οὐ
1947 1929 2010 1981 σὺ

446 2015 572 2076 τοὺς
611 2015 886 2084 ἀρχιερεῖς
926 2014 1220 2081 ἐκάλεσας;
1264 2016 1324 2068 οὑ
1376 2017 1440 2068 σὺ
1486 2017 1612 2078 τοὺς
1655 2018 2014 2088 γραμματέας

450 2104 779 2172 συνήγαγες;
813 2105 931 2174 οὑχὶ
955 2105 1241 2174 κληθέντες
1270 2107 1462 2159 ἐκεῖνοι
1488 2108 1582 2160 καὶ¹
1615 2107 1702 2160 τὸν
1725 2109 2015 2178 Προφήτην

451 2194 569 2264 μεθ’
591 2195 798 2249 ἑαυτῶν
822 2196 901 2258 είς
923 2196 983 2250 τὸ
1007 2196 1095 2250 σὺν
1116 2199 1406 2267 εἰσήγαγον
1421 2199 1462 2230 ιθ
1483 2199 1826 2271 δικαστήριον
1845 2201 2016 2254 ταῦτα

449 2285 653 2340 ἄνωθεν
683 2286 1208 2358 προαναφωνοῦντα;
1242 2290 1341 2342 οὑκ
1379 2283 1516 2353 εἶδες
1561 2291 1628 2344 τά
1673 2291 1876 2344 παλαιά
1907 2295 2017 2355 τοῖς

450 2379 591 2441 νέοις
620 2378 1041 2448 συμφωνοῦντα;
1085 2379 1448 2449 οὐκσῆκουσας
1474 2381 1554 2432 ὅτι
1583 2379 1678 2433 καὶ
1701 2381 1875 2451 ἀστὴρ
1899 2382 2019 2434 τού-

451 2485 562 2533 τοις
599 2469 978 2540 διηκονήσατο;
1015 2469 1115 2522 οὑκ
1159 2468 1392 2540 ῂδέσθης
1436 2469 1543 2522 τῶν
1592 2470 1880 2541 βαρϐάρων
1923 2471 2020 2542 τὴν

453 2557 722 2627 σπουδήν;
747 2558 847 2610 οὐκ
879 2556 1192 2627 ἐθαύμασας
1220 2558 1396 2610 αὐτῶν
1421 2558 1516 2628 τὴν
1549 2561 1887 2631 παρῤησίαν;
1922 2562 2021 2614 οὐκ

452 2648 676 2719 ἕφριξας
703 2649 798 2700 τοῦ
828 2649 1110 2719 Προφήτου
1141 2649 1242 2718 τὴν
1266 2648 1549 2718 ἀλήθειαν;
1593 2650 1693 2703 οὐκ
1736 2652 2022 2721 ἐνενόησας

455 2732 564 2786 ἀπὸ
593 2732 701 2784 τῶν
736 2733 1010 2802 προτέρων
1039 2733 1132 2784 καὶ
1172 2733 1241 2784 τά
1278 2733 1509 2802 ἐσχατα;
1540 2736 1692 2798 Τίνος
1717 2735 1898 2788 ἕνεκεν
1927 2737 2026 2790 οὐκ

457 2816 507 2869 ἐ)
519 2816 685 2885 ογίσω
712 2805 850 2869 κατά
876 2815 1094 2868 σεαυτὸν
1126 2818 1187 2868 ἐκ
1216 2815 1418 2869 τούτων
1449 2817 1721 2880 ἀπάντων,
1746 2819 1826 2871 ὃτι
1849 2821 1907 2871 οὐ
1929 2823 2027 2890 τῆς

457 2899 674 2968 ἀπάτης
719 2897 826 2950 τῶν
862 2899 1050 2968 μάγων
1079 2893 1146 2968 ἦν
1171 2897 1230 2949 τὸ
1261 2897 1560 2968 γινόμενον,
1592 2899 1732 2953 ἀλλὰ.
1758 2899 1906 2965 θείας
1937 2901 2028 2954 δυ-

456 2981 673 3050 νάμεως
713 2981 887 3033 πάντα
920 2981 1053 3048 πρὸς
1081 2979 1140 3031 τὸ
1164 2979 1279 3033 δέον
1313 2980 1727 3052 οἰκονομούσης;
1759 2984 1820 3036 Et
1851 2985 1906 3037 δὲ
1936 2985 2030 3038 καὶ

461 3063 746 3133 ἣπατήθης
767 3062 916 3133 παρὰ
938 3063 1046 3114 τῶν
1074 3061 1280 3132 μάγων,
1303 3061 1354 3115 τί
1385 3062 1519 3132 πρὸς
1545 3063 1614 3115 τὰ
1641 3066 1827 3119 παιδία
1855 3066 1923 3120 τὰ
1942 3067 2032 3120 οὐ·

461 3154 548 3206 δέν
580 3152 875 3222 ἠδικηκότα
897 3169 912 3215 ;

538 3245 604 3316 β’.
621 3242 748 3306 Ναὶ,
768 3243 949 3313 φησίν·
975 3243 1106 3297 ἀλλὰ
1124 3243 1214 3296 τὸν
1239 3245 1336 3313 μέν
1351 3243 1595 3315 Ἡρώδην
1612 3246 1788 3310 καλῶς
1805 3248 2033 3302 ἀπεστέ-

469 3345 639 3398 ρησας
671 3327 771 3397 τῆς
793 3327 1105 3394 ἀπολογίας,
1141 3327 1234 3378 καὶ
1257 3327 1534 3396 μιαιφόνον
1557 3328 1787 3394 ἔδειξας·
1823 3331 2034 3386 οὐδέπω

465 3411 522 3464 δέ
546 3411 636 3463 τὸν
662 3410 788 3480 περὶ
828 3409 927 3478 τῆς
967 3409 1177 3471 ἀδικίας
1198 3409 1306 3460 τῶν
1332 3411 1714 3480 γεγενημένων
1742 3412 1935 3477 ἔλυσας
1957 3414 2036 3468 λό-

467 3509 581 3563 γον.
611 3494 674 3545 Εί
707 3491 813 3562 γάρ
843 3493 936 3544 καὶ
963 3493 1166 3551 ἐκεῖνος
1195 3491 1394 3554 ἀδίκως
1416 3492 1670 3561 ἔπραττε,
1691 3495 1832 3558 τίνος
1854 3496 2037 3552 ἕνεκεν

468 3579 499 3628 ὀ
526 3576 656 3639 Θεὸς
683 3574 1053 3644 συνεχώρησε;
1076 3574 1140 3624 Τί
1160 3570 1252 3627 οῦν
1275 3576 1340 3627 ἂν
1366 3574 1611 3644 εἴποιμεν
1631 3579 1670 3609 ¹⁹
1695 3578 1829 3647 πρὸς
1850 3580 2037 3647 τοῦτο;

473 3659 652 3728 ’ὐπερ
687 3657 772 3708 ἀεὶ
801 3657 894 3708 καὶ⁸
921 3658 979 3707 ἐν
1015 3655 1326 3725 Ἐκκλησία,
1364 3657 1457 3708 καὶ
1485 3660 1542 3710 ἐν
1574 3659 1768 3730 ἀγορᾷ,
1793 3660 1887 3715 καὶ
1907 3680 2041 3716 παν-

471 3739 640 3810 ταχοῦ
684 3738 852 3806 λέγων
881 3738 940 3788 οὐ
975 3735 1245 3805 παύομαι’
1271 3737 1298 3788 ὃ
1325 3737 1416 3790 καὶ
1447 3738 1590 3809 ὑμᾶς
1618 3740 1872 3813 βούλομαι
1903 3747 2042 3815 μετά

476 3821 763 3893 ἀκριϐείας
791 3821 1062 3891 διατηρεῖν
1082 3836 1096 3850 ο
1134 3819 1312 3872 κανὼν
1345 3820 1452 3890 γάρ
1487 3837 1565 3885 τις
1597 3824 1713 3877 ἐστὶ
1743 3827 1877 3896 πρὸς
1908 3829 2044 3883 ἀπα.

481 3925 581 3962 σαν
599 3908 728 3977 ἡμῖν
746 3904 1000 3975 τοιαύτην
1029 3903 1309 3975 ἁρμόττων
1335 3905 1586 3975 ἀπορίαν.
1610 3907 1702 3971 Τίς
1723 3906 1815 3965 οὖν
1832 3913 1876 3944 ²⁰
1897 3897 2042 3969 ἐστιν

471 3995 506 4047 ὁ
532 3990 728 4054 κανὼν,
751 3991 844 4043 καὶ
876 3988 960 4052 τίς
987 3989 1014 4041 6
1041 3987 1227 4055 λόγος;
1257 3987 1376 4040 ’Ότι
1398 3990 1447 4040 οί
1475 3989 1571 4058 μὲν
1593 3991 1901 4054 ἀδικοῦντες
1919 3998 2044 4052 πολ-

477 4079 582 4140 λοὶ,
613 4077 640 4128 6
671 4075 726 4128 δὲ
755 4072 1102 4142 ἀδικούμενος
1131 4072 1250 4124 οὐδὲ
1279 4065 1376 4136 εἷς.
1414 4074 1520 4126 Καὶ
1553 4075 1636 4128 ἵνα
1661 4077 1734 4149 μὴ
1757 4081 1846 4135 ἐπὶ
1866 4082 2045 4137 πλεῖον

479 4161 627 4232 ὑμᾶς
658 4159 718 4211 τὸ
747 4156 973 4227 αἴνιγμα
1009 4155 1268 4226 ταράττῃ,
1320 4155 1411 4208 καὶ
1458 4157 1555 4227 τὴν
1598 4158 1748 4213 λύσιν
1793 4165 1982 4234 ἐπάγω
1999 4168 2043 4199 ιι

483 4242 893 4313 ταχέως.”οπερ
920 4239 1027 4309 γὰρ
1054 4238 1119 4290 ἂν
1144 4237 1401 4307 πάθωμεν
1429 4239 1628 4303 ἀδίκως
1655 4247 1784 4313 παρ’
1805 4247 2044 4314 ὁτουοῦν,

479 4326 517 4396 ἦ
545 4327 623 4388 εἰς
663 4321 1070 4392 ἁμαρτημάτων
1102 4320 1339 4372 διάλυσιν
1377 4323 1404 4372 6
1440 4321 1571 4385 Θεὸς
1616 4326 1745 4393 ἡμῖν
1779 4327 2048 4395 λογίζεται

477 4408 579 4474 τὴν
615 4404 826 4460 ἀδικίαν
857 4402 1087 4469 ἐκείνην,
1118 4402 1150 4471 ἢ
1183 4405 1261 4464 είς
1307 4402 1510 4470 μισθῶν
1556 4407 1821 4463 ἀντίδοσιν
1839 4413 1903 4466 ιι.
1941 4415 2050 4468 Καὶ

479 4492 569 4545 ενα
595 4489 921 4556 σαφέστερον
953 4485 1172 4554 γένηται
1191 4485 1250 4536 τὸ
1275 4485 1582 4555 λεγόμενον,
1607 4491 1696 4542 ἐπὶ
1720 4492 2050 4566 ὑποδείγμα-

470 4591 572 4636 ..τος
602 4573 694 4626 τὸν
725 4570 881 4636 λόγον
906 4568 1218 4636 ἀγάγωμεν.
1245 4567 1435 4637 Θῶμεν
1463 4568 1570 4640 γάρ
1600 4567 1739 4628 εἶναί
1766 4592 1887 4629 τινα
1909 4579 2051 4632 οίκέ-

476 4674 581 4727 την
607 4653 775 4708 πολλά
802 4651 1080 4732 ὀφείλοντα
1104 4648 1181 4719 τῷ
1204 4649 1434 4732 δεσπότῃ
1459 4654 1740 4723 χρήματα·
1765 4653 1881 4711 εἶτα
1903 4663 2053 4732 παρὰ

477 4739 683 4794 ἀδίκων
711 4731 917 4804 ἀνδρῶν
949 4731 1355 4802 ἐπηρεασθῖψαι
1377 4733 1466 4786 τὸν
1492 4736 1708 4807 οἰκέτην
1731 4740 1936 4805 τοῦτον,
1960 4731 2052 4798 καὶ

481 4818 846 4892 ἀφαιρεθῆναι
887 4835 1009 4870 τινα
1048 4816 1155 4870 τῶν
1190 4815 1478 4870 αὑτοῦ.’¹Αν
1509 4821 1688 4874 τοίνυν
1725 4825 1753 4877 ὁ
1789 4824 2053 4899 δεσπότης

483 4904 576 4960 6²³
609 4902 847 4956 κωλῦσαι
872 4899 1022 4973 [152]
1056 4899 1349 4970 δυνάμενος
1380 4901 1468 4954 τὸν
1504 4902 1726 4974 ἅρπαγα
1755 4908 1845 4960 καὶ
1870 4909 2054 4964 πλεον-

485 4987 670 5056 έκτην,
703 4987 882 5038 ἐκεῖνα
910 4985 1006 5053 μὲν
1039 4983 1111 5054 μὴ
1136 4983 1557 5058 ἀποκαταστήσῃ
1585 4986 1653 5041 τά
1676 4991 1952 5062 χρήματα,
1977 4997 2056 5057 είς

483 5070 548 5124 δὲ
577 5069 644 5122 τὰ
676 5067 995 5148 ὀφειλόμενα
1018 5065 1164 5148 αὐτῷ
1184 5066 1338 5148 παρὰ
1365 5067 1456 5120 τοῦ
1486 5068 1668 5124 δούλου
1690 5072 1964 5148 λογίσηται
1987 5080 2056 5133 τὰ

491 5151 873 5224 ἀφαιρεθέντα,
904 5145 1116 5231 ἆρα-μὴ
1141 5147 1389 5231 ἠδίκηται
1477 5153 1723 5227 οἰκέτηςς
1769 5145 2052 5231 Οὐδαμῶς.

491 5237 560 5294 Τί
586 5235 664 5301 δὲ,
694 5234 760 5288 ἂν
797 5233 888 5286 καὶ
919 5229 1134 5284 πλείονα
1161 5229 1373 5300 ἀποδῷ;
1406 5228 1512 5302 ἆρα
1533 5237 1650 5306 οὐχὶ
1680 5241 1771 5293 καὶ
1799 5228 2057 5310 μειζόνως

485 5325 742 5392 ἐκέρδανε
767 5346 781 5396 ;
817 5329 984 5384 Παντί
1013 5347 1116 5384 που
1145 5330 1322 5394 δῆλον.
1355 5327 1522 5384 Τοῦτο
1545 5329 1720 5383 τοίνυν
1745 5331 1839 5385 καὶ
1866 5331 1950 5394 ἐφ’
1971 5325 2050 5385 ὧν

566 5506 617 5590 ίξ
641 5501 1032 5590 γεγενημένοις
1036 5500 1120 5590 TF‘.
1156 5499 1468 5582 γενομένοις
1491 5497 1628 5590 1ξάᾱὲ

488 5565 978 5647 conjehliwa'éral.
1013 5565 1184 5657 Vulgo
1214 5565 1312 5695 Ἓξ
1337 5588 1388 5624 τ.
1421 5587 1475 5623 κ.
1503 5565 1746 5633 ἀταξίας.

492 5646 621 5702 add.
648 5640 800 5708 οὗτος
829 5644 963 5698 Edd.
1038 5645 1078 5674 ¹¹
1109 5657 1249 5710 επαγ
1291 5658 1369 5706 γω
1392 5639 1450 5692 Β.
1482 5639 1541 5693 C.
1618 5641 1660 5710 '_'
1692 5640 1746 5710 ἀ)

497 5716 643 5784 άπερ
665 5714 725 5769 F.
782 5702 848 5784 ἰι
871 5713 999 5784 περὶ
1031 5712 1127 5766 τοῦ
1143 5702 1593 5784 ,πεπορνειριότος
1713 5706 1772 5784 Ε.
1849 5708 1894 5738 ³⁸
1921 5703 2212 5784 διεκώλυσε

499 5770 703 5838 οηιἈ.
727 5785 785 5837 Β.
819 5783 882 5838 C.
945 5770 1002 5815 ’⁸⁸
1035 5770 1384 5850 κερδανοῦσιν
1418 5779 1553 5835 Edd.
1578 5770 1589 5772 _
1631 5780 1674 5811 ³ο
1710 5779 1805 5848 μέν
1833 5792 1941 5833 om.
1979 5776 2021 5831 E

2129 5783 2159 5828 el
2187 5772 2344 5829 codd.
2379 5781 2572 5842 praeter
2600 5770 2659 5824 Ε.

499 5852 599 5924 Ep.
625 5856 799 5909 cmtcri
832 5851 1204 5922 ἐλεεινότερον.

1261 278 1544 334 ,ΙΟᾹΝΝΙΒ
1579 274 2064 334 CHRYSOSTOMI
2107 275 2417 330 ARCIEIEP.
2459 273 2995 330 CUNSTANTINOP.

1735 5498 1778 5530 ¹⁶
1808 5499 1860 5550 τί
1902 5511 2011 5551 om.
2043 5494 2102 5549 F.
2135 5494 2228 5550 Ge.

1839 5569 1880 5598 "
1911 5564 2226 5634 εἰσήγαγον]
2259 5563 2463 5634 ’ἤγειγοῖι
2487 5563 2547 5634 ς-

1618 5629 1660 5669 ί²
1692 5629 2180 5702 ἀνταπόδοσινῌιίο
2208 5629 2261 5687 ἐι
2282 5629 2339 5702 'p.
2371 5633 2472 5702 152
2499 5632 2584 5699 D.)
2616 5629 2752 5702 Edd.

2110 370 2264 440 ἡμεῖς
2290 373 2586 442 πάσχομεν,
2617 366 3108 439 λογισώμεθα.’⁶οτι
3137 367 3244 435 γάρ
3277 363 3418 432 ὑπὲρ
3446 358 3522 416 ὢν
3536 363 3582 394 ’⁸
3604 364 3671 417 ἂν

2109 453 2368 522 πάθωμεν
2397 453 2598 518 κακῶς,
2629 454 2660 524 ἢ
2693 451 3062 523 ἁμαρτήματα
3088 445 3432 515 διαλυόμεθα,
3462 444 3496 514 ἦ
3535 444 3673 512 λαμ-ν

2109 537 2405 608 προτέρους
2452 536 2795 606 λαμϐάνομεν
2840 532 3155 602 στεφάνους,
3191 531 3255 583 ἂν
3308 529 3380 598 μὴ
3426 529 3674 608 ἁμαρτή-

2112 635 2252 688 ματα
2275 619 2508 673 τοσαῦτα
2531 603 2760 689 ἔχωμεν,
2797 616 3024 670 ἄκουσον
3051 613 3143 666 τοῦ
3175 611 3385 664 Παύλου
3426 603 3674 677 λέγοντος

2109 703 2245 773 πρὸς
2273 703 2362 756 τὸν
2395 701 2796 772 πεπορνευκότα
2813 701 2858 731 ³⁵
2879 716 2892 728 ⁸
2921 695 3220 765 Παράδοτε
3260 694 3367 746 τὸν
3403 692 3675 746 τοιοῦτον

2107 785 2191 850 τῷ
2209 784 2442 850 Σατανᾷ
2459 787 2545 850 εὶς
2567 785 2805 852 ὄλεθρον
2831 781 2939 847 τῆς
2957 777 3200 846 σαρκὸς,
3223 777 3321 828 ἵνα
3350 774 3414 827 τὸ
3441 773 3676 842 πνεῦμα

2109 866 2291 936 σωθῇ.
2326 868 2433 920 Καὶ
2467 867 2518 920 τί
2542 866 2729 930 τοῦτο;
2764 863 2914 934 φησί.
2951 861 3085 930 Περὶ
3108 860 3215 928 γάρ
3248 858 3354 910 τῶν
3389 856 3677 925 ἀδικουμέ-

2119 967 2214 1002 ιων
2259 951 2385 1020 παρ’
2409 949 2605 1019 ἐτέρων
2633 951 2659 1000 6
2687 947 2844 1014 λόγος
2867 940 2955 1016 ἧν,
2988 943 3047 996 οὐ
3097 942 3223 1012 περὶ
3251 938 3360 991 τῶν
3393 937 3540 1020 παρά
3567 938 3676 1020 τῶν

2108 1019 2439 1083 διδασκάλων
2467 1029 2877 1100 διορθουμένων.
2907 1025 3158 1079 Μάλιστα
3191 1023 3290 1093 μὲν
3317 1020 3468 1072 οὐδὲν
3499 1019 3558 1072 τὸ
3583 1019 3679 1088 μέ-

2111 1132 2202 1167 σον
2227 1131 2238 1144 ·
2272 1115 2330 1167 τὸ
2360 1114 2466 1184 γὰρ
2497 1112 2823 1183 ζητούμενον
2847 1106 2934 1181 ἦν,
2969 1109 3016 1161 εί
3049 1106 3110 1160 τὸ
3137 1106 3330 1160 παθεῖν
3367 1103 3551 1167 κακῶς
3577 1103 3677 1156 οὐκ

2110 1197 2255 1249 ἐστιν
2285 1198 2513 1265 ἐπήρεια
2555 1194 2632 1264 τῷ
2669 1194 2907 1246 παθόντι.
2931 1190 3067 1242 Ἀλλ’
3097 1190 3180 1241 ἵνα
3214 1189 3306 1240 καὶ
3339 1186 3473 1257 πρὸς
3506 1185 3566 1236 τὸ
3591 1187 3681 1253 ἐγ-

2111 1277 2338 1348 γύτερον
2365 1277 2458 1330 τοῦ
2489 1276 2818 1346 ζητουμένου
2853 1274 3043 1341 ἀγάγω
3092 1271 3182 1323 τὸν
3226 1269 3401 1336 λόγον,
3436 1268 3680 1336 ἀναμνή-

2115 1361 2268 1430 σθητι
2294 1359 2384 1412 τοῦ
2415 1359 2592 1420 Δαυῖδ,
2619 1359 2678 1420 ὃς
2710 1357 2799 1409 τὸν
2823 1354 2985 1424 Σεμεῒ
3006 1353 3130 1406 τότε
3167 1351 3308 1423 ὁρῶν
3338 1349 3682 1420 ἐπικείμενον

2112 1443 2206 1494 καὶ
2236 1441 2582 1511 ἐναλλόμενον
2613 1439 2776 1492 αὑτοῦ
2806 1441 2870 1507 τῇ
2900 1436 3170 1506 συμφορᾷ,
3207 1434 3299 1486 καὶ
3337 1431 3546 1502 μυρίοις
3583 1432 3685 1484 αὑ-

2114 1524 2204 1576 τὸν
2231 1523 2451 1575 ὀνείδεσι
2480 1523 2763 1582 πλύνοντα,
2793 1519 3125 1590 βουλομένων
3148 1516 3354 1570 ἀνελεῖν
3382 1515 3488 1568 τῶν
3520 1529 3688 1582 στρα-

2114 1607 2314 1677 τηγῶν,
2347 1605 2599 1659 διεκώλυε
2614 1605 2660 1636 ³⁸
2709 1604 2913 1672 λέγων·
2950 1603 3154 1669 Ἄφετε
3193 1600 3381 1652 αὑτὸν
3433 1595 3683 1663 καταρᾶ-

2116 1675 2488 1754 σθαι²⁷,ὀ¹πως
2509 1684 2605 1752 ἴδῃ
2627 1687 2838 1754 Κύριος
2879 1684 2990 1752 τὴν
3017 1681 3376 1736 ταπείνωσίν
3414 1697 3552 1749 μου,
3584 1675 3684 1730 καί

2118 1769 2431 1834 ἀνταποδῷ
2458 1786 2559 1840 μοι
2582 1768 2770 1840 ἀγαθὰ
2793 1767 2924 1822 ἀντὶ
2952 1765 3060 1834 τῆς
3091 1763 3350 1832 κατάρας
3380 1761 3596 1826 ταύτης

2116 1855 2193 1924 τῇ
2240 1852 2426 1924 ἡμέρᾳ
2462 1838 2812 1922 italia-1-1911
2855 1853 2912 1904 ἐν
2956 1854 3066 1914 τοῖς
3095 1849 3340 1917 Ψαλμοῖς
3377 1845 3433 1898 δὲ
3477 1843 3615 1914 ᾅδων
3637 1838 3682 1873 ’⁸

2118 1939 2329 2007 ἔλεγεν·
2362 1937 2483 1992 Ἴδε
2513 1937 2652 2002 τοὺς
2675 1936 2924 2006 ἐχθρούς
2946 1951 3063 2003 μου
3089 1933 3176 1986 ὅτι
3195 1929 3683 1996 ἐπληθύνθησαν,
3733 1979 3735 1981 ,

2119 2021 2215 2074 καί
2249 2021 2429 2090 μῖσος
2467 2020 2672 2073 ἄδικον
2712 2017 3014 2086 ἐμίσησάν
3035 2032 3130 2084 με,
3173 2013 3270 2067 καὶ
3298 2012 3444 2080 ἄφες
3485 2008 3687 2072 πάσας

2119 2105 2224 2171 τὰς
2256 2104 2540 2173 ἁμαρτίας
2559 2121 2697 2172 μου.
2731 2102 2840 2155 Καὶ
2866 2101 2894 2153 ό
2925 2098 3170 2170 Λάζαρος
3196 2097 3252 2151 δὲ
3279 2095 3365 2149 διὰ
3400 2092 3555 2146 τοῦτο
3575 2091 3685 2173 ἀπ·

2124 2172 2344 2240 έλαυσεν
2370 2186 2627 2250 ἀνέσεως,
2651 2183 2837 2255 ἐπειδὴ
2873 2183 3037 2254 μυρία
3066 2181 3205 2234 κατὰ
3242 2177 3330 2232 τὸν
3361 2176 3471 2246 βίον
3501 2172 3688 2227 τοῦτον

2123 2268 2289 2322 έπαθε
2314 2268 2478 2322 κακά.
2514 2269 2626 2320 Οὐκ
2668 2267 2775 2338 ἄρα
2805 2266 3087 2336 ἠδίκηνται
3121 2265 3169 2314 οἱ
3201 2259 3563 2330 ἀδικηθέντες,
3595 2255 3689 2308 ἐὰν

2122 2352 2380 2420 γενναίως
2419 2335 2718 2418 ἐνέγκωσιν
2757 2335 2898 2420 άπερ
2943 2348 3234 2415 πάσχουσιν
3279 2342 3512 2403 ἅπαντα,
3556 2335 3692 2420 ἀλλά

2123 2436 2216 2487 καὶ
2269 2433 2524 2502 μειζόνως
2557 2418 2962 2502 κερδαίνουσιν,
3009 2429 3074 2483 ἄν
3119 2444 3176 2479 τε
3223 2423 3371 2496 παρά
3413 2420 3508 2475 τοῦ
3554 2418 3687 2473 Θεοῦ

2127 2516 2483 2586 πλήττωνται,
2519 2513 2582 2566 ἄν
2609 2531 2667 2565 τε
2703 2513 2852 2583 παρὰ
2893 2511 2986 2564 τοῦ
3029 2509 3272 2564 διαϐόλου
3306 2505 3689 2574 μαστίζωνται.

2125 2599 2236 2652 Καὶ
2264 2598 2419 2650 ποίαν
2441 2593 2581 2666 εἶχον
2609 2597 2883 2667 ἁμαρτίαν
2912 2596 2978 2648 τά
3003 2595 3208 2654 παιδία,
3240 2592 3423 2663 φησὶν,
3453 2589 3538 2643 ἵνα
3560 2585 3692 2641 ταύ-

2125 2698 2224 2750 την
2254 2678 2608 2732 διαλύσωνται
2633 2694 2647 2742 ;
2684 2677 2812 2747 περὶ
2845 2676 2941 2747 μὲν
2959 2677 3004 2706 ²⁹
3029 2675 3136 2746 γὰρ
3177 2675 3284 2727 τῶν
3311 2675 3367 2726 ἐν
3397 2670 3577 2741 ἡλικίᾳ
3601 2686 3693 2739 γε-

2127 2762 2363 2832 νομένων
2392 2762 2484 2812 καί⁹
2518 2760 2684 2814 πολλά
2715 2757 3251 2830 πεπλημμεληκότων
3274 2756 3495 2816 εἰκότως
3522 2753 3586 2806 ἀν
3610 2767 3694 2814 τις

2126 2844 2297 2898 ταῦτα
2333 2843 2473 2895 εἴποι
2493 2859 2506 2872 ·
2537 2843 2584 2894 οί
2607 2842 2664 2894 δέ
2694 2842 2869 2912 ἄωρον
2892 2841 3063 2902 οὑτως
3101 2838 3490 2907 ὑπομείναντες
3517 2834 3696 2887 τελευ-

2127 2927 2246 2996 τὴν,
2279 2929 2407 2979 ποῖα
2457 2926 2846 2997 ἁμαρτήματα,
2875 2923 2942 2976 δι’
2977 2917 3051 2977 ὧν
3104 2921 3288 2984 κακῶς
3331 2919 3550 2980 ἔπαθον,
3590 2917 3696 2970 ἀπ-

2130 3008 2342 3073 έθεντο;
2373 3008 2484 3061 Οὐκ
2517 3008 2753 3077 ἤκουσάς
2789 3024 2888 3077 μου
2919 3005 3186 3074 λέγοντος,
3215 3003 3295 3054 ὅτι
3321 3002 3422 3054 κᾶν
3448 2999 3698 3070 ἀμαρτήο

2134 3107 2278 3158 ματα
2322 3089 2396 3160 μὴ
2425 3085 2480 3163 ᾖ,
2514 3089 2716 3158 μισθῶν
2745 3087 3010 3149 ἀντίδοσις
3052 3087 3168 3139 ἐκεῖ
3198 3084 3405 3152 γίνεται
3448 3083 3560 3143 τοῖς
3601 3080 3698 3163 πά-

2134 3189 2348 3241 σχουσιν
2385 3162 2614 3225 ἐνταῦθα
2647 3171 2865 3238 κακῶς;
2895 3171 2959 3223 Τί
2984 3168 3160 3222 τοίνυν
3183 3166 3384 3238 ἐϐλάϐη
3412 3164 3482 3218 τά
3512 3162 3700 3217 παιδία

2133 3252 2482 3326 ἀναιρεθέντα
2501 3255 2593 3308 ἐπὶ
2617 3254 2868 3308 ὑποθέσει
2897 3251 3141 3324 τοιαύτῃ,
3171 3251 3265 3304 καὶ
3296 3249 3430 3320 πρὸς
3456 3248 3546 3301 τὸν
3573 3244 3701 3299 ἀκὺ-

2138 3365 2335 3419 μαντον
2361 3342 2564 3414 ταχέως
2599 3336 2961 3408 ἀπενεχθέντα
2995 3335 3224 3419 λιμένας
3252 3333 3375 3386 Ὅτι
3407 3331 3573 3419 πολλά
3606 3329 3701 3419 καὶ

2139 3412 2348 3500 μεγάλα
2368 3412 2621 3487 πολλάκις
2645 3421 2887 3491 ἔμελλον,
2911 3420 3062 3489 φησὶ,
3090 3418 3350 3488 ζήσαντες
3381 3412 3697 3500 κατορθοῦν.

2148 3494 2307 3566 Ἃλλά
2333 3511 2418 3565 διὰ
2447 3509 2601 3562 τοῦτο
2632 3506 2692 3558 οὐ
2726 3502 2917 3574 μικρὸν
2947 3501 3127 3564 αὐτοῖς
3152 3496 3572 3570 προαποτίθεται
3611 3494 3702 3547 τὸν

2141 3595 2350 3665 μισθὸν,
2376 3593 2435 3646 τὸ
2457 3590 2549 3644 ἐπὶ
2578 3587 2826 3642 ὑποθέσει
2864 3584 3084 3654 τοιαύτῃ
3112 3581 3406 3636 καταλῦσαι
3438 3579 3530 3632 τὸν
3567 3578 3697 3648 βίον.

2142 3660 2347 3740 δΑλλως
2389 3674 2445 3728 δὲ
2489 3671 2593 3726 οὐδ’
2624 3671 2691 3724 ἂν
2719 3669 2918 3731 εἴασεν,
2951 3669 2999 3720 εί
3034 3665 3256 3736 μεγάλοι
3298 3662 3441 3724 τινὲς
3481 3660 3704 3731 ἔμελλον

2140 3759 2354 3813 ἔσεσθαι
2383 3759 2431 3810 οἱ
2461 3756 2667 3818 παῖδες,
2703 3750 3240 3822 προαναρπασθῆναι.
3271 3748 3334 3802 Εἰ
3357 3747 3465 3816 γὰρ
3491 3745 3617 3806 τοὺς
3644 3746 3702 3796 ἐν

2140 3842 2376 3914 πονηρίᾳ
2409 3839 2698 3912 μέλλοντας
2727 3834 2825 3907 ζῇν
2853 3833 3130 3904 διηνεκῶς,
3163 3831 3298 3903 μετά
3324 3828 3705 3914 μακροθυμίας

2136 3911 2296 3998 φέρει
2330 3911 2617 3991 τοσαύτης,
2647 3918 2826 3989 πολλῷ
2852 3917 3050 3988 μᾶλλον
3072 3916 3292 3978 τούτους
3312 3913 3414 3967 οὐκ
3435 3913 3510 3998 ἀν
3526 3911 3704 3998 είασεν

2143 3995 2314 4072 οὑτως
2343 4005 2735 4076 ἀπενεχθῆναι,
2764 4005 2813 4057 εί
2842 4002 3061 4074 προῄδει
3102 3998 3311 4070 μεγάλα
3338 3997 3458 4050 τινὰ
3486 3995 3707 4050 ἀνύσον-

2143 4110 2262 4157 τας.

2211 4198 2281 4270 γ’.
2330 4199 2440 4253 Καὶ
2481 4191 2627 4254 οῦτοι
2674 4195 2772 4266 μέν
2804 4193 2849 4227 ³⁸
2878 4193 2925 4245 οἱ
2956 4188 3086 4270 παρ’
3115 4187 3282 4270 ἡμῶν.
3300 4184 3450 4270 λόγοι
3470 4198 3484 4214 ·
3515 4181 3576 4235 οὐ
3599 4181 3716 4270 μὴν

2143 4262 2379 4342 ἅπαντες
2393 4272 2557 4341 οῦτοι,
2576 4262 2687 4330 ιίιλλς
2702 4274 2807 4326 είσὶ
2825 4269 3135 4324 καὶτούτων
3147 4263 3579 4336 ἀπορῤητότεροι
3599 4262 3717 4342 ἐτε-

2149 4379 2250 4429 ροι,
2263 4339 2505 4428 οὒςνμετά
2521 4339 2803 4426 ἀκριϐείας
2985 4345 3122 4429 οἶδεν
3139 4348 3181 4429 6_
3198 4345 3372 4429 ταῦτα
3405 4339 3706 4429 οἰκονομῶν

2146 4420 2324 4501 αὐτός.
2339 4420 2644 4506 Παραχωρή
2655 4420 2840 4491 σαντες
2857 4420 3030 4480 τοίνυν
3046 4423 3191 4494 αὐτῷ
3207 4424 3306 4492 τῆς
3321 4420 3719 4491 ἀκριϐεστέρας

2149 4520 2205 4571 ἐν
2228 4496 2398 4586 τούτῳ
2425 4496 2803 4580 καταλήψεως,
2830 4507 2938 4560 τῶν
2971 4505 3095 4586 ἐξῆς
3127 4505 3289 4586 ἡμεῖς
3323 4497 3599 4586 ἐχώμεθα,
3625 4496 3720 4548 καὶ

2147 4600 2204 4650 ἐν
2223 4599 2343 4659 ταῖς
2369 4575 2566 4663 ἐτέρων
2591 4575 2894 4660 συμφοραῖς
2911 4580 3492 4663 παιδευώμεθαμπάντα
3525 4575 3713 4663 φέρειν

2147 4652 2424 4743 γενναίως.
2452 4652 2558 4724 Καὶ
2579 4652 2685 4738 γὰρ
2709 4652 2786 4722 ὸύ’
2803 4665 2972 4737 μικρά
3008 4663 3126 4716 τότε
3156 4657 3422 4743 κατέλαὸε
3443 4655 3540 4743 τῂν
3558 4652 3720 4743 ’Βηθ-

2150 4733 2282 4824 λεέμ
2315 4733 2628 4823 τραγῳδία,
2658 4733 2771 4800 τῶν
2801 4733 3005 4799 παίδων
3049 4739 3452 4824 ἀρπαζομένων
3474 4733 3584 4788 ἀπὸ
3603 4733 3714 4824 ,τῆς

2153 4811 2321 4901 θηλῆς
2475 4811 2758 4898 μητέρων,
2789 4826 2882 4878 καὶ
2911 4824 3000 4876 ἐπὶ
3029 4821 3125 4901 τῂν
3148 4821 3329 4901 ἄδικον
3356 4814 3564 4901 ταύτην
3593 4811 3723 4901 ἀγο;

2787 4903 2868 4955 ἔτι
2892 4879 3267 4980 μικροιῖλυχείς,
3293 4894 3388 4980 x59.
3411 4879 3646 4978 ἐλάττων
3664 4879 3714 4975 εἴ

2152 4963 2252 5059 τῆς
2280 4988 2370 5040 ἐπὶ
2399 4963 2603 5048 τούτδις
2621 4984 2735 5015 ³¹“³¹
2760 4963 3094 5052 φιλοσοφίας,
3121 4963 3257 5046 μάθε
3284 4971 3376 5025 τοῦ
3406 4967 3578 5022 ταῦτα
3608 4963 3727 5017 τολ-

2159 5058 2426 5151 μήσαντος
2453 5075 2513 5128 τὸ
2542 5073 2712 5136 τέλος,
2750 5071 2843 5123 καὶ
2869 5067 3060 5151 μικρὸν
3075 5067 3440 5151 Δἀνάιτνευσον.
3471 5058 3712 5151 Τριχίστη

2156 5138 2262 5231 γάρ
2294 5159 2453 5212 αὑτὸν
2478 5155 2617 5225 ὑπὲρ
2637 5153 2837 5206 τούτων
2863 5138 3123 5204 κατέλαϐε
3153 5147 3296 5231 δίκη,
3321 5143 3413 5197 καὶ
3444 5139 3536 5231 τοῦ
3591 5138 3718 5231 μιά-

2161 5220 2364 5312 σματος
2387 5238 2574 5292 τούτου
2604 5237 2700 5306 τὴν
2724 5235 3099 5305 προσήκουσαν
3120 5228 3286 5282 ἐδίδου
3308 5222 3594 5296 τιμωρίαν,
3623 5220 3718 5312 Oa:

2159 5299 2304 5395 νάτῳ
2331 5319 2551 5394 χαλεπῷ
2583 5299 2675 5372 καί
2702 5299 2800 5371 τοῦ
2829 5299 2923 5372 νῦν
2939 5311 3296 5385 τολμηθέντος
3315 5305 3654 5376 ἐλεεινοτέρῳ
3673 5299 3720 5334 ⁸³

2335 5495 2376 5524 "
2416 5495 2470 5564 ἡ.
2499 5509 2549 5564 τ.
2587 5489 2912 5564 κη-ἀταξία]
2967 5488 3079 5564 §E_c_
3205 5481 3726 5564 Arm._gua:__Bo§s:‘j

2645 5561 2686 5592 "
2723 5549 2933 5627 εἴποιμι
2967 5559 3102 5612 Edd.
3130 5558 3196 5612 ἀν
3225 5572 3334 5611 om.
3371 5549 3432 5610 F'.
3532 5554 3577 5584 '°
3606 5549 3700 5606 οὖν

2645 5629 2752 5684 Σᾶά.
2854 5631 2898 5662 ⁸³
2921 5631 2948 5681 6
2975 5644 3084 5681 om.
3115 5629 3177 5681 Α.
3206 5628 3267 5680 Β.
3391 5621 3440 5657 ⁸⁸
3463 5551 3725 5694 ὑπὲρ

2405 5640 2472 5685 5‘2
2499 5640 2584 5699 υ.)
2616 5640 2752 5684 nua.
2854 5640 2898 5662 "
2921 5640 2948 5681 ο
2975 5644 3084 5681 om.
3115 5640 3177 5681 Α.
3206 5640 3267 5680 :5.
3391 5640 3440 5657 "
3463 5640 3604 5693 ὑπερ
3624 5640 3722 5694 ων]

2400 5698 2442 5733 ’⁷
2473 5698 2885 5770 καταράσασθαι
2924 5697 2984 5750 Ε.
3023 5697 3095 5751 cf.
3131 5713 3184 5766 p.
3215 5695 3316 5750 192
3341 5695 3404 5748 D.
3505 5692 3549 5725 ⁸⁸
3578 5691 3722 5762 ᾅδων

2400 5781 2572 5826 mater
2600 5770 2659 5824 Ε.
2765 5768 2882 5802 ³¹⁶³³
2913 5767 3176 5830 τοιούτοις
3207 5765 3342 5819 Edd.
3447 5763 3494 5798 ³³
3533 5761 3624 5816 Sic
3660 5760 3719 5816 Β.
