4076 6150
357 215 452 268 ll?

355 335 586 393 Herodis
605 341 914 390 amentiam.
937 333 1068 389 Nam
1093 332 1139 388 si
1171 332 1422 387 eil'ossum
1445 344 1657 385 murum
1683 331 1925 398 vidisset,

348 433 434 487 vel
463 436 646 501 portas
670 441 906 487 eversas.
931 425 1052 495 jure
1095 424 1232 479 forte
1280 423 1542 494 potuisset
1587 421 1808 487 milites,
1838 421 1928 492 qui

344 522 647 593 apostolum
697 517 1087 585 custodiebant,
1134 516 1468 587 negligentiae
1511 528 1802 570 accusare:
1835 529 1940 583 ve-_

345 630 464 668 rum
496 613 566 668 ibi
597 610 775 665 omnia
795 611 847 664 in
870 624 968 665 suo
997 618 1134 664 statu
1163 607 1446 663 manebant
1472 624 1486 660 :
1527 606 1704 677 janute
1733 605 1930 660 clausae

345 716 522 767 erant,
552 713 752 758 catenae
778 702 1194 758 custodientium
1221 700 1468 755 manibus
1495 699 1722 768 alligatae
1745 696 1931 767 (erant

348 798 488 853 enim
521 796 592 851 illi
625 795 783 850 simul
813 811 933 851 cum
959 795 1121 850 Petro
1146 793 1364 861 vincti),
1405 799 1717 861 poteratque
1741 804 1804 844 ex
1848 787 1930 843 his

350 904 528 945 secum
559 898 827 958 reputare,
857 888 900 942 si
927 887 1140 958 quidem
1167 895 1313 941 recte
1337 884 1649 954 judicasset,
1675 879 1812 952 quod
1839 893 1932 950 ge-

349 991 486 1036 stum
517 981 690 1035 fuerat
732 996 840 1034 non
887 964 1110 1036 humana
1145 979 1362 1040 virtute,
1394 991 1563 1045 neque
1610 974 1792 1028 fraude
1835 972 1931 1026 ali-

348 1091 472 1145 qua,
509 1074 605 1130 sed
634 1073 809 1129 divina
837 1072 1062 1143 quadam
1095 1086 1157 1126 ac
1187 1070 1415 1125 mirabili
1449 1069 1680 1137 potentia
1727 1065 1921 1120 factum

348 1168 531 1231 fuisse,
572 1174 730 1234 atque
780 1165 926 1219 illum
974 1163 1218 1228 adorare,
1267 1162 1354 1231 qui
1399 1161 1513 1214 llch
1561 1159 1796 1223 fecisset,
1827 1172 1927 1213 nec

349 1272 535 1329 ptenas
554 1257 620 1314 de
646 1255 955 1310 custodibus
976 1263 1254 1323 expetere.
1272 1252 1413 1307 Deus
1438 1251 1632 1320 quippe
1656 1249 1727 1302 ita
1752 1247 1930 1302 omnia

349 1346 493 1412 fecit,
525 1356 582 1402 ut
606 1361 710 1402 non
734 1345 892 1400 modo
921 1343 1168 1398 custodes
1196 1358 1301 1397 non
1326 1342 1608 1412 proderet;
1635 1339 1730 1394 sed
1768 1341 1929 1394 etiam
1963 1384 1970 1390 .

348 1451 406 1496 ut
435 1456 530 1511 per
564 1440 685 1495 illos
713 1452 894 1509 regem
925 1437 990 1491 ad
1019 1435 1294 1492 veritatem
1327 1433 1634 1488 adduceret.
1665 1432 1720 1486 Si
1750 1439 1929 1486 autem

347 1533 438 1588 ille
488 1530 764 1600 improbus
817 1529 1159 1598 ingratusque
1205 1527 1322 1594 fuit,
1353 1526 1478 1596 quid
1524 1525 1590 1579 ad
1635 1525 1928 1593 sapientem

346 1625 648 1679 animarum
679 1609 969 1684 medicum,
988 1619 1078 1688 qui
1099 1618 1275 1673 omnia
1303 1617 1490 1687 agebat
1516 1615 1582 1670 ad
1612 1614 1926 1670 beneficium

349 1714 708 1786 praestandum
739 1712 808 1779 ei,
839 1712 927 1782 qui
959 1711 1145 1767 morbo
1173 1707 1591 1779 inobsequcntiae
1623 1706 1930 1762 laborabat?

339 1807 579 1878 Idipsum
611 1805 698 1860 hic
735 1819 946 1875 quoque
970 1802 1250 1859 dicendum
1296 1809 1397 1857 est.
1431 1799 1558 1866 Cur,
1590 1814 1623 1854 o
1665 1799 1925 1863 Herodes,

343 1909 376 1948 3
406 1899 574 1969 magis
601 1897 788 1952 illusus
819 1897 984 1950 iratus
1019 1895 1122 1950 es?
1152 1909 1256 1947 non
1285 1907 1512 1947 noveras
1543 1890 1785 1945 divinum
1808 1905 1930 1946 esse

349 1990 596 2061 partum?
625 2003 802 2044 annon
856 1996 908 2040 tu
953 1985 1219 2056 principes
1258 1983 1598 2038 sacerdotum
1627 1981 1928 2036 advocave-

345 2083 472 2138 ras?
498 2097 674 2137 annon
716 2078 920 2135 scribas
940 2075 1403 2147 congregaveras?
1442 2089 1621 2128 annon
1661 2071 1833 2126 vocati
1855 2070 1927 2125 illi

346 2176 683 2248 prophetam,
706 2173 795 2244 qui
823 2165 939 2226 huic
958 2171 1086 2226 olim
1120 2169 1586 2239 praenuntiaverat,
1609 2165 1675 2219 ad
1699 2163 1928 2220 tribunal

349 2278 498 2324 tuum
529 2264 902 2321 adduxerunt?
933 2277 1107 2316 annon
1149 2259 1328 2314 vidisti
1355 2267 1534 2313 vetera
1564 2257 1713 2311 novis
1737 2269 1931 2311 conso-

341 2356 521 2412 nare?
547 2370 724 2410 annon
751 2352 944 2407 audisti
965 2350 1172 2406 stellam
1199 2349 1282 2403 his
1301 2345 1723 2404 ministravisse?
1751 2359 1926 2399 annon

354 2447 622 2503 reveritus
649 2460 709 2502 es
735 2443 1084 2499 barbarorum
1112 2440 1474 2512 diligentiam?
1499 2453 1675 2493 annon
1706 2437 1930 2492 miratus

347 2551 621 2593 cseorum
663 2534 910 2591 ﬁduciam
949 2546 1014 2587 ac
1061 2531 1312 2602 loquendi
1357 2527 1696 2586 libertatem?
1751 2541 1926 2581 annon

344 2622 624 2677 horruisti
670 2621 737 2676 ad
781 2637 969 2676 veram
1015 2621 1302 2692 prOpbetae
1346 2622 1576 2675 vocem?
1625 2637 1807 2677 annon
1864 2637 1932 2677 ex

355 2714 638 2784 prioribus
686 2721 962 2782 postrema
1009 2713 1163 2782 sequi
1211 2711 1502 2783 cogitasti?
1537 2711 1649 2767 Cur
1702 2727 1812 2766 non
1867 2727 1936 2765 ex

355 2805 445 2860 his
493 2805 749 2859 omnibus
802 2812 980 2860 tecum
1028 2803 1326 2874 reputasti,
1379 2818 1488 2858 non
1537 2817 1603 2856 ex
1653 2817 1935 2871 magorum

361 2898 556 2952 fraude
590 2897 705 2952 hinc
742 2897 1013 2962 evenisse,
1051 2896 1146 2950 sed
1179 2895 1366 2949 divina
1403 2894 1608 2949 virtute
1641 2893 1846 2958 omnia,
1879 2901 1941 2948 ut

355 3003 459 3057 par
512 2995 651 3051 erat,
695 2986 1060 3066 providente?
1112 2984 1342 3040 Etiamsi
1380 2999 1529 3039 vero
1584 2983 1777 3037 illusus
1833 2981 1941 3036 fui-

357 3075 429 3128 sti
469 3089 498 3126 a
538 3075 742 3145 magis,
797 3076 930 3146 quid
984 3077 1120 3131 illud
1165 3076 1234 3131 ad
1287 3090 1525 3146 pueros,
1565 3073 1660 3145 qui
1697 3074 1838 3128 nihil
1885 3081 1939 3129 te

360 3166 614 3221 lmscmnt
628 3166 650 3218 ?

424 3372 478 3426 ἰ.
523 3369 626 3425 Cur
665 3368 808 3424 Deus
851 3367 1132 3438 pemtiserit
1172 3365 1392 3436 infantes
1429 3364 1610 3418 occidi.
1655 3362 1754 3428 Qui
1797 3359 1936 3416 mala

353 3463 552 3532 fortiter
567 3461 739 3531 {erum
765 3475 867 3514 non
892 3455 1269 3522 ἀπίκηται-,θεά
1289 3454 1406 3510 laedi
1429 3453 1710 3507 videantur.
1747 3451 1932 3517 Recte,

358 3555 598 3625 inquies;
638 3551 732 3608 sed
789 3549 1051 3606 Herodem
1078 3547 1291 3620 quidem
1319 3547 1461 3601 omni
1491 3544 1801 3600 defensione
1844 3559 1937 3598 va-

351 3662 556 3714 cuum,
611 3654 666 3700 et
719 3643 1118 3714 sanguinarium
1171 3640 1336 3710 probe
1385 3637 1663 3693 ostendisti
1706 3653 1720 3689 :
1763 3649 1937 3706 neque

361 3749 538 3794 tamen
567 3737 741 3793 adhuc
772 3736 975 3791 solvisti
1002 3734 1358 3804 objectionem
1386 3732 1526 3786 circa
1573 3729 1698 3784 facti
1729 3727 1938 3798 injusti-

364 3831 511 3885 tiam.
533 3828 663 3882 Nam
691 3828 734 3882 si
764 3827 852 3882 ille
883 3827 1077 3894 injuste
1115 3824 1242 3893 egit,
1272 3837 1370 3876 cur
1403 3821 1542 3875 Deus
1582 3819 1633 3874 id
1663 3819 1938 3888 permisit?

365 3921 502 3990 Quid
526 3935 653 3991 ergo
680 3919 745 3973 ad
769 3919 884 3972 hinc
907 3915 1178 3972 dixerim?
1219 3914 1451 3983 ldipsum
1480 3907 1622 3982 quod
1649 3925 1862 3980 semper
1883 3918 1939 3964 et

363 4014 415 4066 in
443 4010 688 4073 ecclesia,
713 4018 764 4063 et
795 4009 846 4062 in
893 4006 1030 4069 foro.
1061 4015 1114 4061 et
1145 4005 1340 4074 ubique
1379 4003 1556 4058 dicere
1594 4016 1700 4056 non
1725 3998 1936 4066 desino,

361 4103 505 4174 quod
533 4101 690 4157 velim
718 4115 810 4155 vos
840 4098 1120 4166 diligenter
1148 4095 1435 4149 observare
1459 4109 1473 4150 :
1505 4108 1627 4146 nam
1648 4091 1829 4162 regula
1857 4097 1942 4146 est.

365 4195 429 4249 ad
460 4208 674 4248 omnem
701 4187 1064 4260 hujuscemodi
1096 4185 1444 4256 quaestionem
1475 4180 1942 4248 adhibenda.th

365 4284 564 4355 regula,
595 4297 783 4353 quaave
811 4281 947 4336 ratio
974 4277 1095 4334 est?
1123 4276 1224 4344 Qui
1266 4273 1463 4329 laedant
1489 4273 1706 4338 multos,
1733 4271 1822 4340 qui
1852 4270 1942 4324 la:-

363 4376 522 4431 datur
556 4373 764 4428 nullum
787 4387 927 4426 esse.
955 4369 1022 4424 Et
1048 4384 1117 4422 ne
1138 4367 1239 4421 hoc
1265 4365 1490 4434 aenigma
1520 4377 1616 4417 vos
1640 4361 1941 4426 conturbet,

363 4467 473 4522 cito
501 4464 824 4522 solutionem
850 4460 1132 4515 adhibebo.
1159 4458 1293 4512 Nam
1321 4470 1411 4510 eas
1438 4469 1569 4524 quas
1587 4468 1616 4507 a
1637 4453 1825 4523 quovis
1849 4450 1944 4506 ho-

365 4557 512 4611 mine
542 4555 734 4625 injuste
763 4553 992 4623 patimur
1037 4549 1280 4619 injurias,
1305 4548 1445 4602 Deus
1493 4545 1645 4601 nobis
1674 4551 1949 4613 computat

365 4655 457 4701 aut
486 4646 539 4700 in
571 4651 912 4714 peccatorum
942 4633 1338 4702 remissionem,
1369 4644 1464 4691 aut
1492 4636 1543 4689 in
1575 4634 1834 4689 mercedis
1857 4647 1948 4688 re—

369 4737 738 4794 tributionem.
787 4736 959 4803 Atque
1003 4740 1061 4787 ut
1103 4731 1158 4784 id
1204 4728 1346 4800 quod
1391 4728 1593 4783 dictum
1640 4736 1724 4781 est
1753 4725 1952 4781 clarius

369 4829 580 4894 evadat,
612 4827 680 4882 ad
709 4826 1011 4894 exemplum
1032 4823 1330 4877 veniamus.
1366 4821 1632 4876 Ponamus
1662 4818 1804 4874 enim
1829 4832 1951 4872 esse

369 4935 598 4975 servum;
617 4917 850 4985 aliquem
875 4914 1070 4968 multas
1099 4912 1352 4983 pecunias
1378 4910 1597 4966 domino
1622 4924 1720 4964 suo
1748 4907 1951 4963 deben-

373 5022 476 5064 tem
494 5029 507 5063 :
527 5009 618 5080 qui
647 5020 835 5062 servus
851 5004 918 5058 ab
938 5003 1132 5073 iniquis
1151 5003 1457 5057 hominibus
1483 5001 1785 5070 impetatnr,
1803 5002 1873 5052 ita
1896 5007 1953 5052 ut

372 5105 637 5157 bonorum
667 5106 816 5170 parte
838 5097 1010 5165 aliqua
1039 5096 1341 5150 mulctetnr.
1364 5094 1419 5148 Si
1448 5108 1577 5164 ergo
1593 5092 1842 5147 dominus
1863 5090 1954 5162 qui

373 5202 645 5261 raptorem
665 5188 918 5244 cohibere
940 5185 1128 5255 potuit,
1141 5193 1320 5254 raptas
1339 5183 1552 5253 quidem
1567 5181 1818 5252 pecunias
1846 5194 1952 5235 non

376 5283 642 5344 restituat,
661 5279 754 5333 sed
777 5289 954 5348 raptas
969 5283 1146 5331 tamen
1170 5276 1309 5330 inter
1325 5290 1415 5330 eas
1429 5291 1546 5345 quae
1566 5275 1666 5330 sibi
1683 5273 1954 5330 debeban-

380 5382 466 5427 tur
483 5379 783 5440 computet:
801 5385 870 5424 an
897 5359 1058 5424 lzesus
1078 5366 1408 5422 fuitservus?
1436 5367 1795 5430 Nequaquam.
1814 5365 1951 5435 Quid

379 5479 506 5518 vero
527 5466 570 5518 si
599 5466 748 5532 plura
776 5465 876 5534 ipsi
895 5465 1143 5518 dominus
1165 5462 1408 5517 dederit?
1432 5479 1611 5521 annon
1636 5467 1755 5537 plus
1783 5469 1960 5526 lucra-

381 5561 467 5609 tus
493 5562 598 5622 est,
627 5569 786 5626 quam
817 5553 1153 5627 perdiderit?
1181 5553 1240 5610 ld
1266 5553 1510 5612 omnibus
1534 5557 1711 5629 palam
1739 5567 1841 5619 est.
1874 5557 1958 5615 ld-

1533 235 1598 290 IN
1636 232 2038 291 ΜΑἸἽἩᾹΞΙΙΜ
2079 230 2311 288 llOMlL.
2357 236 2446 294 1x.

3510 237 3609 295 I73

2039 339 2211 409 ipsum
2253 349 2306 395 et
2336 354 2436 396 nos
2483 349 2726 410 putemus
2768 355 2887 396 cum
2931 342 3127 413 aliquid
3176 346 3423 415 patimur.
3465 345 3616 416 Quod

2038 433 2183 486 enim
2213 446 2309 502 per
2336 447 2602 488 aerumnas
2648 433 2783 495 illas,
2827 441 2919 488 aut
2958 445 3169 504 peccata
3214 438 3498 503 diluamus,
3527 449 3621 494 aut

2039 520 2084 574 si
2114 536 2220 576 non
2249 521 2534 578 admodum
2566 525 2798 592 peccatis
2823 524 3036 578 obnoxii
3069 527 3265 592 simus,
3290 529 3618 597 splendidio-

2039 628 2126 668 res
2152 615 2476 684 accipiamus
2519 632 2768 682 coronas,
2801 617 2921 671 audi
2972 618 3191 672 Paulum
3239 620 3504 677 dicentem
3552 624 3622 679 de

2039 702 2326 760 fornicario
2372 724 2385 760 :
2434 705 2638 762 Tradite
2691 708 2981 779 hujusmodi
3012 710 3216 764 Satanae
3269 712 3321 764 in
3363 712 3619 766 interitum

2039 797 2226 864 carnis,
2272 807 2325 852 ut
2365 799 2572 868 spiritus
2611 799 2779 854 salvus
2818 801 2884 852 sit
2926 802 3004 871 (1.
3035 801 3154 856 Car.
3183 803 3234 859 5.
3267 803 3342 871 5).
3378 802 3446 856 Et
3490 805 3617 873 quid
3695 812 3699 816 '

2040 889 2184 946 hoc?
2212 889 2342 946 Nam
2364 891 2432 946 dc
2457 891 2522 945 iis
2542 891 2631 962 qui
2662 891 2926 946 lzeduntur
2953 892 3021 948 ab
3043 893 3164 947 aliis
3184 909 3362 948 sermo
3384 903 3488 960 est,
3511 910 3616 949 non

2038 979 2106 1036 de
2135 981 2200 1036 iis
2227 982 2318 1052 qui
2343 996 2372 1035 a
2403 981 2711 1037 doctoribus
2738 984 3092 1052 corriguntur.
3129 981 3283 1039 Certe
3309 985 3510 1039 nullum
3538 995 3621 1039 est

2038 1070 2181 1126 inter
2214 1071 2301 1126 illa
2329 1073 2604 1128 medium:
2637 1088 2757 1127 nam
2788 1073 2855 1128 de
2895 1074 3039 1129 dicto
3081 1074 3384 1143 hujusmodi
3408 1092 3618 1146 quatrc-

2037 1160 2213 1229 batur,
2262 1163 2322 1218 ln
2363 1165 2618 1229 terumnis
2669 1165 2871 1219 nullum
2927 1165 3176 1236 patientis
3221 1167 3470 1222 damnum
3512 1179 3613 1223 est.

2035 1252 2142 1309 Sed
2181 1263 2237 1307 ut
2261 1269 2564 1310 sermonem
2613 1255 2927 1310 transferam
2969 1256 3034 1311 ad
3081 1255 3132 1311 id
3162 1256 3301 1326 quod
3331 1257 3497 1328 magis
3525 1273 3618 1312 ac-

2037 1346 2178 1402 cedit
2209 1346 2276 1402 ad
2305 1349 2688 1417 quaestionem;
2734 1348 3017 1403 recordare
3045 1349 3278 1416 Davidis,
3309 1349 3400 1418 qui
3439 1349 3618 1405 Semei

2036 1440 2226 1496 videns
2255 1440 2538 1494 instantem
2565 1449 2617 1494 et
2642 1439 2928 1494 calamitati
2959 1456 3070 1495 suae
3099 1442 3462 1506 insultantem,
3495 1456 3617 1496 sex-

2037 1533 2313 1602 centisque
2364 1531 2576 1602 probris
2622 1541 3028 1602 aspergentem,
3075 1547 3196 1586 cum
3251 1533 3449 1587 vellent
3495 1549 3617 1588 eum

2037 1621 2200 1678 duces
2227 1623 2494 1678 exercitus
2524 1621 2847 1688 interficere,
2888 1622 3123 1677 cohibuit
3150 1622 3234 1677 his
3276 1623 3451 1676 verbis
3475 1639 3489 1675 :
3517 1621 3619 1676 Di—

2037 1713 2217 1768 mittite
2235 1713 2381 1767 illum
2409 1713 2728 1780 maledicere,
2747 1722 2803 1767 ut
2828 1714 2992 1768 videat
3016 1713 3261 1768 Dominus
3292 1714 3620 1768 humilitatem

2036 1824 2220 1874 meam,
2252 1817 2298 1861 et
2338 1806 2578 1862 retribuat
2608 1807 2734 1861 mihi
2760 1807 2890 1861 bona
2919 1823 3012 1876 pro
3041 1806 3135 1861 hoc
3163 1806 3430 1862 maledicto
3455 1808 3506 1860 in
3526 1807 3621 1860 hac

2039 1899 2121 1953 die
2148 1897 2226 1969 (2.
2261 1899 2389 1969 Reg.
2419 1899 2506 1954 16.
2540 1899 2626 1953 ll.
2659 1898 2773 1970 η).
2817 1898 2879 1952 Et
2906 1899 2958 1952 in
2987 1897 3214 1952 Psalmis
3239 1912 3436 1952 canens
3469 1896 3619 1952 dice-

2039 1993 2159 2051 bat:
2193 1992 2404 2061 Respice
2429 1993 2658 2047 inimicos
2684 2007 2840 2058 meos,
2871 1991 3110 2062 quoniam
3142 1989 3463 2061 multiplicati
3482 1999 3616 2052 sunt,

2038 2094 2084 2136 et
2109 2083 2226 2136 odio
2257 2083 2429 2152 iniquo
2454 2081 2668 2136 oderunt
2705 2097 2786 2135 me
2815 2097 2834 2134 :
2875 2089 2923 2135 et
2967 2081 3162 2135 dimitte
3203 2080 3372 2133 omnia
3412 2091 3618 2152 peccata

2038 2190 2145 2227 mea
2176 2171 2341 2246 (Psat.
2363 2171 2451 2227 24.
2479 2173 2560 2228 l9.
2590 2170 2698 2243 l8).
2722 2172 2788 2226 Et
2815 2171 3049 2227 Lazarus
3076 2171 3306 2240 quietem
3323 2185 3622 2240 consequa--

2039 2275 2122 2320 tus
2145 2264 2393 2336 est(Luc.
2424 2264 2533 2334 16),
2565 2264 2684 2334 quia
2714 2265 2989 2318 innumera
3013 2263 3148 2318 mala
3180 2277 3275 2332 per
3303 2261 3440 2318 hanc
3457 2262 3616 2316 vitam

2043 2369 2328 2425 perpessus
2357 2362 2457 2408 est.
2489 2353 2602 2407 Non
2631 2368 2759 2423 ergo
2786 2352 3175 2424 la>dnntur,qui
3202 2353 3322 2408 laedi
3348 2351 3612 2417 videntur,

2037 2446 2080 2500 si
2115 2447 2248 2500 mala
2280 2447 2456 2500 omnia
2489 2444 2694 2500 fortiter
2719 2445 2921 2510 ferant;
2954 2446 3062 2500 imo
3091 2445 3260 2517 majus
3299 2446 3506 2502 lucrum
3532 2459 3621 2501 re-

2039 2545 2270 2605 portant,
2299 2537 2411 2591 sive
2446 2552 2475 2590 a
2507 2537 2613 2590 Deo
2645 2535 3034 2605 percutiantur,
3061 2537 3173 2592 sive
3201 2552 3228 2590 a
3258 2537 3469 2594 diabolo
3496 2553 3618 2593 ver-

2040 2626 2310 2680 berenlur.
2346 2626 2561 2696 Ecqnod
2606 2636 2881 2696 peccatum
2913 2625 3148 2682 habuere
3177 2628 3346 2697 pueri,
3388 2627 3618 2698 inquies,

2037 2715 2177 2786 quod
2226 2716 2504 2771 eluerent?
2543 2717 2610 2772 de
2656 2716 2722 2771 iis
2763 2717 2904 2771 enim
2955 2716 3046 2786 qui
3093 2727 3305 2773 :etatem
3350 2718 3621 2788 assequuti

2040 2815 2254 2875 peccata
2291 2807 2515 2875 plurima
2548 2815 2944 2877 perpetrarunt,
2965 2807 3085 2878 jure
3113 2809 3232 2878 quis
3261 2810 3375 2864 hinc
3394 2809 3612 2876 dixerit;

2038 2897 2128 2967 qui
2165 2912 2294 2950 vero
2325 2905 2429 2950 tam
2481 2896 2764 2951 immatura
2814 2907 2988 2952 morte
3036 2899 3282 2966 prmrepti
3329 2908 3615 2969 sunt,qn:e

2043 2996 2256 3055 peccata
2297 2986 2361 3040 iis
2387 2985 2558 3040 affecti
2591 2986 2747 3043 malis
2777 2986 3132 3041 deleverunt?
3156 2986 3271 3042 Non
3314 2987 3506 3043 audisti
3537 3004 3623 3044 me

2039 3077 2323 3141 dicentem,
2357 3077 2562 3130 etiamsi
2592 3076 2736 3130 nulla
2768 3075 2875 3130 sint
2900 3086 3136 3145 peccata,
3167 3077 3431 3132 mercedis
3463 3078 3622 3133 retri-

2040 3167 2308 3221 butionem
2329 3167 2396 3220 ibi
2412 3181 2630 3222 manere
2642 3181 2734 3221 eos
2747 3165 2836 3237 qui
2855 3165 2942 3222 hic
2955 3167 3109 3222 malis
3126 3152 3250 3222 Sunt
3265 3167 3621 3236 affectiTQuid

2041 3273 2170 3327 ergo
2198 3257 2499 3311 detrimenti
2536 3271 2793 3324 accepere
2822 3257 2972 3326 pueri
3010 3272 3105 3326 pro
3133 3257 3223 3312 tali
3251 3272 3410 3312 causa
3435 3258 3622 3323 occisi,

2041 3349 2129 3419 qui
2170 3348 2346 3401 statim
2391 3347 2469 3400 ad.
2499 3347 2840 3416 tranquillum
2894 3357 3103 3416 portum
3149 3348 3510 3418 appulerunt?
3556 3350 3627 3403 At

2041 3439 2226 3504 multa,
2252 3437 2482 3507 inquies,
2506 3435 2646 3492 forte
2675 3437 2813 3492 bona
2855 3436 3049 3491 edituri
3075 3447 3247 3506 erant,
3275 3439 3320 3493 si
3347 3439 3624 3495 vixissent.

2039 3529 2142 3586 Sed
2173 3531 2292 3584 ideo
2315 3545 2420 3584 non
2451 3545 2545 3598 par
2570 3529 2700 3598 ipsis
2731 3543 2937 3583 merces
2962 3530 3197 3599 reposita
3227 3537 3331 3597 εει,
3358 3531 3501 3600 quod
3529 3547 3626 3601 pro

2041 3624 2131 3676 tali
2173 3636 2331 3676 causa
2381 3620 2631 3675 obierint.
2678 3619 2927 3690 Alioquin
2975 3635 3103 3676 vero
3148 3636 3254 3675 non
3300 3622 3624 3691 permisisset

2041 3728 2236 3785 pueros
2288 3724 2606 3783 praematura
2661 3721 2834 3768 morte
2883 3713 3084 3783 abripi,
3135 3712 3180 3767 si
3235 3713 3410 3784 magni
3463 3712 3628 3771 futuri

2042 3815 2218 3860 erant.
2277 3805 2412 3859 Nam
2463 3806 2507 3870 si
2550 3820 2644 3860 eos
2690 3804 2780 3874 qui
2828 3804 2881 3858 in
2930 3804 3166 3874 nequitia
3215 3804 3408 3859 victuri
3466 3815 3624 3872 sunt,

2041 3911 2163 3951 cum
2191 3903 2333 3949 tanta
2381 3894 2483 3949 fert
2522 3894 2795 3964 patientia,
2836 3894 3003 3947 multo
3055 3894 3221 3964 magis
3265 3894 3363 3949 hos
3401 3910 3507 3949 non
3553 3896 3631 3950 si-

2044 3995 2195 4042 neret
2223 3986 2296 4041 ita
2337 3984 2559 4050 auferri,
2579 3985 2623 4039 si
2667 3999 2857 4054 magna
2885 3982 3128 4054 quazdam
3157 3984 3398 4040 edituros
3435 3985 3627 4058 praevi-

2043 4075 2220 4132 deret?

2127 4271 2180 4325 5.
2209 4269 2276 4324 Et
2302 4270 2355 4323 hi
2387 4269 2599 4337 quidem
2632 4266 2802 4321 nostri
2828 4271 2952 4320 sunt
2981 4278 3292 4329 sermones;
3335 4277 3435 4318 nec
3462 4271 3636 4317 tamen

2051 4359 2106 4415 hi
2135 4360 2236 4415 soli
2265 4368 2490 4430 possunt
2519 4358 2717 4424 afferri,
2747 4356 2842 4411 sed
2881 4364 3006 4410 sunt
3030 4355 3191 4410 etiam
3232 4354 3320 4407 alii
3369 4353 3453 4408 his
3483 4354 3639 4422 longe

2053 4451 2434 4516 abstrusiores,
2453 4464 2586 4518 quos
2614 4449 2750 4504 bene
2778 4447 2926 4502 novit
2956 4448 3001 4501 is
3027 4447 3116 4515 qui
3151 4445 3266 4499 haec
3288 4445 3638 4514 dispensavit.

2055 4547 2160 4617 lpsi
2203 4547 2380 4615 itaque
2423 4545 2754 4600 accuratiore
2785 4543 3038 4597 harumce
3081 4556 3257 4595 rerum
3287 4537 3644 4608 comprehen-

2055 4639 2207 4694 sione
2235 4651 2511 4701 concessa,
2544 4637 2608 4690 iis
2635 4651 2754 4705 qua:
2801 4641 3097 4702 sequuntur
3139 4631 3456 4695 lnaereamus,
3498 4636 3552 4682 et
3577 4642 3645 4682 ex

2058 4732 2284 4784 aliorum
2315 4727 2702 4784 calamitatibus
2745 4725 2810 4780 ad
2861 4725 3038 4780 omnia
3083 4723 3291 4778 fortiter
3320 4721 3538 4776 ferenda
3565 4722 3646 4774 in-

2055 4823 2362 4876 stituamur.
2391 4820 2506 4875 Non
2537 4836 2692 4889 parva
2722 4819 2866 4872 enim
2901 4816 3152 4887 tragtedia
3184 4825 3309 4869 tunc
3331 4813 3643 4870 Bctblchem

2061 4913 2362 4981 occupavit,
2387 4911 2566 4980 pueris
2595 4924 2658 4964 ex
2688 4908 2815 4978 ipsis
2838 4917 3068 4961 matrum
3103 4906 3356 4960 uberibus
3385 4904 3644 4973 abreptis,

2061 5011 2117 5058 et
2145 5002 2210 5057 ad
2257 5002 2395 5056 hanc
2426 5002 2657 5070 iniquam
2687 4999 2886 5054 caedem
2927 4997 3190 5053 abductis.
3221 4996 3372 5065 Quod
3403 4997 3447 5051 si
3475 4995 3649 5050 adhuc

2063 5095 2238 5166 pusilli
2266 5109 2323 5148 es
2351 5093 2534 5158 animi,
2563 5107 2659 5147 nec
2702 5101 2900 5147 tantam
2949 5101 3099 5159 potes
3141 5087 3530 5159 philos0phiam
3572 5095 3650 5138 at.

2067 5187 2291 5258 tingere,
2321 5185 2468 5241 disce
2507 5185 2667 5240 finem
2713 5185 2854 5239 illius
2882 5185 2969 5255 qui
3017 5183 3132 5238 hinc
3171 5197 3332 5237 ausus
3362 5191 3464 5248 est,
3495 5175 3649 5246 spiri-

2066 5293 2280 5352 tumque
2311 5277 2848 5334 resume.Celerrima
2869 5280 3065 5348 quippe
3090 5275 3237 5331 illum
3259 5270 3507 5328 facinoris
3536 5267 3647 5319 vin-

2068 5372 2206 5428 dicta
2233 5371 2508 5441 corripuit,
2543 5374 2781 5440 tantique
2807 5365 3029 5424 sceleris
3054 5367 3240 5437 dignas
3265 5362 3413 5416 dedit
3438 5371 3647 5428 poenas.

2065 5463 2181 5518 dira
2225 5469 2396 5516 morte
2439 5473 2494 5516 et
2536 5477 2597 5516 ea
2641 5475 2798 5530 quam
2846 5459 3025 5513 intulit
3072 5451 3460 5510 miserabiliore
3487 5449 3648 5500 vitam

2070 5556 2343 5622 claudens,
2375 5553 2760 5625 innumeraque
2799 5551 2900 5607 alia
2949 5563 3134 5620 passus
3181 5543 3318 5601 mala
3351 5557 3365 5595 :
3414 5555 3532 5612 qua:
3571 5537 3649 5593 di-
