4076 6150
452 244 546 302 179
1177 256 1232 301 b.
1272 239 1548 299 JUANNIS
1586 227 2048 291 CIIRYSOS'I‘OMI
2089 225 2403 282 ARCHIEP.
2447 218 2976 276 CUNSTAN'I’INOP.

449 379 601 422 scere
653 359 896 433 poteritis
961 356 1006 410 si
1053 350 1271 420 JOscpbi
1320 344 1603 402 Historiam
1649 335 1904 394 evolvatis
1924 332 2019 408 (a),

449 471 630 528 quam,
653 429 731 508 ‘ne
762 451 1000 520 longiore
1028 456 1240 500 utamur
1269 451 1538 501 sermone,
1565 447 1668 488 neu
1694 429 1891 488 seriem
1927 439 2028 479 no-

450 513 614 603 stram
664 542 1083 611 intercipiamus,
1133 531 1479 604 praesentibus
1534 539 1640 580 non
1689 517 2027 576 inserendam
2072 513 2084 526 '

453 655 570 694 esse
599 636 917 708 putavimus.
956 632 1040 686 17.
1086 627 1230 680 Tunc
1275 621 1534 691 impletum
1577 625 1648 670 est
1677 613 1812 684 quod
1841 611 2030 663 dictant

449 740 522 786 est
570 703 658 798 per
700 726 973 780 Jeremiam
1021 720 1313 791 prophetam
1360 713 1650 765 dicentem:
1690 707 1776 760 18.
1814 703 1927 756 V0.1:
1980 703 2037 755 in

449 822 617 878 ﬂama
645 823 816 876 audita
847 831 938 884 est,
976 818 1220 887 ploratus,
1249 822 1292 865 et
1317 811 1464 879 ﬂetus
1492 816 1536 860 et
1564 804 1783 858 ululatus
1804 798 2027 859 utullus;

455 916 650 971 Rachel
701 915 906 984 plorans
947 911 1080 979 ﬁlios
1127 922 1262 970 suos,
1294 913 1340 957 et
1389 901 1552 955 noluit
1599 893 1870 954 consolari,
1914 889 2030 984 quia

455 1027 555 1062 non
574 1016 688 1060 sunt
701 980 837 1078 ‘(Jcr.
859 1005 917 1057 3|
934 1043 946 1055 .
970 1001 1078 1070 15).
1101 996 1358 1063 Quoniam
1379 992 1520 1047 enim
1544 987 1836 1042 auditorem
1856 980 2031 1078 reple-

454 1102 530 1154 vit
555 1100 797 1162 horrore,
821 1097 918 1148 hac
938 1093 1188 1154 violenta,
1213 1084 1579 1142 crudelissima
1610 1090 1662 1134 et
1681 1079 1859 1145 iniqua
1885 1071 2032 1128 etede

455 1199 695 1252 narrata,
751 1189 922 1256 ipsum
971 1183 1295 1245 consolatur,
1350 1171 1580 1240 docens,
1613 1171 1729 1225 lucc
1761 1185 1865 1222 non
1913 1166 2034 1220 ideo

454 1281 731 1344 accidisse,
761 1277 900 1347 quod
938 1276 1074 1329 Dens
1103 1287 1202 1326 nec
1246 1279 1426 1338 posset
1453 1263 1730 1334 impedire,
1765 1273 1862 1313 nec
1893 1272 2032 1326 pra:-

453 1373 690 1434 vidisset,
726 1371 817 1424 sed
849 1385 969 1423 eum
1002 1367 1116 1420 h:ec
1144 1375 1194 1419 et
1238 1362 1413 1416 l‘utnra
1444 1358 1679 1420 novisse,
1707 1363 1760 1409 et
1789 1365 2035 1421 prtennn-

455 1466 615 1519 tiasse
641 1479 733 1532 per
757 1460 1089 1531 prophetam.
1116 1457 1191 1510 Ne
1216 1457 1390 1522 itaque
1420 1449 1668 1511 turberis,
1690 1455 1742 1500 et
1762 1441 2031 1504 concidas,

454 1559 504 1611 in
557 1556 938 1626 providentiam
990 1553 1103 1621 ejus
1158 1547 1476 1603 ineﬁ‘ahilem
1525 1541 1838 1610 respiciens,
1875 1551 2032 1606 quam

455 1661 564 1702 tum
608 1664 671 1701 ex
720 1647 782 1699 iis
824 1662 940 1714 qua:
975 1651 1244 1710 operatur,
1277 1649 1384 1692 tmn
1429 1651 1494 1689 ex
1539 1634 1602 1687 iis
1631 1647 1748 1701 quae
1780 1626 2036 1697 permittit

453 1739 633 1793 videre
665 1747 746 1791 est
780 1754 792 1788 :
838 1735 887 1788 id
918 1732 1056 1800 quod
1093 1733 1250 1785 etiam
1281 1727 1405 1782 alibi
1435 1723 1725 1792 discipulos
1755 1721 2033 1788 alloquens

454 1828 828 1883 subindicavit.
881 1826 1012 1890 Quia
1061 1823 1204 1877 enim
1259 1816 1561 1879 tribunalia,
1595 1814 1938 1867 abductioues
1967 1808 2033 1863 ad

453 1930 700 1984 mortem,
731 1919 876 1974 orbis
906 1918 1038 1972 bella
1072 1912 1505 1978 interuecinaquc
1534 1909 1712 1977 prtulia
1745 1905 1872 1974 ipsis
1905 1917 2037 1971 pra:-

454 2014 805 2072 uuntiaverat,
836 2025 1020 2063 eorum
1051 2007 1258 2060 animos
1301 2005 1535 2072 erigens,
1564 2010 1618 2054 et
1648 2009 1705 2054 ut
1729 1996 2036 2053 consoletur

454 2107 570 2160 illos
599 2104 672 2158 ait
702 2121 714 2157 :
748 2101 934 2156 Nonne
959 2101 1060 2153 duo
1092 2113 1317 2167 passeres
1347 2112 1459 2148 asse
1485 2099 1715 2154 veneunt,
1746 2099 1791 2142 et
1819 2104 1949 2142 unus
1971 2102 2033 2138 ea:

453 2196 554 2249 illis
583 2211 683 2247 non
723 2194 864 2246 cadet
910 2207 1062 2259 super
1093 2198 1280 2241 terram
1320 2186 1428 2238 sine
1460 2183 1614 2237 Patre
1659 2188 1842 2242 uestro,
1869 2178 1953 2246 qui
1982 2177 2036 2229 in

454 2289 590 2342 cazlis
613 2296 682 2339 est
701 2284 912 2354 (Matth.
930 2282 1156 2351 l0.‘.’9)?
1176 2281 1286 2334 Hoc
1309 2286 1485 2331 autem
1502 2275 1729 2338 dicebat,
1746 2269 2035 2324 ostendens

455 2381 546 2434 illo
568 2380 845 2450 ignorante
887 2375 1015 2428 nihil
1048 2373 1198 2436 ﬁeri;
1230 2371 1324 2425 sed
1352 2369 1489 2422 scire
1537 2367 1682 2419 illum
1711 2362 1910 2424 omnia,
1939 2374 2038 2413 nec

455 2481 630 2524 tamen
663 2477 850 2524 cuneta
874 2467 1066 2519 facere.
1090 2463 1165 2517 Ne
1193 2462 1370 2531 igitur,
1397 2457 1583 2527 inquit,
1612 2451 1917 2515 turbemini,
1938 2463 2036 2503 nec

453 2558 916 2616 commoveamini.
945 2556 1077 2610 Nam
1109 2555 1194 2623 qui
1225 2552 1324 2606 scit
1351 2565 1410 2604 ea
1440 2563 1558 2618 qua:
1585 2543 1876 2605 sustinetis,
1899 2547 1954 2596 et
1974 2553 2037 2594 ea

455 2659 631 2721 potest
678 2649 958 2718 impedire,
1009 2647 1124 2699 sine
1167 2643 1332 2696 dubio
1372 2656 1474 2693 non
1527 2635 1746 2704 impedit
1773 2633 1894 2702 quia
1939 2646 2034 2684 vc-

456 2755 626 2798 strum
654 2757 832 2796 curam
861 2749 915 2795 et
961 2735 1346 2808 providentiam
1385 2730 1564 2800 gerit:
1597 2726 1736 2797 quod
1777 2725 1933 2779 etiam
1983 2723 2034 2775 in

458 2833 836 2891 tentationibus
879 2831 1113 2899 cogitare
1144 2833 1386 2896 Oportet,
1418 2822 1642 2890 hincque
1687 2833 1791 2870 non
1823 2829 2035 2885 parvam

457 2926 876 2979 consolationem
923 2921 1268 2988 accipiemus.
1320 2917 1382 2970 Et
1412 2913 1537 2984 quid
1567 2923 1848 2965 commune
1879 2907 2039 2960 habet

460 3016 659 3071 Rachel
705 3031 822 3069 cum
866 3011 1216 3066 Bethlehem?
1259 3007 1459 3062 dixerit
1486 3006 1710 3057 fortasse
1739 2998 2032 3068 quispiam;

462 3108 672 3172 ltacltel,
715 3106 904 3175 inquit,
935 3104 1140 3173 plorans
1173 3100 1306 3166 ﬁlios
1348 3114 1483 3152 suos.
1525 3095 1659 3162 Quid
1704 3093 1830 3147 item
1870 3089 2037 3143 Rama

455 3217 578 3255 cum
608 3198 877 3253 Rachcic?
905 3196 1099 3251 Rachel
1129 3203 1299 3248 mater
1329 3201 1442 3246 erat
1471 3187 1801 3257 Benjamini;
1842 3184 2038 3254 ipsam-

455 3307 558 3360 que
587 3301 848 3344 mortuam
876 3288 1199 3358 sepelierunt
1231 3285 1282 3337 in
1322 3280 1672 3351 hippodromo
1703 3290 1867 3346 prope
1899 3277 2037 3327 hunc

459 3385 649 3437 locum.
683 3383 812 3450 Quia
838 3380 996 3451 igitur
1020 3377 1322 3448 sepulcrum
1352 3389 1515 3442 prope
1538 3379 1671 3433 erat,
1693 3377 1749 3423 et
1778 3368 1892 3421 hate
1919 3380 2036 3420 sors

455 3485 571 3530 erat
600 3473 892 3543 Benjamini
923 3471 1012 3525 ﬁlii
1042 3472 1156 3538 ejus
1192 3485 1205 3524 :
1240 3483 1359 3520 nam
1386 3465 1550 3519 Rama
1575 3462 1639 3516 ad
1670 3460 1862 3515 tribum
1897 3458 2034 3511 Ben-

452 3569 617 3635 jamin
660 3566 994 3637 pertint-bat;
1025 3573 1078 3617 et
1115 3578 1143 3614 a
1176 3561 1412 3630 principe
1454 3558 1641 3620 tribus,
1671 3563 1721 3607 et
1749 3570 1780 3607 a
1808 3550 2034 3620 sepulcri

457 3663 608 3722 loco,
659 3665 915 3711 mactatos
972 3668 1168 3723 pueros
1210 3652 1328 3721 jure
1380 3647 1627 3702 Rachelis
1678 3644 1813 3697 ﬁlios
1861 3649 2035 3695 vocat.

459 3749 662 3805 Deinde
690 3746 978 3802 ostendens
1000 3742 1296 3799 insanabile
1319 3749 1565 3794 essetam
1584 3736 1799 3790 crudele
1825 3733 2035 3798 vulnus,

459 3844 570 3896 ait:
609 3839 788 3893 Noluit
816 3836 1086 3900 consolari,
1122 3835 1238 3904 quia
1267 3848 1366 3886 non
1393 3839 1529 3884 sunt.
1567 3827 1660 3883 His
1690 3840 1899 3880 rursum
1937 3823 2037 3876 hoc

459 3935 628 4003 ipsum
673 3929 944 3992 docemur,
981 3925 1120 3996 quod
1151 3925 1295 3993 prius
1339 3920 1601 3983 dicebam,
1636 3933 1741 3971 non
1788 3923 2038 3984 oportere

460 4025 678 4088 turbari,
710 4039 829 4078 eum
857 4037 916 4077 ea
947 4035 1065 4090 quae
1091 4017 1358 4082 accidunt,
1403 4013 1498 4068 Dei
1528 4009 1866 4082 promissioni
1905 4023 2036 4061 cou-

460 4121 620 4174 traria
643 4119 908 4172 videntur.
938 4115 1077 4169 Ecce
1106 4113 1246 4165 enim
1275 4123 1394 4163 cum
1424 4106 1642 4161 advenit
1666 4105 1776 4172 ipse
1806 4100 1871 4153 ad
1900 4099 2040 4152 salu-

460 4219 563 4265 tem
590 4208 788 4278 populi,
814 4207 920 4260 imo
949 4204 1012 4258 ad
1040 4203 1262 4257 salutem
1281 4198 1448 4260 orbis,
1466 4212 1583 4266 qua:
1610 4192 1826 4249 exordia
1857 4188 2040 4243 l‘nere?

458 4302 624 4357 Mater
665 4299 814 4368 fugit,
849 4296 1015 4364 patria
1044 4294 1158 4362 cjus
1191 4289 1611 4345 intolerabilibus
1649 4282 2039 4341 calamitatibus

461 4392 730 4463 afﬂigitur,
779 4389 953 4442 ea:ch
1012 4391 1344 4453 perpetratnr
1385 4380 1622 4434 onmium
1671 4375 2036 4437 acerbissima,

462 4483 702 4555 ploratus
751 4487 802 4533 et
833 4476 1061 4531 ululatus
1113 4473 1310 4527 multus
1361 4478 1519 4540 atque
1567 4467 1791 4537 ejulatus
1823 4466 2036 4534 ubique.

463 4575 662 4629 Verum
690 4586 756 4624 ne
799 4567 1029 4622 turberis
1062 4581 1074 4616 :
1116 4563 1252 4617 solet
1279 4561 1420 4615 enim
1473 4575 1568 4628 per
1597 4556 1863 4612 contraria
1890 4571 2039 4610 (Bco-

463 4663 696 4720 nomiam
737 4674 887 4714 suam
933 4655 1176 4724 implere,
1211 4651 1495 4705 maximam
1539 4647 1664 4724 inde
1694 4646 1901 4701 virtutis
1931 4659 2042 4698 suae

465 4755 618 4809 nobis
648 4751 888 4820 praebens
919 4723 1450 4801 demonstrationem.
1479 4723 1886 4806 Sici‘discipulos
1919 4749 2043 4789 suos

465 4844 669 4901 induxit
700 4851 857 4912 atque
877 4839 1126 4903 instituit,
1161 4845 1216 4890 ut
1243 4835 1311 4888 ita
1343 4832 1518 4887 omnia
1549 4837 1886 4899 peragerent,
1916 4843 2045 4881 con-

467 4935 630 4990 traria
675 4934 956 4988 contrariis
1000 4931 1336 5000 dispensans,
1368 4941 1474 4996 quo
1519 4924 1691 4992 majus
1730 4921 2041 4975 miraculum

468 5027 724 5082 elucerct.
759 5023 1031 5092 Flagellati
1062 5022 1239 5090 itaque
1267 5019 1360 5082 illi,
1393 5026 1447 5072 et
1475 5015 1631 5086 pulsi,
1662 5022 1712 5068 et
1742 5013 2046 5067 inmuneras

467 5119 733 5191 patientes
772 5129 1055 5179 atrumnas,
1088 5113 1165 5168 sic
1204 5110 1590 5182 ﬁagellautibus
1618 5117 1774 5178 atque
1801 5105 2045 5176 pellenti-

470 5213 568 5266 bus
597 5208 900 5278 superiores
927 5211 1226 5260 evaserunt.
1250 5203 1334 5257 19.
1358 5201 1607 5273 Defuncto
1633 5209 1798 5252 autcnt
1825 5197 2043 5260 Herode,

470 5317 582 5356 ecce
619 5299 830 5370 angelus
879 5296 1086 5350 Domini
1125 5295 1363 5364 apparuit
1402 5294 1452 5346 in
1497 5292 1686 5346 somnis
1713 5290 1922 5360 Joseplt,
1953 5288 2042 5344 ΞΟ.

472 5395 642 5448 dicens
677 5407 696 5446 :
753 5391 980 5462 Surgens
1032 5387 1203 5456 accipe
1249 5401 1457 5456 puerum
1498 5395 1542 5438 et
1581 5393 1789 5437 matrem
1829 5383 1956 5448 ejus,
2003 5389 2048 5434 et

557 5655 633 5714 lal
654 5657 902 5720 Josephus
918 5657 967 5705 in
990 5652 1201 5704 Historia
1223 5661 1310 5699 sua
1333 5644 1534 5696 Herodis
1564 5645 1710 5693 vitam
1734 5641 1985 5691 describit.

3606 202 3705 263 l8')

2134 329 2259 388 vade
2306 329 2357 381 in
2403 336 2587 381 terram
2636 324 2820 380 Israel.
2874 325 2986 378 Non
3024 323 3134 392 jam
3183 322 3330 386 dicit,
3378 320 3544 391 Fuqe,
3593 322 3711 385 sed,

2146 419 2301 473 Vade.

2203 512 2257 565 4.
2301 509 2489 563 Viden‘
2521 522 2732 562 rursum
2777 507 3008 576 quietem
3040 515 3162 575 post
3193 504 3540 558 tentationem
3565 503 3589 554 2
3619 501 3717 558 de-

2136 601 2256 655 inde
2284 609 2401 672 post
2440 600 2671 668 quietem
2712 612 2898 652 rursus
2928 597 3258 666 periculum?
3283 593 3416 649 Nam
3460 603 3580 664 post
3609 595 3722 650 exi—

2134 693 2260 746 lium
2307 691 2590 757 dimissus,
2621 700 2673 743 et
2708 690 2760 743 in
2810 705 2959 744 suam
3012 689 3283 757 regionem
3324 701 3574 741 reversus
3603 695 3717 749 est,

2135 783 2369 852 viditque
2421 797 2703 851 puerorum
2768 780 3162 835 interfectorem
3215 781 3576 844 exstinctum;
3632 779 3722 833 ubi

2135 889 2264 927 vero
2294 875 2346 927 in
2379 874 2600 944 patriam
2632 873 2905 942 pervenit,
2943 871 3193 940 reliquias
3222 870 3416 926 iterum
3464 870 3720 938 pristino-

2135 980 2255 1021 rum
2286 966 2637 1035 periculorum
2683 963 2902 1033 reperit,
2936 962 3098 1015 ﬁlium
3133 960 3342 1032 tyranni
3373 961 3636 1015 virentem
3668 969 3722 1014 et

2138 1066 2468 1128 regnantem.
2499 1057 2563 1110 Et
2606 1055 2872 1126 quomodo
2917 1054 3209 1109 Archelaus
3253 1054 3508 1123 regnabat
3550 1054 3600 1106 in
3627 1051 3722 1106 Ju—

2139 1149 2250 1203 daea
2276 1189 2290 1213 ,
2320 1164 2440 1203 eum
2469 1148 2686 1202 Pontius
2716 1148 2914 1202 Pilatus
2944 1161 3144 1216 praeses
3172 1145 3357 1200 esset?
3390 1145 3594 1198 Recens
3621 1144 3718 1197 ad-

2141 1241 2243 1296 huc
2280 1251 2396 1296 erat
2435 1256 2580 1295 mors
2611 1241 2868 1308 Herodis,
2901 1239 3125 1294 necdum
3175 1253 3396 1308 regnum
3435 1237 3486 1290 in
3531 1237 3720 1291 multas

2141 1343 2320 1402 partes
2345 1333 2570 1387 divisum
2602 1333 2772 1387 luerat
2802 1351 2813 1385 :
2845 1330 2937 1386 sed
2967 1333 3094 1403 quia
3117 1344 3286 1398 nuper
3313 1328 3547 1383 Herodes
3575 1329 3722 1382 obie-

2140 1436 2243 1491 rat,
2275 1426 2484 1480 interim
2529 1424 2668 1479 ﬁlius
2698 1422 2926 1478 Herodis
2961 1421 3240 1490 imperium
3278 1420 3528 1482 tenebat;
3560 1418 3722 1488 frater

2141 1519 2338 1586 quippe
2369 1516 2613 1570 Archelai
2663 1514 2901 1568 Herodes
2928 1523 2980 1568 et
3009 1513 3122 1581 ipse
3163 1511 3527 1582 appellabatur
3561 1526 3574 1561 :
3605 1509 3724 1564 ideo

2139 1607 2342 1660 addidit
2366 1606 2686 1677 evangelista
2711 1647 2725 1670 ,
2757 1605 2848 1659 29...
2872 1603 2978 1658 Pro
3007 1602 3210 1657 Herode
3237 1614 3379 1672 patre
3403 1618 3512 1656 suo.
3542 1600 3646 1656 Sed
3678 1601 3722 1656 si

2141 1697 2378 1752 Judzeam
2420 1698 2565 1751 adire
2594 1695 2909 1750 formidabat
2935 1703 3151 1765 prepter
3182 1693 3498 1748 Archelaum
3525 1734 3540 1759 ,
3567 1707 3724 1763 Opor-

2143 1792 2381 1844 tebat-et
2426 1788 2695 1842 Galilaaam
2745 1794 2985 1841 metuere
3036 1794 3250 1854 propter
3297 1784 3584 1839 Herodem.
3619 1785 3724 1839 Sed

2142 1882 2230 1936 ubi
2257 1882 2428 1936 locum
2459 1881 2699 1944 mutavit,
2720 1893 2806 1933 res
2833 1889 3016 1947 postea
3049 1878 3100 1930 in
3132 1877 3359 1930 obscuro
3391 1877 3615 1931 mansit:
3645 1885 3725 1930 tn—

2143 1981 2227 2026 tus
2256 1973 2450 2042 quippe
2499 1970 2725 2038 impetus
2768 1975 2955 2022 contra
2987 1966 3297 2021 Bethlehem
3343 1975 3461 2021 erat
3504 1975 3557 2020 et
3593 1966 3726 2020 ﬁnes

2141 2066 2276 2134 ejus.
2307 2063 2465 2118 Caede
2495 2064 2669 2132 itaque
2697 2071 2922 2131 patrata,
2955 2060 3245 2114 Archelaus
3275 2059 3412 2113 ﬁlius
3438 2074 3550 2114 rem
3583 2073 3726 2128 pera-

2141 2164 2278 2209 ctam
2310 2155 2524 2222 pulabat
2548 2193 2563 2217 ,
2603 2163 2760 2222 atque
2788 2167 2908 2206 eum
2936 2152 3024 2220 qui
3053 2149 3392 2218 qua-rebatur
3420 2149 3558 2204 inter
3586 2150 3726 2202 mul-

2143 2257 2222 2302 tos
2249 2249 2480 2300 occisura
2511 2245 2695 2299 fuisse.
2727 2243 2972 2313 Alioquin
3003 2257 3124 2296 cum
3157 2242 3375 2296 vidisset
3401 2250 3604 2311 patrem
3637 2241 3725 2296 tali

2141 2348 2311 2394 morte
2334 2333 3072 2406 consumptum,moderatior
3101 2333 3214 2397 fuit,
3241 2347 3397 2402 quam
3425 2341 3481 2386 ut
3507 2332 3726 2387 ulterius

2140 2429 2474 2498 procederet,
2497 2435 2554 2481 et
2572 2427 2638 2482 de
2669 2426 2944 2495 iniquitate
2970 2423 3339 2479 contenderet.
3365 2423 3523 2478 Venit
3551 2424 3727 2493 itaque

2141 2523 2339 2592 Joseph
2371 2521 2610 2587 Nazaret,
2647 2531 2704 2575 ut
2753 2535 2855 2575 una
2885 2531 2938 2575 et
2965 2519 3254 2590 periculum
3283 2517 3493 2588 lugeret
3515 2559 3528 2582 ,
3556 2526 3610 2572 et
3646 2517 3726 2571 di-

2141 2613 2331 2667 lectam
2363 2614 2585 2682 patriam
2607 2612 2879 2666 incoleret.
2905 2610 2974 2666 Ut
3001 2610 3184 2679 majori
3214 2609 3563 2663 instrueretur
3593 2607 3727 2662 ﬁdu-

2142 2705 2221 2757 cia
2250 2746 2264 2770 ,
2293 2704 2566 2758 oraculum
2611 2702 2678 2757 ab
2720 2701 2908 2771 angelo
2947 2700 3046 2755 hac
3088 2702 3154 2754 de
3181 2713 3240 2754 re
3266 2699 3470 2767 accepit
3503 2713 3725 2767 :quam-

2140 2811 2298 2866 quam
2358 2795 2528 2849 Lucas
2577 2809 2682 2848 non
2746 2793 2887 2848 dicat
2946 2793 3117 2862 ipsum
3173 2808 3267 2861 per
3313 2791 3583 2846 oraculum
3635 2791 3725 2846 illo

2141 2887 2380 2950 venisse;
2435 2885 2528 2940 sed
2577 2885 2838 2954 completa
2880 2883 3248 2953 puriﬁcatione
3293 2884 3344 2937 in
3389 2883 3725 2944 Nazaret"re-

2140 2993 2325 3032 versos
2371 2978 2490 3032 illos
2539 2992 2676 3032 esse.
2709 2976 2845 3044 Quid
2891 2976 3050 3045 igitur
3093 2974 3375 3028 dicendum
3425 2975 3722 3042 estlQuod

2141 3070 2346 3125 scilicet
2383 3068 2553 3122 Lucas
2597 3069 2698 3123 hoc
2738 3067 2912 3131 dicat,
2949 3077 3156 3134 tempus
3197 3066 3502 3121 describens
3555 3066 3720 3132 illud,

2141 3159 2280 3229 quod
2305 3160 2575 3229 praecessit.
2602 3159 2918 3212 descensum
2945 3157 2996 3210 in
3030 3155 3342 3227 Egyptmn.
3371 3155 3551 3226 Neque
3579 3156 3721 3211 enim

2142 3260 2265 3303 ante
2293 3249 2715 3318 puriﬁcationem
2739 3263 2830 3302 eos
2871 3247 2992 3300 illnc
3020 3245 3271 3312 deduxit,
3300 3263 3366 3301 ne
3394 3247 3516 3316 qttid
3539 3257 3722 3302 contra

2143 3340 2311 3410 legem
2339 3340 2726 3401 admitteretur,
2754 3339 2846 3394 sed
2869 3339 3194 3408 exspectavit
3234 3339 3403 3394 donec
3430 3340 3724 3408 puriﬁcatio

2141 3433 2314 3497 ﬁeret,
2346 3447 2409 3486 ac
2447 3431 2682 3486 redirent
2711 3430 2936 3486 Nazaret
2956 3472 2969 3492 ,
3001 3440 3232 3500 tuncque
3257 3429 3640 3485 descenderent
3672 3433 3721 3484 in

2143 3521 2452 3593 Egyptum.
2478 3521 2677 3576 Deinde
2703 3536 2769 3574 ex
2798 3520 3031 3591 Aﬂgypto
3060 3520 3487 3589 profectosjubet
3505 3521 3726 3576 Nazaret

2143 3613 2337 3666 redire.
2369 3613 2536 3666 Antea
2569 3627 2693 3665 vero
2724 3625 2826 3665 non
2856 3611 3040 3665 moniti
3070 3611 3282 3665 oraculo
3305 3610 3533 3679 fuerant,
3560 3621 3614 3666 ut
3638 3612 3724 3665 illo

2142 3703 2416 3767 redirent;
2452 3704 2544 3758 sed
2573 3720 2638 3758 ex
2672 3703 2941 3757 voluntate
2983 3702 3192 3772 propria
3235 3701 3286 3756 in
3335 3702 3582 3758 dilectam
3629 3721 3724 3774 pu-

2145 3798 2297 3850 triam
2320 3811 2378 3852 se
2404 3797 2760 3852 contulerant.
2791 3796 2922 3862 Quia
2952 3795 3094 3850 enim
3123 3810 3228 3850 non
3259 3795 3358 3849 nisi
3387 3811 3484 3864 pro
3525 3796 3725 3850 descri-

2144 3891 2327 3958 ptione
2356 3897 2409 3944 et
2433 3903 2596 3944 censu
2639 3889 2750 3951 illo
2771 3897 3045 3952 venerant,
3081 3902 3180 3942 nec
3206 3887 3353 3942 locus
3379 3887 3447 3940 ibi
3477 3888 3722 3946 manendi

2143 3993 2287 4046 erat,
2336 3996 2394 4036 re
2444 3979 2712 4049 perfecta,
2743 3995 2837 4048 pro
2891 3995 2990 4049 qua
3033 3990 3308 4038 venerant,
3359 3979 3556 4034 reversi
3603 3991 3727 4034 sunt

2145 4071 2386 4126 Nazaret.
2435 4070 2559 4124 Ideo
2605 4069 2825 4139 angelus
2875 4070 2992 4124 illos
3038 4069 3252 4123 domum
3296 4069 3515 4132 reducit,
3551 4078 3608 4122 ut
3653 4069 3723 4123 ibi

2144 4171 2441 4225 manerent,
2475 4177 2646 4230 neque
2690 4160 2817 4216 illud
2854 4163 2966 4214 sine
2992 4175 3171 4224 causa,
3203 4159 3294 4212 sed
3335 4160 3472 4228 quod
3504 4161 3570 4212 ita
3601 4174 3722 4228 pro-

2145 4256 2322 4327 phetia
2370 4255 2532 4310 ferret
2560 4271 2572 4305 :
2603 4269 2724 4307 nam
2758 4253 2866 4305 ait:
2899 4251 2988 4305 25.
3025 4250 3090 4305 Ut
3138 4250 3432 4321 impleretur
3465 4251 3599 4319 quod
3642 4251 3724 4301 di-

2145 4360 2280 4402 ctum
2307 4355 2379 4401 est
2403 4362 2490 4417 per
2508 4344 3038 4416 prapltetas,quoniatn
3057 4340 3339 4396 Nazarceus
3361 4343 3612 4394 vocabitur
3629 4339 3722 4410 (a).

2217 4437 2444 4491 Christus
2474 4451 2562 4488 cur
2590 4433 2870 4488 Nazarazus
2899 4441 3121 4489 vocatus.
3149 4462 3219 4471 ——
3248 4431 3440 4501 Ecquis
3472 4431 3724 4500 propheta

2147 4531 2248 4586 hoc
2272 4531 2403 4585 dixit
2430 4530 2454 4583 ?
2483 4528 2560 4584 Nc
2587 4527 2850 4583 curiosius
2881 4528 3114 4596 inquiras
3152 4526 3232 4580 vel
3283 4526 3552 4579 scruteris.
3585 4524 3726 4578 Multi

2147 4626 2288 4680 enim
2319 4622 2608 4694 prophetici
2651 4621 2773 4675 libri
2814 4621 3089 4691 perierunt
3122 4638 3134 4673 :
3168 4619 3218 4672 id
3245 4618 3386 4687 quod
3414 4632 3478 4671 ex
3513 4617 3728 4671 historia

2148 4719 2587 4787 Paralipomenon
2632 4714 2811 4769 videre
2853 4723 2954 4767 est.
2985 4712 3115 4766 Nam
3147 4725 3336 4780 segnes
3382 4725 3503 4764 cum
3552 4718 3732 4764 essent

2148 4810 2337 4870 Juda-i,
2365 4818 2417 4863 et
2445 4807 2748 4876 frequenter
2779 4804 3084 4860 deciderent
3125 4804 3176 4856 in
3206 4802 3530 4869 impietatem
3553 4842 3566 4866 ,
3599 4799 3732 4854 alios

2151 4905 2350 4960 incuria
2391 4901 2770 4973 perdiderunt,
2798 4899 2928 4952 alios
2959 4907 3011 4952 et
3060 4898 3157 4967 ipsi
3202 4897 3609 4951 combusserunt
3648 4893 3728 4946 vel

2152 4996 2468 5050 lacerarunt.
2488 4993 2688 5048 Horum
2705 4991 2926 5045 alterum
2949 4988 3206 5043 Jeremias
3233 4995 3412 5041 narrat
3441 4984 3570 5054 (Cap
3609 4983 3700 5054 '56)

2216 5171 2288 5231 (a)
2313 5169 2405 5231 ttic
2430 5169 2496 5231 ait
2517 5173 2726 5215 Joannes
2765 5163 3154 5231 Chrysostomus2
3193 5155 3739 5231 prophetasgtllpstubi

2153 5220 2512 5288 hrec'clausula,
2548 5237 2808 5278 Nazarazus
2844 5220 3104 5284 iocabitur,
3126 5220 3432 5288 habebatur,
3464 5220 3742 5288 luctatorem

2155 5294 2340 5341 incuria
2372 5280 2571 5339 amissos
2591 5289 2760 5338 fuisse.
2787 5287 2880 5338 Alii
2903 5280 3099 5345 dicunt,
3125 5287 3233 5334 haec
3255 5298 3350 5333 non
3387 5283 3504 5343 ipsis
3542 5280 3739 5345 quidem

2154 5355 2336 5413 verbis,
2363 5351 2452 5401 sed
2475 5351 2602 5412 quod
2626 5351 2684 5398 ad
2707 5363 2903 5413 sensum
2932 5341 3140 5413 reperiri
3163 5353 3213 5413 in
3236 5341 3506 5413 prepltetis,
3533 5341 3618 5413 qui
3650 5341 3739 5390 ho«

2155 5405 2338 5478 dieque
2362 5405 2574 5478 exstant.
2599 5420 2695 5461 Nec
2711 5405 3005 5478 desunt_gu_i'
3027 5405 3340 5478 eris-timenti
3357 5407 3463 5476 hinc
3484 5405 3740 5478 VQrb-elre-

2156 5465 2351 5538 Spicere
2375 5476 2505 5524 hunc
2529 5474 2682 5524 locum
2719 5473 2854 5523 lsaize
2874 5465 2956 5524 Xl'.
2981 5473 3023 5529 t,
3047 5473 3130 5520 ubi
3163 5473 3212 5518 in
3251 5467 3490 5518 t—tebraico
3535 5465 3735 5528 legitur,

2157 5553 2296 5603 m5?
2333 5553 2563 5601 unum
2585 5551 2730 5604 ’13:},
2761 5555 2806 5597 et
2828 5546 2917 5610 flos
2947 5547 3007 5595 de
3031 5543 3279 5610 radicibus
3297 5557 3403 5607 ejus
3428 5539 3715 5610 germinabtt

2162 5613 2255 5665 Ubi
2289 5613 2433 5673 illud,
2459 5623 2596 5679 wn,
2629 5625 2782 5670 neser,
2811 5604 3087 5658 Nam-zeum
3116 5604 3403 5669 exprimere
3426 5604 3732 5655 existimant.
