4076 6150
425 321 519 379 181

421 438 650 492 alterum
694 433 738 486 is
775 431 862 502 qui
902 437 1148 500 quartum
1192 428 1496 499 Regnorum
1526 421 1717 482 librum
1748 426 1897 497 (Cap.
1916 428 2008 489 9.2)

420 525 625 588 edidit,
657 525 782 578 dum
813 525 915 586 ait,
949 532 1069 591 post
1111 522 1332 577 multum
1381 518 1637 588 temporis
1677 520 1760 572 vix
1794 518 2008 573 tandem

424 617 893 673 Deuteronomium
957 613 1208 669 emissum
1270 612 1431 666 fuisse
1488 620 1645 665 antea
1716 610 2005 683 perditum.

420 711 476 766 Si
511 723 670 780 porro
700 709 846 762 nullo
894 708 1124 761 instante
1172 704 1397 759 barbaro
1427 703 1504 757 sic
1551 702 1716 757 libros
1756 701 2005 772 prodide-

421 813 565 867 runt,
595 801 763 856 multo
790 799 958 868 magis
989 806 1267 867 postquam
1297 795 1505 850 barbari
1538 795 1858 864 irruperant.
1887 794 2005 848 Car

419 901 596 946 terum
628 891 749 960 quia
794 889 843 944 id
882 890 1151 958 prepl:et:e
1180 885 1564 957 pra-dixerant,
1594 885 1820 953 apostoli
1864 900 2008 954 smpc

417 983 566 1038 illum
595 981 929 1036 Nazarenum
958 987 1170 1033 vocant.
1198 976 1311 1033 Hoc
1331 991 1459 1045 ergo
1479 986 1581 1041 est,
1606 974 1836 1045 inquies,
1864 976 2004 1043 quod

417 1075 749 1146 prophetiam
795 1073 864 1127 de
908 1069 1222 1126 Bethlebem
1263 1069 1542 1124 obscuram
1585 1066 1846 1122 reddidit?
1896 1065 2002 1121 Ne-

415 1181 727 1237 quaquam:
770 1164 864 1219 sed
909 1162 1041 1216 illud
1083 1162 1253 1231 ipsum
1299 1159 1534 1213 maxime
1572 1156 1819 1213 movebat
1844 1165 1901 1212 et
1938 1156 2003 1210 ad

414 1258 741 1330 exploranda
783 1271 843 1311 ea
890 1271 1010 1325 quae
1041 1253 1107 1307 de
1150 1254 1243 1308 illo
1284 1252 1426 1305 dicta
1474 1251 1681 1325 fuerant
1710 1247 2002 1303 excitabat.

414 1351 506 1406 Sic
545 1358 601 1406 et
642 1346 935 1404 Natbanael
975 1344 1039 1399 ad
1096 1342 1531 1413 perquisitionem
1575 1341 1644 1396 de
1682 1341 1774 1395 illo
1804 1339 2003 1393 facien-

413 1443 536 1496 dam
584 1441 729 1495 venit
776 1439 1002 1493 dicens:
1037 1434 1120 1489 Ea:
1170 1433 1392 1488 Nazaret
1438 1441 1596 1503 potest
1653 1430 1847 1501 aliquid
1887 1431 2004 1483 boni

413 1551 520 1588 esse
544 1533 740 1604 (Joan.
772 1531 821 1584 Ι.
852 1529 923 1584 46
945 1528 1001 1599 )?
1031 1526 1161 1581 Nam
1191 1526 1394 1579 viculus
1424 1533 1539 1579 erat
1564 1524 1712 1588 vilis;
1740 1522 1848 1576 imo
1895 1537 1999 1575 non

414 1622 620 1677 viculns
645 1622 733 1675 ille
762 1628 962 1673 tantum
982 1659 998 1684 ,
1031 1618 1124 1671 sed
1166 1623 1273 1670 tota
1302 1613 1535 1670 Catilina:
1565 1613 1727 1681 regio.
1755 1612 1879 1666 ideo
1920 1612 2001 1665 di-

413 1716 609 1771 cebant
635 1712 888 1768 Pharisaei
923 1728 939 1765 :
972 1709 1260 1777 Interroga,
1293 1716 1339 1761 et
1364 1707 1508 1769 vide,
1536 1705 1771 1775 quoniam
1801 1721 1864 1759 ex
1892 1703 1997 1757 Ga-

413 1808 550 1861 lihea
577 1803 821 1874 propheta
846 1818 945 1855 non
974 1800 1192 1854 surrexit
1218 1796 1273 1868 (1
1280 1814 1393 1851 oan.
1423 1797 1475 1850 7.
1499 1796 1612 1864 ΒΞ).
1642 1796 1887 1849 Attamen
1912 1795 2000 1850 illc

412 1914 478 1953 ex
524 1898 613 1950 tali
661 1895 827 1966 patria
867 1901 1085 1947 vocatus
1130 1906 1233 1946 non
1273 1888 1578 1953 erubescit,
1611 1888 1899 1942 ostendens
1941 1902 1999 1941 se

413 1988 554 2042 nulla
588 2003 646 2042 re
678 1986 904 2040 humana
935 1998 1094 2053 egere
1124 2001 1137 2036 :
1169 1980 1565 2050 discipulosque
1604 1992 1729 2031 suos
1760 1993 1824 2031 ex
1854 1977 2000 2031 Gali-

412 2081 508 2134 lara
535 2078 700 2148 eligit,
734 2076 965 2145 undique
994 2074 1303 2129 occasiones
1344 2080 1399 2125 et
1426 2070 1676 2125 obtentus
1715 2067 1999 2122 suceidens

413 2171 479 2225 iis
523 2170 611 2239 qui
661 2177 873 2236 torpere
925 2164 1160 2230 vellent,
1209 2161 1601 2230 ostendensque
1643 2173 1741 2212 nos
1779 2166 1995 2213 externa

412 2260 555 2315 nulla
597 2274 655 2314 re
680 2273 841 2328 egere
862 2298 878 2322 ,
905 2257 950 2311 si
995 2256 1243 2309 virtutem
1270 2264 1636 2308 exerceamus.
1670 2249 1900 2318 ldCOtjlle
1931 2264 1997 2304 ne

411 2352 626 2406 domum
655 2350 866 2420 quidem
889 2348 988 2403 sibi
1010 2346 1207 2417 delegit
1237 2363 1250 2399 :
1276 2360 1397 2399 nam
1423 2345 1535 2398 ait:
1570 2341 1738 2397 Filius
1781 2343 1997 2397 hominis

410 2461 512 2499 non
542 2443 685 2497 habet
716 2443 797 2497 ubi
825 2451 979 2510 caput
1007 2441 1210 2493 reclinet
1236 2438 1256 2511 (
1281 2437 1403 2491 Luc.
1437 2437 1489 2493 9.
1522 2437 1615 2504 58)
1641 2454 1655 2501 ;
1687 2445 1847 2505 atque
1888 2434 1993 2490 lle-

411 2536 541 2590 rode
568 2535 845 2589 insidiante
877 2533 1026 2602 fngit,
1056 2531 1105 2585 in
1136 2530 1393 2600 praesepio
1419 2529 1729 2590 collocatur,
1754 2534 1808 2581 ct
1835 2526 1886 2580 in
1913 2526 1995 2580 di-

410 2627 648 2682 versorio
699 2632 914 2689 manet,
945 2631 1273 2691 matremque
1315 2619 1463 2689 eligit
1508 2619 1718 2688 inopem
1744 2659 1757 2679 ,
1792 2625 1850 2671 ut
1897 2631 1993 2671 nos

409 2718 616 2780 doceat,
648 2732 715 2771 ne
744 2716 1010 2785 quidpiam
1042 2711 1342 2782 hujusmodi
1371 2722 1522 2780 turpe
1552 2723 1671 2763 esse
1701 2718 1948 2777 putemus
1973 2747 1988 2772 ,

409 2812 536 2864 dum
570 2813 618 2863 in
652 2809 957 2880 primordiis
999 2808 1111 2876 ipse
1157 2806 1445 2858 lmmannm
1490 2803 1659 2856 calcat
1687 2800 1876 2855 fastum
1900 2842 1915 2867 ,
1939 2811 1992 2854 et

411 2902 499 2956 uni
533 2902 711 2955 virtuti
742 2900 983 2954 addictos
1008 2912 1128 2953 esse
1154 2896 1327 2964 jubet.

477 2993 530 3046 5.
567 2991 785 3045 Sanctus
817 2988 1010 3042 Paulus
1049 3003 1148 3041 non
1188 2986 1324 3039 dedit
1369 3000 1545 3037 ansam
1600 2984 1663 3035 de
1700 2982 1864 3051 patria
1904 2989 1993 3034 aut

408 3085 634 3154 patribus
674 3084 833 3137 altum
882 3080 1132 3150 sapiendi.
1183 3077 1396 3132 Patrum
1433 3074 1666 3129 nobilitas
1706 3090 1806 3128 non
1844 3075 1991 3144 juvat

405 3175 676 3244 improbos,
704 3172 987 3242 ignobilitas
1018 3188 1116 3224 non
1148 3178 1289 3223 nocet
1314 3168 1500 3237 probis.
1534 3196 1603 3205 —
1631 3163 1737 3219 Cur
1758 3165 1897 3219 enim
1924 3164 1992 3219 ds

406 3265 574 3334 patria
597 3264 760 3317 altum
791 3263 956 3331 sapis,
978 3259 1191 3331 quando
1215 3274 1337 3329 ego,
1365 3257 1552 3328 inquit,
1571 3256 1623 3310 iu
1648 3264 1757 3310 toto
1783 3254 1914 3310 orbe
1941 3264 1991 3311 te

407 3355 742 3425 peregrinum
774 3368 893 3407 esse
914 3351 1077 3422 jubeo
1104 3350 1128 3403 ?
1153 3348 1365 3420 quando
1392 3347 1514 3401 licet
1541 3347 1630 3400 tibi
1665 3345 1822 3399 talem
1848 3359 1984 3409 esse,

406 3458 464 3500 ut
495 3456 634 3500 totus
662 3444 891 3499 mundus
939 3452 991 3498 te
1034 3456 1138 3495 non
1185 3440 1255 3494 sit
1298 3438 1526 3508 dignus?
1557 3437 1679 3491 llaec
1723 3436 1866 3489 enim
1919 3436 1989 3490 ita

404 3534 791 3592 contemnenda
822 3543 969 3600 sunt,
998 3541 1052 3586 ut
1080 3546 1147 3587 ne
1188 3547 1216 3584 a
1250 3528 1579 3600 philoSOphis
1603 3528 1813 3598 quidem
1842 3526 1991 3583 Cra:-

403 3643 590 3684 corum
632 3628 812 3698 aliquo
844 3626 897 3680 in
928 3625 1097 3696 pretio
1130 3624 1454 3689 habeantur,
1484 3620 1576 3676 sed
1607 3630 1860 3676 extranea
1890 3635 1987 3674 vo-

403 3731 611 3786 centur,
643 3730 1045 3789 extremumque
1074 3718 1247 3773 locum
1275 3724 1553 3784 occupent.
1586 3715 1743 3784 Atqui
1793 3713 1990 3768 Paulus

406 3816 522 3872 haec
545 3814 897 3885 amplectitur.
931 3812 1159 3880 inquies,
1181 3808 1258 3863 sic
1288 3809 1510 3878 loquens
1533 3825 1546 3862 :
1569 3807 1859 3861 Secundum
1884 3806 1987 3860 ele-

403 3910 638 3971 ctionem,
664 3905 911 3960 carissimi
936 3946 952 3970 ,
982 3912 1185 3975 prepter
1214 3911 1380 3972 patres
1409 3901 1583 3970 (Rom.
1615 3900 1702 3954 il.
1733 3898 1849 3963 ΞΒ).
1882 3899 1985 3952 Sed

402 4000 510 4064 die,
540 3997 771 4068 quando,
802 3996 870 4050 de
898 3995 1111 4065 quibus,
1140 4002 1195 4048 et
1219 4007 1351 4061 quos
1376 3992 1674 4060 alloquens.
1704 3990 1822 4058 Agit
1844 3989 1986 4043 enim

402 4108 523 4146 cum
553 4091 616 4144 iis
640 4089 729 4160 qui
757 4103 822 4143 ex
866 4087 1112 4156 gentibus
1140 4084 1385 4139 conversi
1407 4124 1421 4147 ,
1451 4083 1518 4138 de
1558 4082 1662 4136 fide
1694 4082 1857 4135 altum
1898 4096 1988 4135 sa-

406 4182 619 4251 piebant
647 4191 698 4234 et
730 4179 1000 4233 tumebant
1025 4217 1041 4243 ,
1073 4185 1257 4230 contra
1286 4173 1499 4228 Judaeos
1538 4172 1911 4241 insurgebant.
1935 4180 1990 4226 et

406 4274 507 4327 hac
535 4272 601 4326 de
635 4284 793 4324 causa
827 4269 993 4338 magis
1024 4267 1143 4321 illos
1170 4280 1200 4319 a
1237 4280 1297 4319 se
1338 4264 1746 4332 sequestrabant
1774 4280 1786 4314 :
1820 4262 1989 4333 repri-

405 4378 556 4419 mens
596 4362 754 4433 igitur
796 4360 1005 4415 illorum
1035 4366 1332 4422 tumorem,
1360 4354 1457 4408 hos
1484 4354 1648 4408 allicit
1673 4393 1689 4418 ,
1722 4363 1777 4408 et
1817 4352 1881 4406 ad
1911 4352 1990 4406 id-

406 4455 577 4522 ipsam
606 4450 836 4505 studium
865 4449 1079 4503 excitat.
1106 4447 1237 4502 Nam
1267 4461 1387 4501 cum
1419 4444 1485 4499 de
1529 4444 1732 4513 magnis
1778 4443 1884 4497 illis
1928 4458 1989 4497 ac

403 4544 637 4597 strenuis
662 4542 787 4596 viris
830 4539 1061 4609 loquitur
1087 4580 1101 4604 ,
1132 4537 1253 4592 audi
1294 4536 1419 4606 quid
1462 4534 1607 4590 dicat
1636 4553 1646 4587 :
1681 4535 1781 4599 Qui
1824 4544 1990 4587 autem

405 4638 512 4689 hac
539 4635 730 4698 dicunt,
756 4633 1043 4703 signiﬁcant
1063 4646 1116 4683 se
1144 4629 1361 4698 patriam
1399 4628 1671 4696 inquirere.
1706 4626 1771 4678 Et
1801 4627 1844 4678 si
1878 4628 1991 4695 qui-

403 4730 517 4779 dem
546 4725 684 4778 illius
701 4723 1059 4786 meminissent,
1081 4720 1143 4774 de
1166 4737 1263 4787 qua
1292 4718 1532 4783 exierant,
1555 4718 1839 4771 habuissent
1866 4726 1990 4769 tem-

406 4837 502 4891 pus
527 4817 804 4873 revertendi
832 4832 850 4868 :
878 4831 1009 4869 nunc
1029 4824 1196 4868 autem
1216 4812 1426 4865 alteram
1455 4811 1708 4863 meliorem
1747 4818 1989 4878 appetunt

405 4911 590 4982 (IIebr.
621 4910 708 4963 Η.
737 4906 950 4974 14-16).
984 4905 1049 4959 Ει
1077 4919 1285 4959 rursum
1320 4921 1332 4955 :
1364 4901 1656 4957 Secundum
1681 4902 1833 4968 ﬁdem
1858 4916 1991 4954 mor-

406 5002 478 5053 tui
516 5008 634 5054 sunt
681 4996 735 5050 hi
771 5011 973 5059 omnes,
1007 5010 1107 5047 non
1139 5003 1453 5063 reportantes
1498 4992 1872 5063 promissiones,
1904 4992 1991 5045 sed

408 5092 583 5164 procul
612 5092 750 5161 ipsas
776 5088 995 5142 ridentes
1019 5094 1064 5140 et
1089 5087 1361 5139 salutantes
1378 5084 1538 5155 (Ibid.
1558 5100 1604 5136 υ.
1627 5082 1731 5153 l5).
1760 5083 1991 5139 Joannes

408 5202 533 5240 vero
562 5184 628 5237 ad
659 5198 718 5237 se
747 5178 1080 5235 venientibus
1105 5177 1351 5231 dicebat:
1382 5176 1462 5230 Ne
1488 5177 1645 5230 velitis
1667 5177 1846 5241 dicere,
1878 5174 1990 5229 Pa-

408 5287 533 5329 trem
557 5275 795 5327 habemus
825 5269 1079 5323 Abraham
1111 5268 1128 5338 (
1156 5267 1278 5320 Luc.
1312 5268 1363 5321 5.
1394 5268 1425 5321 8
1522 5266 1822 5337 Itcrumquc
1854 5267 1991 5320 Pau-

407 5368 490 5421 lus
518 5383 532 5419 :
569 5365 687 5419 Non
714 5365 847 5418 enim
877 5376 1049 5415 carnes
1074 5359 1159 5428 qui
1180 5374 1245 5412 ea:
1276 5356 1458 5422 Israel,
1488 5359 1540 5411 hi
1574 5368 1688 5412 sunt
1718 5357 1989 5424 Israelitaz,

408 5474 567 5524 neque
592 5457 677 5527 qui
706 5455 801 5524 ﬁlii
837 5453 1004 5509 carnis
1029 5491 1044 5517 ,
1077 5451 1127 5503 hi
1167 5449 1263 5519 ﬁlii
1293 5448 1386 5502 Dei
1419 5449 1438 5519 (
1470 5449 1618 5503 Rom.
1643 5450 1694 5504 9.
1727 5451 1759 5504 6
1786 5450 1825 5519 ).
1857 5449 1991 5517 Quid

410 5553 573 5617 enim,
603 5562 807 5620 quaso,
852 5544 1048 5617 profuit
1078 5543 1201 5598 ﬁliis
1240 5541 1501 5596 Samuelis
1530 5543 1692 5610 patris
1721 5543 1990 5609 nobilitas,

407 5642 563 5712 cujus
610 5656 714 5694 non
765 5638 976 5693 fuerunt
1011 5635 1221 5690 virtutis
1263 5631 1527 5687 heredes?
1553 5633 1701 5699 Quod
1731 5634 1888 5688 etiam
1916 5635 1995 5686 lu-

409 5750 558 5790 crum
589 5733 713 5788 ﬁliis
752 5732 909 5786 Musis
943 5730 1039 5783 fuit
1064 5768 1079 5794 ,
1109 5728 1256 5797 cujus
1297 5724 1619 5793 diligentiam
1657 5734 1709 5781 ct
1744 5725 1987 5781 virtutem

1602 314 1665 369 IN
1704 314 2105 373 MAT'I'H/EUM
2149 316 2376 373 IIOMIL.
2423 320 2509 374 lX.

3602 338 3701 391 ’ϐξ

2116 444 2221 484 ηοη
2253 441 2374 485 sunt
2406 433 2634 489 imitati?
2662 436 2838 506 Neque
2880 439 3159 509 imperium
3205 455 3325 514 post
3355 447 3500 503 illum
3543 466 3699 506 exce-

2117 530 2349 590 perunt:
2379 524 2470 578 sed
2512 524 2636 579 dum
2672 537 2874 595 patrem
2908 530 3078 599 ipsum
3113 533 3491 603 inscriberent,
3521 544 3698 609 populi

2117 610 2427 679 praifectura
2459 616 2523 669 ad
2555 618 2714 671 alium
2745 621 3020 686 transivit,
3052 624 3139 692 qui
3172 626 3364 682 virtute
3394 628 3530 683 filius
3556 630 3700 685 illius

2114 711 2247 755 erat.
2275 702 2410 768 Quid
2435 715 2611 760 autem
2642 709 2819 763 nocuit
2845 709 3145 779 Timotheo,
3175 716 3313 785 quod
3339 726 3489 786 patre
3514 723 3697 790 gentili

2115 802 2268 847 natus
2295 797 2479 850 esset?
2505 798 2627 866 quid
2659 809 2842 854 contra
2869 801 2996 857 Noae
3041 804 3179 860 filius
3208 807 3274 861 de
3303 809 3495 864 virtute
3532 814 3697 880 patris

2114 884 2346 941 lucratus
2375 898 2475 953 est,
2502 891 2589 959 qui
2620 907 2805 947 servus
2831 894 2895 949 de
2925 896 3094 952 libero
3123 898 3289 955 factus
3314 904 3435 956 est?
3460 904 3695 960 Vidistin‘

2112 979 2381 1047 quomodo
2412 983 2573 1050 patris
2600 982 2847 1041 nobilitas
2877 1002 2982 1041 non
3026 989 3153 1043 satis
3185 990 3432 1047 idoneum
3463 996 3533 1049 sit
3562 995 3693 1050 filio-

2113 1083 2229 1122 rum
2259 1073 2608 1138 patrocinium
2632 1075 2654 1128 ?
2681 1075 2810 1130 Nam
2845 1080 3098 1148 propositi
3126 1083 3358 1152 nequitia
3385 1095 3588 1143 natura:
3617 1091 3694 1144 le-

2110 1175 2204 1230 ges
2234 1163 2358 1218 vicit
2384 1181 2398 1228 ;
2432 1181 2530 1221 nec
2557 1168 2715 1222 modo
2742 1169 2887 1224 illum
2917 1187 2981 1227 ex
3014 1174 3286 1232 nobilitate
3311 1187 3528 1246 paterna
3554 1219 3572 1247 ,
3600 1182 3695 1236 sed

2110 1253 2269 1307 etiam
2321 1270 2385 1310 ex
2432 1256 2678 1314 libertate
2718 1260 2929 1330 dejecit.
2981 1263 3167 1318 Nonne
3208 1276 3262 1321 et
3308 1268 3448 1323 Esau
3483 1285 3695 1341 quoque

2110 1343 2250 1398 filius
2275 1356 2392 1401 erat
2423 1345 2605 1414 lsaaci,
2629 1350 2717 1419 qui
2748 1352 2847 1405 sibi
2869 1354 3343 1421 patrocinabatur?
3373 1358 3579 1413 Etenim
3605 1376 3695 1429 pa-

2111 1445 2189 1490 ter
2218 1439 2333 1505 ejus
2378 1439 2428 1493 id
2473 1442 2730 1504 curabat,
2765 1443 2815 1496 id
2861 1446 3127 1514 cupiebat,
3161 1458 3216 1501 ut
3258 1449 3692 1513 benedictionem

2108 1527 2375 1596 particeps
2399 1538 2573 1595 esset,
2603 1540 2655 1583 et
2686 1547 2783 1599 pro
2828 1534 2924 1586 hac
2967 1550 3022 1589 re
3068 1537 3180 1605 ipse
3219 1554 3334 1607 qua:
3375 1540 3695 1609 jubebantur

2107 1618 2284 1671 omnia
2308 1620 2717 1688 exsequebatur.
2754 1624 2997 1677 Attamen
3027 1626 3144 1693 quia
3180 1642 3372 1695 pravus
3405 1640 3540 1696 erat,
3571 1633 3692 1686 nui-

2108 1706 2214 1760 lum
2242 1723 2308 1762 ex
2342 1708 2405 1762 iis
2436 1708 2660 1764 fructum
2693 1713 2929 1782 percepit
2958 1731 2972 1778 ;
3004 1715 3097 1768 sed
3121 1719 3217 1770 etsi
3247 1727 3369 1771 natu
3398 1720 3559 1788 prior,
3593 1724 3692 1776 etsi

2108 1807 2309 1866 patrem
2342 1798 2554 1855 haberet
2584 1802 2681 1856 sibi
2711 1803 2762 1856 in
2785 1802 3034 1859 omnibus
3064 1804 3349 1871 faventem,
3372 1808 3494 1878 quia
3525 1810 3691 1864 Deum

2107 1903 2210 1942 non
2241 1890 2421 1945 habuit
2449 1892 2793 1962 opitulantem
2819 1934 2832 1960 ,
2876 1894 3125 1949 omnibus
3169 1898 3393 1952 excidit.
3420 1898 3526 1953 Sed
3565 1900 3691 1970 quid

2106 1971 2351 2029 homines
2380 1990 2744 2031 commemoro
2768 1978 2791 2031 ?
2818 1976 2933 2033 Filii
2964 1979 3055 2035 Dei
3088 1980 3233 2035 fuere
3259 1981 3451 2053 Judznj,
3477 1992 3533 2038 et
3562 1986 3689 2038 nihil

2104 2078 2169 2118 ex
2199 2066 2285 2119 tali
2321 2067 2595 2123 nobilitate
2625 2068 2811 2124 lucrati
2844 2082 2988 2126 sunt.
3020 2071 3075 2126 Si
3100 2073 3255 2143 igitur
3279 2077 3397 2146 quis
3426 2077 3567 2132 illius
3598 2079 3688 2135 Dei

2103 2154 2345 2223 effectus,
2374 2159 2475 2213 nisi
2507 2159 2783 2216 nobilitate
2814 2163 2900 2217 illa
2928 2164 3137 2236 dignam
3162 2167 3409 2224 virtutem
3437 2171 3689 2227 exhibue-

2104 2247 2192 2312 rit,
2224 2247 2426 2317 majore
2453 2248 2683 2306 afficitur
2706 2252 2966 2323 supplicio
2989 2296 3005 2318 ,
3032 2256 3155 2325 quid
3186 2258 3315 2312 mihi
3350 2260 3606 2329 majorum
3636 2272 3689 2316 et

2102 2352 2322 2392 avorum
2351 2339 2679 2394 nobilitatem
2727 2342 2934 2410 profers
2965 2345 3015 2398 in
3061 2346 3329 2402 medium?
3359 2350 3469 2404 Hoc
3512 2362 3686 2406 autem

2101 2443 2206 2483 non
2235 2430 2286 2484 in
2315 2429 2491 2485 Veteri
2534 2441 2759 2501 tantum,
2792 2434 2885 2489 sed
2911 2436 3069 2490 etiam
3098 2437 3148 2491 in
3176 2438 3325 2494 Novo
3349 2441 3688 2498 Testamento

2099 2520 2386 2589 contigisse
2426 2520 2843 2591 deprehendas:
2883 2540 3004 2579 nam
3048 2529 3123 2581 ait
3168 2547 3180 2581 :
3228 2529 3477 2601 Quotquot
3521 2547 3687 2587 autem

2100 2620 2392 2679 receperunt
2417 2628 2529 2665 eum
2555 2654 2569 2678 ,
2604 2612 2741 2667 dedit
2778 2616 2850 2669 eis
2898 2625 3192 2684 potestatem
3244 2619 3378 2687 ﬁlios
3426 2620 3520 2674 Dei
3576 2623 3687 2688 ﬁeri

2099 2701 2291 2772 (.Ioau.
2325 2703 2374 2756 l.
2408 2704 2476 2757 12
2505 2704 2546 2776 ).
2577 2706 2823 2760 Attamen
2868 2708 3046 2762 multis
3092 2707 3390 2777 hujusmodi
3421 2713 3561 2779 filiis,
3598 2730 3685 2782 pa-

2101 2803 2232 2849 trem
2259 2794 2387 2849 nihil
2410 2797 2669 2865 profuisse
2683 2798 2810 2851 dicit
2836 2798 3030 2854 Paulus
3063 2819 3075 2854 :
3109 2801 3170 2855 Si
3193 2803 3325 2855 enim
3351 2806 3682 2858 circumcida-

2098 2888 2242 2953 miui,
2275 2887 2475 2956 inquit,
2503 2886 2730 2943 Christus
2755 2890 2891 2944 vobis
2917 2891 3045 2944 nihil
3073 2892 3298 2962 proderit
3337 2893 3358 2966 (
3380 2893 3497 2949 Gal.
3525 2897 3578 2952 5.
3604 2898 3679 2967 Ξ).

2096 2979 2151 3035 Si
2185 2995 2313 3035 vero
2341 2980 2585 3035 Christus
2616 2982 2743 3035 nihil
2775 2984 2990 3051 prodest
3019 2985 3081 3038 iis
3106 2986 3193 3054 qui
3226 2986 3326 3040 sibi
3373 2988 3560 3042 nolunt
3606 3000 3684 3043 at-

2099 3074 2485 3143 tcndere,quo
2539 3085 2691 3144 pacto
2743 3076 2870 3142 ipsis
2915 3077 3334 3144 patrocinabitur
3376 3079 3575 3135 homo?
3607 3082 3683 3137 Ne

2098 3165 2254 3233 igitur
2277 3165 2357 3218 vel
2381 3165 2445 3217 de
2461 3164 2752 3224 nobilitate.
2779 3167 2859 3220 vel
2878 3167 2945 3221 de
2971 3168 3164 3223 divitiis
3187 3170 3351 3224 altum
3374 3173 3641 3241 sapiamus
3665 3192 3678 3239 ;

2097 3256 2203 3309 imo
2230 3270 2323 3310 eos
2348 3258 2436 3325 qui
2482 3256 2552 3309 ita
2593 3266 2715 3310 sunt
2763 3256 2937 3313 affecti
2968 3259 3325 3328 despiciamus
3356 3279 3371 3317 :
3411 3278 3584 3333 neque
3613 3267 3681 3319 ob

2096 3354 2460 3415 paupertatem
2488 3346 2801 3416 dejiciamur
2820 3389 2833 3413 ,
2862 3347 2956 3403 sed
2984 3350 3104 3405 illas
3123 3366 3422 3420 qua'ramus
3447 3355 3677 3419 divitias,

2094 3453 2213 3507 qnze
2257 3438 2410 3493 bonis
2456 3436 2706 3507 operibus
2734 3448 3024 3495 constant:
3055 3442 3197 3496 illam
3245 3444 3504 3513 fugiamus
3548 3463 3678 3516 pau-

2097 3540 2375 3599 pertatem,
2405 3546 2524 3601 qua:
2568 3546 2665 3584 nos
2696 3533 2745 3586 in
2789 3533 3075 3601 nequitiam
3114 3534 3364 3603 conjicit,
3395 3552 3497 3606 qua
3528 3538 3675 3591 dives

2095 3622 2206 3687 ille,
2237 3636 2439 3691 pauper
2468 3631 2579 3675 erat
2605 3664 2619 3684 ,
2649 3623 2735 3692 qui
2766 3638 2831 3677 ne
2872 3624 3067 3679 stillam
3096 3625 3307 3695 quidem
3338 3642 3488 3698 aqua:
3516 3629 3678 3698 impe-

2095 3713 2271 3779 travit,
2301 3713 2399 3767 etsi
2448 3713 2625 3768 multis
2668 3714 2918 3771 adhibitis
2946 3716 3191 3787 precibus
3221 3719 3240 3787 (
3268 3717 3391 3773 Luc.
3425 3718 3509 3775 i6.
3541 3720 3611 3775 24
3636 3720 3674 3791 ).

2093 3802 2422 3873 Quamquam
2479 3806 2598 3875 quis
2644 3806 2782 3860 inter
2835 3822 2933 3863 nos
2985 3809 3055 3863 ita
3106 3823 3309 3880 panper
3351 3820 3469 3875 est,
3504 3822 3562 3867 ut
3613 3829 3677 3867 ne

2094 3908 2283 3964 aquam
2328 3894 2541 3962 quidem
2588 3895 2822 3951 habeat?
2851 3897 3020 3953 Nemo
3046 3914 3196 3955 sane.
3228 3900 3358 3955 Nam
3396 3902 3468 3954 illi
3517 3904 3675 3957 etiam

2093 3986 2181 4055 qui
2226 3994 2462 4041 extrema
2497 3988 2633 4043 fame
2664 3990 2941 4044 tabescunt
2966 4033 2982 4057 ,
3029 3992 3186 4049 stillis
3225 4009 3375 4064 aqua:
3406 3995 3505 4050 frui
3554 4012 3675 4064 pos-

2094 4086 2219 4132 sunt
2246 4095 2261 4143 ;
2290 4093 2389 4133 nec
2415 4078 2572 4132 stillis
2601 4095 2752 4148 aqua:
2781 4080 2951 4134 solum
2976 4121 2991 4146 ,
3025 4081 3118 4135 sed
3158 4084 3318 4137 etiam
3361 4085 3563 4154 majore
3587 4101 3676 4139 Sn-

2094 4168 2241 4223 latio.
2272 4168 2439 4223 Seeus
2466 4178 2642 4223 autem
2670 4169 2821 4223 dives
2849 4169 2936 4224 ille
2961 4211 2977 4237 ,
3007 4172 3095 4240 qni
3123 4171 3187 4225 ad
3216 4188 3333 4228 eam
3361 4189 3528 4245 usque
3555 4193 3678 4246 pan-

2096 4268 2353 4328 pertatem
2383 4260 2611 4319 devenit.
2646 4270 2701 4313 ut
2732 4261 2933 4315 nullum
2962 4273 3143 4331 posset
3172 4265 3409 4322 invenire
3455 4283 3678 4339 pauper-

2096 4352 2218 4405 tatis
2254 4351 2523 4405 solatium.
2550 4349 2657 4407 Cur
2683 4352 2860 4421 itaque
2890 4353 3087 4409 divitiis
3116 4355 3402 4422 inhiamus,
3436 4375 3553 4429 qua:
3583 4377 3680 4417 nos

2097 4444 2148 4497 in
2179 4443 2364 4497 cmlum
2411 4443 2661 4500 inducere
2690 4446 3003 4515 nequeunt?
3031 4447 3126 4503 Dic
3151 4449 3279 4503 mihi
3315 4469 3327 4504 :
3356 4450 3400 4504 si
3426 4452 3544 4520 quis
3587 4470 3676 4507 rex

2097 4545 2340 4591 terrenus
2366 4535 2608 4600 diceret,
2639 4536 2841 4590 nullum
2872 4537 3087 4593 divitem
3132 4555 3288 4608 posse
3320 4542 3372 4595 in
3402 4544 3545 4611 regia
3584 4544 3677 4598 ful-

2094 4643 2240 4697 gere,
2263 4636 2351 4680 aut
2392 4625 2597 4681 honore
2626 4627 2746 4690 frui,
2777 4643 2951 4682 annon
2980 4631 3154 4684 cuncti
3184 4630 3395 4685 divitias
3437 4633 3677 4702 deSpimn.

2095 4719 2223 4773 retis
2250 4727 2307 4773 et
2337 4718 2677 4788 abjicerctis?
2704 4719 2861 4788 Atqui
2887 4761 2901 4785 ,
2935 4721 2978 4775 si
3008 4736 3072 4775 ex
3103 4730 3331 4777 terrena:
3362 4724 3498 4778 illius
3524 4726 3632 4793 regi
3654 4745 3681 4777 ιε

2098 4809 2300 4864 honore
2326 4823 2423 4863 nos
2446 4809 2720 4879 dejiciant,
2749 4814 3073 4882 contemptui
3103 4824 3263 4868 erunt
3288 4831 3303 4881 ;
3334 4815 3478 4885 Rege
3499 4826 3680 4871 autem

2096 4900 2344 4953 caelorum
2377 4900 2615 4970 quotidie
2653 4901 2914 4956 clamante
2941 4917 3003 4958 ac
3046 4902 3255 4961 dicente
3277 4947 3294 4973 ,
3319 4906 3533 4962 difficile
3563 4924 3683 4962 esse

2095 5006 2216 5046 Cum
2248 4990 2445 5044 divitiis
2470 4992 2522 5045 in
2554 5005 2703 5046 sacra
2732 4992 2819 5045 illa
2850 4994 2982 5047 atria
3008 4995 3211 5065 ingredi
3241 5039 3255 5061 ,
3285 5014 3460 5054 annon
3505 5003 3681 5055 omnia

2096 5084 2437 5154 projieiemus
2462 5124 2475 5147 ,
2499 5098 2677 5136 annon
2725 5098 2853 5153 opes
2881 5087 3249 5144 amovebimns
3278 5134 3292 5158 ,
3322 5101 3379 5146 ut
3404 5093 3456 5145 in
3484 5094 3681 5164 regiam

2099 5177 2239 5229 illam
2270 5173 2436 5227 libere
2466 5174 2869 5243 ingrediamur?

2168 5267 2220 5321 6.
2270 5267 2446 5337 Ecqua
2490 5281 2674 5322 sumus
2720 5269 2872 5322 venia
2918 5268 3098 5339 digni,
3139 5272 3314 5340 quica
3361 5288 3480 5342 qua:
3527 5272 3681 5326 nobis

2099 5358 2296 5411 aditum
2332 5358 2477 5412 illum
2507 5358 2859 5429 praecludant,
2884 5369 3030 5416 tanto
3058 5362 3235 5416 studio
3260 5364 3676 5432 complectimur,

2098 5460 2153 5505 et
2182 5468 2286 5505 non
2316 5452 2484 5506 solum
2509 5453 2559 5506 in
2591 5445 2751 5521 arcis,
2784 5454 2876 5509 sed
2901 5454 3060 5509 etiam
3090 5457 3142 5510 in
3167 5466 3303 5510 terra
3333 5456 3677 5518 occultamus,

2097 5542 2224 5597 dum
2257 5543 2377 5597 licet
2397 5557 2459 5597 ea
2485 5543 2536 5596 in
2560 5543 2706 5598 caelis
2727 5543 3074 5599 custodienda
3098 5545 3420 5600 recondere?
3449 5546 3676 5615 Idipsuu.

2096 5644 2242 5687 certe
2273 5648 2408 5689 nunc
2437 5633 2584 5701 facis,
2614 5648 2675 5687 ac
2698 5635 2740 5687 si
2764 5635 2880 5703 quis
2902 5635 3130 5703 agricola
3155 5644 3428 5702 acceptum
3452 5637 3680 5692 frumen-

2102 5734 2211 5780 tum
2240 5725 2293 5780 in
2323 5724 2479 5781 fertili
2508 5738 2635 5795 agro
2660 5723 3052 5791 seminandum,
3091 5724 3311 5778 dimisso
3341 5740 3489 5797 agro,
3519 5729 3569 5783 in
3604 5729 3677 5780 la-
