4076 6150
359 335 458 392 185

353 463 476 505 cum
506 446 827 502 frumentum
857 452 1016 496 omne
1037 436 1330 505 demergat,
1357 441 1599 500 utneque
1625 427 1715 481 illo
1733 424 1936 479 fruatur

355 540 489 608 ipse,
521 544 576 591 et
621 534 941 589 frumentum
969 535 1275 596 corruptum
1301 530 1497 592 pereat.
1534 518 1637 574 Sed
1664 530 1824 586 quam
1855 529 1938 608 ra:-

356 602 562 682 tionem
601 623 920 696 proferant,
964 634 1084 674 cum
1131 617 1250 670 illos
1282 615 1378 666 hac
1417 612 1484 666 de
1523 625 1580 664 re
1628 602 1938 678 culpamus?

355 717 473 773 Non
511 731 730 788 parvam
780 711 1201 769 consolationem
1241 705 1289 760 id
1335 703 1507 765 affert,
1540 700 1680 772 quod
1709 701 1940 754 sciamus

357 811 474 864 hate
504 786 660 864 nobis
687 815 802 861 tuto
835 800 1105 859 recondita
1144 811 1286 852 esse.
1312 795 1560 862 Quinimo
1595 790 1799 845 nescire
1825 786 1940 841 haec

356 899 632 957 recondita
687 910 839 960 esse,
889 893 939 946 id
986 888 1400 945 consolationem
1441 884 1673 938 all'erret.
1721 877 1940 934 Etiamsi

356 993 501 1048 enim
544 989 738 1044 famem
768 1002 872 1040 non
903 985 1111 1046 timeas,
1141 979 1306 1034 multa
1338 978 1436 1030 alia
1479 975 1720 1045 graviora
1753 971 1821 1026 ob
1846 969 1934 1024 de-

357 1085 585 1154 positum
604 1083 709 1136 tale
731 1077 985 1144 timenda,
1009 1087 1172 1138 mors,
1199 1070 1415 1135 bellum,
1445 1067 1666 1120 insidiae.
1694 1064 1748 1118 Si
1779 1063 1945 1115 fatnes

359 1175 586 1243 ingruat,
618 1169 843 1242 populus
871 1183 900 1220 a
930 1171 1116 1220 ventre
1158 1159 1464 1231 compulsus
1501 1163 1700 1210 armata
1728 1154 1943 1208 dextera

358 1242 576 1319 domum
607 1271 749 1316 tuam
792 1257 1023 1313 invadet.
1068 1254 1176 1307 lmo
1227 1252 1353 1306 dum
1383 1249 1459 1303 sic
1497 1249 1635 1316 agis,
1670 1245 1859 1298 famem
1891 1242 1946 1295 in

361 1357 521 1412 urbes
553 1352 800 1418 invehis,
835 1359 887 1406 te
916 1349 1017 1403 hoc
1045 1348 1183 1402 fame
1211 1343 1424 1414 gravius
1456 1340 1748 1411 periculum
1774 1338 1825 1390 in
1853 1337 1948 1388 do-

361 1463 508 1503 mum
554 1454 700 1500 tuam
743 1442 970 1498 inducis.
1002 1438 1210 1494 Etenim
1253 1435 1404 1488 famis
1444 1430 1746 1486 calamitate
1774 1426 1948 1480 nullos

363 1539 486 1594 novi
516 1535 694 1592 statim
722 1539 1068 1600 consumptos
1093 1545 1106 1581 :
1138 1526 1298 1582 multa
1321 1523 1512 1593 quippe
1535 1519 1764 1587 undique
1789 1532 1944 1571 exco-

361 1630 517 1700 gitari
572 1633 792 1697 possunt
835 1622 903 1677 ad
955 1619 1083 1674 tanti
1126 1617 1251 1672 mali
1302 1616 1583 1677 solatium;
1615 1611 1682 1665 ob
1706 1608 1952 1679 pecunias

364 1698 566 1783 autem,
599 1715 829 1779 divitias,
863 1725 1056 1780 resque
1089 1704 1485 1776 hujuscemodi,
1521 1701 1774 1771 plurimos
1810 1698 1951 1753 indi-

364 1825 490 1866 care
513 1808 733 1879 possim,
761 1820 854 1860 seu
877 1802 1034 1867 clam,
1064 1815 1157 1854 seu
1193 1797 1402 1867 publice
1424 1797 1791 1862 interemptos.
1820 1789 1954 1844 Mul-

369 1902 436 1955 tis
481 1914 643 1969 porro
671 1893 977 1966 bujusmodi
999 1889 1255 1958 exemplis
1282 1888 1452 1956 plena:
1489 1892 1613 1938 sunt
1648 1885 1766 1948 viae,
1799 1881 1954 1951 plena

367 1989 646 2063 iudiciaria
677 1985 960 2042 tribunalia
975 1993 1028 2038 et
1054 1983 1186 2036 fora.
1209 1978 1409 2049 Ecquid
1432 1977 1551 2030 dico
1573 1976 1705 2036 vias,
1727 1972 1954 2042 judicia-

369 2083 446 2137 ria
479 2080 761 2137 tribunalia
791 2087 846 2133 et
875 2075 1027 2131 fora?
1075 2074 1248 2143 Ipsum
1291 2085 1441 2124 mare
1469 2067 1673 2121 videbis
1702 2064 1958 2132 sanguine

376 2175 612 2244 plenum.
647 2171 772 2225 Haec
796 2169 992 2238 quippe
1039 2163 1276 2235 tyrannis
1305 2176 1409 2215 non
1442 2169 1638 2214 terram
1669 2157 1838 2210 solmn
1870 2168 1957 2208 oc-

369 2263 584 2333 cupavit
607 2303 622 2329 ,
652 2259 744 2315 sed
771 2261 931 2313 etiam
972 2255 1024 2310 in
1079 2255 1268 2324 pelago
1298 2267 1418 2306 cum
1447 2251 1612 2303 multo
1638 2248 1813 2301 furore
1836 2246 1960 2299 bac-

371 2355 527 2410 chata
558 2361 661 2408 est.
707 2350 774 2405 Et
804 2349 938 2404 alius
969 2345 1184 2417 quidem
1230 2343 1440 2410 navigat
1485 2354 1700 2410 propter
1737 2352 1921 2391 aurum
1943 2377 1958 2400 ,

375 2447 513 2501 alius
538 2444 608 2500 ob
634 2442 736 2496 hoc
773 2441 943 2510 ipsum
970 2436 1280 2507 jugulalur:
1312 2431 1606 2500 eademque
1629 2431 1739 2497 ipsa
1785 2437 1962 2498 tyran-

375 2539 460 2592 nis
487 2536 632 2589 hunc
681 2539 1064 2594 mercatorem,
1107 2526 1255 2580 illum
1302 2521 1622 2578 homicidam
1661 2519 1799 2572 fecit.
1827 2518 1962 2584 Quid

375 2627 544 2698 magis
585 2625 804 2681 infidum
852 2621 1012 2676 fuerit
1066 2633 1223 2688 quam
1261 2630 1506 2670 mamona
1531 2655 1544 2678 ,
1581 2628 1698 2666 cunt
1751 2620 1965 2680 prepter

377 2721 550 2790 ipsum
600 2717 812 2788 plurimi
854 2713 1292 2784 peregrinentur,
1345 2707 1708 2776 periclitentur
1748 2712 1800 2757 et
1827 2702 1967 2757 occi-

377 2809 613 2865 dantur?
651 2807 755 2862 Sed
800 2805 923 2870 Quis
970 2801 1310 2864 miserebitur,
1354 2797 1551 2865 inquit,
1607 2792 1961 2856 incantatoris,

379 2919 529 2975 quem
571 2915 777 2967 serpens
838 2895 1105 2950 momordit
1155 2890 1352 2964 (Eccli.
1387 2889 1473 2943 12.
1507 2887 1604 2958 15)
1629 2889 1652 2939 ?
1679 2885 1967 2955 Oportebat

381 2993 524 3048 enim
581 2990 712 3045 dira:
771 2985 1066 3059 tyrannidis
1130 2995 1322 3053 gnaros
1394 2980 1701 3033 servitutem
1757 2975 1965 3042 fugere,

382 3081 709 3151 noxiumque
746 3091 984 3132 amorem
1027 3071 1403 3142 comprimere.
1443 3069 1511 3123 Et
1553 3064 1855 3137 quomodo,
1888 3063 1968 3116 in-

381 3173 556 3244 quies,
589 3172 642 3226 iti
663 3169 778 3225 fieri
807 3165 1013 3238 possit?
1053 3164 1110 3218 Si
1140 3163 1361 3217 alterum
1392 3173 1626 3214 amorem
1657 3153 1926 3211 induxeris
1949 3195 1964 3220 ,

383 3277 575 3332 nempe
603 3260 875 3316 cmlorum.
901 3255 1032 3311 Nam
1053 3253 1143 3325 qui
1169 3249 1493 3320 concupiscit
1516 3262 1753 3318 regnum,
1778 3244 1965 3299 irride-

382 3356 462 3411 bit
485 3354 763 3409 avaritiam
793 3369 805 3402 :
837 3347 926 3420 qui
969 3346 1166 3403 Christi
1210 3359 1395 3400 servus
1445 3340 1664 3397 effectus
1717 3338 1808 3402 sit,
1860 3350 1965 3390 non

383 3447 486 3502 erit
522 3458 783 3500 mamonm
811 3455 1030 3506 servus,
1062 3436 1155 3493 sed
1185 3444 1239 3520 et
1262 3437 1379 3504 ejus
1408 3434 1510 3489 erit
1530 3431 1777 3488 dominus
1808 3446 1822 3482 :
1847 3443 1966 3483 nam

385 3537 672 3607 fugientem
717 3531 923 3601 insequi
964 3529 1123 3594 solet,
1177 3521 1230 3580 et
1278 3532 1684 3595 persequentem
1742 3520 1967 3589 fugere:

385 3642 556 3697 neque
577 3626 648 3680 ita
679 3629 1090 3694 persequentem
1114 3618 1357 3681 honorat,
1390 3625 1447 3670 ut
1467 3631 1525 3670 se
1549 3614 1967 3683 despicientem;

384 3721 586 3776 nullum
616 3718 690 3772 ita
720 3715 945 3779 deridet,
995 3721 1052 3767 ut
1108 3709 1189 3766 sui
1233 3708 1511 3777 cupidum;
1564 3721 1735 3775 neque
1787 3703 1971 3758 irridet

384 3809 582 3874 modo,
619 3806 713 3862 sed
741 3803 1036 3859 Innumeris
1074 3799 1389 3870 constringit
1419 3797 1660 3852 vinculis.
1691 3796 1970 3851 Solvamus

384 3902 543 3973 igitur
566 3900 648 3954 vel
689 3912 810 3954 sero
854 3895 1066 3951 tandem
1107 3893 1268 3949 hasce
1315 3891 1501 3946 noxias
1552 3899 1786 3944 catenas.
1833 3886 1968 3955 Quid

382 3991 753 4048 rationabilem
783 3989 1016 4043 animam
1040 3985 1334 4042 irrationali
1366 3984 1623 4050 materiae,
1662 3982 1969 4035 innumero-

1196 319 1472 379 JOANNIS
1507 306 1982 370 CliBYSOSTOMl
2022 303 2336 360 ARClllEP.
2375 299 2903 358 CONSTANTINOP.

3523 298 3622 354 181

2042 435 2159 476 rum
2209 417 2470 475 malorum
2523 416 2700 483 matri,
2746 415 2949 470 servire
2971 411 3154 483 cegis?
3182 410 3287 466 Sed
3401 413 3509 465 risu
3540 413 3624 465 di

2041 526 2201 582 gnam
2247 511 2395 566 rem!
2425 522 2523 562 nos
2570 507 2713 562 illam
2763 507 3136 576 impugnamus
3165 504 3342 556 verbis
3364 545 3379 568 ,
3410 503 3498 557 illa
3526 519 3626 558 nos

2044 604 2316 674 impugnat
2341 617 2399 656 re
2429 601 2562 669 ipsa,
2591 608 2644 653 et
2672 597 2903 667 undique
2931 597 3116 667 agitet
3141 595 3448 650 circumfert
3475 597 3628 666 quasi

2045 697 2216 767 pretio
2261 703 2471 762 emptos
2508 701 2564 746 et
2594 690 2902 760 mastigias;
2944 703 3048 758 quo
3092 687 3218 757 quid
3252 687 3475 756 turpius,
3505 686 3629 756 quid

2046 785 2354 856 indignius?
2381 784 2436 839 Si
2470 784 2612 838 enim
2662 781 3020 836 insensibilem
3056 778 3330 832 materiam
3383 792 3487 832 non
3537 793 3629 831 su-

2047 891 2325 946 peramus,
2382 874 2650 944 quomodo
2678 874 3018 942 incorporeas
3048 878 3335 938 potestates
3383 868 3631 938 proiga-

2050 967 2258 1021 bimns?
2305 967 2346 1020 si
2382 965 2536 1020 vilem
2600 972 2801 1016 terram
2883 971 2937 1016 et
2983 962 3218 1031 abjectos
3268 960 3472 1030 lapides
3527 977 3632 1015 non

2048 1057 2393 1126 despicimus,
2422 1059 2690 1124 quomodo
2712 1054 3040 1123 principatus
3068 1065 3118 1106 et
3149 1061 3438 1122 potestates
3463 1052 3633 1122 subji-

2049 1147 2294 1202 ciemus?
2339 1144 2607 1215 quomodo
2659 1144 3061 1213 temperantiam
3123 1141 3530 1196 exercchimns'l
3576 1141 3629 1197 Si

2052 1247 2326 1307 argentum
2375 1235 2581 1304 fulgens
2611 1249 2706 1287 nos
2746 1233 3018 1302 percellit,
3049 1232 3318 1302 quomodo
3351 1231 3609 1301 pulchrae.

2055 1328 2241 1382 faciem
2295 1337 2708 1397 przetercurrerc
2770 1324 3100 1393 poterimus?
3165 1324 3370 1378 Etenim
3417 1322 3633 1392 quidam

2057 1418 2176 1472 huic
2205 1417 2467 1488 tyrannidi
2497 1430 2663 1484 usque
2709 1416 2844 1470 adeo
2891 1415 3054 1468 dediti
3086 1424 3204 1468 sunt
3229 1456 3243 1480 ,
3295 1424 3349 1468 nt
3379 1413 3522 1482 ipsos
3554 1415 3635 1466 vel

2054 1508 2168 1560 auri
2209 1515 2452 1576 aspectus
2493 1504 2718 1566 aftlciat,
2761 1513 2816 1559 et
2861 1504 3029 1558 facete
3062 1503 3408 1573 hilariterque
3432 1503 3634 1568 dicant,

2055 1598 2251 1653 Oculos
2293 1598 2438 1668 juvat
2481 1597 2741 1651 numisma
2784 1611 3004 1650 aureum
3038 1595 3296 1649 oblatum.
3330 1594 3528 1648 Verum
3573 1610 3640 1648 ne

2059 1691 2131 1746 ita
2163 1690 2331 1755 ludas,
2362 1691 2431 1744 mi
2459 1691 2650 1752 homo;
2684 1689 2812 1742 nihil
2843 1689 2983 1742 enim
3015 1689 3090 1742 sic
3119 1687 3262 1741 Iadit
3287 1687 3489 1749 oculos,
3529 1686 3642 1739 sive

2059 1782 2300 1851 corporis
2320 1821 2336 1846 ,
2368 1781 2480 1834 sive
2509 1781 2699 1834 anima:
2725 1821 2738 1843 ,
2763 1790 2820 1834 ut
2843 1779 3031 1833 borum
3063 1779 3514 1847 cencupiscentia.
3549 1777 3643 1831 llic

2059 1880 2208 1928 certe
2247 1871 2434 1925 noxius
2474 1885 2627 1924 amor
2665 1869 2926 1939 virginum
2969 1869 3176 1923 illarum
3224 1869 3495 1938 lampades
3551 1885 3643 1922 ex-

2061 1965 2273 2028 stinxit,
2303 1965 2525 2033 illasque
2555 1979 2583 2016 a
2610 1965 2789 2033 sponsi
2837 1965 3066 2020 thalamo
3092 1966 3333 2020 exclusit.
3361 1967 3456 2020 Hic
3486 1982 3642 2036 aspe

2062 2065 2210 2120 ctus,
2250 2071 2409 2126 quem
2429 2055 2563 2109 dicis
2585 2055 2767 2109 oculos
2792 2055 3015 2124 juvare,
3044 2056 3297 2110 miserum
3321 2057 3509 2111 .ludam
3539 2073 3643 2110 non

2065 2149 2303 2219 permisit
2335 2149 2518 2203 audire
2563 2149 2879 2203 dominicam
2924 2163 3132 2215 vocem,
3182 2150 3275 2204 sed
3320 2149 3371 2203 in
3399 2149 3644 2218 laqueum

2065 2240 2251 2305 duxit,
2298 2248 2458 2309 atque
2500 2239 2550 2293 id
2578 2239 2751 2294 elfecit
2781 2249 2838 2294 ut
2867 2241 3076 2295 medius
3113 2242 3378 2310 crepuerit
3402 2283 3414 2304 ,
3441 2256 3503 2293 ac.
3532 2251 3646 2308 past

2066 2332 2181 2386 haec
2211 2332 2388 2385 omnia
2415 2331 2466 2384 in
2497 2331 2793 2400 gehennam
2837 2331 2999 2386 misit.
3044 2331 3179 2398 Quid
3218 2347 3345 2400 ergo
3376 2331 3473 2384 hac
3503 2341 3647 2399 peste

2065 2421 2296 2491 iniquius
2327 2420 2519 2476 fuerit?
2547 2422 2672 2491 quid
2702 2421 3043 2475 horribilius?
3070 2421 3184 2474 Non
3216 2422 3282 2476 de
3313 2423 3528 2475 materia
3553 2438 3646 2490 pe-

2068 2515 2341 2568 cuniarum
2372 2513 2577 2583 loquor,
2627 2513 2718 2566 sed
2749 2514 2816 2567 de
2854 2528 3035 2567 earmn
3075 2513 3441 2581 intempestiva
3470 2525 3522 2567 et.
3566 2514 3646 2565 fu-

2068 2605 2205 2659 riosa
2258 2605 2562 2674 cupiditate.
2623 2605 2751 2658 Nam
2793 2604 3023 2658 humano
3076 2603 3297 2658 distillat
3354 2607 3646 2674 sanguine.

2070 2708 2292 2751 cruento
2330 2707 2545 2768 aspectu
2569 2737 2582 2760 ,
2611 2707 2664 2751 et
2695 2696 2876 2766 quavis
2908 2697 3018 2751 fera
3048 2697 3330 2750 immanior
3353 2707 3466 2762 est,
3495 2708 3650 2766 atque

2070 2789 2254 2843 obvios
2281 2803 2519 2858 quosque
2544 2787 2818 2854 discerpit,
2870 2787 3118 2856 quodque
3163 2787 3331 2840 multo
3357 2787 3506 2857 pejus
3539 2799 3649 2851 est,

2071 2895 2138 2934 ne
2166 2880 2365 2934 sentire
2385 2879 2595 2948 quidem
2619 2879 2634 2932 l
2656 2879 2868 2931 :niatnm
2893 2878 3036 2931 sinit.
3065 2875 3196 2931 Cum
3225 2887 3487 2946 oporteret
3510 2879 3652 2931 etiitn

2071 2985 2163 3026 eos
2189 2971 2276 3040 qui
2308 2971 2428 3024 talia
2477 2971 2764 3040 patiuntur,
2798 2969 2863 3022 ad
2895 2979 3276 3038 prmtereuntes
3317 2985 3530 3023 manum
3557 2984 3654 3022 ex-

2072 3062 2290 3116 tendere
2310 3103 2323 3125 ,
2358 3070 2412 3116 et
2437 3061 2502 3116 ad
2528 3062 2780 3114 auxilium
2815 3077 3024 3126 vocare,
3061 3061 3135 3114 illi
3158 3072 3340 3114 contra
3371 3060 3438 3114 de
3468 3060 3655 3114 talibus

2073 3155 2334 3209 ulceribus
2355 3154 2553 3223 gratias
2574 3152 2769 3206 habent
2797 3171 2808 3204 :
2829 3167 2936 3221 quo
2955 3152 3078 3222 quid
3111 3151 3504 3206 miserabilius?
3561 3152 3658 3205 lare

2072 3246 2248 3314 itaque
2281 3245 2458 3298 omnia
2488 3244 2800 3314 cogitantes,
2848 3243 3197 3299 insanabilem
3240 3243 3386 3296 illum
3415 3245 3656 3297 morbum

2072 3336 2352 3406 fugiamus,
2383 3335 2497 3404 ejus
2523 3349 2732 3388 morsus
2756 3349 3023 3398 curemus,
3055 3341 3109 3386 et
3127 3349 3157 3386 a
3185 3333 3272 3387 tali
3304 3346 3453 3402 peste
3477 3337 3658 3403 procul

2076 3426 2356 3497 fugiamus,
2385 3435 2523 3480 utet
2561 3426 2610 3478 in
2642 3427 2888 3494 praesenti
2941 3433 3104 3478 tutam
3155 3433 3211 3478 et
3263 3425 3660 3493 perturbatione

2075 3532 2293 3571 Vacuam
2324 3516 2485 3568 vitam
2521 3515 2798 3578 ducamus,
2831 3524 2884 3569 et
2908 3513 3117 3568 futuros
3145 3515 3516 3568 nanciseamur
3544 3514 3661 3568 tho-

2075 3621 2258 3661 sauros
2293 3624 2305 3658 :
2333 3620 2467 3675 quos
2499 3605 2699 3658 utinam
2733 3619 2829 3658 nos
2874 3620 3061 3659 omnes
3093 3619 3462 3671 assequamur,
3491 3606 3660 3674 gratia

2076 3707 2129 3753 et
2181 3697 2506 3768 benignitate
2547 3697 2754 3750 Domini
2803 3698 2965 3752 nostri
3013 3697 3134 3751 Jcsu
3162 3695 3398 3762 Christi,
3446 3698 3662 3766 quicum

2079 3788 2219 3842 Patri
2265 3797 2317 3842 et
2375 3777 2533 3842 simul
2585 3787 2801 3856 Spirittti
2854 3796 3039 3842 sancto
3089 3788 3288 3858 gloria,
3347 3789 3659 3858 imperium,

2078 3880 2279 3942 honor,
2333 3894 2474 3933 nunc
2529 3887 2580 3933 et
2631 3893 2873 3948 semper,
2931 3879 3066 3933 etin
3092 3879 3286 3934 smcula
3321 3879 3653 3934 smculorum.

2082 3977 2272 4028 Anien.

383 4115 2308 4143 __________________________________

1781 4202 2122 4266 HOMILIA
2170 4199 2252 4258 .

383 4359 510 4414 CAP.
539 4359 593 4413 5.
613 4372 668 4412 v.
693 4357 744 4412 1.
770 4359 835 4408 1
862 4355 1034 4408 diebus
1056 4354 1160 4407 illis
1191 4352 1319 4406 venit
1340 4353 1562 4403 Joannes
1586 4349 1812 4416 Baptista
1840 4361 1968 4415 prw

455 4451 630 4505 dicatas
656 4450 707 4502 in
730 4448 925 4502 deserto
964 4446 1180 4510 ludere,
1210 4444 1264 4498 2.
1295 4453 1340 4496 et
1367 4444 1535 4496 dicens
1566 4457 1584 4494 :
1620 4439 1972 4493 Paenitentiam

455 4541 604 4612 agite,
630 4537 1055 4608 appropinquavit
1075 4536 1207 4589 enim
1233 4550 1440 4604 regnum
1472 4535 1729 4585 calorum.

456 4634 507 4685 t.
540 4631 702 4696 Quale
755 4639 949 4696 tempus
1003 4627 1262 4696 designent
1317 4624 1423 4677 lucc
1481 4623 1626 4676 verba
1659 4620 1753 4674 :ln
1781 4618 1970 4673 diebus

384 4723 506 4776 illis.
537 4721 639 4776 Cur
663 4720 893 4775 Christus
932 4717 1141 4787 triginta
1179 4730 1429 4768 annorum
1478 4712 1776 4782 baptizatur.
1900 4709 1972 4763 De

384 4812 699 4881 quibusnam
729 4812 917 4866 diebus
942 4809 1092 4880 agit?
1119 4807 1232 4863 Non
1255 4808 1395 4861 enim
1424 4820 1530 4876 quo
1567 4815 1804 4872 tempore
1844 4819 1973 4872 puer

383 4907 476 4961 ille
507 4913 644 4971 erat,
673 4916 726 4960 et
744 4907 975 4960 Nazaret
997 4905 1160 4967 venit,
1189 4902 1281 4958 sed
1312 4911 1430 4971 post
1455 4915 1624 4955 annos
1648 4899 1855 4967 triginta
1885 4911 1972 4950 ve-

384 4995 755 5061 nitJoannes,
789 5006 845 5050 ut
882 4997 1049 5051 Lucas
1076 4995 1406 5051 testicatur.
1439 4993 1543 5049 Cur
1565 5009 1691 5059 ergo
1716 4991 1873 5053 dicit,
1910 4987 1971 5041 In

384 5085 560 5143 diebus
587 5085 735 5142 ilus?
764 5087 876 5141 Mos
908 5094 991 5141 est
1033 5086 1319 5155 Scriptura:
1368 5084 1468 5138 hoc
1525 5084 1598 5137 uti
1641 5081 1833 5145 modo;
1869 5095 1970 5133 non

387 5183 559 5239 solum
591 5195 712 5234 cum
750 5195 812 5233 ea
862 5186 1061 5244 narrat,
1112 5193 1229 5247 qua:
1250 5177 1548 5246 insequenti
1584 5185 1820 5244 tempore
1849 5189 1968 5226 mox

383 5283 532 5342 gesta
574 5280 719 5338 sunt,
751 5271 846 5326 sed
875 5271 1035 5326 etiam
1071 5286 1191 5326 cum
1222 5270 1308 5324 illa
1332 5269 1478 5331 dicit,
1511 5284 1630 5338 qua:
1670 5267 1850 5321 multis
1878 5281 1973 5336 po-

384 5375 497 5420 stea
546 5365 701 5419 annis
736 5362 1079 5432 contigerint.
1146 5360 1236 5416 Sic
1277 5360 1435 5415 etiam
1486 5375 1606 5413 eum
1633 5359 1698 5412 ad
1743 5358 1888 5412 illum
1917 5358 1970 5410 in

384 5457 562 5511 Monte
599 5457 858 5511 olivarum
908 5454 1183 5509 sedentem
1226 5453 1466 5523 discipuli
1490 5460 1861 5515 accesserunt,
1911 5460 1974 5505 et

384 5548 452 5604 tle
477 5553 704 5604 adventu
735 5564 851 5619 ejus
878 5547 1049 5620 deque
1075 5548 1282 5603 excidio
1307 5547 1757 5618 Jerosolymorum
1786 5546 1969 5601 scisci-

389 5639 479 5693 tati
504 5651 658 5706 sunt;
687 5643 832 5695 scitis
858 5649 1034 5695 autem
1058 5650 1311 5711 quantum
1333 5640 1407 5694 sit
1433 5639 1568 5696 inter
1592 5650 1815 5711 utraque
1837 5648 1972 5693 tem-

389 5745 518 5802 pora
552 5732 903 5790 intervallum.
937 5733 1068 5789 Cum
1093 5735 1340 5804 loquutus
1363 5745 1513 5790 esset
1555 5737 1620 5792 de
1665 5737 1888 5802 excidio,
1919 5745 1972 5791 et

2085 4360 2182 4412 hac
2207 4357 2272 4411 de
2300 4372 2356 4412 re
2389 4357 2598 4412 dicendi
2637 4357 2795 4412 tinent
2826 4357 3065 4423 fecisset,
3114 4357 3180 4412 de
3207 4358 3663 4413 consummatioe

2080 4456 2258 4518 postea
2279 4448 2612 4517 loquuturus,
2638 4462 2696 4501 su
2709 4449 2935 4516 bjunxit,
2963 4448 3104 4502 Tunc
3131 4450 3229 4502 ista
3251 4457 3408 4504 erunt
3437 4447 3660 4519 (Matth.

2078 4538 2191 4611 24)
2226 4556 2239 4591 :
2271 4539 2497 4594 dicendo
2539 4549 2716 4593 autem
2747 4537 2906 4605 Tunc,
2951 4556 3054 4593 non
3080 4540 3353 4609 conjunxit
3381 4548 3621 4608 tempora
3647 4579 3661 4602 ,

2081 4629 2172 4685 sed
2203 4629 2330 4683 illud
2358 4630 2527 4684 solum
2559 4639 2769 4699 tempus
2799 4630 3046 4684 indicavit
3066 4671 3081 4696 ,
3126 4644 3231 4699 quo
3270 4630 3385 4682 hzee
3411 4638 3663 4684 eventura

2079 4730 2250 4775 erant.
2285 4720 2513 4791 ldipsum
2561 4738 2699 4776 nunc
2731 4722 2854 4776 facit
2887 4737 3007 4777 cum
3048 4723 3160 4778 ait:
3194 4721 3259 4776 In
3315 4723 3486 4776 diebus
3539 4720 3663 4774 illis.

2080 4811 2193 4865 Non
2241 4813 2382 4866 enim
2425 4814 2765 4883 insequentes
2795 4814 2971 4868 statim
3011 4814 3128 4869 dies
3166 4814 3518 4884 signicavit;
3569 4812 3664 4867 sed

2081 4902 2199 4956 illos
2223 4902 2279 4956 in
2312 4903 2502 4972 quibus
2529 4905 2802 4973 contigere
2833 4920 2892 4958 ea
2920 4905 2984 4958 ad
3010 4921 3126 4974 qua:
3150 4906 3413 4959 narranda
3446 4918 3654 4974 progre-

2078 4993 2238 5049 ditur.
2297 4995 2364 5048 Et
2415 5011 2544 5060 cur,
2595 4996 2821 5064 inquies,
2865 5009 2984 5067 post
3032 4999 3244 5068 triginta
3285 5012 3451 5051 annos
3476 4998 3540 5050 ad
3575 4996 3665 5050 ba-

2081 5086 2328 5154 ptismum
2365 5087 2507 5140 venit
2553 5086 2744 5141 Jcsus?
2776 5089 2902 5142 Post
2951 5088 3093 5144 hunc
3144 5090 3461 5158 baptismum
3493 5089 3664 5159 legem

2079 5180 2351 5233 soluturus
2396 5189 2510 5233 erat
2559 5199 2571 5234 :
2623 5182 2740 5235 ideo
2771 5182 2835 5235 ad
2874 5183 3014 5238 illam
3058 5201 3228 5254 usque
3270 5194 3518 5251 aetatem,
3545 5200 3665 5253 quae

2082 5279 2254 5338 potest
2282 5279 2497 5338 peccata
2521 5271 2802 5327 admittere
2823 5276 3020 5338 attinia,
3055 5276 3104 5328 in
3137 5275 3271 5345 legis
3299 5277 3459 5329 totius
3481 5275 3662 5330 obser-

2081 5363 2289 5416 vatione
2309 5365 2535 5427 mansit;
2558 5380 2624 5419 ne
2648 5365 2765 5433 quis
2785 5368 3005 5432 diceret,
3029 5369 3197 5436 ipsum
3223 5369 3394 5439 legem
3416 5367 3662 5430 solvisse,

2079 5453 2217 5523 quod
2242 5468 2346 5507 non
2371 5465 2550 5523 posset
2572 5470 2690 5510 eam
2719 5457 2964 5526 implere.
2992 5458 3105 5512 Non
3138 5459 3278 5512 enim
3307 5475 3497 5513 omnes
3520 5459 3664 5527 pravi

2080 5543 2329 5613 affectus,
2365 5546 2541 5600 omnia
2585 5549 2709 5602 vitia
2753 5565 2965 5620 semper
3002 5549 3200 5603 instant
3249 5549 3557 5603 nobis:sed
3615 5548 3667 5602 in

2083 5642 2331 5710 primaeva
2389 5653 2545 5697 aetate
2614 5644 2964 5713 imprudentia
3032 5644 3172 5713 viget
3221 5653 3276 5698 et
3329 5642 3669 5697 imbecillitas

2083 5737 2281 5804 animi;
2314 5737 2367 5792 in
2397 5736 2636 5806 sequenti
2679 5736 3044 5792 vehementius
3077 5736 3239 5789 instat
3265 5734 3466 5795 libido;
3500 5734 3553 5788 in
3581 5748 3660 5795 ea,
