4076 6150
385 231 486 286 185

381 357 501 412 qua:
528 341 667 395 hanc
699 337 916 406 excipit,
948 349 1108 405 eputn
1161 329 1443 402 cupiditas.
1497 330 1787 398 Pmpterea
1834 327 1974 380 hanc

385 442 548 486 totam
594 437 806 484 :etatcm
833 438 1119 489 emensus,
1150 433 1204 478 et
1233 423 1404 493 legem
1447 420 1550 476 hoc
1575 429 1689 475 toto
1729 429 1971 488 tempore

383 528 745 590 exsequutus,
792 518 870 571 sic
913 516 978 570 ad
1007 516 1324 585 baptismum
1365 513 1542 576 venit,
1567 525 1727 582 quem
1758 521 1968 582 postre-

383 627 529 666 nmm
579 608 812 670 addidit,
866 616 1141 676 postquam
1195 605 1298 659 alia
1339 612 1604 674 prurcepta
1635 603 1966 672 impleverat.

347 703 537 769 θρηοά
564 702 706 756 enim
736 700 836 754 hoc
880 707 1206 769 postremum
1265 698 1362 768 ipsi
1415 696 1571 751 fuerit
1605 711 1670 751 ex
1717 695 1969 765 Operibus

383 795 671 864 legalibus,
723 792 846 846 audi
883 808 1007 846 eum
1053 793 1316 844 dicentem
1365 806 1378 842 :
1414 789 1502 844 Sic
1535 789 1667 842 enim
1703 786 1842 843 decet
1877 804 1968 842 nos

383 885 594 954 implere
619 900 814 937 omnem
827 883 1081 950 justitiam
1107 881 1125 952 (
1149 880 1336 934 Matth.
1367 881 1419 934 '5.
1455 881 1577 950 l5).
1607 878 1758 946 Quod
1788 887 1964 932 autem

381 979 530 1042 dicit,
559 975 860 1046 bujusmodi
881 984 961 1030 est
992 975 1214 1030 :Omnia
1233 973 1420 1042 Icgalia
1457 972 1825 1042 implevimus:
1847 972 1968 1027 nul-

383 1068 488 1122 lum
537 1067 852 1138 transgressi
889 1080 1074 1120 sumus
1120 1063 1444 1119 mandatum.
1487 1063 1619 1131 Quia
1663 1062 1820 1134 igitur
1865 1063 1966 1118 hoc

382 1175 544 1214 unum
563 1167 828 1229 superest,
845 1166 1056 1226 oportet
1071 1155 1197 1210 illud
1215 1168 1424 1224 quoque
1439 1153 1654 1218 addere,
1669 1155 1849 1224 sicque
1860 1169 1966 1208 om-

381 1267 504 1305 nem
542 1249 800 1320 justitiam
831 1248 1184 1319 implebimus.
1213 1246 1478 1302 Justitiam
1515 1245 1661 1303 enim
1701 1244 1786 1300 hic
1809 1255 1966 1300 vocat

380 1343 622 1397 omnium
656 1341 1025 1396 mandatorum
1059 1339 1506 1397 observationem.
1547 1338 1818 1395 Christum
1864 1339 1964 1410 igi-

383 1442 470 1487 tur
495 1432 594 1487 hac
621 1431 688 1486 de
720 1445 880 1486 causa
909 1430 972 1484 ad
1014 1431 1333 1500 baptismum
1361 1429 1570 1484 venisse
1597 1430 1720 1484 hinc
1747 1429 1964 1498 conspi-

379 1538 537 1576 cuum
565 1521 806 1590 est.Qua
837 1522 905 1576 de
945 1535 1102 1575 causa
1143 1535 1274 1575 vero
1319 1521 1422 1574 hoc
1466 1519 1725 1589 baptisma
1754 1519 1822 1573 ab
1845 1519 1964 1589 ipso

378 1613 736 1682 excogitatum
783 1613 902 1667 est?
943 1610 1092 1677 Quod
1129 1612 1272 1666 enim
1303 1608 1576 1664 Zachariae
1616 1610 1755 1664 filius
1799 1624 1905 1664 non
1930 1624 1960 1663 a

376 1705 686 1772 semetipso,
718 1702 812 1757 sed
843 1703 950 1757 Deo
978 1708 1225 1756 movente
1253 1701 1318 1754 ad
1349 1700 1451 1754 hoc
1472 1700 1696 1768 venerit,
1720 1699 1769 1754 id
1793 1699 1962 1755 Lucas

375 1797 616 1851 declarat
649 1795 861 1856 dicens,
923 1792 1138 1848 Verbum
1166 1792 1373 1846 Domini
1399 1793 1593 1861 factum
1633 1800 1707 1846 est
1743 1791 1812 1844 ad
1846 1808 1962 1845 eum

377 1887 542 1954 (an.
574 1888 625 1942 5.
667 1885 735 1955 2)
760 1929 775 1954 ,
810 1885 860 1939 id
889 1895 1012 1950 est,
1062 1885 1390 1939 mandatum.
1427 1884 1545 1954 Ipse
1586 1899 1797 1955 quoque
1841 1885 1959 1939 ait:

380 1980 481 2044 Qui
522 1995 599 2031 me
637 1979 770 2032 misit
795 1977 1051 2047 baptizare
1089 1979 1140 2031 in
1165 1993 1318 2048 aqua,
1345 1978 1432 2031 ille
1453 1978 1576 2031 milii
1595 1978 1722 2031 dixit
1743 1993 1763 2030 :
1794 1975 1961 2046 Super

374 2086 520 2139 quem
549 2071 730 2123 videris
760 2071 1008 2139 Spiritum
1040 2071 1415 2124 descendentem
1453 2070 1597 2139 quasi
1638 2071 1956 2133 columbam,

375 2173 421 2215 et
452 2173 730 2216 manentem
770 2180 921 2232 super
959 2179 1105 2228 eum,
1139 2164 1219 2216 hic
1248 2171 1318 2215 est
1339 2163 1424 2232 qui
1444 2162 1663 2230 baptizat
1685 2163 1736 2214 in
1760 2162 1958 2230 Spiritu

371 2263 547 2306 sancto
595 2253 785 2323 (Joan.
829 2256 879 2308 1.
932 2254 1061 2324 55).
1108 2253 1216 2308 Cur
1257 2265 1431 2306 autem
1473 2253 1537 2307 ad
1585 2251 1955 2321 baptizandum

374 2344 570 2398 missus
609 2346 721 2399 est?
753 2344 865 2399 IIoc
911 2346 1036 2399 item
1084 2344 1235 2399 nobis
1263 2343 1497 2398 declarat
1540 2343 1771 2412 Baptista
1803 2358 1817 2397 :
1845 2341 1956 2413 Ego

373 2435 646 2488 nesciebant
681 2452 825 2501 eum;
845 2436 934 2490 sed
972 2445 1026 2489 ut
1057 2435 1460 2502 manifestaretur
1500 2436 1553 2488 in
1600 2433 1799 2500 Israel,
1842 2435 1955 2489 ideo

374 2526 484 2577 ι·ρηὶ
529 2527 578 2578 in
631 2541 763 2594 aqua
807 2527 1067 2597 baptizans
1098 2525 1270 2596 (Ibid.
1301 2543 1347 2580 υ.
1381 2527 1503 2595 51).
1533 2526 1596 2580 Et
1623 2527 1666 2580 si
1699 2526 1812 2580 haec
1840 2527 1952 2581 sola

373 2631 530 2670 causa
561 2628 670 2671 erat
695 2659 709 2683 ,
747 2619 1018 2687 quomodo
1065 2619 1139 2672 ait
1183 2617 1388 2681 Lucas,
1443 2615 1590 2672 Venit
1614 2618 1666 2670 in
1703 2620 1954 2687 regionem

369 2707 634 2775 Jordanis,
665 2711 948 2776 pra’dicans
975 2711 1278 2779 baptismum
1298 2711 1599 2780 poenitentia:
1623 2711 1676 2762 in
1705 2710 1954 2763 remissio-

370 2817 483 2854 nem
506 2812 816 2868 peccatorum
842 2801 1004 2874 (Luc.
1027 2803 1079 2857 5.
1098 2801 1162 2874 5)
1184 2802 1207 2855 ?
1228 2803 1556 2872 Quamquam
1580 2802 1950 2858 remissionem

369 2905 477 2944 non
510 2890 766 2955 habebat,
795 2890 890 2946 sed
921 2891 1023 2946 hoc
1046 2891 1245 2947 donum
1276 2901 1392 2946 erat
1415 2892 1663 2961 baptismi
1688 2933 1704 2958 ,
1741 2892 1828 2962 qui
1861 2906 1954 2960 po—

367 2989 480 3034 stea
506 2979 663 3034 datus
690 2990 806 3046 est;
853 2982 906 3037 in
953 2982 1054 3038 hoc
1092 2983 1234 3038 enim
1279 2983 1576 3054 consepulti
1625 2997 1847 3050 sumus,
1897 2992 1953 3038 et

368 3080 520 3124 vetus
542 3070 701 3124 homo
730 3080 913 3126 noster
934 3080 1058 3127 tunc
1099 3087 1200 3127 una
1241 3073 1525 3128 cruciﬁxus
1565 3082 1686 3140 est,
1735 3081 1788 3127 et
1829 3083 1952 3128 ante

365 3174 578 3215 crucem
606 3176 863 3230 nusquam
893 3162 1138 3218 remissio
1168 3162 1306 3218 facta
1345 3164 1670 3234 comperitur
1701 3180 1718 3219 :
1758 3164 1951 3232 ubique

365 3253 510 3306 enim
548 3253 648 3306 hoc
674 3254 915 3323 sanguini
958 3255 1075 3324 ejus
1099 3255 1403 3325 deputatur.
1447 3256 1642 3312 Paulus
1669 3273 1797 3311 vero
1826 3257 1900 3312 ait
1930 3275 1946 3314 :

366 3344 473 3398 Sed
499 3345 658 3398 abluti
676 3348 813 3410 estis,
845 3347 936 3400 sed
955 3349 1254 3416 sanctiﬁcati
1275 3349 1412 3414 estis,
1439 3364 1540 3403 non
1569 3365 1662 3418 per
1687 3349 1948 3418 baptisma

365 3439 612 3504 Joannis,
639 3439 757 3503 sed,
790 3441 844 3492 in
864 3441 1066 3494 nomine
1098 3439 1302 3494 Domini
1331 3442 1491 3494 nostri
1519 3441 1642 3495 Jesu
1677 3441 1884 3503 Christi,
1903 3451 1948 3495 et

362 3533 416 3584 in
445 3532 644 3600 Spiritu
686 3531 786 3585 Dei
806 3533 965 3586 nostri
996 3532 1088 3602 (1.
1127 3531 1243 3587 Cor.
1275 3532 1328 3588 6.
1385 3534 1506 3602 11).
1553 3534 1617 3587 Ει
1669 3534 1790 3588 alibi
1837 3537 1944 3598 ait,

359 3622 584 3678 Joannes
619 3623 820 3694 quidem
862 3625 1150 3694 pradicavit
1196 3624 1497 3694 baptismum
1542 3625 1859 3695 poenitentiw,
1894 3634 1948 3679 et

361 3730 466 3771 non
493 3714 642 3781 dicit,
671 3715 1016 3779 remissionis,
1064 3724 1116 3768 ut
1161 3716 1417 3770 crederent
1445 3717 1499 3770 in
1536 3716 1808 3770 uenientem
1835 3726 1946 3785 post

358 3822 473 3858 eum
509 3805 660 3874 (Act.
691 3805 776 3860 l9.
804 3806 895 3872 4).
926 3804 1062 3860 Cum
1104 3807 1246 3860 enim
1296 3807 1532 3861 nondum
1581 3807 1815 3862 oblatum
1861 3821 1945 3861 sa-

360 3895 617 3951 crificium
647 3905 810 3963 esset,
842 3912 938 3952 nec
963 3897 1193 3968 Spiritus
1221 3898 1618 3961 descendisset,
1665 3913 1764 3953 nec
1815 3913 1941 3967 pec-

359 3996 536 4042 catum
585 3988 814 4043 solutum
858 3999 1030 4056 esset,
1083 4005 1182 4046 nec
1237 3991 1510 4045 inimicitia
1546 3992 1788 4058 sublata,
1847 4007 1944 4047 nec

361 4076 664 4134 maledictio
721 4079 923 4147 deleta,
991 4080 1262 4150 quomodo
1313 4081 1556 4136 remissio
1604 4092 1942 4152 peccatorum

360 4169 497 4224 facta
527 4170 708 4224 esset?

431 4258 488 4312 2.
519 4259 654 4326 Quid
685 4268 768 4314 est
798 4260 956 4330 igitur
983 4260 1131 4324 illud,
1157 4259 1223 4314 In
1253 4262 1592 4316 remissionem
1625 4273 1944 4332 peccatorum

361 4350 569 4419 (Marc.
601 4353 651 4406 1.
683 4352 790 4422 4)?
825 4352 1054 4422 Improbi
1099 4352 1382 4407 admodum
1431 4361 1584 4407 erant
1621 4353 1810 4418 Judaei,
1845 4369 1943 4409 nec

359 4457 608 4511 umquam
659 4447 710 4497 in
749 4456 1088 4514 peccatorum
1138 4458 1352 4499 SllOi‘Uﬂl
1399 4459 1613 4499 sensum
1665 4455 1937 4508 venerant,

357 4535 452 4589 sed
484 4535 737 4590 extremis
769 4537 983 4591 obnoxii
1016 4536 1188 4599 malis,
1221 4551 1279 4591 se
1309 4536 1506 4606 ubique
1541 4536 1716 4604 justos
1747 4536 1940 4606 praedi-

355 4626 550 4680 cabant
581 4645 594 4680 :
621 4627 672 4682 id
712 4628 854 4698 quod
893 4628 1189 4698 praesertim
1239 4629 1380 4696 ipsos
1410 4628 1658 4696 perdidit,
1687 4638 1741 4683 et
1779 4644 1810 4682 a
1840 4628 1944 4684 fide

355 4718 595 4773 abduxit.
631 4719 738 4774 Hac
777 4721 844 4775 de
889 4737 948 4775 re
988 4720 1108 4775 illos
1155 4721 1348 4776 Paulus
1393 4734 1650 4776 accusans
1690 4720 1939 4776 dicebat:

355 4809 659 4878 Ignorantes
705 4809 798 4864 Dei
833 4811 1087 4880 justitiam
1125 4819 1170 4865 et
1213 4827 1357 4865 suam
1391 4819 1664 4879 querentes
1703 4820 1938 4878 statuere,

355 4902 567 4966 iustitia:
592 4901 687 4955 Dei
712 4918 812 4954 non
839 4912 952 4955 sunt
976 4903 1185 4968 subiecti
1211 4903 1385 4974 (Rom.
1411 4904 1495 4959 10.
1527 4903 1604 4975 5).
1633 4904 1698 4959 Et
1723 4919 1939 4959 rursus:

357 4991 494 5057 Quid
536 5008 657 5063 ergo
694 4991 955 5046 dicemus?
984 4994 1130 5060 Quod
1171 5004 1340 5063 gentes
1362 5010 1474 5063 quis
1499 5011 1598 5048 non
1625 4996 1942 5048 sectabantur

355 5083 626 5148 iustitiam,
667 5081 1102 5152 appreltenderunt
1127 5085 1375 5154 justitiam
1413 5099 1432 5136 :
1478 5085 1639 5139 Israel
1667 5095 1835 5139 autem
1863 5102 1940 5139 se-

355 5173 542 5226 ctando
585 5173 743 5242 legem
776 5172 1009 5240 justitiw,
1055 5174 1106 5224 in
1156 5173 1310 5243 legem
1327 5176 1545 5243 justttiae
1572 5192 1670 5229 non
1697 5176 1937 5242 pervenit.

358 5265 567 5328 Quare?
598 5265 732 5331 Quia
760 5280 860 5317 non
884 5280 948 5316 ea;
975 5264 1094 5330 ﬁde,
1123 5265 1209 5318 sea'
1236 5267 1381 5334 quasi
1410 5283 1472 5320 ex
1506 5267 1737 5336 operibus
1763 5268 1780 5337 (
1802 5266 1938 5321 Ibid.

355 5355 408 5411 9.
440 5355 610 5411 50.52
637 5356 676 5422 ).
705 5355 837 5422 Quia
865 5355 1023 5424 igitur
1053 5354 1165 5410 haec
1187 5371 1344 5411 causa
1373 5358 1630 5412 malorum
1673 5367 1808 5425 erat,
1841 5358 1937 5412 ad-

357 5451 507 5504 venit
546 5449 798 5517 Joannes,
847 5450 980 5504 nihil
1023 5447 1165 5503 aliud
1213 5464 1400 5518 agens,
1443 5467 1600 5520 quam
1643 5461 1700 5506 ut
1728 5452 1845 5507 illos
1873 5451 1939 5506 ad

359 5551 697 5611 peccatorum
727 5557 944 5597 suorum
971 5540 1330 5612 cognitionem
1361 5542 1647 5598 deduceret
1675 5560 1688 5595 :
1721 5543 1771 5597 id
1798 5543 1938 5613 quod

360 5639 520 5694 etiam
550 5637 688 5692 illius
721 5637 929 5692 habitus
959 5634 1292 5702 ostendebat,
1327 5635 1414 5705 qui
1441 5636 1620 5706 utique
1662 5637 1727 5691 ad
1768 5637 1936 5706 pwni-

1582 219 1648 276 IN
1684 215 2092 275 MATTHEUM
2133 218 2358 278 HOMIL.
2405 223 2470 278 Χ.

3555 232 3659 290 18¹ὶ

2083 330 2300 386 tentiam
2347 342 2402 388 et
2442 334 2832 392 confessionem
2873 341 3202 411 compositus
3245 350 3379 398 erat.
3411 344 3522 400 Hoc
3548 347 3658 416 ipsa

2077 435 2287 490 quoque
2337 425 2644 493 praedicatio
2686 427 3091 486 demonstravit.
3143 433 3280 488 Nihil
3323 439 3466 490 enim
3515 437 3656 493 aliud

2075 512 2303 580 dicebat,
2350 533 2530 587 qnam,
2573 520 2628 574 8.
2673 519 2850 577 Facite
2894 523 3091 592 [ructus
3135 526 3314 597 dignos
3357 531 3660 600 pmnitentire

2075 603 2224 675 (Luc.
2252 609 2307 662 5.
2338 611 2392 678 δ)
2445 610 2577 677 Quia
2610 611 2768 682 igitur
2786 616 2927 685 quod
2961 627 3171 684 peccata
3199 634 3294 673 sua
3323 636 3426 675 non
3454 623 3658 691 impro-

2075 697 2282 763 barent,
2311 709 2366 753 ut
2394 700 2586 756 Paulus
2612 704 2921 773 declaravit,
2964 707 3084 762 ideo
3128 724 3157 762 a
3197 709 3411 765 Christo
3446 713 3653 767 resilie-

2073 797 2196 842 runt
2225 805 2240 843 :
2271 803 2484 860 peccata
2528 804 2706 849 autem
2757 795 2809 850 in
2842 807 3071 852 mentem
3103 815 3374 861 revocare,
3407 803 3458 856 id
3493 803 3657 859 efficit

2073 889 2129 934 ut
2151 881 2455 952 redemptor
2499 896 2786 954 qumratur,
2827 899 2882 944 et
2919 892 3164 946 remissio
3189 893 3528 952 desideretur
3559 915 3571 949 :
3605 898 3656 951 id

2073 982 2465 1042 praeparaturus
2507 977 2652 1032 venit
2695 978 2948 1048 Joannes,
3001 992 3056 1036 et
3095 982 3401 1041 hortatnrus
3443 987 3563 1042 illos
3600 998 3657 1042 ut

2072 1064 2436 1130 paenitentiam
2465 1077 2717 1136 agerent:
2759 1086 2864 1126 non
2893 1081 2949 1126 ut
2974 1075 3316 1142 punirentur;
3348 1076 3444 1131 sed
3473 1085 3530 1130 ut
3563 1093 3660 1146 per

2072 1155 2436 1222 paenitentiam
2487 1157 2798 1218 humiliores
2844 1163 3039 1228 eli'eeti,
3091 1181 3155 1220 ac
3201 1181 3322 1222 sese
3373 1167 3516 1237 ipsos
3558 1169 3658 1224 da-

2070 1253 2334 1306 mnantes,
2369 1246 2436 1300 ad
2462 1249 2832 1306 remissionem
2864 1254 3250 1322 impetrandam
3289 1267 3656 1314 accurrerent.

2069 1333 2202 1390 Vide
2244 1337 2400 1406 igitur
2443 1355 2599 1409 quam
2649 1340 2765 1397 haec
2807 1343 3089 1414 diligenter
3134 1348 3477 1416 expresserit.
3521 1349 3655 1404 Cum

2065 1427 2287 1484 dixisset
2310 1433 2472 1497 enim,
2514 1432 2659 1487 Venit
2693 1436 2975 1503 praedicans
3015 1439 3318 1507 baptismum
3350 1443 3656 1510 penitentia:

2067 1519 2120 1572 in
2148 1521 2344 1574 deserto
2371 1521 2590 1591 Judtete,
2622 1524 2843 1589 addidit,
2885 1525 2952 1580 In
2991 1530 3330 1585 remissionem
3358 1531 3378 1603 (
3396 1531 3562 1586 Marc.
3600 1536 3650 1588 l.

2065 1608 2144 1682 4);
2173 1627 2237 1668 ac
2262 1613 2305 1667 si
2327 1613 2532 1668 diceret
2560 1631 2572 1667 :
2607 1615 2728 1670 Ideo
2771 1617 2888 1672 illos
2917 1617 3160 1675 hortatus
3212 1628 3298 1676 est
3337 1632 3394 1676 ut
3421 1624 3648 1693 confite—

2065 1712 2254 1757 rentur
2281 1715 2335 1759 et
2379 1707 2743 1775 pmnitentiam
2789 1720 3026 1779 agerent,
3062 1727 3170 1766 non
3213 1721 3268 1766 ut
3307 1713 3646 1782 punirentur,

2063 1795 2156 1849 sed
2203 1803 2260 1849 ut
2306 1796 2515 1852 facilius
2561 1811 2744 1867 postea
2775 1802 3147 1857 remissionem
3186 1803 3512 1874 acciperent.
3540 1804 3650 1862 Nisi

2064 1885 2204 1938 enim
2253 1887 2462 1955 seipsos
2507 1887 2872 1956 damnassent,
2921 1893 3142 1962 gratiam
3189 1909 3294 1948 non
3349 1896 3648 1964 petiissent,

2063 1991 2167 2028 non
2201 1987 2500 2045 quaerentes
2527 1995 2656 2035 vero
2675 1982 2922 2049 gratiam,
2951 1997 3127 2054 neque
3153 1985 3525 2042 remissionem
3560 2001 3650 2041 as-

2062 2067 2268 2135 seqnuti
2297 2078 2495 2122 essent.
2526 2069 2706 2138 Itaque
2733 2070 2834 2126 hoc
2861 2072 3121 2143 baptisma
3147 2075 3214 2128 ad
3245 2074 3375 2130 illud
3400 2076 3536 2130 viam
3560 2091 3652 2145 pa-

2062 2167 2143 2210 rat
2175 2176 2186 2208 :
2223 2159 2337 2212 ideo
2376 2159 2604 2227 dicebat,
2660 2160 2730 2216 Ut
2772 2163 2978 2218 credant
3020 2164 3075 2218 in
3120 2181 3234 2219 eum
3261 2167 3347 2236 qui
3378 2167 3508 2220 venit
3537 2179 3650 2238 post

2061 2252 2225 2320 ipsum
2250 2253 2384 2322 (Act.
2417 2254 2504 2309 19.
2534 2255 2620 2324 4);
2651 2265 2846 2325 praeter
2871 2271 2992 2316 eam
3032 2273 3192 2328 quam
3220 2259 3478 2324 diximus,
3511 2261 3650 2315 hanc

2058 2357 2271 2412 quoque
2317 2344 2474 2398 aliam
2520 2345 2852 2415 baptismatis
2895 2361 3110 2402 causam
3159 2349 3435 2419 adjiciens.
3466 2350 3648 2421 Neque

2059 2433 2200 2486 enim
2229 2434 2448 2502 perinde
2476 2434 2682 2502 fuisset,
2713 2438 2757 2490 si
2790 2437 2980 2492 domos
3005 2439 3381 2505 circumiisset,
3411 2450 3466 2499 et
3487 2440 3649 2496 Chri-

2057 2529 2196 2575 stum
2241 2538 2402 2577 manu
2443 2524 2767 2593 prehensum
2797 2527 3262 2596 circumduxisset,
3294 2529 3643 2600 dixissetque,

2059 2614 2113 2668 In
2146 2613 2287 2669 hunc
2335 2615 2569 2683 credite;
2599 2626 2760 2686 atque
2804 2618 3050 2673 omnibus
3080 2619 3432 2689 prmsentibus
3471 2635 3536 2675 ac
3565 2621 3645 2676 vi-

2055 2707 2324 2776 dentibus,
2377 2707 2584 2764 beatam
2632 2709 2776 2764 illam
2826 2709 3005 2766 el'ferri
3058 2727 3266 2778 vocem,
3324 2721 3485 2783 atque
3539 2713 3642 2768 alia

2055 2798 2234 2852 omnia
2264 2798 2466 2867 perfici.
2500 2799 2624 2854 Ideo
2652 2801 2794 2855 venit
2821 2800 2887 2855 ad
2919 2801 3200 2872 baptisma.
3233 2802 3364 2859 Nam
3386 2814 3440 2858 et
3467 2803 3642 2874 bapti-

2056 2888 2224 2942 zantis
2247 2888 2569 2943 exisﬁmatio
2598 2900 2653 2945 et
2681 2891 2756 2945 rei
2784 2891 2951 2960 ipsius
2978 2892 3236 2960 conditio,
3263 2893 3531 2953 civitatem
3563 2904 3643 2950 to-

2057 2987 2162 3032 tam
2190 2979 2511 3047 attrahebat,
2554 2989 2608 3035 et
2646 2981 2713 3035 ad
2739 2981 3026 3039 Jordanem
3057 2984 3331 3050 evocabat,
3358 3001 3640 3057 magnum-

2052 3083 2158 3137 que
2206 3067 2306 3123 fuit
2359 3069 2648 3125 theatrum.
2701 3072 2931 3143 Ideoque
2992 3089 3086 3128 eos
3139 3076 3230 3146 qui
3288 3075 3638 3145 advenerant,

2053 3160 2316 3229 reprimit,
2375 3163 2670 3233 suadetque
2721 3180 2790 3220 ne
2840 3181 3092 3236 maguum
3143 3168 3414 3239 quidpiam
3467 3169 3536 3226 de
3579 3185 3640 3226 se

2051 3253 2562 3319 comminiscantur,
2612 3256 2901 3312 ostendens
2956 3273 3053 3312 eos
3105 3267 3467 3315 extremorum
3515 3276 3640 3317 reos

2052 3342 2335 3408 malorum,
2366 3343 2465 3397 nisi
2495 3345 2862 3412 paenitentiam
2889 3348 3114 3417 egerint,
3147 3349 3429 3419 missisque
3464 3351 3638 3419 majo-

2052 3433 2197 3488 ribus
2234 3433 2365 3501 suis,
2410 3433 2733 3504 depulsaque
2775 3437 2886 3502 illa,
2914 3453 3072 3507 quam
3109 3439 3232 3493 inde
3257 3449 3634 3508 conceperant,

2049 3523 2322 3592 jactantia,
2350 3539 2470 3580 emn
2501 3526 2588 3595 qui
2615 3526 2923 3595 advenerat,
2954 3529 3271 3598 receperint.
3308 3530 3514 3584 Etenim
3540 3529 3638 3585 ob-

2050 3623 2256 3669 scurata
2299 3614 2506 3671 fuerant
2554 3617 2764 3672 interim
2791 3633 2854 3673 ea
2895 3633 3014 3688 quae
3041 3619 3106 3673 ad
3135 3619 3402 3674 Christum
3430 3630 3640 3689 specta»

2048 3705 2195 3771 bant,
2241 3714 2296 3761 et
2336 3707 2476 3776 apud
2523 3707 2721 3762 multos
2764 3709 3024 3764 exstincta
3071 3710 3384 3765 videbantur
3416 3726 3537 3766 esse
3564 3711 3638 3768 ob

2047 3798 2247 3852 caadem
2280 3798 2330 3851 in
2360 3797 2669 3854 Bethlehem
2698 3809 3072 3872 perpetratam.
3105 3803 3321 3858 Etiamsi
3349 3805 3490 3858 enim
3513 3820 3633 3860 cum

2049 3887 2328 3942 duodecim
2359 3904 2619 3944 annorum
2646 3899 2788 3946 esset
2831 3906 2951 3948 sese
2980 3893 3300 3958 exhibuerit,
3348 3903 3402 3949 at
3446 3896 3553 3950 cito
3582 3897 3634 3950 in

2050 3978 2280 4047 priorem
2309 3993 2428 4032 sese
2459 3979 2836 4036 obscuritatem
2857 3981 3077 4037 deduxit
3103 4001 3117 4036 :
3149 3984 3373 4052 ideoque
3400 3987 3637 4054 splendi-

2047 4074 2130 4128 dis
2173 4073 2410 4128 exurdiis
2455 4085 2511 4128 et
2552 4073 2864 4130 sublimiore
2907 4075 3168 4145 principio
3212 4073 3348 4145 opus
3383 4076 3632 4132 habebat.

2049 4168 2332 4236 Propterea
2362 4175 2486 4221 tunc
2517 4167 2746 4236 primum
2773 4182 2856 4231 ea,
2887 4182 3008 4236 qua:
3045 4182 3329 4236 numquam
3355 4167 3636 4224 audierant

2046 4259 2236 4324 Judaei,
2267 4259 2350 4314 vel
2378 4275 2406 4313 a
2448 4259 2740 4328 prophetis,
2773 4259 2856 4315 vel
2886 4259 2954 4314 ab
2981 4259 3102 4314 aliis
3139 4259 3482 4330 quibuslibet,
3515 4262 3632 4326 illa,

2049 4351 2286 4419 inquam,
2337 4350 2624 4419 conspicua
2667 4365 2798 4405 voce
2843 4349 3117 4419 prmdicat,
3158 4351 3319 4405 cados
3341 4359 3394 4405 et
3415 4365 3632 4420 regnum

2046 4442 2300 4496 caelorum
2341 4455 2792 4506 commemorans,
2842 4441 3077 4510 nihilque
3106 4440 3173 4495 de
3214 4449 3352 4496 terra
3385 4443 3628 4512 loquens.

2049 4531 2290 4600 Regnum
2319 4540 2496 4584 autem
2545 4529 2632 4583 hic
2661 4529 2788 4584 dicit
2814 4529 3099 4584 adventum
3131 4529 3264 4600 ejus,
3295 4540 3347 4586 et
3377 4532 3623 4599 priorem,

2049 4631 2102 4677 et
2132 4621 2504 4690 posteriorem.
2550 4621 2614 4675 Et
2641 4621 2764 4691 quid
2794 4621 2895 4676 hoc
2922 4621 2990 4675 ad
3017 4620 3250 4684 Judazos,
3285 4621 3512 4690 inquies,
3543 4623 3633 4692 qui

2047 4710 2358 4767 nesciebant
2385 4711 2509 4780 quid
2536 4711 2776 4767 diceret?
2804 4713 2926 4766 Ideo
2951 4713 3028 4768 sic
3059 4712 3266 4780 loquor,
3302 4712 3502 4782 inquiet
3524 4715 3632 4778 ille,

2050 4813 2106 4857 ut
2131 4803 2392 4858 dictorum
2423 4803 2749 4858 obscuritate
2793 4804 3030 4867 excitati,
3077 4804 3291 4857 veniant
3321 4804 3385 4857 ad
3420 4806 3632 4874 perqui-

2049 4895 2272 4949 rendum
2320 4895 2468 4948 illutn
2512 4894 2599 4963 qui
2632 4893 2982 4962 praedicatur;
3032 4893 3099 4944 ita
3127 4903 3186 4946 ut
3210 4904 3263 4948 et
3286 4895 3550 4964 publicani
3581 4904 3636 4950 et

2050 4987 2245 5041 milites
2272 4987 2620 5054 interrogent,
2646 4984 2772 5052 quid
2811 4983 3133 5045 faciendum,
3176 4993 3230 5038 et
3255 4985 3523 5052 quomodo
3555 4985 3636 5038 in-

2047 5076 2313 5133 stituenda
2362 5075 2464 5129 vita
2511 5076 2579 5128 sit
2611 5095 2622 5128 :
2651 5073 2792 5144 quod
2833 5075 3041 5145 signum
3087 5085 3202 5130 erat
3250 5077 3413 5144 ipsos,
3457 5077 3634 5132 missis

2048 5170 2390 5225 saccularibus
2437 5168 2615 5231 rebus,
2647 5167 2749 5222 alia
2780 5167 2980 5237 majora
3025 5169 3312 5237 respicere,
3358 5177 3412 5223 et
3459 5167 3631 5221 futura

2046 5262 2196 5332 quasi
2242 5275 2334 5330 per
2375 5261 2638 5314 somnium
2685 5260 2980 5329 imaginari.
3028 5260 3238 5315 Etenim
3275 5270 3464 5316 cuncta
3512 5274 3630 5328 quae

2047 5351 2298 5408 videbant
2344 5362 2397 5406 et
2425 5351 2730 5416 audiebant,
2762 5352 2828 5406 ad
2865 5353 3168 5408 sublimium
3209 5367 3384 5406 rerum
3413 5366 3628 5406 sensum

2048 5445 2320 5515 erigebant
2349 5445 2488 5498 illus.

2119 5541 2170 5592 5.
2210 5538 2435 5592 Joannes
2463 5537 2696 5608 Baptista
2735 5553 2762 5592 e
2798 5537 2991 5591 deserto
3017 5535 3274 5605 egrediens
3302 5547 3455 5600 quam
3483 5546 3630 5584 vene-

2051 5634 2260 5689 randus.
2305 5632 2478 5703 Ipsius
2523 5648 2636 5686 cum
2679 5629 2821 5686 Isaia
2859 5629 3137 5684 consensio.
3169 5656 3234 5664 —
3268 5624 3450 5696 Cogita
3480 5626 3633 5695 igitur
