4076 6150
1902 82 1955 99 4.

424 217 524 272 187

420 340 674 400 quantum
707 331 756 384 id
780 341 922 385 eSset
954 329 1222 385 hominem
1243 327 1425 384 videre
1451 334 1572 398 post
1588 336 1758 378 annos
1785 318 1997 388 triginta

421 437 484 476 ex
513 421 724 477 deserto
764 421 1088 485 venientem,
1138 419 1389 490 principis
1423 415 1757 472 sacerdotum
1801 411 1997 473 lilium.

420 513 508 580 qui
557 511 702 566 nulla
747 526 994 581 umquam
1040 525 1217 566 rerum
1264 519 1595 566 terrenarum
1650 511 1899 572 eguerat;
1949 509 2004 554 et

421 605 564 658 omni
593 619 658 658 ex
693 612 841 672 parte
878 600 1257 664 venerandum,
1304 599 1392 668 qui
1418 597 1606 651 Isaiam
1633 608 1815 649 secum
1842 590 2004 645 habe-

421 694 528 748 bat.
559 693 757 748 Aderat
780 693 976 764 quippe
1011 692 1111 761 ipsi
1159 689 1450 760 przedicans
1475 699 1529 742 et
1552 686 1736 741 dicens
1767 703 1779 737 :
1806 682 1899 736 llic
1925 689 2004 734 est

421 799 583 856 quem
608 785 958 840 adventorum
986 797 1105 839 esse
1127 779 1346 851 praedixi
1373 779 1714 840 clamantem,
1757 785 1811 828 et
1835 774 1886 826 in
1912 771 2007 826 de-

418 884 567 932 serto
595 875 736 930 clara
766 889 896 931 voce
923 874 1100 930 omnia
1142 869 1540 943 praedicantem.
1593 867 1820 922 Tantum
1862 863 2003 919 enim

423 975 540 1022 erat
579 967 955 1038 prophetarum
1004 963 1274 1018 circa'res
1317 961 1443 1015 istas
1493 958 1746 1021 studium,
1802 965 1858 1010 ut
1901 969 2005 1009 non

423 1059 585 1114 modo
616 1059 896 1114 Dominum
925 1072 1102 1123 suum,
1152 1054 1246 1109 sed
1274 1054 1435 1109 etiam
1481 1065 1602 1106 eum
1641 1049 1730 1118 qui
1767 1047 1865 1116 ipsi
1909 1046 2010 1100 mi-

429 1151 752 1205 nistraturus
795 1159 932 1213 erat,
976 1155 1102 1202 ante
1150 1146 1374 1201 multum
1413 1141 1666 1214 temporis
1689 1141 2008 1210 praenuntia-

431 1250 555 1298 rent
583 1259 596 1294 :
624 1257 722 1295 nec
752 1241 898 1295 illum
937 1239 1115 1304 modo,
1139 1239 1231 1293 sed
1257 1238 1414 1292 etiam
1441 1238 1610 1291 locum
1639 1231 2007 1304 praedicerent,

425 1331 479 1385 in
510 1344 616 1400 quo
639 1338 946 1385 versaturus
967 1339 1080 1384 erat
1095 1371 1109 1395 ,
1133 1343 1341 1384 necnon
1379 1325 1772 1397 praedicationis
1794 1322 2010 1379 modum

423 1433 532 1489 quo
556 1420 622 1474 ad
650 1419 949 1475 docendum
994 1433 1184 1474 usurus
1222 1428 1358 1483 erat,
1406 1427 1460 1472 et
1500 1431 1656 1486 quam
1696 1416 2007 1486 praeclarum

427 1508 552 1563 hinc
577 1523 710 1579 opus
757 1523 1091 1563 emersurum
1131 1517 1292 1563 esset.
1343 1505 1473 1560 Vide
1496 1520 1624 1576 ergo
1650 1504 1919 1575 quomodo
1947 1505 2010 1557 ad

429 1602 677 1656 eumdem
721 1615 936 1656 sensum
983 1602 1144 1656 ambo
1185 1601 1464 1669 prodeant,
1497 1599 1620 1652 licet
1664 1613 1768 1653 non
1820 1596 2008 1652 iisdem

430 1691 610 1746 verbis
639 1700 871 1755 utantur,
904 1690 1163 1761 prepheta
1189 1705 1379 1758 nempe
1406 1699 1566 1760 atque
1588 1689 1846 1760 Baptista.
1877 1688 2009 1743 Pro-

426 1785 587 1854 pheta
638 1799 867 1854 namque
915 1785 1086 1854 ipsum
1131 1782 1433 1838 adfuturum
1487 1795 1607 1836 esse
1656 1782 1894 1853 praedicit
1932 1780 2014 1836 bis

430 1877 606 1932 verbis
644 1891 660 1930 :
702 1878 754 1932 5.
812 1875 995 1930 Parate
1021 1875 1153 1928 uiam
1178 1873 1403 1939 Domini,
1445 1883 1607 1928 rectas
1628 1875 1775 1944 facile
1812 1877 2015 1927 semitas

429 1968 541 2035 ejus
564 1965 716 2036 (Isai.
737 1966 824 2022 40.
847 1968 922 2035 5).
944 1965 1036 2022 llle
1065 1980 1192 2021 vero
1215 1974 1492 2036 postquam
1522 1965 1754 2027 advenit,
1772 1964 2012 2020 dicebat:

432 2054 611 2110 Facite
637 2057 831 2125 [ructus
857 2056 1035 2126 dignos
1062 2056 1364 2123 pwnitentiw
1390 2055 1407 2125 (
1433 2055 1617 2109 Matth.
1650 2058 1702 2112 5.
1732 2055 1802 2126 8)
1832 2072 1845 2109 :
1875 2055 2014 2125 quod

433 2145 574 2201 idem
601 2147 863 2216 significat
890 2157 1050 2216 atque
1078 2147 1226 2209 illud,
1274 2145 1459 2198 Parate
1495 2147 1624 2199 aiant
1665 2144 1893 2199 Domini.
1932 2145 2018 2199 Vi-

429 2239 553 2294 dcn'
597 2250 651 2293 et
687 2255 782 2307 per
818 2254 880 2294 ea
923 2255 1042 2308 qum
1087 2238 1347 2307 propheta
1383 2238 1550 2300 dixit,
1593 2247 1645 2290 et
1690 2251 1785 2304 per
1813 2253 1874 2292 ea
1901 2251 2018 2307 qua:

434 2329 548 2398 ipse
587 2327 912 2397 prmdicavit,
959 2344 1120 2381 unum
1150 2328 1460 2396 significari,
1499 2327 1672 2395 ipsum
1708 2327 1931 2392 scilicet,
1966 2335 2021 2382 et

435 2429 494 2475 ut
541 2420 772 2490 praeiret,
822 2427 877 2473 et
928 2429 984 2472 ut
1028 2419 1166 2471 viam
1214 2427 1442 2486 pararet,
1481 2417 1782 2482 advenisse,
1832 2426 2022 2472 nonut

433 2515 632 2568 donum
661 2512 966 2582 largiretur,
995 2511 1197 2565 scilicet
1229 2510 1619 2573 remissionem,
1668 2509 1762 2564 sed
1795 2519 1850 2564 ut
1880 2525 2019 2580 prte-

434 2615 649 2675 pararct
678 2606 883 2659 animas
909 2617 1116 2666 eorum,
1149 2601 1238 2671 qui
1271 2603 1637 2657 universorum
1677 2603 1840 2657 Deum
1869 2617 2015 2658 rece-

439 2695 578 2764 pturi
627 2694 819 2748 erant?
859 2693 1028 2759 Lucas
1067 2709 1194 2746 vero
1237 2693 1462 2762 amplius
1493 2691 1619 2762 quid
1648 2693 1875 2764 adjecit;
1924 2709 2022 2750 nec

436 2785 568 2838 satis
601 2783 782 2837 habuit
809 2782 1125 2852 principium
1153 2782 1663 2848 dumtaxatall‘erre,
1720 2785 1813 2839 sed
1855 2793 2020 2839 totam

434 2876 590 2930 affert
613 2875 984 2945 prophetiam;
1020 2890 1140 2928 nam
1171 2875 1246 2929 ait
1278 2893 1291 2929 :
1324 2873 1501 2931 Omnis
1529 2875 1678 2931 vallis
1710 2877 2020 2948 implebitnr,

434 2975 482 3019 et
507 2967 669 3020 omnis
697 2981 842 3020 mons
870 2977 921 3020 et
953 2967 1095 3020 collis
1126 2965 1471 3020 humiliabitur
1503 2982 1521 3020 :
1546 2976 1593 3020 et
1619 2978 1763 3021 erunt
1787 2984 1944 3038 prava
1970 2970 2023 3022 in

436 3053 646 3120 directa,
689 3065 736 3109 et
773 3071 954 3125 aspera
983 3056 1035 3108 in
1062 3056 1166 3109 vias
1196 3055 1374 3125 planas
1396 3072 1414 3110 :
1435 3066 1480 3110 et
1503 3056 1681 3110 videbit
1711 3059 1878 3111 omnis
1903 3075 2021 3112 caro

434 3147 655 3200 salutare
708 3146 806 3202 Dei
850 3146 1000 3217 (Luc.
1027 3147 1080 3200 '5.
1129 3147 1181 3202 5.
1223 3146 1274 3202 6.
1322 3146 1452 3201 1δαί.
1505 3149 1594 3203 40.
1627 3150 1680 3202 4.
1708 3151 1785 3217 5).
1837 3150 2023 3206 Viden’

434 3236 704 3306 quomodo
729 3236 839 3306 jam
871 3237 997 3290 olim
1027 3238 1284 3307 propheta
1328 3237 1506 3292 omnia
1546 3239 1698 3306 dixit,
1751 3249 1806 3295 et
1843 3241 2022 3311 populi

433 3342 778 3392 concursum,
821 3337 874 3383 et
903 3343 1078 3383 rerum
1107 3328 1160 3382 in
1187 3328 1379 3384 melius
1409 3331 1779 3398 mutationem,
1810 3346 1864 3387 et
1889 3348 2024 3403 prte-

433 3419 716 3474 dicationis
758 3417 1068 3474 facilitatem
1103 3427 1157 3473 et
1198 3435 1374 3474 rerum
1408 3421 1761 3490 gerendarum
1786 3423 2020 3477 omnium

432 3525 668 3575 causam,
694 3511 793 3566 etsi
823 3511 988 3579 tropis
1021 3512 1133 3564 haec
1160 3512 1510 3580 resperscril?
1531 3512 1657 3566 Erat
1676 3514 1870 3583 quippe
1895 3529 2020 3582 pro-

436 3601 616 3670 phetia
664 3602 980 3655 futurorum.
1030 3599 1164 3655 Cum
1208 3602 1349 3656 enim
1381 3603 1454 3655 ait
1486 3620 1500 3656 :
1535 3603 1711 3656 Omnis
1736 3605 1880 3658 vallis
1921 3605 2020 3658 im-

435 3690 675 3761 plebitur,
712 3700 759 3743 et
797 3691 960 3744 omnis
989 3707 1130 3744 mons
1151 3700 1196 3744 et
1227 3693 1371 3746 collis
1397 3692 1744 3745 humiliabitur
1771 3709 1788 3746 :
1813 3703 1858 3747 et
1879 3706 2021 3749 erunt

434 3797 620 3850 aspera
646 3781 824 3835 invias
857 3780 1043 3852 planas
1075 3798 1092 3835 :
1126 3781 1354 3838 humiles
1393 3783 1725 3851 exaltandos,
1771 3793 1826 3841 et
1873 3802 2023 3842 arro-

432 3880 619 3942 gantes
644 3871 1002 3928 bnmiliandos
1024 3889 1143 3929 esse
1175 3875 1491 3944 prmnnntiat
1509 3917 1522 3940 ,
1571 3885 1729 3948 atque
1756 3877 1890 3950 legis
1915 3880 2020 3934 dif-

436 3964 726 4019 ficultatem
768 3965 818 4019 in
853 3965 973 4020 fidei
1005 3966 1317 4022 facilitatem
1363 3982 1481 4023 esse
1523 3970 1852 4026 mutandam.
1901 3972 2020 4028 Non

435 4057 593 4120 ultra,
624 4049 813 4128 inquit,
845 4057 1068 4114 sudores
1096 4067 1150 4113 et
1181 4059 1425 4125 labores;
1460 4061 1552 4116 sed
1592 4064 1756 4132 gratia
1787 4073 1842 4120 et
1869 4066 2019 4121 venia

431 4147 768 4212 delictorum,
814 4163 934 4218 quia
973 4148 1278 4206 facillimam
1307 4151 1370 4204 ad
1398 4152 1628 4207 salutem
1665 4153 1802 4208 viam
1848 4166 2017 4224 paret.

434 4239 636 4295 Deinde
664 4242 852 4296 horum
883 4256 1100 4297 causam
1128 4244 1348 4312 apponit
1374 4243 1560 4300 dicens
1590 4263 1603 4298 :
1636 4244 1831 4301 Videbit
1858 4251 2020 4304 omnis

430 4346 554 4385 caro
582 4331 806 4386 salutare
835 4330 931 4386 Dei
975 4348 995 4386 .'
1038 4347 1164 4400 non,
1197 4343 1255 4388 ut
1282 4335 1433 4406 olim,
1484 4335 1654 4392 Judtei
1680 4348 1734 4393 et
1760 4340 2019 4412 proselyti

430 4432 638 4479 tantum
663 4465 680 4490 ,
724 4423 819 4480 sed
861 4434 914 4480 et
955 4427 1132 4480 omnis
1175 4441 1301 4481 caro
1343 4437 1398 4482 et
1440 4444 1620 4494 mare,
1670 4431 2021 4502 universaque

432 4515 709 4571 hominum
739 4523 950 4571 natura.
982 4515 1087 4572 Per
1113 4532 1276 4586 prava
1301 4518 1441 4572 enim
1470 4529 1522 4574 et
1557 4530 1814 4588 tortuosa,
1857 4525 2018 4580 vitam

427 4605 723 4674 quamlibet
746 4615 1051 4676 corruptam
1093 4607 1443 4662 subindieavit
1477 4627 1489 4663 :
1529 4611 1859 4678 publicanos,
1909 4614 2020 4670 for-

431 4698 718 4766 nicatores,
765 4698 1025 4764 latrones,
1074 4713 1282 4769 magos,
1326 4702 1414 4768 qui
1447 4715 1566 4754 cum
1606 4703 1839 4770 perversi
1874 4704 2020 4774 prius

430 4797 635 4855 essent,
667 4798 812 4845 recta
852 4788 1049 4845 deinde
1091 4790 1178 4844 via
1221 4801 1596 4860 processerunt
1629 4808 1642 4844 :
1675 4793 1816 4862 quod
1857 4795 2016 4850 etiam

431 4878 546 4948 ipse
575 4877 786 4934 dicebat
814 4897 829 4934 :
863 4877 1141 4934 Publiceni
1166 4891 1211 4934 et
1241 4891 1521 4951 peccatores
1551 4885 1832 4954 pra-cedent
1860 4903 1946 4942 vos
1966 4889 2017 4944 in

427 4985 585 5038 regno
633 4969 725 5024 Dei
769 4969 1001 5032 (Matth.
1029 4972 1121 5028 2|.
1152 4970 1287 5043 3i),
1343 4973 1465 5043 quia
1517 4976 1877 5042 crediderunt.
1916 4978 2018 5034 ldi~

431 5075 585 5131 psum
633 5060 752 5115 aliis
795 5061 971 5115 verbis
1010 5063 1090 5117 sic
1135 5062 1384 5118 indicavit
1411 5066 1666 5136 propheta
1700 5085 1713 5122 :
1743 5067 1884 5123 Tunc
1910 5071 2018 5138 lupi

429 5160 475 5203 et
504 5148 628 5222 agni
655 5150 810 5204 simul
842 5160 1110 5220 pascentur
1140 5151 1292 5219 (lsai.
1321 5153 1407 5208 65.
1441 5156 1555 5226 25).
1586 5157 1738 5212 Sicut
1765 5160 1907 5214 enim
1943 5160 2013 5214 ibi

429 5258 525 5312 per
548 5242 714 5299 colles
743 5251 799 5297 et
825 5243 989 5299 valles
1032 5245 1447 5316 inaequalitatem
1489 5265 1696 5307 morum
1742 5253 1796 5310 in
1853 5273 2009 5313 unam

429 5335 779 5407 philosophiae.
817 5337 1174 5407 aequalitatem
1222 5340 1555 5398 commisceri
1601 5344 1734 5400 dixit
1782 5366 1795 5401 :
1846 5349 1917 5404 ita
1959 5359 2014 5406 et

429 5427 516 5481 hic
546 5441 786 5498 quoque,
833 5442 927 5498 per
969 5427 1243 5483 brutorum
1273 5430 1534 5487 diversam
1563 5445 1806 5492 naturam
1836 5440 2013 5497 varios

429 5518 702 5575 hominum
746 5535 922 5578 mores
951 5519 1215 5592 indicans,
1263 5540 1471 5580 rursum
1506 5541 1600 5583 eos
1627 5529 1677 5582 in
1709 5545 1869 5585 unum
1894 5533 2009 5602 pie-

432 5613 552 5672 tatis
575 5624 889 5672 concentum
913 5616 1059 5690 jungi
1089 5617 1379 5676 declaravit
1409 5636 1422 5674 :
1451 5628 1503 5678 et
1531 5621 1614 5679 hic
1636 5637 1848 5680 rursum
1877 5638 2005 5682 cau-

1090 212 1147 269 S.
1188 211 1465 268 JOAN‘NIS
1500 202 1970 266 CHRYSOSTOMI
2009 200 2304 261 ARCHIEP
2364 199 2895 262 CONSTANTINOP.

3586 205 3743 265 188,

2105 333 2218 374 sam
2243 319 2499 390 adjiciens
2544 320 2618 376 ait
2651 336 2666 374 :
2704 319 2816 374 Erit
2840 319 2927 391 qui
2949 327 3219 389 consurget
3245 317 3500 388 imperare
3526 325 3696 390 genti-

2107 410 2220 476 bus,
2251 420 2297 464 et
2323 411 2374 464 in
2412 411 2579 481 ipsum
2605 419 2774 482 gentes
2803 408 3074 480 sperabunt
3099 408 3252 481 (Isai.
3279 411 3366 463 il.
3400 409 3491 482 10)
3540 409 3696 480 Quod

2108 502 2285 572 ipsum
2310 503 2378 557 ibi
2413 518 2624 573 quoque
2659 502 2793 557 dixit
2826 521 2838 557 :
2876 501 3067 556 Videbit
3113 502 3275 555 omnis
3315 517 3436 555 caro
3475 501 3697 556 salutare

2109 593 2205 646 Dei
2251 609 2270 647 :
2312 594 2508 663 ubique
2554 593 2842 647 ostendens
2888 593 3292 662 evangeliorum
3333 592 3585 646 virtutem
3627 607 3692 646 ae

2112 686 2350 738 notitiam
2381 684 2446 738 ad
2478 699 2645 754 usque
2670 684 2804 738 fines
2827 693 2979 738 terra:
2999 680 3393 737 diffundenthtm
3416 697 3556 748 esse,
3579 698 3700 752 qure

2109 790 2140 828 a
2172 776 2352 829 ferinis
2383 775 2616 829 moribus
2636 775 2934 844 animisque
2958 774 3179 842 astteris,
3207 775 3262 827 in
3288 782 3620 828 mansuetam
3647 782 3702 827 et

2113 867 2293 922 mitem
2318 867 2546 920 indolem
2575 881 2741 935 genus
2771 866 3044 920 hominum
3078 866 3470 921 transmutabit.
3510 867 3566 920 4.
3594 865 3700 920 Hic

2112 966 2281 1012 autem
2315 956 2539 1012 Joannes
2581 957 2791 1011 habebat
2824 959 3166 1011 vestimentum
3190 975 3336 1012 suum
3362 958 3426 1013 de
3452 959 3573 1028 pilis
3602 974 3695 1011 ca-

2114 1051 2248 1115 meli,
2282 1060 2326 1104 et
2352 1066 2534 1104 zonam
2559 1051 2823 1119 pelticeam
2845 1050 2980 1103 circa
3000 1050 3193 1103 lumbos
3218 1066 3357 1103 suos.
3388 1049 3576 1106 Viden’
3599 1052 3700 1105 alia

2117 1139 2403 1210 prophetas
2452 1141 2801 1210 praedixisse,
2873 1140 2975 1193 alia
3027 1140 3368 1209 evangelistis
3419 1140 3704 1209 reliquisse

2117 1231 2414 1285 narranda?
2440 1231 2773 1300 Quapropter
2797 1229 3078 1284 Matthmus
3102 1240 3158 1285 et
3187 1231 3491 1300 pr0phetias
3515 1230 3701 1297 affert,

2117 1334 2170 1380 et
2207 1340 2299 1379 sua
2351 1325 2534 1391 adjicit
2565 1342 2578 1378 :
2608 1338 2783 1394 neque
2808 1333 2959 1378 extra
2987 1339 3098 1378 rem
3125 1325 3330 1395 putavit
3356 1324 3423 1380 de
3444 1325 3576 1394 justi
3607 1340 3691 1380 ve-

2118 1415 2288 1470 stibus
2335 1416 2500 1485 loqui.
2867 1463 2872 1466 .

2190 1507 2243 1561 4.
2283 1505 2499 1560 Joannis
2528 1505 2772 1576 Baptistae
2797 1506 2992 1560 vivendi
3017 1523 3193 1578 genus.
3227 1537 3297 1546 —
3342 1507 3472 1561 Erat
3509 1507 3707 1578 quippe

2119 1613 2206 1653 res
2234 1597 2366 1652 mira
2408 1604 2460 1651 et
2488 1596 2750 1666 stupenda
2789 1598 2840 1651 in
2873 1598 3104 1652 humano
3133 1612 3357 1668 corpore
3384 1607 3585 1653 tantam
3626 1600 3705 1652 vi-

2117 1687 2248 1744 dere
2290 1687 2622 1744 tolerantiam
2657 1706 2668 1741 :
2704 1689 2845 1758 quod
2888 1700 3036 1744 certe
3081 1689 3295 1744 Jud:ros
3335 1688 3506 1759 magis
3539 1699 3706 1744 attra-

2121 1780 2298 1841 hebat.
2354 1782 2440 1851 qui
2489 1793 2736 1852 maguum
2783 1780 2954 1834 Eliam
2985 1781 3036 1834 in
3078 1781 3192 1849 ipso
3229 1781 3603 1850 respiciebant,
3652 1789 3709 1836 et

2121 1887 2186 1926 ex
2233 1874 2297 1927 iis
2341 1889 2460 1942 qua:
2491 1881 2618 1929 tunc
2660 1871 2998 1936 videbantur,
3038 1873 3176 1928 beati
3207 1874 3347 1929 illius
3376 1875 3474 1928 viri
3505 1889 3708 1930 memo-

2121 1963 2252 2018 riam
2302 1963 2662 2029 revocabant;
2696 1966 2802 2021 imo
2839 1967 2890 2019 in
2932 1965 3187 2035 majorem
3236 1966 3578 2034 rapiebantur
3614 1966 3709 2021 ad-

2123 2054 2480 2110 mirationem.
2531 2054 2622 2108 llle
2670 2070 2902 2125 namque
2941 2057 2992 2109 in
3032 2057 3250 2110 urbibus
3296 2066 3351 2109 et
3382 2057 3433 2110 in
3461 2057 3709 2112 domibus

2121 2144 2379 2208 alebatur,
2427 2143 2514 2198 hie
2555 2151 2731 2198 autem
2763 2145 2830 2198 ab
2874 2146 3204 2199 incunalmlis
3236 2154 3348 2201 toto
3389 2156 3628 2216 tempore
3654 2148 3708 2202 in

2122 2233 2338 2290 deserto
2383 2244 2628 2291 versatus
2671 2247 2773 2292 est.
2826 2236 3113 2306 Oportebat
3144 2242 3287 2292 enim
3321 2250 3707 2309 praeeursorcm

2126 2325 2284 2391 illius,
2318 2326 2406 2397 qui
2434 2336 2612 2383 vetera
2640 2329 2816 2382 omnia
2844 2328 3114 2383 soluturus
3149 2338 3284 2395 erat,
3331 2345 3522 2399 nempe
3558 2329 3708 2384 labe.

2126 2433 2259 2482 rem,
2293 2418 2742 2484 maledictionem,
2784 2419 3022 2474 dolorem
3052 2432 3212 2489 atque
3239 2421 3509 2485 sudorem,
3558 2438 3707 2490 qum-

2125 2507 2247 2561 dam
2295 2508 2490 2565 habere
2533 2510 2773 2582 symbola
2801 2510 3167 2580 hujuscemodi
3207 2512 3354 2577 doni,
3401 2523 3456 2568 et
3488 2514 3712 2568 damna-

2129 2599 2272 2652 tione
2299 2597 2386 2654 illa
2415 2601 2745 2670 superiorem
2775 2617 2914 2658 esse.
2963 2602 3142 2673 Itaque
3171 2619 3268 2658 nec
3297 2614 3492 2658 terram
3518 2607 3706 2667 aravit,

2128 2705 2302 2759 neque
2329 2690 2507 2746 sulcos
2533 2690 2825 2757 dissecuit,
2876 2709 2978 2749 non
3012 2696 3064 2750 in
3093 2695 3288 2750 sudore
3315 2696 3491 2751 vultus
3519 2711 3708 2767 panem

2128 2781 2395 2847 eumedit,
2437 2781 2532 2837 sed
2571 2783 2724 2840 facile
2771 2787 3020 2855 parabilis
3058 2796 3175 2843 erat
3217 2804 3401 2844 mensa
3448 2790 3598 2860 ejus,
3657 2802 3712 2844 et

2130 2886 2312 2926 mensa
2342 2871 2545 2928 facilior
2585 2875 2831 2942 amictus,
2877 2885 2932 2931 et
2959 2876 3321 2934 habitaculum
3348 2880 3554 2935 facilius
3573 2882 3710 2934 ami-

2128 2973 2236 3016 ctu.
2288 2963 2472 3036 Neque
2510 2967 2653 3020 enim
2702 2975 2865 3032 tecto,
2917 2968 2998 3022 vel
3042 2969 3202 3035 lecto,
3234 2972 3315 3026 vel
3362 2986 3566 3038 mensa,
3625 2972 3712 3025 vel

2127 3053 2307 3124 aliquo
2334 3055 2494 3110 simili
2522 3070 2658 3125 epus
2687 3057 2908 3123 habuit;
2959 3058 3052 3113 sed
3091 3059 3386 3127 angelicam
3427 3061 3712 3129 quamdam

2127 3145 2289 3198 vitam
2322 3145 2374 3199 in
2401 3144 2502 3200 hac
2530 3162 2694 3203 carne
2719 3147 2985 3203 exhibuit.
3007 3148 3130 3202 ldco
3157 3147 3526 3204 vestimentum
3550 3151 3714 3218 ipsius

2128 3249 2196 3289 ex
2240 3236 2358 3305 pilis
2386 3238 2714 3293 camelorum
2735 3239 3112 3295 concinnatum
3173 3249 3308 3306 erat,
3351 3251 3412 3295 ut
3439 3258 3501 3295 ex
3532 3242 3711 3296 habitu

2129 3344 2228 3384 nos
2279 3331 2601 3392 institueret,
2634 3340 2695 3388 ut
2723 3331 2792 3386 ab
2817 3332 3064 3386 humanis
3103 3333 3509 3395 absisteremus.
3543 3351 3604 3388 ac
3634 3337 3710 3389 ui-

2130 3421 2202 3475 hil
2229 3438 2349 3477 cum
2379 3432 2516 3477 terra
2544 3439 2828 3480 commune
2852 3426 3201 3491 haberemus;
3225 3429 3317 3482 sed
3344 3429 3409 3481 ad
3438 3431 3712 3497 pristinam

2130 3510 2463 3568 nobilitatem
2508 3524 2932 3583 reverteremur,
2983 3518 3032 3571 in
3082 3533 3183 3587 qua
3237 3519 3463 3588 degebat
3511 3519 3709 3583 Adam,

2128 3612 2411 3674 antequam
2440 3606 2776 3660 vestimentis
2804 3617 2856 3661 et
2887 3609 3084 3662 amictu
3114 3619 3313 3679 egeret.
3363 3610 3453 3664 Sic
3483 3619 3537 3664 et
3564 3611 3712 3680 regni

2127 3707 2182 3749 et
2215 3695 2543 3764 pteuitentite
2579 3698 2743 3752 vestis
2799 3698 3102 3768 hujusmodi
3153 3702 3450 3772 symbolum
3500 3718 3608 3772 prae
3653 3717 3714 3756 se

2127 3787 2352 3842 ferebat.
2405 3787 2514 3843 Nec
2554 3789 2683 3843 mihi
2727 3789 2914 3845 dicas:
2946 3790 3100 3846 Unde
3127 3792 3198 3846 illi
3229 3793 3438 3847 cilicina
3462 3795 3621 3848 vestis
3659 3804 3713 3848 et

2127 3895 2285 3947 zona,
2331 3881 2380 3934 in
2413 3881 2626 3936 deserto
2657 3881 2956 3936 habitanti?
3001 3882 3134 3937 Nam
3180 3885 3225 3938 si
3269 3899 3328 3939 ea
3375 3884 3443 3939 de
3486 3901 3544 3939 re
3567 3901 3710 3954 qua:-

2127 3974 2356 4029 stionem
2386 3989 2624 4040 moveas,
2657 3975 2755 4028 alia
2787 3990 2998 4045 quoque
3024 3977 3185 4030 multa
3213 3993 3455 4046 qutrrcre
3483 3980 3708 4047 poteris:

2126 4065 2394 4137 quomodo
2425 4066 2476 4119 in
2515 4067 2710 4130 hieme,
2759 4067 3026 4138 quomodo
3071 4069 3121 4122 in
3157 4078 3290 4123 cestu
3328 4070 3378 4123 in
3426 4071 3712 4126 solitudine

2127 4158 2462 4224 versabatur,
2492 4160 2728 4214 maxime
2759 4162 2812 4212 in
2840 4167 3026 4213 tenero
3073 4174 3298 4230 corpore
3332 4171 3386 4217 et
3429 4163 3710 4217 immatura

2127 4258 2284 4304 attate
2331 4267 2347 4304 :
2395 4250 2662 4319 quomodo
2705 4249 2874 4318 potuit
2915 4251 3132 4319 puerilis
3157 4252 3336 4307 carnis
3379 4261 3564 4308 natttra
3594 4270 3711 4309 ver-

2127 4341 2233 4396 sari
2279 4342 2330 4396 in
2373 4350 2514 4396 tanta
2567 4343 2709 4397 aeris
2739 4343 3134 4412 imequalitate,
3165 4360 3287 4400 cum
3323 4356 3427 4401 tam
3454 4348 3709 4418 singulari

2128 4447 2332 4498 mensa,
2381 4442 2435 4487 et
2471 4434 2681 4486 caeteris
2726 4443 2892 4487 vasta:
2942 4435 3246 4491 solitudinis
3293 4439 3549 4495 miseriis.
3610 4439 3710 4496 Ubi

2127 4539 2268 4578 nunc
2296 4534 2421 4578 sunt
2449 4524 2757 4580 Cra-corum
2793 4527 3116 4598 philosophi,
3167 4531 3256 4600 qui
3307 4531 3504 4587 frustra
3555 4534 3712 4605 Cyni-

2125 4630 2242 4670 cam
2276 4615 2656 4685 impudentiam
2689 4618 2876 4672 sectati
2906 4619 3072 4673 sunt?
3101 4620 3250 4690 (quid
3273 4624 3415 4677 enim
3435 4638 3570 4692 opus
3599 4634 3712 4679 erat

2126 4723 2251 4764 sese
2283 4709 2334 4763 in
2367 4709 2510 4765 dolio
2550 4711 2850 4776 includere,
2875 4723 2929 4766 et
2969 4714 3058 4768 tali
3085 4714 3278 4770 deinde
3307 4716 3521 4772 lascivia
3555 4718 3668 4772 uti?
3696 4720 3713 4786 )

2124 4801 2215 4870 qui
2259 4803 2493 4866 annalis,
2549 4802 2760 4873 phialis,
2831 4805 3069 4872 famulis,
3123 4809 3356 4875 ancillis,
3405 4821 3458 4866 et
3506 4812 3710 4881 reliqua

2127 4909 2317 4965 pompa
2360 4895 2607 4951 instructi
2655 4907 2842 4964 erant,
2893 4907 2948 4953 et
2993 4900 3043 4953 in
3089 4909 3374 4973 utrumque
3430 4919 3708 4959 excessum

2125 4985 2355 5054 prolapsi
2394 4985 2561 5040 sunt?
2585 4987 2655 5040 At
2683 4987 2771 5041 hic
2808 4988 2928 5042 talis
2959 5004 3062 5044 non
3094 5000 3242 5059 erat;
3294 4993 3386 5048 sed
3435 4994 3710 5050 desertum

2123 5076 2274 5146 quasi
2321 5078 2510 5131 malum
2559 5077 2834 5144 habitavit,
2879 5092 3127 5136 accurate
3157 5083 3553 5154 philosophiam
3595 5103 3711 5139 om-

2125 5183 2244 5222 nem
2272 5167 2528 5224 exhibens
2557 5187 2570 5222 :
2604 5167 2833 5238 indeque
2862 5185 2959 5226 ceu
2985 5173 3106 5242 quis
3126 5175 3345 5244 angelus
3386 5176 3454 5230 de
3496 5177 3630 5231 creto
3659 5178 3707 5232 in

2123 5257 2286 5313 urbes
2309 5258 2609 5322 descendit,
2638 5258 2841 5315 athleta
2887 5261 3124 5332 pietatis,
3167 5277 3456 5320 coronatus
3481 5267 3532 5320 in
3555 5268 3708 5334 orbe,

2122 5360 2176 5405 ct
2208 5350 2558 5420 philosophus
2597 5351 2683 5405 illa
2738 5351 3079 5424 philosotihia
3123 5372 3243 5426 qua:
3269 5357 3414 5412 cadis
3435 5357 3594 5427 digna
3619 5373 3709 5415 ess

2121 5452 2223 5498 set.
2266 5441 2391 5496 Haec
2419 5456 2579 5512 porro
2607 5452 2797 5509 erant,
2847 5460 2968 5500 cum
3001 5446 3233 5501 nondum
3262 5450 3494 5504 solutum
3526 5464 3705 5520 pecca-

2121 5543 2229 5587 tum
2255 5541 2419 5598 esset,
2447 5546 2568 5588 cum
2596 5534 2829 5589 nondum
2863 5536 2946 5590 lex
2973 5547 3229 5604 cessaret,
3263 5549 3435 5596 morte
3466 5542 3703 5597 nondum

2123 5625 2318 5688 vincta,
2364 5624 2533 5697 portis
2561 5626 2717 5682 aereis
2745 5625 2982 5683 nondum
3011 5626 3323 5699 confractis,
3373 5631 3465 5688 sed
3495 5633 3708 5705 vigente
