4076 6150
531 229 634 283 187

526 361 633 396 νων
663 340 880 394 πώποτε
916 341 982 405 ¹¹,
1006 339 1100 392 καὶ
1128 337 1390 393 πάντοθεν
1416 339 1544 391 ὄντα
1571 337 1868 407 αἰδέσιμον,
1897 339 1988 391 καὶ
2013 337 2100 390 τὸν

537 424 766 480 Ἡσαΐαν
797 422 988 491 έχοντα
1029 421 1147 490 μεθ’
1179 420 1394 474 ἐαυτοῦ.
1441 421 1628 491 Παρῆν
1663 422 1770 491 γὰρ
1813 420 1905 473 καὶ
1948 416 2101 482 οὗτος

529 505 686 557 αὐτὸν
715 501 1102 572 ἀνακηρύττων
1124 503 1216 554 καί
1239 501 1412 568 λέγων
1439 520 1450 530 ·
1485 496 1651 562 Οὗτός
1679 502 1824 552 ἐστιν
1871 501 1929 552 ὃν
1960 517 2100 569 παρ-

527 584 747 638 έσεσθαι
786 583 922 653 ἔφην
959 583 1184 663 βοῶντα,
1224 584 1318 635 καί
1344 581 1484 635 κατὰ
1508 583 1606 652 τὴν
1634 580 1837 650 ἔρημον
1876 580 2102 650 λαμπρᾷ

526 672 590 738 τῇ
616 670 766 737 φωνῇ
792 665 1130 737 κηρύττοντα
1162 666 1374 719 ἅπαντα
1399 667 1463 718 ³³.
1497 665 1740 734 Τοσαύτη
1765 667 1872 735 γὰρ
1898 665 2101 733 σπουδὴ

525 753 636 812 τοῖς
677 750 988 821 Προφήταις
1032 749 1160 817 περί
1208 748 1408 802 τούτων
1444 747 1657 815 ἐγένετο
1692 746 1800 800 τῶν
1842 748 2102 816 πραγμά-

527 852 652 895 των,
680 834 754 896 ώς
785 834 859 902 μὴ
889 832 977 886 τὸν
1000 834 1274 901 Δεσπότην
1302 833 1391 884 τὸν
1411 831 1618 883 ἑαυτῶν
1642 831 1820 900 μόνον,
1847 831 1982 882 ἀλλὰ
2011 830 2104 881 καὶ

525 917 615 967 τὸν
653 914 912 985 μέλλοντα
938 912 1086 982 αὐτῷ
1114 913 1476 967 διακονεῖσθαι
1521 915 1584 965 ἐκ
1631 910 1823 965 πολλοῦ
1868 928 2103 980 προανα-

527 997 815 1066 κηρύττειν
843 994 936 1047 τοῦ
978 994 1170 1064 χρόνου
1196 1009 1208 1021 ·
1252 993 1346 1047 καὶ
1382 995 1456 1064 μὴ
1509 994 1666 1063 μόνον
1711 993 1870 1045 αὐτὸν
1903 992 2098 1059 λέγειν,

526 1079 664 1132 άλλά
697 1079 789 1132 καὶ
816 1079 905 1130 τὸν
942 1078 1127 1142 τόπον,
1167 1078 1226 1130 ἐν
1261 1071 1304 1143 ᾧ
1334 1077 1629 1145 διατρίϐειν
1658 1075 1868 1146 ἔμελλε,
1901 1075 2102 1126 καὶτὸν

525 1163 618 1214 τοῦ
647 1160 996 1232 κηρύγματος
1020 1161 1240 1230 τρόπον,
1267 1158 1326 1211 δν
1355 1158 1560 1222 διδάξαι
1592 1158 1637 1188 ⁸³
1665 1157 2103 1228 παραγενόμενος

528 1242 664 1314 εἶχε,
689 1243 863 1296 καὶτὸ
889 1243 983 1294 ἀπ’
1005 1244 1052 1273 ³⁸
1073 1240 1238 1293 αὐτοῦ
1272 1240 1566 1308 συμϐαῖνον
1583 1240 1932 1309 κατόρθωμα.
1960 1241 2102 1308 Ὅρα

525 1328 656 1394 γοῦν
684 1325 800 1388 πῶς
823 1327 908 1378 ἐπ’
941 1323 1119 1377 αὐτῶν
1145 1322 1394 1393 ἔρχονται
1423 1321 1530 1374 τῶν
1559 1322 1863 1390 νοημάτων,
1911 1321 1959 1372 εἰ
2013 1320 2105 1372 καὶ

528 1411 604 1481 μὴ
634 1408 719 1462 ἐπ’
752 1407 931 1462 αὐτῶν
965 1405 1074 1459 τῶν
1135 1406 1392 1476 ῥημάτων
1413 1443 1428 1468 ,
1475 1406 1504 1457 ὃ
1540 1421 1598 1457 τε
1632 1405 1921 1474 Προφήτης
1955 1404 2047 1455 καὶ
2075 1405 2105 1456 6

527 1492 856 1560 Βαπτιστής.
905 1493 964 1541 Ὀ
996 1488 1094 1559 μὲν
1131 1489 1240 1556 γὰρ
1275 1489 1570 1558 Προφήτης
1605 1496 1789 1555 φησιν,
1836 1488 1919 1538 ὅτι
1962 1503 2103 1557 παρ-

527 1576 678 1626 έσται
700 1573 893 1641 λέγων·
923 1572 1306 1640 Ἑτοιμάσατε
1320 1569 1433 1638 τὴν
1452 1569 1596 1623 ὁδὸν
1609 1569 1851 1635 Κυρίου,
1873 1571 2104 1633 εὐθείας

525 1657 744 1710 ποιεῖτε
775 1656 880 1721 τὰς
918 1656 1152 1722 τρίϐους
1179 1653 1383 1708 αὐτοῦ.
1429 1651 1597 1713 Αὐτὸς
1638 1651 1694 1702 δὲ
1733 1652 2106 1721 παραγενόμε-

525 1756 613 1801 νος
649 1737 802 1807 έλεγε
825 1753 841 1770 ·
888 1735 1184 1803 Ποιήσατε
1227 1733 1494 1802 καρποὺς
1533 1732 1742 1797 ἀξίους
1781 1733 1887 1801 τῆς
1925 1749 2106 1802 μετα-

524 1823 714 1886 νοίας.
750 1820 924 1888 Ὅπερ
959 1819 1070 1869 ἴσον
1099 1817 1216 1869 ἐστὶ
1241 1817 1320 1886 τῷ
1345 1832 1358 1845 ⁸
1416 1816 1792 1884 Ἑτοιμάσατε
1827 1815 1940 1882 τήν
1963 1816 2107 1869 ὁδὸν

524 1905 766 1971 Κυρίου.
807 1901 970 1971 Ὁρᾷς
997 1900 1078 1952 ὃτι
1108 1899 1200 1952 καὶ
1228 1899 1294 1950 δι’
1316 1890 1390 1951 ὧν
1431 1898 1460 1948 ὁ
1500 1897 1788 1969 Προφήτης
1821 1893 1961 1959 εἶπε,
2013 1897 2105 1948 καὶ

525 1987 590 2039 δι’
633 1980 709 2039 ὧν
749 1983 907 2046 αὐτὸς
944 1983 1263 2053 ἐκήρυττεν,
1302 1979 1360 2032 ἐν
1409 1979 1565 2031 τοῦτο
1613 1978 1866 2046 δηλοῦται
1921 1979 2102 2048 μόνον,

525 2071 607 2122 ὅτι
655 2065 1021 2138 προοδοποιῶν
1065 2065 1393 2135 παρεγένετο
1435 2062 1528 2114 καὶ
1572 2061 2002 2130 προετοιμάζων,
2042 2060 2102 2111 οὐ

524 2150 622 2221 τὴν
652 2148 858 2219 δωρεὰν
903 2147 1276 2217 χαριζόμενος,
1324 2146 1461 2214 ὅπερ
1505 2139 1572 2213 ἦν
1615 2145 1648 2211 ἡ
1702 2143 1912 2209 ἄφεσις,
1969 2141 2104 2194 ἀλλά

527 2231 1066 2304 προπαρασκευάζων
1087 2230 1185 2291 τὰς
1209 2227 1385 2298 ψυχὰς
1403 2228 1510 2279 τῶν
1530 2225 1828 2296 μελλόντων
1856 2226 2100 2294 δέχεσθαι

525 2317 616 2369 τὸν
644 2316 751 2367 τῶν
778 2314 914 2367 ὅλων
941 2312 1072 2364 Θεόν
1098 2327 1113 2376 ;
1147 2310 1204 2363 Ὀ
1231 2311 1286 2362 δὲ
1303 2309 1517 2371 Λουκᾶς
1539 2307 1633 2360 καὶ
1662 2305 1886 2358 πλέοντί
1915 2323 2097 2376 φησιν’

524 2400 586 2452 οὐ
636 2399 744 2468 γὰρ
785 2397 845 2448 τὸ
900 2394 1185 2465 προοίμιον
1237 2392 1404 2446 εἰπὼν
1448 2390 1760 2460 ἀπηλλάγη,
1813 2389 1947 2442 ἀλλά
2011 2392 2102 2443 καί

526 2483 704 2534 πᾶσαν
741 2479 922 2548 τίθησι
947 2478 1045 2545 τὴν
1075 2474 1426 2546 προφητείαν.
1470 2473 1642 2526 ΙΙιὶσα
1681 2477 1791 2541 γὰρ
1842 2472 2098 2540 φάραγξ,

528 2564 682 2634 φησί,
716 2559 1192 2627 πληρωθήσεται,
1237 2557 1333 2610 καί
1372 2554 1494 2608 πᾶν
1549 2554 1684 2621 ὅρος
1725 2555 1822 2606 καὶ
1871 2558 2100 2618 ,ρουνις

525 2645 1030 2709 ταπεινωθήσεται
1075 2638 1260 2713 [M3]'
1302 2638 1400 2691 καὶ
1441 2639 1611 2690 ἔσται
1653 2637 1724 2690 τὰ
1761 2637 1978 2690 σκολιὰ
2013 2639 2100 2702 εὶς

523 2729 780 2791 εὐθεῖαν,
821 2727 918 2780 καὶ
973 2726 1032 2777 at
1087 2722 1347 2792 τραχεῖαι
1389 2724 1475 2785 εἰς
1527 2720 1704 2784 ὀδοὺς
1749 2722 1948 2784 λείας·
2000 2721 2096 2772 καὶ

526 2812 735 2883 ἅψεται
764 2807 929 2862 πᾶσα
952 2805 1108 2874 σὰρξ
1151 2808 1218 2858 τὸ
1248 2803 1543 2870 Σωτήριον
1580 2802 1684 2856 τοῦ
1727 2802 1894 2855 Θεοῦ.
1947 2799 2098 2864 Εἶδες

528 2896 643 2958 πῶς
674 2890 955 2964 προλαϐὼν
989 2891 1016 2940 6
1041 2890 1334 2959 Προφήτης
1371 2887 1547 2939 πάντα
1585 2884 1725 2949 εἰπε,
1758 2886 1852 2937 καὶ
1880 2885 1977 2954 τήν
2005 2885 2098 2936 τοῦ

525 2978 695 3050 δήμου
744 2971 1064 3044 συνδρομὴν,
1101 2973 1193 3024 καὶ
1234 2971 1331 3040 τὴν
1367 2969 1476 3020 τῶν
1516 2968 1854 3037 πραγμάτων
1906 2969 1998 3019 ἐπὶ
2041 2967 2101 3019 τὸ

529 3061 734 3133 βέλτιον
762 3055 1079 3128 μεταϐολὴν,
1101 3052 1195 3106 καὶ
1222 3053 1318 3122 τὴν
1343 3051 1436 3103 τοῦ
1462 3050 1814 3120 κηρύγματος
1832 3051 2098 3115 εὐκολίαν,

528 3146 622 3201 καὶ
646 3145 744 3214 τὴν
769 3142 947 3195 αἰτίαν
964 3141 1069 3192 τών
1083 3139 1380 3208 γινομένων
1395 3137 1442 3168 ³⁵
1458 3136 1731 3198 ἀπάντων,
1749 3139 1798 3188 εἰ
1816 3136 1907 3187 καὶ
1922 3152 2103 3205 τροπι·

528 3227 764 3297 κώτερον
791 3223 962 3276 ταῦτα
1006 3222 1248 3284 τέθεικε;
1299 3219 1407 3272 Καὶ
1445 3218 1552 3287 γάρ
1593 3216 1661 3288 ἦν
1705 3219 2006 3286 προφητεία
2040 3216 2102 3268 τὺ

527 3311 835 3380 λεγόμενον.
874 3308 1040 3360 Ὅταν
1071 3305 1179 3374 γὰρ
1215 3305 1364 3373 εἴπῃ,
1399 3303 1570 3356 mica
1601 3300 1833 3370 φάραγξ
1867 3305 2100 3368 πληρω-

529 3398 798 3467 θήσεται,
816 3392 914 3445 καὶ
931 3389 1052 3444 πᾶν
1069 3389 1204 3457 ὅρος
1218 3389 1314 3440 καὶ
1333 3386 1563 3449 βουνὸς
1577 3384 2097 3449 ταπεινωθήσεται,

530 3481 627 3536 καὶ
651 3479 896 3532 ἔσονται
928 3476 987 3526 αἰ
1010 3470 1268 3540 τραχεῖαι
1296 3472 1382 3534 είς
1407 3467 1584 3532 ὀδοὺς
1603 3468 1768 3532 λείας
1793 3483 1806 3496 ·
1854 3467 1948 3520 καί
1975 3468 2100 3530 τοὺς

528 3563 815 3623 ταπεινοὺς
842 3558 1174 3627 ύψουμένους
1216 3554 1473 3615 δείκνυσι,
1518 3552 1768 3613 καὶτοὺς
1810 3552 2097 3620 ἀπονενοη-

534 3647 726 3718 μένους
753 3639 1223 3710 ταπεινουμένους,
1257 3636 1350 3689 καὶ
1379 3634 1474 3704 τὴν
1502 3634 1594 3686 τοῦ
1626 3634 1788 3702 νόμου
1817 3634 2099 3687 δυσκολίαν

532 3717 612 3791 είς
643 3726 887 3781 εὐκολίαν
931 3723 1163 3782 πίστεως
1207 3717 1697 3789 μεταϐαλλομένην.
1745 3718 1939 3769 Οὐκέτι
1993 3719 2100 3787 γὰρ

533 3814 754 3884 ἱδρῶτες
783 3809 876 3860 καὶ
892 3805 1060 3869 πόνοι,
1086 3803 1271 3872 φησὶν,
1296 3800 1430 3852 ἀλλὰ
1466 3800 1738 3884 lamin“
1759 3801 2100 3884 συγχώρησις

531 3883 961 3966 ἁμαρτημάτων,
985 3886 1180 3956 πολλὴν
1205 3884 1575 3953 παρέχουσαίδ
1594 3883 1690 3952 τῆς
1713 3883 1982 3966 σωτηρίας
2004 3884 2102 3953 τήν

531 3965 797 4033 εὐκολίαν.
854 3970 982 4026 Εἶτα
1011 3971 1072 4023 τὸ
1120 3970 1324 4022 τούτων
1362 3969 1532 4021 αἴτιον
1567 3966 1747 4036 τίθησι
1787 3965 1978 4035 λέγων,
2020 3967 2101 4020 ὅτι

536 4063 780 4130 Ὄψεται
816 4057 984 4109 man
1029 4052 1183 4120 σὰρξ
1222 4051 1289 4104 τὸ
1324 4041 1620 4118 Σωτήριον
1651 4049 1756 4102 τοῦ
1793 4050 1969 4102 Θεοῦ·
2014 4051 2102 4102 οὐν

533 4146 650 4201 κέτι
693 4143 932 4196 Ἰουδαῖοι
962 4138 1055 4191 καί.
1093 4135 1421 4206 προσήλυτοι
1459 4135 1636 4203 μόνον,
1668 4134 1804 4187 ἀλλά
1831 4135 1924 4187 καὶ
1951 4137 2100 4187 πᾶσα

531 4229 601 4299 γῆ
648 4227 738 4280 καὶ
788 4224 1045 4282 θάλαττα,
1087 4219 1182 4270 καὶ
1220 4219 1314 4287 ὅλη
1355 4217 1473 4299 τῶν
1517 4215 1878 4299 ἀνθρώπωνή
1919 4218 2097 4286 φύσις,

533 4298 630 4363 Διά
651 4309 756 4379 γὰρ
785 4305 890 4360 τῶν
933 4301 1159 4356 σκολιῶν
1210 4300 1390 4352 πάντα
1434 4298 1522 4350 τὸν
1567 4298 1955 4367 διεφθαρμένον
1991 4300 2102 4368 βίον

532 4392 765 4465 ᾐνίξατο,
789 4387 1044 4451 τελώνας,
1080 4385 1174 4438 καὶ
1201 4385 1425 4453 πόρνας,
1459 4384 1550 4434 καὶ
1569 4381 1769 4453 ληστάς
1791 4383 1859 4447 ³⁷,
1882 4384 1976 4435 καὶ
2001 4383 2104 4451 μά-

532 4494 679 4544 γους,
738 4475 931 4535 οἵτινες
986 4471 1136 4532 ὄντες
1193 4467 1614 4536 διεστραμμένοι
1667 4466 1952 4536 πρότερον,
2004 4467 2103 4536 τὴν

532 4561 694 4631 ὀρθὴν
740 4557 962 4626 ὕστερον
997 4552 1248 4606 ἐϐάδισαν
1301 4550 1452 4601 ὁδόν·
1493 4550 1628 4618 ὅπερ
1675 4545 1766 4601 οὖν
1807 4549 1902 4600 καὶ
1943 4549 2104 4610 αὐτὸς

532 4644 734 4711 ἔλεγεν,
768 4641 847 4694 ὅτι
883 4637 1134 4692 Ἰελῶναι
1169 4635 1270 4688 καί
1309 4633 1521 4701 πόρναι
1547 4632 1915 4702 ,προάγουσιν
1948 4633 2102 4700 ὑμᾶς

531 4729 617 4791 εὶς
642 4724 756 4791 τήν
778 4721 1104 4786 βασιλείαν
1131 4717 1236 4772 τοῦ
1269 4717 1437 4782 Θεοῦ,
1463 4716 1548 4769 ὅτι
1575 4716 1964 4768 ἐπίστευσαν.
1994 4714 2103 4766 Καὶ

529 4809 596 4861 δι’
622 4807 822 4875 ἐτέρων
853 4803 909 4856 δέ
935 4803 1168 4872 ἐδήλωσε
1195 4800 1455 4871 ῥημάτων
1475 4801 1503 4852 6
1530 4799 1821 4869 Προφήτης
1849 4797 2006 4850 πάλιν
2041 4795 2103 4847 τὸ

532 4890 664 4946 αὐτὸ
689 4888 865 4949 τοῦτο,
901 4885 1040 4939 οὕτω
1058 4885 1252 4953 λέγων’
1291 4885 1426 4937 Τότε
1451 4884 1625 4937 λύκοι
1655 4883 1752 4934 καί
1783 4881 1962 4949 ἄρνες
1987 4879 2106 4946 ἅμα

525 4969 1042 5038 βοσκηθήσονται.
1092 4968 1301 5038 Ὥσπερ
1324 4967 1432 5036 γὰρ
1463 4963 1696 5019 ἐνταῦθα
1724 4964 1811 5016 διὰ
1843 4962 1950 5015 τῶν
1985 4961 2106 5032 βου-

530 5058 636 5110 νῶν
667 5055 760 5108 καὶ
791 5051 1089 5122 φαράγγων
1117 5051 1178 5103 τὺ
1205 5050 1489 5120 ἀνώμαλον
1517 5045 1646 5118 ἦθος
1689 5049 1769 5109 εἰς
1804 5046 1931 5116 μίαν
1957 5047 2106 5114 φιλο-

533 5140 724 5210 σοφίας
754 5136 969 5206 ἰσότητα
994 5136 1275 5206 κιρνᾶσθαι
1293 5135 1488 5205 ἔφησεν
1511 5149 1524 5163 ⁸
1558 5133 1702 5186 οὓτω
1727 5133 1820 5185 καὶ
1850 5133 1965 5184 ἐκεῖ
1995 5134 2107 5192 τοῖς

531 5223 637 5276 τῶν
686 5221 895 5288 ἀλόγων
955 5215 1109 5288 ἤθεσι
1165 5218 1290 5280 τοὺς
1338 5217 1625 5287 διαφόρους
1675 5216 1783 5268 τῶν
1806 5213 2106 5285 ἀνθρώπων

531 5306 806 5378 ἐμφαίνων
832 5303 1086 5374 τρόπους,
1117 5300 1276 5354 πάλιν
1307 5303 1385 5364 εἰς
1421 5301 1548 5371 μίαν
1589 5301 1786 5362 αὐτοὺς
1825 5296 2104 5362 εὐσεϐείας

637 5483 681 5516 ²¹
715 5479 958 5552 πώποτε]
987 5476 1118 5552 ποτέ
1149 5475 1252 5552 ΕΡζ
1288 5475 1421 5552 Βξρτ.

539 5697 770 5760 Interpp.

1674 222 1737 276 IN
1781 221 2192 277 MATTlL-EUM
2257 225 2485 283 HOMIL.
2531 228 2595 282 Χ.

1530 5477 1576 5508 ’³
1615 5476 1828 5530 ἅπαντα
1863 5489 1972 5529 om.
2016 5472 2080 5530 A.
2119 5475 2181 5530 Β.
2226 5473 2327 5530 Ge.

533 5555 619 5626 ὲπξ
758 5552 844 5626 _”
863 5543 1282 5626 γενομένων-Ι).
1404 5545 1530 5626 _F_._
1554 5546 1960 5626 "unageéxpuaa:
1997 5545 2164 5626 ᾼἎῙ)Ξ
2197 5543 2259 5599 F.

533 5624 620 5677 ἐπ’
654 5623 715 5675 C.
756 5618 818 5673 D.
862 5611 922 5673 Ε.
1003 5611 1052 5650 δ’
1087 5614 1358 5687 πανταχοῦ
1398 5615 1576 5687 δηλῶν
1604 5611 1729 5686 ὅτι]“
1752 5611 1968 5687 στάντας-
1995 5613 2336 5687 ἀνθρώπους
2357 5611 2570 5687 δηλῷν,
2615 5614 2710 5687 καὶ
2744 5611 2828 5687 δτι
2879 5612 2944 5687 Α.

861 5689 911 5758 ³⁰ί
941 5674 1323 5758 σκληρρτηττὲξ]
1344 5674 1610 5758 Ani-n91;
1660 5674 1724 5758 5f-
1769 5684 1838 5758 B_-_
1888 5674 2356 5758 ςιὶλοροέάῖηςέτι
2402 5674 2472 5758 Ῑ³¹
2502 5674 2903 5758 Αὑτάςῖηοῖιῖος
2941 5679 3074 5732 W-

3675 221 3776 291 188

2205 344 2523 412 συμφωνίαν
2555 345 2917 401 συνάπτεσθαι
2961 346 3113 416 ελεγι
3133 365 3148 381 ·
3199 349 3292 402 καὶ
3330 350 3448 403 ἐκεῖ
3482 350 3642 406 πάλιν
3675 353 3776 424 τὴν

2202 426 2380 478 αἰτίαν
2408 425 2596 490 τιθείς.
2643 427 2790 498 Αῦτη
2839 428 2896 481 δέ
2937 431 3122 482 ἐστιν·
3171 432 3384 484 Ἔσται
3415 432 3548 500 γὰρ,
3589 433 3772 502 φησὶν,

2203 512 2234 561 ό
2263 510 2660 578 ἀνιστάμενος
2703 512 2907 579 ἄρχειν
2951 512 3159 577 ἐθνῶν,
3205 515 3296 566 ἐπ’
3336 516 3382 548 ³⁸
3428 515 3588 580 αὐτῷ
3630 515 3773 584 ἔθνη

2200 590 2538 645 ἐλπιοῦσιν.
2572 593 2748 663 Ὅπερ
2767 590 2859 646 οὖν
2882 594 2974 647 καὶ
3001 594 3233 647 ἐνταῦθα
3256 595 3459 663 ἔλεγεν,
3483 598 3564 649 ὅτι
3599 597 3777 666 Ὄψε-

2202 688 2295 724 ται
2317 673 2484 727 πᾶσα
2516 676 2672 742 σὰρξ
2699 675 2764 728 τὸ
2809 679 3103 744 Σωτήριον
3135 678 3241 731 τοῦ
3280 678 3454 731 Θεοῦο
3502 679 3775 748 πανταχοῦ

2201 753 2376 822 δηλῶν
2409 757 2488 808 ὅτι
2516 758 2560 787 ’⁹
2595 757 2731 826 πρὸς
2760 758 2825 810 τὰ
2861 759 3071 828 πέρατα
3111 760 3209 828 τῆς
3260 761 3580 831 οἰκουμένης
3613 763 3778 833 χυθή-

2205 853 2354 888 σεται
2370 837 2476 889 τῶν
2490 839 2834 906 Εὐαγγελίων
2857 840 3057 893 τούτων
3081 843 3112 912 ἡ
3135 842 3362 912 δύναμις
3387 843 3480 895 καὶ
3501 845 3533 912 ἡ
3555 845 3773 910 γνῶσις,

2203 919 2310 971 ἀπὸ
2348 919 2643 990 θηριώδους
2691 923 2893 992 τρόπου
2936 925 3026 976 καί
3066 925 3428 996 σκληρότητος
3460 926 3504 956 ³ο
3552 925 3777 995 γνώμης

2203 1002 2282 1063 εἰς
2315 1002 2627 1072 ἡμερότητα
2653 1004 2848 1073 πολλὴν
2886 1006 2978 1058 καὶ
3010 1007 3322 1077 ἁπαλότητα
3372 1007 3778 1077 μεταϐάλλουσα

2203 1087 2310 1138 τῶν
2349 1087 2647 1158 ἀνθρώπων
2683 1090 2742 1141 τὸ
2778 1090 2948 1156 γένος.
2986 1092 3174 1158 Αὐτὸς
3212 1094 3252 1123 ³¹
3298 1093 3366 1144 δὲ
3415 1096 3447 1145 ό
3501 1093 3776 1158 Ἰωάννης

2202 1164 2326 1237 εἶχε
2351 1170 2414 1222 τὸ
2446 1170 2673 1239 ἔνδυμα
2706 1172 2891 1225 αὐτοῦ
2929 1173 3045 1226 ἀπὸ
3084 1174 3300 1241 τριχῶν
3341 1175 3636 1243 καμήλου,
3677 1176 3775 1228 καὶ

2205 1250 2392 1320 ζώνην
2422 1253 2779 1323 δερματίνην
2799 1258 2929 1323 περὶ
2973 1257 3088 1323 τὴν
3132 1258 3332 1326 ὀσφὺν
3371 1252 3577 1311 αὐτοῦ.
3623 1254 3776 1320 Εἶδες

2205 1333 2322 1396 πῶς
2341 1334 2407 1387 τὰ
2449 1336 2546 1405 μὲν
2576 1338 2625 1388 οἱ
2652 1338 2934 1407 Προφῆται
2966 1341 3243 1408 προεῖπον,
3281 1340 3348 1392 τὰ
3383 1339 3438 1392 δὲ
3462 1343 3571 1402 τοῖς
3597 1340 3776 1407 Εὐαγ-

2205 1418 2472 1486 γελισταῖς
2501 1419 2787 1472 κατέλιπον
2813 1436 2826 1483 ;
2852 1420 3050 1489 Διόπερ
3075 1423 3168 1472 καὶ
3195 1423 3221 1474 6
3245 1421 3522 1484 Ματθαῖος
3562 1423 3655 1474 καὶ
3676 1423 3774 1484 τὰς

2206 1501 2540 1570 προφητείας
2568 1500 2766 1570 τίθησι,
2795 1503 2887 1554 καὶ
2912 1503 2979 1553 τὰ
3012 1502 3138 1571 παρ’
3172 1502 3362 1554 ἐαυτοῦ
3389 1503 3772 1572 προστίθησινο

2204 1583 2322 1635 οὐδέ
2353 1582 2508 1635 τοῦτο
2552 1583 2827 1654 πάρεργον
2869 1582 3166 1654 ἡγούμενος
3203 1580 3361 1648 εἶναι,
3409 1585 3469 1636 τὸ
3506 1585 3633 1654 περὶ
3679 1582 3776 1654 τῆς

2204 1665 2396 1734 στολῆς
2425 1667 2596 1717 εἰπεῖν
2631 1665 2724 1718 τοῦ
2749 1666 2976 1718 δικαίου.

2271 1749 2334 1800 δ’.
2360 1749 2468 1800 Καὶ
2494 1749 2600 1820 γὰρ
2623 1745 2690 1818 ἦν
2711 1749 3017 1819 θαυμαστὸν
3043 1748 3136 1802 καὶ
3165 1748 3462 1818 παράδοξον
3489 1750 3544 1802 ἐν
3569 1749 3776 1819 ἀνθρωο

2206 1832 2342 1900 πίνῳ
2365 1832 2574 1902 σώματι
2597 1832 2861 1901 τοσαύτην
2882 1832 3175 1903 καρτερίαν
3202 1832 3326 1884 ἰδεῖν
3348 1849 3361 1862 ·
3395 1832 3423 1884 δ
3443 1831 3505 1902 δὴ
3533 1833 3624 1885 καὶ
3651 1833 3775 1896 τοὺς

2216 1914 2497 1977 Ἰουδαίους
2526 1915 2724 1984 μᾶλλον
2761 1915 3057 1983 ἐφείλκετο,
3103 1914 3195 1966 τὸν
3251 1915 3421 1983 μέγαν
3485 1915 3666 1967 Ἠλίαν
3718 1917 3774 1968 ἐν

2202 1996 2350 2066 αὐτῴ
2373 1997 2687 2066 βλέποντας,
2724 1998 2971 2067 καὶπρὸς
2995 1997 3091 2064 τὴν
3125 1995 3215 2049 τοῦ
3252 1996 3516 2070 μακαρίου
3555 2006 3774 2067 μνήμην

2202 2079 2411 2130 ἐκείνου
2463 2081 2998 2150 παραπεμπομένους
3040 2081 3104 2131 ἐκ
3143 2080 3248 2131 τῶν
3293 2080 3582 2148 ὁρωμένων
3615 2082 3733 2132 τότε
3757 2096 3771 2110 ·

2205 2161 2402 2232 μᾶλλον
2436 2162 2494 2214 δὲ
2525 2163 2618 2214 καὶ
2653 2163 2786 2232 πρὸς
2820 2162 3037 2214 πλείονα
3073 2161 3352 2230 ἔκπληξιν.
3400 2163 3635 2224 Ἐκεῖνος
3679 2163 3773 2231 μὲν

2202 2244 2307 2315 γάρ
2342 2246 2437 2296 καὶ
2463 2245 2521 2296 ἐν
2547 2245 2732 2297 πόλεσι
2761 2244 2854 2298 καὶ
2895 2245 2952 2296 ἐν
2995 2245 3190 2306 οἰκίαις
3232 2245 3506 2314 ἐτρέφετο,
3535 2238 3688 2306 οὗτος
3719 2244 3775 2296 δὲ

2199 2327 2265 2378 δι’
2308 2325 2430 2378 ὅλου
2464 2326 2562 2395 τὴν
2611 2327 2814 2397 ἔρημον
2851 2325 3062 2398 ᾤκησεν
3120 2329 3184 2377 ἐκ
3246 2324 3392 2397 [144]
3451 2326 3774 2395 σπαργάνων

2201 2407 2399 2464 αὐτῶν.
2438 2409 2582 2461 Ἔδει
2626 2409 2735 2478 γὰρ
2778 2408 2868 2460 τὸν
2907 2409 3207 2478 πρόδρομον
3248 2406 3337 2459 τοῦ
3387 2407 3666 2477 μέλλοντος
3707 2408 3775 2459 τὰ

2203 2490 2405 2543 παλαιά
2427 2491 2571 2543 λύειν
2603 2492 2814 2545 ἅπαντα
2840 2506 2853 2518 ’
2885 2485 3015 2549 οἷον,
3040 2490 3130 2542 τὸν
3159 2491 3337 2555 πόνον,
3381 2490 3477 2557 τὴν
3511 2490 3772 2559 κατάραν,

2197 2574 2295 2644 τὴν
2323 2573 2519 2644 λύπην,
2567 2574 2656 2626 τὸν
2687 2572 2882 2644 ἱδρῶτα
2909 2590 2922 2603 ο
2963 2572 3104 2642 ἔχειν
3137 2572 3259 2624 τινὰ
3296 2574 3388 2625 καὶ
3437 2572 3600 2624 αὐτὸν
3638 2572 3772 2642 σύμ-

2201 2656 2331 2709 ϐολα
2358 2657 2456 2725 τῆς
2493 2655 2746 2724 τοιαύτης
2786 2655 3014 2724 δωρεᾶς,
3077 2656 3169 2707 καί
3224 2654 3480 2723 ἀνωτέρω
3525 2653 3773 2722 γενέσθαι

2199 2739 2382 2793 λοιπὸν
2404 2740 2502 2808 τῆς
2529 2738 2825 2807 καταδίκης
2843 2739 3077 2806 ἐκείνης.
3109 2736 3244 2790 Ούτε
3267 2737 3396 2806 γοῦν
3425 2738 3524 2808 γῆν
3554 2738 3770 2808 ήροσεν,

2200 2820 2324 2873 οὔτε
2360 2820 2574 2873 αὐλακα
2602 2822 2815 2890 ἔτεμεν,
2839 2821 2937 2890 οὐχ
2968 2821 3012 2851 ³³
3043 2819 3222 2890 ἱδρῶτι
3250 2819 3342 2872 τοῦ
3368 2823 3655 2890 προσώπου
3685 2820 3774 2872 τὸν

2201 2904 2361 2972 ἄρτον
2394 2904 2611 2971 ἔφαγεν,
2642 2903 2754 2955 ἀλλ’
2776 2898 2842 2974 ἦν
2864 2902 3255 2973 ἐσχεδιασμένη
3286 2903 3482 2973 αὐτῷή
3507 2905 3771 2974 τράπεζα,

2202 2987 2295 3038 καὶ
2351 2985 2691 3056 εὐκολωτέρα
2751 2986 2850 3056 τῆς
2914 2986 3191 3056 τραπέζης
3249 2987 3281 3056 ἡ
3332 2985 3622 3055 περιϐολὴ,
3682 2987 3773 3037 καὶ

2201 3070 2687 3139 ἀπραγμυνεστέρα
2714 3069 2814 3138 τῆς
2845 3069 3139 3138 περιϐολῆς
3175 3072 3207 3138 ἡ
3241 3070 3470 3138 οἴκησις.
3501 3069 3634 3121 Οῦτε
3668 3069 3774 3138 γὰρ

2204 3153 2421 3224 στέγης,
2448 3152 2570 3205 οὔτε
2603 3153 2649 3184 ⁸³
2698 3152 2905 3223 κλίνης,
2950 3153 3010 3204 οὐ
3042 3152 3086 3183 ³⁵
3118 3152 3414 3222 τραπέζης,
3450 3152 3569 3205 οὔτε
3615 3153 3773 3206 ἄλλου

2201 3237 2344 3299 τινὸς
2367 3236 2570 3288 τούτων
2606 3236 2818 3305 ἐδεήθη,
2847 3234 2961 3288 ἀλλ’
2991 3233 3278 3303 ἀγγελικόν
3321 3253 3440 3288 τινα
3485 3235 3597 3304 βίον
3624 3239 3679 3288 ἐν
3706 3240 3773 3307 τῇ

2203 3319 2365 3388 σαρκὶ
2411 3317 2583 3388 ταύτῃ
2629 3317 2990 3369 ἐπεδείκνυτο.
3049 3316 3145 3368 Διά
3198 3316 3354 3369 τοῦτο
3396 3319 3489 3370 καὶ
3542 3319 3775 3387 τρίχινον

2205 3402 2418 3470 ἱμάτιον
2463 3399 2610 3469 αὐτῷ
2661 3395 2748 3469 ἦν,
2798 3401 2883 3451 ἵνα
2930 3398 3020 3451 διὰ
3067 3397 3160 3451 τοῦ
3197 3400 3469 3468 σχήματος
3512 3401 3776 3473 παιδεύσῃ

2200 3483 2308 3536 τῶν
2335 3482 2687 3552 ἀνθρωπίνων
2717 3481 3064 3550 ἀφίστασθαι,
3117 3482 3208 3534 καὶ
3240 3483 3402 3552 μηδὲν
3434 3483 3610 3535 κοινὸν
3631 3483 3775 3553 ἔχειν

2203 3565 2337 3638 πρὸς
2357 3563 2453 3635 τὴν
2491 3564 2615 3634 γῆν,
2667 3565 2778 3617 ἀλλ’
2825 3565 2917 3619 ἐπὶ
2956 3563 3052 3634 τὴν
3095 3566 3363 3634 προτέραν
3391 3567 3774 3637 ἐπανατρέχειν

2201 3649 2497 3718 εὐγένειαν,
2534 3649 2590 3698 ἐν
2669 3642 2737 3718 ἦν
2769 3646 2896 3717 πρὶν
2923 3647 2955 3717 ἢ
2977 3647 3230 3716 δεηθῆναι
3257 3648 3484 3717 ἱματίων
3507 3649 3598 3700 καὶ
3621 3666 3775 3719 περι-

2201 3731 2360 3800 ϐολῆς
2407 3733 2432 3783 6
2485 3729 2678 3800 Ἀδάμ.
2719 3729 2874 3782 Οὕτω
2904 3731 2997 3782 καί
3042 3729 3312 3798 βασιλείας
3357 3730 3449 3782 καὶ
3493 3730 3774 3798 μετανοίας

2201 3811 2313 3883 εἶχε
2369 3811 2610 3882 σύμϐολα
2656 3811 2718 3864 τὸ
2765 3811 2953 3882 σχῆμα
2986 3812 3180 3864 ἐκεῖνο.
3223 3811 3332 3862 Καὶ
3381 3813 3454 3880 μή
3495 3829 3583 3881 μοι
3617 3812 3770 3879 λέγεο

2175 3895 2372 3972 ’Πόθεν
2405 3894 2554 3964 αὐτῷ
2589 3893 2826 3964 τρίχινον
2866 3896 3076 3963 ἱμάτιον
3105 3895 3196 3947 καὶ
3228 3894 3390 3962 ζώνη,
3435 3895 3533 3964 τὴν
3575 3895 3774 3963 ἔρημον

2201 3977 2466 4039 οἰκοῦντι;
2489 3975 2552 4028 Εἰ
2576 3979 2682 4046 γὰρ
2719 3975 2875 4028 τοῦτο
2909 3976 3119 4045 μέλλοις
3160 3978 3457 4044 διαπορεῖν,
3494 3977 3585 4028 καὶ
3615 3978 3776 4044 ἕτερα

2203 4059 2421 4114 πλείονα
2444 4059 2698 4126 ζητήσεις
2733 4071 2746 4086 ·
2791 4057 2906 4118 πῶς
2931 4058 2990 4108 ἐν
3017 4060 3128 4110 τοῖς
3151 4056 3402 4125 χειμῶσι,
3437 4057 3552 4120 πῶς
3584 4058 3640 4109 ἐν
3664 4061 3775 4120 τοῖς

2202 4142 2447 4212 καύμασι
2481 4140 2747 4209 διέτριϐεν
2789 4139 2882 4191 ἐπὶ
2916 4137 3015 4207 τῆς
3063 4138 3316 4208 ἐρημίας,
3366 4141 3459 4191 καί
3503 4139 3672 4191 ταῦτα
3717 4141 3774 4190 ἐν

2203 4225 2396 4295 ἁπαλῷ
2433 4223 2643 4293 σώματι
2690 4222 2781 4274 καὶ
2834 4219 2998 4290 ἀώρῳ
3046 4220 3260 4292 ἡλικίας
3312 4220 3427 4283 πῶς
3473 4221 3704 4291 ἤρκεσεν
3741 4224 3774 4292 ἡ

2201 4307 2302 4378 τῆς
2330 4305 2588 4374 παιδικῆς
2618 4303 2818 4373 σαρκὸς
2847 4302 3006 4371 φύσις
3022 4302 3304 4372 ἀνωμαλίᾳ
3327 4303 3502 4373 ἀέρων
3521 4302 3772 4374 τοσαύτῃ,

2203 4391 2297 4444 καὶ
2342 4387 2583 4459 τραπέζῃ
2632 4385 2800 4449 οὕτως
2849 4384 3245 4457 ἐξηλλαγμένῃ,
3295 4386 3388 4438 καὶ
3433 4388 3496 4456 τῇ
3541 4387 3672 4455 ἄλλῃ
3707 4389 3772 4456 τῇ

2202 4471 2309 4526 ἀπὸ
2340 4471 2438 4540 τῆς
2466 4468 2697 4540 ἐρημίας
2725 4468 3067 4539 ταλαιπωρίᾳ
3095 4485 3107 4532 ;
3147 4466 3257 4520 Ποῦ
3295 4468 3389 4520 νῦν
3423 4470 3558 4520 εἰσιν
3583 4470 3632 4520 οἰ
3671 4470 3776 4523 τῶν

2214 4553 2479 4623 Ἐλλήνων
2509 4552 2805 4621 φιλόσοφοι,
2837 4551 2884 4604 οἳ
2916 4553 2959 4582 ³⁸
2992 4551 3114 4619 εἰκῆ
3155 4550 3248 4602 καὶ
3299 4552 3474 4621 μάτην
3502 4550 3598 4621 τὴν
3629 4569 3778 4605 κυνι-

2203 4636 2303 4708 κὴν
2350 4634 2735 4704 ἀναισχυντίαν
2770 4635 2814 4665 ³⁸
2845 4633 3124 4704 ἐζήλωσαν
3177 4631 3260 4701 (τί
3296 4632 3403 4702 γάρ
3447 4631 3636 4701 ὄφελος
3679 4633 3774 4685 τοῦ

2199 4717 2614 4772 κατακλείεσθαι
2669 4718 2728 4768 ἐν
2790 4716 2948 4785 πίθῳ,
2999 4716 3092 4769 καὶ
3151 4713 3371 4766 τοιαῦτα
3441 4716 3778 4784 ἀσελγαίνειν

2206 4800 2500 4871 ὕστερον;)
2537 4799 2585 4851 οἳ
2615 4800 2707 4851 καὶ
2737 4797 3070 4861 δακτυλίους,
3116 4797 3208 4849 καὶ
3239 4797 3454 4863 φιάλας,
3491 4799 3583 4853 καὶ
3620 4799 3778 4871 θερά-

2204 4901 2421 4948 ποντας,
2451 4882 2546 4934 καί
2575 4881 2979 4950 θεραπαινίδας,
3027 4881 3120 4932 καὶ
3169 4883 3369 4952 πολλὴν
3411 4881 3578 4951 ἄλλην
3622 4899 3777 4953 περι-

2203 4965 2488 5019 εϐάλλοντο
2517 4964 2561 4994 ³⁷
2588 4963 2910 5032 φαντασίαν,
2929 4964 3009 5025 είς
3037 4964 3302 5036 ἑκατέραν
3332 4965 3599 5036 ἀμετρίαν
3625 4964 3776 5016 ἐκπί-

2203 5065 2460 5111 πτοντεςς
2502 5046 2640 5099 Ἀλλ’
2672 5047 2770 5115 οὐχ
2802 5039 2956 5110 οὗτος
2989 5047 3262 5112 τοιοῦτος’
3311 5049 3425 5103 ἀλλ’
3461 5049 3649 5117 ὥσπερ
3686 5046 3778 5099 τὸν

2203 5131 2426 5202 οὐρανὸν
2448 5131 2544 5200 τὴν
2575 5129 2778 5200 ἔρημον
2803 5129 3006 5199 ᾤκησε,
3033 5132 3213 5185 πᾶσαν
3234 5131 3433 5202 ἀκριϐῆ
3461 5129 3778 5200 φιλοσοφίαν

2206 5214 2646 5285 ἐπιδεικνύμενος
2663 5230 2678 5246 ο
2713 5213 2964 5268 κάκεῖθεν
2997 5215 3071 5278 ὡς
3092 5215 3320 5284 ἄγγελός
3342 5232 3425 5277 τις
3455 5214 3514 5277 ἐξ
3533 5211 3777 5281 οὐρανῶν

2206 5299 2285 5362 εἰς
2318 5297 2364 5330 ³⁸
2399 5295 2498 5360 τὰς
2535 5297 2717 5361 πόλεις
2740 5296 3080 5367 κατέϐαινεν,
3115 5297 3350 5370 ἀθλητὴς
3373 5293 3649 5354 εὐσεϐείας
3675 5292 3774 5359 ὢν,

2355 5543 2398 5573 ,τ
2429 5469 2726 5553 ,ιδιδάξαιῖ
2756 5471 2955 5536 διδάξει
2991 5471 3122 5543 (om.
3166 5463 3300 5552 εἶχε)
3343 5466 3408 5523 Α,
3449 5464 3510 5517 Β,
3545 5535 3556 5546 ι
3586 5462 3633 5546 ιι
3656 5461 3778 5584 ἀπςέ

2435 5540 2524 5595 Slc
2556 5541 2654 5595 Ge.
2683 5551 2739 5595 et
2767 5544 2926 5595 codd.
2967 5541 3198 5595 πόρνους
3235 5535 3374 5589 ΕΜ,
3470 5533 3514 5565 ιε
3542 5531 3648 5595 επ]
3684 5549 3753 5584 κα

2476 5542 2524 5596 ic
2556 5531 2654 5596 Ge’.
2683 5531 2739 5596 e't
2767 5531 2926 5597 codd.
2967 5531 3198 5610 πόρνους
3217 5531 3374 5589 Ἑάά.
3470 5533 3514 5565 ⁸⁸
3542 5531 3648 5604 ἐπ’]
3684 5531 3777 5584 καῖ

2476 5611 2566 5672 ὒν,
2615 5614 2710 5665 καὶ
2746 5611 2828 5663 ὅτι
2879 5612 2944 5664 Α.
3000 5611 3057 5662 Β.
3095 5609 3188 5662 sed
3242 5606 3327 5659 vul
3367 5614 3514 5657 atum
3555 5609 3777 5656 tuentur

2502 5679 2694 5744 Αὐτός]
2735 5674 2903 5742 Οὗτος
2941 5679 3074 5732 Edd.
3165 5676 3210 5706 ³⁸
3237 5621 3365 5744 οὐχῗ
3395 5675 3494 5726 οὐκ
3544 5673 3601 5724 ἐν
3641 5669 3774 5744 E_dd:

3165 5676 3210 5706 "
3237 5669 3359 5743 οὐχ]
3395 5675 3494 5726 οὐκ
3544 5673 3601 5724 ἐν
3641 5669 3774 5743 Edd:

793 5757 854 5809 οὐ
891 5737 1172 5828 A371“
1194 5737 1430 5828 δύίδύτε
1464 5737 1525 5808 15‘.
1663 5753 1722 5806 l“.
1781 5752 1936 5828 fidi]
2079 5737 2332 5828 Δ1δέ
2369 5751 2417 5828 οἰ
2448 5758 2520 5828 ιιι-ί
2545 5737 3044 5828 ⁸ιι]οὲ’ζηλιίνοόιντες
3090 5745 3223 5800 Εόιί.
3303 5737 3355 5776 π
3372 5737 3776 5814 ἀναισχυντίανι

541 5817 853 5905 φιλοσοφίαν
886 5827 948 5882 Α.
994 5827 1053 5881 F.
1086 5825 1181 5882 Ge.
1227 5817 1279 5881 ili
1312 5841 1447 5880 mar.
1546 5824 1586 5855 ³⁷
1616 5817 1992 5892 περιτεάὶοντο
2015 5822 2078 5877 (ἶ.

2235 5817 2335 5895 εἰς]
2370 5821 2456 5874 ἐπί
2481 5819 2616 5874 Edd.
