4076 6150
343 199 439 255 191

358 315 528 383 magis
569 317 681 365 luto
710 304 959 361 verscris.
1007 301 1235 362 Drcliua,
1288 297 1475 366 inquit,
1517 310 1548 346 α
1594 291 1746 351 malo,
1788 298 1835 343 et
1865 288 1948 357 [ac

359 406 544 459 bonum
577 400 749 470 (Psal.
781 398 871 453 56.
903 397 1028 466 27);
1074 409 1133 448 at:
1177 407 1386 446 rursum
1418 406 1431 440 :
1467 386 1686 440 Prohibe
1721 385 1947 453 lingua».

355 504 494 548 tuam
540 509 572 545 α
600 491 756 555 mulo,
787 497 831 542 et
851 488 984 542 labia
1025 496 1112 538 tua
1152 499 1213 537 ne
1241 483 1510 550 loquantur
1551 476 1724 530 dolum
1771 472 1944 540 (l’sal.

357 583 446 638 '55.
479 579 590 653 M).
622 579 726 637 Sed
756 580 950 632 bonum
983 588 1192 644 quoque
1223 571 1381 623 dicito
1411 567 1537 620 mihi
1572 583 1585 619 :
1617 563 1828 634 Inquire
1858 581 1950 632 pa-

360 693 486 740 cem,
528 683 574 728 et
618 686 910 742 persequere
950 685 1056 720 eam
1090 664 1248 735 (Ibid.
1281 679 1326 715 ν.
1360 661 1480 728 15);
1513 674 1615 712 non
1665 673 1782 711 eam
1830 671 1946 724 qua:

360 783 481 820 cum
513 763 817 819 hominibus
844 769 1068 820 tantum,
1102 755 1192 810 sed
1219 768 1338 808 eam
1359 753 1516 804 etiam
1544 765 1661 818 qua:
1687 763 1806 801 cum
1838 747 1948 799 Dco

361 856 606 912 habetur.
643 852 871 909 Pulchre
913 861 1088 902 autem
1120 846 1280 906 dixit,
1317 843 1622 908 Persequere
1651 855 1668 892 :
1700 854 1821 891 nam
1851 853 1947 890 ex-

362 947 512 1016 pulsa
540 945 627 998 illa
654 951 710 998 et
739 939 1009 1011 profligata
1039 945 1140 1000 est,
1172 952 1234 988 ac
1265 935 1447 988 relicta
1485 941 1642 992 terra,
1676 931 1726 982 in
1758 928 1946 983 εςιιιιιιῐι

361 1038 510 1092 abiit.
542 1035 648 1091 Sed
694 1045 978 1104 possumus
1019 1029 1160 1083 illam
1198 1026 1472 1089 reducere,
1510 1025 1554 1078 si
1586 1024 1830 1088 velimus,
1860 1037 1951 1075 ar-

363 1128 683 1198 rogantiam,
733 1123 1034 1193 superbiam
1076 1130 1128 1176 et
1154 1121 1330 1175 omnia
1362 1118 1741 1187 impedimenta
1770 1131 1950 1170 remo-

363 1232 490 1272 vere
508 1256 523 1282 ,
558 1231 621 1270 ac
648 1229 834 1284 puram
863 1220 1354 1282 temperantemque
1380 1207 1572 1263 sectari
1603 1208 1783 1260 vitam.
1812 1205 1949 1260 Nihil

375 1308 518 1363 enim
545 1307 620 1360 ira
644 1305 946 1373 ferociaque
965 1303 1220 1357 deterius.
1245 1301 1366 1355 Haec
1392 1300 1535 1355 enim
1563 1299 1771 1353 inﬂatos
1793 1297 1952 1351 simul

360 1409 416 1454 et
445 1398 664 1453 serviles
689 1396 895 1451 animos
925 1394 1107 1460 efficit,
1136 1393 1261 1446 hinc
1282 1392 1552 1452 ridiculos,
1583 1390 1705 1444 inde
1735 1389 1950 1443 odiosus

365 1486 621 1552 reddens,
646 1495 698 1542 et
719 1486 816 1540 sibi
839 1484 1106 1538 contraria
1134 1482 1389 1536 inducens
1411 1481 1569 1546 mala,
1594 1480 1952 1548 arrogantiam

369 1591 565 1644 nempe
589 1586 642 1630 et
671 1575 1048 1629 adulationem.
1081 1571 1186 1627 Sed
1217 1573 1260 1625 si
1298 1571 1518 1624 affectus
1552 1571 1949 1625 immoderatio-

365 1682 491 1722 nem
517 1664 911 1728 exscindamus,
943 1672 998 1718 et
1025 1663 1266 1717 modeste
1292 1660 1540 1725 humiles,
1572 1668 1626 1715 et
1652 1670 1762 1714 tuto
1793 1660 1956 1713 suhli-

369 1770 484 1810 mes
512 1755 729 1809 erimus.
759 1752 888 1807 Nam
919 1754 970 1806 in
1000 1751 1312 1820 corporibus
1339 1750 1498 1803 etiam
1531 1751 1728 1804 nostris
1767 1765 1830 1802 ex
1873 1765 1957 1803 re-

369 1846 657 1901 dundantia
701 1847 853 1900 mal-.13
895 1846 1174 1899 humorum
1220 1843 1626 1898 eommixtiones
1669 1843 1952 1898 oriuntur:

369 1941 630 1996 elementa
667 1953 874 2008 quoque
902 1953 1023 1991 cum
1069 1936 1312 2005 proprios
1351 1934 1451 1988 sibi
1484 1932 1738 1987 terminos
1765 1933 1957 1986 transi-

370 2032 521 2096 liunt,
554 2039 606 2084 et
637 2029 942 2083 innumeros
964 2026 1199 2088 morbos,
1223 2035 1277 2080 et
1301 2023 1486 2078 funera
1509 2024 1686 2092 gravia
1715 2022 1954 2092 pariunt;

370 2121 423 2176 id
453 2119 595 2190 quod
622 2119 780 2173 etiam
812 2118 864 2171 in
895 2118 1068 2171 anima
1098 2115 1343 2170 accidere
1372 2115 1635 2169 videmus.

442 2213 496 2266 7.
539 2209 1040 2265 lmmoderationem
1081 2207 1258 2276 itaque
1297 2205 1691 2270 abscindamus,
1733 2212 1788 2259 et
1816 2204 1957 2258 salu-

377 2304 495 2350 tare
530 2296 918 2350 moderationis
948 2297 1302 2365 pharmacum
1333 2304 1602 2363 potantes,
1645 2295 1697 2346 in
1734 2303 1941 2362 tempe-

377 2385 554 2441 rantia
577 2389 894 2456 congruenti
919 2403 1258 2452 maneamus,
1278 2387 1642 2455 precibusque
1660 2385 1947 2454 diligenter

379 2478 779 2533 incumbamus.
809 2477 866 2532 Si
917 2479 1248 2548 postulatum
1299 2493 1406 2532 non
1437 2477 1792 2546 acripiamus,
1823 2490 1948 2544 per-

377 2582 707 2632 severemus,
761 2575 821 2620 ut
864 2565 1238 2634 accipiamus;
1302 2565 1344 2618 si
1387 2567 1775 2633 acceperimus,
1824 2567 1945 2619 ideo

378 2676 788 2732 perseveremus
846 2661 974 2729 quia
1026 2659 1354 2728 accepimus.
1416 2657 1600 2727 Neque
1639 2659 1781 2712 enim
1839 2661 1950 2713 vult

380 2753 471 2807 ille
520 2753 850 2822 postulatum
891 2752 1092 2806 donum
1133 2749 1374 2814 dill‘erri;
1443 2752 1536 2805 sed
1607 2751 1947 2805 cunctatione

380 2845 752 2901 assiduitatem
801 2845 1070 2914 sagaciter
1118 2843 1278 2913 parit.
1352 2843 1473 2897 Ideo
1524 2842 1701 2896 dill‘ert
1760 2852 1948 2911 postu-

381 2937 491 2991 lata
521 2936 835 3001 concedere,
877 2951 942 2990 ac
969 2950 1111 3004 saepe
1157 2936 1504 2990 tentationem
1546 2933 1780 2988 incidere
1827 2950 1949 3002 per--

379 3021 561 3088 mittit,
594 3031 650 3075 ut
679 3021 980 3090 frequenter
1004 3021 1069 3074 ad
1097 3035 1219 3074 eum
1247 3019 1635 3090 confugiamus,
1659 3028 1712 3074 et
1740 3018 1816 3073 sic
1845 3035 1968 3089 per-

379 3125 705 3168 severemus.
737 3111 824 3166 Sic
849 3126 1057 3181 quoque
1084 3110 1281 3165 faciunt
1306 3127 1336 3181 p
1356 3121 1478 3165 ιιιοε
1499 3121 1550 3165 et
1581 3122 1776 3166 matres
1803 3111 1967 3180 prolis

380 3212 649 3258 amantes:
673 3217 792 3257 cum
820 3204 1064 3270 parvulos
1091 3217 1215 3257 suos
1241 3201 1465 3255 viderint
1492 3201 1559 3254 ab
1584 3215 1642 3256 sc
1669 3201 1963 3267 discedere,

385 3303 444 3347 ut
464 3309 586 3347 cum
615 3294 902 3362 a:qualibus
929 3295 1041 3346 suis
1068 3293 1280 3357 ludant,
1312 3293 1360 3346 id
1393 3301 1582 3346 curant
1608 3303 1664 3347 ut
1689 3293 1964 3348 domestici

388 3384 637 3439 terricula
675 3385 840 3438 multa
891 3384 1160 3449 simulent,
1210 3394 1266 3438 ut
1315 3399 1423 3452 pra:
1476 3385 1664 3438 timore
1711 3392 1968 3454 cogantur

379 3477 586 3547 pueruli
625 3477 692 3531 ad
732 3487 1028 3532 maternum
1073 3477 1246 3530 sinum
1274 3476 1578 3545 confugere.
1625 3475 1714 3530 Sic
1748 3486 1802 3529 et
1831 3477 1968 3528 licus

379 3583 524 3638 smpe
550 3569 722 3622 minas
753 3569 994 3633 intentat,
1029 3583 1132 3621 non
1179 3577 1236 3620 ut
1276 3567 1412 3619 mala
1442 3566 1664 3636 infligat,
1697 3567 1788 3620 sed
1822 3576 1877 3619 ut
1901 3567 1964 3619 ad

379 3672 440 3714 se
468 3657 755 3727 pertrahat.
784 3657 918 3711 Cum
939 3667 1114 3712 autem
1144 3656 1210 3710 ad
1238 3657 1383 3709 illum
1409 3657 1763 3726 confugimus,
1788 3658 1964 3710 statim

381 3757 579 3803 metum
611 3749 806 3802 solvit:
829 3748 970 3818 quod
995 3747 1038 3802 si
1068 3748 1198 3802 tales
1225 3759 1464 3800 essemus
1489 3745 1542 3798 in
1566 3747 1961 3807 tentationilms,

383 3839 569 3909 quales
589 3840 643 3895 in
676 3839 1074 3906 tranquillitate,
1106 3852 1212 3892 non
1240 3850 1518 3907 egeremus
1545 3836 1966 3891 ιοιιιειιίουυΕο-

1117 197 1173 241 δ.
1213 185 1486 242 ,ΙΟΑΝΧΙΒ
1521 174 1986 238 CHRYSOSTOMI
2027 174 2342 230 ARCIIIEP.
2383 173 2914 231 CONSTANTINOP.

3524 178 3626 233 τοὶ

2040 275 2164 346 quid
2196 277 2262 330 dc
2287 275 2440 330 nobis
2466 274 2654 344 loquor
2685 273 2737 313 ι’)
2757 272 2890 328 Nam
2916 269 3116 326 sanctis
3142 285 3356 342 quoque
3384 272 3489 326 illis
3521 290 3630 326 ma~

2041 383 2142 437 gna
2173 368 2294 420 hinc
2322 366 2662 436 provenichat
2692 363 3058 432 temperantiae
3086 362 3318 419 occasio.
3353 361 3478 417 Ideo
3507 363 3634 418 dicit

2045 458 2300 527 propheta
2331 473 2343 509 :
2376 454 2571 508 Bonum
2595 455 2717 507 mihi
2743 455 2862 524 quia
2888 453 3168 507 Itumiliasti
3197 469 3277 514 me
3304 453 3477 522 (Psal.
3504 455 3529 507 1
3547 455 3628 508 l8.

2046 549 2157 619 7|).
2199 550 2422 618 Ipseque
2454 546 2706 615 apostolis
2733 544 2944 599 dicebat
2971 563 2984 598 :
3015 543 3082 597 In
3114 544 3301 597 mundo
3345 545 3633 599 tribulatio-

2047 658 2159 694 uem
2187 641 2426 694 habebitis
2457 639 2634 708 (Joan.
2663 638 2747 692 16.
2773 637 2884 708 55).
2917 636 3026 691 Hoc
3048 651 3205 706 porro
3233 637 3426 692 Paulus
3450 637 3635 692 subin-

2050 733 2220 797 dicat,
2253 748 2371 786 cum
2402 733 2475 785 ait
2504 749 2516 784 :
2553 730 2714 783 Datus
2743 739 2814 783 est
2844 729 2966 782 mihi
2994 729 3228 783 stimulus
3258 731 3444 791 cm‘uis,
3475 746 3634 800 auge-

2049 826 2126 879 Ius
2175 835 2386 882 sataua'.
2433 825 2514 892 qui
2559 838 2636 875 me
2677 821 2956 890 colaphizet
2985 821 3062 891 (2.
3110 820 3226 874 Cor.
3273 819 3357 873 12.
3393 821 3467 891 7).
3513 821 3636 875 Ideo

2049 928 2298 988 precatus
2328 928 2384 970 ut
2411 933 2439 969 a
2473 915 2764 969 tentatioue
2792 914 3129 978 liberaretur,
3158 910 3210 964 id
3245 925 3346 964 non
3378 911 3637 979 impetra-

2047 1012 2142 1074 vit,
2173 1011 2294 1080 quia
2339 1009 2462 1064 indc
2494 1025 2736 1077 magnam
2781 1005 3033 1075 carpebat
3063 1006 3366 1060 utilitatem.
3397 1005 3451 1060 Si
3509 1022 3636 1060 vero

2051 1110 2212 1156 totam
2260 1100 2470 1154 Davidis
2516 1101 2676 1152 vitam
2727 1097 3084 1167 exploremus,
3127 1097 3458 1151 inveniemus
3488 1098 3632 1152 illum

2049 1191 2188 1245 inter
2237 1190 2470 1260 pericula
2518 1189 2818 1250 clariorem,
2861 1202 3036 1257 neque
3075 1186 3221 1241 illum
3269 1195 3493 1254 tantum,
3540 1190 3636 1242 sed

2049 1283 2206 1336 etiam
2235 1281 2368 1335 alios
2392 1295 2577 1333 omnes
2605 1279 2704 1347 ipsi
2729 1278 2950 1332 similes.
2987 1278 3195 1332 Etenim
3225 1277 3326 1332 Job
3358 1277 3458 1332 hoc
3485 1288 3638 1347 pacto

2051 1372 2217 1438 magis
2260 1369 2486 1432 refulsit,
2526 1367 2726 1438 Juseph
2756 1368 2833 1422 sic
2875 1367 3043 1437 magis
3083 1368 3356 1436 magisque
3394 1369 3587 1422 claruit
3619 1388 3634 1423 :

2051 1461 2214 1518 Jacob
2245 1459 2370 1516 item
2403 1472 2454 1516 et
2478 1469 2628 1528 pater
2658 1460 2846 1529 ipsius,
2888 1467 2941 1512 et
2969 1473 3116 1523 avus,
3145 1470 3199 1514 et
3225 1469 3485 1529 quotquot
3510 1475 3638 1514 con-

2052 1555 2218 1623 spicui
2261 1554 2493 1619 fuerunt,
2541 1550 3098 1621 splendidioribusque
3135 1552 3346 1606 coronis
3387 1562 3509 1605 sunt
3551 1568 3639 1606 or-

2055 1646 2184 1712 nati,
2216 1663 2280 1700 e:
2323 1646 2574 1699 utrumuis
2614 1653 2773 1714 atque
2813 1644 3196 1698 tentationibus
3239 1653 3293 1698 et
3321 1647 3556 1699 coronati
3587 1656 3641 1700 et

2054 1737 2363 1807 proclamati
2387 1745 2530 1790 sunt.
2555 1733 2680 1788 Haec
2708 1749 2826 1788 eum
2860 1735 3090 1788 sciamus
3119 1734 3318 1800 omnia,
3349 1735 3638 1789 secundum

2053 1829 2344 1897 Sapientem
2391 1828 2536 1881 illum
2579 1841 2903 1890 sermonem,
2939 1825 3022 1880 Ne
3049 1829 3338 1897 festinemus
3367 1828 3419 1880 in
3450 1829 3528 1880 die
3559 1829 3640 1879 iu-

2053 1922 2271 1974 uasiouis
2289 1919 2470 1989 (Eccli.
2495 1921 2549 1974 2.
2571 1919 2652 1990 2),
2676 1920 2768 1974 sed
2791 1919 2857 1974 ad
2884 1935 3045 1973 unum
3070 1927 3269 1974 tantum
3290 1917 3385 1973 nas
3409 1921 3643 1975 institua-

2056 2030 2190 2076 mus,
2213 2022 2267 2065 ut
2287 2012 2461 2066 omnia
2484 2010 2688 2066 fortiter
2709 2012 2958 2076 feramus,
2981 2027 3076 2066 nec
3095 2013 3641 2081 curioscinquiramus

2055 2103 2137 2156 vel
2155 2111 2453 2157 scrutemur
2468 2117 2528 2156 ea
2545 2117 2662 2171 qua:
2677 2102 2940 2156 accidunt.
2957 2101 3085 2155 Nam
3105 2105 3259 2165 seire,
3281 2118 3384 2171 quo
3407 2113 3644 2172 tempore

2055 2195 2303 2249 desitum
2323 2193 2428 2247 sint
2452 2208 2722 2254 acrumum,
2749 2191 2839 2246 Dei
2863 2201 2964 2258 est,
2992 2193 3078 2259 qui
3103 2193 3340 2260 permisit
3372 2193 3486 2248 illas
3507 2197 3642 2247 3(ςί-

2056 2285 2218 2349 dere;
2265 2287 2434 2340 illatas
2468 2301 2595 2338 vero
2637 2299 2754 2337 cum
2799 2285 3087 2353 gratiarum
3138 2285 3346 2338 actione
3386 2284 3546 2347 ferre,
3591 2286 3642 2338 id

2059 2376 2336 2445 probitatis
2355 2383 2549 2430 nostrae
2573 2385 2654 2429 est
2681 2389 2831 2442 opus.
2851 2373 3002 2441 Quod
3030 2376 3072 2428 si
3098 2374 3204 2438 fiat,
3226 2376 3398 2428 omnia
3422 2391 3644 2445 sequen-

2063 2477 2146 2521 tur
2171 2467 2340 2532 bona;
2381 2477 2438 2520 ut
2469 2481 2598 2520 vero
2633 2478 2940 2535 sequantur,
2975 2475 3136 2535 utque
3179 2466 3263 2519 hic
3291 2467 3642 2535 probatiores,

2057 2558 2166 2613 illic
2193 2573 2322 2612 vero
2351 2556 2744 2627 splendidiores
2775 2555 3094 2623 efficiamur,
3127 2557 3500 2627 quodcumque
3531 2559 3643 2612 illa-

2059 2658 2170 2704 tum
2200 2647 2356 2703 fuerit
2395 2648 2740 2717 excipiamus,
2771 2647 2967 2716 gratias
3004 2647 3070 2702 de
3105 2648 3349 2701 omnibtts
3392 2648 3646 2703 habentes

2058 2740 2131 2804 ci,
2159 2739 2248 2808 qui
2291 2739 2480 2793 melius
2520 2738 2658 2792 novit
2699 2753 2857 2807 quam
2888 2752 2987 2792 nos
3022 2738 3120 2807 ipsi
3148 2737 3272 2808 quid
3307 2739 3458 2792 nobis
3486 2756 3644 2808 cxpe-

2059 2833 2188 2895 diat,
2234 2831 2430 2902 quique
2469 2840 2743 2900 parentum
2771 2845 2894 2900 erga
2940 2845 3039 2884 nos
3081 2831 3243 2884 vincit
3287 2846 3565 2884 amorem:
3595 2841 3648 2885 et

2060 2923 2163 2979 hoc
2209 2935 2490 2993 utrumque
2538 2923 2872 2978 ratiocinium
2921 2923 2974 2977 in
3023 2923 3346 2992 quibuslibet
3396 2925 3648 2978 aerumnis

2059 3019 2214 3074 nobis
2252 3017 2383 3089 ipsis
2419 3024 2774 3084 recantantcs,
2801 3015 3216 3085 eomprimamus
3252 3031 3560 3080 maerorem,
3595 3028 3648 3070 et

2060 3109 2281 3180 gloriam
2311 3107 2603 3162 referamus
2630 3107 2758 3171 Deo,
2787 3107 2878 3175 qui
2905 3107 2956 3160 in
2981 3106 3225 3160 onmibns
3253 3107 3427 3159 omnia
3454 3106 3520 3160 ad
3551 3123 3648 3160 nu—

2062 3210 2226 3255 stratu
2276 3201 2554 3254 utilitatem
2597 3198 2888 3269 dispensat.
2934 3198 3023 3252 Sic
3051 3200 3190 3251 enim
3220 3207 3271 3252 et
3307 3200 3523 3252 insidias
3569 3199 3648 3252 fa-

2062 3293 2163 3347 cile
2202 3291 2553 3360 depellemus,
2601 3300 2654 3344 et
2689 3289 3158 3344 immarcescibiles
3195 3304 3419 3343 coronas
3458 3305 3646 3344 conse-

2063 3399 2287 3452 quenmr
2316 3401 2328 3434 :
2359 3397 2488 3454 quas
2519 3395 2618 3435 nos
2642 3395 2830 3434 omnes
2858 3380 3068 3449 assequi
3099 3381 3368 3451 contingat
3393 3381 3559 3448 gratia
3589 3392 3642 3434 et

2062 3475 2386 3542 benignitate
2414 3471 2623 3526 Domini
2650 3471 2816 3524 nostri
2853 3470 2976 3524 Jcsu
3004 3469 3220 3537 Christi,
3260 3471 3472 3540 quicum
3508 3471 3650 3525 Ρ.ιιι·ἱ

2073 3565 2262 3636 gloria,
2296 3563 2597 3632 imperium,
2639 3563 2830 3626 honor,
2873 3576 2992 3615 cum
3021 3570 3208 3615 sancto
3242 3561 3463 3630 Spiritu,
3509 3577 3650 3616 nunc

2063 3665 2119 3710 et
2145 3670 2377 3724 semper,
2408 3664 2459 3707 ct
2488 3653 2538 3706 iu
2563 3652 2754 3706 smcula
2779 3651 3114 3706 satculorum.
3139 3651 3329 3704 Amen.

2129 3775 2142 3805 ί
2181 3771 2255 3819 sic
2277 3775 2412 3818 recte
2430 3766 2570 3816 savil.
2589 3772 2641 3814 et
2663 3764 2838 3827 aliquot
2877 3765 3201 3827 Manuscripti.
3228 3763 3314 3813 Alii
3338 3777 3456 3813 vero
3477 3773 3528 3813 et
3551 3771 3644 3812 sto-

2063 3834 2180 3894 rel.,
2206 3835 2262 3881 Et
2283 3829 2400 3892 quid
2420 3831 2482 3880 de
2499 3827 2758 3878 tentatioue
2793 3826 2956 3890 loquor
2975 3826 2998 3875 1’

1501 4121 2528 4148 ______________________..

1767 4315 2112 4381 HOMILIA
2153 4312 2269 4374 XI.

379 4487 578 4544 Cum?»
596 4503 650 4544 v.
665 4487 718 4540 7.
737 4485 919 4540 Videas
938 4497 1102 4539 autem
1125 4487 1307 4540 "mltos
1325 4485 1723 4540 Sadducworum
1751 4492 1795 4535 et
1830 4481 1971 4533 Plia-

451 4581 708 4634 risazorum
746 4578 989 4632 venientes
1015 4578 1083 4630 ad
1121 4576 1423 4647 baptismum
1465 4589 1634 4639 suum,
1681 4572 1808 4626 dixit
1853 4571 1922 4625 eis
1948 4587 1968 4626 :

452 4669 719 4724 Genimina
753 4671 1058 4740 viperarum,
1097 4669 1207 4739 quis
1237 4665 1593 4722 demonstravit
1635 4664 1772 4718 vobis
1797 4667 1972 4734 fugere

450 4775 484 4812 a
512 4768 721 4814 uentura
745 4760 855 4816 ira?

453 4913 504 4966 1.
538 4909 646 4967 Cur
683 4928 812 4982 ergo
838 4913 911 4967 ait
933 4913 1200 4979 Christus,
1233 4927 1330 4967 eos
1353 4925 1456 4965 non
1484 4910 1775 4987 credidisse
1809 4911 1971 4966 Joan-

382 5001 472 5058 nil
512 5002 643 5069 Quia
685 5018 790 5054 non
818 5011 934 5056 erat
977 5002 1106 5058 illud
1149 5001 1391 5067 credere,
1428 5017 1546 5056 cmn
1599 5017 1720 5056 eum
1767 5001 1855 5072 qui
1901 5002 1969 5056 ab

383 5091 497 5162 ipso
524 5090 931 5162 praedicabatur,
965 5107 1068 5145 non
1103 5092 1425 5160 acciperent.
1453 5091 1586 5147 Nam
1609 5101 1663 5148 et
1695 5093 1967 5162 prephetis

378 5193 431 5238 et
482 5181 768 5250 lcgislatori
797 5181 1074 5238 attendere
1123 5183 1433 5238 videbantur
1472 5203 1487 5238 :
1531 5195 1583 5239 et
1623 5195 1798 5240 tamen
1838 5186 1970 5240 dixit

379 5273 470 5328 ille
509 5289 616 5327 non
653 5271 966 5337 attendisse,
994 5274 1115 5344 quia
1147 5290 1268 5329 eum
1299 5276 1389 5345 qui
1415 5277 1482 5332 ab
1513 5277 1614 5331 illis
1645 5276 1969 5346 praedicaba-

380 5371 464 5418 tur
496 5379 602 5418 tton
635 5371 949 5434 receperunt
978 5365 1080 5430 :,Si
1107 5369 1239 5420 enim
1267 5367 1528 5421 crederetis
1561 5366 1747 5438 Moysi,
1776 5369 1964 5438 inquit,

377 5453 641 5509 crederetis
666 5455 834 5526 utique
857 5464 903 5509 et
932 5455 1053 5509 mihi
1075 5455 1254 5526 (loan.
1283 5456 1336 5511 5.
1361 5456 1475 5526 46).
1505 5457 1573 5512 Et
1597 5466 1778 5526 postea
1804 5459 1966 5514 inter-

377 5547 548 5617 rogati
567 5562 597 5602 α
617 5547 845 5615 Christo,
871 5547 1133 5622 Baptisma
1152 5546 1368 5606 Joannis
1394 5549 1525 5604 unde
1551 5551 1660 5605 est?
1686 5545 1964 5606 dicebant:

2077 4473 2139 4530 Si
2164 4473 2460 4538 dixerimus,
2493 4471 2567 4524 De
2587 4480 2738 4533 terra,
2766 4480 2993 4523 timemus
3023 4468 3218 4522 turbam
3240 4485 3261 4532 ;
3306 4471 3350 4524 si
3381 4485 3494 4524 vero
3521 4471 3662 4525 dixe-

2073 4566 2260 4629 rimus,
2290 4563 2366 4618 De
2393 4564 2538 4626 cwlo,
2569 4563 2698 4615 dicet
2724 4561 2886 4622 nobis,
2918 4561 3088 4625 Quare
3112 4577 3229 4629 ergo
3255 4577 3356 4614 non
3385 4561 3664 4614 credidistis

2074 4656 2119 4708 ei
2147 4653 2363 4727 (Matth.
2394 4653 2482 4708 21.
2513 4653 2602 4707 25.
2655 4651 2783 4721 26)?
2813 4651 2890 4704 Ex
2925 4651 3003 4703 his
3045 4665 3174 4720 ergo
3213 4650 3463 4705 omnibus
3493 4652 3662 4721 palam

2073 4756 2155 4802 est
2182 4747 2327 4819 ipsos
2357 4747 2569 4800 venisse
2592 4755 2644 4800 et
2666 4743 2960 4813 baptizatos
2988 4741 3169 4807 fuisse,
3201 4743 3294 4797 sed
3318 4743 3370 4797 in
3401 4743 3505 4798 (ide
3534 4759 3665 4812 pne-

2071 4837 2356 4893 dicationis
2385 4852 2491 4892 non
2513 4836 2794 4890 mansisse.
2829 4834 3037 4888 Etenim
3068 4834 3305 4890 Joannes
3337 4835 3546 4889 illorum
3573 4850 3663 4890 ne-

2070 4931 2292 4999 quitiam
2333 4929 2585 4994 ostendit,
2633 4928 2844 4998 quando
2871 4928 2948 4981 illi
2983 4927 3047 4981 ad
3081 4928 3371 4997 Baptistam
3407 4929 3665 4982 miserunt

2070 5021 2311 5078 dicentes
2335 5039 2347 5074 :
2379 5022 2440 5077 Si
2465 5031 2519 5075 tu
2542 5038 2593 5075 es
2619 5021 2777 5083 Elius,
2803 5022 2845 5073 si
2865 5029 2919 5072 tu
2945 5035 2995 5074 es
3025 5017 3256 5073 Christus
3282 5019 3436 5091 (Joan
3461 5019 3508 5073 1.
3542 5017 3656 5089 2!);

2070 5114 2417 5184 quamobrem
2449 5114 2623 5167 intulit
2643 5155 2657 5176 ,
2694 5112 2793 5177 Qui
2819 5122 2987 5166 autem
3013 5113 3152 5165 missi
3182 5116 3406 5182 fuerant,
3436 5122 3576 5165 erant
3600 5125 3662 5163 ea:

2073 5205 2349 5261 P/tariswis
2379 5205 2538 5278 (Ibid.
2573 5223 2618 5259 υ.
2641 5205 2756 5274 24).
2778 5204 2912 5271 Quid
2942 5204 3132 5274 igitur?
3160 5219 3336 5258 annon
3369 5205 3536 5258 turba:
3564 5217 3662 5272 po-

2071 5298 2180 5368 puli
2209 5298 2434 5367 idipsum
2467 5296 2761 5366 putabant?
2804 5297 2970 5350 Etiam
2997 5313 3011 5350 :
3039 5311 3221 5350 verum
3251 5295 3400 5365 plebs
3435 5293 3665 5363 simplici

2073 5396 2251 5443 mente
2299 5386 2414 5442 haec
2464 5387 2863 5457 suspicabatur;
2910 5384 3164 5439 Pharismi
3207 5398 3337 5439 vero
3389 5385 3562 5453 ipsum
3611 5383 3664 5437 in

2063 5491 2318 5532 sermone
2340 5491 2535 5548 capere
2562 5476 2832 5533 volebant.
2861 5477 2994 5544 Quia
3019 5475 3162 5533 enim
3195 5475 3246 5529 in
3276 5474 3528 5530 confesso
3547 5485 3658 5527 erat

2067 5569 2339 5627 Christum
2379 5583 2501 5627 esse
2546 5577 2822 5626 venturum
2864 5584 2927 5624 ex
2971 5569 3088 5624 vico
3128 5565 3363 5635 Davidis,
3401 5565 3488 5623 hic
3533 5576 3661 5616 vero
