4076 6150
457 430 680 500 χρόν)ν;
718 426 972 497 Ἀπόσχου
1008 425 1222 496 καὶτῆς
1253 424 1506 493 γυναικὸς
1530 426 1627 494 τῆς
1663 424 1761 494 σῆς
1791 422 2030 494 ὡρισμέ-

453 529 551 574 νας
570 510 804 581 ἡμέραςο
845 508 1166 580 ἐγκράτειαν
1196 508 1454 579 ἀσκησον.
1489 507 1756 576 ’Ὑϐρισας
1795 508 1887 559 καὶ
1913 506 2032 558 ἐτύ-

461 611 668 664 πτησας
695 595 742 626 ³³
779 593 1104 664 παριόντας;
1149 593 1372 660 Εὐλόγει
1425 591 1609 645 λοιπὸν
1635 592 1761 654 τοὺς
1785 590 2031 660 ὑϐρίζον-

463 693 572 738 τας,
609 676 704 728 καὶ
749 674 1026 746 εὐεργέτει
1069 673 1192 736 τοὺς
1244 674 1594 743 πλήττοντας.
1627 674 1700 726 Οὐ
1734 672 1841 742 γὰρ
1873 673 2036 741 ἀρκεῖ

459 760 536 820 εἰς
555 758 743 826 ὑγείαν
777 759 908 827 ἡμῖν
941 757 1000 810 τὸ
1036 757 1186 828 βέλος
1223 757 1424 823 ἐξελεῖν
1467 757 1644 827 μόνον,
1685 755 1820 808 ἀλλά
1850 755 1898 785 ⁸³
1937 753 2030 806 καὶ

459 841 532 912 τῷ
574 840 847 911 τραύματι
887 841 1156 911 φάρμακα
1201 840 1488 894 ἐπιθεῖναι.
1545 837 1886 908 Ἐτρύφησας
1937 837 2029 889 καὶ

457 923 868 995 ἐμεθύσθηςτδν
892 923 1199 994 ἔμπροσθεν
1220 923 1408 992 χρόνον
1433 939 1446 987 ;
1478 923 1721 992 Νήστευε
1756 922 1848 974 καὶ
1876 920 2028 990 ὑδρο-

457 1007 618 1076 ποσίᾳ
646 1008 876 1077 πρόσεχε
899 1006 966 1066 ⁵⁵,
1002 1007 1087 1059 ἵνα
1109 1007 1207 1076 τὴν
1232 1005 1437 1057 ἐκεῖθεν
1466 1003 1825 1075 ἐγγενομένην
1853 1002 2028 1072 λύμην

455 1090 665 1160 ἀνέλῃς.
687 1085 836 1151 Εἶδες
857 1088 1171 1149 ἀκολάστοις
1187 1086 1479 1156 ὀφθαλμοῖς
1497 1086 1687 1148 κάλλος
1715 1085 1989 1154 ἀλλότριον
2010 1100 2025 1149 ;

455 1172 606 1240 Μηδέ
639 1169 775 1232 ὅλως
822 1170 936 1240 ἴδῃς
988 1172 1221 1237 γυναῖκα
1265 1169 1471 1231 λοιπὸν,
1521 1168 1587 1221 ἵν’
1622 1169 1714 1221 ἐπὶ
1745 1169 1790 1200 ⁵⁸
1824 1167 2026 1220 πλείονι

454 1255 727 1322 καταστῇς
746 1251 1033 1321 ἀσφαλείᾳ.
1067 1249 1390 1304 Ἕκκλινον
1413 1250 1541 1321 γὰρ,
1565 1249 1746 1320 φησὶν,
1777 1248 1895 1303 ἀπὸ
1919 1265 2026 1302 κα-

455 1335 588 1398 κοῦ,
623 1335 717 1387 καὶ
751 1334 1008 1399 ποίησον
1034 1333 1274 1401 ἀγαθόν·
1306 1333 1399 1386 καὶ
1431 1332 1610 1385 πάλιν·
1641 1331 1888 1385 Παῦσον
1915 1329 2027 1397 τὴν

455 1415 746 1486 γλῶσσάν
800 1430 915 1468 σου
961 1413 1077 1468 ἀπὸ
1119 1413 1328 1472 κακοῦ.
1370 1414 1469 1466 καὶ
1525 1415 1694 1481 χείλη
1760 1430 1875 1467 σου
1918 1413 2026 1467 τοῦ

452 1499 534 1568 μὴ
564 1497 838 1566 λαλῆσαι
877 1497 1077 1550 δόλον.
1121 1497 1259 1548 Ἀλλ’
1294 1498 1415 1550 εἰπέ
1456 1515 1542 1566 μοι
1570 1497 1664 1550 καὶ
1701 1495 1761 1548 τὸ
1799 1495 2021 1562 ἀγαθόν.

452 1584 732 1646 Ζήτησον
769 1581 1036 1647 εἰρήνην,
1072 1581 1169 1632 καὶ
1205 1579 1422 1644 δίωξον
1441 1579 1653 1646 αὑτήν·
1678 1579 1737 1630 οὑ
1766 1578 1863 1649 τὴν
1891 1579 2025 1647 πρὸς

452 1663 771 1734 ἀνθρώπους
793 1662 933 1730 λέγω
971 1663 1151 1730 μόνον,
1170 1663 1302 1715 ἀλλά
1329 1663 1420 1715 καὶ
1440 1663 1537 1734 τὴν
1576 1663 1710 1733 πρδς
1740 1663 1828 1714 τὸν
1867 1662 2016 1714 Θεόν.

452 1746 563 1800 Καὶ
593 1745 772 1808 καλῶς
793 1743 932 1809 εἷπε,
960 1746 1200 1810 Δι’ωξον·
1233 1746 1567 1816 ἀπελήλαται
1596 1745 1700 1816 γάρ
1743 1745 1835 1797 καὶ
1864 1745 2022 1797 ἐκϐέ-

452 1829 666 1899 ϐληται,
692 1829 785 1881 καὶ
803 1829 901 1899 τὴν
925 1829 1030 1897 γῆν
1053 1829 1249 1898 ἀφεῖσα
1275 1829 1353 1891 είς
1383 1827 1471 1881 τὸν
1496 1828 1720 1898 οὐρανὸν
1750 1828 2025 1899 ἀπεδήμη-

453 1928 564 1965 σεν.
612 1911 772 1964 Ἀλλά
803 1909 1142 1981 δυνησόμεθα
1175 1911 1217 1941 ⁵⁷
1247 1909 1414 1980 αὐτὴν
1440 1910 1540 1962 πά)
1554 1927 1599 1962 ιν
1637 1911 2020 1978 ἐπαναγαγεῖν,

450 1995 544 2048 ἐὰν
581 1995 842 2064 θέλωμεν,
878 1995 1131 2047 ἀπόνοιαν
1161 1995 1253 2046 καὶ
1283 1993 1594 2058 ἀλαζονείαν
1627 1994 1720 2047 καὶ
1748 1994 1924 2048 πάντα
1956 1993 2025 2046 τὰ

451 2076 748 2147 κωλύματα
803 2075 972 2146 αὐτῆς
1010 2075 1347 2138 ἐκϐαλόντες,
1401 2076 1492 2129 τὸν
1543 2075 1794 2146 σώφρονα
1837 2074 2024 2127 τοῦτον

449 2161 543 2213 καὶ
565 2160 710 2213 λιτὸν
739 2159 954 2213 διώκειν
981 2159 1112 2228 βίον.
1148 2159 1311 2210 Οὐδὲν
1339 2159 1444 2228 γάρ
1465 2159 1631 2230 ὀργῆς
1653 2157 2024 2227 χαλεπώτερον

449 2245 544 2296 καὶ
579 2242 931 2316 θρασύτητος.
961 2242 1107 2312 Αῦτη
1136 2241 1182 2273 ⁸³
1223 2242 1316 2293 καὶ
1345 2241 1758 2311 τετυφωμένους
1791 2241 1884 2293 καὶ
1913 2241 2026 2294 δου-

449 2325 736 2395 λοπρεπεῖς
757 2325 1067 2395 ἐργάζεται,
1101 2324 1164 2377 δι’
1193 2325 1401 2377 ἐκείνου
1439 2325 1535 2394 μὲν
1565 2321 2020 2390 καταγελάστους,

447 2407 534 2460 διά
578 2405 764 2459 τούτου
796 2406 852 2459 δέ
899 2407 1157 2476 μισητοὺς
1218 2405 1466 2470 ποιοῦσα,
1494 2405 1586 2458 καὶ
1628 2403 1875 2466 ἐναντίας
1912 2406 2024 2456 είσ-

455 2491 662 2558 άγουσα
678 2492 892 2555 κακίας,
920 2491 1176 2545 ἀπόνοιάν
1205 2507 1262 2542 τε
1293 2490 1424 2560 ὁμοῦ
1453 2491 1544 2544 καὶ
1565 2489 1865 2543 κολακείαν.
1883 2489 2020 2541 Ἀλλ’

449 2573 543 2625 ἐὰν
566 2573 666 2644 τὴν
692 2572 1000 2637 πλεονεξίαν
1026 2574 1119 2626 τοῦ
1148 2572 1352 2637 πάθους
1375 2573 1778 2644 περικόψωμεν,
1805 2573 1898 2625 καὶ
1928 2589 2024 2625 τα-

449 2655 621 2708 πεινοὶ
650 2654 786 2723 μετά
835 2655 1135 2726 ἀκριϐείας,
1178 2657 1270 2710 καὶ
1311 2656 1505 2726 ὑψηλοὶ
1546 2657 1682 2727 μετά
1728 2655 2022 2726 ἀσφαλείας

450 2737 705 2808 ἐσόμεθα.
739 2739 845 2791 Kal
877 2739 982 2808 γὰρ
1007 2741 1099 2792 καὶ
1128 2743 1183 2793 ἐν
1215 2742 1324 2803 τοῖς
1352 2739 1564 2810 σώμασι
1594 2744 1706 2803 τοῖς
1734 2739 2022 2810 ἡμετέροις

447 2822 556 2876 ἀπὸ
588 2821 898 2886 πλεονεξίας
921 2824 975 2874 αί
1005 2822 1330 2893 δυσκρασίαι
1361 2824 1619 2892 γίνονται·
1654 2823 1748 2877 καὶ
1790 2824 1875 2876 ὅτε
1898 2823 2023 2885 τούς

445 2905 679 2968 οἰκείους
705 2906 863 2977 ὄρους
885 2907 1094 2974 ἀφέντα
1110 2907 1176 2960 τὰ
1207 2909 1444 2976 στοιχεῖα
1474 2908 1552 2968 είς
1582 2907 1848 2977 ἀμετρίαν
1875 2904 2022 2968 ἐξέλ-

447 2987 537 3061 θῃ,
559 2988 681 3041 τότε
706 2990 760 3040 αἱ
786 2989 977 3059 μυρίαι
1002 2989 1146 3041 νόσοι
1170 2989 1265 3042 καὶ
1288 2992 1337 3043 οἱ
1375 2990 1602 3059 χαλεποὶ
1629 2990 1903 3042 τίκτονται
1929 2987 2024 3040 θά-

445 3087 616 3125 νατοι·
644 3072 782 3143 ὅπερ
816 3072 908 3125 καὶ
941 3072 1033 3124 ἐπὶ
1062 3073 1161 3142 τῆς
1185 3072 1361 3142 ψυχῆς
1386 3071 1680 3140 συμϐαῖνον
1715 3072 1810 3124 ῖδοι
1830 3088 1912 3133 τις
1934 3071 2018 3124 ἀν.

517 3154 584 3218 ζ’.
606 3153 998 3225 Περικόψωμεν
1016 3156 1196 3209 τοίνυν
1214 3155 1310 3226 τὴν
1332 3156 1618 3225 ἀμετρίαν,
1637 3155 1732 3206 καὶ
1765 3153 1823 3206 τὸ
1847 3153 2022 3223 σωτή-

448 3254 565 3307 ριον
588 3238 690 3306 τῆς
716 3239 1053 3309 συμμετρίας
1085 3238 1330 3301 πίνοντες
1366 3240 1410 3271 ⁵⁸
1441 3239 1750 3308 φάρμακον,
1775 3237 2022 3306 μένωμεν

449 3321 542 3372 ἐπὶ
566 3321 665 3390 τῆς
698 3321 992 3391 εὐκρασίας
1017 3321 1116 3390 τῆς
1140 3320 1542 3390 προσηκούσης,
1567 3321 1658 3372 καὶ
1676 3321 1794 3382 ταῖς
1838 3320 2023 3387 εὐχαῖς

451 3402 591 3474 μετά
619 3403 904 3474 ἀκριϐείας
941 3403 1314 3473 προσέχωμεν.
1347 3401 1463 3455 Κᾶν
1507 3405 1580 3472 μὴ
1619 3401 1890 3471 λάϐωμεν,
1915 3419 2021 3453 πα-

450 3487 817 3558 ραμείνωμεν,
844 3487 928 3539 ἵνα
956 3486 1231 3556 λάϐωμενο
1264 3485 1368 3539 κᾶν
1397 3486 1670 3555 λάϐωμεν,
1695 3484 1880 3553 ἐπειδὴ
1901 3483 2023 3536 ἐλά-

450 3569 615 3640 ϐομεν
647 3570 713 3622 “.
743 3569 876 3623 Οὐδὲ
898 3569 1006 3642 γὰρ
1029 3569 1188 3632 αὐτὸς
1224 3567 1470 3638 βούλεται
1501 3567 1893 3622 ἀναϐάλλεσθαι
1925 3567 2022 3637 τὴν

447 3651 761 3718 δόσιν,ἀλλά
782 3655 847 3722 τῇ
870 3651 1122 3723 μελλήσει
1145 3653 1243 3722 τὴν
1274 3651 1628 3723 προσεδρείαν
1655 3653 1784 3721 ήμῖν
1807 3651 1849 3681 ⁶¹
1873 3649 2024 3718 σοφί-

449 3735 621 3799 ζεται.
645 3735 743 3789 Διά
784 3735 937 3789 τοῦτο
981 3735 1074 3788 καὶ
1115 3735 1460 3806 ὑπερτίθεται
1503 3733 1598 3804 τὴν
1644 3734 1894 3803 αἴτησιν,
1931 3733 2022 3785 καὶ

449 3817 750 3888 πειρασμὸν
785 3818 1057 3888 συγχωρεῖ
1082 3816 1339 3880 πολλάκις
1369 3816 1630 3878 ἐπελθεῖν,
1670 3815 1755 3867 ἵνα
1785 3813 2022 3884 συνεχῶς

451 3901 587 3970 πρὸς
613 3899 776 3952 αὑτὸν
805 3899 1258 3970 καταφεύγωμεν,
1289 3901 1384 3953 καὶ
1412 3898 1818 3968 καταφυγόντες
1841 3899 1884 3929 ⁸³
1929 3897 2024 3967 μέ-

448 3999 648 4052 νωμεν.
679 3981 834 4035 Οῦτω
861 3982 954 4036 καὶ
985 3983 1220 4054 πατέρες
1268 3983 1607 4052 φιλόστοργοι
1643 3979 1888 4042 ποιοῦσι,
1929 3979 2022 4032 καὶ

452 4065 683 4136 μητέρες
728 4066 1041 4133 φιλόπαιδες
1061 4082 1074 4095 '
1115 4065 1395 4118 ἐπειδὰν⁶³
1424 4064 1572 4117 ἴδωσι
1607 4065 1675 4117 τά
1705 4063 1890 4116 παιδία
1923 4061 2021 4132 τὴν

451 4147 585 4217 πρὸς
620 4147 817 4211 αὐτοὺς
850 4147 1131 4200 συνουσίαν
1166 4147 1370 4216 ἀφέντα
1399 4147 1492 4199 καὶ
1533 4147 1668 4217 μετὰ
1688 4146 1794 4200 τῶν
1823 4145 2015 4216 ὁμηλί-

448 4245 558 4282 κων
605 4230 884 4294 παίζοντα,
929 4230 1097 4282 πολλὰ
1131 4232 1254 4295 τοὺς
1287 4230 1501 4294 οἰκέτας
1547 4230 1939 4300 ὑποκρίνασθαι
1972 4229 2017 4261 ⁸⁸

1602 309 1666 364 ΙΝ
1705 306 2120 364 MATTIL‘EUM
2165 307 2395 366 HOMIL.
2436 311 2530 365 XI.

3606 325 3706 381 199

2138 428 2610 492 παρασκευάζουσι
2649 430 2875 503 φοϐερά,
2916 433 3056 487 ὥστε
3105 436 3209 492 ὑπὸ
3238 437 3331 491 τοῦ
3375 438 3526 503 δέους
3572 457 3703 494 κατ-

2137 510 2549 590 αναγκασοῆναι
2578 513 2713 583 πρὸς
2741 515 2831 568 τὸν
2858 517 3120 587 μητρικδν
3137 518 3330 574 κόλπον
3351 525 3703 590 καταφυγεῖν..

2137 588 2292 675 Οὓτω
2329 595 2420 645 καὶ
2451 595 2480 646 6
2500 595 2631 660 Θεὸς
2673 597 3007 653 ἀνατείνεται
3037 601 3293 665 πολλάκις
3329 588 3588 674 ἀπειλήν(
3608 605 3706 675 οὐχ

2138 670 2225 724 ἵνα
2257 674 2526 756 ἐπαγάγῃ,
2553 679 2770 732 ἀλλ’ἵνα
2794 681 2929 752 πρὸς
2957 682 3116 735 αὑτὸν
3149 670 3705 756 ἐφελκύσηταιῖοταν

2135 765 2266 816 γοιν
2297 753 2678 826 ἐπανέλθωμεν
2695 759 2828 830 πρὸς
2853 760 3035 824 αὑτὸν,
3065 761 3281 815 λύειτὸν
3298 753 3458 831 φόϐον
3481 762 3702 825 εὐθέως·

2134 831 2210 893 ὡς
2260 833 2374 900 εἴγε
2427 837 2599 907 ὅμοιοι
2640 835 2782 910 ἦμεν
2837 844 2895 896 ἐν
2937 849 3260 915 πειρασμοῖς
3285 845 3378 898 καὶ
3412 846 3471 896 ἐν
3502 844 3702 908 ἀνέσει,

2134 915 2249 998 οὐδί
2280 916 2345 970 ἂν
2380 919 2566 989 ἐδέησε
2617 925 2964 995 πειρασμῶν.
2995 927 3146 998 [HS]
3178 927 3289 980 Kal
3321 927 3374 979 τί
3409 926 3549 996 λέγω
3578 928 3706 996 περὶ

2134 996 2326 1067 ήμῶνς
2361 1001 2470 1054 Καὶ
2507 1003 2614 1075 γὰρ
2647 1009 2758 1069 τοῖς
2793 1008 2968 1077 ἁγίοις
2996 996 3224 1071 ἐκείνοις
3264 1009 3428 1071 πολὺς
3459 1007 3706 1062 ἐντεῦθεν

2132 1081 2160 1164 6
2193 1085 2567 1154 σωφρονισμὸς
2597 1082 2684 1158 ἦν,
2719 1089 2817 1142 Διά
2841 1089 2998 1144 τοῦτο
3024 1092 3117 1144 καὶ
3153 1091 3181 1142 6
3206 1091 3494 1160 Προφήτης
3521 1089 3667 1157 λέγει
3689 1104 3701 1118 ’
3769 1141 3775 1164 ι,

2147 1160 2201 1214 Ἀ
2212 1165 2394 1230 γιαθόν
2423 1184 2527 1234 μοι
2549 1167 2637 1223 ὅτι
2658 1169 3064 1238 ἐταπείνωσάκ·
3085 1189 3180 1241 με.
3202 1172 3305 1226 Kal
3330 1173 3487 1235 αὐτὸς
3508 1171 3565 1224 δὲ
3591 1173 3704 1232 τοῖς

2132 1241 2472 1311 Ἀποστόλοις
2498 1249 2712 1319 ἐλεγενο
2772 1254 2870 1308 Ἐν
2906 1254 2986 1319 τῷ
3024 1257 3229 1323 κόσμῳ
3270 1254 3478 1322 θλῖψιν
3515 1253 3699 1317 ἕξετε·

2132 1326 2241 1406 Kal
2271 1329 2299 1379 6
2342 1331 2552 1396 Παῦλος
2602 1334 2759 1388 τοῦτο
2804 1336 2937 1389 αὐτὸ
2983 1337 3315 1401 αἰνίττεται,
3367 1337 3494 1389 ὅταν
3530 1335 3698 1406 λέγῃσ

2144 1405 2345 1476 Ἐδόθη
2361 1430 2464 1480 μοι
2491 1417 2734 1484 σκόλοψ
2756 1416 2829 1485 τῇ
2861 1419 3061 1485 σαρκὶ,
3089 1419 3342 1486 ἅγγελος
3370 1405 3702 1480 Σατᾶν,ἵνα

2124 1505 2202 1556 με
2230 1494 2535 1563 κολαφίζῇ.
2575 1498 2664 1549 Διὸ
2691 1499 2784 1552 καὶ
2815 1500 3024 1569 δεηθεὶς
3057 1500 3433 1568 ἀπαλλαγῆναι
3460 1497 3550 1550 τοῦ
3584 1515 3704 1550 πει-

2134 1573 2364 1640 ρασμοῦ,
2401 1576 2500 1629 οὐκ
2527 1579 2776 1649 ἐπέτυχε,
2821 1581 2908 1635 διὰ
2964 1581 3024 1634 τὸ
3065 1582 3264 1651 πολλὴν
3306 1581 3365 1645 ἐξ
3406 1577 3569 1633 αὐτοῦ
3603 1580 3702 1649 τὴν

2129 1651 2394 1722 ὠφέλειαν
2449 1661 2754 1728 ἐγγίνεσθαι
2776 1664 2838 1715 ⁸⁵.
2877 1663 3000 1716 Ἐὰν
3030 1665 3085 1716 δὲ
3128 1666 3221 1717 καὶ
3265 1662 3359 1715 τοῦ
3407 1662 3568 1715 Δαυῖδ
3612 1662 3702 1714 τὸν

2131 1733 2244 1804 βίον
2300 1741 2614 1813 ἐπέλθωμεν
2667 1746 2900 1806 ἅπαντα,
2946 1748 3250 1817 εὑρήσομεν
3294 1745 3452 1798 αὐτὸν
3484 1746 3541 1798 ἐν
3589 1746 3703 1805 τοῖς

2128 1822 2392 1888 κινδύνοις
2423 1825 2797 1900 λαμπρότερον
2853 1829 3001 1896 ὅντα,
3056 1832 3149 1883 καὶ
3195 1829 3374 1892 αὐτὸν,
3431 1831 3523 1882 καὶ
3577 1828 3700 1890 τοὺς

2129 1905 2319 1970 ἄλλους
2361 1908 2606 1974 ἅπαντας
2653 1913 2777 1974 τοὺς
2810 1912 2927 1965 κατ’
2955 1914 3178 1965 ἐκεῖνον.
3209 1912 3319 1964 Kal
3364 1911 3474 1981 γὰρ
3519 1912 3547 1963 6
3582 1907 3700 1962 Ἰὼϐ

2128 1988 2249 2045 τότε
2282 1990 2542 2060 μειζόνως
2562 1994 2792 2064 ἔλαμψε,
2823 1997 2914 2049 καὶ
2945 1997 2973 2048 6
3014 1995 3206 2066 Ἰωσὴφ
3237 1994 3293 2049 δὲ
3316 1996 3360 2026 ⁶⁶
3395 1993 3569 2056 οὕτως
3607 1993 3700 2045 ἐπὶ

2129 2075 2290 2129 πλέον
2319 2076 2661 2146 εὐδοκίμησε,
2694 2081 2788 2133 καὶ
2815 2081 2843 2132 6
2876 2078 3069 2132 Ἰακὼϐ
3095 2079 3171 2142 δὲ,
3207 2079 3300 2131 καὶ
3327 2079 3355 2130 6
3381 2076 3568 2130 τούτου
3603 2092 3703 2129 παι

2128 2163 2252 2230 τηρ,
2280 2160 2372 2211 καὶ
2405 2162 2433 2211 6
2462 2160 2692 2225 ἐκείνου,
2722 2162 2815 2214 καὶ
2847 2163 3045 2225 πάντες
3073 2163 3185 2215 ὅσοι
3225 2160 3442 2213 πώποτε
3463 2161 3504 2191 ⁸⁷
3551 2158 3702 2226 λαμ-

2131 2241 2427 2311 προτέρους
2458 2242 2782 2312 ἀνεδήσαντο
2815 2245 3108 2311 στεφάνους
3133 2283 3148 2304 .
3180 2243 3286 2296 ἀπὸ
3317 2241 3546 2310 θλίψεων
3605 2239 3700 2292 καὶ

2129 2322 2450 2392 πειρασμῶν
2479 2324 2572 2376 καὶ
2604 2326 3074 2395 ἐστεφανώθησαν,
3107 2325 3197 2377 καὶ¹
3228 2322 3695 2394 ἀνεκηρύχθησαν.

2131 2405 2309 2474 ’Ἅπερ
2336 2404 2511 2458 πάντα
2537 2408 2851 2470 συνειδότες,
2884 2407 3023 2462 κατά
3045 2405 3134 2461 τὸν
3159 2407 3318 2476 σοφὸν
3336 2406 3380 2438 ⁸³
3401 2406 3577 2474 λόγον,
3601 2402 3651 2455 Μ
3659 2404 3696 2471 ὴ

2128 2487 2488 2554 σπεύσωμεν
2512 2487 2580 2540 ἐν
2603 2487 2783 2556 καιρῷ
2811 2487 3141 2558 ἐπαγωγῆς,
3163 2488 3275 2542 ἀλλ’
3303 2487 3360 2540 ἓν
3393 2487 3550 2558 μόνον
3573 2487 3697 2537 ἐαυο

2127 2568 2252 2632 τούς
2303 2567 2697 2638 παιδεύσωμεν,
2725 2571 2786 2623 τὸ
2834 2571 3016 2642 φέρειν
3063 2573 3239 2625 πάντα
3285 2569 3567 2639 γενναίως,
3602 2567 3697 2620 καὶ

2131 2651 2295 2721 μηδὲν
2345 2651 2845 2722 πολυπραγμονεῖν,
2909 2654 3040 2724 μηδὲ
3087 2653 3541 2724 περιεργάζεσθαι
3590 2650 3696 2701 τῶν

2127 2733 2445 2804 γινομένων.
2488 2734 2560 2787 Τὸ
2595 2736 2691 2805 μὲν
2716 2736 2823 2806 γάρ
2858 2736 3072 2801 εἰδέναι,
3101 2738 3230 2790 πότε
3261 2736 3340 2788 δεῖ
3359 2735 3579 2806 λυθῆναι
3599 2732 3696 2795 τὰς

2130 2817 2355 2886 θλίψεις,
2388 2817 2482 2869 τοῦ
2527 2819 2931 2889 συγχωροῦντος
2961 2820 3128 2883 αὐτὰς
3161 2819 3476 2893 προσελθεῖν
3524 2814 3656 2868 Θεοῦ
3679 2831 3694 2846 ·

2127 2900 2188 2951 τὸ
2225 2900 2282 2952 δὲ
2324 2899 2703 2969 ἐπενεχθείσας
2734 2901 2873 2970 μετά
2913 2902 3092 2972 πάσης
3121 2902 3305 2972 φέρειν
3329 2899 3694 2970 εὐχαριστίας,

2125 2981 2223 3050 τῆς
2260 2981 2415 3051 ήμῶν
2471 2982 2888 3052 εὐγνωμοσύνης
2929 2983 3112 3038 λοιπὸν
3140 2983 3299 3054 ἔργον
3337 2982 3482 3036 ἐστίν
3508 2999 3521 3013 ⁸
3561 2983 3697 3050 ὅπερ

2125 3063 2219 3116 ἐάν
2244 3063 2489 3132 γένηται,
2523 3065 2699 3118 πάντα
2727 3064 2914 3134 ’έψεται
2938 3067 3010 3119 τά
3040 3065 3239 3132 ἀγαθά.
3279 3066 3374 3119 ’Ίν’
3408 3060 3500 3118 οῦν
3528 3063 3698 3116 ταῦτα

2124 3145 2344 3214 ἕπηται,
2371 3147 2467 3198 καὶ
2510 3146 2863 3219 δοκιμώτεροι
2907 3149 3004 3218 μὲν
3042 3148 3304 3212 ἐνταῦθα,
3331 3148 3696 3218 λαμπρότεροι

2123 3225 2179 3279 δὲ
2211 3230 2387 3280 ἐκεῖσε
2422 3227 2723 3297 γενώμεθα,
2773 3231 2880 3282 πᾶν
2913 3231 2941 3282 ὃ
2975 3231 3068 3283 ἐὰν
3103 3230 3360 3300 ἐπενεχθῇ
3393 3229 3695 3299 δεχώμεθα,

2124 3309 2281 3378 χάριν
2307 3308 2505 3371 εἰδότες
2539 3310 2675 3381 ὑπὲρ
2698 3310 2914 3363 πάντων
2940 3312 3017 3380 τῷ
3045 3312 3205 3364 εἰδότι
3233 3313 3429 3379 μᾶλλον
3459 3313 3611 3382 ἡμῶν
3638 3311 3698 3364 τὸ

2126 3390 2419 3460 συμφέρον,
2458 3391 2550 3444 καὶ
2582 3391 2688 3444 τῶν
2714 3395 3121 3464 γεγεννηκότων
3157 3395 3508 3465 σφοδρότερον
3551 3396 3697 3464 ἡμᾶς

2124 3473 2394 3542 φιλοῦντι·
2451 3474 2548 3527 καὶ
2592 3474 2813 3539 τούτους
2865 3478 3207 3547 ἀμφοτέρους
3241 3479 3366 3540 τοὺς
3406 3479 3698 3548 λογισμοὺς

2123 3556 2244 3611 καθ’
2288 3557 2517 3610 ἕκαστον
2561 3557 2672 3610 τῶν
2719 3558 2905 3612 δεινῶν
2951 3562 3159 3623 ἑαυτοῖς
3189 3561 3496 3632 ἐπᾴδοντες,
3529 3578 3697 3613 κατα-

2125 3639 2428 3710 στέλλωμεν
2449 3639 2545 3713 τὴν
2575 3641 2832 3713 ἀθυμίαν,
2873 3643 2968 3697 καὶ
3011 3643 3321 3716 δοξάζωμεν
3357 3648 3413 3698 ἐν
3444 3647 3574 3697 πᾶσι
3607 3645 3698 3698 τὸν

2123 3724 2299 3778 πάντα
2343 3724 2483 3796 ὑπὲρ
2526 3725 2684 3796 ήμῶν
2727 3725 2984 3780 ποιοῦντα
3030 3727 3124 3780 καὶ
3180 3727 3697 3798 πραγματευόμενον

2122 3809 2274 3862 Θεόν.
2310 3808 2466 3862 Οὕτω
2503 3809 2612 3880 γὰρ
2639 3811 2732 3864 καὶ
2771 3813 2870 3876 τὰς
2918 3811 3210 3875 ἐπιϐουλὰς
3267 3813 3696 3883 διακρουσόμεθα

2124 3892 2339 3963 ῥᾳδίως,
2364 3891 2582 3944 καὶτῶν
2598 3894 2890 3964 ἀκηράτων
2911 3894 3303 3964 ἐπιτευξόμεθα
3337 3895 3615 3963 στεφάνων
3629 3896 3695 3958 ⁸³,

2122 3976 2301 4048 χάριτι
2345 3976 2441 4030 καὶ
2484 3977 2861 4048 φιλανθρωπίᾳ
2917 3977 3012 4031 τοῦ
3059 3979 3263 4048 Κυρίου
3315 3978 3471 4048 ήμῶν
3520 3977 3696 4048 Ἰησοῦ

2121 4058 2382 4132 Χριστοῦ,
2417 4059 2534 4130 μεθ’
2566 4051 2626 4112 οὗ
2675 4059 2752 4130 τῷ
2779 4060 2957 4129 Πατρὶ
2979 4061 3125 4125 δόξα,
3163 4060 3382 4130 κράτος,
3413 4060 3565 4130 τιμὴ,
3601 4063 3696 4114 σὺν

2123 4143 2263 4213 ἁγίῳ
2292 4142 2590 4212 Πνεύματι,
2617 4141 2712 4198 νῦν
2739 4143 2832 4197 καὶ¹
2869 4143 2956 4196 ἀεὶ
2985 4144 3079 4197 καὶ
3105 4144 3184 4206 είς
3205 4145 3327 4206 τοὺς
3354 4145 3554 4208 αίῶνας
3583 4144 3692 4197 τῶν

2124 4227 2356 4281 αίώνων.
2384 4227 2576 4298 Ἀμήν.

517 4333 936 4420 ⁸³,ἐῑιὶπτησαςὶ
963 4335 1200 4420 έπληεοες
1245 4338 1474 4420 “del”;
1513 4336 1890 4420 “:thq;
1915 4337 1996 4420 ξεῖ
2025 4338 2089 4420 Δ·
2125 4337 2202 4420 Β.-.
2342 4333 2636 4420 ἑδρεποὲι
2668 4331 3082 4420 ﬂmmeum
3111 4332 3409 4420 ὑεὶρφτξίὶτειο
3429 4333 3693 4420 ,Πρέπειε

448 4405 532 4459 ἵνα
571 4406 704 4461 Edd.
757 4405 878 4459 mox
921 4405 1271 4478 ἐγγινομένην
1333 4409 1390 4461 Ι).
1436 4409 1495 4461 Ε.
1533 4407 1593 4461 F.

446 4475 510 4528 Ε.
548 4474 608 4527 F.
684 4475 730 4507 ⁵⁸
760 4476 969 4528 πιόντες
997 4474 1131 4528 Edd.
1213 4479 1256 4509 ⁶⁰
1290 4477 1573 4528 ἐλάϐομεν]

1707 4403 1752 4438 re
1779 4406 1890 4478 ἐπί]
1928 4409 1986 4460 ἐν
2026 4409 2098 4478 Β.
2159 4407 2202 4438 ⁵⁷
2236 4403 2519 4478 ῷγάμὲθρι.
2553 4403 2649 4478 δεῖ

684 4475 730 4549 ξ’
760 4473 1147 4549 πιόντες-Εάἆ.
1181 4548 1186 4549 γ
1213 4473 1256 4509 ⁶’⁰
1290 4477 1573 4549 ἐλάϐομεν]
1608 4477 1729 4549 add.
1765 4473 2021 4549 96:67:06

2126 4494 2215 4546 λεν
2248 4473 2384 4549 _Edd_Q
2433 4473 2783 4549 vi_d._adnp_t:
2852 4474 3094 4549 “jva
3132 4473 3267 4549 Edd.

2747 4404 2837 4457 dd.
2909 4403 2956 4436 ⁵⁸
3011 4403 3181 4473 Αὕτη]
3211 4403 3332 4457 add.
3377 4403 3486 4473 γάρ
3529 4403 3589 4456 C.
3631 4405 3690 4458 υ.

3346 4474 3389 4503 ⁶¹
3423 4473 3693 4542 καταφεύ-

443 4559 631 4618 γοντες
665 4545 821 4618 Βκει
840 4560 921 4618 p_r.
1109 4547 1152 4578 ⁸³
1176 4547 1412 4618 ἐπειδάνῖ
1439 4541 1711 4618 ιίάάξγάρ
1989 4547 2021 4618 “_

2126 4541 2442 4618 ὲοκρίνελσθαι
2563 4541 2625 4596 Β.
2698 4543 2742 4618 ⁶¹ξ
2768 4541 3104 4618 ἐπιγίνεσθαι
3135 4543 3196 4596 D.
3266 4543 3311 4573 “
3416 4558 3525 4596 om.
3556 4541 3690 4618 Εᾴιί.

446 4610 490 4644 ⁸⁷
516 4613 751 4686 πώποτε]
789 4610 944 4686 add._
977 4615 1274 4686 διέλαμψαν
1318 4610 1412 4671 καί
1462 4620 1526 4686 Α.
1579 4610 1638 4670 Β.
1682 4610 1812 4670 hdd.
1864 4616 2021 4686 έλαμύ

2148 4610 2242 4667 καί
2293 4615 2429 4686 ξᾴἀ.
2488 4613 2617 4686 Ροξι
2667 4610 3557 4686 πώποτε-ἀίειίιιειιοτθηνίιίρηιιιις
3609 4613 3691 4665 Ιη-

446 4691 620 4768 ιειρι).
696 4683 972 4807 “cozpévL

446 4752 590 4807 ἡμας
627 4754 897 4807 ἐπιτυγεῖν
958 4755 971 4771 ⁷

446 4752 590 4820 ἡμᾶς
627 4754 897 4822 ἐπιτυχεῖν
929 4752 1067 4810 Edd.

575 4893 984 4904 ___.__—____._.

696 4682 1077 4756 °“_co:p6v]f:oﬁ
1113 4682 1275 4755 σοφοῦ
1303 4689 1370 4742 Α.
1410 4688 1470 4742 Β.
1505 4685 1566 4741 Ι).
1597 4687 1763 4741 Paulo
1793 4695 1917 4756 post
1954 4682 2269 4754 σπεύδωμεν
2296 4682 2433 4739 Edd.

2545 4683 2589 4715 θ’
2630 4681 2929 4754 στεφάνων]
2969 4676 3208 4737 αύιΙῘῶν
3236 4680 3442 4751 γένοιτο
3483 4681 3691 4747 πάντας

1792 4950 1939 5023 [ιιει]
1981 4948 2222 5006 ΟΜιΛΙΑ
2258 4947 2362 5001 IA'.

453 5035 618 5094 Ἰδὼν
649 5035 718 5088 δὲ
752 5039 1020 5109 πολλοὺς
1043 5039 1159 5091 τῶν
1182 5039 1601 5094 Σαδδουκαίων
1620 5042 1668 5074 7°
1715 5041 1813 5094 καὶ
1852 5045 2016 5109 Φαρι-

512 5108 702 5179 quia”
747 5106 1130 5179 ἐρχρμένουςΔ
1161 5109 1259 5161 ἐπὶ
1309 5111 1377 5162 τὸ
1425 5111 1743 5179 βάπτισμα
1798 5106 2014 5175 αὐτοῦ,

513 5171 680 5246 εἶπεν
696 5171 919 5246 αὑτοῙᾷ
941 5171 1292 5246 Γεννήματα
1305 5171 1578 5245 ἐχιδνῶν,
1600 5171 1683 5245 τί
1703 5171 2018 5245 ὑπέδειξεν

507 5244 650 5312 ὑμῖν
678 5244 893 5314 φυγεῖν
929 5245 1046 5299 ἀπὸ
1074 5244 1180 5313 τῆς
1207 5244 1556 5316 μελλούσης
1583 5244 1761 5319 όρῨῆς
1788 5265 1806 5311 .'

508 5357 576 5404 a'.
610 5350 734 5412 Πῶς
761 5346 856 5406 οὖν
887 5369 1052 5422 φησιν
1078 5354 1106 5406 6
1133 5355 1395 5424 Χριστὸς,
1437 5358 1517 5410 ὅτι
1554 5358 1654 5410 οὐκ
1692 5357 2018 5410 ἐπίστευσαν

451 5427 666 5503 Ἰωάννῃ
688 5449 701 5496 ;
731 5434 851 5487 ’Ὁτι
875 5435 974 5487 οὐκ
995 5431 1063 5505 ἦν
1086 5435 1243 5489 τοῦτο
1275 5438 1578 5500 πιστεῦσαι,
1602 5439 1664 5492 τὸ
1684 5439 1773 5492 τὸν
1801 5457 1869 5510 κη
1880 5456 2006 5510 ρυτ-

441 5511 660 5577 τόμενον
688 5515 776 5566 ὑπ’
807 5514 971 5568 αὐτοῦ
1006 5516 1082 5586 μὴ
1114 5515 1386 5580 δέξασθαι.
1427 5519 1574 5571 Ἐπεὶ
1603 5520 1696 5572 καὶ
1725 5522 1834 5583 τοῖς
1869 5521 2008 5591 Προ-

437 5595 632 5663 φήταις
687 5595 870 5660 ἔδοξαν
904 5598 1245 5668 προσέχειν⁷¹
1285 5601 1380 5652 καὶ
1425 5599 1501 5669 τῷ
1537 5601 1851 5672 Νομοθέτῃ”
1893 5603 2008 5655 ἀλλ’

437 5676 582 5743 ὅμως
619 5677 818 5749 ἔφησεν
848 5681 1045 5744 αὐτοὺς
1078 5681 1150 5751 μὴ
1193 5683 1655 5754 προσεσχηκέναι,
1687 5686 1874 5756 ἐπειδὴ
1918 5686 2007 5740 τὸν

440 5761 566 5829 παρ’
600 5761 822 5816 ἐκείνων
861 5765 1333 5834 προφητευόμενον
1365 5767 1464 5818 οὐκ
1501 5766 1764 5832 ἐδέξαντο.
1802 5769 1871 5823 El
1897 5769 2006 5839 γὰρ

435 5839 844 5910 ἐπιστεύσατε,
869 5847 1020 5916 φησι,
1051 5847 1295 5917 Μωϊισῇ,
1322 5849 1717 5905 ἐπιστεύσατε
1744 5850 1821 5906 ἂν
1847 5853 1995 5923 ἐμοί·

2115 5039 2224 5094 Kal
2256 5036 2394 5107 μετὰ
2423 5035 2596 5090 ταῦτα
2625 5037 2682 5090 δὲ
2713 5035 3054 5108 ἐρωτώμενοι
3094 5037 3244 5108 παρά
3287 5038 3382 5092 τοῦ
3419 5039 3654 5112 Χριστοῦ
3673 5085 3688 5108 ,

2117 5121 2188 5173 '16
2219 5119 2536 5187 βάπτισμα
2579 5118 2859 5172 Ἰωάννου
2895 5118 3080 5172 πόθεν
3116 5119 3320 5185 ἐστίν;
3359 5121 3574 5191 ἔλεγον,
3608 5126 3688 5176 ὅτι

2126 5199 2268 5254 Ἐὰν
2310 5200 2588 5268 εἴπωμεν,
2630 5200 2746 5254 ἀπὸ
2785 5198 2916 5269 τῆς,
2957 5202 3297 5270 φοϐούμεθα
3327 5202 3433 5256 τὸν
3466 5204 3684 5272 ὄχλον·

2113 5282 2220 5336 ἐὰν
2246 5283 2525 5351 εἷπωμεν,
2576 5282 2694 5337 ἀπὸ
2743 5282 3024 5350 οὐρανοῦ,
3059 5284 3180 5351 ἐρεῖ
3205 5285 3367 5352 ἡμῖν,
3403 5286 3535 5350 Πῶς
3576 5282 3685 5339 οὖν

2114 5367 2224 5417 οὐκ
2253 5365 2651 5419 ἐπιστεύσατε
2679 5364 2876 5429 αύτῷ;
2902 5365 3064 5419 Ὥστε
3106 5367 3164 5430 ἐξ
3200 5367 3450 5419 ἁπάντων
3483 5365 3687 5418 τούτων

2115 5445 2295 5515 δῆλον,
2332 5448 2413 5500 ὅτι
2464 5447 2826 5517 παρεγένοντο
2871 5449 2970 5519 μὲν
3015 5449 3108 5502 καὶ
3154 5448 3588 5516 ἐϐαπτίσθησανο
3626 5450 3686 5502 οὐ

2119 5529 2226 5598 μὴν
2255 5529 2476 5596 ἔμειναν
2519 5530 2610 5582 ἐπὶ
2637 5530 2735 5600 τῆς
2770 5531 3005 5594 πίστεως
3039 5531 3132 5584 τοῦ
3182 5529 3553 5600 κηρύγματος.
3579 5531 3685 5584 Kal

2116 5609 2224 5680 γὰρ
2248 5611 2275 5663 6
2315 5610 2562 5682 Ἰωάννης
2593 5611 2860 5666 δείκνυσιν
2885 5613 3062 5666 αὐτῶν
3084 5611 3182 5680 τὴν
3218 5612 3501 5682 πονηρίαν,
3539 5608 3686 5678 ἐξῶν

2118 5693 2253 5762 πρὸς
2294 5693 2386 5746 τὸν
2445 5695 2757 5764 Βαπτιστὴν
2813 5696 3061 5764 ἔπεμπον
3100 5693 3378 5760 λέγοντες·
3413 5697 3479 5750 El
3520 5699 3600 5752 σὺ
3631 5692 3686 5752 εἶ

2130 5777 2434 5842 Ἠλίας;εί
2461 5778 2542 5832 σὺ
2570 5775 2630 5831 εἴ
2651 5782 2684 5832 ό
2704 5779 2990 5848 Χριστός;
3023 5776 3103 5830 διὸ
3139 5778 3231 5831 καὶ
3267 5779 3544 5849 ἐπήγαγεν
3563 5800 3576 5813 ·
3621 5785 3684 5837 Οί

2104 5856 2173 5910 δὲ
2194 5858 2634 5927 ἀπεσταλμένοι
2669 5855 2830 5930 ἦσαν
2855 5861 2922 5914 ἐκ
2943 5858 3061 5913 τῶν
3084 5863 3437 5930 Φαρισαίων.
3471 5865 3535 5918 ΤΞ
3550 5861 3672 5926 ούνς

501 5939 544 5968 ⁷⁸
576 5941 707 6010 Φαρ.
752 5942 843 5994 καὶ
873 5941 996 5994 Σαδ.
1030 5941 1093 5998 Α.
1124 5942 1186 5996 C.
1260 5946 1300 5976 ⁷¹
1329 5945 1616 6015 προσέχειν
1644 5962 1752 6002 om.
1783 5949 1844 6003 C.
1882 5951 2312 6014 προσεσχηκέναι
2347 5952 2480 6007 Ειῖύ.
