4076 6150
477 326 580 384 I93

472 456 540 494 ex
566 435 802 494 Levitica
835 435 974 490 tribu
1003 441 1140 500 erat,
1178 428 1552 501 interrogando
1585 428 1804 483 insidias
1826 428 1928 499 ipsi
1971 442 2061 496 pa-

476 531 694 595 rabant;
736 538 793 582 ut
820 527 863 581 si
895 525 1020 596 quid
1049 541 1206 581 secus
1227 523 1595 595 rcSpouderet,
1627 522 1680 575 in
1709 522 1857 575 illum
1885 536 2062 576 insur-

473 629 676 692 gerent.
703 618 814 672 [loc
835 617 975 672 enim
1003 617 1163 672 etiam
1191 631 1254 670 ex
1287 614 1628 685 sequentibus
1645 612 1881 668 declarat
1905 632 1918 666 :
1942 628 2062 666 nam

477 728 597 769 cum
624 710 753 767 nihil
780 725 968 766 eorum
997 725 1116 779 qua:
1143 709 1239 778 ipsi
1270 706 1652 778 exspectabant
1677 705 2061 775 respondisset,

479 813 652 860 tamen
684 804 856 874 ipsum
902 801 1173 870 culpantes
1219 799 1447 853 dicunt:
1493 797 1628 864 Quid
1667 813 1786 867 ergo
1816 797 2061 867 baptisas,

477 898 519 953 si
544 904 599 950 tu
623 912 724 950 non
751 911 802 949 es
824 894 1050 949 Christus
1079 893 1258 962 (Joan.
1283 892 1335 946 l.
1361 889 1496 962 25)?
1521 901 1576 945 ut
1601 905 1730 945 vero
1759 889 1935 944 discas
1962 889 2064 942 alia

479 996 658 1044 mente
685 986 1002 1052 Pharismos,
1029 986 1130 1039 alia
1161 985 1368 1055 plebem
1394 983 1626 1048 venisse,
1655 982 1776 1036 audi
1799 981 2067 1052 quomodo

479 1080 802 1150 evangelista
843 1080 944 1134 hoc
984 1080 1144 1134 etiam
1187 1077 1440 1133 declaret.
1482 1077 1613 1131 Cum
1647 1090 1838 1146 nempe
1873 1075 1938 1128 de
1972 1090 2065 1143 po-

481 1171 606 1241 pulo
631 1170 726 1238 ait,
760 1171 902 1239 ipsos
938 1169 1149 1224 venisse
1177 1176 1231 1222 et
1255 1168 1323 1222 ab
1349 1169 1438 1221 illo
1461 1167 1753 1236 baptizatos
1791 1181 1909 1220 esse
1940 1181 2067 1217 cou-

484 1262 692 1316 titentes
722 1271 938 1331 peccata
961 1275 1087 1323 sua;
1117 1259 1184 1314 de
1208 1259 1490 1313 Pharismis
1517 1274 1643 1312 vero
1667 1273 1769 1311 non
1797 1257 2060 1319 similiter,

481 1351 574 1405 sed
608 1351 689 1406 his
715 1351 890 1406 verbis
920 1368 932 1404 :
987 1348 1174 1404 Viacns
1197 1350 1379 1402 multos
1409 1347 1811 1404 Sadducteorum
1838 1357 1883 1401 et
1927 1347 2068 1400 Pha-

483 1443 743 1496 risteorum
771 1443 1036 1505 venientes,
1069 1441 1301 1495 dicebat:
1335 1439 1601 1495 Genimiua
1630 1441 1932 1510 viperarum,
1957 1440 2067 1507 quis

485 1534 618 1587 vobis
647 1533 1000 1586 demonstravit
1045 1533 1216 1603 fugere
1245 1548 1275 1584 a
1304 1541 1511 1586 ventura
1540 1532 1616 1583 ira
1634 1531 1659 1583 ?
1685 1531 1841 1598 Papa:
1863 1531 1875 1583 l
1901 1547 2068 1599 quan-

485 1637 590 1680 tam
612 1626 773 1682 animi
802 1625 1250 1696 magnitudinem!
1274 1623 1551 1692 Quomodo
1574 1623 1862 1692 alloquitur
1891 1621 2066 1676 homi-

483 1732 582 1772 nes
611 1716 922 1787 sanguinem
949 1715 1313 1786 propheticum
1341 1729 1552 1782 semper
1573 1714 1839 1778 sitientes,
1869 1713 2067 1782 quique

485 1823 591 1863 non
632 1817 783 1863 erant
809 1808 1146 1877 serpentibus
1177 1805 1456 1860 mitiores?
1484 1819 1604 1858 cum
1639 1812 1833 1874 quanta
1865 1811 1919 1858 et
1949 1804 2068 1858 illos

483 1911 538 1957 et
566 1910 813 1971 parentes
842 1901 1053 1955 illorum
1080 1900 1318 1954 libertate
1344 1898 1691 1953 criminatur?

568 1990 671 2046 Car
716 1990 942 2045 Joannes
998 1990 1229 2062 Baptista
1271 1988 1560 2044 Pliaristeos
1606 1988 1953 2059 increpaverit.
1998 2017 2070 2027 —-

485 2083 679 2150 Etiam,
694 2083 920 2153 inquies,
943 2081 1190 2152 loquendi
1213 2081 1427 2136 libertas
1445 2081 1670 2134 maxima
1684 2089 1767 2134 est
1785 2097 1799 2136 :
1824 2078 1916 2134 sed
1933 2095 2069 2148 qua:-

485 2175 707 2230 rendutn
733 2190 798 2229 an
831 2173 1050 2229 libertas
1093 2171 1392 2240 hujusmodi
1422 2171 1594 2240 aliqua
1615 2171 1822 2224 ratione
1849 2169 2066 2224 nitatur.

485 2265 668 2335 Neque
693 2265 836 2319 enim
876 2271 1159 2334 peccantes
1187 2263 1336 2328 vidit,
1367 2263 1460 2316 sed
1485 2261 1864 2330 re~ipiscentes
1888 2277 1900 2312 :
1933 2274 2066 2329 qua-

486 2369 704 2429 propter
741 2370 846 2410 non
894 2355 1113 2424 culpare
1156 2354 1456 2424 oportebat,
1501 2352 1592 2408 sed
1645 2352 1863 2406 laudare
1911 2361 2070 2421 atque

487 2449 779 2518 suscipere,
825 2447 946 2517 quia
989 2446 1174 2501 relicta
1217 2445 1351 2500 urbe
1399 2454 1452 2502 et
1497 2443 1678 2510 domo,
1727 2452 2071 2497 accnrrerant

489 2538 918 2610 praedicationem
965 2535 1217 2591 audituri.
1246 2535 1382 2603 Quid
1411 2549 1538 2605 ergo
1567 2533 1849 2589 dicamus?
1889 2531 2066 2601 Ipsum

488 2631 752 2696 videlicet,
792 2646 897 2686 non
924 2628 1294 2700 praesentibus,
1345 2643 1518 2698 neque
1545 2627 1703 2682 rebus
1739 2641 1859 2697 qua:
1896 2625 2070 2695 palam

487 2723 825 2793 gerebantur,
856 2719 1166 2785 attendisse,
1194 2719 1286 2774 sed
1317 2734 1507 2773 arcana
1539 2718 1731 2772 mentis
1757 2731 1940 2770 eorum
1971 2732 2068 2769 no-

490 2817 648 2880 visse,
677 2815 726 2869 id
754 2814 1024 2869 revelante
1052 2812 1182 2866 Deo.
1209 2811 1468 2878 Quoniam
1499 2809 1656 2879 igitur
1679 2807 1746 2862 de
1781 2806 2072 2876 majoribus

491 2906 603 2960 suis
623 2905 788 2959 altum
817 2903 1116 2973 sapiebanl,
1141 2902 1300 2971 idque
1329 2899 1460 2970 ipsis
1487 2898 1738 2968 perniciei
1765 2911 1922 2951 causa
1955 2895 2072 2950 tue-

491 3004 591 3061 rat,
624 2998 874 3065 ipsosque
900 2994 952 3048 in
980 2991 1239 3049 desidiam
1271 2991 1596 3059 eonjecerat,
1639 2989 1956 3059 arrogantia:
1984 3003 2072 3042 ra-

489 3087 659 3141 dicem
690 3085 931 3140 succidit.
960 3085 1246 3154 Propterea
1277 3082 1438 3138 Isaias
1461 3081 1577 3136 illos
1607 3081 1872 3150 principes
1901 3079 2074 3134 Sodo-

492 3193 724 3240 morum,
752 3184 808 3230 et
851 3176 1101 3246 populum
1128 3172 1440 3230 Gomorrhze
1470 3181 1625 3227 vocat
1667 3171 1822 3242 (lsai.
1855 3171 1905 3224 ι.
1935 3170 2021 3241 id)
2055 3187 2069 3223 :

491 3278 544 3323 et
569 3269 706 3322 alter
732 3267 989 3338 propheta
1012 3266 1170 3320 dicit:
1196 3264 1380 3319 Nonne
1397 3266 1524 3318 sicut
1541 3264 1637 3333 ﬁlii
1657 3262 1963 3333 Ethiopum
1984 3279 2071 3317 vos

491 3361 604 3413 estis
628 3359 804 3430 (Amos
833 3358 884 3413 9.
915 3358 972 3428 7)
992 3362 1016 3411 1'
1046 3370 1341 3426 omnesque
1383 3355 1450 3409 ab
1486 3355 1585 3408 hac
1625 3353 1877 3423 opinione
1903 3353 2072 3408 dedu-

493 3461 619 3505 cuut
664 3451 806 3516 illos,
856 3458 1116 3504 tumorem
1162 3449 1371 3502 illorum
1403 3455 1748 3511 evacuantes,
1780 3446 1869 3516 qui
1919 3445 2077 3499 innu-

493 3540 827 3595 merabilium
855 3540 983 3609 ipsis
1013 3538 1271 3593 malorum
1302 3551 1460 3592 causa
1483 3536 1678 3592 fuerat.
1719 3538 1810 3604 At,
1840 3537 2070 3607 inquies,

495 3633 545 3686 id
570 3632 690 3700 jure
722 3629 998 3699 propheta:
1029 3628 1316 3693 faciebant,
1333 3629 1437 3697 'qui
1469 3628 1586 3682 illos
1615 3635 1895 3696 peccantes
1923 3627 2073 3682 vide-

495 3727 620 3780 bant
650 3740 663 3777 :
698 3723 782 3777 hic
808 3737 936 3778 vero
962 3739 1056 3776 cur
1079 3732 1133 3776 et
1159 3737 1261 3792 qua
1289 3721 1354 3776 de
1382 3736 1563 3785 causa,
1598 3736 1716 3775 cum
1751 3721 1871 3775 illos
1895 3720 2076 3775 videat

494 3817 944 3884 obtemperantes,
972 3813 1197 3883 idipsum
1241 3811 1401 3866 facit?
1429 3811 1499 3867 Ut
1541 3811 1659 3864 illos
1691 3812 2075 3866 moderatiores

497 3904 702 3959 reddat.
733 3903 792 3957 Si
821 3903 940 3972 quis
962 3911 1138 3957 autem
1165 3910 1410 3956 accurate
1434 3899 1591 3955 dictis
1630 3900 1889 3966 attendat,
1923 3901 2077 3955 laude

495 3993 914 4066 inerepationem
956 3995 1302 4065 temperavit.
1344 3993 1628 4048 Admirans
1674 3995 1870 4065 quippe
1924 3993 2073 4059 illos,

497 4087 637 4156 quod
679 4101 802 4142 sero
842 4085 1056 4140 tandem
1087 4099 1149 4139 ea
1180 4085 1355 4140 facere
1399 4085 1717 4154 potuissent,
1760 4101 1878 4154 quae
1925 4099 2078 4137 num-

497 4192 654 4246 quam
699 4191 856 4246 posse
897 4174 1012 4230 tieri
1041 4174 1380 4239 videbantur,
1423 4175 1536 4229 haec
1580 4175 1734 4228 dixit.
1778 4173 2076 4244 lncrcpatio

497 4266 656 4337 igitur
682 4266 964 4322 allicientis
992 4266 1113 4320 illos
1140 4265 1314 4334 potius
1342 4279 1462 4319 esse
1497 4264 1728 4328 videtur,
1761 4274 1816 4319 et
1839 4264 2078 4320 curantis

498 4366 556 4412 ut
579 4357 914 4427 resipiscam.
941 4357 1071 4412 Cum
1098 4357 1241 4412 enim
1281 4357 1402 4410 illos
1441 4355 1722 4426 objurgare
1763 4354 1995 4422 videtur,
2023 4363 2081 4410 et

501 4465 744 4521 magnam
774 4450 924 4521 prius
963 4451 1173 4505 illorum
1204 4449 1494 4515 nequitiam
1537 4447 1700 4502 fuisse
1740 4447 1993 4509 ostendit,
2025 4456 2081 4502 et

496 4541 846 4596 mutationem
892 4539 1128 4610 ipsorum
1185 4540 1486 4595 mirabilem
1529 4549 1687 4608 atque
1740 4541 2076 4608 stupendam.

497 4632 774 4699 Quomodo
803 4632 996 4687 factum
1018 4641 1117 4698 est,
1145 4633 1332 4702 inquit,
1367 4641 1424 4687 ut
1447 4647 1567 4686 cum
1588 4633 1800 4687 illorum
1831 4634 1920 4686 lilii
1947 4634 2076 4700 sint,

500 4737 554 4781 et
584 4734 689 4780 tam
722 4727 859 4780 male
897 4725 1127 4790 educati,
1162 4725 1524 4794 paenitentiam
1564 4725 1761 4794 agant?
1797 4725 1937 4780 unde
1967 4726 2082 4780 hare

499 4825 640 4870 tanta
673 4816 810 4870 facta
845 4825 928 4870 est
967 4818 1190 4870 mutatio
1210 4819 1234 4868 'l
1277 4817 1396 4886 quis
1425 4817 1764 4881 asperitatem
1793 4817 1957 4870 animi
1986 4832 2081 4871 eo-

499 4923 616 4962 rum
645 4906 723 4962 sic
745 4907 1039 4962 emollivit?
1067 4908 1184 4977 quis
1223 4907 1629 4961 immedicabilia
1663 4908 1880 4962 vulnera
1921 4925 2081 4964 cura-

501 4998 616 5052 vit?
646 4997 714 5051 Et
742 4995 863 5051 vide
889 4996 1155 5066 quomodo
1182 4996 1304 5052 illos
1340 5012 1370 5050 a
1415 4998 1674 5068 principio
1703 4998 1880 5052 statim
1913 4999 2084 5055 incre-

502 5089 669 5159 pavit,
697 5087 962 5159 gehennte
981 5099 1255 5142 sermones
1283 5088 1493 5143 caeteris
1523 5089 1870 5158 przemittens.
1903 5089 2084 5160 Neque

501 5183 646 5240 enim
675 5180 809 5237 dixit
835 5195 919 5244 ea,
951 5193 1069 5249 qua:
1097 5179 1201 5234 diei
1227 5189 1654 5236 consueverant:
1685 5181 1816 5248 Quis
1851 5181 2085 5236 ostendit

504 5275 654 5329 vobis
683 5272 866 5341 iugere
884 5271 1045 5337 bella,
1071 5272 1410 5325 barbarorum
1441 5273 1700 5332 incursus.
1725 5273 2082 5342 captivitates,

505 5367 689 5430 tames,
735 5363 1103 5436 pestilentias?
1151 5364 1244 5418 sed
1287 5366 1425 5418 aliud
1453 5365 1718 5435 quoddam
1765 5367 2082 5436 supplicium

504 5457 766 5520 obtendit,
791 5456 932 5526 quod
961 5469 1246 5524 numquam
1271 5455 1398 5522 ipsis
1425 5455 1761 5510 manifestum
1790 5456 1978 5520 fuerat,
2013 5456 2082 5511 ita

507 5553 691 5608 dicens
718 5570 731 5605 :
762 5550 888 5619 Quis
919 5547 1276 5603 demonstravit
1313 5547 1449 5602 vobis
1477 5552 1646 5618 fugere
1671 5567 1702 5602 a
1736 5560 1942 5604 ventura
1967 5548 2086 5602 ira.’

573 5642 631 5701 ί.
667 5642 796 5699 Jure
838 5651 1013 5698 autem
1045 5641 1162 5696 illos
1213 5640 1480 5722 gcniniina
1518 5642 1814 5711 viperarum
1855 5652 2084 5698 vorarit.

505 5737 780 5808 Siquidem
811 5737 910 5793 hoc
953 5746 1258 5808 serpentum
1290 5749 1459 5804 genus
1495 5736 1876 5804 parturientem
1907 5752 1964 5792 se
1999 5753 2081 5794 m-

1650 313 1713 370 ΙΝ
1752 313 2157 370 ΜΑΤΤΙΙίΕὶΞΜ
2200 315 2426 375 llOMlL.
2470 322 2559 378 XI.

3653 343 3754 399 {9.5

2173 431 2382 499 tertieit,
2411 442 2464 489 et
2494 437 2695 491 viscera
2729 439 2915 494 matris
2941 442 3234 500 corrodens
3264 445 3460 505 dicitur
3501 451 3551 507 in
3582 455 3752 511 lucem

2171 525 2386 592 prodire
2417 544 2430 580 :
2460 527 2513 582 id
2536 529 2675 599 quod
2706 539 2758 586 et
2791 532 2864 585 illi
2891 533 3174 602 faciebant,
3207 550 3413 607 patrum
3443 554 3494 598 et
3523 557 3749 602 matrum

2172 617 2565 686 interfectores,
2599 624 2686 689 qui
2713 624 2959 681 doctores
2986 643 3111 683 suos
3143 633 3370 701 propriis
3396 638 3636 692 manibus
3665 655 3752 692 oe-

2168 709 2432 765 cidebant.
2471 712 2575 767 Sed
2608 714 2658 768 in
2683 718 3020 785 correptione
3062 722 3282 790 gradum
3319 739 3422 779 non
3456 728 3612 792 sistit,
3657 731 3750 783 sed

2170 801 2452 856 consilium
2495 805 2675 874 adjicit
2706 808 2800 863 :8.
2849 808 3046 878 Facite,
3091 813 3281 882 inquit,
3332 817 3513 887 dignos
3556 824 3753 890 fructus

2172 894 2491 960 pmuitcntiar.
2523 895 2634 948 Non
2670 898 2810 951 enim
2843 905 2973 954 satis
2998 911 3077 956 est
3101 901 3282 974 fugere
3305 908 3502 962 malum
3529 926 3542 973 ;
3583 914 3674 965 sed
3700 925 3754 968 et

2187 981 2441 1039 virtutem
2502 1000 2750 1056 magnam
2807 990 3062 1046 exhibere
3104 1006 3334 1063 oportet.
3402 997 3480 1053 Ne
3530 1001 3661 1054 mihi
3724 1018 3756 1058 ο
3805 1030 3820 1068 ς

2183 1084 2373 1130 contra
2418 1077 2496 1132 sic
2552 1094 2646 1134 vos
2683 1083 2881 1152 geratis
2925 1093 2982 1138 ut
3013 1087 3164 1141 vobis
3199 1090 3416 1146 solitum
3447 1101 3585 1157 erat,
3627 1111 3750 1148 cum

2185 1165 2396 1219 modico
2425 1183 2520 1222 vos
2552 1177 2792 1240 tempore
2815 1175 3187 1243 reprimentes,
3211 1179 3277 1232 ad
3305 1183 3547 1236 eamdem
3566 1187 3754 1252 nequi-
3813 1175 3821 1220 ῗ

2183 1257 2309 1311 tiam
2347 1260 2620 1315 redibatis.
2662 1262 2778 1318 Non
2810 1267 2954 1320 enim
2973 1268 3038 1321 ad
3060 1271 3246 1325 eadem
3270 1273 3383 1342 ipsa
3399 1275 3749 1336 venimus,ad

2180 1363 2302 1416 qua:
2321 1350 2528 1418 priores
2547 1355 2836 1422 prophetae.
2871 1355 3086 1411 Diversa
3104 1369 3231 1414 sunt
3248 1365 3531 1431 praesentia
3550 1373 3603 1417 et
3623 1376 3750 1418 sub-

2181 1439 2414 1503 limiora,
2434 1445 2564 1514 quia
2583 1446 2698 1514 ipse
2713 1445 2882 1502 Jndex
2902 1459 2956 1502 et
2971 1451 3082 1518 ipse
3098 1452 3514 1521 reguiDomiuus
3531 1458 3744 1510 advenit

2175 1531 2242 1586 ad
2259 1534 2516 1600 majorem
2539 1536 2812 1591 deducens
2825 1538 3302 1609 philosophiam,in
3316 1543 3504 1597 eaalum
3525 1559 3745 1609 vocans,

2174 1631 2229 1676 et
2243 1626 2306 1675 ad
2326 1625 2412 1676 illa
2434 1627 2995 1683 trahenshabitaenla.
3033 1632 3153 1683 Ideo
3184 1632 3249 1685 de
3272 1633 3514 1699 gehenna
3540 1651 3746 1688 sermo-

2174 1725 2293 1763 nem
2332 1711 2558 1779 aperio:
2590 1727 2712 1766 nam
2753 1722 2808 1768 et
2845 1715 2982 1769 bona
3013 1725 3076 1770 et.
3097 1717 3234 1772 mala
3265 1729 3463 1774 :rterua
3508 1733 3648 1777 sunt.
3680 1725 3758 1781 Ne

2173 1797 2351 1869 itaque
2396 1800 2447 1854 iu
2478 1801 2666 1856 iisdem
2716 1803 2868 1857 malis
2894 1808 3268 1873 perseveretis,
3320 1825 3418 1864 nec
3446 1813 3632 1868 solitos
3672 1816 3758 1869 ob-

2174 1901 2352 1947 tentus
2377 1893 2681 1963 proferatis,
2715 1896 3021 1961 Abrahami,
3055 1896 3240 1964 lsaaei,
3282 1900 3487 1966 Jacobi,
3531 1920 3758 1973 proavo-

2174 2001 2290 2041 rum
2327 1999 2624 2041 vestrorum
2653 1987 3005 2044 nobilitatem.
3036 1989 3159 2043 llaec
3183 1999 3358 2046 autem
3385 1993 3615 2060 dicebat,
3646 2012 3750 2051 non

2174 2092 2282 2146 quo
2323 2078 2603 2148 impediret
2644 2078 2760 2133 illos
2804 2094 2871 2132 ne
2914 2095 2974 2134 se
3018 2079 3260 2135 dicerent
3303 2098 3366 2136 ex
3416 2086 3613 2139 sanctis
3651 2087 3758 2142 illis

2177 2169 2501 2237 progenitos,
2550 2169 2643 2222 sed
2674 2167 2932 2224 cohibens
2961 2169 3082 2223 illos
3111 2185 3178 2225 ne
3218 2170 3340 2226 huic
3376 2174 3560 2240 generi
3601 2177 3760 2230 conti-

2174 2260 2382 2325 derent,
2431 2275 2532 2314 neu
2573 2260 2764 2313 anima:
2809 2259 3054 2314 virtutem
3101 2262 3465 2332 negligerent;
3512 2265 3668 2320 simul
3704 2277 3759 2322 et

2175 2369 2292 2420 qua-
2324 2353 2376 2406 in
2414 2361 2592 2406 mente
2619 2351 2904 2406 versabant
2935 2351 3226 2420 proferens,
3270 2363 3325 2409 et
3354 2355 3525 2410 futura
3558 2359 3756 2427 praedi-

2175 2459 2323 2498 cens.
2358 2444 2486 2498 Nam
2518 2452 2571 2498 et
2597 2452 2782 2513 postea
2815 2443 3078 2513 prodeunt
3106 2444 3345 2502 dicentes
3379 2464 3392 2502 :
3425 2446 3538 2502 Nos
3565 2460 3759 2517 patrem

2176 2534 2417 2589 habemus
2428 2534 2469 2586 Α
2478 2532 2778 2599 braham,et
2789 2535 2925 2590 nulli
2933 2535 3169 2591 serrivim
3179 2551 3239 2589 us
3250 2549 3496 2604 umquam
3507 2537 3684 2609 (toan.
3704 2541 3735 2593 8
3748 2573 3763 2586 .

2176 2627 2290 2694 55).
2322 2625 2582 2692 Quoniam
2627 2626 2783 2694 igitur
2824 2625 2926 2681 hoc
2971 2636 3088 2679 erat
3116 2626 3255 2694 quod
3290 2627 3409 2682 illos
3437 2630 3665 2684 maxime
3709 2632 3766 2683 in

2177 2716 2530 2785 arrogantiam
2556 2717 2740 2770 extulit
2769 2725 2821 2769 et
2863 2716 3125 2784 perdidit;
3162 2717 3261 2772 hoc
3289 2719 3512 2786 primum
3542 2720 3655 2789 ipse
3679 2735 3776 2775 re-

2178 2807 2376 2875 primit.
2407 2805 2539 2860 Vide
2567 2817 2743 2859 autem
2773 2807 3040 2873 quomodo
3079 2816 3198 2874 pest
3235 2817 3502 2862 servatum
3535 2810 3760 2879 patriar-

2176 2899 2292 2951 chae
2313 2896 2550 2952 debitum
2575 2898 2853 2959 honorem,
2883 2897 2982 2952 hos
3015 2908 3196 2967 postea
3223 2901 3511 2956 emendare
3541 2903 3755 2957 nitatur.

2175 2990 2310 3044 Cum
2358 2989 2580 3044 dixisset
2619 2992 2782 3054 enim,
2825 2988 2998 3043 Nolite
3053 2990 3240 3045 dicere.
3281 2991 3487 3044 Patrem
3527 2993 3764 3046 habemus

2178 3080 2454 3147 Abraham,
2484 3095 2588 3133 non
2610 3079 2834 3144 addidit,
2861 3078 3000 3133 Nihil
3027 3081 3168 3134 enim
3193 3097 3288 3136 vos
3312 3084 3508 3150 poterit
3535 3085 3760 3150 patriar-

2177 3172 2276 3226 eha
2299 3172 2520 3241 juvare:
2549 3171 2641 3226 sed
2679 3171 2861 3224 mitius
2889 3180 2944 3226 et
2971 3173 3247 3227 honestius
3288 3173 3391 3228 hoc
3432 3175 3605 3240 ipsum
3634 3177 3765 3228 sub-

2181 3263 2431 3318 indicavit
2469 3263 2690 3317 dicens:
2725 3263 2899 3317 Potest
2929 3264 3062 3316 enim
3093 3263 3224 3317 Deus
3253 3264 3317 3316 de
3359 3264 3612 3332 lapidibus
3655 3268 3765 3319 istis

2182 3357 2426 3411 suscitare
2450 3355 2585 3424 ﬁlios
2615 3355 2847 3410 Abrahte.
2879 3355 3102 3422 Quidam
3131 3355 3315 3408 dicunt
3342 3355 3389 3409 id
3415 3357 3482 3409 de
3518 3357 3767 3425 gentibus

2179 3448 2306 3512 diei,
2349 3462 2480 3517 quas
2511 3446 2712 3516 lapides
2752 3445 3115 3514 metaphoriee
3163 3455 3316 3499 vocat
3355 3461 3497 3515 :ego
3541 3461 3669 3500 vero
3712 3457 3767 3500 et

2178 3540 2335 3595 aliam
2363 3540 2488 3594 dicti
2517 3540 2837 3594 sententiam
2876 3551 2998 3591 esse
3025 3544 3173 3606 puto.
3219 3537 3438 3601 Qualem
3473 3536 3655 3590 illam?
3689 3536 3767 3589 Ne

2181 3633 2396 3704 putetis,
2428 3632 2616 3700 inquit,
2646 3630 2688 3684 si
2719 3645 2814 3683 vos
2835 3631 3086 3699 pereatis,
3119 3629 3474 3698 patriarcham
3504 3629 3620 3683 sine
3647 3629 3766 3682 tiliis

2182 3725 2312 3778 fore.
2340 3723 2455 3778 Non
2495 3724 2584 3785 ita,
2619 3739 2723 3774 non
2753 3723 2821 3775 ita
2847 3719 3024 3790 utique
3052 3736 3137 3774 res
3163 3735 3222 3773 se
3252 3719 3426 3774 habet.
3459 3721 3594 3774 Dens
3622 3721 3762 3773 enim

2183 3825 2355 3887 potest
2387 3833 2448 3869 ex
2481 3815 2744 3885 lapidibus
2787 3815 2924 3867 tilios
2955 3814 3051 3882 ipsi
3085 3813 3234 3873 dare,
3277 3822 3330 3867 et
3359 3813 3424 3866 ad
3455 3813 3570 3881 ejus
3599 3829 3766 3881 genus

2180 3917 2654 3976 cognatmaemque
2682 3905 2800 3958 illos
2838 3903 3126 3969 deducere,
3160 3903 3422 3972 siquidem
3453 3904 3554 3957 hoc
3591 3905 3763 3972 ipsum

2181 4015 2210 4054 a
2240 3998 2500 4068 principio
2545 3995 2738 4050 factum
2786 4003 2888 4049 est.
2934 3992 3066 4047 Nam
3107 4009 3174 4046 ex
3216 3993 3479 4060 lapidibus
3527 3992 3768 4047 homines

2187 4091 2298 4144 ﬁeri
2331 4089 2434 4143 tale
2465 4099 2568 4153 est,
2601 4088 2756 4157 quale
2785 4101 2848 4138 ex
2876 4084 3029 4137 vulva
3069 4084 3238 4137 sterili
3271 4085 3500 4151 puellum
3532 4084 3765 4150 prodire.

2183 4180 2334 4247 Quod
2380 4189 2434 4234 et
2469 4176 2724 4247 propheta
2766 4174 3110 4229 subindieans
3149 4173 3397 4226 dicebat:
3432 4174 3680 4242 Respicite
3717 4175 3768 4227 iu

2183 4271 2401 4326 solidam
2427 4281 2641 4341 petram,
2671 4284 2734 4321 ea:
2758 4283 2859 4337 qua
2879 4265 3034 4320 excisi
3051 4264 3188 4329 estis,
3217 4274 3266 4318 et
3291 4263 3358 4316 ad
3379 4267 3574 4333 foveam
3601 4263 3764 4327 lacus,

2183 4378 2247 4416 ex
2285 4379 2385 4432 qua
2425 4359 2599 4428 effossi
2636 4360 2752 4413 estis
2778 4373 2796 4411 :
2821 4357 3054 4427 respicite
3092 4356 3144 4407 in
3172 4354 3431 4408 Abraham
3461 4366 3653 4424 patrem
3681 4371 3767 4407 ve—

2185 4464 2364 4518 strum,
2391 4462 2437 4506 et
2475 4454 2527 4504 in
2554 4452 2740 4505 Seram
2763 4463 2877 4518 qua:
2899 4463 2984 4501 vos
3013 4447 3276 4515 parturit-it
3301 4443 3450 4515 (Isai.
3486 4445 3576 4500 5i.
3605 4447 3656 4500 1.
3685 4445 3767 4517 2).

2186 4547 2334 4601 llme
2380 4562 2506 4615 ergo
2550 4543 2880 4614 prop'..e'.iam
2925 4542 3030 4594 illis
3073 4550 3287 4594 revocat
3332 4540 3382 4593 in
3429 4539 3766 4607 memoriam,

2185 4638 2522 4707 ostenditque
2546 4638 2682 4691 sicut
2711 4650 2739 4688 a
2769 4632 3028 4704 principio
3051 4633 3200 4686 illum
3231 4632 3308 4685 sic
3331 4630 3644 4685 mirabiliter
3671 4646 3767 4700 pa-

2187 4740 2322 4784 trem
2351 4729 2546 4795 et‘lecil,
2573 4729 2722 4798 quasi
2767 4742 2835 4782 ex
2867 4725 3153 4796 lapidibus,
3185 4725 3262 4778 sic
3286 4734 3339 4778 et
3369 4738 3510 4778 nunc
3548 4740 3766 4795 quoque

2187 4822 2237 4876 id
2266 4837 2419 4892 pesse
2448 4821 2580 4875 tieri.
2613 4820 2717 4875 Sed
2742 4819 2862 4873 vide
2883 4815 3153 4887 quomodo
3179 4824 3232 4870 et
3264 4824 3460 4870 terreat
3480 4825 3534 4870 et
3561 4819 3769 4871 exscin-

2185 4913 2297 4968 dat.
2339 4913 2454 4967 Non
2483 4914 2624 4966 enim
2652 4911 2805 4972 dixit,
2836 4909 2952 4963 Jam
2982 4908 3254 4972 excitavit,
3299 4923 3366 4962 ne
3392 4908 3490 4976 ipsi
3531 4909 3768 4964 animum

2187 5003 2613 5072 desponderent;
2665 5000 2782 5065 sed,
2843 4999 3105 5054 Suscitare
3150 5008 3330 5068 potest.
3378 4997 3561 5068 Neque
3611 4999 3768 5058 dixit,

2190 5095 2445 5148 llomines
2485 5093 2659 5146 facere
2685 5100 2857 5160 potest
2897 5105 2960 5144 ex
2994 5088 3277 5158 lapidibus,
3317 5088 3411 5144 sed
3436 5089 3577 5159 quod
3606 5090 3774 5143 multo

2190 5185 2361 5254 majus
2383 5193 2519 5247 erat,
2543 5193 2596 5237 et
2624 5195 2876 5251 cognatos
2902 5191 2956 5236 et
2983 5179 3119 5235 ﬁlios
3148 5179 3395 5235 Abralue.
3431 5179 3617 5235 Viden’
3640 5195 3774 5250 quo~

2189 5277 2350 5332 modo
2379 5277 2497 5330 illos
2526 5275 2751 5330 abduxit
2789 5289 2820 5328 a
2857 5275 3058 5328 carnali
3099 5275 3189 5328 illa
3229 5273 3604 5342 imaginatione
3645 5282 3700 5324 et
3741 5289 3768 5325 a

2191 5368 2437 5439 przesidio
2478 5381 2819 5437 proavorum,
2865 5376 2924 5419 ut
2955 5367 3006 5418 in
3037 5365 3248 5434 propria
3295 5359 3602 5432 paenitentia
3637 5369 3770 5415 tem-

2189 5460 2534 5530 perantiaque
2575 5473 2722 5528 spem
2767 5457 2960 5511 salutis
2987 5453 3284 5510 haberent?
3307 5450 3482 5507 viden'
3502 5452 3766 5520 quomoth

2187 5551 2554 5622 cognationem
2585 5549 2760 5605 carnis
2787 5546 3096 5613 excludeus,
3127 5543 3251 5599 tidei
3278 5542 3648 5612 cognationem
3689 5545 3766 5600 in-

2188 5642 2370 5700 ducit?

2266 5737 2319 5793 3.
2359 5734 2619 5801 Quantum
2650 5733 2908 5787 vehemens
2928 5729 2991 5782 sit
3022 5725 3296 5797 increpatio
3323 5742 3417 5796 ’μία
3439 5723 3648 5783 Iudaee
3666 5741 3760 5781 cx-
