4076 6150
292 287 400 346 195

286 405 408 457 citat
435 397 661 454 Joannes
697 392 948 465 Baptista.
981 391 1150 447 Timor
1171 391 1239 445 ad
1267 388 1601 461 pmnitentiam
1628 385 1873 441 ducit.—

286 492 566 563 Perpende
595 490 773 559 itaque
811 487 1080 558 quomodo
1121 485 1172 538 in
1200 481 1543 553 sequentibus
1572 480 1760 533 horum
1801 479 1870 533 ti-

286 597 491 639 morem
511 590 722 652 augeat,
752 589 808 635 et
833 576 1243 633 sollicitudinem
1270 575 1522 628 nuendat.
1546 571 1679 626 Cum
1706 570 1870 625 dixis—

283 683 368 729 set
408 673 572 737 enim,
603 670 775 725 Potest
805 667 944 724 Deus
971 683 1033 722 ea:
1057 666 1308 736 lapidibus
1334 665 1442 717 istis
1466 665 1709 718 suscitare
1734 662 1870 731 ﬁlios

282 767 520 831 Abiu/ue,
547 765 824 834 subiunxit
854 780 868 816 :
907 761 990 817 lO.
1011 759 1131 812 lam
1170 758 1358 812 securis
1387 758 1456 809 ad
1473 757 1696 810 radicem
1721 757 1869 807 arbo-

280 875 391 912 rum
421 858 584 929 posita
611 865 681 911 est
707 872 726 909 :
751 869 844 924 per
865 853 1040 906 omnia
1082 849 1374 905 terribilem
1414 862 1714 902 sermonem
1743 845 1867 900 red-

281 951 440 1006 dens.
470 949 602 1004 Nam
647 965 711 1004 ex
743 947 863 1000 vita:
904 959 1101 1016 genere
1143 958 1386 1011 magnam
1415 940 1624 996 dicendi
1655 940 1874 994 liberta-

283 1051 388 1096 tem
418 1049 606 1094 nactus
643 1049 792 1103 erat;
826 1037 901 1090 illi
931 1052 1058 1090 vero
1087 1033 1393 1088 vehementi
1421 1032 1652 1102 egebant
1695 1031 1870 1085 incre-

282 1132 531 1200 patione,
577 1131 699 1200 quia
751 1144 779 1182 a
829 1127 997 1181 multo
1029 1127 1137 1195 jam
1193 1134 1432 1194 tempore
1484 1121 1866 1178 obduruerant.

279 1221 414 1288 Quid
445 1223 588 1274 enim
619 1218 758 1282 dico,
783 1217 971 1288 inquit,
995 1215 1106 1271 fore
1134 1225 1189 1269 ut
1209 1215 1466 1269 excidatis
1493 1228 1523 1266 a
1552 1213 1867 1282 patriarchae

279 1311 617 1380 cognatione,
659 1317 712 1363 et
738 1308 870 1361 alios
901 1308 1125 1362 videatis
1166 1321 1229 1360 ex
1261 1305 1520 1375 lapidibus
1548 1306 1602 1359 in
1632 1316 1865 1360 veSIram

279 1399 567 1455 succedere
612 1398 957 1469 dignitatem?
996 1397 1126 1452 Nam
1171 1413 1274 1450 non
1317 1396 1418 1450 hoc
1465 1404 1668 1450 tantum
1717 1395 1865 1448 vobis

279 1493 382 1547 erit
413 1507 603 1561 paenae,
645 1492 741 1546 sed
781 1501 834 1544 et
872 1490 1092 1543 ulterius
1123 1488 1294 1542 adhuc
1323 1487 1575 1557 procedet
1611 1486 1861 1541 vindicta.

278 1585 400 1638 Jam
435 1587 600 1648 enim,
641 1584 829 1653 inquit,
859 1583 1046 1636 securis
1084 1582 1150 1634 ad
1176 1580 1398 1634 radicem
1434 1581 1671 1633 arborum
1702 1579 1866 1648 posita

281 1686 374 1730 est.
406 1676 546 1730 Nihil
578 1676 867 1731 terribilius
891 1674 987 1728 bac
1019 1673 1263 1742 loquendi
1303 1673 1487 1742 ﬁgura.
1519 1671 1633 1727 iam
1666 1671 1862 1741 quippe

283 1783 390 1822 non
423 1768 559 1822 ultra
593 1766 784 1820 falcem
823 1766 1110 1827 volantem,
1155 1780 1258 1818 non
1304 1778 1484 1833 sepem
1515 1763 1860 1829 destructam,

288 1877 394 1916 non
421 1860 784 1916 conculcatam
832 1859 1063 1919 vineam,
1107 1872 1328 1912 cernere
1355 1867 1468 1918 est;
1499 1854 1594 1910 sed
1634 1854 1863 1908 securim

279 1954 563 2018 admodum
588 1960 886 2012 exacutam,
915 1951 1162 2020 quodque.
1183 1949 1414 2018 gravius,
1443 1949 1554 2016 jam
1579 1947 1644 2000 ad
1668 1947 1861 2015 januas

282 2045 528 2114 positam.
577 2042 709 2108 Quia
745 2043 887 2096 enim
930 2041 1207 2109 prophetis
1255 2054 1360 2092 non
1387 2039 1688 2102 credentes,
1721 2051 1864 2105 srepe

277 2135 526 2190 dicebant
559 2152 571 2186 :
605 2133 703 2187 Ubi
732 2142 804 2186 est
845 2132 952 2184 dies
978 2130 1227 2184 Domini?
1269 2141 1342 2195 el,
1383 2129 1554 2182 Veniat
1595 2128 1860 2182 consilium

277 2227 438 2280 sancti
474 2224 654 2289 Israel,
699 2235 754 2278 ut
795 2225 1014 2278 sciamus
1056 2222 1206 2294 (lsai.
1240 2224 1290 2276 5.
1323 2221 1412 2292 19)
1440 2240 1451 2274 :
1481 2237 1547 2276 eo
1589 2221 1729 2291 quod
1775 2235 1860 2287 ea,

278 2334 398 2387 qua:
421 2317 868 2388 praedicebantur,
903 2325 1023 2384 post
1064 2314 1259 2366 multos
1285 2327 1456 2366 annos
1483 2327 1626 2381 sarpe
1650 2312 1861 2366 accide-

278 2418 533 2463 rentzut
577 2407 678 2461 hac
734 2407 854 2459 illos
906 2405 1273 2460 consolatione
1329 2404 1578 2472 privaret,
1635 2403 1861 2456 vicinam

280 2501 409 2570 ipsis
444 2499 795 2555 calamitatem
849 2496 1143 2550 constituit.
1199 2494 1329 2549 lllnd
1371 2509 1529 2563 porro
1575 2493 1861 2548 declaravit

281 2592 396 2646 hmc
419 2607 543 2656 vox,
573 2589 693 2643 Jam
717 2605 735 2652 ;
762 2588 959 2644 indicat
986 2589 1130 2647 item.
1161 2587 1300 2655 quod
1329 2587 1436 2654 jam
1468 2585 1670 2640 securis
1697 2584 1860 2638 radici

279 2681 493 2736 admota
535 2681 620 2735 sit.
653 2680 787 2733 Nihil
815 2680 956 2734 enim
1008 2677 1374 2732 intermedium
1403 2686 1504 2741 est,
1537 2677 1724 2743 inquit,
1769 2675 1861 2730 sed

276 2772 386 2842 jam
417 2772 582 2827 radici
611 2773 790 2826 instat.
823 2771 937 2825 Non
964 2769 1114 2835 dixit,
1158 2770 1358 2833 ﬂantis,
1394 2784 1518 2833 non,
1550 2767 1858 2832 Fructibus,

279 2864 398 2931 sed,
429 2864 647 2928 Radici;
679 2862 968 2917 ostendens
996 2861 1156 2930 ipsos,
1201 2861 1244 2915 si
1275 2860 1508 2929 segniter
1547 2868 1724 2929 agant,
1758 2858 1859 2913 im-

280 2955 616 3010 medicabilia
643 2955 780 3007 mala
824 2967 1077 3022 passuros
1106 2967 1246 3016 esse,
1297 2952 1414 3006 sine
1444 2951 1547 3005 ulla
1586 2966 1681 3020 Spe
1709 2965 1864 3005 cura-

282 3048 466 3104 tionis.
493 3047 674 3116 Neque
699 3047 839 3100 enim
868 3060 1055 3099 servus
1079 3056 1161 3098 est
1187 3045 1229 3096 is
1252 3045 1337 3110 qui
1362 3043 1596 3108 advenit,
1629 3052 1685 3097 ut
1716 3043 1748 3096 ii
1772 3045 1860 3112 qni

279 3147 472 3204 antea;
518 3138 614 3194 sed
659 3139 772 3207 ipse
819 3137 1190 3191 universorum
1235 3136 1511 3200 Dominus,
1562 3134 1650 3204 qni
1697 3132 1862 3189 vehe-

280 3242 514 3288 mentem
554 3241 608 3286 et
633 3230 1002 3304 gravissimam
1047 3228 1236 3298 inﬂigit
1261 3227 1565 3282 vindictam.
1612 3229 1859 3280 Attamen

281 3333 557 3391 postquam
599 3322 720 3376 illos
749 3320 1028 3386 exterruit,
1058 3334 1163 3374 non
1191 3319 1318 3373 sinit
1353 3319 1404 3372 in
1429 3317 1858 3386 desperationem

279 3415 550 3479 incidere;
607 3414 700 3470 sed
728 3413 1177 3485 quemadmodum
1209 3427 1368 3482 supra
1415 3427 1519 3466 non
1549 3413 1704 3476 dixit,
1755 3412 1860 3465 Sn-

278 3507 510 3570 soitavit,
538 3506 654 3572 sed,
687 3504 861 3559 Potest
887 3506 1133 3559 suscitare
1171 3505 1305 3571 ﬁlios
1329 3504 1564 3567 Abralne,
1601 3512 1859 3558 terrorem

278 3595 438 3654 simul
477 3605 530 3652 et
558 3600 988 3654 consolationem
1019 3595 1311 3651 immittens
1342 3611 1354 3644 :
1384 3594 1462 3648 sic
1504 3603 1560 3647 et
1607 3595 1708 3647 hoc
1745 3593 1861 3647 loco

278 3699 384 3742 non
419 3689 577 3752 dixit,
613 3689 864 3742 Radicem
915 3688 1109 3756 attigit,
1152 3687 1267 3752 sed,
1315 3686 1394 3740 Ad
1435 3684 1654 3740 radicem
1699 3685 1861 3758 posita

277 3789 371 3845 est,
401 3794 494 3833 seu
523 3778 689 3832 radici
718 3779 926 3833 admota
954 3789 1069 3843 est;
1101 3790 1155 3834 et
1179 3779 1374 3833 nullam
1403 3778 1517 3834 fore
1551 3780 1858 3834 dilationem

277 3870 532 3926 ostendit.
581 3870 848 3925 Caeterum
899 3871 998 3926 etsi
1041 3871 1185 3925 illam
1224 3871 1294 3924 ita
1336 3885 1500 3940 prope
1541 3870 1857 3937 admoverit,

277 3963 569 4018 sectionem
599 3963 652 4017 in
684 3972 862 4017 vestro
890 3962 1036 4032 ponit
1076 3963 1317 4018 arbitrio.
1349 3963 1477 4018 Nam
1512 3965 1554 4017 si
1581 3974 1860 4018 converta-

276 4054 428 4120 mini,
463 4061 519 4109 et
561 4055 614 4108 in
643 4054 830 4109 melius
874 4054 1172 4120 mutemini,
1207 4054 1337 4108 nihil
1385 4064 1602 4125 operata
1653 4054 1859 4109 securis

231 4207 234 4212 _
274 4147 667 4212 removebitur;
711 4147 756 4202 si
803 4156 978 4201 autem
1019 4149 1068 4201 in
1115 4147 1300 4202 iisdem
1347 4147 1538 4203 studiis
1566 4147 1850 4212 maneatis,

274 4239 531 4295 radicitus
559 4239 804 4295 arborem
841 4240 1053 4294 avellet.
1089 4239 1213 4294 ldeo
1241 4240 1445 4295 securis
1489 4255 1588 4294 nec
1615 4255 1643 4293 a
1675 4239 1854 4295 radice

272 4341 572 4396 amovetur,
632 4345 809 4401 neque
833 4341 980 4386 secat
1024 4331 1260 4395 admota,
1317 4340 1427 4386 tum
1465 4347 1532 4385 ne
1575 4331 1854 4395 deeidatis,

274 4431 385 4476 tum
431 4429 490 4476 ut
527 4421 767 4488 discetis,
805 4435 964 4490 posse
1009 4435 1104 4474 vos
1148 4421 1294 4475 brevi
1341 4430 1580 4490 tempore
1623 4430 1857 4476 mutatos

273 4513 502 4568 salutem
549 4512 826 4581 consequi.
865 4510 991 4565 Ideo
1028 4510 1260 4580 undique
1299 4511 1545 4566 timorem
1586 4521 1765 4582 auget,
1800 4521 1858 4566 ut

263 4604 469 4660 excitet
509 4605 655 4673 ipsos
679 4601 1024 4672 impellatque
1051 4601 1116 4656 ad
1143 4602 1528 4672 paenitentiam.
1551 4603 1685 4657 Nam
1711 4613 1763 4657 et
1787 4603 1857 4658 ab

270 4710 492 4750 avorum
523 4695 776 4766 dignitate
816 4694 1086 4759 excidere,
1119 4702 1174 4748 et
1211 4693 1344 4747 alios
1371 4694 1422 4748 in
1454 4694 1533 4748 sui
1567 4694 1740 4747 locum
1769 4695 1854 4749 in-

272 4790 463 4844 ductos
490 4801 730 4850 cernere,
763 4797 818 4842 et
839 4787 974 4842 mala
1004 4787 1251 4857 injanuis
1280 4800 1421 4849 esse,
1453 4796 1509 4841 et
1546 4786 1856 4842 intolerabi-

274 4880 342 4932 lia
388 4876 522 4931 mala
574 4877 788 4939 instare,
839 4893 958 4946 qua:
999 4889 1221 4948 utraque
1265 4891 1359 4946 per
1398 4877 1631 4932 radicem
1678 4886 1730 4931 et
1759 4891 1854 4947 per

273 4967 500 5023 securim
526 4965 799 5029 indicavit;
828 4968 960 5035 lucc,
994 4969 1229 5038 inquam,
1260 4978 1525 5040 poterant,
1556 4969 1638 5024 vel
1667 4969 1854 5024 admoo

272 5063 400 5116 dum
431 5061 482 5114 in
527 5059 822 5113 socordiam
869 5060 1046 5129 lapsos
1071 5063 1327 5122 excitare.
1359 5071 1414 5116 et
1438 5063 1698 5117 sollicitos
1726 5062 1850 5118 red-

269 5155 417 5209 dere.
461 5153 572 5207 lloc
596 5152 771 5221 itaque
797 5152 1074 5207 declarans
1098 5153 1309 5218 Paulus,
1338 5154 1549 5210 dicebat
1577 5174 1592 5208 :
1634 5155 1850 5210 Verbum

271 5248 614 5301 abbreviatum
656 5246 805 5315 faciet
850 5244 1099 5298 Dominus
1145 5264 1294 5316 super
1350 5248 1633 5301 universum
1681 5249 1846 5302 orbem

276 5333 449 5400 (Rom.
478 5338 531 5394 9.
559 5336 670 5408 28).
721 5336 826 5392 Sed
870 5351 938 5391 ne
972 5337 1191 5400 timeas;
1235 5338 1343 5392 imo
1371 5340 1547 5407 potius
1591 5340 1716 5394 time
1741 5340 1851 5410 qni-

269 5429 414 5495 dem,
441 5429 535 5485 sed
576 5444 641 5484 ne
667 5428 941 5499 chperes.
975 5427 1106 5482 Nam
1149 5428 1324 5484 adhuc
1362 5443 1510 5499 spem
1543 5431 1851 5485 mutationis

272 5523 468 5580 habes:
503 5540 673 5593 neque
701 5523 843 5577 enim
886 5523 1150 5578 sententia
1194 5522 1244 5576 in
1272 5538 1406 5591 opus
1447 5523 1645 5592 prodit,
1677 5538 1849 5594 neque

271 5614 475 5667 securis
500 5613 564 5666 ad
588 5613 873 5667 secandum
906 5613 1069 5667 venit.
1100 5612 1234 5679 Quid
1256 5613 1399 5667 enim
1427 5628 1495 5668 ne
1523 5624 1730 5670 secaret
1759 5615 1850 5668 im-

282 5699 530 5766 pediebat
563 5703 703 5758 illam
751 5706 912 5760 radici
957 5706 1267 5760 admotam?
1307 5704 1411 5774 Sed
1454 5714 1510 5762 ut
1560 5717 1612 5763 te
1653 5707 1842 5762 timore

1012 275 1068 334 S.
1112 275 1388 332 JOANNIS
1434 269 1903 332 CllRYSUSTOMl
1949 270 2263 328 ARClllEP.
2305 272 2841 334 CONSTANTINOP.

3457 283 3560 340 196

1984 387 2260 442 meliorem
2300 390 2565 456 redderet,
2596 407 2650 448 et
2669 393 2734 448 ad
2765 391 3040 448 ferendum
3071 391 3299 448 fructum
3331 402 3559 462 aptaret,

1982 478 2194 534 admota
2225 480 2338 534 fuit.
2379 481 2502 536 ldeo
2533 483 2707 537 intulit
2738 502 2750 536 :
2785 482 2962 538 Omms
2993 487 3143 537 arbor
3168 500 3281 554 qua:
3307 502 3406 538 non
3441 485 3562 551 facit

1981 576 2200 642 fructum
2233 575 2415 627 bonum
2459 576 2737 639 excidetur,
2784 587 2830 630 et
2866 577 2919 630 in
2957 577 3122 646 ignem
3154 578 3398 631 mittetur.
3427 577 3560 631 Cum

1981 678 2142 732 porro
2166 664 2312 728 dicit,
2339 664 2536 730 Omnis,
2561 675 2773 720 amovet
2798 681 3010 722 omnem
3040 668 3333 722 nobilitatis
3357 683 3559 737 pra-ro-

1979 756 2227 824 gativam.
2262 757 2479 810 Etiamsi
2507 757 2649 811 enim
2679 757 2846 826 ipsius
2877 757 3105 811 Abt-aha:
3135 773 3303 827 nepos
3347 759 3443 822 sis,
3477 758 3558 812 in-

1980 848 2114 917 quit,
2146 849 2354 902 etiamsi
2386 849 2524 903 inter
2549 863 2678 902 avos
2709 849 2906 902 multos
2927 864 3240 903 emnnerare
3275 851 3442 917 possis
3468 865 3559 917 pa-

1980 941 2257 1007 triarchas,
2291 941 2488 1011 duplex
2511 942 2826 1012 supplicium
2858 943 2992 1006 lues,
3021 942 3063 994 si
3093 942 3206 995 sine
3237 940 3411 996 fructu
3442 958 3561 994 ma.-

1979 1048 2128 1088 neas.
2164 1033 2256 1088 His
2283 1034 2456 1088 verbis
2482 1034 2790 1103 publicanos
2819 1033 3029 1096 terruit,
3063 1033 3288 1087 militum
3320 1033 3556 1086 animum

1977 1128 2283 1191 commovit,
2327 1141 2431 1182 non
2469 1126 2520 1181 in
2547 1127 2976 1198 desperationem
3006 1127 3320 1195 conjiciens,
3353 1125 3446 1180 sed
3488 1127 3557 1179 ab

1979 1221 2124 1273 omni
2165 1221 2389 1290 segnitie
2415 1220 2722 1277 detrudens.
2771 1221 2903 1276 Nam
2946 1222 2997 1276 id
3029 1221 3168 1291 quod
3199 1221 3398 1274 dictum
3442 1227 3560 1275 erat

1977 1326 2096 1365 cum
2128 1312 2318 1366 timore
2357 1327 2602 1382 magnam
2627 1313 2936 1382 adjunctam
2966 1313 3196 1367 habebat
3233 1312 3559 1366 consiilatio-

1977 1417 2119 1456 nem.
2150 1401 2284 1456 Cum
2313 1403 2448 1456 dixit
2473 1404 2638 1466 enim,
2675 1405 2802 1470 Qua:
2826 1421 2925 1457 non
2947 1404 3068 1474 facit
3097 1406 3318 1475 fructum
3345 1404 3554 1468 bonum,

1977 1493 2211 1547 ostendit
2256 1493 2421 1556 illam,
2463 1509 2582 1563 qua:
2634 1493 2860 1548 fructum
2903 1494 3099 1548 bonum
3153 1495 3371 1562 profert,
3422 1493 3554 1548 nulli

1976 1585 2236 1654 supplicio
2261 1600 2380 1639 esse
2403 1585 2706 1638 obnoxiam.

2046 1676 2100 1728 4.
2127 1675 2486 1742 thuomodo,
2504 1676 2728 1744 inquies,
2749 1675 2972 1730 fructum
2991 1674 3128 1728 ferre.
3147 1674 3457 1743 peterimns,
3477 1675 3552 1728 in-

1976 1773 2148 1819 stante
2160 1765 2414 1826 sectione,
2430 1775 2477 1818 et
2497 1766 2546 1818 in
2565 1776 2665 1818 tam
2679 1776 2901 1835 angusto
2915 1773 3313 1832 tempore,enm
3327 1773 3554 1819 statutus

1977 1859 2234 1911 terminus
2259 1859 2326 1911 sit
2352 1859 2419 1910 ita
2451 1857 2760 1926 proximus?
2785 1857 3012 1923 Poteris,
3039 1858 3238 1926 inquit;
3272 1873 3377 1911 non
3409 1857 3550 1912 enim

1977 1950 2096 2003 talis
2117 1957 2199 2003 est
2220 1949 2326 2014 ille,
2344 1948 2512 2017 qualis
2528 1948 2775 2002 arborum
2794 1946 3105 2018 fructus,qni
3127 1949 3348 2002 multum
3375 1958 3556 2017 postu-

1975 2039 2049 2092 lat
2063 2049 2290 2107 tempus,
2306 2048 2360 2093 ct
2375 2049 2455 2093 est
2470 2040 2593 2093 anni
2613 2039 3010 2107 tempestatibus
3027 2039 3288 2100 subditus,
3309 2055 3370 2093 ac
3387 2038 3551 2093 multa

1974 2137 2094 2197 eget
2108 2129 2443 2198 operatione;
2463 2129 2553 2182 sed
2570 2129 2761 2182 sufficit
2776 2129 2932 2192 velle,
2949 2139 3000 2181 et
3013 2129 3187 2183 statim
3202 2128 3354 2184 ﬂoret
3370 2129 3548 2184 arbor.

1973 2218 2155 2289 Neque
2175 2220 2315 2273 enim
2335 2220 2526 2274 radicis
2549 2229 2732 2274 natura
2757 2229 2978 2284 tantum,
3007 2221 3098 2275 sed
3121 2222 3278 2275 etiam
3302 2236 3388 2274 ars
3407 2221 3546 2290 agri-

1973 2311 2104 2365 colze
2125 2310 2189 2364 ad
2209 2310 2434 2364 fructum
2457 2311 2729 2366 ferendum
2750 2313 2976 2367 maxime
2983 2309 3151 2382 juvat.
3174 2312 3370 2368 Idcirco
3393 2329 3456 2367 ne
3473 2313 3552 2366 di-

1973 2410 2157 2457 cerent
2176 2421 2188 2456 :
2205 2403 2313 2456 Nos
2335 2405 2534 2470 turbas,
2550 2419 2726 2473 urges,
2746 2405 2908 2472 cogis,
2931 2405 3142 2458 admota
3165 2405 3336 2459 securi
3359 2405 3552 2458 sectio-

1973 2511 2094 2550 nem
2122 2497 2515 2562 eomminando,
2537 2499 2662 2551 etin
2688 2497 2803 2565 ipso
2823 2497 3065 2566 supplicii
3092 2508 3329 2566 tempore
3351 2497 3553 2552 fructus

1974 2595 2288 2654 proventum
2314 2587 2480 2656 exigis
2502 2603 2514 2650 ;
2540 2586 2832 2656 subjnnxit,
2857 2587 3143 2642 ostendens
3164 2587 3415 2642 all'erendi
3440 2588 3550 2642 fru-

1972 2684 2090 2731 ctus
2110 2677 2415 2731 facilitatem
2436 2694 2448 2730 :
2468 2679 2487 2730 l
2507 2678 2524 2731 l
2541 2717 2552 2728 .
2577 2677 2684 2748 Ego
2707 2695 2789 2732 vos
2810 2678 3008 2747 baptizo
3030 2679 3081 2731 in
3105 2695 3235 2746 aqua
3250 2695 3267 2732 :
3285 2679 3369 2750 qui
3384 2690 3550 2732 autent

1975 2777 2083 2838 post
2104 2785 2181 2821 me
2200 2769 2348 2829 venit,
2378 2770 2557 2839 fortior
2575 2785 2650 2822 me
2668 2779 2758 2834 est,
2784 2770 2927 2839 cujus
2945 2785 3044 2822 non
3061 2786 3171 2822 sum
3188 2769 3371 2840 dignus
3391 2771 3552 2824 corri-

1971 2860 2107 2930 giam
2134 2861 2456 2913 calceamenti
2479 2861 2686 2914 solvere.
2719 2859 2839 2929 Ipse
2864 2877 2948 2914 vos
2977 2860 3246 2929 baptizabit
3273 2861 3323 2912 in
3355 2858 3554 2929 Spiritu

1972 2960 2144 3003 sancto
2173 2960 2219 3002 et
2243 2952 2296 3004 in
2321 2952 2466 3022 igne:
2489 2951 2570 3006 his
2599 2951 2876 3006 declarans
2905 2952 3177 3006 voluntate
3203 2952 3356 3006 simul
3379 2962 3430 3006 et
3451 2952 3551 3006 fide

1972 3055 2106 3111 Opus
2126 3058 2266 3109 esse,
2289 3059 2391 3097 non
2411 3045 2678 3099 laboribus
2698 3044 3116 3115 sudoribusque;
3140 3055 3301 3114 atque
3329 3055 3383 3098 ut
3399 3042 3552 3099 facile

1973 3144 2055 3187 est
2073 3135 2346 3203 baptizari,
2367 3135 2434 3189 ita
2455 3135 2609 3190 facile
2633 3151 2750 3190 esse
2771 3136 3006 3189 converti
3031 3144 3084 3190 et
3104 3137 3354 3190 meliores
3371 3135 3548 3190 evade-

1971 3242 2048 3281 re.
2069 3226 2352 3296 Postquam
2371 3227 2531 3296 igitur
2546 3227 2754 3280 illorum
2774 3228 2978 3280 animos
2989 3235 3350 3281 commoverat
3364 3227 3553 3281 timore

1965 3316 2146 3385 judieii
2161 3319 2622 3388 etexspectatione
2635 3317 2898 3387 supplicii,
2919 3319 3120 3373 securis
3138 3321 3371 3384 nomine,
3393 3319 3552 3386 majo-

1971 3426 2087 3464 rum
2127 3411 2436 3476 amissione,
2473 3410 2700 3464 aliorum
2741 3411 3042 3465 inductione
3072 3411 3324 3477 ﬁliorum,
3354 3411 3548 3481 duplici

1969 3501 2250 3570 supplicio,
2275 3501 2530 3556 sectionis
2559 3512 2612 3556 et
2640 3503 2890 3569 incendii,
2920 3510 2974 3556 et
2998 3513 3177 3570 postea
3212 3501 3400 3555 horum
3429 3518 3545 3554 om-

1969 3593 2113 3645 nium
2127 3593 2372 3647 duritiem
2385 3593 2831 3662 asperitatemque
2847 3593 3196 3662 mitigavcrat,
3213 3607 3272 3645 ac
3288 3593 3546 3644 malorum

1969 3682 2295 3754 depulsionis
2306 3682 2624 3739 desiderium
2642 3683 2920 3740 induxerat
2935 3700 2948 3736 :
2965 3691 3086 3741 tunc
3099 3681 3310 3738 demum
3325 3681 3549 3736 deCliri-

1969 3790 2053 3833 sto
2073 3778 2231 3833 verba
2257 3780 2397 3841 facit,
2433 3795 2536 3833 non
2564 3778 2897 3847 simpliciter,
2927 3778 3019 3832 sed
3042 3777 3407 3832 excellentiam
3431 3777 3546 3846 ejus

1968 3872 2258 3936 extollens;
2277 3871 2468 3926 deinde
2486 3881 2738 3940 quantum
2759 3871 3022 3926 intervalli
3038 3881 3181 3926 esset
3198 3873 3335 3926 inter
3351 3887 3408 3926 se
3423 3883 3476 3926 et
3494 3873 3548 3926 il-

1970 3964 2077 4019 lum
2108 3963 2405 4028 declarans,
2433 3979 2499 4018 ne
2529 3963 2802 4018 videretur
2825 3964 2872 4018 id
2906 3964 2972 4017 ad
3000 3966 3225 4034 gratiam
3255 3965 3454 4028 dicere,
3478 3981 3541 4019 ex

1966 4056 2365 4124 comparatione
2387 4053 2648 4108 donorum
2673 4071 2790 4122 qua:
2823 4053 2891 4107 ab
2918 4063 3140 4124 utroque
3167 4065 3462 4119 manarent,
3493 4056 3542 4109 id

1967 4146 2188 4216 peragit.
2203 4145 2316 4200 Non
2330 4146 2471 4200 enim
2488 4147 2664 4199 statim
2679 4146 2828 4210 dixit,
2841 4145 2996 4215 Cujus
3009 4163 3108 4199 non
3119 4163 3228 4199 sum
3241 4147 3423 4217 dignus
3434 4164 3547 4199 cor-

1963 4241 2144 4311 rigiam
2171 4238 2492 4292 calceamenti
2516 4240 2724 4306 solvere,
2751 4239 2842 4294 sed
2882 4249 3158 4308 postquam
3188 4240 3432 4308 baptismi
3461 4240 3544 4294 sui

1965 4331 2352 4401 simplicitatem
2386 4331 2582 4400 posuit,
2612 4339 2666 4384 et
2695 4330 2928 4384 ostendit
2965 4330 3111 4384 illum
3141 4330 3270 4384 nihil
3300 4331 3418 4399 plus
3445 4329 3542 4382 ba-

1963 4423 2110 4487 bere,
2131 4437 2286 4492 quam
2307 4422 2449 4491 quod
2473 4421 2538 4476 ad
2564 4420 2922 4491 pmnitentiam
2955 4422 3096 4490 ipsos
3116 4421 3401 4476 deduceret
3423 4421 3542 4491 (ne-

1961 4529 2066 4584 que
2093 4515 2235 4569 enim
2261 4514 2415 4576 dixit,
2469 4511 2524 4566 In
2563 4527 2696 4582 aqua
2725 4512 3076 4575 remissionis,
3121 4510 3237 4576 sed,
3270 4511 3544 4566 Pteniten-

1962 4604 2093 4676 tite).
2122 4604 2317 4660 Christi
2361 4604 2680 4672 baptismum
2724 4603 2872 4672 ponit
2910 4602 3164 4657 inell‘abili
3205 4601 3349 4657 dono
3375 4602 3544 4658 refero

1961 4704 2094 4750 tum.
2135 4695 2231 4761 Ne,
2263 4696 2451 4765 inquit,
2480 4710 2603 4749 cum
2641 4694 2813 4758 audis,
2859 4695 3029 4763 ipsum
3056 4702 3177 4764 post
3217 4708 3305 4749 me
3330 4694 3537 4758 venire,

1960 4788 2106 4842 illum
2134 4787 2421 4857 despicias,
2463 4786 2602 4856 quod
2636 4798 2942 4855 postremus
2969 4785 3176 4839 venerit
3203 4802 3217 4837 :
3247 4785 3394 4840 disce
3430 4787 3537 4840 vim

1959 4881 2084 4936 doni
2121 4881 2310 4951 ipsius,
2351 4889 2404 4935 et
2438 4880 2582 4934 clare
2609 4879 2747 4934 scies
2791 4894 2875 4933 me
2905 4893 3002 4932 nec
3031 4877 3240 4948 dignius
3268 4878 3539 4948 quidpiam

1958 4976 2039 5030 vel
2070 4990 2317 5044 magnum
2349 4973 2658 5043 protulisse,
2691 4987 2810 5024 cum
2841 4971 2972 5034 dixi,
3004 4969 3164 5041 Cujus
3192 4987 3290 5023 non
3317 4987 3430 5023 sum
3448 4969 3535 5024 di-

1956 5085 2086 5139 guus
2111 5066 2376 5138 corrigiam
2406 5063 2728 5120 calceamenti
2752 5064 2962 5118 solvere.
2996 5063 3176 5132 Itaque
3203 5076 3324 5117 cum
3351 5063 3537 5117 audie-

1956 5163 2030 5215 ris
2051 5162 2221 5231 ipsum
2241 5159 2512 5212 fortiorem
2541 5170 2627 5210 me
2647 5169 2788 5221 esse,
2813 5171 2879 5209 ne
2905 5164 3058 5224 putes
3085 5155 3134 5209 id
3161 5170 3247 5209 me
3271 5170 3371 5224 per
3390 5170 3541 5209 eom-

1955 5253 2285 5322 parationem
2307 5249 2522 5303 dixisse.
2547 5247 2726 5316 Neque
2749 5249 2889 5302 enim
2912 5248 3104 5317 dignus
3127 5263 3245 5302 sum
3269 5249 3407 5302 inter
3428 5261 3538 5299 ser-

1956 5357 2052 5396 vos
2066 5341 2182 5410 ejus
2203 5338 2521 5408 computari,
2549 5337 2657 5393 imo
2679 5352 2747 5392 ne
2767 5338 2906 5392 inter
2926 5337 3142 5392 ultimos
3162 5350 3347 5392 servos
3368 5349 3541 5405 neque

1957 5431 2237 5486 ministerii
2280 5431 2366 5484 vel
2393 5429 2701 5484 vilissimam
2731 5437 2934 5498 partem
2977 5429 3147 5483 obire.
3180 5428 3540 5496 Quamobrem

1954 5539 2064 5579 non
2096 5523 2406 5590 simpliciter
2427 5521 2579 5588 dixit,
2610 5519 3002 5587 Calceamenta,
3031 5520 3146 5587 sed,
3164 5519 3346 5590 Neque
3370 5517 3542 5575 corri-

1955 5617 2116 5688 giam,
2147 5615 2287 5686 quod
2313 5624 2610 5676 extremum
2638 5617 2877 5671 omnium
2904 5615 3113 5670 videtur
3139 5630 3281 5670 esse.
3314 5613 3538 5678 Deinde.

1958 5722 2025 5764 ne
2053 5715 2208 5780 putes
2231 5707 2344 5763 haec
2378 5723 2473 5780 per
2508 5707 2858 5765 humilitatem
2895 5705 3057 5763 fuisse
3080 5706 3243 5777 dicta,
3279 5722 3345 5763 ex
3375 5703 3536 5762 rebus
