4076 6150
362 299 467 358 195

355 418 448 470 τὸν
482 411 668 483 φόϐον,
701 412 796 465 καὶ
840 410 1098 465 ἐπιτείνει
1128 411 1229 481 τὴν
1269 410 1530 480 ἀγωνίαν.
1563 411 1717 485 [152]
1752 413 1937 468 Εἰπὼν

353 499 484 568 γὰρ,
511 497 594 549 ὅτι
642 495 897 547 Δύναται
936 496 970 548 ό
1023 493 1176 560 Θεὸς.
1201 494 1272 549 ἐκ
1322 493 1444 548 τῶν
1488 496 1674 550 λίθων
1710 498 1938 549 τούτων

353 581 572 650 ἐγεῖραι
606 577 789 630 τέκνα
830 575 910 641 τῷ
946 576 1219 645 Ἀϐραὰμ,
1257 577 1506 648 ἐπήγαγε
1529 593 1540 606 ·
1573 575 1716 644 Ἤδη
1740 576 1809 628 δὲ
1837 575 1937 629 καί

352 665 393 731 ἦ
414 662 596 729 ἀξίνη
626 660 778 728 πρὸς
799 659 914 727 τὴν
947 659 1118 728 ῥίζαν
1157 659 1276 714 τῶν
1307 659 1570 728 δένδρων
1605 659 1810 713 κεῖται’
1846 659 1934 715 διὰ

353 747 575 798 πάντων
607 744 698 796 τὸν
731 743 887 810 λόγον
906 742 1135 814 φοϐερὸν
1160 743 1349 796 ποιῶν.
1377 745 1489 797 Καὶ
1506 743 1616 812 γὰρ
1648 745 1741 796 καὶ
1772 743 1935 807 αὐτὸς

357 825 556 896 πολλὴν
585 824 690 878 ἀπὸ
732 824 827 878 τοῦ
857 824 975 894 βίου
1026 825 1127 896 τὴν
1166 825 1477 896 παρῥησίαν
1507 820 1638 894 εἶχε,
1690 825 1934 879 κάκεῖνοι

357 908 589 979 σφοδρᾶς
620 907 827 960 ἐδέοντο
853 907 954 977 τῆς
981 907 1342 977 ἐπιπλήξεως,
1376 907 1547 984 πολὺν.
1588 907 1686 978 ἤδη
1726 925 1933 977 χερσω-

356 991 534 1052 θέντες
579 989 788 1059 χρόνον.
814 988 880 1042 Τί
906 988 1015 1058 γάρ
1038 987 1200 1056 λέγω,
1235 991 1423 1060 φησὶν,
1451 991 1532 1043 ὅτι
1567 989 1850 1042 ἐκπίπτειν
1883 989 1930 1022 ’⁵

357 1072 577 1141 μέλλετε
603 1072 702 1140 τῆς
748 1071 887 1142 πρὸς
936 1071 1028 1123 τὸν
1069 1072 1416 1142 πατριάρχην
1466 1071 1802 1140 συγγενείας,
1837 1071 1932 1124 καὶ

352 1155 572 1226 ἐτέρους
598 1156 732 1225 όρᾷν
773 1155 900 1218 τοὺς
931 1154 1040 1208 ἀπὸ
1073 1153 1237 1206 λίθων
1280 1156 1361 1217 είς
1391 1155 1492 1224 τὴν
1519 1155 1788 1224 ὑμετέραν
1815 1156 1927 1207 είσ-

351 1237 651 1306 ἀγομένους
680 1235 1004 1306 προεδρίαν;
1039 1236 1173 1290 Οὐδέ
1195 1238 1304 1306 γάρ
1326 1237 1486 1306 μέχρι
1519 1237 1712 1290 τούτου
1739 1237 1807 1289 τὰ
1830 1237 1930 1306 τῆς

349 1319 617 1389 τιμωρίας
651 1320 798 1388 ὑμῖν,
832 1318 968 1371 ἀλλά
994 1318 1089 1371 καὶ
1142 1320 1452 1390 περαιτέρω
1489 1319 1820 1390 προϐήσεται
1859 1318 1928 1371 τά

348 1403 450 1470 τῆς
478 1402 768 1463 κολάσεως.
807 1401 950 1469 Ἤδη
979 1402 1110 1470 τὰρ,
1135 1403 1317 1471 φησὶν.
1350 1403 1390 1469 ή
1424 1402 1603 1469 ἀξίνη
1637 1401 1785 1470 πρὸς
1812 1400 1927 1468 τὴν

343 1485 513 1554 ῥίζαν
532 1483 652 1537 τῶν
669 1483 933 1550 δένδρων
959 1483 1166 1536 κεῖται.
1195 1483 1359 1536 Οὐδὲν
1393 1484 1764 1554 φοϐερώτερον
1792 1483 1926 1536 ταύ-

346 1584 448 1636 της
476 1566 570 1619 τοῦ
591 1565 748 1633 λόγου
778 1566 876 1634 τῆς
903 1565 1128 1636 τροπῇς.
1157 1565 1354 1618 Οὐκέτι
1386 1565 1496 1635 γὰρ
1531 1565 1795 1636 δρέπανον
1825 1581 1924 1616 πε-

345 1652 594 1720 τόμενον,
624 1649 744 1701 οὐδέ
784 1648 1037 1718 φραγμοῦ
1065 1649 1401 1719 καθαίρεσις,
1429 1648 1550 1702 οὐδέ
1577 1648 1637 1700 τὸ
1673 1663 1922 1700 καταπα-

345 1732 555 1786 τεῖσθαι
575 1731 665 1784 τὸν
683 1731 1000 1802 ἀμπελῶνα·
1033 1730 1146 1783 ἀλλ’
1171 1728 1327 1799 ἀξίνη
1347 1731 1547 1800 σφόδρα
1577 1728 1920 1799 ἀκμάζουσα,

347 1815 442 1869 καὶ
477 1816 536 1868 τὸ
563 1815 626 1884 δὴ
680 1813 1080 1883 χαλεπώτερον.
1113 1814 1196 1866 ὅτι
1238 1814 1333 1866 καὶ
1383 1813 1475 1866 ἐπὶ
1528 1813 1719 1884 θύραις
1761 1811 1920 1883 αὕτη.

360 1895 578 1967 Ἐπειδὴ
609 1894 718 1966 γὰρ
765 1898 878 1957 τοῖς
923 1895 1231 1964 προφήταις
1285 1894 1523 1964 συνεχῶς
1569 1893 1923 1958 ἀπιστοῦντες

347 1979 552 2046 ελεγον·
573 1977 698 2031 Ποῦ
722 1977 893 2030 ἐστιν
920 1979 958 2045 ἠ
998 1975 1188 2045 ἡμέρα
1229 1978 1483 2044 Κυρίου;
1515 1979 1629 2041 καὶ,
1671 1978 1923 2032 Ἐλοέτω

344 2059 604 2128 ἠβουλὴ
649 2059 752 2113 τοῦ
803 2059 973 2128 ἁγίου
1013 2059 1280 2127 Ἰσραὴλ,
1315 2061 1417 2112 ἵνα
1457 2059 1708 2128 γνῶμεν·
1741 2059 1832 2113 διὰ
1861 2059 1922 2112 τὸ

351 2143 488 2214 μετά
521 2143 690 2196 πολλά
730 2142 988 2204 πολλάκις
1021 2141 1115 2211 ἐτη
1139 2142 1410 2194 ἐκϐαίνειν
1439 2142 1506 2194 τὰ
1522 2142 1802 2213 λεγόμενα·
1827 2143 1922 2196 καὶ

345 2223 549 2293 ταύτης
582 2226 779 2286 αὐτοὺς
818 2225 1046 2292 ἀπάγων
1079 2225 1178 2295 τῆς
1212 2225 1588 2295 παραμυθίας,
1633 2227 1800 2292 ἐγγὺς
1827 2227 1923 2280 αὐ-

344 2306 453 2358 τῶν
487 2307 665 2374 ἵστησι
701 2306 773 2358 τὰ
815 2306 985 2358 δεινά.
1017 2307 1126 2358 Καὶ
1155 2305 1311 2359 τοῦτο
1341 2306 1574 2376 ἐδήλωσε
1615 2306 1692 2375 τῷ
1727 2310 1920 2370 εἰπεῖν,

349 2388 515 2454 Ἤδη,
542 2389 634 2440 καὶ
661 2387 740 2457 τῷ
769 2390 833 2457 τῇ
859 2389 984 2458 ῥίζῃ
1010 2387 1178 2457 αὐτὴν
1201 2391 1588 2457 προσαγαγεῖν.
1627 2389 1791 2442 Οὐδὲν
1812 2391 1920 2458 γὰρ

344 2466 406 2521 τὸ
434 2467 597 2535 μέσον
622 2465 825 2530 λοιπὸν,
861 2468 1045 2534 φησὶν,
1097 2464 1214 2519 ἀλλ’
1261 2467 1394 2536 αὐτῇ
1430 2468 1477 2498 ³⁸
1530 2467 1800 2520 ἐπίκειται
1852 2471 1918 2538 τῇ

346 2548 493 2620 ῥίζῃ.
529 2548 638 2600 Καὶ
654 2549 753 2600 οὐκ
782 2543 924 2608 εἷπε,
948 2549 1072 2610 Τοῖς
1096 2548 1328 2610 κλάδοις,
1358 2547 1498 2608 οὐδὲ,
1525 2549 1646 2610 Τοῖς
1664 2551 1918 2618 καρποῖς,

347 2631 505 2694 ἀλλὰ,
565 2631 642 2701 Τῇ
693 2629 838 2703 ῥίζῃ·
884 2630 1098 2693 δεικνὺς
1159 2631 1373 2693 αὐτοὺς,
1419 2631 1468 2682 εἰ
1520 2631 1917 2701 ῥᾳθυμήσαιεν,

347 2713 542 2766 ἀνίατα
590 2715 946 2783 πεισομένους
989 2711 1157 2778 δεινὰ,
1185 2713 1280 2766 καὶ
1309 2712 1430 2766 οὐδὲ
1477 2713 1668 2765 ἐλπίδα
1701 2714 1919 2778 ἕξοντας

345 2796 662 2865 θεραπείας.
716 2796 849 2850 Οὐδὲ
881 2798 990 2866 γὰρ
1021 2795 1202 2858 δοῦλός
1231 2798 1376 2848 ἐστιν
1401 2795 1430 2847 ὁ
1458 2795 1916 2867 παραγενόμενος,

341 2878 416 2942 ὡς
437 2881 486 2931 οί
509 2879 789 2949 πρότερον·
819 2878 934 2932 ἀλλ’
965 2878 1124 2940 αὐτὸς
1150 2879 1179 2931 ό
1204 2877 1311 2931 τῶν
1327 2877 1462 2931 ὅλων
1477 2879 1770 2949 Δεσπότης,
1789 2895 1917 2946 σφο-

339 2961 474 3032 δρὰν
505 2961 726 3030 ἐπάγων
747 2961 844 3032 τήν
893 2962 1161 3032 τιμωρίαν
1212 2962 1307 3015 καὶ
1341 2962 1739 3031 δυνατωτάτην.
1777 2960 1915 3014 Ἀλλ’

339 3045 491 3116 ὅμως
525 3045 620 3097 καὶ
649 3046 890 3114 φοϐήσας
920 3044 1080 3097 πάλιν
1101 3044 1171 3108 ⁸⁷,
1204 3045 1302 3096 οὐκ
1339 3045 1560 3114 ἀφίησιν
1601 3044 1798 3106 αὐτοὺς
1836 3045 1919 3108 είς

340 3126 652 3194 ἀπόγνωσιν
681 3128 958 3196 ἐμπεσεῖν·
977 3126 1090 3178 ἀλλ’
1121 3125 1309 3196 ῶσπερ
1336 3126 1590 3197 ἀνωτέρω
1617 3127 1716 3179 οὐκ
1743 3121 1914 3191 εἶπεν,

339 3210 423 3264 ὅτι
455 3211 733 3279 Ἤγειρεν,
782 3208 896 3262 ἀλλ’
936 3210 1019 3262 ὅτι
1065 3211 1316 3262 Δύναται
1346 3209 1564 3277 ἐγεῖραι
1618 3208 1800 3263 τέκνα
1838 3208 1919 3274 τῷ

354 3293 621 3362 Ἀϐραὰμ,
663 3292 844 3360 φοϐῶν
873 3309 930 3344 τε
951 3291 1087 3362 ὁμοῦ
1117 3291 1211 3344 καὶ
1243 3291 1752 3363 παραμυθούμενος·
1777 3292 1919 3345 οὕτω

343 3376 437 3431 καὶ
465 3373 697 3428 ἐνταῦθα
720 3374 819 3426 οὐκ
837 3368 1011 3436 εἶπεν,
1035 3374 1114 3425 ὃτι
1140 3373 1353 3442 ’Ἥψατο
1377 3375 1473 3442 τῆς
1500 3373 1674 3444 ῥίζης,
1701 3374 1814 3426 ἀλλ’
1835 3374 1918 3426 ὅτι

342 3459 628 3512 Επίκειται
666 3458 759 3510 καὶ
799 3455 979 3526 ὁμιλεῖ
1008 3457 1073 3525 τῇ
1113 3455 1258 3525 ῥίζῃ·
1300 3457 1391 3508 καὶ
1422 3455 1675 3525 οὐδεμίαν
1719 3454 1914 3508 ἀναϐο-

340 3538 438 3610 λὴν
464 3541 816 3593 ἐνδείκνυται.
843 3538 988 3608 Πλὴν
1033 3536 1168 3591 ἀλλά
1220 3537 1312 3590 καὶ
1344 3537 1516 3600 οὓτως
1551 3539 1718 3606 ἐγγὺς
1749 3537 1917 3607 αὐτὴν

340 3621 583 3689 ἀγαγὼν,
617 3621 760 3688 ὑμᾶς
782 3620 1004 3690 κυρίους
1035 3622 1177 3671 ποιεῖ
1195 3618 1295 3688 τῆς
1318 3619 1508 3688 τομῆς.
1545 3620 1642 3672 Ἂν
1677 3621 1773 3688 μὲν
1807 3619 1917 3689 γὰρ

343 3703 718 3773 μεταϐάλησθε
748 3705 841 3756 καὶ
861 3702 1091 3772 γένησθε
1105 3701 1364 3771 βελτίους,
1381 3703 1736 3755 ἀπελεύσεται
1753 3703 1916 3772 μηδὲν

343 3788 694 3857 ἐργασαμένη
711 3787 744 3856 ή
762 3784 916 3856 ἀξίνη
930 3785 1088 3854 αὕτηο
1106 3787 1172 3839 ἂν
1185 3786 1241 3838 δὲ
1258 3788 1367 3848 τοῖς
1383 3786 1562 3848 αὐτοῖς
1579 3787 1912 3855 ἐπιμείνητε,

342 3871 635 3939 πρόρῥιζον
664 3869 964 3921 ἀνασπάσει
993 3868 1054 3920 τὸ
1081 3867 1314 3939 δένδρον.
1352 3869 1451 3922 Διά
1479 3885 1558 3920 τοι
1586 3868 1744 3921 τοῦτο
1791 3867 1914 3922 οὔτε

341 3954 616 4022 ἀφέστηκε
650 3953 749 4021 τῆς
784 3950 959 4021 ῥίζης,
989 3951 1112 4004 οὐτε
1143 3953 1460 4022 ἐπικειμένη
1483 3953 1690 4020 τέμνει,
1726 3954 1785 4005 τὸ
1818 3954 1916 4022 μὲν

342 4037 427 4088 ἵνα
453 4038 527 4106 μὴ
543 4035 871 4104 ἀναπέσητε,
889 4034 949 4086 τὸ
978 4033 1034 4086 δὲ
1065 4033 1154 4087 ἵνα
1195 4034 1423 4106 μάθητε,
1457 4038 1538 4088 ὅτι
1567 4036 1788 4088 δυνατὸν
1821 4036 1914 4088 καὶ

341 4121 398 4171 ἐν
414 4118 458 4150 ’⁸
479 4119 666 4188 βραχεῖ
679 4117 854 4186 χρόνῳ
874 4114 1425 4188 μεταϐαλ[λ]ομένους
1444 4118 1699 4188 σωθῆναι.
1721 4119 1808 4170 Διὸ
1822 4120 1915 4172 καὶ

337 4197 604 4252 πάντοθεν
626 4198 779 4265 αὐξει
794 4198 884 4252 τὸν
911 4197 1094 4267 φόϐον,
1121 4198 1397 4268 διεγείρων
1420 4199 1614 4262 αὐτοὺς
1637 4201 1729 4252 καὶ
1754 4199 1911 4252 ὠθῶν

341 4282 478 4352 πρὸς
497 4281 800 4351 μετάνοιαν.
815 4282 924 4333 Καὶ
941 4280 1049 4352 γὰρ
1068 4282 1114 4313 ⁹⁹
1131 4281 1191 4333 τὸ
1210 4280 1316 4333 τῶν
1339 4280 1616 4351 προγόνων
1637 4283 1908 4346 ἐκπεσεῖν,

340 4365 434 4418 καὶ
465 4367 524 4418 τὸ
550 4366 768 4436 ἐτέρους
797 4364 1238 4434 ἀντεισαχθῆναι,
1275 4363 1368 4416 καὶ
1400 4363 1460 4416 τὸ
1491 4365 1582 4415 ἐπὶ
1611 4363 1804 4434 θύραις
1833 4360 1912 4416 εἷ-

340 4465 425 4499 ναι
471 4448 541 4500 τὰ
569 4447 735 4508 δεινά,
767 4447 861 4499 καὶ
889 4446 952 4498 τὸ
996 4448 1271 4515 ἀνήκεστα
1307 4445 1607 4504 πείσεσθαι,
1638 4446 1780 4515 ἅπερ
1807 4447 1911 4515 ἀμ-

340 4531 542 4598 φότερα
567 4530 653 4582 διὰ
677 4530 775 4598 τῆς
809 4529 965 4600 ῥίζης
994 4530 1085 4582 καὶ
1106 4529 1206 4598 τῆς
1239 4528 1424 4598 ἀξίνης
1448 4527 1732 4598 ἐδήλωσεν,
1754 4529 1913 4582 ίκανά

337 4609 404 4683 ἦν
442 4614 679 4675 καὶτοὺς
710 4613 910 4682 σφόδρα
933 4612 1389 4674 ἀναπεπτωκότας
1421 4611 1794 4681 διαναστῆσαι,
1819 4613 1912 4664 καὶ

339 4694 666 4761 ἐναγωνίους
709 4694 1066 4763 ἐργάσασθαι.
1108 4694 1278 4746 Τοῦτο
1320 4693 1450 4760 γοῦν
1494 4695 1585 4746 καὶ
1627 4695 1654 4746 ὁ
1701 4693 1912 4757 Παῦλος

337 4777 512 4846 δηλῶν
572 4775 777 4844 ἔλεγεν,
833 4776 914 4828 ὃτι
971 4777 1166 4845 Λόγον
1214 4776 1703 4844 συντετμημένον
1757 4775 1910 4846 [155]

339 4859 576 4925 ποιήσει
610 4860 824 4927 Κύριος
855 4857 954 4910 ἐπὶ
995 4858 1108 4924 τὴν
1135 4858 1493 4926 οἰκουμένην
1538 4858 1711 4922 ὅλην.
1753 4859 1911 4912 Ἀλλά

341 4943 416 5012 μὴ
442 4940 705 5010 φοϐηθῇς
760 4939 957 5008 μᾶλλον
985 4940 1041 4992 δὲ
1087 4939 1351 5010 φοϐήθητι
1390 4941 1510 5010 μὲν,
1548 4940 1624 5011 μὴ
1660 4941 1911 5011 ἀττογνῷς

337 5025 416 5077 δέ.
463 5025 586 5076 Ἔτι
617 5022 727 5092 γὰρ
765 5021 908 5091 ἔχεις
943 5021 1131 5074 ἐλπίδα
1162 5022 1484 5092 μεταϐολῆς·
1525 5025 1586 5076 οὐ
1619 5023 1728 5095 γὰρ
1754 5025 1912 5077 αὑτο-

336 5107 496 5178 τελὴς
517 5109 551 5175 ή
583 5107 876 5174 ἀπόφασις,
906 5105 1026 5158 οὐδὲ
1047 5105 1137 5158 ἐπὶ
1161 5105 1220 5158 τὸ
1245 5107 1460 5175 τέμνειν
1481 5108 1513 5176 ή
1544 5107 1700 5176 ἀξίνη
1727 5103 1908 5177 ἦλθενο

340 5191 485 5260 (ἐπεὶ⁵
514 5191 566 5242 τί
607 5188 843 5242 ἐκώλυεν
876 5188 1046 5256 αὐτὴν
1084 5191 1268 5258 τεμεῖν
1297 5189 1591 5259 ὁμιλοῦσαν
1629 5192 1694 5260 τῇ
1724 5190 1848 5261 ῥίζῃ
1870 5197 1911 5256 ;)

339 5273 452 5327 ἀλλ’
480 5275 574 5326 ἐπὶ
590 5275 653 5326 τό
682 5289 742 5325 σε
775 5271 854 5342 τῷ
879 5271 1028 5341 φόϐῳ
1056 5271 1228 5342 τούτῳ
1258 5274 1479 5344 ποιῆσαι
1513 5272 1776 5343 βελτίονα.
1817 5275 1912 5326 καὶ

339 5357 758 5427 παρασκευάσαι
791 5354 1000 5426 καρπὸν
1037 5355 1296 5421 ἐνεγκεῖν.
1329 5356 1427 5408 Διά
1455 5356 1612 5408 τοῦτο
1637 5357 1904 5426 ἐπήγαγε·

338 5438 471 5495 Πᾶν
488 5434 602 5495 οὖν
622 5438 873 5507 δένδρον
893 5437 980 5507 μὴ
1001 5435 1217 5490 ποιοῦν
1241 5437 1472 5505 καρπὸν
1502 5438 1713 5504 καλὸν,
1735 5440 1906 5492 ἐκκό-

1511 291 1580 348 IN
1621 294 2040 354 MATTIM‘IUII
2082 294 2317 353 IIOMIL.
2356 295 2450 352 XI.

3510 305 3610 361 196

2037 430 2264 496 πτβταιν
2289 414 2387 468 καὶ
2410 416 2499 480 εις
2516 415 2635 483 πῦρ
2657 415 2972 479 βάλλεται.
3002 422 3169 477 Ὀταν
3198 423 3254 476 δε
3282 423 3432 496 εἴπῃ,
3457 423 3607 491 Πᾶν,

2036 495 2288 578 ἐκϐάλλει
2342 496 2504 549 πάλιν
2553 498 2648 568 τὴν
2693 499 2801 551 ἀπὸ
2836 501 2937 570 τῆς
2978 503 3255 571 εὐγενείας
3299 495 3607 578 προεδρίαν.

2037 577 2282 660 Κάνξγάρ
2314 578 2480 660 αὐτοῦ
2508 579 2602 632 τοῦ
2642 581 2888 652 Ἀϐραὰμ
2911 583 3132 654 ἔκγονος
3174 583 3261 660 ᾖς,
3291 577 3480 658 φησὶν,
3509 590 3613 645 κᾶν

2039 658 2264 746 μυρίους
2303 659 2430 732 ἔχῃς
2456 662 2710 746 ἀριθμεῖν
2737 658 3309 741 πατριάρχας,διπλῆν
3331 674 3614 746 ὐποστήσῃ

2033 740 2132 826 την
2163 742 2402 806 κόλασιν,
2444 745 2689 826 ἀκαρπος
2730 747 2926 816 μένων.
2974 752 3106 806 ’Δπὺ
3137 740 3341 807 τούτων
3377 756 3484 808 τῶν
3517 740 3615 826 ῥηῖ

2037 825 2220 892 μάτων
2249 826 2343 876 καὶ
2373 824 2612 891 τελώνας
2637 829 2890 900 ἐφόϐησε,
2923 833 3016 886 καὶ
3045 838 3440 906 στρατιωτικὴν
3463 838 3478 867 ¹
3503 824 3615 902 διάέ

2033 922 2182 958 νοιαν
2235 907 2572 972 κατέσεισεν,
2619 909 2742 962 οὐτε
2798 913 2878 976 είς
2920 913 3229 984 ἀπόγνωσιν
3272 917 3528 987 ἐμϐαλὼν
3559 921 3603 984 ⁸,

2031 989 2129 1071 κοιλἷ
2171 989 2444 1059 ῥᾳθυμίας
2493 993 2851 1048 ἀπαλλάττων
2900 993 3140 1068 ἀπάσης.
3180 1000 3334 1054 Μετά
3380 1000 3489 1071 γὰρ
3516 1001 3614 1054 τοῦ

2030 1069 2195 1137 φόϐου
2229 1071 2324 1124 καὶ
2349 1071 2547 1152 πολλὴν
2574 1074 2920 1146 παράκλησιν
2941 1077 3055 1148 ἔχει
3085 1081 3147 1132 τὸ
3183 1069 3484 1152 εἰρημένον.
3523 1081 3612 1151 Τῷ

2029 1152 2139 1222 γὰρ
2170 1153 2363 1215 εἰπεῖν,
2392 1151 2492 1221 Μὴ
2513 1156 2730 1208 ποιοῦν
2751 1156 2772 1186 ³
2801 1159 3038 1225 καρπὸν
3072 1160 3286 1225 καλὸν,
3310 1151 3508 1227 ἔδειξεν
3531 1163 3612 1216 ὅτι

2027 1234 2088 1286 τὸ
2117 1235 2303 1318 ποιοῦν
2337 1237 2358 1266 ⁵
2386 1237 2597 1307 καρπὸν
2626 1239 2807 1309 πάσης
2833 1241 3174 1311 ἀπήλλακται
3210 1245 3230 1275 ⁵
3253 1245 3538 1318 τιμωρίας.

2096 1317 2157 1370 δ.
2181 1320 2290 1372 Καὶ
2319 1319 2438 1382 πῶς
2457 1321 2817 1390 δυνησόμεθα,
2835 1325 2986 1392 φησὶ,
3013 1328 3233 1396 ποιῆσαι
3257 1317 3487 1400 καρπὸν,
3511 1328 3611 1399 τῆς

2027 1402 2197 1468 τομῆς
2223 1401 2597 1469 ἐπικειμένης,
2621 1403 2715 1454 καὶ
2743 1402 2836 1454 τοῦ
2877 1404 3070 1473 χρόνου
3106 1406 3278 1470 οὕτως
3315 1409 3500 1462 στενοῦ
3524 1409 3611 1461 ὅν-

2025 1497 2135 1544 τος,
2173 1482 2400 1551 καὶτῆς
2449 1483 3317 1562 προθεσμίας-συντετμημένηςῖ
3369 1493 3607 1562 Δυνήσηι

2026 1563 2209 1632 φησίν·
2246 1563 2437 1633 οὐγὰρ
2483 1565 2723 1627 τοιοῦτος
2768 1557 2922 1629 οὗτος
2965 1569 2996 1618 ὁ
3044 1557 3275 1638 καρπὸς,
3307 1566 3419 1633 οἷος
3449 1557 3609 1625 ὁτῶν

2025 1643 2276 1712 δένδρων,
2302 1647 2492 1715 χρόνον
2515 1646 2802 1716 ἀναμένων
2829 1648 3017 1712 πολὺν,
3049 1652 3145 1703 καὶ
3161 1651 3318 1722 ὡρῶν
3341 1654 3611 1722 ἀνάγκαις

2023 1725 2308 1791 δουλεύων,
2333 1729 2426 1780 καὶ
2467 1727 2666 1797 πολλῆς
2696 1729 2888 1800 ἐτέρας
2917 1730 3173 1801 δεόμενος
3201 1737 3607 1804 πραγματείαςο

2023 1810 2136 1863 ἀλλ’
2166 1811 2326 1880 ἀρκεῖ
2350 1812 2596 1881 θελῆσαι,
2624 1813 2716 1864 καὶ
2741 1811 2804 1864 τὸ
2838 1811 3055 1883 δένδρον
3094 1814 3304 1879 εὐθέως
3343 1817 3610 1887 ἐϐλάστη-

2025 1909 2135 1946 σεν.
2151 1890 2229 1946 Οὐ
2249 1893 2357 1964 γὰρ
2374 1895 2406 1964 ή
2425 1893 2584 1962 φύσις
2605 1894 2705 1964 τῆς
2737 1894 2890 1965 ῥίζης
2911 1896 3090 1964 μόνον,
3113 1895 3247 1949 ἀλλά
3271 1899 3364 1950 καὶ
3397 1900 3608 1970 ήτέχνη

2021 1975 2115 2028 τοῦ
2145 1976 2393 2045 γεωργοῦ
2425 1975 2560 2045 πρὸς
2589 1977 2688 2046 τὴν
2725 1977 2981 2047 τοιαύτην
3008 1977 3077 2030 τὰ
3105 1979 3341 2048 μέγιστα
3367 1983 3609 2036 συντελεῖ

2023 2059 2421 2129 καρποφορίαν.
2437 2059 2536 2110 Διά
2559 2061 2666 2130 γάρ
2682 2077 2762 2113 τοι
2784 2060 2959 2126 τοῦτο,
2975 2061 3060 2114 ἵνα
3077 2061 3152 2131 μὴ
3167 2062 3336 2116 ταῦτα
3355 2063 3605 2132 λέγωσιν,

2020 2140 2102 2192 ὅτι
2131 2140 2390 2210 Θορυϐεῖς
2422 2142 2589 2210 ήμᾶς,
2621 2143 2716 2194 καὶ⁸
2736 2143 3104 2211 κατεπείγεις,
3121 2144 3213 2196 καὶ
3236 2144 3424 2216 ἄγχεις
3437 2150 3477 2213 ⁵,
3492 2148 3609 2214 ἀξία

2020 2238 2118 2290 νην
2141 2235 2196 2273 τε
2223 2221 2506 2284 ἐπιτιθεὶς,
2526 2222 2619 2274 καὶ
2643 2224 2815 2293 τομὴν
2835 2223 3094 2285 ἀπειλῶν,
3115 2227 3209 2278 καὶ
3231 2228 3526 2296 προσόδους
3548 2232 3607 2282 ἐν

2022 2303 2197 2374 καιρῷ
2225 2305 2494 2374 τιμωρίας
2519 2305 2708 2369 αἰτῶν,
2747 2308 2994 2376 ἐπήγαγε
3013 2349 3026 2372 ,
3065 2308 3279 2370 δεικνὺς
3321 2309 3418 2378 τὴν
3450 2311 3608 2364 εὐκο-

2021 2384 2141 2438 λίαν
2163 2386 2260 2456 τῆς
2289 2387 2666 2457 καρποφορίας
2689 2403 2704 2418 ο
2758 2387 2904 2455 Ἐγὼ
2920 2389 3039 2456 μὲν
3073 2389 3229 2458 ὑμᾶς
3250 2391 3516 2454 βαπτίζω
3537 2394 3607 2446 ἑν

2020 2466 2224 2520 ὕδατι·
2253 2471 2286 2520 ό
2318 2466 2386 2519 δὲ
2419 2468 2612 2519 ὀπίσω
2644 2485 2764 2536 μου
2810 2469 3134 2538 ἐρχόμενος
3156 2510 3170 2535 ,
3211 2473 3606 2541 ἰσχυρότερός

2014 2561 2134 2617 μου
2159 2550 2354 2615 ἐστίν,
2381 2545 2452 2604 οὗ
2482 2551 2594 2602 οὐκ
2627 2551 2743 2617 είμί
2772 2549 2942 2617 ἄξιος
2969 2553 3075 2604 τὸν
3098 2553 3316 2621 ἱμάντα
3340 2557 3444 2609 τοῦ
3465 2559 3606 2610 ὐπο-

2019 2630 2283 2699 διξματσς
2318 2631 2508 2685 λῦσαι
2535 2646 2547 2658 ·
2597 2631 2778 2696 αὐτὸς
2807 2631 2960 2699 ὑμᾶς
2993 2635 3279 2696 βαπτίσει
3313 2637 3382 2690 ὲν
3419 2639 3607 2692 Πνεύ-

2013 2729 2156 2780 ματι
2207 2714 2353 2781 ἁγίῳ
2406 2712 2509 2766 καὶ
2573 2714 2746 2780 πυρί·
2799 2715 2888 2766 διὰ
2949 2715 3154 2769 τούτων
3219 2719 3470 2787 δεικνὺς,
3521 2721 3605 2774 ὅτι

2019 2794 2244 2866 γνώμης
2283 2796 2442 2864 μόνον
2465 2796 2483 2826 τ
2527 2795 2696 2848 δεῖται
2727 2795 2822 2847 καὶ
2862 2796 3096 2859 πίστεως
3123 2839 3136 2860 ,
3177 2800 3238 2851 οὐ
3276 2801 3451 2854 πόνων
3511 2803 3607 2856 καὶ

2023 2878 2294 2949 ἱδρώτων·
2347 2877 2443 2930 καὶ
2478 2877 2666 2947 ὥσπερ
2711 2876 2931 2930 εῦκολον
2999 2878 3382 2952 βαπτισθῆναι,
3435 2883 3606 2949 οὕτως

2022 2958 2241 3012 εὔκολον
2283 2958 2689 3030 μεταϐληθῆναι
2745 2960 2840 3012 καὶ
2873 2959 3120 3026 γενέσθαι
3174 2962 3448 3032 ἀμείνους.
3485 2967 3603 3018 Κα-

2019 3043 2280 3104 τασείσας
2357 3041 2533 3093 τοίνυν
2606 3040 2786 3093 αὐτῶν
2847 3042 2946 3110 τὴν
3015 3041 3254 3097 διάνοιαν
3318 3045 3396 3116 τῷ
3456 3047 3605 3118 φόϐῳ

2019 3125 2118 3194 τῆς
2176 3125 2430 3194 κρίσεως,
2481 3122 2576 3175 καὶ
2625 3125 2690 3192 τῇ
2749 3123 3043 3193 προσδοκίᾳ.
3095 3125 3195 3194 τῆς
3254 3129 3523 3192 κολάσεως
3557 3131 3602 3193 ⁸,

2019 3207 2114 3259 καὶ
2142 3205 2219 3275 τῷ
2246 3207 2469 3276 ὀνόματι
2494 3206 2595 3275 τῆς
2621 3205 2829 3274 ἀξίνης,
2863 3207 2956 3259 καὶ
2981 3209 3047 3277 τῇ
3078 3207 3317 3280 ἀποϐολῇ
3345 3211 3452 3262 τῶν
3471 3228 3604 3282 προ-

2018 3290 2212 3358 γόνων,
2231 3291 2324 3341 καὶ
2350 3292 2414 3358 τῇ
2456 3291 2734 3358 εἰσαγωγῇ
2758 3291 2864 3341 τῶν
2887 3290 3088 3359 ἐτέρων
3112 3292 3314 3345 τέκνων
3332 3333 3344 3356 ,
3372 3293 3464 3346 καὶ
3490 3297 3556 3366 τῇ
3579 3296 3600 3326 ⁹

2017 3374 2177 3443 διπλῇ
2225 3372 2464 3442 τιμωρίᾳ
2506 3372 2608 3438 τῆς
2654 3372 2894 3440 ἐκτομῆς
2944 3374 3040 3424 καὶ
3087 3374 3180 3427 τοῦ
3231 3375 3600 3447 ἐμπρησμοῦ,

2018 3456 2114 3508 καὶ
2162 3453 2424 3508 πάντοθεν
2455 3453 2633 3506 αὐτῶν
2683 3453 3072 3523 καταμαλάξας
3106 3455 3166 3508 τὸ
3201 3457 3459 3528 σκληρὸν,
3508 3459 3601 3512 καὶ

2020 3537 2367 3606 καταστήσας
2410 3537 2490 3599 είς
2513 3535 2807 3605 ἐπιθυμίαν
2825 3537 2924 3606 τῆς
2952 3538 3269 3610 ἀπαλλαγῆς
3289 3540 3398 3593 τῶν
3422 3540 3595 3594 τοσούσ

2017 3636 2125 3672 των
2160 3619 2368 3684 κακῶν,
2391 3619 2509 3672 τότε
2535 3620 2745 3686 εἰσάγει
2773 3619 2864 3672 τὸν
2889 3621 3011 3690 περὶ
3037 3621 3131 3672 τοῦ
3160 3623 3396 3694 Χριστοῦ
3413 3623 3598 3692 λόγον’

2017 3702 2112 3753 καὶ
2162 3702 2260 3770 οὐχ
2291 3701 2476 3764 ἁπλῶς
2501 3741 2516 3765 ,
2552 3701 2688 3756 ἀλλὰ
2723 3702 2863 3770 μετά
2901 3703 3102 3769 πολλῆς
3155 3705 3253 3774 τῆς
3302 3706 3596 3777 ὑπεροχῆς.

2018 3777 2152 3835 Εἶτα
2180 3783 2240 3835 τὸ
2272 3783 2437 3852 μέσον
2460 3783 2622 3835 αὐτοῦ
2656 3784 2748 3836 καὶ
2777 3784 2986 3835 ἐκείνου
3031 3785 3220 3848 τιθεὶς,
3254 3787 3339 3839 ἵνα
3370 3788 3446 3859 μὴ
3473 3787 3598 3860 δόξῃ

2016 3864 2370 3935 χαριζόμενος
2408 3863 2566 3917 τοῦτο
2597 3865 2775 3932 λέγειν
2795 3907 2808 3931 ,
2836 3867 2943 3919 ἀπὸ
2986 3867 3084 3936 τῆς
3125 3869 3463 3940 συγκρίσεως
3490 3872 3598 3923 τῶν

2017 3949 2148 4017 παρ’
2175 3948 2434 4017 ἐκατέρου
2463 3947 2754 4015 διδομένων
2773 3947 2928 4000 τοῦτο
2949 3950 3367 4013 κατασκευάζει.
3395 3951 3469 4003 Οὐ
3489 3952 3598 4021 γὰρ

2016 4032 2215 4094 εὐθέως
2268 4027 2421 4082 εἶπεν
2445 4068 2459 4092 ,
2499 4033 2618 4082 οὐκ
2656 4032 2772 4098 εἰμὶ
2829 4031 2996 4095 ἄξιος
3039 4033 3224 4086 αὐτοῦ
3257 4036 3447 4088 λῦσαι
3491 4037 3598 4089 τὸν

2017 4113 2233 4182 ἱμάντα
2265 4113 2370 4165 τοῦ
2404 4111 2810 4179 ὑποδήματος,
2833 4112 2968 4163 ἀλλά
2997 4113 3255 4183 πρότερον
3293 4115 3352 4168 τὺ
3379 4116 3594 4180 εὐτελὲς

2015 4196 2109 4249 τοῦ
2139 4195 2514 4265 βαπτίσματος
2555 4191 2706 4264 [154]
2762 4193 2852 4245 τοῦ
2887 4194 3079 4246 ἐαυτοῦ
3122 4195 3234 4258 θεὶς
3257 4235 3269 4259 ,
3297 4198 3391 4250 καὶ
3420 4197 3594 4264 δείξας

2015 4277 2090 4340 ὡς
2118 4277 2270 4329 οὐδὲν
2310 4277 2470 4328 πλέον
2499 4275 2610 4344 ἔχει
2641 4275 2731 4327 τοῦ
2762 4277 2898 4344 πρὸς
2928 4276 3215 4346 μετάνοιαν
3235 4278 3433 4343 αὐτοὺς
3459 4282 3594 4350 ἀγα-

2013 4361 2131 4427 γεῖν
2163 4360 2244 4429 (οὐ
2275 4361 2384 4428 γὰρ
2406 4355 2577 4424 εἶπεν,
2607 4360 2689 4412 ὃτι
2729 4359 2923 4411 ’Ύδατι
2950 4360 3212 4427 ἀφέσεως,
3243 4361 3378 4416 ἀλλά
3405 4367 3596 4418 Μετα-

2013 4441 2224 4510 νοίιις),
2255 4442 2435 4513 τίθησι
2479 4443 2572 4494 καὶ
2619 4442 2679 4494 τὸ
2712 4442 2877 4494 αὐτοῦ
2915 4443 2976 4495 τὸ
3019 4444 3116 4512 τῆς
3146 4444 3354 4513 ἀφάτου
3388 4445 3595 4519 δωρεᾶς

2013 4529 2200 4597 γέμον.
2247 4526 2366 4577 Ἵνα
2415 4525 2522 4595 γὰρ
2575 4525 2650 4594 μὴ
2695 4524 2968 4590 ἀκούσας,
3011 4528 3209 4594 φησὶν,
3237 4529 3320 4581 ὅτι
3353 4533 3466 4598 μετ’
3495 4531 3595 4602 ἐμὲ

2013 4609 2260 4678 ἐρχεται,
2295 4609 2716 4680 καταφρονήσῃς
2762 4608 2925 4660 αὐτοῦ
2976 4608 3051 4670 ὡς
3090 4609 3317 4680 ὑστέρου
3339 4612 3382 4642 ⁸ο
3419 4629 3598 4682 παρα-

2012 4690 2326 4760 γενομένου,
2363 4691 2501 4759 μάθε
2534 4690 2696 4742 αὐτοῦ
2727 4691 2825 4760 τῆς
2855 4690 3060 4762 δωρεᾶς
3088 4692 3187 4760 τὴν
3213 4693 3464 4762 δύναμιν,
3501 4697 3595 4748 καὶ

2013 4776 2135 4846 εἴσῃ
2161 4774 2368 4841 σαφῶς,
2389 4773 2636 4826 ὃτιοὺδέν
2662 4773 2811 4836 ἀξιον
2841 4775 3056 4842 εἴρηκα,
3071 4774 3191 4826 οὐδὲ
3217 4775 3378 4843 μέγα,
3401 4777 3591 4845 εἰπὼν,

2009 4861 2132 4911 Οὐκ
2155 4856 2271 4926 εἰμὶ
2301 4857 2469 4921 ἄξιος
2487 4856 2674 4909 λῦσαι
2698 4856 2804 4907 τὸν
2823 4855 3036 4924 ἱμάντα
3061 4856 3165 4909 τοῦ
3187 4858 3591 4929 ὑποδήματος.

2014 4945 2173 4995 Ὥστε
2193 4943 2322 4994 ὅταν
2344 4940 2581 5010 ἀκούσῃς
2601 4982 2614 5004 ,
2654 4939 2738 4992 ὃτι
2759 4938 3162 5005 Ἰσχυρότερός
3177 4959 3296 5008 μου
3328 4943 3482 5008 ἐστὶ,
3518 4949 3594 5019 μὴ

2011 5025 2239 5095 νομίσῃς
2261 5023 2402 5076 κατά
2428 5021 2715 5092 σύγκρισίν
2735 5038 2802 5090 με
2817 5020 2974 5073 τοῦτο
3002 5022 3301 5092 εἰρηκέναι.
3331 5027 3464 5080 Οὐδέ
3486 5029 3595 5100 γὰρ

2013 5109 2093 5170 είς
2114 5107 2332 5168 δούλους
2358 5104 2505 5170 ἄξιός
2529 5107 2645 5174 εἰμι
2666 5104 2956 5158 τάττεσθαι
2979 5106 3210 5171 ἐκείνου,
3231 5108 3350 5162 οὐδὲ
3373 5111 3454 5173 εἰς
3478 5111 3595 5164 506-

2013 5189 2137 5251 λους
2164 5187 2443 5256 ἐσχάτους,
2462 5187 2584 5239 οὐδὲ
2605 5187 2664 5240 τὸ
2686 5186 2902 5249 εὐτελὲς
2916 5188 3016 5258 τῆς
3043 5189 3317 5254 διακονίας
3335 5192 3594 5255 ἀναδέξα-

2014 5271 2136 5326 σθαι
2162 5273 2348 5342 μέρος.
2377 5271 2477 5323 Διά
2499 5270 2656 5324 τοῦτο
2671 5271 2768 5341 οὐχ
2789 5271 2974 5335 ἁπλῶς
2989 5265 3132 5338 εἷπε,
3150 5274 3229 5326 Τά
3248 5275 3590 5344 ὑποδήματα,

2013 5354 2126 5407 ἀλλ’
2161 5353 2312 5406 Οὐδὲ
2342 5353 2448 5406 τὸν
2478 5352 2724 5421 ἱμάνταο
2756 5356 2892 5424 ὅπερ
2920 5354 3146 5425 ἔσχατον
3178 5356 3394 5410 πάντων
3419 5357 3591 5408 ἐδόκει

2016 5432 2176 5490 εἶναι.
2231 5431 2404 5499 Εἶτα,
2455 5436 2542 5489 ἵνα
2591 5437 2666 5506 μὴ
2719 5437 2946 5508 νομίσῃς
2997 5439 3493 5508 ταπεινοφροσύνης
3548 5442 3587 5469 ¹¹

409 5563 456 5633 ἒξ
483 5557 1157 5633 ἐκπίπεινὶάποπίπτειν
1344 5556 1560 5633 [ονεῃίθ
1590 5556 1754 5633 gum,
1771 5631 1779 5633 _
1797 5559 1856 5633 _N_

2020 5553 2179 5633 αὒεῇ]
2207 5553 2298 5633 διε
2325 5553 2387 5633 E-
2420 5555 2556 5633 9913i
2585 5557 2694 5633 γάρ
2721 5559 2787 5633 ᾼ-
2819 5556 2881 5633 E3.-
2902 5555 3019 5633 ἀλλῖ
3039 5555 3175 5633 ρειὲτῇ
3203 5555 3310 5633 γάρ
3335 5554 3397 5606 C-
3434 5554 3495 5608 ι)-

340 5630 455 5683 ἀλλ*
481 5631 617 5700 αὐτὴ
641 5631 750 5700 γάρ
778 5622 916 5701 Egd.
953 5629 997 5701 ξ’
1019 5625 1204 5701 πάλιν]
1229 5627 1566 5701 ιὶιίιίζαύτούς
1596 5627 1749 5701 ξᾱεί.
1768 5630 1822 5701 ⁸⁸7
1843 5629 1924 5701 ἐν]
1958 5632 2016 5701 ἐν
2229 5626 2290 5676 ί).
2322 5622 2384 5701 ξ’.
2427 5622 2758 5701 ⁵⁸-ᾕαίγάρ]
2770 5625 2895 5701 ιιι-[ιι.
2929 5622 3172 5701 καίΕόιΙξ
3191 5625 3225 5701 ,⁸
3247 5622 3592 5701 στρατιωτῶν

341 5701 402 5752 Ε.
483 5703 501 5730 ’
523 5692 802 5768 ἐμϐάλλων
822 5699 882 5753 F.
956 5699 978 5730 ³
1000 5692 1208 5768 ποιοῦν]
1236 5696 1568 5768 ποιεῖν
1599 5695 1660 5750 Ε.
1738 5700 1760 5730 ⁸
1782 5700 1843 5752 τὸ
1863 5692 2074 5767 ποιοῦν]
2099 5692 2180 5764 τῷ
2211 5692 2771 5768 MQOGX1L_I_“._16_0l-II—.
2943 5693 2965 5724 ⁸
2997 5692 3325 5768 ἀπαλλάττει
3346 5693 3406 5745 (Σ.
3437 5694 3497 5768 ι).
3524 5695 3586 5768 Ε.

341 5740 404 5822 ἕξ
485 5740 1150 5839 ξᾶἳξέίξΓέὶέἑχειςῖῗ
1168 5740 1208 5800 3'
1228 5740 1408 5839 ιῖᾷᾁῆξ
1422 5740 1567 5820 Εξιὶῑξ

1671 5770 1693 5799 ⁸
1717 5769 1818 5835 τῆς
1843 5769 1919 5822 κο]

2020 5762 2117 5828 εὼς
2136 5762 2337 5837 0m._A.
2456 5764 2516 5816 C.
2548 5763 2609 5815 Ι).
2641 5763 2704 5815 F.
2735 5767 2827 5837 set]
2861 5772 3138 5837 νει-ιριύιιι
3162 5762 3431 5837 ίιιιενρρᾎ
3479 5765 3500 5797 ⁸
3526 5767 3588 5837 τῇ

342 5853 456 5893 om.
479 5837 541 5894 C.
669 5829 796 5891 ιίιύκ
820 5829 966 5908 τῇττε
986 5829 1198 5908 ἐκτομῇ
1224 5829 1317 5891 καὶ
1340 5829 1418 5906 τῷ
1444 5837 1758 5909 ἐμπρησμῷ
1775 5829 1837 5892 Ε.

2020 5851 2202 5906 στερον
2233 5831 2290 5885 F.
2355 5833 2392 5864 “
2423 5829 2942 5901 ταπεινοφροσύνης]
2960 5831 3083 5887 add.
3103 5834 3274 5903 μόνης
3301 5829 3364 5884 Ᾱζ
3396 5832 3454 5890 Β,

609 5933 878 5992 ΡΑΤΒΟΙ..
915 5933 1028 5994 Gn.
1080 5933 1265 5992 LVII.

3133 5928 3175 6022 8.
