4076 6150
474 277 571 333 197

470 389 608 446 εἶναι
653 390 720 443 τὰ
757 387 1052 460 εἰρημένα,
1085 386 1279 455 ἐπάγει
1315 388 1408 440 καὶ
1460 389 1557 456 τὴν
1585 388 1691 440 ἀπὸ
1727 386 1834 440 τῶν
1863 403 2042 457 πραγ-

473 478 654 544 μάτων
701 473 970 536 ἀπόδειξιν
997 487 1011 501 ·
1065 472 1323 536 Ἐκεῖνος
1374 472 1482 542 γὰρ
1520 473 1560 502 ¹²
1607 469 1801 538 ὑμᾶς,
1866 469 2040 538 φησι,

463 559 751 622 ,ϐαπτίσει
778 556 848 607 ὲν
881 556 1174 623 Πνεύματι
1198 555 1343 623 ἁγίῳ
1373 554 1470 607 καὶ
1517 555 1680 619 πυρί.
1718 549 1870 613 Εἶδες
1898 549 2042 618 πόση

465 641 558 694 τοῦ
587 639 946 708 Βαπτιστοῦή
987 638 1185 706 σοφία;
1223 637 1392 689 ’Ὀταν
1436 635 1544 706 γὰρ
1574 635 1734 697 αὐτὸς
1772 633 2040 704 κηρύττῃ,

465 729 532 778 τὰ
561 724 767 793 φοϐερὰ
793 722 972 775 πάντα
1014 722 1188 789 λέγει,
1229 721 1324 772 καὶ
1377 719 1616 786 ἀγωνίαν
1658 717 1998 787 ἐμϐάλλοντα
2026 732 2040 745 ο

466 809 593 860 ὅταν
623 807 678 859 δὲ
705 807 840 876 πρὸς
878 807 1084 858 ἐκεῖνον
1118 803 1331 876 πέμπῃ,
1361 803 1428 854 τὰ
1454 800 1664 872 χρηστὰ
1695 801 1788 853 καὶ
1807 800 2040 868 ἀνακτήο

468 890 661 942 σασθαι
697 890 875 943 ἱκανά.
900 889 973 940 Οὐ
995 887 1101 956 γάρ
1125 885 1220 954 τὴν
1265 885 1472 954 ἀξίνην,
1497 884 1616 936 οὐδὲ
1655 883 1716 936 τὸ
1742 883 1956 952 δένδρον
1981 881 2044 934 τδ

466 972 868 1041 ἐκκοπτόμενον
895 971 988 1023 καὶ
1014 969 1299 1036 καιόμενον
1331 966 1425 1019 καὶ
1452 967 1532 1028 εἰς
1563 965 1672 1034 πῦρ
1698 964 2039 1034 βαλλόμενον,

465 1055 587 1108 οὔτε
613 1055 709 1124 τὴν
734 1054 1033 1123 μέλλουσαν
1056 1051 1225 1120 ὀργὴν
1255 1049 1333 1112 εἰς
1374 1049 1534 1118 μέσον
1560 1048 1703 1114 ἄγει,
1726 1047 1840 1101 ἀλλ’
1864 1048 2042 1116 ἀμαρ-

461 1138 721 1208 τημάτων
771 1136 985 1204 ἄφεσιν,
1020 1134 1115 1186 καὶ
1159 1132 1427 1203 τιμωρίας
1488 1132 1798 1200 ἀναίρεσιν,
1839 1130 1934 1183 καὶ
1966 1129 2043 1182 δι-

461 1219 785 1288 καιοσύνην,
838 1218 931 1270 καὶ
987 1215 1278 1285 ἁγιασμδν,
1332 1215 1426 1267 καὶ
1485 1211 1898 1282 ἀπολύτρωσιν,
1950 1209 2042 1263 καὶ

461 1301 752 1363 υἱοθεσίαν,
793 1299 885 1352 καὶ
933 1299 1290 1366 ἀδελφότητα,
1327 1297 1421 1347 καὶ
1471 1294 1835 1364 κληρονομίας
1860 1311 2042 1346 κοινω-

460 1384 598 1447 νίαν,
624 1384 717 1436 καὶ
759 1381 1075 1450 Πνεύματος
1110 1379 1265 1445 ἁγίου
1302 1377 1496 1446 δαψιλῆ
1523 1377 1803 1446 χορηγίαν.
1852 1375 2042 1430 Ταῦτα

459 1468 570 1534 γὰρ
590 1467 766 1519 πάντα
793 1463 1010 1534 ᾐνίξατο
1033 1461 1200 1514 εἰπών
1220 1478 1232 1491 ο
1266 1461 1554 1513 Dant/(Iac
1575 1458 1733 1528 ὑμᾶς
1754 1460 1824 1512 ἐν
1849 1459 2041 1512 Πνεύ-

455 1565 598 1616 ματι
626 1547 804 1615 ἁγίῳ·
856 1545 952 1597 καὶ
999 1544 1136 1613 αὐτῇ
1168 1545 1234 1612 τῇ
1290 1543 1572 1612 μεταφορᾷ
1593 1542 1692 1610 τῆς
1724 1540 1923 1605 λέξει-,ις
1981 1541 2041 1593 τὸ

459 1629 677 1698 δαψιλὲς
711 1629 810 1697 τῆς
831 1627 1049 1697 χάριτος
1091 1626 1372 1694 ἐμφαίνων
1396 1642 1408 1654 ·
1440 1625 1501 1677 οὑ
1540 1625 1649 1694 γάρ
1684 1620 1806 1677 ε’ίπε
1827 1664 1841 1690 ,
1869 1623 2039 1676 Δώσει

461 1715 589 1781 ὑμῖν
613 1711 834 1780 Πνεῦμα
867 1710 1041 1776 άγιον,
1076 1708 1230 1771 ἀλλὰ,
1265 1707 1553 1760 Βαπτίσει
1575 1705 1731 1775 ὑμᾶς
1755 1706 1824 1759 ἐν
1855 1707 2041 1759 Πνεύ-

459 1811 597 1864 ματι
629 1794 804 1862 ἁγίῳ·
853 1792 946 1843 καὶ
973 1791 1016 1822 ¹³
1051 1793 1116 1860 τῇ
1172 1787 1504 1858 ἐπεξηγήσει
1528 1787 1621 1840 τοῦ
1661 1789 1834 1859 πυρὸς
1883 1788 2041 1842 πάλιν

457 1877 520 1930 τὸ
575 1876 800 1947 σφοδρὸν
856 1875 951 1926 καὶ
992 1871 1296 1926 ἀκάθεκτον
1338 1873 1438 1940 τῆς
1496 1871 1718 1942 χάριτος
1771 1870 2041 1924 ἐνδεικνύ-

505 1975 644 2020 ενος.

461 1977 911 2106 μνέῗνῖεννόεησον
939 2037 1068 2105 γοῦν
1123 2035 1274 2098 τίνας
1313 2036 1457 2099 εἰκὸς
1507 2030 1576 2106 ἦν
1623 2033 1875 2102 γενέσθαι
1913 2034 2040 2098 τοὺς

457 2123 785 2185 ἀκούοντας,
822 2120 1202 2191 λογιζομένους
1247 2119 1328 2172 ὅτι
1372 2118 1516 2172 κατὰ
1567 2119 1695 2181 τοὺς
1757 2119 2040 2189 προφήτας

457 2207 650 2278 ἁθρόον
680 2205 913 2265 ἔσονται,
946 2205 1040 2256 καὶ
1069 2202 1210 2256 κατά
1238 2204 1282 2234 ¹⁵
1309 2203 1436 2264 τοὺς
1465 2201 1734 2270 μεγάλους
1772 2202 2034 2264 ἐκείνους,

458 2290 555 2341 Διά
593 2288 701 2357 γάρ
739 2305 820 2340 τοι
849 2286 1003 2340 τοῦτο
1033 2287 1127 2338 καὶ
1167 2284 1338 2355 πυρὸς
1377 2282 1804 2353 ἐμνημόνευσεν,
1838 2283 1926 2335 ἵνα
1959 2283 2039 2346 εἰς

456 2371 662 2424 ἔννοιαν
693 2370 888 2432 αὐτοὺς
917 2371 1016 2439 τῆς
1050 2369 1266 2437 μνήμης
1300 2367 1524 2419 ἐκείνων
1557 2366 1758 2436 ἀγάγῃ.
1799 2366 1910 2418 Kal
1930 2365 2038 2436 γάρ

455 2455 578 2507 ὅσαι
607 2452 789 2522 σχεδὸν
836 2452 1018 2512 αὐτοῖς
1052 2449 1204 2517 δψεις
1256 2449 1558 2518 ἐφάνησαν,
1593 2449 1650 2500 αἱ
1705 2448 1922 2510 πλείους
1950 2447 2038 2502 διὰ

458 2535 629 2604 πυρὸς
674 2534 950 2600 ἐφάνησαν
977 2549 990 2562 ο
1031 2531 1172 2584 οὕτω
1213 2530 1290 2601 τῷ
1326 2533 1534 2600 Μωῦσῇ
1577 2528 1822 2599 διελέχθη
1868 2531 1925 2582 ἐν
1968 2533 2034 2602 τῇ

458 2618 604 2686 βάτῳ
630 2618 656 2668 ὁ
685 2616 845 2677 Θεόςο
882 2614 1023 2666 οὕτω
1051 2613 1129 2683 τῷ
1155 2613 1313 2683 δήμῳ
1345 2614 1507 2666 παντὶ
1533 2614 1591 2666 ἐν
1626 2612 1704 2682 τῷ
1731 2612 1845 2681 ὄρει
1872 2614 1998 2666 Σινᾶ
2019 2631 2033 2644 ο

455 2701 596 2754 οὓτω
619 2697 697 2768 τῷ
729 2696 988 2767 ἰεςεκιὴλ
1018 2697 1110 2749 ἐπὶ
1140 2695 1246 2748 τῶν
1267 2695 1567 2766 Χερουϐίμ.
1601 2695 1804 2749 Σκόπει
1834 2695 1890 2748 δὲ
1919 2696 2036 2759 πῶς

455 2784 549 2836 καὶ
588 2780 841 2850 διεγείρει
873 2778 961 2830 τὸν
998 2778 1273 2848 ἀκροατὴν
1294 2817 1310 2840 ,
1347 2777 1613 2848 πρότερον
1659 2779 1754 2847 μὲν
1789 2779 1835 2809 ¹³
1869 2777 1982 2839 θεὶς
2007 2778 2040 2830 ὃ

457 2863 598 2933 μετὰ
638 2863 816 2914 πάντα
875 2859 1066 2930 ἔμελλε
1110 2857 1375 2926 γίνεσθαι.
1434 2860 1582 2913 Ἔδει
1615 2859 1722 2930 γάρ
1761 2863 2034 2930 σφαγῆναι

455 2947 545 3000 τὸν
583 2945 799 3016 Ἀμνὸν,
835 2945 926 2997 καὶ
962 2943 1060 3012 τὴν
1087 2943 1368 3013 ἁμαρτίαν
1398 2942 1786 3013 ἀφανισθῆναι,
1811 2942 1904 2996 καὶ
1935 2960 2036 2996 κα-

454 3029 746 3098 ταλυθῆναι
777 3027 876 3097 τὴν
914 3025 1132 3098 ἔχθραν,
1166 3026 1260 3078 καὶ
1289 3027 1390 3095 τὴν
1433 3025 1608 3096 ταφὴν
1644 3025 1900 3092 γενέσθαι
1943 3024 2036 3077 καὶ

454 3116 554 3181 τήν
585 3111 881 3164 ἀνάστασιν
904 3149 919 3173 ,
960 3109 1053 3162 καὶ
1074 3109 1194 3161 τότε
1239 3108 1300 3160 τὸ
1330 3107 1560 3177 Πνεῦμα
1611 3106 2032 3177 παραγενέσθαι.

466 3193 626 3248 Ἀλλά
646 3194 849 3246 τούτων
888 3192 1038 3244 οὐδὲν
1080 3191 1229 3258 λέγει
1259 3189 1426 3252 τέως·
1468 3188 1604 3242 ἀλλά
1636 3189 1848 3259 πρῶτον
1869 3189 1929 3240 τὸ
1957 3207 2038 3241 τε-

454 3277 698 3330 λευταῖον
721 3315 737 3341 ,
771 3275 867 3327 καὶ
898 3273 965 3326 δι’
992 3273 1019 3324 δ
1053 3273 1229 3326 πάντα
1251 3274 1433 3324 ἐκεῖνα
1476 3271 1716 3339 ἐγίνετο,
1749 3272 1844 3323 καὶ
1874 3270 1902 3323 ὃ
1933 3271 2037 3341 μά-

453 3360 607 3413 λιστα
643 3358 826 3412 ίκανδν
869 3353 937 3426 ἦν
972 3353 1136 3409 αὑτοῦ
1177 3353 1273 3424 τὴν
1316 3353 1471 3418 ἀξίαν
1509 3353 1767 3425 κηρῦξαι·
1807 3354 1873 3405 ἵν’
1908 3355 2038 3407 ὅταν

452 3443 664 3513 ἀκούσῃ
693 3443 721 3494 ὁ
756 3439 907 3512 [155]
940 3437 1210 3510 ἀκροατὴς
1236 3479 1250 3503 ,
1279 3437 1361 3490 ὅτι
1397 3437 1621 3507 Πνεῦμα
1658 3436 1885 3506 λήψεται
1916 3453 2038 3488 τοσ-

453 3526 641 3585 οῦτον,
678 3525 815 3594 ζητῇ
846 3524 891 3555 ⁸⁸
947 3521 1078 3590 πρὸς
1119 3519 1348 3581 ἑαυτὸν,
1399 3520 1516 3581 πῶς
1569 3520 1664 3572 καὶ
1700 3520 1805 3571 τίνι
1850 3519 2038 3590 τρόπῳ

451 3609 609 3662 τοῦτο
631 3607 804 3668 ἔσται,
830 3605 925 3672 τῆς
957 3603 1230 3672 ἁμαρτίας
1268 3602 1408 3654 οὕτω
1432 3601 1738 3670 κρατούσης
1763 3617 1775 3629 ⁶
1817 3600 1905 3654 ἵνα
1945 3601 2037 3654 λα-

454 3689 562 3760 βὼν
589 3688 750 3740 αὐτὸν
783 3685 1291 3756 μεμεριμνημένον,
1320 3684 1416 3737 καὶ
1447 3684 1868 3754 ἐμπαράσκευον
1903 3685 2037 3754 πρὸς

453 3773 552 3842 τὴν
610 3770 908 3839 ἀκρόασιν,
971 3766 1114 3820 οὕτω
1171 3767 1261 3819 τὸν
1323 3765 1591 3836 περὶτοῦ
1659 3766 1860 3832 πάθους
1921 3770 2035 3820 είσ-

453 3853 636 3925 αγάγῃ
683 3851 858 3920 λόγον,
917 3850 1143 3920 μηδενὸς
1193 3849 1378 3902 λοιπὸν
1431 3849 1918 3920 σκανδαλιζομένου
1967 3855 2033 3922 τῇ

453 3934 748 4007 προσδοκία
791 3934 890 4004 τῆς
946 3932 1200 4003 τοιαύτης
1251 3931 1476 4003 δωρεᾶς.
1542 3935 1633 3986 Διὸ
1693 3934 1854 3988 πάλιν
1907 3933 2038 3988 ἐϐόα

452 4018 624 4086 λέγων
647 4030 663 4048 ⁶
691 4017 812 4070 Ἴδε
843 4019 874 4070 ό
903 4017 960 4070 Ἀ
965 4015 1116 4084 μνός
1143 4015 1247 4068 τοῦ
1271 4013 1438 4075 Θεοῦ,
1464 4017 1496 4070 ό
1517 4016 1699 4082 αἴρων
1719 4015 2032 4084 τὴνάμαρ-

453 4102 587 4154 τίαν
609 4099 716 4153 τοῦ
737 4101 990 4168 κόσμου.
1033 4099 1147 4151 Οὐκ
1181 4093 1354 4161 εἶπεν,
1398 4099 1457 4150 ὐ
1483 4098 1659 4166 ἀφεὶς,
1703 4099 1818 4152 ἀλλ’
1851 4099 1880 4150 ὃ
1920 4098 2036 4169 μεί-

455 4185 607 4248 ζονος
627 4177 694 4251 ἦν
728 4181 1070 4250 κηδεμονίας,
1123 4180 1185 4233 '0
1226 4179 1428 4246 αἴρων.
1476 4182 1550 4232 Ού
1587 4181 1692 4252 γάρ
1736 4182 1882 4233 ἐστιν
1919 4178 2036 4233 ἴσον

453 4268 673 4334 ἀφεῖναι
703 4263 907 4324 ἁπλῶς,
941 4264 1034 4315 καὶ
1063 4263 1226 4315 αὐτὸν
1255 4263 1293 4292 ⁸⁸⁵
1325 4261 1632 4315 ἀναλαϐεῖν.
1684 4263 1756 4314 Τὸ
1790 4263 1888 4332 μὲν
1926 4264 2036 4331 γάρ

453 4348 513 4414 ἐξ
539 4345 822 4400 ἀκινδύνου
852 4344 1079 4411 ἐγίνετο,
1111 4345 1170 4423 τὸ
1195 4343 1251 4396 δέ
1277 4345 1413 4412 μετά
1448 4344 1700 4398 θανάτου.
1736 4347 1844 4398 Kal
1878 4345 2036 4399 πάλιν

451 4431 657 4496 ἔλεγεν,
703 4428 785 4480 ὅτι
833 4426 960 4487 Υἱὸς
1006 4425 1098 4477 τοῦ
1149 4425 1283 4477 Θεοῦ
1329 4427 1495 4477 ἐστιν.
1543 4427 1679 4478 Ἀλλ’
1711 4428 1831 4479 οὐδὲ
1882 4428 2037 4480 τοῦτο

449 4511 655 4582 τρανὴν
709 4511 818 4571 τοῖς
850 4507 1104 4560 ἀκούουσι
1135 4507 1232 4576 τὴν
1276 4506 1430 4572 ἀξίαν
1473 4507 1680 4575 ἐδήλου.
1737 4509 1872 4561 Οὐδὲ
1928 4509 2036 4580 γάρ

450 4595 646 4664 ᾔδεσαν
674 4590 883 4644 οὐδέπω
921 4589 1140 4658 γνήσιον
1179 4588 1340 4640 αὑτὸν
1377 4590 1575 4641 ἐννοεῖν
1627 4590 1786 4641 Υίόν·
1837 4591 1944 4643 ἀπὸ
1978 4591 2035 4644 δὲ

450 4678 548 4745 τῆς
583 4672 852 4742 τοσαύτης
902 4670 996 4724 τοῦ
1030 4670 1348 4741 Πνεύματος
1395 4670 1594 4733 δόσεως
1635 4673 1858 4725 κάκεῖνο
1906 4691 2029 4726 συν.

455 4757 636 4809 ίστατο
685 4759 746 4810 ⁸⁸.
785 4756 883 4808 Διά
923 4754 988 4824 δὴ
1027 4753 1184 4806 τοῦτο
1225 4755 1317 4805 καὶ
1369 4755 1397 4805 ὁ
1433 4754 1620 4824 Πατὴρ
1674 4753 1905 4823 πέμπων
1944 4755 2035 4809 τὸν

466 4838 736 4903 Ἰωάννην,
757 4837 916 4890 τοῦτο
943 4836 1090 4906 αύτῷ
1118 4837 1316 4906 δεῖγμα
1355 4834 1569 4906 πρῶτον
1604 4836 1700 4905 τῆς
1727 4836 1821 4888 τοῦ
1853 4855 2033 4908 παρα-

452 4920 740 4986 γενομένου
770 4923 811 4950 ¹⁹
836 4920 1064 4972 δέδωκεν
1087 4919 1263 4984 ἀξίας,
1291 4918 1458 4970 εἰπών
1482 4935 1494 4947 ·
1539 4918 1663 4986 Ἐφ’
1697 4919 1769 4971 ὃν
1792 4918 1869 4972 ἂν
1902 4920 2036 4986 ἴδῃς

451 5001 518 5052 τὸ
551 5001 789 5068 Πνεῦμα
829 5003 1187 5055 καταϐαῖνον
1217 5002 1313 5055 καὶ
1338 5001 1544 5070 μένον,
1581 4997 1759 5066 οὗτός
1805 5003 1973 5055 ἐστιν
2004 5006 2036 5055 ό

449 5083 751 5148 βαπτίζων
785 5083 855 5135 ἐν
890 5085 1184 5152 Πνεύματι
1211 5086 1374 5154 ἁγίῳ.
1403 5085 1494 5137 Διὸ
1517 5087 1608 5137 καὶ
1641 5086 1803 5148 αὑτός
1833 5103 1997 5155 φησιν
2021 5104 2036 5118 ·

467 5165 612 5235 Ἐγὼ
630 5165 859 5232 ἑώρακα
891 5164 986 5218 καί
1014 5169 1455 5234 μεμαρτύρηκα,
1487 5167 1574 5220 ὅτι
1605 5165 1782 5233 οὗτός
1809 5169 1977 5222 ἐστιν
2005 5172 2037 5222 ό

453 5251 588 5316 Υἱὸς
611 5249 717 5303 τοῦ
740 5248 907 5303 Θεοῦο
936 5249 1009 5311 ὼς
1036 5249 1144 5300 ἀπὸ
1165 5248 1353 5302 τούτου
1376 5250 1627 5302 κάκείνου
1651 5250 1834 5304 λοιπὸν
1852 5251 2037 5320 σαφῶς

1151 268 1206 325 S.
1237 269 1519 326 JOANNIS
1553 268 2040 327 CHRYSOSTOMI
2080 271 2394 333 ARCIIIEP.
2425 275 2971 335 CONSTANTINOP.

3625 278 3726 335 198

2150 392 2561 462 συνισταμένου.
2608 387 2766 454 Εἶτα,
2824 390 3012 461 ἐπειδὴ
3076 389 3144 443 τὰ
3185 389 3398 461 χρηστά
3433 383 3577 455 εἷπε,
3631 395 3729 447 καὶ

2145 471 2314 540 ἀνῆκε
2338 474 2426 525 τὸν
2455 473 2727 544 ἀκροατὴν
2760 473 2854 526 καὶ
2887 472 3139 543 ἐχάλασε,
3186 473 3348 525 πάλιν
3387 473 3726 544 ἐπισφίγγει,

2145 551 2287 605 ὥστε
2315 555 2390 626 μὴ
2411 556 2664 622 γενέσθαι
2693 555 2953 627 ῥάθυμον,
2982 553 3234 608 Τοιοῦτον
3266 554 3375 624 γὰρ
3403 555 3464 606 τὸ
3485 556 3642 622 γένος
3668 555 3733 608 τὸ

2159 636 2472 690 Ἰουδαϊκόν
2502 637 2606 691 ὑπὸ
2635 637 2740 690 τῶν
2771 636 3022 708 χρηστῶν
3044 634 3366 705 ἐχαυνοῦντο
3389 637 3610 708 ῥᾳδίως,
3636 639 3732 691 καὶ

2145 717 2359 788 χείρους
2405 719 2660 786 ἐγίνοντο.
2711 719 2909 791 Διόπερ
2943 718 3104 771 πάλιν
3146 719 3340 785 ἐπάγει
3381 719 3452 770 τὰ
3500 719 3727 790 φοϐερὰ,

2144 800 2316 868 λέγων
2341 816 2356 832 ⁸
2391 798 2472 857 Οὗ
2504 802 2569 854 τὸ
2590 803 2780 855 πτύον
2807 803 2877 854 ἐν
2903 800 2978 869 τῇ
3004 801 3154 870 χειρὶ
3188 801 3396 854 αὐτοῦ.
3449 803 3734 872 Ἀνωτέρω

2147 882 2245 952 μὲν
2267 884 2373 952 γὰρ
2405 885 2504 956 τὴν
2538 883 2755 937 κόλασιν
2781 879 2932 936 εἶπεν
2953 898 2967 913 ·
3004 882 3236 936 ἐνταῦθα
3267 883 3324 936 δὲ
3365 884 3457 936 καὶ
3489 884 3579 936 τὸν
3609 901 3731 955 κρι-

2143 965 2242 1036 τὴν
2280 965 2543 1030 δείκνυσι,
2588 967 2683 1020 καὶ
2723 966 2824 1036 τὴν
2875 967 3145 1038 τιμωρίαν
3181 965 3448 1019 ἀθάνατον
3485 967 3724 1035 είσάγει’

2143 1049 2517 1102 ιίατακαύσει
2545 1050 2674 1119 γὰρ,
2703 1049 2856 1118 φησὶ,
2890 1049 2956 1101 τὸ
2981 1049 3210 1117 ἄχυρον
3241 1049 3382 1117 πυρὶ
3429 1047 3724 1112 ἀσϐέστῳ.

2155 1129 2317 1199 Ὁρᾷς
2341 1130 2502 1184 αὐτὸν
2533 1131 2623 1184 τὸν
2651 1123 2759 1184 τῶν
2787 1131 3130 1202 πραγμάτων
3165 1131 3390 1201 Κύριον,
3423 1133 3518 1185 καὶ
3561 1133 3726 1185 αὐτὸν

2142 1213 2270 1264 ὄντα
2294 1213 2387 1266 τὸν
2411 1215 2457 1245 ²⁰
2479 1215 2745 1286 γεωργὸν,
2764 1215 2866 1269 κᾶν
2894 1215 2984 1268 τὸν
3009 1215 3226 1286 Πατέρα
3248 1216 3481 1285 ἀλλαχοῦ
3501 1216 3723 1269 ταύτδ²¹

2141 1295 2275 1366 λέγῃ
2294 1312 2308 1326 ·
2354 1295 2408 1347 '0
2434 1297 2636 1364 Πατήρ
2659 1315 2779 1365 μου
2807 1296 2936 1366 γὰρ,
2972 1296 3158 1365 φησὶν,
3190 1299 3222 1349 ό
3251 1299 3505 1366 γεωργός
3533 1299 3725 1355 ἐστιν.

2156 1376 2372 1447 Ἐπειδὴ
2393 1379 2501 1448 γάρ
2532 1379 2577 1409 ¹²
2601 1373 2773 1442 εἶπεν,
2819 1379 3046 1445 Ἀξίνη,
3082 1380 3167 1431 ἵνα
3203 1379 3277 1450 μὴ
3305 1379 3533 1450 νομίσῃς
3559 1381 3723 1434 πόνου

2141 1456 2342 1525 δεῖσθαι
2365 1460 2426 1511 τὸ
2451 1461 2703 1530 πρᾶγμα,
2739 1460 2834 1512 καὶ
2855 1460 3228 1528 δυσδιάκριτον
3258 1456 3416 1524 εἶναι,
3445 1462 3504 1525 ἐξ
3535 1462 3726 1533 ἐτέρου

2143 1541 2584 1611 παραδείγματος
2619 1543 2664 1574 ³³
2689 1543 2782 1595 καὶ
2813 1542 2910 1613 τὴν
2936 1543 3186 1596 εὐκολίαν
3236 1543 3466 1612 εἰσάγει,
3510 1545 3727 1608 δεικνὺς

2142 1623 2319 1676 πάντα
2353 1625 2516 1676 αὐτοῦ
2563 1624 2654 1677 τὸν
2685 1625 2888 1694 κόσμον
2929 1625 3056 1678 ὅντα
3077 1642 3091 1658 ·
3143 1627 3204 1679 ού
3245 1627 3354 1697 γὰρ
3394 1626 3461 1680 ἂν
3489 1628 3613 1689 τοὺς
3647 1628 3729 1700 μὴ

2141 1705 2337 1758 ἐαυτοῦ
2365 1707 2609 1761 ἐκόλασε.
2651 1707 2766 1759 Νῦν
2816 1707 2916 1775 μὲν
2958 1705 3052 1761 οὖν
3091 1709 3267 1762 πάντα
3314 1709 3728 1778 ἀναμέμικταιο

2140 1786 2242 1840 κᾶν
2264 1787 2372 1858 γὰρ
2400 1789 2655 1858 φαίνηται
2685 1787 3003 1859 διαλάμπων
3029 1791 3058 1841 ό
3082 1792 3246 1854 σῖτος,
3275 1790 3388 1844 ἀλλ’
3413 1791 3560 1860 ὅμως
3585 1791 3726 1860 μετὰ

2139 1869 2246 1921 τῶν
2293 1869 2510 1940 ἀχύρων
2542 1872 2736 1932 κεῖται,
2767 1871 2842 1934 ὡς
2881 1872 2940 1924 ἐν
2987 1871 3174 1934 ἆλωνι,
3224 1873 3324 1941 οὐχ
3369 1871 3444 1934 ὡς
3494 1873 3554 1925 ἐν
3583 1873 3722 1924 ἀπο-

2141 1951 2284 2023 θήκῃ
2305 1970 2318 1983 ·
2349 1952 2471 2004 τότε
2493 1952 2551 2004 δὲ
2577 1953 2744 2023 πολλὴ
2767 1953 2918 2006 ἔσται
2947 1955 2980 2024 ή
3015 1953 3305 2025 διάκρισις.
3335 1954 3446 2007 Ποῦ
3469 1953 3564 2006 νῦν
3585 1957 3723 2008 εἰσιν

2141 2033 2189 2084 οἱ
2229 2034 2296 2102 τῇ
2349 2033 2539 2104 γεέννῃ
2578 2034 3018 2100 διαπιστοῦντες;
3065 2024 3176 2089 Kal
3211 2035 3321 2104 γὰρ
3349 2024 3442 2088 δύο
3484 2035 3720 2102 τέθεικε,

2138 2115 2233 2167 καὶ
2257 2115 2339 2167 ὅτι
2371 2114 2622 2184 βαπτίσει
2647 2118 2923 2186 Πνεύματι
2961 2116 3122 2186 άγίῳ,
3152 2118 3248 2170 καὶ
3274 2118 3356 2170 ὅτι
3387 2118 3723 2172 κατακαύσει

2135 2197 2263 2260 τοὺς
2309 2198 2661 2262 ἀπειθοῦντας
2703 2201 2768 2253 ’⁸.
2807 2200 2869 2252 Εί
2921 2201 3101 2253 τοίνυν
3142 2200 3318 2252 ἐκεῖνο
3356 2199 3566 2264 πιστὸν,
3625 2201 3723 2254 καὶ

2132 2277 2294 2334 τοῦτο
2318 2281 2554 2343 πάντως.
2610 2280 2709 2332 Διά
2734 2273 2850 2351 γάρ
2876 2281 3037 2334 τοῦτο
3073 2280 3270 2352 ἐφεξῆς
3301 2282 3399 2344 τὰς
3424 2281 3518 2334 δύο
3548 2285 3722 2354 προρ-

2139 2361 2326 2430 ῥήσεις
2355 2361 2619 2419 τέθεικεν.
2651 2364 2736 2416 ἵνα
2771 2363 2877 2416 ἀπὸ
2915 2364 3142 2434 τῆςήδη
3179 2363 3478 2434 γενομένης
3503 2366 3593 2418 καὶ
3621 2365 3723 2436 τὴν

2141 2442 2365 2511 μηδέπω
2395 2445 2678 2513 συμϐᾶσαν
2712 2444 3073 2516 πιστώσηται.
3111 2447 3222 2498 Kal
3254 2446 3363 2518 γὰρ
3392 2448 3486 2501 καὶ
3517 2446 3546 2499 δ
3582 2449 3720 2518 Χρι-

2140 2525 2262 2588 στὸς
2303 2525 2570 2598 πολλαχοῦ
2617 2528 2776 2581 τοῦτο
2817 2533 2978 2590 ποιεί,
3030 2529 3289 2592 πολλάκις
3343 2531 3440 2601 μὲν
3475 2532 3565 2583 ἐπὶ
3610 2531 3724 2585 τῶν

2136 2609 2315 2661 αὐτῶν
2339 2613 2675 2680 πραγμάτων
2704 2612 2874 2684 [156],
2908 2613 3168 2676 πολλάκις
3205 2614 3262 2666 δὲ
3300 2615 3390 2666 ἐπὶ
3429 2613 3540 2666 τῶν
3565 2617 3722 2667 ἐναν-

2134 2691 2285 2754 τίων,
2328 2693 2422 2745 δύο
2459 2695 2627 2756 τιθεὶς
2666 2696 3023 2766 προφητείας,
3075 2698 3168 2749 καὶ
3218 2697 3316 2768 τὴν
3351 2697 3449 2766 μὲν
3487 2696 3724 2749 ἐνταῦθα

2138 2776 2530 2845 παρεχόμενος,
2561 2778 2658 2844 τὴν
2689 2778 2745 2830 δὲ
2771 2781 2829 2830 ἐν
2867 2779 2944 2848 τῷ
2982 2780 3228 2848 μέλλοντι
3261 2780 3712 2849 ὑπισχνούμενος·

2137 2857 2222 2910 ἵνα
2253 2857 2361 2910 ἀπὸ
2387 2861 2485 2928 τῆς
2516 2859 2615 2929 ήδη
2647 2862 2944 2931 γενομένης
2978 2863 3072 2914 καὶ
3100 2864 3166 2932 τῇ
3198 2863 3421 2931 μηδέπω
3453 2863 3722 2934 γενομένῃ

2137 2939 2500 2992 πιστεύσωσιν
2522 2943 2570 2993 οί
2596 2942 3038 3014 φιλονεικότεροι.
3065 2945 3176 2997 Kal
3200 2944 3310 3014 γὰρ
3337 2947 3448 3007 τοῖς
3469 2943 3534 2996 δι’
3558 2945 3723 2997 αὑτὸν

2135 3023 2524 3093 ἀποδυομένοις
2566 3025 2634 3076 τά
2670 3026 2798 3078 ὄντα
2838 3030 3011 3080 πάντα
3056 3026 3582 3080 ἑκατονταπλασίονα
3618 3028 3720 3080 ῦπ-

2137 3104 2324 3175 έσχετο
2362 3105 2552 3160 δώσειν
2579 3109 2636 3160 ἐν
2657 3108 2732 3177 τῷ
2768 3110 2992 3178 παρόντι
3026 3109 3145 3179 βίῳ,
3196 3110 3292 3161 καὶ
3323 3107 3466 3179 ζωὴν
3501 3109 3720 3162 αίώνιυν

2137 3187 2194 3238 ἐν
2221 3186 2301 3256 τῷ
2325 3188 2590 3257 μέλλοντι,
2633 3189 2740 3242 ἀπὺ
2777 3191 2885 3242 τῶν
2920 3192 3018 3261 ήδη
3056 3191 3316 3244 δοθέντων
3358 3192 3450 3243 καὶ
3489 3190 3556 3243 τά
3591 3190 3722 3260 μέλ-

2137 3269 2292 3323 λοντα
2317 3271 2600 3336 ἀξιόπιστα
2620 3273 2898 3336 καθιστάς.
2931 3275 2994 3326 Ὃ
3011 3273 3074 3345 δὴ
3097 3273 3190 3326 καὶ
3222 3274 3472 3343 Ἰωάννης
3490 3273 3720 3327 ἐνταῦθα

2137 3353 2401 3422 πεποίηκε
2445 3353 2537 3407 550
2595 3356 2727 3419 θεὶς,
2774 3357 2854 3408 ὅτι
2904 3357 3000 3409 καὶ
3032 3357 3080 3386 ³⁸
3137 3356 3388 3424 βαπτίσει
3437 3356 3720 3427 Πνεύματι

2137 3434 2278 3504 ἁγίῳ
2305 3438 2368 3500 ⁸⁸,
2408 3438 2500 3490 καὶ
2527 3437 2861 3491 κατακαύσει
2899 3440 3028 3509 πυρὶ
3057 3440 3324 3509 ἀσϐέστῳ.

2209 3525 2282 3582 ς’.
2306 3519 2367 3571 Et
2391 3520 2568 3573 τοίνυν
2595 3522 2669 3589 μὴ
2692 3521 2948 3573 ὲϐάπτισε
2970 3522 3248 3592 Πνεύματι
3277 3523 3322 3554 ³⁷
3342 3524 3470 3586 τοὺς
3488 3524 3722 3579 ἀποστό-

2137 3601 2259 3664 λους
2292 3602 2386 3654 καὶ
2409 3604 2613 3664 πάντας
2643 3604 2764 3656 καθ’
2795 3605 3030 3674 ἑκάστην
3061 3607 3274 3676 ἡμέραν
3308 3609 3432 3668 τοὺς
3460 3607 3720 3679 βουλομέ-

2137 3701 2280 3747 νους,
2311 3684 2454 3754 ἔχοις
2490 3686 2555 3738 ἂν
2604 3687 2697 3739 καὶ
2740 3689 2868 3757 περὶ
2896 3688 3122 3742 ἐκείνων
3163 3689 3548 3758 ἀμφιϐάλλειν·
3584 3694 3633 3744 εί
3658 3693 3720 3746 δὲ

2136 3767 2196 3818 τὸ
2227 3767 2410 3836 μεῖζον
2440 3770 2531 3820 καὶ
2557 3769 2961 3840 δυσκολώτερον
2995 3767 3132 3824 εἶναι
3160 3772 3369 3836 δοκοῦν,
3415 3774 3510 3827 καὶ
3539 3776 3718 3829 πάντα

2137 3849 2466 3920 ὑπερϐαῖνον
2492 3852 2667 3920 λόγον,
2699 3855 2789 3906 καὶ
2822 3855 3013 3922 γέγονε
3043 3856 3138 3908 καὶ
3162 3857 3284 3909 καθ’
3315 3857 3552 3928 ἑκάστην
3574 3859 3721 3926 γίνε-

2134 3948 2246 3997 ται,
2281 3933 2396 3996 πῶς
2437 3933 2495 3985 τὸ
2543 3935 2761 3988 εὔκολον
2811 3937 2904 3988 καὶ
2950 3938 3090 3991 κατά
3129 3937 3283 4006 λόγον
3327 3940 3606 4010 γινόμενον
3653 3942 3719 3996 οὒ

2137 4015 2243 4084 φῂς
2272 4010 2411 4067 εἶναι
2441 4015 2677 4086 ἀληθές,
2734 4017 2946 4089 Ἐπειδὴ
2969 4019 3078 4088 γάρ
3111 4021 3158 4052 ’⁸
3185 4015 3357 4087 εἶπεν,
3387 4023 3465 4075 ὅτι
3492 4023 3718 4075 Band-

2134 4115 2230 4152 σει
2271 4100 2340 4152 ἐν
2370 4101 2670 4168 Πνεύματι
2697 4100 2844 4168 ἁγιῳ
2886 4098 2987 4152 καί
3017 4098 3162 4165 πυρὶ
3188 4138 3203 4162 ,
3240 4098 3336 4151 καὶ
3377 4099 3585 4168 μεγάλα
3623 4103 3714 4154 ἐν-

2137 4179 2327 4232 τεῦθεν
2343 4181 2385 4211 "
2409 4181 2676 4249 ὑπέσχετο
2707 4179 2909 4246 ἀγαθὰ,
2934 4180 3019 4231 ἵνα
3049 4178 3123 4248 μὴ
3146 4178 3422 4249 ἀναπέσῃς
3442 4179 3552 4232 τῶν
3573 4196 3712 4248 προ-

2134 4260 2311 4326 τέρων
2345 4261 2600 4313 ἁπάντων
2633 4260 2856 4326 ἀφεθεὶς
2878 4302 2894 4324 ,
2927 4259 3180 4327 ἐπήγαγε
3204 4257 3262 4310 τὸ
3292 4257 3461 4310 πτύον
3493 4261 3587 4311 καὶ
3606 4257 3710 4328 τὴν

2135 4337 2222 4390 διὰ
2251 4340 2438 4392 τούτου
2475 4339 2654 4407 κρίσιν
2694 4339 3127 4407 ἐμφαινομένην.
3182 4338 3272 4406 Μὴ
3308 4338 3414 4407 γὰρ
3451 4339 3514 4409 δὴ
3549 4341 3709 4408 νομί-

2137 4432 2290 4483 σητε,
2307 4419 2696 4488 φησὶν,ἀρκεῖν
2709 4423 2768 4471 τὸ
2786 4421 3088 4488 βάπτισμα,
3104 4420 3153 4470 εί
3171 4417 3364 4485 φαῦλοι
3382 4422 3517 4488 μετὰ
3535 4423 3710 4474 ταῦτα

2142 4512 2384 4579 γένοισθε
2413 4529 2425 4540 ·
2455 4512 2536 4564 δεῖ
2558 4512 2666 4581 γὰρ
2705 4513 2834 4581 ἡμῖν
2866 4511 2962 4564 καὶ
3005 4513 3205 4583 ἀρετῆς
3244 4513 3336 4565 καὶ
3379 4514 3577 4583 πολλῆς
3614 4514 3716 4584 τῆς

2142 4593 2475 4659 φιλοσοφίας.
2537 4594 2633 4644 Διά
2696 4593 2852 4646 τοῦτο
2892 4595 2972 4657 είς
3025 4596 3121 4663 μὲν
3155 4596 3254 4663 τὴν
3301 4597 3458 4667 χάριν
3511 4597 3606 4649 καὶ
3651 4597 3716 4649 τὸ

2141 4675 2360 4743 λουτρὸν
2408 4674 2516 4727 ἀπὸ
2557 4675 2654 4744 τῆς
2685 4674 2872 4744 ἀξίνης
2924 4677 3121 4738 αὐτοὺς
3149 4676 3314 4729 ώθεί·
3369 4681 3502 4747 μετά
3532 4678 3587 4730 δὲ
3616 4678 3717 4747 τὴν

2140 4758 2297 4826 χάριν
2353 4756 2460 4808 ἀπὸ
2507 4757 2599 4809 τοῦ
2649 4757 2814 4809 πτύου
2864 4758 3081 4811 καὶτοῦ
3125 4760 3292 4830 πυρὸς
3318 4759 3412 4812 τοῦ
3449 4760 3718 4813 ἀσϐέστου

2140 4838 2330 4905 φοϐεἰο
2361 4841 2452 4891 καὶ
2478 4840 2587 4891 τῶν
2619 4840 2717 4909 μὲν
2764 4841 2868 4910 πρὸ
2905 4841 2997 4893 τοῦ
3041 4843 3411 4913 βαπτίσματος
3459 4843 3716 4912 οὐδεμίαν

2141 4925 2374 4973 ποιεῖται
2426 4921 2718 4990 διάκρισιν,
2762 4922 2878 4974 ἀλλ’
2908 4925 3112 4989 ἁπλῶς,
3159 4923 3288 4979 Πᾶν
3321 4925 3568 4993 δένδρον
3625 4925 3716 4993 μὴ

2141 5003 2354 5055 ποιοῦν
2397 5005 2629 5070 καρπὸν
2681 5005 2872 5057 καλὸν
2931 5008 3310 5071 ἐκκόπτεται,
3369 5010 3520 5078 φησι,
3589 5008 3719 5070 τοὺς

2139 5085 2396 5146 ἀπίστους
2446 5084 2690 5147 ἅπαντας
2726 5087 3000 5150 κολάζων·
3058 5091 3194 5158 μετά
3236 5091 3292 5142 δὲ
3332 5093 3390 5142 τι
3436 5089 3714 5159 βάπτισμα

2137 5164 2398 5232 διαίρεσιν
2427 5181 2548 5215 τινα
2577 5164 2889 5234 ἐργάζεται,
2917 5168 3104 5238 ἐπειδὴ
3139 5167 3321 5220 πολλοὶ
3344 5169 3452 5220 τῶν
3495 5184 3715 5220 πιστευ-

2146 5249 2357 5300 σάντων
2387 5246 2606 5312 ἀνάξιον
2641 5247 2863 5318 ἔμελλον
2899 5253 2998 5321 τῆς
3033 5253 3270 5315 πίστεως
3305 5251 3715 5304 ἐπιδείκνυσθαι

496 5376 538 5445 ¹Α²
562 5373 793 5445 γάρ-οη).
824 5373 897 5445 Λ..
1001 5371 1260 5445 φησίοιιι.
1373 5370 1545 5445 ἷζε-[³ἓ
1569 5371 1611 5400 ¹³
1637 5370 1851 5445 gulam.

2141 5372 2234 5445 καὶ
2263 5368 2405 5445 κατά
2427 5386 2537 5445 (Ἧι.
2562 5369 2630 5422 Α.
2725 5371 2824 5445 (ξε.
2862 5373 2906 5445 ﬂ“
2929 5374 3028 5445 μέν
3048 5389 3160 5445 07mt
3185 5373 3252 5445 A_.
3287 5373 3348 5429 Β.
3472 5389 3525 5442 p.
3549 5389 3600 5442 p.
3623 5391 3717 5441 γε-

462 5439 806 5523 γὲσξοαί.¹⁴ἑ⁴ίι¹·
860 5439 1112 5523 μετῇ]
1147 5440 1380 5523 ςητεῖιις
1601 5444 1674 5523 μὴ
1696 5443 1831 5511 ςητῇ
1862 5443 1938 5523 ιχ
1960 5443 2018 5523 β·

2139 5443 2257 5512 τήσῃ
2291 5440 2418 5492 Sav.
2453 5439 2579 5523 Ιξεη.
2619 5439 2882 5523 ςαύτόχ]
2913 5439 3003 5523 τὸν
3033 5444 3193 5523 αὐτόν
3214 5443 3350 5523 [ἔμιξε
3385 5439 3562 5523 ΡιιμΙό
3585 5439 3709 5523 ροσε

453 5513 823 5576 ἐξάκινδύνων
855 5512 917 5566 C.
946 5510 1050 5576 ἒξω
1066 5510 1314 5564 κινδύνου
1342 5511 1401 5562 Ε.
1483 5511 1525 5541 ’⁸
1541 5510 1848 5563 συνίσταται
1866 5511 1998 5564 Edd.

2078 5509 2120 5542 η
2147 5509 2584 5584 παραγινρμένου
2619 5509 2773 5584 E_dd._
2811 5509 2981 5584 ἔστόν
3002 5527 3111 5567 om.
3144 5515 3204 5568 Α.
3231 5512 3289 5566 Β.
3308 5513 3370 5568 C.
3451 5515 3492 5544 ²¹
3518 5509 3710 5584 tab-:6]

453 5581 608 5633 τοῦτο
634 5583 698 5635 Α.
824 5581 924 5635 κᾶν
944 5583 1033 5635 τὸν
1067 5579 1524 5652 πατέρα...νλέγῃ1
1552 5580 1627 5643 ώς
1666 5581 1760 5652 καὶ
1794 5580 2036 5652 τὺννπατι

2139 5597 2152 5652 ξ
2175 5578 2410 5652 ἀλλαχοῦ
2442 5579 2551 5652 γάρ
2568 5579 2730 5652 τοῦτο
2761 5581 2912 5647 λέγει
2941 5581 3002 5634 F.
3053 5585 3255 5651 pariter
3283 5600 3346 5636 ac
3378 5596 3618 5652 panem;
3646 5578 3712 5637 ἀὲ

489 5667 553 5721 ιω
576 5652 708 5721 alibi
741 5651 835 5706 Ge.
911 5655 954 5685 “
991 5648 1368 5720 Ἐπειδηγάρῖ
1398 5648 1524 5703 Εἶτα
1565 5651 1749 5718 ἐπειδή
1779 5648 1842 5702 Α.
1879 5650 1934 5702 Β.
1965 5665 2016 5718 p.

2139 5649 2320 5721 ἀξίνην
2359 5649 2424 5721 _A.
2564 5649 2625 5702 D.
2663 5649 2724 5704 F.
2800 5651 2846 5682 ”
2868 5648 3188 5721 πράγματος
3217 5648 3406 5708 omnes
3439 5654 3540 5706 ιιιοί
3583 5668 3711 5707 cum

489 5667 553 5705 uo
576 5667 703 5704 ιιιιυι
741 5667 835 5706 ue.
911 5667 954 5685 "
996 5667 1205 5720 ἰιπειοη
1237 5667 1368 5720 γαρι
1398 5667 1524 5703 mra
1565 5667 1749 5718 επειοη
1779 5667 1842 5702 A.
1879 5667 1934 5702 Is.
1965 5667 2016 5718 ρ.

452 5667 589 5793 ἔξω.
615 5729 669 5773 el
695 5720 1731 5793 Ιιιιετρρζπαραδείγματος-δεν.[μη-ιιι
1757 5730 1975 5793 s_x_:culus
1989 5737 2036 5773 es

2139 5667 2320 5718 πιςινην
2360 5667 2424 5701 Α.
2466 5667 2526 5703 υ,
2564 5667 2625 5702 υ.
2665 5667 2724 5704 ιε.
2801 5667 2846 5682 ³·
2868 5667 3188 5721 πραγματος
3217 5669 3406 5708 omnes
3439 5669 3540 5706 mc:
3583 5668 3708 5707 cum

2139 5718 2584 5793 lqngefalconiusi
2607 5721 2951 5793 nuualameu
2977 5722 3226 5793 codicum
3248 5721 3708 5793 mentiquejacta,

454 5787 500 5818 ⁵³
533 5786 892 5859 ἀπιστοῦντας
916 5786 1051 5846 ΕίΙιΙξ
1124 5793 1166 5822 ’⁸
1191 5786 1272 5843 ὅτι
1299 5789 1414 5859 καί]
1446 5790 1540 5841 καὶ
1559 5786 1638 5840 ὅτι
1670 5786 1826 5859 A._B.
1857 5797 1910 5843 et
1942 5805 1992 5858 p.

455 5856 752 5928 πνεύματι]
783 5862 838 5911 ὲν
861 5861 1130 5926 πνεύματι
1167 5861 1254 5915 hic
1289 5869 1342 5916 cl
1372 5855 1532 5930 p'aulo
1559 5858 1697 5911 infra
1729 5855 1860 5912 Edd.

2021 5805 2088 5863 p._
2108 5790 2213 5863 καὶ.⁸
2233 5789 2314 5863 δτι
2342 5789 2677 5863 κατακαύσει
2708 5790 2892 5863 ii_d_cm._
2969 5792 3015 5863 1‘
3041 5793 3180 5863 ἁγίῳ
3209 5808 3316 5848 om.
3341 5794 3398 5848 C.
3429 5790 3494 5847 D.
3528 5788 3594 5847 Ρ.
3664 5792 3713 5827 ε’

1955 5859 1999 5891 ἰι
2023 5857 2161 5931 γάρι
2191 5858 2246 5911 δέ
2275 5859 2337 5914 Α.
2369 5858 2428 5913 Β.

2537 5859 2580 5891 ’τ’
2606 5858 2838 5914 ἐνταῦθα
2867 5861 2932 5914 Α.
2969 5859 3026 5915 Β,
3052 5858 3115 5916 Ο.
