4076 6150
400 315 499 370 197

401 523 672 589 baptizabit
696 525 749 578 in
772 525 971 595 Spiritu
995 541 1168 584 sancto
1199 542 1244 586 et
1263 535 1316 587 in
1337 535 1470 605 igne.
1495 535 1679 591 Viden‘
1698 548 1891 608 quanta
1909 540 1978 594 sit

401 612 649 680 Baptistae
688 617 985 684 sapientia?
1010 622 1232 688 Quando
1261 624 1372 695 ipse
1415 627 1686 697 praedicat,
1718 632 1970 686 terribilia

397 704 570 756 omnia
595 705 812 773 praefert
841 725 959 776 qua:
982 711 1033 764 in
1057 714 1380 771 anxietatem
1407 719 1694 788 conjiciunt
1717 738 1730 787 ;
1762 723 1975 792 quando

397 804 575 847 autem
611 797 675 848 ad
703 795 975 854 Christum
1004 804 1184 869 mittit,
1217 807 1352 861 bona
1376 813 1675 876 annuntiat,
1705 830 1822 883 qua:
1860 819 1975 870 ani-

394 899 510 937 mos
547 887 750 952 possint
795 904 1062 946 recreare.
1107 893 1288 964 Neque
1331 900 1473 952 enim
1517 903 1768 969 securim,
1799 921 1973 976 neque

391 975 624 1030 excisam
649 977 921 1045 arborem,
945 983 1026 1036 vel
1062 986 1391 1040 combustam
1423 998 1474 1043 et
1507 990 1559 1044 in
1586 993 1760 1062 ignem
1789 998 1973 1068 conje-

390 1074 554 1126 ctam.
589 1083 764 1137 neque
807 1071 1036 1127 futuram
1066 1076 1198 1130 iram
1245 1077 1296 1131 in
1339 1081 1570 1135 medium
1613 1085 1846 1151 adducit,
1875 1088 1969 1143 sed

391 1167 730 1227 peccatorum
788 1165 1178 1235 remissionem,
1235 1173 1478 1240 supplicii
1531 1178 1766 1244 veniam,
1814 1180 1970 1248 justi-

391 1247 540 1314 tiam,
587 1252 1080 1320 sanctilicationent,
1124 1259 1569 1333 redemptionem,
1599 1267 1962 1337 adoptionem,

387 1337 803 1406 fraternitatem,
865 1343 1175 1403 hereditatis
1215 1355 1544 1410 consortium
1569 1397 1585 1423 ,
1637 1367 1692 1412 et
1735 1360 1964 1428 Spiritus

385 1432 553 1485 sancti
585 1433 853 1500 capiosam
877 1435 1230 1505 largitionem.
1260 1442 1384 1496 llam
1407 1447 1582 1498 omnia
1610 1449 1964 1506 subindicavit

384 1523 591 1587 dicens,
634 1524 921 1592 Baptizubit
965 1544 1049 1581 vos
1078 1530 1129 1582 in
1161 1530 1361 1600 Spiritu
1405 1547 1600 1600 sancto,
1635 1538 1746 1606 ipsa
1793 1553 1962 1595 meta-

382 1614 550 1682 phora
567 1618 750 1684 gratia:
767 1619 973 1687 copiam
999 1621 1294 1678 declarans.
1323 1625 1439 1680 Non
1465 1629 1606 1682 enim
1629 1631 1782 1694 dixit,
1809 1633 1961 1689 Dabit

379 1707 532 1760 vobis
557 1707 811 1776 Spiritum
842 1721 1122 1779 sanctum;
1153 1717 1269 1782 sed,
1301 1715 1587 1784 Baptizabit
1627 1738 1712 1776 vos
1747 1728 1800 1776 tn
1827 1724 1955 1794 Spi-
1978 1702 1995 1711 ’

376 1794 480 1847 ritu
508 1807 715 1860 sancto;
740 1808 795 1852 et
820 1799 956 1870 ignis
979 1804 1251 1860 additione
1276 1807 1670 1865 vehementiam
1701 1823 1755 1867 et
1779 1814 1956 1869 efﬁca-

376 1885 514 1938 ciam
537 1873 718 1955 gratiaa
740 1891 1134 1949 demonstrans.

446 1975 500 2028 5.
544 1975 818 2043 Perpende
859 1981 1014 2050 igitur
1050 2000 1155 2052 quo
1192 1987 1369 2043 animo
1399 1992 1683 2049 verisimile
1709 2005 1792 2050 est
1831 2006 1955 2054 tunc

374 2064 540 2121 fuisse
567 2070 867 2137 auditores,
896 2076 1187 2144 cogitantes
1213 2093 1272 2132 se
1310 2081 1513 2136 similes
1541 2087 1811 2154 prophetis
1843 2106 1955 2142 ma-

372 2157 593 2226 gnisque
635 2159 736 2213 illis
765 2163 891 2216 viris
922 2180 1043 2218 mox
1087 2167 1288 2224 futuros
1321 2186 1458 2226 esse.
1493 2173 1615 2228 Ideo
1645 2177 1785 2230 enim
1819 2179 1952 2248 ignis

371 2252 691 2306 mentionem
721 2254 874 2321 fecit,
904 2267 959 2311 ut
989 2259 1092 2314 illis
1123 2261 1356 2330 ipsorum
1387 2267 1696 2322 memoriam
1727 2285 1948 2325 revoca-

369 2351 470 2397 ret.
515 2345 642 2399 Nam
684 2349 910 2403 maxima
941 2366 1064 2418 pars
1089 2367 1270 2408 earum
1291 2396 1305 2420 ,
1340 2372 1472 2424 quas
1501 2358 1753 2426 habuere,
1787 2362 1950 2417 visio-

370 2451 497 2490 num
519 2478 532 2500 ,
564 2452 659 2505 per
689 2438 861 2507 ignem
887 2455 1182 2509 apparuere
1205 2462 1218 2497 :
1243 2447 1320 2500 sic
1339 2447 1500 2518 Moysi
1526 2451 1574 2504 in
1600 2453 1732 2507 rubo
1758 2455 1945 2525 loquu-

368 2534 454 2580 tus
484 2537 567 2582 est
596 2529 767 2595 Deus,
811 2533 887 2586 sic
925 2536 1068 2588 omni
1112 2538 1305 2605 populo
1345 2540 1395 2592 in
1441 2555 1619 2597 monte
1665 2545 1819 2609 Sina;
1868 2550 1946 2603 sic

366 2613 634 2672 Ezechieli
663 2635 782 2674 cum
823 2623 1158 2680 Cherubinis.
1198 2631 1576 2688 Animadverte
1619 2653 1776 2703 porro
1815 2654 1945 2707 quo-

365 2708 528 2760 modo
553 2711 846 2765 auditorem
882 2715 1108 2779 excitet,
1157 2720 1380 2785 primum
1430 2735 1668 2780 statuens
1708 2727 1758 2781 id
1802 2731 1943 2797 quod

365 2807 485 2865 post
514 2801 613 2853 alia
644 2804 818 2857 omnia
851 2804 1081 2860 futurum
1107 2820 1238 2864 erat.
1267 2813 1558 2880 Oportebat
1583 2821 1724 2874 enim
1755 2822 1942 2878 immo-

364 2889 459 2942 lari
484 2892 708 2961 Agnum,
730 2904 782 2949 et
807 2909 1082 2965 peccatum
1105 2900 1290 2968 deleri,
1321 2905 1646 2963 inimicitiam
1674 2913 1828 2979 solvi,
1857 2931 1944 2970 se-

363 2980 627 3046 pulturam
657 2988 942 3042 succedere
963 3001 1014 3044 et
1039 2995 1505 3058 resurrectionem,
1535 3009 1587 3052 et
1615 3012 1796 3068 postea
1822 3005 1944 3072 Spi-

361 3070 520 3123 ritum
552 3084 789 3128 sanctum
827 3079 1097 3134 advenire.
1142 3086 1210 3136 At
1247 3102 1430 3140 eorum
1473 3089 1600 3142 nihil
1641 3092 1799 3158 dicit;
1845 3095 1940 3151 sed

359 3159 502 3226 quod
534 3171 856 3229 postremum
886 3179 1030 3234 erat,
1065 3173 1291 3238 primum
1322 3179 1524 3243 posuit,
1557 3192 1773 3250 propter
1796 3186 1936 3254 quod

359 3259 553 3306 cxctera
586 3256 764 3310 omnia
792 3257 928 3314 facta
957 3273 1115 3327 sunt,
1159 3267 1406 3335 quodque
1435 3274 1663 3326 maxime
1689 3275 1934 3331 idoneum

359 3351 475 3395 erat
501 3343 566 3396 ad
592 3344 707 3413 ejus
735 3349 1124 3414 prmdicandam
1157 3355 1464 3424 dignitatem
1497 3380 1508 3414 :
1543 3372 1599 3417 ut
1635 3379 1754 3418 cum
1795 3368 1934 3421 didi-

358 3432 487 3484 cerit
520 3435 750 3499 auditor,
781 3453 840 3492 se
869 3447 1068 3495 tantum
1109 3444 1360 3513 Spiritum
1399 3463 1734 3520 accepturum
1775 3473 1896 3513 esse
1917 3503 1931 3525 ,

357 3533 560 3590 quarrat
596 3528 734 3595 apud
761 3533 1103 3600 semetipsum
1130 3541 1394 3606 quomodo
1435 3542 1483 3596 id
1526 3545 1756 3602 futurum
1795 3562 1936 3606 esset

359 3623 576 3678 peccato
605 3617 707 3672 late
735 3633 1018 3689 regnante;
1053 3637 1108 3679 ut
1137 3628 1280 3681 illum
1311 3644 1491 3699 postea
1521 3639 1791 3704 reperiens
1823 3644 1933 3695 sol-

358 3703 594 3771 licitum,
626 3718 679 3763 et
715 3712 780 3764 ad
823 3715 1139 3771 audiendum
1182 3732 1420 3787 paratum
1442 3767 1456 3790 ,
1489 3727 1566 3780 sic
1594 3729 1660 3782 de
1692 3733 1934 3798 passione

356 3809 660 3853 sermonem
690 3801 993 3870 induceret,
1023 3811 1232 3864 nemine
1258 3823 1436 3880 postea
1468 3817 1517 3869 in
1557 3819 1930 3878 oll'endiculum

358 3888 567 3944 labente
585 3893 654 3946 ob
673 3894 972 3950 diuturnam
999 3899 1120 3953 doni
1145 3901 1440 3970 hujusmodi
1462 3915 1929 3978 evspectationem.

359 3977 482 4032 Ideo
528 3996 736 4038 rursum
777 3986 1036 4042 clamabat
1084 4009 1098 4043 :
1141 3992 1273 4047 Ecce
1309 4012 1470 4065 agnus
1514 3977 1642 4065 Dei,
1700 4006 1786 4072 qui
1838 4008 1930 4060 tol-

358 4070 414 4121 tit
442 4083 697 4137 peccatum
741 4078 918 4129 mundi
953 4077 1136 4146 (Joan.
1166 4083 1215 4135 l.
1237 4083 1362 4155 29).
1395 4087 1506 4142 Non
1537 4070 1826 4163 dixin—Qui
1853 4114 1936 4152 re-

360 4161 550 4227 mittit,
582 4163 845 4232 sed_quod
872 4169 1087 4238 majoris
1128 4184 1241 4227 erat
1276 4191 1420 4232 cura:
1453 4194 1516 4234 ac
1555 4161 1927 4255 providentiae,

361 4249 460 4313 Qui
505 4251 654 4304 tollit.
699 4253 816 4308 Non
857 4257 997 4310 enim
1027 4259 1251 4330 idipsmn
1282 4277 1364 4319 est
1405 4249 1714 4338 simpliciter
1753 4249 1934 4333 remit;

361 4346 503 4403 tere,
543 4349 598 4395 et
641 4354 820 4411 postea
865 4363 1155 4406 resumere.
1214 4355 1343 4409 Nam
1390 4359 1516 4413 illud
1564 4362 1682 4418 sine
1725 4369 1932 4434 pericu-

358 4428 410 4481 lo
450 4429 642 4495 fiebat,
686 4433 786 4489 hoc
815 4447 990 4492 autem
1023 4457 1116 4507 per
1154 4454 1378 4501 mortem
1420 4448 1518 4520 (τι).
1562 4428 1765 4511 Rursus
1803 4473 1932 4512 vero

354 4519 598 4587 dicebat,
646 4525 786 4592 quod
824 4527 988 4584 Filius
1035 4532 1125 4588 Dei
1164 4547 1304 4591 esset
1334 4519 1496 4605 (Ibid.
1521 4559 1569 4596 υ.
1595 4545 1708 4617 54).
1732 4548 1928 4606 Verum

412 4760 599 4842 (a),Sie
629 4763 1022 4842 Latin‘e‘Montfq
1055 4771 1253 4842 ,ϐε-εκθ-
1283 4780 1452 4842 autem
1477 4790 1489 4842 ς
1513 4779 1618 4842 μού
1657 4781 1744 4842 γάρ
1786 4785 1915 4833 ἐστιν

347 4820 453 4869 ισόν
492 4823 675 4908 rigebat.
698 4827 876 4908 ἐντελῶς,
898 4831 986 4908 κοιὶ³
1010 4820 1100 4908 ’Ξὸν
1147 4835 1288 4881 αὐτὸν
1309 4837 1575 4885 ἀναλαϐεῖν.
1625 4820 1692 4888 Τδ
1719 4820 1802 4902 ἶιὲν
1825 4848 1914 4908 γᾴρ

349 4882 433 4908 ιιι.
455 4899 529 4908 υ...
557 4884 670 4908 .ς..-..
726 4888 881 4908 -.:-___-
942 4906 963 4908 ῃ
1052 4893 1063 4908 ε
1189 4897 1198 4907 ε
1235 4897 1254 4908 Α
1330 4897 1341 4908 ι
1503 4903 1528 4908 ,-
1686 4906 1694 4908 _

1056 4876 1067 4878 ἡ
1150 4876 1282 4881 η--.
1311 4876 1575 4885 ...η-πη.
1633 4876 1691 4888 μ,
1755 4876 1800 4891 ς,
1855 4876 1884 4893 υι

317 4876 320 4879 ’
347 4882 434 4935 ἔξεο
455 4876 672 4964 κινδύνοῖ
704 4876 993 4964 ἐγέγειέὸῌτὸ
1019 4893 1071 4938 δὲ
1095 4897 1210 4964 μεςὰ
1234 4897 1449 4964 θᾳγᾴῖου.
1495 4903 1613 4964 Quae
1657 4876 1913 4964 sicﬂextiliz

345 4953 442 5032 ﬁcari
466 4949 681 5032 pt‘rstsuntI
698 4960 709 4992 :
750 4948 1012 5032 Nou‘idem
1037 4948 1111 5032 est
1134 4955 1426 5032 simpliciter"
1453 4948 1696 5032 reittittere
1711 4948 1912 5032 petit};—

344 5001 454 5087 gem
466 5001 685 5087 IidJest
714 5006 1054 5087 remittentem
1079 5001 1082 5002 ν
1104 5001 1356 5087 pauiu};
1367 5001 1907 5087 ἲ(

344 5061 607 5147 intuitith
624 5062 732 5147 sine,
742 5067 956 5147 periculo
975 5061 1912 5147 Ιὶεῦαῑξὲξπῖἇὸξᾆιαέῆἶιῖᾧιῖέ

345 5125 429 5201 (ad
439 5124 691 5201 litteram.
713 5124 801 5201 hoc
827 5124 996 5201 autem
1015 5124 1134 5201 cum.
1159 5124 1615 5201 maiie)l"oh}iii'§ij
1627 5124 1911 5198 "ﬁi'uiiéiiiiﬁ

341 5186 564 5269 codicum
583 5192 924 5269 auctoritatem
948 5199 1122 5269 secuti,
1145 5186 1525 5269 legamdsoiﬁrév
1539 5186 1630 5269 pro
1643 5209 1723 5269 ’ςὸν
1748 5211 1907 5269 αὐτόν,

341 5247 414 5311 sic
466 5243 937 5333 interpretabimur:
1005 5243 1121 5333 Noti
1146 5243 1455 5333 etii—naidem
1497 5243 1566 5312 es't
1619 5247 1906 5333 (Christum;

339 5302 640 5394 sit'npliciteil'7
664 5309 908 5394 (peccata)
926 5302 1303 5394 ereﬁttitter'e',"iet
1325 5321 1498 5394 'ipsum
1532 5302 1911 5394 ίςξξῖιηιενειῖιᾟί

1168 5364 1186 5368 -
1258 5364 1299 5371 --
1345 5364 1355 5369 -
1532 5364 1774 5379 -.-ηπηωρ
1833 5364 1909 5380 ..._

340 5364 534 5452 missa);
595 5364 768 5452 Errat.
790 5364 953 5451 Mon'l’f.
987 5381 1132 5452 κάμπη.
1163 5364 1385 5452 coniicitr
1414 5387 1613 5452 rescribi
1647 5401 1790 5448 posse
1808 5364 1909 5452 Κ-ι-ἡν

339 5427 486 5506 gs’yﬁv
521 5429 731 5506 (scii‘icel
749 5434 999 5506 ἀμῖαρτίῃ)
1023 5427 1376 5506 ᾀγαλαέέέᾲᾈέι

339 5484 638 5575 idipsuiu‘est
658 5484 903 5551 peccatum
925 5484 1415 5575 diiuittere'ei'ipsum.
1436 5484 1905 5575 aenigma-rdicéitg

339 5547 466 5596 hunc
494 5552 625 5660 eitum
653 5547 849 5604 sensum
873 5547 1909 5626 minimevlicebai'verboideiaiadei‘faiiiit:

339 5620 476 5660 gere.
503 5629 507 5633 ι
598 5626 659 5660 ιτ.

334 5620 476 5668 gere.
503 5629 507 5633 ί
523 5620 659 5660 ωδε-ι.

1507 325 1571 381 ΙΝ
1599 327 2003 383 ΜΑΤἨΙΙΕΗΜ
2043 328 2271 386 llOMlL.
2315 336 2405 390 XI.

402 433 529 490 ipsis
586 432 1095 495 demonstrationem
1148 441 1373 512 adjicit:
1424 459 1544 498 nam
1589 447 1681 512 ait,
1739 446 1858 517 Ipse
1893 453 2013 503 vas'

3572 374 3669 425 l98

2084 458 2257 513 neque
2286 449 2414 505 illud
2449 454 2593 510 clare
2621 458 2929 529 dignitatem
2964 467 3102 523 illius
3130 473 3462 533 audientibus
3494 486 3670 551 expri-

2084 536 2279 592 mebat.
2320 541 2564 600 Nondum
2593 550 2733 604 enim
2765 555 3003 610 sciebant
3031 559 3202 628 ipsum
3225 581 3344 622 esse
3372 575 3664 640 genuinum

2082 624 2271 682 Filium
2306 649 2318 684 :
2348 647 2413 686 ex
2442 635 2582 692 dono
2610 650 2784 696 autem
2815 624 3064 714 Spiritus
3087 657 3255 708 sancti
3308 659 3358 711 id
3373 624 3492 730 jam
3533 681 3666 720 con-

2079 718 2272 774 stabat.
2320 721 2548 795 ldeoque
2594 730 2749 786 Pater
2798 735 3055 794 Joannem
3097 745 3346 814 mittens,
3383 718 3664 822 'diguitatis

2079 806 2215 875 ejus,
2245 812 2334 881 qui
2363 815 2694 886 adveniebat,
2729 823 2827 880 hoc
2853 843 3223 899 argumentum
3248 806 3413 907 dedit,
3438 806 3659 903 dicens:

2079 897 2245 969 Super
2271 919 2417 971 quem
2453 911 2633 965 videris
2672 897 2937 985 Spiritum—
2959 922 3334 984 descendentem
3374 945 3420 987 et
3448 952 3660 992 manen-

2075 997 2193 1056 tem,
2212 991 2294 1045 Itic
2318 1000 2495 1067 estqui
2519 1002 2738 1068 baptizat
2767 1009 2819 1062 in
2845 1010 3043 1080 Spiritu
3071 1029 3245 1074 sancto
3266 1021 3442 1090 (Ῑοαη.
3469 1029 3517 1081 l.
3534 1029 3658 1100 55).

2075 1077 2277 1100 nm”-
2328 1093 2339 1100 .
2465 1091 2516 1100 --
2659 1095 2690 1100 --
2731 1097 2740 1100 -

2074 1077 2406 1152 QuaprOpter
2427 1097 2478 1142 et
2504 1091 2617 1160 ipse
2641 1095 2768 1151 dicit
2797 1117 2808 1153 :
2837 1077 2944 1168 Eua
2970 1105 3070 1158 vidi
3099 1119 3144 1160 et
3175 1077 3513 1171 testimonium
3538 1077 3659 1189 pet:-

2073 1168 2213 1224 hibui
2236 1175 2355 1241 quia
2375 1178 2456 1230 hic
2476 1192 2545 1233 est
2565 1181 2734 1240 Filius
2757 1186 2854 1242 Dei
2875 1191 3036 1256 (Ibid.
3066 1213 3112 1248 υ.
3142 1198 3211 1252 54
3227 1199 3266 1268 ),
3297 1206 3446 1272 quasi
3465 1168 3659 1266 artic

2072 1269 2126 1314 et
2153 1261 2282 1316 illud
2313 1281 2524 1336 quoque
2558 1272 2666 1339 jam
2698 1277 2898 1333 clarum
2939 1261 3484 1358 evaderetilhiinde,
3531 1261 3654 1366 quia

2071 1348 2204 1404 bona
2224 1353 2384 1422 dixit,
2409 1360 2810 1432 auditorcmque
2832 1372 3033 1426 remisit
3053 1384 3211 1444 atque
3231 1379 3445 1450 laxavit,
3470 1401 3654 1443 rursus

2069 1441 2216 1495 illum
2249 1448 2546 1518 restringit,
2593 1469 2660 1507 ne
2689 1455 2738 1508 in
2775 1457 3031 1514 desidiam
3074 1441 3244 1521 cadat.
3291 1441 3654 1545 Tale'qttippc

2066 1543 2174 1585 erat
2205 1533 2510 1593 Iuda-orum
2538 1557 2704 1610 genus
2735 1565 2747 1599 :
2778 1562 2841 1601 ex
2870 1555 3138 1619 prosperis
3167 1556 3272 1610 cito
3311 1565 3652 1622 emollieban-

2067 1628 2171 1686 tur,
2198 1623 2601 1699 deterioresque
2632 1632 2848 1690 ﬁebant.
2894 1639 3124 1711 Ideoque
3163 1661 3348 1702 rursus
3392 1655 3648 1711 terribilia

2064 1711 2267 1768 inducit
2310 1712 2389 1768 his
2430 1721 2604 1775 verbis
2641 1741 2653 1777 :
2689 1725 2776 1778 12.
2819 1727 2978 1794 Cuius
3021 1736 3349 1792 ventilabrum
3392 1744 3444 1794 in
3495 1761 3649 1801 manu

2060 1816 2171 1855 sua.
2204 1804 2456 1872 Superius
2481 1810 2590 1878 jam
2616 1815 2933 1884 supplicium
2958 1838 3371 1895 memoraverat;
3412 1832 3496 1889 hic
3519 1852 3646 1892 vero

2059 1893 2297 1950 Judicem
2327 1899 2544 1967 inducit,
2572 1905 2976 1980 immortalequc
2999 1918 3314 1985 supplicium
3347 1940 3359 1976 :
3388 1941 3506 1979 nam
3534 1930 3643 1985 ait:

2059 1983 2321 2041 Comburet
2353 1992 2524 2058 paleas
2553 1995 2667 2062 igne
2702 1983 3114 2071 inexstingttibili;
3151 2008 3304 2063 Vides
3346 2013 3514 2082 ipsum
3563 2034 3644 2072 rc—

2058 2091 2173 2128 rum
2203 2081 2439 2134 omnium
2474 2084 2752 2141 Dominum
2790 2093 3070 2159 agricolam
3100 2113 3222 2154 esse
3264 2121 3278 2154 :
3321 2119 3641 2176 quamquam

2057 2167 2268 2225 Patrem
2300 2173 2398 2226 hoc
2422 2177 2592 2243 ipsum
2621 2195 2740 2235 esse
2767 2184 2888 2236 alihi
2921 2187 3113 2242 dixerit
3145 2210 3156 2244 :
3193 2192 3347 2247 Pater
3377 2214 3534 2263 meus,
3570 2203 3642 2256 in-

2055 2262 2201 2328 quit,
2233 2266 2456 2335 agricola
2483 2278 2556 2321 est
2581 2269 2756 2338 (Ibid.
2791 2274 2920 2329 15.1
2950 2279 2968 2345 )
3018 2279 3148 2346 Quia
3181 2285 3321 2337 enim
3351 2262 3641 2354 dixit,SSe-

2053 2353 2219 2417 curis,
2254 2371 2320 2408 ne
2350 2366 2560 2424 putares
2590 2376 2699 2414 rem
2734 2363 2914 2420 labore
2943 2385 3076 2436 opus
3105 2373 3318 2441 habere,
3363 2396 3458 2435 nec
3486 2383 3638 2441 facile

2054 2441 2278 2497 discerni
2311 2460 2463 2512 posse
2486 2488 2499 2512 ,
2531 2449 2632 2501 alio
2660 2456 2904 2522 exemplo
2935 2459 3238 2517 facilitatem
3274 2467 3500 2536 inducit,
3542 2490 3635 2529 os-

2055 2532 2275 2588 tendens
2303 2538 2552 2591 mundum
2579 2549 2743 2595 totum
2773 2545 2912 2600 illius
2933 2563 3051 2604 esse
3078 2567 3091 2603 ε
3124 2569 3227 2608 non
3255 2559 3395 2613 enim
3426 2565 3637 2629 puniret

2050 2622 2274 2679 alienos.
2295 2625 2441 2681 Nunc
2461 2646 2586 2683 vero
2607 2634 2779 2686 omnia
2805 2640 3062 2704 permixta
3084 2657 3222 2698 sunt.
3251 2647 3470 2706 Etiamsi
3490 2658 3630 2711 enim

2049 2711 2367 2768 frumentum
2394 2717 2584 2784 luceat,
2609 2733 2839 2778 attamen
2862 2743 2980 2781 cum
3006 2732 3154 2798 palea
3182 2739 3407 2802 positum
3432 2755 3530 2802 est.
3553 2756 3633 2800 ut.-

2050 2811 2173 2868 pote
2200 2803 2250 2856 in
2281 2820 2400 2859 area
2425 2849 2438 2870 ,
2467 2823 2573 2861 non
2607 2811 2657 2863 in
2691 2813 2904 2869 horreo.
2940 2819 3088 2876 'l‘unc
3113 2836 3290 2880 autem
3320 2835 3496 2885 omnia
3524 2835 3634 2890 «lis-

2046 2903 2354 2948 cernentur.
2385 2896 2483 2951 Ubi
2515 2915 2656 2956 nunc
2681 2917 2806 2958 sunt
2835 2907 2906 2960 illi
2934 2912 3022 2979 qui
3048 2914 3346 2982 gehennam
3377 2938 3499 2979 esse
3524 2942 3628 2982 non

2045 2984 2311 3038 credunt?
2341 2988 2547 3043 Etenim
2575 2991 2681 3047 duo
2711 3001 2906 3065 posuit,
2937 3011 2990 3055 et
3017 3004 3402 3073 haptizaturum
3432 3032 3549 3070 esse
3576 3021 3626 3072 in

2045 3073 2244 3140 Spiritu
2286 3088 2504 3144 sancto,
2553 3093 2603 3135 et
2647 3087 3044 3146 comhusturum
3091 3111 3193 3150 non
3241 3103 3539 3160 credentes.
3572 3109 3625 3163 Si

2044 3164 2201 3234 igitur
2231 3168 2355 3222 illud
2386 3169 2740 3241 credendum,
2783 3190 2834 3233 et
2882 3182 2981 3237 hoc
3020 3188 3179 3243 etiam
3222 3208 3459 3259 prorsus.
3486 3200 3619 3255 Pro~

2041 3266 2158 3323 pter
2216 3257 2315 3311 hoc
2370 3261 2514 3316 enim
2575 3274 2853 3337 utrumque
2905 3275 3184 3344 praedixit,
3223 3257 3294 3335 ut
3346 3286 3414 3339 ab
3466 3291 3622 3345 unius

2041 3346 2397 3412 praedictionis
2426 3364 2617 3406 eventu
2638 3395 2652 3416 ,
2687 3357 2838 3411 alteri
2873 3361 3002 3415 fides
3030 3380 3132 3419 non
3161 3382 3461 3440 negaretur.
3491 3379 3623 3436 Nam

2039 3444 2093 3488 ct
2121 3434 2362 3491 Christus
2393 3439 2444 3494 id
2475 3457 2578 3496 non
2608 3461 2728 3498 raro
2755 3448 2876 3502 facit
2905 3470 2918 3504 :
2949 3469 3090 3522 sarpe
3118 3458 3166 3510 in
3201 3461 3263 3515 iis
3291 3463 3418 3532 ipsis
3439 3469 3617 3535 rebus,

2039 3538 2181 3592 saepe
2210 3528 2367 3582 etiam
2403 3530 2452 3582 in
2480 3537 2759 3590 contrariis
2779 3579 2794 3602 ,
2826 3539 2956 3595 duas
2982 3559 3255 3613 apponens
3280 3557 3619 3625 prophetias,

2039 3630 2260 3682 quarum
2289 3632 2444 3673 unam
2473 3623 2689 3679 exhibet
2715 3627 2980 3697 impletatn
3002 3676 3015 3697 ,
3048 3637 3270 3695 alteram
3298 3623 3617 3715 implendam

2041 3707 2327 3773 promittit,
2359 3721 2414 3763 ut
2443 3713 2508 3766 ab
2534 3730 2594 3768 ea
2616 3757 2629 3778 ,
2660 3732 2776 3786 qua:
2796 3721 2904 3788 jam
2947 3727 3154 3794 evenit,
3199 3707 3417 3791 alteram
3441 3782 3456 3805 ,
3503 3758 3620 3811 qua:

2039 3799 2270 3853 nondum
2310 3806 2504 3870 evenit,
2538 3808 2620 3861 vel
2666 3816 3107 3875 contentiosiores
3133 3825 3371 3880 credant.
3407 3799 3616 3888 Etenim

2039 3889 2102 3941 iis
2124 3889 2208 3957 qui
2239 3903 2455 3960 propter
2479 3896 2647 3964 ipsum
2678 3904 2854 3958 omnia
2879 3907 3202 3978 reliquerint,
3228 3923 3533 3988 centuplum
3565 3926 3615 3977 in

2040 3983 2284 4046 prmsenti
2313 3986 2508 4038 saeculo
2535 4001 2593 4041 se
2622 3989 2864 4044 daturum
2908 3997 3170 4064 pollicitus
3208 4015 3320 4071 est,
3365 4020 3419 4062 et
3457 4012 3615 4067 vitam

2037 4079 2288 4123 a'lernam
2321 4073 2372 4125 iu
2405 4074 2582 4130 futuro
2612 4079 2816 4147 (Marc.
2851 4086 2934 4139 10.
2967 4088 3112 4158 50),
3141 4107 3204 4146 ex
3252 4095 3343 4158 iis,
3386 4114 3502 4168 qua:
3531 4104 3616 4157 hic
3679 4091 3681 4094 1

2036 4159 2247 4224 dantur,
2283 4161 2452 4217 futura
2479 4165 2582 4221 ﬁde
2602 4168 2756 4238 digna
2790 4174 3037 4231 reddens.
3064 4180 3116 4233 ld
3141 4186 3280 4251 quod
3303 4159 3458 4242 etiain
3493 4192 3617 4248 fecit

2035 4252 2266 4309 Joannes
2289 4297 2304 4319 ,
2336 4268 2617 4329 utrumque
2646 4279 2876 4332 ponens,
2916 4279 2970 4323 et
2999 4274 3136 4340 quod
3168 4276 3396 4346 baptich
3420 4283 3470 4336 in
3493 4286 3616 4355 Spi-’

2037 4344 2137 4397 ritu
2164 4356 2366 4409 sancto,
2398 4357 2454 4402 et
2481 4353 2618 4420 quod
2649 4357 2924 4411 cotuburat
2958 4362 3074 4430 igne
3105 4365 3539 4442 inexstinguibili.

2106 4436 2157 4490 6.
2199 4438 2253 4493 Si
2301 4441 2474 4510 itaque
2506 4459 2609 4496 non
2640 4446 2922 4514 baptizavit
2969 4453 3018 4506 in
3064 4453 3261 4523 Spiritu
3307 4436 3610 4536 apostolos,

2036 4541 2206 4594 neque
2237 4528 2380 4593 illos,
2425 4535 2512 4600 qui
2557 4537 2790 4604 quotidie
2832 4540 3082 4610 baptizari
3123 4549 3349 4617 vellent,
3396 4555 3463 4609 de
3510 4558 3613 4613 illis

2033 4619 2190 4672 etiam
2219 4622 2488 4678 dubitandi
2523 4627 2693 4682 locmn
2726 4631 2981 4697 haberes;
3010 4637 3052 4688 si
3085 4653 3210 4692 vero
3241 4642 3290 4695 id
3321 4647 3461 4712 qttod
3496 4667 3611 4704 ma-

2029 4710 2115 4776 jus
2159 4721 2211 4766 et
2253 4713 2518 4772 difﬁcilius
2556 4734 2674 4773 esse
2715 4721 3006 4790 videbatur,
3049 4738 3102 4782 et
3142 4733 3280 4798 quod
3309 4710 3608 4797 sermonem

2031 4815 2242 4854 omnem
2275 4815 2488 4872 superat
2511 4848 2524 4870 ,
2565 4817 2616 4862 et
2648 4808 2842 4865 factum
2879 4823 2986 4874 est,
3030 4821 3340 4891 etquotidic
3362 4822 3607 4893 edicitur,

2031 4885 2154 4961 quid
2183 4909 2356 4950 causae
2384 4906 2468 4951 est
2494 4913 2589 4952 cur
2614 4901 2662 4953 id
2690 4903 2829 4970 quod
2862 4905 3014 4960 facile
3041 4917 3094 4962 et
3122 4915 3409 4970 secundum
3443 4925 3610 4976 ratio~

2032 4999 2152 5037 ncm
2192 4994 2301 5048 est,
2333 5003 2516 5041 verum
2559 5004 2664 5042 non
2708 5006 2826 5046 esse
2858 4993 3043 5048 dicas?
3067 4999 3199 5064 Quia
3247 5007 3388 5060 enim
3427 5011 3561 5066 dixit
3594 5057 3605 5067 .

2029 5071 2310 5139 Baptizabit
2339 5077 2390 5129 in
2421 5077 2618 5146 Spiritu
2644 5093 2817 5135 sancto
2843 5093 2887 5136 et
2926 5086 2976 5138 in
3019 5088 3163 5158 igne,
3205 5102 3257 5147 ct
3297 5112 3482 5168 magna
3525 5101 3610 5156 hic

2029 5164 2274 5230 promisit
2302 5164 2468 5232 bona,
2500 5183 2566 5221 ne
2608 5171 2786 5224 animo
2832 5177 3160 5243 concideres,
3197 5185 3459 5250 prioribus
3487 5208 3606 5244 oat-

2030 5253 2186 5307 nibus
2215 5255 2486 5323 neglectis,
2512 5260 2859 5316 ventilabrum
2887 5264 3110 5334 induxit,
3137 5281 3189 5325 et
3210 5272 3465 5342 judicium
3493 5279 3608 5333 sive

2029 5347 2290 5400 delectum
2321 5363 2418 5417 per
2445 5349 2544 5404 hoc
2575 5351 2687 5406 fieri
2715 5356 2950 5411 solitum.
2980 5359 3058 5414 Ne
3089 5365 3283 5430 putetis
3311 5369 3488 5431 enim,
3521 5373 3605 5422 in-

2027 5439 2168 5506 quit,
2196 5439 2512 5507 baptismum
2538 5444 2784 5502 sullicere
2803 5489 2816 5509 ,
2846 5451 2890 5503 si
2917 5451 3142 5521 improbi
3171 5467 3348 5522 postea
3379 5458 3603 5528 fueritis;

2029 5545 2159 5596 opus
2185 5532 2380 5601 quippe
2401 5533 2556 5589 nobis
2580 5545 2661 5590 est
2683 5548 2735 5593 et
2760 5541 2954 5597 virtute
2978 5555 3031 5597 el
3059 5546 3217 5598 multa
3248 5532 3602 5622 philosophia.

2024 5615 2306 5689 Propterea
2350 5624 2616 5682 lavacrum
2643 5629 2694 5682 in
2721 5632 2943 5699 gratiam
2977 5633 3120 5702 ipsos
3147 5650 3174 5687 a
3207 5641 3377 5692 securi
3408 5643 3491 5696 illa
3521 5647 3601 5704 tle-
