4076 6150
451 291 552 347 199

446 407 596 476 pellit
625 405 698 477 (a)
726 414 781 463 et
810 405 1061 462 transfert
1088 419 1102 456 :
1138 413 1257 475 post
1280 405 1503 477 gratiam
1540 412 1717 457 autem
1743 416 1775 455 a
1805 399 2026 457 ventila-

447 498 546 551 bro
571 507 625 552 et
656 500 775 566 igne
803 496 1215 567 inexstinguibili
1245 502 1443 557 terret,
1474 501 1530 548 et
1550 491 1745 545 nullam
1768 490 1892 545 facit
1913 488 2025 543 dis-

446 588 759 642 tinctionem
802 602 987 643 eorum
1033 587 1124 655 qui
1167 584 1400 640 nondum
1442 582 1690 653 baptizati
1724 590 1884 653 sunt,
1933 578 2029 633 sed

445 678 767 747 generaliter
807 678 875 731 ait
909 693 922 729 :
960 676 1137 730 Omnis
1160 676 1328 737 arbor,
1357 690 1471 739 quia
1497 689 1597 729 non
1639 672 1761 742 facit
1808 675 2024 743 fructum

446 770 629 823 bonum
649 810 663 833 ,
696 769 967 834 excidatur,
996 766 1234 825 infideles
1260 779 1447 821 omnes
1472 765 1724 834 puniens;
1754 771 1876 833 post
1898 762 2027 832 bap-

446 861 601 914 tisma
646 871 821 913 autem
875 859 1266 917 distinctionem
1318 854 1601 927 quamdam
1655 853 1852 919 efficit;
1904 854 2025 923 quia

446 953 594 1005 inulti
623 968 808 1006 eorum
837 953 922 1022 qui
950 951 1225 1005 credidere
1248 991 1263 1013 ,
1290 948 1394 1004 fide
1432 949 1697 1017 indignam
1727 948 1890 1002 vitam
1925 946 2035 1000 du-

444 1044 581 1096 cturi
600 1053 769 1097 erant.
794 1042 960 1097 Nemo
979 1044 1156 1111 itaque
1177 1042 1325 1110 palea
1348 1039 1457 1104 ﬁat,
1478 1053 1635 1092 nemo
1653 1039 1723 1094 sit
1742 1039 2019 1102 fluctuans,

442 1146 615 1201 neque
644 1133 822 1203 pravis
850 1132 1223 1200 cupiditatibus
1249 1131 1319 1185 sit
1346 1131 1587 1184 addictus
1605 1170 1618 1193 ,
1648 1128 1717 1182 ita
1742 1137 1797 1181 ut
1819 1128 1886 1183 ab
1922 1128 2025 1182 illis

442 1220 598 1275 facile
624 1222 855 1292 undique
877 1223 1123 1292 jactetur.
1152 1220 1206 1276 Si
1232 1221 1371 1275 enim
1411 1221 1731 1274 frumentum
1770 1231 2021 1281 maneas,

441 1313 649 1367 etiamsi
682 1314 902 1367 tentatio
928 1313 1155 1383 ingruat,
1187 1312 1317 1365 nihil
1345 1312 1466 1365 mali
1495 1325 1745 1380 passurus
1773 1324 1832 1364 es
1858 1328 1871 1363 :
1899 1325 2020 1367 nam

441 1402 495 1456 in
524 1418 650 1457 area
692 1394 826 1459 rotae
870 1418 1061 1457 currus
1102 1402 1342 1459 sulcandi
1382 1402 1685 1456 facultatem
1730 1401 2018 1467 habentes,

440 1493 764 1548 frumentum
787 1508 892 1548 non
917 1494 1194 1558 scindunt;
1217 1494 1263 1547 si
1287 1509 1414 1548 vero
1436 1494 1486 1546 in
1514 1493 2023 1563 paleaefragilitatem

442 1582 727 1647 incideris,
772 1592 825 1638 et
869 1583 955 1639 hic
995 1583 1324 1640 intoleranda
1375 1584 1622 1654 patieris,
1667 1584 1734 1637 ah
1774 1584 2022 1637 omnibus

439 1678 707 1741 concisus,
738 1689 792 1730 et
823 1675 931 1730 illic
958 1676 1271 1745 supplicium
1303 1676 1418 1730 lues
1442 1685 1717 1731 aeternum.
1748 1673 1846 1741 Qui
1876 1673 2019 1728 enim

440 1766 577 1823 tales
600 1776 756 1833 sunt,
779 1777 1064 1838 antequam
1085 1766 1355 1823 fornacem
1384 1768 1526 1822 illam
1552 1767 1777 1821 futuram
1803 1765 2017 1832 adeant,

441 1857 880 1915 irrationabilium
908 1858 1188 1913 affectuum
1219 1858 1306 1913 hic
1333 1874 1451 1913 esca
1479 1857 1798 1923 efficiuntur,
1822 1865 1883 1912 ut
1922 1872 2018 1928 pa-

440 1946 540 2004 leae
554 1956 680 2003 sunt
705 1948 979 2003 brutorum
1001 1949 1153 2004 cibus
1181 1966 1194 2002 :
1226 1959 1278 2004 et
1304 1949 1411 2004 illic
1429 1964 1612 2003 rursus
1628 1949 1847 2006 materia
1862 1959 1916 2003 et
1931 1950 2011 2004 ci-

439 2041 541 2098 bus
569 2041 705 2112 ignis
733 2051 909 2098 erunt.
941 2042 996 2100 Si
1022 2043 1198 2097 statim
1229 2043 1451 2099 dixisset
1484 2062 1496 2096 :
1528 2042 1645 2112 Ipse
1670 2042 1928 2114 iudicabit
1950 2042 2019 2098 de

436 2132 679 2198 actibus;
711 2147 1018 2188 sermonem
1061 2149 1166 2187 non
1200 2134 1270 2186 ita
1301 2133 1628 2202 probabilem
1658 2133 1972 2189 reddidisset
1999 2151 2015 2200 ;

435 2238 557 2276 cum
583 2232 760 2284 autem
792 2222 1094 2292 parabolam
1122 2222 1435 2289 admiscuit,
1474 2233 1528 2278 et
1566 2239 1659 2294 per
1685 2240 1802 2280 eam
1840 2226 2017 2280 omnia

439 2312 792 2382 dispensavit,
821 2312 873 2368 id
902 2310 968 2367 ad
999 2311 1425 2383 persuadendum
1450 2314 1617 2383 magis
1653 2323 1832 2383 aptum
1871 2325 2014 2381 erat;

438 2411 493 2456 et
520 2417 642 2456 eum
680 2401 870 2473 majori
909 2402 1279 2459 consolatione
1314 2402 1610 2458 auditorem
1641 2406 1901 2460 trahebat.
1938 2404 2019 2459 ld-

436 2494 580 2550 circo
609 2492 728 2549 illos
755 2509 898 2566 saepe
927 2494 1026 2551 hac
1052 2495 1259 2551 ratione
1283 2496 1588 2566 alloquitur,
1629 2510 1835 2560 aream,
1879 2512 2016 2551 mes-

436 2598 549 2641 sem
574 2623 590 2648 ,
641 2586 882 2655 vineam,
927 2587 1179 2653 torcular,
1224 2602 1406 2658 agrum
1426 2628 1443 2654 ,
1476 2602 1759 2658 sagenam,
1790 2589 2015 2658 piscium

436 2684 738 2745 capturam,
768 2686 821 2733 et
847 2677 1024 2732 omnia
1050 2694 1168 2746 qua:
1194 2679 1245 2733 iti
1285 2692 1381 2733 usu
1416 2689 1605 2746 erant,
1647 2688 1702 2734 et
1741 2680 1792 2735 in
1826 2681 2017 2751 quibus

435 2767 809 2836 versabantur,
837 2770 1015 2825 verbis
1055 2771 1167 2826 suis
1205 2771 1525 2827 admiscens.
1579 2774 1634 2829 Id
1678 2774 1819 2843 quod
1855 2776 2014 2832 etiam

435 2855 670 2927 Baptista
701 2858 788 2913 hic
812 2858 954 2925 fecit,
978 2860 1346 2931 dictorumque
1370 2862 1653 2918 maximam
1680 2864 2015 2921 demonstra-

435 2948 634 3003 tionem
677 2938 952 3018 protulit,
980 2951 1212 3021 Spiritus
1253 2955 1420 3008 sancti
1467 2954 1683 3009 donum.
1729 2956 1827 3023 Qui
1871 2958 2012 3011 enim

434 3046 637 3093 tantum
668 3050 877 3109 posset,
907 3049 963 3095 ut
991 3042 1148 3096 etiam
1177 3051 1390 3110 peccata
1419 3044 1729 3111 dimitteret,
1762 3056 1816 3101 et
1842 3045 2012 3115 Spiri-

433 3138 544 3183 tum
573 3130 744 3195 daret,
780 3131 890 3186 haec
922 3132 1090 3187 multo
1127 3133 1293 3204 magis
1335 3134 1509 3190 facere
1536 3137 1767 3205 poterit,
1814 3137 2009 3193 aiebat.

432 3219 619 3278 Viden’
643 3223 910 3293 quomodo
928 3223 1038 3294 jam
1068 3225 1475 3294 prmrnitteretur
1494 3228 1807 3297 mysterium
1834 3243 2012 3283 resur-

431 3312 683 3369 rectionis
710 3323 763 3368 et
791 3312 1014 3382 iudicii?
1044 3314 1110 3370 Et
1136 3329 1237 3386 qua
1276 3314 1345 3370 de
1381 3331 1575 3385 causa,
1620 3319 1859 3388 inquies,
1905 3334 2012 3376 non

430 3408 675 3477 prmdixit
693 3422 754 3462 ea
777 3423 894 3476 quae
916 3414 1036 3462 mox
1063 3407 1129 3463 ab
1153 3409 1245 3463 illo
1266 3409 1469 3466 edenda
1490 3419 1645 3466 erant
1664 3412 1813 3481 signa
1833 3420 1887 3466 et
1910 3413 2009 3465 mi-

429 3501 644 3555 racula?
671 3502 805 3569 Quia
836 3503 938 3557 hoc
968 3503 1032 3558 iis
1059 3506 1302 3558 omnibus
1330 3507 1498 3573 majus
1524 3514 1673 3571 erat,
1701 3515 1755 3560 et
1795 3515 2011 3576 propter

428 3589 532 3644 hoc
557 3592 645 3645 illa
671 3593 848 3646 omnia
879 3593 1017 3647 edita
1047 3603 1190 3646 sunt.
1217 3593 1349 3647 Nam
1392 3609 1511 3648 cum
1550 3607 1708 3663 caput
1749 3606 2007 3665 poneret,

428 3680 605 3733 omnia
635 3680 1115 3748 complectebatur,
1147 3683 1333 3737 mortis
1370 3684 1689 3741 solutionem
1710 3728 1725 3753 ,
1767 3696 2008 3756 peccato-

429 3786 545 3823 rum
570 3769 1024 3837 destructionem;
1052 3774 1434 3829 maledictionis
1456 3778 1775 3833 amotionem
1793 3821 1809 3845 ,
1834 3795 1864 3833 a
1890 3780 2009 3835 diu-

430 3864 601 3919 turnis
627 3864 778 3919 bellis
806 3864 1173 3921 liberationem
1198 3907 1215 3931 ,
1258 3867 1551 3938 ingressum
1584 3870 1636 3923 in
1664 3872 1963 3940 paradisum
1989 3914 2003 3938 ,

426 3970 704 4011 ascensum
731 3956 783 4011 in
811 3957 1035 4024 cadum,
1079 3959 1238 4014 vitam
1277 3975 1397 4015 eum
1436 3962 1636 4030 angelis
1672 3962 2002 4028 ducendam,

424 4047 721 4105 futurorum
772 4048 1033 4105 bonorum
1076 4050 1424 4106 consortium.
1469 4050 1601 4107 Nam
1647 4052 1748 4108 hoc
1795 4054 2004 4109 illorum

426 4140 615 4209 pignus
641 4150 742 4196 εει.
776 4140 908 4195 Cum
938 4157 1066 4212 ergo
1096 4142 1223 4197 illud
1254 4142 1508 4206 dixisset,
1539 4145 1671 4201 dixit
1698 4146 1858 4201 etiam
1888 4161 2004 4201 cor-

425 4244 614 4300 porum
655 4232 1139 4298 resurrectionem,
1168 4234 1313 4302 signa
1342 4233 1426 4287 hic
1468 4235 1638 4297 edita,
1680 4239 1827 4308 regni
1869 4253 2003 4293 con-

423 4324 681 4389 sortium,
709 4334 763 4379 et
789 4324 926 4378 bona
948 4365 964 4389 ,
1002 4325 1131 4391 Qum
1167 4326 1344 4380 oculus
1383 4343 1485 4382 non
1526 4328 1684 4393 vidit,
1727 4330 1866 4384 auris
1903 4346 2003 4384 non

422 4413 634 4479 audivit,
656 4422 705 4467 et
728 4414 781 4467 in
798 4430 885 4467 cor
901 4414 1116 4467 hominis
1134 4430 1234 4468 non
1253 4416 1581 4471 ascenderunt
1602 4420 1678 4487 (1.
1704 4420 1820 4473 Cor.
1843 4420 1896 4475 2.
1922 4421 1999 4491 9).

424 4504 551 4560 Ιιωο
577 4506 773 4574 quippe
797 4504 975 4559 omnia
1005 4519 1101 4573 per
1127 4505 1326 4559 donum
1365 4506 1493 4561 illud
1535 4506 1688 4563 nobis
1715 4510 2000 4578 praebebat.

419 4593 760 4664 Superfluum
791 4594 967 4664 itaque
994 4602 1109 4648 erat
1135 4594 1202 4648 de
1229 4595 1390 4664 signis
1429 4596 1571 4666 loqui
1610 4612 1734 4653 mox
1775 4599 2001 4667 futuris,

419 4700 474 4744 et
501 4689 776 4745 oculorum
803 4688 1004 4759 judicio
1033 4688 1347 4758 probandis;
1394 4689 1488 4744 sed
1517 4688 1586 4746 de
1625 4691 1731 4745 illis
1769 4703 1883 4747 erat
1924 4694 2002 4747 lo-

420 4780 691 4849 quendum
714 4781 781 4835 de
803 4781 996 4850 quibus
1018 4779 1331 4835 dubitabant
1352 4779 1459 4843 illi;
1489 4795 1710 4850 nempe,
1748 4782 1887 4851 quod
1916 4783 2003 4839 Fi-

419 4870 526 4924 lius
554 4868 646 4924 Dei
675 4880 844 4936 esset,
874 4872 1014 4941 quod
1041 4871 1300 4927 Joannem
1329 4870 1444 4925 sine
1470 4871 1575 4924 ulla
1604 4874 2000 4941 comparatione

422 4961 783 5032 praecederet,
814 4964 953 5031 quod
982 4963 1189 5019 tolleret
1218 4971 1490 5032 peccatum
1519 4963 1724 5031 mundi,
1755 4966 1897 5034 quod
1933 4967 2000 5023 de

420 5052 676 5123 operibus
706 5052 965 5108 rationem
993 5065 1275 5109 exacturus
1300 5064 1477 5120 esset,
1510 5055 1651 5124 quod
1677 5064 1858 5111 nostra
1893 5074 1996 5113 non

420 5153 605 5202 essent
628 5144 980 5215 praesentibus
1004 5145 1163 5199 rebus
1190 5144 1610 5215 circumscripta,
1636 5146 1730 5201 sed
1763 5147 1870 5203 illic
1888 5148 1999 5203 sin-

416 5240 527 5311 guli
578 5237 793 5309 dignum
841 5236 1153 5306 supplicium
1198 5237 1381 5293 luituri
1430 5248 1629 5297 essent.
1679 5239 1806 5296 Hice
1851 5241 1997 5296 enim

416 5332 590 5388 oculis
615 5329 880 5400 subjicere
910 5337 1035 5382 tunc
1060 5344 1167 5382 non
1196 5328 1405 5385 licebat.

489 5422 541 5475 7.
581 5419 797 5475 Herulis
826 5419 1107 5475 exhortatio
1118 5434 1139 5483 ;
1182 5417 1424 5475 bonorum
1464 5422 1629 5490 gratia
1658 5420 1794 5478 Deus
1835 5423 1996 5478 malos

444 5664 453 5674 .
479 5605 553 5665 (a)
589 5613 848 5674 Lavacrum
869 5621 900 5659 α
923 5604 1084 5659 securi
1119 5603 1315 5668 depellit
1337 5617 1416 5655 eos
1432 5638 1447 5664 ,
1482 5603 1529 5654 id
1564 5612 1659 5665 est,
1683 5616 1712 5654 a
1734 5606 1992 5654 commina-

416 5669 554 5713 tione
583 5670 790 5719 sectaris.

1147 290 1205 346 S.
1244 287 1521 346 JOANNIS
1557 283 2030 343 CIIRYSOSTOMI
2067 282 2387 342 ARCHIEP.
2426 284 2959 345 CONSTANTINOP.

3612 300 3718 357 200

2133 401 2234 468 fert
2271 400 2539 468 patienter.
2570 431 2644 441 —
2672 402 2795 457 Haec
2822 404 2996 473 itaque
3020 419 3139 460 eum
3168 407 3397 463 sciamus
3421 449 3437 475 ,
3461 429 3713 484 magnum

2132 488 2480 545 adhibeamus
2508 492 2759 556 studium,
2779 494 2903 548 dum
2928 496 2979 549 in
3001 511 3124 551 area
3149 511 3333 553 sumus
3368 518 3381 552 :
3414 499 3539 556 licet
3566 504 3707 556 enini

2133 577 2220 634 hic
2234 584 2569 639 versantibus
2588 599 2656 637 ex
2675 586 2825 655 palea
2848 587 2898 640 in
2925 588 3152 642 triticum
3178 593 3437 656 converti,
3459 595 3710 660 quemad-

2134 672 2347 727 modum
2378 690 2445 729 ex
2476 676 2649 731 tritico
2693 679 2842 731 multi
2882 679 3029 747 palea
3069 690 3192 734 sunt
3228 681 3373 736 facti.
3418 682 3497 740 Ne
3536 685 3713 753 itaque

2130 765 2493 831 cencidamus,
2520 784 2690 838 neque
2710 771 2851 822 omni
2882 780 3039 824 vento
3060 772 3512 835 circumferamur,
3541 792 3713 845 neque

2131 855 2478 909 scindamura
2502 856 2751 913 fratribus
2776 861 2993 924 nostris,
3021 861 3143 915 licet
3160 864 3331 931 exigui
3354 873 3408 916 et
3432 867 3565 919 viles
3593 882 3714 921 esse

2130 944 2427 1000 videantur.
2455 946 2584 1000 Nam
2614 957 2668 1001 ct
2700 948 3020 1003 frumentum
3047 952 3192 1017 palea
3224 953 3401 1006 minus
3426 963 3526 1017 est,
3546 972 3713 1024 quan-

2134 1042 2242 1088 tum
2273 1035 2340 1088 ad
2371 1051 2693 1103 mensuram,
2717 1049 2969 1107 quantum
2997 1040 3061 1094 ad
3092 1050 3335 1095 naturam
3363 1055 3560 1109 autem,
3592 1063 3711 1101 me-

2131 1123 2251 1177 lius.
2289 1124 2366 1179 Ne
2392 1126 2571 1179 saeculi
2600 1142 2820 1196 pompas
2850 1128 3101 1197 respicias
3134 1148 3147 1183 :
3180 1146 3300 1185 nam
3330 1133 3431 1186 illa:
3453 1134 3559 1202 igni
3588 1145 3711 1190 sunt

2130 1225 2358 1285 paratae;
2391 1218 2486 1271 sed
2517 1234 2635 1272 eam
2661 1236 2777 1289 qua:
2805 1221 3097 1275 secundum
3128 1222 3294 1277 Deum
3320 1233 3401 1277 est
3440 1224 3707 1279 humilita-

2131 1315 2235 1361 tem
2260 1348 2275 1370 ,
2307 1308 2529 1362 solidam
2561 1309 2705 1363 illam
2725 1350 2741 1375 ,
2779 1311 3193 1367 indissolubilem
3216 1354 3231 1378 ,
3265 1330 3383 1383 quae
3413 1316 3703 1370 scindi’nc-

2128 1406 2320 1465 queat,
2364 1413 2536 1466 neque
2577 1399 2644 1451 ab
2686 1400 2808 1469 igne
2847 1402 3108 1456 comburi.
3160 1403 3380 1473 Propter
3424 1405 3520 1460 hos
3562 1410 3704 1462 enim

2129 1488 2310 1557 paleas
2337 1491 2599 1557 patienter
2615 1491 2734 1555 fert,
2754 1502 2807 1547 ut
2834 1509 2896 1547 ex
2930 1493 3138 1548 illorum
3160 1498 3430 1550 consortio
3458 1498 3707 1553 meliores

2129 1577 2272 1631 fiant.
2318 1579 2440 1635 Ideo
2484 1580 2718 1635 nondum
2756 1582 3012 1650 judicium
3052 1594 3168 1650 est,
3211 1597 3266 1639 ut
3295 1602 3481 1641 omnes
3512 1590 3709 1657 pariter

2125 1681 2477 1737 coronemur,
2516 1680 2573 1723 ut
2608 1686 2637 1723 τι
2673 1671 2905 1740 nequitia
2936 1675 3084 1727 multi
3114 1674 3180 1728 ad
3208 1676 3452 1729 virtutem
3479 1691 3705 1732 conver-

2127 1766 2320 1813 tantur.
2356 1759 2782 1817 lnhorrescamus
2803 1764 2975 1832 igitur,
3000 1764 3135 1819 hanc
3161 1766 3462 1834 parabolam
3484 1770 3704 1824 audien-

2126 1856 2225 1904 tes.
2256 1850 2464 1905 Etenim
2488 1852 2929 1923 inexstinguibilis
2946 1864 3027 1909 est
3051 1856 3137 1911 ille
3165 1857 3318 1926 ignis.
3347 1858 3410 1911 Et
3434 1862 3704 1929 quomodo

2125 1941 2603 2012 incsstinguibilis?
2653 1944 2877 2015 inquies.
2924 1947 3113 1999 Annon
3153 1946 3303 2001 vides
3352 1948 3492 2004 hunc
3534 1952 3700 2006 solem

2124 2048 2336 2101 semper
2360 2036 2667 2101 ardentem,
2705 2044 2758 2091 et
2802 2053 3087 2105 numquam
3129 2039 3487 2094 exstinctum?
3522 2057 3700 2097 annon

2124 2125 2299 2180 vidisti
2328 2127 2515 2181 rubum
2541 2128 2853 2196 ardentem,
2885 2139 2936 2182 et
2968 2146 3071 2183 non
3096 2131 3469 2186 combustum?
3505 2132 3560 2189 Si
3600 2136 3700 2189 ita-

2122 2232 2226 2285 que
2260 2227 2315 2271 et
2352 2218 2463 2286 ipse
2490 2220 2570 2273 vis
2606 2219 2870 2274 flammam
2914 2220 3179 2290 effugere,
3226 2222 3699 2280 immisericordem

2122 2321 2243 2361 esse
2268 2306 2411 2376 prius
2436 2308 2630 2363 desiste
2653 2350 2668 2374 ,
2708 2308 2890 2379 sicque
2933 2310 3130 2364 nullum
3163 2327 3339 2365 sumes
3382 2315 3517 2383 ignis
3561 2316 3700 2369 illius

2119 2400 2561 2465 experimentum.
2589 2397 2718 2453 Nam
2744 2400 2789 2453 si
2822 2400 2907 2455 hic
2933 2415 2994 2455 ea
3019 2416 3136 2470 qua:
3163 2402 3431 2467 dicuntur,
3455 2406 3699 2460 credide-

2124 2485 2218 2551 ris,
2247 2501 2367 2540 eum
2395 2486 2516 2541 illuc
2543 2490 2940 2558 transmigrabis
2959 2531 2973 2555 ,
3005 2488 3276 2546 fornacem
3309 2510 3412 2547 non
3444 2494 3648 2549 videbis
3678 2514 3693 2550 :

2121 2576 2164 2628 si
2190 2585 2369 2631 autem
2398 2576 2484 2631 hic
2507 2594 2610 2633 non
2633 2580 2944 2647 credideris,
2970 2582 3078 2637 illic
3100 2590 3350 2651 expertus
3368 2596 3515 2640 certo
3536 2588 3694 2653 scies,

2120 2667 2331 2735 quando
2358 2667 2588 2739 effugere
2611 2670 2742 2724 ultra
2766 2686 2870 2724 non
2894 2674 3110 2741 poteris.
3141 2674 3445 2731 lnevitabile
3470 2693 3697 2748 namque

2120 2758 2435 2826 supplicium
2476 2770 2558 2814 est
2600 2762 2662 2814 iis
2701 2762 2789 2830 qui
2827 2772 2972 2817 recte
3011 2764 3171 2818 vitam
3200 2780 3301 2819 non
3333 2766 3690 2822 instituerunt.

2118 2847 2300 2918 Neque
2337 2851 2477 2903 enim
2517 2850 2712 2906 sufficit
2751 2860 2950 2906 tantum
2995 2854 3244 2920 credere;
3273 2871 3392 2909 nam
3424 2856 3694 2914 dar-mones

2122 2939 2284 2992 Deum
2316 2940 2593 2995 horrentes
2624 2943 2843 3009 timent,
2876 2944 2967 2998 sed
3005 2944 3349 2999 nihilominus
3374 2947 3695 3001 cruciabun-

2120 3039 2222 3083 tur.
2269 3026 2627 3096 Quamobrem
2669 3034 2832 3087 multa
2876 3033 3028 3088 nobis
3066 3035 3334 3104 diligentia
3361 3046 3442 3089 est
3467 3051 3600 3105 opus
3624 3037 3692 3091 ad

2118 3120 2277 3173 vitam
2304 3119 2701 3176 instituendam.
2738 3121 2860 3177 ldeo
2887 3139 3115 3194 namque
3144 3124 3228 3179 hic
3260 3140 3355 3180 vos
3390 3126 3696 3195 frequenter

2116 3223 2518 3279 eongregamus,
2558 3227 2662 3265 non
2692 3220 2752 3265 ut
2791 3212 2894 3268 huc
2934 3214 3300 3283 ingrediamini
3342 3224 3566 3281 tantum,
3596 3216 3691 3271 sed

2116 3308 2174 3353 ut
2215 3315 2281 3355 ex
2326 3300 2426 3356 hac
2465 3303 2692 3355 statione
2731 3303 2960 3373 aliquem
2998 3302 3224 3358 fructum
3270 3304 3614 3373 percipiatis:
3646 3307 3692 3361 si

2117 3407 2245 3446 vero
2269 3407 2482 3461 semper
2517 3393 2801 3460 acccdatis,
2833 3411 2896 3449 ac
2915 3397 3031 3450 sine
3070 3396 3177 3450 ullo
3202 3395 3372 3450 fructu
3407 3397 3689 3462 recedatis,

2114 3481 2247 3536 nihil
2272 3498 2337 3537 ex
2366 3483 2607 3553 ingressu
2636 3492 2689 3538 et
2714 3499 2968 3539 consessu
2994 3485 3144 3539 vobis
3170 3486 3299 3540 lucri
3327 3486 3563 3541 accedet.
3596 3486 3691 3541 Et-

2113 3573 2254 3626 enim
2281 3572 2326 3626 si
2345 3588 2464 3627 cum
2490 3589 2680 3641 pueros
2695 3573 2760 3628 ad
2777 3575 3169 3645 ludimagistros
3191 3577 3468 3639 mittimus,
3487 3577 3530 3630 si
3561 3577 3689 3633 nihil

2113 3678 2207 3717 eos
2232 3662 2354 3718 inde
2385 3662 2587 3718 fructus
2614 3663 2815 3719 referre
2840 3665 3112 3719 videamus
3131 3707 3145 3729 ,
3175 3665 3567 3736 ludimagistros
3594 3681 3687 3722 ve-

2114 3754 2391 3809 hementer
2435 3756 2771 3822 incusamus,
2815 3763 2864 3811 et
2909 3756 2975 3810 ad
3018 3757 3151 3811 alios
3197 3771 3341 3826 saepe
3380 3757 3683 3812 mittimus:

2112 3858 2267 3914 quam
2305 3846 2700 3900 excusationem
2741 3845 3089 3915 proferemus,
3129 3847 3171 3901 si
3216 3863 3319 3902 non
3362 3848 3601 3902 eamdem
3632 3848 3686 3902 in

2112 3937 2323 4003 virtute,
2369 3952 2525 4006 quam
2567 3937 2621 3991 in
2655 3938 2876 3992 terrenis
2913 3937 3070 3991 rebus
3095 3938 3439 3992 adhibeamus
3467 3938 3686 4007 diligen-

2113 4027 2259 4093 tiam,
2279 4028 2371 4082 sed
2396 4042 2587 4081 vacuas
2612 4042 2823 4096 semper
2852 4026 3056 4080 tabulas
3075 4027 3289 4081 domum
3312 4037 3645 4095 reportemus
3660 4028 3687 4078 Ῥ

2109 4115 2438 4185 Quamquam
2466 4116 2644 4185 plures
2666 4124 2721 4170 et
2744 4117 2971 4185 majores
3001 4116 3086 4170 hic
3114 4118 3350 4184 magistri
3378 4124 3519 4171 sunt.
3550 4116 3683 4171 Nam

2111 4208 2398 4278 prophetas
2422 4218 2476 4263 et
2502 4209 2771 4277 apostolos
2800 4218 2853 4263 et
2874 4209 3218 4277 patriarchas,
3237 4218 3289 4263 et
3305 4210 3476 4278 jnstos
3496 4224 3685 4263 omnes

2111 4298 2165 4351 in
2192 4296 2418 4369 singulis
2441 4298 2787 4352 conventibus
2812 4298 3143 4353 adhibemus.
3186 4300 3254 4352 At
3280 4314 3344 4352 ne
3365 4301 3441 4353 sic
3469 4299 3682 4369 quidem

2110 4389 2300 4457 aliquis
2339 4389 2605 4458 profectus
2634 4387 3081 4457 deprehenditur;
3114 4389 3207 4443 sed
3242 4401 3517 4458 postquam
3548 4390 3684 4443 duos

2110 4487 2286 4532 tresve
2325 4479 2557 4547 psalmos
2593 4477 2961 4532 succinueritis
2984 4519 2999 4545 ,
3030 4486 3085 4533 et
3106 4487 3387 4532 consuetas
3414 4478 3684 4532 orationes

2107 4568 2463 4638 perfunctorie
2491 4569 2793 4632 emiserltis,
2817 4568 3017 4638 egressi
3043 4568 3255 4632 deinde,
3288 4569 3480 4637 putatis
3510 4567 3560 4622 id
3589 4584 3683 4620 vo-

2107 4658 2191 4713 bis
2219 4657 2285 4711 ad
2315 4658 2537 4711 salutem
2578 4670 2699 4711 esse
2740 4657 2887 4711 satis.
2928 4657 3041 4711 Non
3085 4658 3307 4711 audistis
3347 4656 3679 4727 prophetam,

2108 4750 2215 4801 imo
2246 4748 2409 4801 Deum
2441 4763 2532 4817 per
2558 4748 2870 4819 prophetam
2898 4748 3162 4802 dicentem
3191 4767 3205 4803 :
3236 4747 3468 4820 Populus
3494 4749 3575 4802 hic
3601 4750 3681 4802 la-

2108 4839 2200 4892 biis
2224 4856 2300 4892 me
2319 4840 2531 4893 honorat
2555 4854 2573 4891 :
2593 4856 2678 4892 cor
2697 4850 2862 4892 autem
2883 4856 3055 4892 eorum
3074 4840 3221 4909 longe
3243 4849 3315 4893 est
3344 4856 3376 4891 a
3402 4856 3478 4894 me
3510 4837 3682 4907 (Isai.

2107 4929 2195 4984 29.
2229 4929 2342 4997 l5).
2368 4929 2446 4984 Ne
2475 4929 2630 5000 igitur
2658 4928 2785 4982 illud
2812 4930 2971 4983 etiam
2994 4929 3150 4983 nobis
3173 4929 3397 4995 accidat,
3418 4928 3538 4982 dele
3564 4926 3685 4982 lite-

2108 5034 2212 5086 ras,
2241 5021 2353 5074 sive
2384 5019 2559 5087 potius
2587 5019 2946 5087 characteres,
2976 5034 3113 5088 quos
3138 5018 3381 5075 diabolus
3410 5020 3681 5088 impressit

2108 5112 2159 5165 in
2185 5111 2359 5166 anima
2391 5120 2498 5177 tua,
2518 5121 2572 5165 et
2590 5110 2721 5164 affer
2737 5111 2863 5164 mihi
2886 5127 2980 5166 cor
2999 5111 3343 5167 smeularihus
3370 5111 3683 5166 tumultibus

2105 5215 2326 5255 vacuum
2348 5239 2365 5266 ,
2394 5208 2453 5254 ut
2477 5214 2574 5268 pro
2603 5199 2771 5253 lnbito
2798 5216 2915 5270 quae
2940 5201 3071 5257 mihi
3102 5202 3343 5270 placeant
3373 5201 3680 5257 inscribam.
3738 5262 3741 5263 ν

2104 5290 2255 5345 Nunc
2284 5294 2479 5359 quippe
2502 5288 2631 5343 nihil
2660 5289 2731 5343 ibi
2755 5290 2895 5344 aliud
2920 5291 3137 5361 agnosci
3167 5298 3377 5361 potest,
3407 5289 3510 5344 nisi
3541 5289 3683 5343 illius

2104 5380 2291 5441 literaz,
2312 5394 2366 5431 ra
2374 5379 2511 5447 pium
2522 5378 2786 5445 videlicet,
2804 5380 3043 5445 avaritia,
3064 5380 3279 5446 invidia,
3300 5379 3454 5434 livor.
3480 5377 3683 5433 ldcireo

2102 5486 2223 5525 cum
2248 5469 2450 5524 tabulas
2467 5478 2671 5526 vestras
2688 5471 2910 5540 accipio,
2927 5486 2994 5525 ne
3011 5469 3186 5540 legere
3204 5470 3417 5540 quidem
3440 5481 3678 5538 possum.

2103 5560 2285 5630 Neque
2310 5560 2451 5615 enim
2482 5560 2600 5616 illas
2625 5560 2693 5615 ibi
2722 5560 2935 5616 invenio
2971 5560 3151 5615 literas
3171 5601 3185 5626 ,
3214 5574 3347 5630 quas
3371 5573 3468 5615 nos
3492 5555 3679 5612 diebus

2104 5653 2384 5711 dominicis
2413 5653 2766 5711 inscrihcntes
2795 5652 2865 5709 ibi
2892 5652 3272 5723 relinquimus;
3301 5651 3395 5707 sed
3424 5650 3554 5705 alias
3584 5662 3683 5718 pro
