4076 6150
459 262 564 318 I99

459 379 595 448 βίον.
630 377 677 413 ³ο
703 381 910 451 Μηδεὶς
932 384 1110 438 τοίνυν
1145 385 1379 454 γινέσθω
1408 385 1630 456 ἄχυρον,
1665 386 1854 454 μηδεὶς
1885 384 2031 454 εὑρί-

457 477 650 526 πιστος
691 463 854 525 ἔστω,
901 467 1037 535 μηδέ
1080 471 1200 531 ταῖς
1246 471 1507 537 πονηραῖς
1545 468 1861 537 ἐπιθυμίαις
1893 484 2030 538 προ-

458 544 682 607 κείσθω,
709 548 988 618 πανταχοῦ
1022 551 1220 621 ῥᾳδίως
1259 549 1352 603 ὑπ’
1386 549 1566 602 αὐτῶν
1599 547 2029 620 ἀναρριπιζόμει

457 645 565 691 νος.
604 629 702 680 “Av
739 631 839 699 μὲν
869 633 980 702 γὰρ
1020 633 1210 705 μείνῃς
1239 636 1418 696 σῖτος,
1459 632 1562 686 κᾶν
1597 631 1902 702 πειρασμὸς
1937 633 2035 684 ἐπ-

458 710 673 781 ενεχθῇ,
691 711 846 764 οὐδὲν
867 713 1030 785 πείσῃ
1052 715 1222 768 δεινόν
1242 733 1254 746 ·
1276 715 1497 785 καὶγὰρ
1519 714 1664 767 κατά
1682 713 1782 782 τὴν
1798 713 1911 766 amo
1935 714 2033 782 τῆς

457 791 673 862 ἀμάξης
697 795 748 846 οἱ
777 797 964 865 τροχοὶ
995 798 1046 849 οἱ
1076 798 1510 868 πριστηροειδεῖς
1537 797 1632 850 τὸν
1652 800 1797 850 σῖτον
1829 797 1891 850 οὐ
1913 797 2032 849 δια-

458 876 754 944 τέμνουσιν
773 892 787 906 ·
812 877 878 930 ἂν
898 879 958 930 δέ
987 881 1066 942 είς
1088 879 1292 952 ἀχύρου
1321 879 1636 951 μεταπέσῃς
1653 880 1694 910 ³⁸
1722 878 2030 944 ἀσθένειαν,

459 959 553 1011 καὶ
581 958 820 1012 ἐνταῦθα
867 961 1145 1030 ἀνήκεστα
1189 962 1353 1032 πείσῃ
1393 961 1726 1030 κοπτόμενος
1762 961 1867 1013 ὑπὸ
1895 961 2034 1014 πάν-

456 1056 583 1100 των,
604 1039 699 1092 καὶ
720 1042 838 1094 ἐκεῖ
854 1042 953 1110 τὴν
973 1042 1240 1096 ἀθάνατον
1263 1043 1548 1115 ὑποστήσῃ
1569 1043 1808 1096 κόλασιν.
1835 1045 1898 1095 Οἱ
1924 1043 2033 1112 γὰρ

456 1120 690 1174 τοιοῦτοι
725 1122 925 1186 πάντες
952 1125 1047 1176 καὶ
1081 1126 1189 1196 πρὸ
1219 1125 1319 1194 τῆς
1342 1127 1459 1178 ἐκεῖ
1475 1126 1706 1195 καμίνου
1728 1126 1903 1197 τροφὴ
1919 1128 2032 1188 τοῖς

454 1203 670 1270 ἀλόγοις
705 1205 945 1272 γίνονται
973 1207 1205 1260 ἐνταῦθα
1239 1209 1489 1270 πάθεσιν,
1517 1208 1704 1279 ὥσπερ
1738 1211 1798 1262 τὸ
1831 1210 2033 1280 ἄχυρον

453 1288 565 1348 τοῖς
592 1286 806 1355 ἀλόγοις
827 1289 1012 1352 ζώοις·
1047 1291 1140 1343 καὶ
1165 1292 1281 1342 ἐκεῖ
1311 1291 1472 1345 πάλιν
1498 1290 1597 1361 ὕλη
1627 1293 1720 1345 καὶ
1752 1292 1926 1362 τροφὴ
1955 1292 2032 1362 τῷ

454 1368 606 1438 πυρί.
640 1369 715 1422 Τὸ
734 1370 832 1440 μὲν
854 1367 946 1423 οὖν
969 1373 1142 1423 εἰπεῖν
1172 1372 1233 1435 ἐξ
1253 1372 1489 1436 εὐθείας,
1519 1374 1601 1425 ὅτι
1625 1373 1795 1436 Αὐτὸς
1821 1373 2031 1427 δικάσει

453 1451 567 1511 τοῖς
595 1450 922 1520 γινομένοις,
948 1453 1046 1521 οὐχ
1074 1452 1246 1516 οὕτως
1277 1453 1450 1506 ἐποίει
1487 1454 1894 1524 εύπαράδεκτον
1937 1453 2031 1507 τὸν

453 1529 638 1599 λόγον’
669 1532 728 1584 τὸ
751 1533 810 1584 δὲ
835 1533 1094 1602 ἀναμίξαι
1117 1536 1217 1604 τὴν
1252 1535 1584 1605 παραϐολήν,
1610 1536 1704 1587 καὶ⁵
1723 1535 1812 1588 διὰ
1828 1535 2032 1606 ταύτης

453 1615 866 1668 κατασκευάσαι
891 1615 953 1667 τὸ
973 1617 1102 1676 πᾶν,
1132 1615 1332 1685 μᾶλλον
1355 1615 1561 1678 ἔπειθε,
1581 1618 1676 1669 καὶ
1697 1617 1836 1687 μετὰ
1853 1617 2032 1670 πλείο-

450 1711 542 1758 νος
588 1697 946 1766 παραμυθίας
997 1697 1282 1764 ἐφείλκετο
1331 1697 1422 1750 τὸν
1462 1699 1758 1769 ἀκροατήν.
1803 1699 1894 1750 Διὸ
1936 1699 2032 1751 καὶ

449 1778 522 1830 τὰ
543 1777 764 1830 πλείονα
796 1776 971 1841 οὕτως
992 1779 1176 1840 αὐτοῖς
1193 1779 1357 1843 αὐτὸς
1382 1781 1429 1810 ³¹
1453 1779 1780 1849 διαλέγεται,
1825 1781 2026 1844 ἀλωνα,

452 1859 548 1912 καὶ
579 1860 811 1929 ἀμητὸν,
845 1861 942 1913 καὶ
972 1860 1294 1930 ἀμπελῶνα,
1329 1862 1424 1914 καὶ
1437 1861 1619 1932 ληνὸν,
1642 1863 1736 1915 καὶ
1764 1863 2027 1935 ἄρουραν,

447 1944 549 1997 καὶ
577 1944 843 2014 σαγήνην,
868 1944 960 1996 καὶ
991 1943 1145 2014 [157]
1184 1945 1390 2008 άλείαν,
1410 1946 1504 1998 xal
1529 1945 1706 1998 πάντα
1730 1946 1800 1999 τὰ
1822 1945 2026 2017 συνήθη

455 2025 551 2076 καὶ
579 2025 637 2076 ἐν
666 2018 748 2086 οἷς
774 2026 1122 2094 ἐστρέφοντο,
1145 2027 1259 2089 τοῖς
1280 2026 1459 2094 λόγοις
1487 2027 1680 2096 μιγνὺς
1697 2030 1809 2090 τοῖς
1837 2028 2025 2082 αὐτοῦ.

453 2108 632 2177 Ὅπερ
665 2103 758 2161 οὖν
794 2110 888 2161 καὶ
925 2109 954 2160 ό
993 2109 1306 2178 Βαπτιστὴς
1345 2107 1579 2162 ἐνταῦθα
1608 2111 1901 2181 πεποίηκε,
1934 2111 2029 2164 καὶ

449 2189 727 2254 ἀπόδειξιν
767 2189 1032 2260 μεγίστην
1067 2191 1371 2262 παρέσχετο
1408 2191 1518 2244 τῶν
1557 2193 1886 2264 εἰρημένων,
1927 2193 2027 2264 τὴν

447 2270 541 2323 τοῦ
567 2271 885 2341 Πνεύματος
910 2272 1076 2326 δόσιν.
1123 2273 1184 2325 '0
1222 2274 1332 2343 γὰρ
1352 2273 1590 2326 τοσαῦτα
1616 2274 1932 2344 δυνάμενος,
1951 2275 2028 2339 ὼς

456 2355 554 2406 καὶ
592 2355 970 2424 ἁμαρτήματα
1005 2356 1245 2424 ἀφεῖναι,
1293 2356 1390 2408 καὶ⁸
1431 2357 1657 2428 Πνεῦμα
1693 2357 1898 2422 δοῦναι,
1931 2358 2027 2412 καὶ

444 2434 620 2490 ταῦτα
661 2435 840 2506 πολλῷ
891 2436 1092 2506 μᾶλλον
1139 2437 1452 2506 δυνήσεται,
1491 2439 1676 2508 φησίν.
1727 2435 1881 2502 Εἶδες
1908 2439 2026 2502 πῶς

452 2519 554 2589 ήδη
584 2519 644 2572 τὸ
671 2520 967 2589 μυστήριον
998 2519 1306 2582 ἀκολούθως
1339 2521 1807 2590 προκατεϐάλλετο
1838 2522 1882 2554 ³³
1925 2525 2025 2592 τῆς

445 2600 802 2662 ἀναστάσεως
851 2601 945 2654 καὶ
994 2600 1096 2671 τῆς
1154 2601 1420 2671 κρίσεωςς
1471 2603 1582 2655 Kal
1627 2602 1772 2666 τίνος
1810 2602 2019 2667 ἕνεκεν,

447 2683 633 2751 φησὶν,
665 2683 765 2735 οὐκ
802 2678 924 2735 εἷπε
958 2682 1029 2736 τά
1058 2682 1264 2746 εὐθέως
1292 2683 1527 2753 ἐσόμενα
1556 2684 1688 2754 παρ’
1725 2683 1888 2737 αὐτοῦ
1929 2701 2026 2753 ση-

449 2767 576 2833 μεῖα
603 2765 696 2816 καὶ
719 2764 925 2833 τέρατα
950 2781 966 2831 ;
998 2766 1120 2818 Ὀτι
1144 2764 1303 2818 τοῦτο
1331 2766 1517 2836 μεῖζον
1539 2767 1792 2820 ἁπάντων
1814 2763 1904 2837 ἦν,
1931 2768 2025 2820 καὶ

443 2847 531 2899 διά
551 2847 709 2900 τοῦτο
738 2847 784 2878 ³⁸
808 2848 988 2902 πάντα
1009 2848 1194 2901 ἐκεῖνα
1224 2849 1453 2915 ἐγίνετο.
1485 2848 1560 2900 Τὸ
1588 2849 1696 2919 γὰρ
1731 2850 2023 2918 κεφάλαιον

444 2928 580 2992 θεὶς,
611 2929 788 2982 πάντα
811 2929 1101 2998 περιέλαϐε
1124 2946 1138 2960 °
1163 2930 1394 2984 θανάτου
1410 2929 1584 2993 λύσιν,
1609 2933 2023 3002 ἁμαρτημάτων

443 3011 747 3082 ἀναίρεσιν,
769 3013 1012 3082 κατάρας
1040 3010 1366 3082 ἀφανισμὸν,
1390 3013 1497 3066 τῶν
1517 3013 1745 3083 χρονίων
1770 3015 2023 3085 πολέμων

442 3093 766 3165 ἀπαλλαγὴν
788 3135 802 3156 ,
841 3094 940 3164 τήν
978 3096 1059 3156 είς
1095 3095 1186 3146 τὸν
1214 3094 1544 3165 παράδεισον
1564 3096 1787 3158 εἴσοδον,
1819 3097 1919 3168 τὴν
1942 3099 2023 3165 είς

441 3178 703 3247 οὐρανοὺς
725 3177 911 3231 ἄνοδον
934 3178 1000 3241 ³⁸,
1021 3176 1119 3248 τὴν
1153 3178 1292 3247 μετά
1315 3177 1564 3245 ἀγγέλων
1588 3178 1885 3244 πολιτείαν,
1917 3181 2017 3250 τὴν

442 3259 551 3313 τῶν
602 3260 904 3329 μελλόντων
948 3259 1172 3328 ἀγαθῶν
1218 3260 1534 3313 κοινωνίαν·
1573 3261 1668 3313 καὶ
1714 3260 1823 3331 γὰρ
1868 3254 2024 3326 οὗτος

442 3342 699 3412 appensa;
750 3342 975 3395 ἐκείνων
1023 3341 1193 3395 ἐστίν.
1241 3342 1426 3394 Είπὼν
1452 3341 1632 3394 τοίνυν
1669 3341 1847 3405 τοῦτο,
1901 3340 2023 3397 εἷπε

446 3423 540 3476 καὶ
564 3422 665 3494 τὴν
695 3423 805 3476 τῶν
852 3423 1124 3492 σωμάτων
1157 3423 1473 3489 ἀνάστασιν,
1517 3425 1610 3476 καὶ
1655 3423 1756 3491 τὴν
1797 3423 1906 3477 τῶν
1936 3426 2022 3477 ἐν-

440 3503 618 3558 ταῦθα
648 3497 1204 3576 σημείωνέπίδειξιν,
1238 3506 1334 3558 καὶ
1357 3505 1456 3576 τὴν
1477 3506 1574 3575 τῆς
1605 3505 1882 3575 βασιλείας
1907 3523 2022 3560 κοι-

441 3588 658 3649 νωνίαν,
683 3587 870 3640 καὶτὰ
898 3587 1099 3656 ἀγαθὰ,
1140 3589 1206 3642 *Α
1243 3589 1554 3656 ὀφθαλμὸς
1585 3591 1696 3642 οὐκ
1731 3585 1872 3654 εἶδε,
1920 3591 2020 3644 καὶ

443 3666 558 3736 οὖς
587 3673 700 3724 οὐκ
725 3671 978 3739 ἤκουσε,
1013 3670 1110 3724 καὶ
1137 3670 1238 3723 ἐπὶ
1277 3671 1531 3738 καρδίαν
1563 3672 1881 3739 ἀνθρώπου
1909 3674 2021 3726 οὐκ

440 3752 646 3820 ἀνέϐη.
679 3753 863 3806 Πάντα
885 3753 994 3823 γάρ
1012 3752 1186 3806 ταῦτα
1213 3753 1281 3805 δι’
1317 3752 1527 3805 ἐκείνου
1554 3753 1648 3806 τοῦ
1684 3755 2020 3824 χαρίσματος

439 3837 577 3904 ἡμῖν
617 3835 946 3906 παρέσχετο.
995 3835 1259 3903 Περιττὺν
1304 3835 1486 3888 τοίνυν
1512 3831 1580 3905 ἦν
1620 3836 1748 3908 περὶ
1791 3837 1898 3890 τῶν
1927 3854 2020 3907 ση-

446 3917 614 3987 μείων
653 3919 827 3969 εἰπεῖν
858 3917 968 3969 τῶν
997 3917 1202 3980 εὐθέως
1233 3917 1640 3986 ἐκϐησομένων,
1675 3917 1770 3971 καὶ
1793 3921 1858 3988 τῇ
1899 3917 2020 3986 ὕψει

443 3999 778 4069 κρινομένων
800 4014 812 4027 ·
846 3999 960 4052 ἀλλ’
989 4000 1129 4070 ὑπὲρ
1155 3996 1377 4053 ἐκείνων
1412 3999 1520 4052 ἔδει
1544 3999 1914 4070 διαλεχθῆναι,
1946 3996 2021 4055 ὧν

441 4081 815 4151 ἀμφέϐαλλον·
841 4075 974 4143 οἷον,
998 4083 1080 4135 ὅτι
1108 4081 1234 4144 Υἱὸς
1262 4080 1397 4135 Θεοῦ
1425 4083 1590 4139 ἐστιν,
1622 4082 1702 4134 ὅτι
1738 4083 2021 4152 ὑπερέχων

441 4163 534 4216 τοῦ
588 4163 832 4217 Ἰωάννου
871 4163 1242 4233 ἀσυγκρίτως,
1294 4165 1376 4216 ὅτι
1425 4166 1572 4234 αἴρει
1611 4164 1710 4235 τὴν
1744 4167 2019 4236 ἁμαρτίαν

441 4246 537 4300 τοῦ
565 4247 793 4318 κόσμου,
828 4248 912 4301 ὅτι
945 4247 1102 4316 δίκην
1125 4247 1421 4317 ἀπαιτήσει
1454 4248 1564 4299 τῶν
1589 4250 2016 4319 πεπραγμένων,

444 4329 620 4382 ὅτιού
665 4329 828 4400 μέχρι
874 4328 968 4382 τοῦ
1018 4329 1288 4399 παρόντος
1319 4329 1388 4382 τά
1437 4327 1698 4401 ἡμέτερα,
1744 4330 1858 4382 ἀλλ’
1907 4333 2023 4384 ἐκεῖ

447 4411 542 4482 τὴν
562 4410 718 4477 ἀξίαν
742 4411 973 4474 ἕκαστος
1002 4411 1369 4481 ὑποστήσεται
1390 4417 1678 4482 τιμωρεῖν.
1712 4411 1895 4466 Ταῦτα
1913 4412 2022 4484 γάρ

443 4493 564 4562 ὕψει
600 4495 951 4565 παραστῆσαι
989 4494 1128 4557 τέως
1166 4493 1266 4547 οὐκ
1290 4489 1379 4564 ἦν.

515 4573 582 4642 ζ’.
604 4576 649 4608 ³⁸
673 4575 839 4632 Ταῦτ’
866 4573 959 4630 οὖν
984 4577 1206 4639 εἰδότες,
1231 4576 1399 4646 πολλῇ
1423 4578 1486 4646 τῇ
1508 4575 1708 4648 σπουδῇ
1738 4576 2018 4647 χρώμεθα,

442 4657 547 4721 ἕως
577 4651 809 4728 ἀνῶμεν
832 4659 891 4710 ἐν
913 4661 980 4728 τῇ
1006 4658 1167 4711 ἆλωνι
1189 4673 1202 4687 ⁸
1235 4659 1329 4710 καὶ
1357 4658 1464 4728 γὰρ
1487 4658 1696 4722 ἔξεστιν
1717 4659 1952 4712 ἐνταῦθα
1974 4661 2017 4691 ³⁷

441 4735 563 4792 οὖσι
596 4742 690 4794 καὶ
713 4739 773 4804 ἐξ
805 4741 1012 4811 ἀχύρου
1039 4740 1440 4811 μεταϐαλέσθαι
1463 4741 1508 4772 ³⁸
1532 4742 1612 4804 είς
1643 4745 1807 4806 σῖτον,
1832 4741 2022 4812 ὥσπερ

442 4819 540 4878 οὖν
569 4825 664 4878 καὶ
689 4825 800 4878 ἀπὸ
837 4826 986 4878 σίτου
1018 4824 1208 4877 πολλοὶ
1229 4825 1517 4892 γεγόνασιν
1550 4824 1774 4895 άχυρον.
1805 4825 1898 4896 Μὴ
1917 4827 2023 4879 τοί-

443 4923 536 4960 νυν
561 4906 945 4975 ἀναπέσωμεν,
988 4907 1126 4976 μηδέ
1161 4907 1349 4978 ἀνέμῳ
1381 4907 1544 4960 παντὶ
1573 4907 2020 4979 περιφερὼμεθα,

445 4989 581 5060 μηδέ
600 4987 712 5041 τῶν
737 4987 982 5056 ἀδελφῶν
1008 4988 1437 5059 άποσχιζώμεθα
1457 4989 1568 5042 τῶν
1589 4989 1894 5060 ἡμετέρων,
1916 4990 2023 5044 κᾶν

446 5071 635 5142 μικροὶ
662 5069 896 5123 δοκῶσιν
923 5066 1062 5123 εἶναι
1097 5071 1193 5122 καὶ
1226 5071 1464 5134 εὐτελεῖς
1491 5088 1505 5102 ·
1542 5073 1665 5125 ἐπεὶ
1693 5072 1787 5125 καὶ
1819 5073 1850 5124 ό
1877 5075 2022 5137 σῖτος

440 5153 537 5207 τοῦ
571 5152 780 5223 ἀχύρου
804 5155 948 5206 κατὰ
992 5153 1093 5223 μὲν
1133 5152 1194 5205 τὸ
1231 5155 1429 5224 μέτρον
1460 5154 1728 5218 ἐλάττων,
1776 5155 1922 5209 κατά
1965 5155 2024 5208 δέ

442 5235 541 5308 τὴν
557 5236 720 5304 φύσιν
743 5235 988 5306 βελτίων.
1008 5235 1103 5305 Μὴ
1114 5235 1180 5306 δὴ
1200 5236 1298 5299 τάς
1316 5237 1516 5300 ἔξωθεν
1535 5239 1842 5306 φαντασίας
1869 5239 1986 5309 ἴδῃς
2003 5254 2018 5268 ·

441 5317 521 5389 τῷ
558 5318 693 5390 πυρὶ
719 5319 826 5389 γάρ
861 5318 969 5370 είσι
997 5321 1542 5390 παρεσκευασμέναι·
1576 5320 1716 5374 ἀλλὰ
1745 5321 1849 5392 τὴν
1875 5319 2021 5375 κατά

1588 265 1654 320 ΙΝ
1693 259 2112 321 ΜΛΤἹῊΑΕΒΜ
2152 264 2386 321 IIOMIL.
2428 266 2518 322 XVI.

3605 269 3709 326 ‘200

2133 382 2268 435 Θεὸν
2289 385 2674 454 ταπεινότητα,
2701 385 2798 456 τὴν
2819 385 3053 455 στερρὰν
3075 385 3277 455 ταύτην
3293 387 3384 438 καὶ
3403 385 3706 454 ἀδιάλυτον,

2133 465 2226 517 καὶ
2251 465 2528 536 τμηθῆναι
2579 467 2654 537 μὴ
2693 466 3019 538 δυναμένην,
3071 468 3205 538 μηδέ
3248 466 3358 522 ύπδ
3399 468 3494 520 τοῦ
3539 468 3714 540 πυιδς

2134 549 2450 616 καιομένην.
2483 549 2581 602 Διά
2612 548 2721 618 γὰρ
2740 549 2963 612 τούτους
2989 550 3083 603 καὶ
3107 549 3184 619 τῷ
3212 549 3400 620 ἀχύρῳ
3435 551 3711 620 μακροθυη

2137 632 2246 699 μεῖ,
2281 630 2368 682 ἵνα
2399 631 2506 682 ἀπὸ
2549 633 2647 701 τῆς
2695 632 2830 703 πρὸς
2857 631 3056 694 αὐτοὺς
3092 631 3310 700 ὁμιλίας
3355 631 3598 700 βελτίους
3628 633 3711 702 γέ-
3747 640 3750 642 ⁷

2133 727 2349 764 νωνται.
2401 711 2498 764 Διά
2541 712 2699 765 τοῦτο
2730 711 2882 765 οὔπω
2928 711 3129 782 κρίσις,
3180 713 3267 768 ἵνα
3311 716 3463 784 κοινῇ
3510 714 3709 777 πάντες

2136 793 2594 864 στεφανωθῶμεν,
2629 795 2714 848 ἳνα
2746 795 2854 849 ἀπὸ
2896 797 3159 867 πονηρίας
3213 797 3399 849 πολλοὶ
3439 798 3710 868 μεταϐλη-

2134 874 2302 927 θῶσιν
2327 877 2372 908 ³³
2389 877 2468 939 είς
2493 877 2716 948 ἀρετήν.
2742 878 3024 949 Φρίξωμεν
3043 879 3242 942 τοίνυν,
3269 879 3367 948 τῆς
3397 879 3710 950 παραϐολῆς

2131 956 2340 1026 ταύτης
2364 957 2675 1021 ἀκούοντες.
2711 959 2821 1012 Καὶ
2842 959 2951 1030 γάρ
2985 960 3248 1014 ἅσϐεστόν
3273 963 3422 1013 ἐστιν
3447 963 3625 1014 ἐκεῖνο
3651 962 3713 1014 τὸ

2134 1039 2265 1107 πῦρ.
2304 1040 2414 1093 Kal
2443 1040 2583 1104 πῶς.
2627 1041 2812 1111 φησὶν,
2841 1042 3138 1108 ἄσϐεστον;
3183 1045 3294 1114 Οὐχ
3323 1045 3456 1115 ὁρᾷς
3501 1045 3713 1097 τουτονὶ

2135 1120 2224 1173 τὸν
2255 1120 2408 1191 ήλιον
2431 1123 2720 1193 καιόμενον
2748 1123 2858 1187 ἀεὶ,
2892 1124 2987 1177 καὶ
3013 1124 3283 1194 μηδέποτε
3317 1125 3708 1195 σϐεννύμενονς

2134 1203 2236 1256 οὐκ
2263 1199 2403 1266 εἶδες
2434 1205 2533 1274 τὴν
2568 1205 2729 1275 βάτον
2768 1204 2921 1278 [158]
2954 1207 3272 1278 καιομένην,
3305 1208 3400 1263 κα)⁸
3433 1209 3509 1279 μὴ
3539 1226 3707 1261 κατα-

2134 1285 2468 1358 καιομένην;
2494 1287 2556 1340 El
2586 1288 2766 1341 τοίνυν
2798 1287 2893 1341 xal
2919 1289 3082 1352 αὐτὸς
3106 1289 3283 1358 βούλει
3308 1291 3587 1359 διαφυγεῖν
3611 1291 3710 1360 τήν

2134 1368 2330 1434 φλόγα,
2362 1369 2462 1439 τὴν
2498 1369 2871 1440 ἐλεημοσύνην
2901 1371 2948 1402 ⁸⁸
2975 1373 3287 1442 προαπόθου
3319 1374 3384 1436 ⁸⁸,
3422 1375 3516 1428 καὶ
3537 1373 3710 1436 οὕτως

2132 1447 2252 1500 οὐδὲ
2282 1451 2479 1520 πεῖραν
2516 1449 2661 1521 λήψῃ
2702 1451 2796 1504 τοῦ
2837 1452 3008 1522 πυρὸς
3051 1454 3279 1506 ἐκείνου.
3320 1454 3417 1507 Ἂν
3454 1454 3552 1525 μὲν
3600 1454 3710 1524 γὰρ

2133 1530 2368 1583 ἐνταῦθα
2394 1532 2692 1602 πιστεύσῃς
2712 1535 2824 1595 τοῖς
2853 1533 3189 1604 λεγομένοις,
3215 1535 3336 1588 οὐδὲ
3356 1536 3476 1606 ὕψει
3493 1536 3590 1606 τὴν
3612 1538 3710 1590 κά-

2137 1629 2291 1681 μινον
2335 1612 2561 1682 ταύτην,
2611 1613 2864 1666 ἀπελθὼν
2915 1617 3127 1668 ἐκεῖσε’
3178 1617 3273 1670 ἐὰν
3304 1617 3361 1669 δὲ
3399 1618 3709 1687 ἀπιστήσῃς

2134 1693 2272 1763 αὐτῇ
2294 1693 2409 1758 νῦν,
2440 1695 2556 1746 ἐκεῖ
2573 1695 2662 1748 διὰ
2676 1696 2774 1765 τῆς
2805 1694 3000 1764 πείρας
3036 1697 3158 1770 εἴσῃ
3184 1698 3384 1761 καλῶς,
3408 1699 3496 1750 ὅτε
3520 1699 3640 1751 οὑδέ
3661 1700 3707 1730 δ’

2129 1774 2413 1844 διαφυγεῖν
2442 1777 2688 1831 δυνατόν.
2719 1778 2829 1830 Kal
2875 1778 2984 1847 γάρ
3014 1780 3388 1850 ἀπαραίτητος
3420 1782 3452 1851 ἡ
3486 1780 3708 1843 κόλασις

2131 1859 2245 1920 τοῖς
2281 1859 2384 1912 οὐκ
2421 1859 2582 1930 ὀρθὸν
2609 1859 3065 1930 ἐπιδεδειγμένοις
3093 1861 3227 1931 βίον.
3261 1863 3396 1915 Οὐδέ
3416 1863 3527 1934 γὰρ
3549 1865 3711 1934 ἀρκεῖ

2128 1938 2192 1991 τὸ
2225 1939 2513 1993 πιστεῦσαι
2541 1941 2722 2012 μόνον·
2757 1942 2880 1994 ἐπεὶ
2909 1943 3004 1995 καὶ
3036 1942 3287 2014 δαίμονες
3316 1945 3598 2014 φρίττουσι
3613 1946 3709 1999 τὸν

2129 2022 2285 2085 Θεὸν,
2342 2023 2480 2077 ἀλλά
2514 2026 2607 2077 καὶ
2635 2023 2778 2077 οὕτω
2823 2026 3461 2096 τιμωρηθήσονται.,Διὺ
3507 2030 3707 2100 πολλῆς

2130 2104 2263 2174 ήμῖν
2289 2106 2387 2175 τῆς
2414 2107 2558 2160 κατὰ
2579 2106 2670 2158 τὸν
2693 2106 2806 2177 βίον
2835 2106 3151 2177 ἐπιμελείας
3174 2109 3272 2162 δεῖ.
3295 2109 3393 2162 Διὰ
3411 2110 3518 2181 γὰρ
3547 2112 3706 2166 τοῦτο

2129 2187 2225 2238 καὶ
2255 2187 2491 2241 ἐνταῦθα
2520 2189 2662 2259 ὑμᾶς
2691 2190 2932 2258 συνεχῶς
2950 2191 3274 2258 συνάγομεν,
3292 2192 3390 2262 οὐχ
3413 2193 3498 2246 ἵνα
3527 2194 3706 2247 εἰσέλ-

2130 2265 2260 2336 θητε
2290 2269 2469 2338 μόνον,
2501 2270 2616 2322 ἀλλ’
2648 2271 2734 2323 ἵνα
2762 2288 2814 2322 τι
2859 2271 2954 2323 καὶ
3001 2271 3367 2344 καρπώσησθε
3394 2275 3492 2343 τῆς
3533 2275 3580 2306 ⁸³
3614 2275 3703 2328 ἐν-

2127 2349 2302 2402 ταῦθα
2329 2350 2611 2422 διατριϐῆς
2634 2369 2647 2382 ι
2683 2352 2750 2404 ἂν
2777 2351 2834 2404 δὲ
2861 2353 3238 2422 παραγίνησθε
3263 2353 3362 2423 μὲν
3390 2355 3496 2414 ἀεὶ,
3535 2355 3705 2426 μηδὲν

2127 2430 2185 2483 δὲ
2223 2431 2478 2484 ἐντεῦθεν
2530 2431 2903 2504 καρπούμενοι
2948 2434 3268 2505 ἀναχωρῆτε
3300 2434 3367 2499 ⁸⁸,
3413 2435 3566 2488 οὐδὲν
3605 2437 3704 2505 τῆς

2126 2511 2362 2565 ἐνταῦθα
2398 2514 2606 2566 εἰσόδου
2643 2515 2736 2568 καὶ
2765 2516 3124 2586 προσεδρείας
3157 2513 3310 2569 ἔσται
3348 2534 3402 2570 τι
3437 2517 3616 2572 πλέον.
3641 2519 3704 2571 Et

2127 2593 2236 2664 γὰρ
2262 2595 2450 2649 παιδία
2484 2596 2622 2667 πρὸς
2650 2596 3004 2660 διδασκάλους
3039 2597 3371 2666 πέμποντες,
3403 2601 3469 2653 ἂν
3507 2600 3704 2670 ἴδωμεν

2126 2676 2334 2728 ἐκεῖθεν
2382 2677 2549 2748 μηδὲν
2582 2678 2960 2749 καρπούμενα,
2999 2679 3220 2750 σφοδροὶ
3251 2682 3545 2752 κατήγοροι
3593 2680 3704 2734 τῶν

2124 2758 2461 2812 διδασκάλων
2498 2759 2785 2830 γινόμεθα,
2831 2763 2928 2816 καὶ
2972 2762 3108 2832 πρὸς
3146 2763 3368 2834 ἐτέρους
3407 2765 3547 2818 αὺτά
3577 2768 3705 2836 μεθ-

2128 2840 2356 2912 ίσταμεν
2379 2842 2427 2874 “
2475 2843 2771 2906 πολλάκις’
2805 2844 2931 2898 τίνα
2974 2844 3168 2915 ἕξομεν
3200 2846 3515 2914 ἀπολογίαν,
3570 2849 3705 2918 μηδέ

2123 2923 2258 2994 ὅσην
2284 2926 2343 2977 ἐν
2357 2928 2469 2988 τοῖς
2486 2927 2692 2995 γηΐνοις
2720 2925 2950 2991 τούτοις,
2978 2927 3247 2998 τοσαύτην
3272 2931 3338 3000 τῇ
3369 2929 3536 3000 ἀρετῇ
3561 2945 3706 3002 παρ-

2125 3006 2341 3075 έχοντες
2388 3007 2488 3078 τὴν
2534 3008 2791 3078 σπουδὴν,
2836 3009 2976 3063 ἀλλά
3022 3009 3184 3073 κενάς
3224 3011 3313 3065 ἀεὶ
3358 3010 3457 3074 τὰς
3488 3012 3704 3078 δέλτους

2123 3089 2306 3142 οἶκαδε
2351 3093 2638 3160 φέροντες;
2689 3093 2882 3146 Καίτοι
2938 3092 3034 3146 καὶ
3081 3092 3301 3158 πλείους
3342 3095 3436 3147 καὶ
3487 3097 3704 3166 μείζους

2122 3165 2361 3225 ἐνταῦθα
2390 3175 2437 3225 oi
2475 3173 2806 3227 διδάσκαλοι.
2840 3175 2950 3228 Kal
2977 3174 3087 3246 γάρ
3117 3178 3424 3246 προφήτας,
3457 3165 3550 3231 καὶ
3571 3179 3704 3232 ἀπο·

2124 3252 2363 3316 στόλους,
2390 3254 2485 3307 καὶ
2513 3255 2878 3326 πατριάρχας,
2919 3257 3014 3310 καὶ
3045 3257 3284 3321 δικαίους
3312 3257 3556 3323 ἅπαντας
3583 3259 3704 3313 καθ’

2123 3336 2362 3404 ἑκάστην
2396 3337 2525 3405 ύμῖν
2554 3338 2600 3369 ⁸⁸
2637 3338 2948 3408 ἐφιστῶμεν
2982 3339 3279 3408 ἐκκλησίαν
3325 3341 3701 3406 διδασκάλους.

2125 3419 2236 3471 Kal
2256 3419 2377 3471 οὐδὲ
2402 3418 2545 3472 οὕτω
2574 3419 2782 3487 γίνεταί
2798 3439 2849 3474 τι
2874 3421 3036 3474 πλέον
3057 3439 3070 3452 ·
3100 3423 3236 3476 ἀλλά
3257 3425 3323 3477 ἂν
3349 3424 3441 3477 δύο
3455 3424 3704 3494 ψαλμοὺς

2125 3499 2160 3570 ῆ
2197 3502 2348 3570 τρεῖς
2373 3501 2777 3571 ὑπηχήσαντες,
2810 3502 3026 3566 καὶτὰς
3054 3503 3305 3576 συνήθεις
3327 3505 3493 3576 εὐχὰς
3516 3507 3704 3570 ἀπλῶς

2122 3582 2217 3636 καὶ
2245 3581 2320 3645 ὡς
2341 3582 2498 3653 ἔτυχε
2529 3583 2842 3654 ποιούμενοι
2869 3585 3180 3656 διαλυθῆτε,
3212 3587 3466 3658 νομίζετε
3506 3590 3702 3660 ἀρκεῖν

2121 3664 2282 3717 τοῦτο
2305 3667 2386 3730 είς
2421 3667 2695 3738 σωτηρίαν
2725 3669 2872 3738 ὑμῖν.
2911 3669 3026 3721 υύκ
3058 3669 3328 3740 ἠκούσατε
3359 3669 3452 3723 τοῦ
3486 3673 3701 3743 προφή-

2119 3763 2216 3799 του
2249 3748 2522 3816 λέγοντος,
2565 3749 2765 3819 μᾶλλον
2798 3749 2856 3803 δὲ
2881 3749 2975 3804 τοῦ
2996 3750 3131 3804 Θεοῦ
3158 3751 3247 3805 διὰ
3271 3752 3364 3806 τοῦ
3399 3758 3701 3824 προφήτου,

2119 3831 2202 3883 ὅτι
2243 3830 2306 3883 Ὀ
2342 3832 2495 3897 ,λαὸς
2544 3828 2722 3898 οὗτος
2761 3834 2887 3900 τοῖς
2935 3837 3173 3902 χείλεσι
3212 3853 3285 3903 με
3325 3833 3484 3905 τιμᾷ,
3544 3839 3581 3906 ἡ
3633 3838 3704 3892 δέ

2121 3911 2337 3978 καρδία
2377 3911 2578 3966 αὐτῶν
2619 3914 2819 3983 πόῤῥω
2867 3917 3078 3986 ἀπέχει
3113 3918 3214 3972 ἀπ’
3247 3918 3394 3986 ἐμοῦ
3407 3935 3428 3984 ;
3464 3922 3559 3972 "lv‘
3607 3917 3704 3975 οὖν

2119 3994 2276 4047 τοῦτο
2313 3995 2387 4065 μὴ
2416 3995 2644 4066 γένηται
2673 3998 2768 4049 καὶ
2800 3997 2885 4064 ἐφ’
2913 3999 3089 4068 ήμῶν,
3118 3999 3396 4068 ἐξάλειψον
3423 4003 3491 4056 τὰ
3517 4003 3700 4073 γράμ-

2125 4093 2294 4146 ματα,
2347 4077 2548 4146 μᾶλλον
2586 4077 2645 4130 δὲ
2693 4079 2760 4132 τὰ
2788 4080 3142 4150 χαράγματα,
3188 4084 3332 4155 άπερ
3379 4087 3408 4137 ό
3458 4087 3702 4152 διάϐολος

2123 4159 2433 4213 ἐνετύπωσέ
2468 4177 2560 4214 σου
2593 4164 2662 4232 τῇ
2690 4161 2860 4233 ψυχῇ,
2900 4164 2994 4215 καὶ
3024 4165 3156 4235 φέρε
3189 4183 3279 4236 μοι
3307 4167 3535 4239 καρδίαν
3567 4169 3698 4238 βιω-

2121 4243 2290 4295 τικῶν
2326 4242 2758 4315 ἀπηλλαγμένην
2789 4244 3056 4316 θορύϐων,
3117 4249 3202 4301 ἵνα
3250 4249 3389 4319 μετὰ
3439 4251 3622 4316 ἀδείας
3663 4254 3700 4309 ά

2124 4323 2387 4395 βούλομαι
2413 4327 2695 4397 ἐγγράψω.
2744 4329 2830 4392 Ὠς
2857 4328 2953 4382 νῦν
2988 4347 3051 4397 γε
3071 4331 3226 4385 οὐδὲν
3264 4332 3449 4403 ἔτερόν
3474 4335 3590 4388 ἐστι
3617 4353 3701 4404 γι-

2121 4407 2373 4471 νώσκειν,
2407 4408 2439 4478 ἦ
2482 4409 2551 4462 τὰ
2579 4411 2787 4464 ἐκείνου
2815 4412 3119 4483 γράμματα
3141 4455 3154 4478 ,
3185 4417 3442 4485 ἁρπαγὰς
3464 4456 3479 4482 ,
3512 4418 3701 4473 πλεον--

2121 4488 2299 4554 εξίας,
2342 4490 2557 4559 φθόνον,
2592 4493 2912 4562 βασκανίαν.
2949 4496 3047 4550 Διά
3087 4496 3152 4568 δή
3195 4498 3374 4564 τοῦτο,
3423 4501 3550 4554 ὅταν
3605 4503 3702 4565 τὰς

2121 4573 2342 4637 δέλτους
2363 4573 2514 4628 λάϐω
2536 4575 2578 4606 ν’
2603 4576 2703 4639 τάς
2730 4577 3022 4648 ὑμετέρας,
3055 4579 3177 4632 οὐδὲ
3207 4581 3518 4650 ἀναγνῶναι
3543 4583 3700 4637 δύνα-

2126 4671 2243 4725 μαι.
2294 4657 2368 4709 Οὐ
2415 4656 2525 4726 γὰρ
2579 4658 2820 4728 εὑρίσκω
2861 4661 2932 4712 τὰ
2977 4661 3304 4732 γράμματα,
3351 4663 3494 4735 άπερ
3537 4668 3699 4734 ἡμεῖς

2123 4735 2267 4792 κατὰ
2285 4737 2565 4810 Κυριακήν
2581 4740 2957 4810 ἐγγράφοντες
2980 4744 3109 4813 ὑμῖν
3129 4745 3363 4814 ἀφίεμεν
3376 4762 3390 4776 ⁸
3410 4746 3524 4799 ἀλλ’
3537 4748 3700 4818 ἕτερα

2122 4819 2242 4873 ἀνθ’
2272 4819 2498 4891 ἐτέρων,
2539 4821 2732 4893 ἄσημα
2770 4825 2866 4876 καὶ
2907 4823 3334 4895 διεστραμμένα.
3379 4825 3536 4894 Εἶτα,
3571 4831 3699 4885 ὅταν

2122 4898 2501 4971 ἐξαλείψαντες
2521 4903 2659 4957 αὐτὰ
2674 4904 2974 4976 γράψωμεν
3011 4906 3078 4959 τὰ
3099 4907 3210 4959 ἀπὸ
3239 4908 3334 4961 τοῦ
3362 4911 3697 4982 Πνεύματος,

2122 4983 2450 5048 ἀπελθόντες
2488 4986 2666 5054 ὑμεῖς,
2714 4987 2810 5040 καὶ
2853 4989 2976 5050 ταῖς
3021 4988 3356 5055 διαϐολικαῖς
3396 4993 3698 5064 ἐνεργείαις

2121 5065 2303 5130 δόντες
2331 5067 2429 5130 τὰς
2463 5067 2688 5138 καρδίας
2720 5069 2898 5139 ὑμῶν,
2924 5071 3196 5141 παρέχετε
3219 5072 3414 5146 ἐκείνῳ
3443 5077 3608 5132 πάλιν
3628 5077 3700 5132 τὰ

2124 5148 2316 5201 ἐαυτοῦ
2367 5150 2769 5220 ἀντεγγράφειν
2792 5151 2940 5222 ὑμῖν.
2990 5153 3054 5205 Τί
3085 5150 3178 5208 οὖν
3209 5155 3364 5210 ἔσται
3398 5157 3602 5211 τούτων
3637 5157 3699 5211 τὸ

2123 5230 2320 5302 πέρας,
2350 5229 2454 5284 κᾶν
2479 5230 2590 5299 ἐγὼ
2621 5233 2696 5305 μὴ
2717 5232 2876 5300 λέξω,
2905 5235 2966 5288 τὸ
2994 5237 3226 5292 ἑκάστου
3265 5241 3504 5304 συνειδὸς
3533 5237 3694 5293 οἶδεν.

2137 5312 2281 5383 Ἐγὼ
2305 5315 2404 5386 μὲν
2433 5314 2543 5387 γὰρ
2563 5316 2626 5369 ού
2651 5317 2933 5388 παύσομαι
2956 5321 3017 5374 τὺ
3033 5322 3272 5391 ἐμαυτοῦ
3297 5325 3486 5387 ποιῶν,
3512 5323 3606 5376 καὶ
3633 5324 3701 5376 τά

515 5479 560 5511 ³ο
587 5478 872 5532 ΗΘΙΚΟΝ.
901 5477 1038 5548 Περὶ⁸
1071 5476 1304 5598 κρίσεως
1343 5480 1408 5532 Α.
1477 5479 1520 5510 ³⁸
1556 5481 1870 5602 κατα-πέσῃς
1894 5481 1958 5534 Α.

515 5565 554 5602 ιε
582 5547 678 5602 Ge.
719 5548 765 5579 ³³
787 5547 1102 5602 ποοκατεϐά
1135 5563 1225 5599 ετο
1256 5548 1319 5599 Δ.
1352 5549 1414 5602 Β.
1436 5547 1483 5580 ³⁸
1509 5550 1695 5602 τούτου
1718 5553 1782 5602 Λ.
1854 5592 1864 5602 .
1890 5553 1934 5583 ⁸⁸
1961 5551 2025 5602 τὴ

2127 5479 2262 5545 ιύτός
2282 5497 2393 5536 om.
2422 5482 2488 5536 Α.
2531 5481 2591 5537 F.
2616 5483 2778 5548 αὐτὸς
2806 5486 2834 5538 ό
2860 5485 3092 5556 Χριστός
3117 5486 3174 5539 Β.
3208 5485 3462 5538 Dominus
3499 5500 3702 5553 quoque

2127 5553 2168 5602 ic
2198 5553 2460 5602 ούρανοῦ(
2485 5553 2670 5602 ἄνοδον
2701 5571 2814 5602 mn.
2842 5557 2905 5602 A-
2942 5555 3002 5602 Β.
3035 5555 3092 5602 F.
3118 5556 3186 5602 ul)
3214 5554 3696 5602 Immmolelculml-

444 5550 554 5618 ipse
582 5547 678 5604 Ge.
719 5548 765 5579 ³³
787 5547 1225 5618 προκατεϐάλετο
1256 5548 1319 5599 Δ.
1352 5549 1414 5602 Β.
1436 5547 1483 5580 ³⁵
1509 5550 1695 5603 τούτου
1718 5553 1782 5603 Λ.

1890 5553 1934 5583 ⁸⁸
1957 5551 2059 5621 τήν
2076 5553 2168 5621 ,εἰς
2198 5553 2460 5621 οὐρανοὺς
2485 5553 2670 5606 ἄνοδον
2701 5571 2814 5608 om.
2841 5551 3002 5608 ACB.
3034 5555 3092 5608 F.
3118 5556 3186 5606 ob
3214 5551 3696 5608 hmnmoteleumn.

445 5617 492 5651 “
522 5618 712 5704 quipil
730 5617 791 5704 σεδ
806 5617 994 5704 ἠθικόν
1015 5618 1168 5704 Arn).
1191 5617 1258 5670 Sa
1269 5617 1401 5704 nn"
1418 5619 1676 5704 ἐχταῦθα]
1703 5622 1796 5703 καὶ
1818 5617 2025 5704 ἐγταῦθξ

2127 5621 2214 5704 [1ρί
2257 5617 2300 5653 is
2313 5622 2402 5676 Sic
2430 5622 2490 5675 Β.
2519 5621 2774 5704 ξλνυιευ
2797 5623 3244 5704 μεταϐάλλεσθαι.
3268 5622 3332 5704 ’³³
3356 5622 3704 5704 μεταϐληθῶ-

449 5706 548 5759 μεν
656 5687 719 5742 Β.
737 5687 799 5740 C.
872 5690 950 5750 εἰς
970 5687 1170 5764 ἀρετήν
1182 5702 1292 5764 0I_n_.
1312 5687 1376 5764 _C.
1481 5687 2025 5764 ἐλεημοσύνηνὶδὶο-ι

2127 5691 2302 5764 ιιῖᾶκῃι
2339 5709 2358 5742 ι
2394 5693 2536 5764 τις)υά
2567 5687 3154 5764 Βεη.”(·οἰιεὶιιοιιιίῂμε
3199 5687 3438 5764 lngua-fug.
3481 5687 3704 5764 ἀνελεη·

446 5756 904 5830 μοσύνην-οηιηεξ
937 5756 1040 5830 ηιὸῇ
1062 5757 1347 5830 cu_m_Ed_d.
1419 5757 1462 5830 δέ
1487 5756 1825 5830 προαπόθου]
1851 5756 1950 5814 Sic
1981 5759 2025 5830 Ε

2135 5760 2360 5830 ἀπόθου
2394 5756 2496 5815 niei

2532 5773 2725 5830 praeter
2746 5764 2808 5816 A.
2837 5763 2930 5830 qui
2951 5760 3170 5815 ἀπώθου
3197 5761 3375 5814 habet.
3400 5762 3525 5817 Post
3559 5765 3613 5816 h.
3646 5760 3698 5815 ν.

442 5824 522 5882 ἐκ
551 5827 833 5902 ᾳρηιιίῃιιειι
864 5824 1051 5902 ᾖ.καὶ
1071 5825 1350 5902 ἰού-,λήψει
1382 5824 1579 5902 πεῖράν
1593 5827 1684 5878 τοῦ
1971 5827 2025 5902 οξ]

2130 5829 2307 5902 ΕιΙό.Α
2333 5830 2378 5862 ⁸³
2400 5824 2656 5902 τῆς]ν’άπρ
2686 5833 2782 5902 τῆς
2814 5824 2950 5885 Εἱιό.
3036 5831 3077 5862 ⁸³
3104 5833 3436 5902 άναχωρεῖτε
3466 5833 3526 5888 ι).
3555 5832 3614 5889 F.
3647 5841 3701 5888 ct

444 5909 528 5964 pr.
556 5895 618 5951 υ.
639 5894 952 5967 οὐδέν]ούδέ
982 5895 1039 5948 B.
1063 5896 1123 5950 ρ.
1151 5895 1212 5951 E.
1246 5894 1300 5929 ἠ
1329 5894 1668 5969 μεθιστῶμεν
1699 5896 1756 5952 Β.
1790 5898 1852 5955 ιη’.
1897 5898 1956 5970 ,ιι
1992 5900 2022 5951 ὑ

2145 5916 2254 5956 om.
2279 5899 2341 5956 D.
2414 5894 2643 5972 ⁸⁷’λᾶ6ω1
2663 5894 2811 5971 φέρω
2832 5902 2898 5957 Α.
