4076 6150
415 164 514 220 201
1543 159 1606 214 IN
1644 156 2045 213 MATTILEUM
2089 157 2314 213 llOlllL
2358 160 2470 217 XII.

407 272 554 340 aliis,
581 271 834 329 informes
858 281 914 330 et
941 272 1208 328 distortas.
1244 271 1442 325 Deinde
1471 286 1614 335 cum,
1649 270 1752 324 illis
1777 269 1986 330 deletis,

411 368 596 422 literas
637 383 702 422 ex
751 367 949 436 Spiritu
1000 367 1260 436 profectas
1308 366 1705 434 inscripsimus,
1736 365 1989 419 abeuntes

413 474 531 523 vos,
562 470 617 514 et
651 459 844 513 diaboli
875 459 1270 528 operationibus
1294 459 1452 512 corda
1481 469 1655 511 vestra
1701 457 1987 516 tradentes.

413 547 714 604 facultatem
759 550 856 619 ipsi
900 550 1146 620 praibetis
1173 561 1230 604 ut
1261 551 1455 604 n0stris
1481 550 1774 604 contrarias
1814 549 1991 602 literas

413 656 625 697 rursum
665 641 938 696 inscrihat.
970 642 1070 708 Qui
1098 643 1303 696 futurus
1325 642 1394 694 sit
1423 642 1610 694 hormn
1641 640 1760 694 finis
1785 641 1990 694 etiamsi

412 745 514 802 ego
542 747 646 784 non
677 732 902 786 dixerim
921 772 938 798 ,
968 732 1292 802 singulorum
1322 731 1644 785 conscientia
1683 731 1845 783 novit.
1878 730 1991 798 Ego

414 832 559 876 certe
585 838 870 892 numquam
893 824 1114 878 cessabo
1133 838 1250 892 qua:
1268 825 1370 878 mei
1389 833 1511 876 sunt
1530 823 1688 877 officii
1712 831 1986 890 priestare,

413 921 692 982 rectasque
712 913 894 967 literas
925 914 1231 968 inscribere.
1263 915 1316 968 Si
1347 923 1522 967 autem
1547 929 1640 969 vos
1663 913 1989 983 diligentiam

415 1013 651 1055 nostram
698 1003 1046 1067 labefactetis,
1099 1003 1253 1057 nobis
1297 1004 1508 1073 quidem
1557 1019 1762 1057 merces
1812 1013 1988 1056 nostra

413 1102 594 1148 manet
617 1094 922 1157 immobilis,
945 1095 1094 1148 vobis
1113 1105 1286 1149 autem
1305 1111 1407 1148 non
1429 1111 1646 1165 parvum
1669 1095 1987 1164 periculum:

413 1201 606 1246 verum
626 1187 754 1240 nihil
785 1187 904 1241 volo
925 1189 1137 1255 gravius
1166 1187 1424 1256 proferre.

481 1277 536 1331 8.
567 1275 631 1330 In
667 1277 846 1330 virtute
884 1294 1179 1346 progressus
1211 1278 1298 1347 qui
1333 1278 1444 1344 ﬁat.
1476 1275 1661 1331 Contra
1677 1278 1989 1346 jaramenta.

420 1365 566 1420 Vana
603 1367 767 1437 gloria
802 1367 1115 1420 vitanda.-—-
1139 1367 1242 1422 Sed
1281 1381 1376 1420 vos
1415 1366 1637 1421 obsecro
1673 1376 1726 1420 et
1764 1381 1860 1420 oro
1883 1406 1899 1431 ,
1937 1373 1993 1418 ut

411 1457 752 1526 parvulorum
792 1457 977 1511 saltem
1017 1457 1342 1526 diligentiam
1381 1457 1482 1510 hac
1517 1457 1568 1510 in
1599 1473 1657 1510 re
1688 1456 1986 1511 imitemini.

411 1545 542 1600 Nam
583 1547 658 1601 illi
703 1548 870 1615 primo
898 1548 1112 1616 quidem
1141 1548 1412 1602 literarum
1453 1547 1674 1600 formam
1713 1546 1986 1608 ediscunt;

412 1635 606 1689 deinde
651 1635 906 1690 distortas
953 1635 1070 1689 illas
1116 1650 1406 1704 agnoscere
1439 1635 1685 1700 student;
1715 1643 1897 1704 postea
1923 1635 1990 1690 ad

409 1728 693 1782 lectionem
723 1729 859 1782 viam
892 1738 1096 1797 parant.
1140 1729 1228 1784 Sic
1253 1738 1306 1785 et
1335 1745 1432 1784 nos
1461 1729 1719 1785 faciamus
1751 1747 1765 1784 :
1797 1731 1991 1786 virtute

410 1819 466 1873 in
493 1828 673 1889 partes
701 1817 891 1884 divisa,
925 1820 1095 1888 primo
1120 1819 1388 1874 discamus
1413 1834 1518 1874 non
1542 1819 1746 1889 jurare,
1776 1835 1873 1875 nec
1899 1835 1992 1889 pe-

407 1907 582 1977 ierare
602 1949 617 1972 ,
646 1923 819 1970 neque
848 1908 1197 1974 maledicere;
1225 1910 1417 1965 deinde
1440 1952 1455 1977 ,
1488 1909 1555 1965 ad
1615 1913 1781 1982 alium
1850 1933 1987 1972 ver-

401 2012 526 2054 sum
548 2000 836 2069 progressi,
862 2017 968 2054 non
993 2001 1230 2056 invidere
1253 2002 1392 2068 aliis,
1413 2017 1517 2056 non
1535 2016 1757 2071 corpora
1785 2017 1986 2068 amare,

411 2103 519 2143 non
547 2091 721 2144 ventri
748 2089 1045 2160 indulgere,
1075 2106 1178 2144 non
1209 2090 1480 2155 inebriari,
1510 2107 1613 2145 non
1647 2091 1985 2154 inhumanos,

412 2193 518 2232 non
545 2182 798 2234 socordes
825 2196 972 2245 esse;
1002 2192 1059 2234 ut
1076 2181 1201 2236 hinc
1225 2197 1407 2236 rursus
1423 2181 1487 2236 ad
1505 2183 1794 2251 spiritualia
1819 2191 1992 2237 trans-

412 2280 620 2335 euntes,
643 2286 857 2340 operam
880 2273 1070 2327 demus
1092 2274 1472 2342 temperantiae,
1489 2274 1690 2327 ventris
1706 2275 1988 2342 neglectui,

415 2362 665 2426 castitati,
691 2363 874 2432 gloriae
894 2364 1244 2433 contemptui,
1265 2363 1563 2430 modestim,
1592 2365 1770 2418 cordis
1792 2367 1992 2419 contri-

413 2450 580 2516 tioni;
627 2461 677 2505 et
717 2453 830 2506 ha'c
864 2453 1020 2506 simul
1046 2453 1223 2506 omnia
1265 2453 1604 2522 copulemus,
1633 2463 1686 2508 et
1723 2455 1774 2508 in
1815 2456 1990 2509 anima

415 2549 594 2596 nostra
616 2543 988 2598 inscribamus.
1012 2544 1184 2613 Atque
1206 2543 1320 2598 haec
1335 2545 1511 2598 omnia
1533 2545 1696 2612 domi,
1719 2561 1836 2600 cum
1859 2546 1994 2600 ami-

411 2633 512 2698 cis,
540 2647 662 2688 cum
690 2649 860 2688 uxore
884 2676 898 2698 ,
933 2649 1052 2698 cum
1100 2635 1220 2688 filiis
1258 2649 1623 2692 exerceamus.
1653 2637 1695 2689 A
1726 2637 1992 2706 prioribus

412 2731 591 2777 autem
630 2732 685 2778 et
727 2723 1056 2778 facilioribus
1100 2725 1448 2793 incipiamus;
1500 2726 1932 2794 exemplicausa,
1959 2741 1988 2779 a

410 2812 834 2882 jurameutorum
855 2814 1203 2868 abstinentia:
1224 2814 1324 2868 hoc
1340 2815 1659 2868 elementum
1684 2817 1992 2885 frequenter

412 2903 556 2957 domi
587 2904 924 2960 meditemur.
956 2902 1088 2957 Huic
1120 2918 1278 2972 porro
1297 2905 1626 2959 meditationi
1656 2905 1815 2958 multa
1846 2905 1989 2959 domi

411 2995 654 3050 officiunt
681 3013 694 3049 :
724 3011 845 3050 nam
868 2996 1094 3050 famulus
1119 2994 1183 3048 ad
1208 2996 1532 3050 iracundiam
1556 3005 1834 3066 provocat.
1859 3012 1992 3051 uxor

411 3089 638 3143 molesta
669 3088 802 3142 iram
824 3088 1039 3150 excitat,
1074 3088 1212 3142 filius
1233 3089 1602 3156 immorigerus
1631 3097 1685 3142 et
1714 3089 1989 3142 inordina-

414 3185 500 3230 tus
528 3176 596 3232 ad
622 3177 794 3232 minas
821 3187 876 3232 et
897 3179 1258 3247 juramentum
1293 3178 1529 3233 deducit.
1560 3177 1613 3232 Si
1646 3178 1822 3247 itaque
1846 3178 1990 3232 domi

411 3267 605 3335 saepius
623 3268 692 3322 ab
719 3268 800 3322 his
824 3269 1140 3332 concitatus,
1170 3269 1442 3323 abstineas
1469 3277 1641 3322 tamen
1668 3283 1698 3322 a
1723 3269 1994 3337 juramen-

413 3359 501 3423 tis,
526 3358 680 3414 facile
702 3361 901 3428 poteris
926 3361 1087 3414 etiam
1118 3361 1168 3413 in
1197 3361 1312 3414 foro
1342 3361 1570 3414 invictus
1598 3375 1940 3428 perseverare
1974 3377 1987 3412 :

413 3448 521 3502 imo
563 3452 722 3503 etiam
769 3449 821 3503 id
866 3451 1208 3518 consequeris
1233 3491 1247 3513 ,
1288 3460 1347 3504 ut
1389 3449 1588 3504 nemini
1618 3449 1992 3504 contumeliam

413 3537 610 3593 inferas
633 3579 649 3604 ,
692 3553 800 3593 non
835 3540 1008 3605 uxori,
1042 3554 1146 3593 non
1177 3540 1398 3605 famulo,
1435 3556 1540 3594 non
1576 3539 1988 3594 domesticorum

411 3629 660 3697 cuipiam.
695 3627 905 3683 Etenim
926 3645 1058 3683 uxor
1078 3645 1221 3698 saepe
1240 3630 1399 3684 alium
1421 3630 1724 3698 quempiam
1749 3629 1988 3691 laudans,

411 3727 468 3773 et
506 3733 627 3773 sese
667 3719 915 3774 miseram
958 3719 1287 3788 praedicans,
1316 3721 1485 3774 virum
1518 3719 1782 3786 incendit,
1819 3727 1876 3773 ut
1916 3719 1988 3772 illi

413 3809 713 3864 maledicat.
744 3809 821 3862 Tu
854 3825 979 3863 vero
1008 3825 1074 3863 ne
1105 3811 1270 3864 iratus
1300 3826 1365 3863 co
1397 3810 1654 3878 procedas
1677 3852 1691 3874 ,
1723 3819 1778 3863 ut
1808 3809 1989 3863 lauda-

414 3910 525 3955 tum
558 3901 827 3970 vituperes
850 3940 864 3965 ,
907 3899 1000 3954 sed
1027 3903 1202 3954 omnia
1231 3903 1440 3956 fortiter
1469 3903 1639 3965 feras;
1670 3901 1878 3957 etiamsi
1909 3902 1989 3954 fa-

414 3991 584 4045 mulos
607 4002 724 4045 tuos
746 3989 925 4044 videas
953 3990 1192 4044 laudibus
1215 3992 1372 4045 heros
1396 3991 1530 4044 alios
1550 3991 1762 4058 efferre,
1787 4008 1853 4045 ne
1882 4000 1992 4045 tur-

413 4083 578 4148 beris,
601 4081 694 4137 sed
723 4083 946 4136 viriliter
971 4084 1192 4138 sustine.
1222 4085 1305 4138 Sit
1334 4084 1426 4137 tibi
1456 4083 1646 4137 domus
1674 4085 1916 4152 paltestra
1939 4092 1993 4136 et

412 4174 718 4228 certaminis
748 4173 917 4239 locus,
943 4181 1000 4228 ut
1022 4173 1092 4228 ibi
1123 4174 1290 4244 probe
1312 4175 1650 4240 exercitatus,
1674 4191 1794 4229 cum
1824 4175 1988 4229 multa

671 4343 1030 4355 —_—-

1037 4347 1270 4355 _—

3567 168 3672 220 20‘.

2098 273 2283 338 peritia
2323 273 2374 326 in
2415 275 2530 326 foro
2557 288 2676 328 cum
2703 275 2825 331 aliis
2853 280 3235 347 congrediaris.
3270 281 3500 351 idipsum
3532 289 3672 342 circa

2097 381 2283 420 vanam
2306 367 2527 436 gloriam
2551 369 2726 421 facito.
2760 369 2813 421 Si
2843 371 2986 422 enim
3012 372 3276 428 studueris
3297 390 3324 428 a
3349 391 3480 430 vana
3505 379 3672 447 gloria

2096 457 2364 511 abstinere
2388 473 2506 511 cum
2541 473 2703 512 uxore
2727 469 2779 512 ct
2808 460 2987 514 liberis
3007 503 3021 526 ,
3053 471 3104 515 et
3133 463 3342 518 famulis
3364 505 3378 529 ,
3408 467 3546 534 apud
3574 483 3672 522 ne-

2098 548 2292 602 minem
2319 549 2478 603 alium
2502 550 2590 603 tali
2621 550 2807 604 morbo
2831 549 2986 604 facile
3017 553 3264 620 capieris.
3301 555 3504 626 Ubique
3532 559 3674 611 enim

2098 639 2183 693 hic
2223 639 2438 695 morbus
2475 642 2650 709 gravis
2691 643 3098 713 tyrannicusque
3135 655 3248 712 est,
3287 650 3517 702 maxime
3550 666 3676 704 vero

2097 745 2216 782 cum
2271 731 2420 785 adest
2475 746 2626 784 uxor.
2683 732 2740 786 Si
2791 747 2917 800 ergo
2971 742 3095 786 tunc
3141 734 3290 788 illum
3335 751 3674 805 superemus.

2099 824 2244 876 nullo
2281 825 2492 892 negotio
2526 825 2649 879 alibi
2695 825 3108 894 profligabimns.
3149 825 3300 881 Circa
3342 828 3476 882 alios
3512 831 3671 883 etiam

2097 915 2259 969 animi
2298 917 2511 972 morbos
2547 917 2774 987 idipsum
2817 927 3130 988 prcestcmus
3153 959 3167 984 ,
3199 919 3450 990 domique
3481 920 3672 975 adt-cro

2099 1021 2188 1058 sus
2218 1007 2338 1060 illos
2369 1021 2466 1060 nos
2491 1023 2833 1062 exerceamus
2854 1049 2868 1074 ,
2909 1010 3144 1078 quotidie
3189 1011 3482 1078 palaestram
3530 1011 3672 1065 illam

2096 1094 2369 1149 adeuntes.
2427 1096 2596 1164 thue
2625 1097 2828 1152 facilior
2855 1101 3162 1153 exercitatio
3193 1100 3280 1152 illa
3307 1101 3531 1163 evadat,
3575 1117 3673 1154 no-

2099 1183 2178 1238 bis
2230 1185 2358 1254 ipsis
2399 1188 2799 1256 castigationem
2844 1189 3174 1259 assignemus
3199 1229 3212 1253 ,
3251 1190 3294 1243 si
3337 1190 3388 1244 in
3425 1193 3674 1261 quapiam

2097 1277 2422 1345 propositum
2455 1279 2930 1348 transgrediamur.
2979 1280 3058 1335 Sit
3086 1297 3246 1349 porro
3274 1284 3550 1352 castigatio
3581 1285 3667 1337 illa

2098 1379 2202 1419 non
2225 1365 2497 1432 damnum,
2530 1369 2623 1424 sed
2651 1371 2950 1424 mercedem
2978 1380 3034 1426 et
3061 1371 3266 1426 lucrum
3297 1374 3516 1427 multum
3547 1375 3675 1428 affe-

2096 1473 2254 1524 rens;
2284 1461 2514 1528 exempli
2545 1475 2728 1526 causa,
2752 1461 2794 1514 si
2817 1461 3035 1529 jejuniis
3061 1465 3266 1530 asperis
3294 1479 3392 1518 nos
3420 1465 3564 1533 ipsos
3584 1466 3676 1518 da-

2098 1561 2360 1612 mnemus,
2407 1549 2451 1602 si
2502 1548 2643 1602 humi
2692 1550 3091 1612 decumbamus,
3135 1553 3215 1605 vel
3265 1554 3673 1608 maccrationem

2095 1639 2251 1692 aliam
2278 1638 2642 1693 adhibeamus.
2672 1640 2758 1694 Sic
2788 1640 2928 1694 cnim
2955 1641 3115 1693 multa
3144 1641 3375 1709 undique
3403 1643 3555 1696 nobis
3583 1658 3672 1696 ac~

2096 1727 2288 1782 cedent
2319 1729 2482 1792 lucra,
2506 1739 2559 1783 et
2585 1730 2661 1782 sic
2692 1730 2744 1782 in
2772 1731 2964 1784 virtute
2989 1730 3144 1783 vitam
3175 1732 3409 1785 suaviter
3435 1746 3674 1807 agemus,

2097 1822 2269 1874 futura
2297 1835 2686 1890 consequemur
2715 1823 2870 1882 bona.
2902 1838 2964 1875 ac
2992 1833 3247 1891 perpetuo
3272 1823 3366 1878 Dei
3391 1823 3544 1877 amici
3571 1825 3674 1878 eri-

2098 1924 2234 1965 mus.
2280 1910 2383 1966 Sed
2413 1927 2478 1966 ne
2505 1913 2688 1965 eadem
2719 1914 2829 1979 ipsa
2861 1928 3044 1967 rursus
3078 1915 3357 1979 eveniant,
3393 1929 3495 1969 neu
3529 1925 3673 1984 post-

2097 2016 2252 2068 quam
2275 2015 2336 2054 ca
2362 2017 2479 2071 qua:
2505 2001 2590 2054 hic
2615 2002 2751 2054 dicta
2778 2013 2902 2054 sunt
2929 2003 3171 2055 admirati
3203 2001 3424 2068 fueritis,
3449 2005 3673 2072 egressi,

2097 2090 2427 2160 negligenter
2449 2091 2839 2159 oscitanter-quc
2864 2131 2878 2152 ,
2915 2092 3118 2160 ahjecta
3156 2094 3348 2146 mentis
3374 2104 3566 2148 vestrae
3595 2103 3673 2147 ta-

2096 2179 2255 2244 bula,
2292 2180 2405 2234 liwc
2434 2180 2640 2234 delendi
2678 2196 2862 2234 ansam
2901 2181 3111 2235 diabolo
3153 2182 3464 2250 prmheatis;
3511 2199 3671 2235 unus-

2097 2270 2323 2338 quisque
2365 2269 2581 2323 domum
2620 2285 2930 2338 regressus,
2961 2279 3114 2324 vocet
3157 2286 3408 2334 uxorem,
3449 2273 3562 2324 ha'c
3604 2273 3677 2325 illi

2098 2360 2394 2426 denuntiet,
2427 2362 2700 2430 ipsamque
2727 2371 2962 2415 assumat
2988 2363 3297 2429 adjutriccm
3317 2379 3337 2427 ;
3366 2363 3433 2416 ab
3456 2364 3554 2416 hac
3578 2379 3671 2416 au-

2098 2459 2202 2504 lem
2227 2451 2314 2505 die
2340 2451 2391 2504 in
2421 2451 2696 2520 pulchram
2727 2452 2867 2504 illam
2893 2452 3193 2520 palmstram
3223 2452 3530 2517 descendat,
3556 2454 3679 2508 oleo

2097 2556 2225 2596 usus
2250 2541 2479 2612 Spiritus
2506 2544 2675 2597 sancti
2707 2544 2924 2597 auxilio.
2958 2545 3064 2597 Etsi
3090 2559 3218 2598 vero
3241 2543 3430 2604 semel.
3463 2553 3553 2597 aut
3576 2545 3675 2608 bis,

2096 2641 2188 2686 aut
2229 2633 2427 2703 pluries
2468 2634 2520 2687 in
2565 2635 2655 2688 tali
2701 2635 2962 2689 exercitio
2999 2635 3270 2699 concidas,
3306 2650 3372 2688 ne
3401 2635 3673 2703 ilcSperes,

2095 2724 2190 2778 sed
2217 2733 2294 2779 sta
2324 2739 2534 2779 rursum
2566 2735 2619 2779 et
2649 2726 2894 2791 decerta;
2930 2742 3026 2780 nec
3053 2726 3196 2794 prius
3223 2727 3452 2780 absistas
3475 2767 3488 2790 ,
3520 2743 3676 2796 quam

2097 2815 2429 2883 splendidam
2455 2824 2640 2870 contra
2670 2816 2939 2870 diabolum
2968 2817 3243 2870 victoriam
3276 2819 3628 2884 reportaveris
3663 2837 3676 2871 :

2095 2917 2150 2960 et
2180 2907 2230 2960 in
2263 2907 2526 2962 tutissimo
2547 2906 2757 2961 virtutis
2787 2906 3037 2960 thesauro
3065 2908 3364 2976 depositum
3397 2906 3677 2961 recondas.

2095 2995 2226 3050 Nam
2256 2997 2300 3051 si
2327 2997 2450 3051 huic
2475 2999 2712 3066 pulchra:
2740 2997 3089 3066 philosophiae
3118 3013 3424 3061 assuescas,
3461 3014 3564 3051 non
3593 3000 3680 3051 ul-

2099 3095 2177 3140 tra
2217 3087 2415 3155 poteris
2444 3103 2508 3142 ex
2537 3087 2763 3156 segnitie
2805 3087 3050 3141 mandata
3086 3088 3334 3155 quaelibet
3363 3090 3678 3156 transgredi,

2096 3177 2482 3230 consuetudine
2525 3186 2727 3230 naturze
2769 3176 3072 3230 firmitatem
3114 3175 3374 3228 imitante.
3411 3177 3677 3242 Quemad-

2098 3266 2312 3320 modum
2357 3268 2499 3321 enim
2546 3267 2702 3320 facile
2742 3277 2824 3321 est
2847 3267 3116 3332 dormire,
3141 3267 3439 3330 comedere,
3474 3267 3677 3332 bibere,

2101 3358 2364 3425 respirare
2385 3398 2399 3421 ,
2432 3359 2500 3410 ita
2533 3358 2688 3411 nobis
2711 3357 2883 3410 facilia
2910 3367 3067 3410 erunt
3103 3371 3166 3409 ea
3199 3372 3318 3424 qua:
3342 3356 3407 3410 ad
3430 3357 3678 3410 virtutem

2098 3455 2360 3516 spectant,
2384 3461 2678 3517 puramque
2708 3446 2850 3500 illam
2880 3460 3228 3515 assequemur
3255 3446 3594 3514 voluptatem,
3627 3445 3677 3498 in

2099 3547 2210 3591 tuto
2241 3546 2394 3606 portu
2419 3536 2728 3603 constituti,
2757 3545 2810 3591 et
2836 3545 3087 3605 perpetua
3115 3535 3352 3590 fruentes
3380 3534 3678 3604 tranquilli-

2100 3641 2206 3686 tate
2231 3673 2245 3696 ,
2284 3632 2566 3699 navimque
2594 3631 2798 3698 magnis
2827 3629 3017 3698 Opibus
3047 3639 3290 3682 onustam
3321 3627 3372 3680 in
3402 3627 3672 3681 civitatem

2100 3723 2239 3776 illam
2269 3722 2598 3791 appellentes
2639 3721 2690 3774 in
2735 3721 2824 3775 die
2867 3721 2952 3773 illa
2977 3760 2992 3784 ,
3035 3733 3262 3773 coronas
3287 3732 3679 3787 consequemur

2099 3829 2204 3867 non
2235 3813 2405 3867 ﬂuxas
2438 3831 2450 3865 :
2481 3827 2612 3882 quas
2651 3813 2852 3865 utinam
2902 3809 3058 3864 nobis
3097 3809 3332 3863 nancisci
3363 3807 3636 3876 contingat
3662 3849 3678 3870 ,

2096 3907 2266 3977 gratia
2291 3915 2345 3960 et
2375 3905 2698 3974 benignitate
2730 3903 2934 3956 Domini
2973 3901 3138 3954 nostri
3177 3900 3304 3954 Jesu
3342 3898 3561 3962 Christi,
3595 3899 3680 3953 cui

2096 3997 2262 4069 gloria
2292 4005 2348 4052 et
2374 3995 2679 4064 imperium,
2706 4009 2845 4048 nunc
2865 4000 2920 4048 et
2937 4006 3170 4060 semper,
3196 3997 3252 4045 et
3279 3990 3329 4043 in
3361 3989 3555 4043 szecnla
3581 4003 3682 4043 Stc-

2097 4089 2359 4144 culorum.
2391 4088 2582 4141 Amen.
2949 4125 2960 4130 -
3428 4088 3430 4090 ’

2279 4329 2508 4344 ______.....

1801 4460 2144 4526 HOMILIA
2189 4456 2337 4518 XII.

412 4656 543 4713 Car.
571 4658 623 4713 5.
653 4674 703 4710 v.
737 4659 821 4712 1‘5.
865 4657 1006 4712 Tunc
1053 4659 1182 4714 venit
1221 4657 1376 4713 Iesus
1409 4675 1440 4711 a
1486 4656 1702 4712 Galilwa
1726 4656 1778 4709 in
1802 4653 1992 4707 Iorda-

628 4764 741 4801 nem
767 4747 834 4800 ad
857 4746 1138 4815 Joannem,
1167 4759 1219 4802 ut
1250 4748 1587 4814 baptizaretur
1611 4748 1674 4802 ab
1699 4764 1778 4802 eo.

388 4903 398 4933 ³
487 4927 540 4981 1.
581 4923 716 4980 Cum
752 4923 961 4978 famulis
1003 4925 1275 4990 Dominus,
1307 4941 1426 4980 cum
1469 4927 1575 4981 reis
1613 4925 1782 4981 Iudex
1824 4927 1994 4994 bapti-

416 5017 620 5072 zandus
663 5016 826 5070 venit.
869 5015 973 5069 Sed
1007 5031 1072 5070 ne
1121 5016 1349 5071 turberis
1383 5035 1395 5070 :
1428 5032 1549 5070 nam
1600 5017 1650 5070 iu
1708 5016 1994 5070 humilbus

421 5105 722 5175 huiusmodi
748 5105 906 5160 rebus
935 5104 1051 5173 eius
1093 5105 1350 5160 celsitudo
1397 5105 1627 5160 maxime
1665 5106 1990 5173 resplendet.

418 5197 520 5265 Qui
564 5197 706 5251 enim
754 5196 806 5249 in
840 5194 1080 5263 virginali
1126 5195 1276 5247 vulva
1322 5205 1468 5249 tanto
1514 5207 1752 5265 tempore
1797 5196 1992 5264 gestari

422 5300 610 5356 passus
627 5295 730 5350 est,
762 5295 817 5339 et
847 5284 968 5338 inde
988 5298 1108 5337 cum
1140 5293 1326 5338 natura
1357 5293 1535 5340 nostra
1569 5285 1800 5354 prodire,
1826 5286 1994 5356 alapis

419 5377 552 5433 caedi
577 5387 632 5433 et
658 5378 894 5446 crucifigi
921 5377 961 5440 ί,
984 5383 1037 5428 et
1052 5375 1152 5429 alia
1171 5377 1368 5444 perpeti
1391 5393 1510 5445 quae
1532 5392 1718 5446 passus
1743 5387 1844 5442 est,
1867 5379 1991 5448 quid

487 5553 505 5587 ι
530 5527 731 5612 Quidam
752 5561 858 5616 post
874 5565 1063 5612 vocem,
1089 5551 1324 5618 cruciﬁgi,
1346 5553 1542 5615 addunt,
1567 5560 1612 5604 et
1633 5555 1842 5619 sepeliri.

2103 4645 2309 4700 miraris
2331 4644 2374 4696 si
2405 4639 2658 4709 baptizari
2702 4637 2946 4704 dignatus
2975 4633 3064 4697 sit,
3095 4643 3148 4687 et
3176 4646 3294 4686 cum
3317 4631 3433 4686 aliis
3459 4629 3522 4685 ad
3559 4645 3677 4687 ser-

2100 4753 2222 4790 vum
2273 4732 2568 4788 accedere?
2610 4729 2744 4784 Illud
2796 4728 2937 4792 enim
2987 4723 3306 4793 stupendum
3355 4731 3488 4788 erat,
3535 4724 3677 4794 quod

2103 4825 2241 4880 Deus
2267 4839 2387 4877 cum
2416 4829 2577 4886 esset,
2604 4819 2763 4872 vellet
2787 4817 2946 4869 homo
2976 4814 3088 4867 fieri
3120 4831 3132 4865 :
3163 4821 3351 4867 caetera
3382 4828 3508 4868 vero
3523 4813 3679 4868 dein-

2101 4929 2229 4984 ceps
2255 4911 2546 4968 secundum
2589 4917 2789 4963 rectam
2815 4906 3074 4960 rationem
3102 4914 3521 4972 consequuntur.
3555 4904 3682 4958 ldeo

2103 5005 2246 5060 enim
2267 5003 2501 5058 Joannes
2528 5000 2708 5053 statim
2727 4996 2879 5059 dixit,
2909 5011 2966 5049 se
2993 5009 3097 5048 non
3125 5009 3245 5049 esse
3270 4994 3488 5065 dignum
3519 4997 3678 5050 corri-

2105 5099 2244 5168 giam
2295 5091 2640 5150 calceamenti
2681 5091 2797 5160 ejus
2846 5089 3074 5153 solvere,
3125 5096 3426 5157 (-zeteraque
3477 5089 3677 5151 omnia,

2109 5203 2300 5257 nempe
2323 5185 2462 5256 quod
2486 5184 2651 5254 judcx
2677 5184 2766 5248 sit,
2797 5181 2938 5252 quod
2968 5197 3064 5251 pro
3096 5183 3288 5236 merito
3312 5181 3533 5247 singulis
3560 5180 3683 5232 red-

2101 5278 2209 5343 dat,
2238 5275 2485 5347 quodque
2509 5274 2763 5344 Spiritum
2805 5271 3003 5326 affatim
3033 5272 3253 5326 daturus
3291 5272 3361 5325 sit
3388 5269 3676 5331 omnibus;

2103 5380 2161 5424 ut
2193 5383 2313 5423 cum
2358 5365 2555 5422 videris
2585 5379 2706 5418 cum
2732 5362 2798 5418 ad
2829 5363 3147 5431 baptismum
3187 5361 3484 5414 venientem
3506 5397 3521 5420 ,
3548 5356 3677 5411 nihil

2104 5460 2209 5513 vile
2238 5457 2545 5526 suspiceris.
2579 5455 2781 5511 Idcirco
2821 5461 3140 5522 prtesentem
3182 5451 3324 5504 illum
3351 5448 3563 5502 cohibet
3595 5447 3675 5501 di-

2103 5565 2231 5605 ccns
2256 5567 2269 5604 :
2291 5549 2375 5603 H.
2416 5547 2520 5618 Ego
2548 5563 2577 5600 a
2609 5556 2653 5601 te
2675 5545 2825 5600 debeo
2864 5541 3128 5613 baptizari,
3161 5549 3205 5592 et
3232 5548 3285 5590 tu
3311 5538 3446 5590 venis
3472 5537 3538 5590 ad
3564 5553 3638 5590 me
3661 5557 3671 5589 :
