4076 6150
381 139 488 192 203

383 254 516 317 Quia
557 249 698 304 enim
745 244 1039 315 baptismus
1087 243 1412 312 poenitentia:
1444 246 1580 302 erat,
1623 245 1677 291 et
1714 236 1766 288 in
1807 249 1962 288 aecn-

388 342 646 395 sationem
690 348 1028 408 peccatorum
1081 333 1364 388 inducebat
1407 347 1421 383 :
1473 344 1542 384 ne
1595 327 1714 397 quis
1757 332 1965 394 putaret

391 435 560 502 ipsum
589 431 779 486 eodem
799 430 978 483 animo
1004 428 1068 482 ad
1091 427 1380 482 Jordanem
1421 421 1623 485 venire,
1657 418 1794 472 hanc
1817 415 1966 484 cogi-

390 524 644 579 tationem
671 522 912 590 corrigit,
935 520 1060 573 dum
1100 532 1296 586 agnum
1342 521 1515 576 vocat,
1546 520 1601 566 et
1626 519 1964 579 peccatorum

389 629 486 683 per
511 613 697 667 orbem
746 611 982 666 omnium
1027 607 1439 674 redemptorem.
1471 601 1571 670 Qui
1619 600 1763 655 enim
1808 598 1966 652 totius

393 707 609 762 humani
637 705 850 775 generis
887 710 1102 771 peccata
1126 699 1311 752 tollere
1351 703 1562 766 potest,
1595 692 1763 747 multo
1802 691 1969 758 magis

391 802 506 866 ipse
549 794 906 864 impeccabilis
941 801 1074 846 erat.
1107 789 1337 857 ideoque
1366 802 1470 840 non
1499 785 1630 838 dixit
1659 802 1674 838 :
1703 783 1840 836 Ecce
1869 781 1969 833 im-

393 887 711 956 peccabilis;
740 885 835 939 sed
874 883 1012 952 quod
1064 881 1232 934 tnulto
1282 877 1453 947 majus
1507 884 1642 938 erat,
1696 873 1796 940 Qui
1838 870 1968 925 tollit

390 986 594 1045 peccata
623 975 797 1030 mundi
820 973 998 1043 (Joan.
1035 974 1084 1025 l.
1118 970 1233 1038 29),
1266 979 1324 1022 ut
1351 982 1473 1022 cum
1496 967 1598 1020 hoc
1620 972 1676 1019 et
1703 961 1832 1018 illud
1854 976 1970 1017 0m-

389 1069 516 1120 nino
536 1079 737 1122 certum
761 1065 974 1126 habeas,
1005 1060 1290 1129 videasque
1317 1056 1466 1111 illum
1493 1055 1596 1109 alia
1613 1051 1856 1124 quaedam
1877 1051 1972 1105 ad-

389 1160 778 1212 ministrantem
821 1152 888 1207 ad
918 1151 1236 1221 baptismum
1282 1148 1481 1203 venire.
1513 1145 1716 1201 Idcirco
1736 1142 1968 1198 venienti

391 1253 464 1304 illi
487 1251 697 1304 dicebat
728 1264 742 1301 :
773 1246 946 1316 Egon
986 1255 1034 1298 te
1077 1243 1227 1297 debeo
1256 1241 1521 1310 baptizari,
1562 1249 1608 1292 et
1639 1249 1692 1292 tu
1729 1238 1865 1291 venis
1902 1237 1971 1288 ad

391 1357 468 1393 me
489 1341 515 1393 Σ)
541 1339 724 1407 Neque
753 1337 908 1401 dixit,
954 1336 1022 1389 Et
1049 1345 1103 1388 tu
1134 1335 1420 1403 baptizaris
1458 1347 1488 1384 a
1527 1347 1613 1386 me
1647 1346 1660 1381 :
1686 1346 1807 1384 nam
1839 1329 1970 1382 illud

392 1431 580 1484 metuit
622 1429 803 1483 dicere
836 1444 848 1479 :
873 1426 967 1481 sed
1010 1425 1180 1494 quid?
1209 1424 1276 1477 Et
1299 1435 1352 1476 tu
1381 1424 1518 1477 venis
1565 1423 1635 1475 ad
1686 1421 1808 1474 me?
1833 1419 1970 1486 Quid

395 1522 557 1589 igitur
583 1517 864 1572 Christus?
905 1515 1058 1582 Quod
1084 1529 1206 1583 erga
1240 1513 1456 1566 Petrum
1504 1520 1721 1580 postea,
1765 1512 1815 1566 id
1847 1521 1974 1566 tunc

393 1609 555 1663 etiam
587 1605 730 1660 fecit.
760 1603 893 1658 Nam
929 1611 985 1658 et
1025 1603 1139 1672 ipse
1187 1601 1464 1656 cohibebat
1497 1601 1667 1667 illum,
1720 1617 1786 1654 ne
1813 1599 1975 1668 pedes

395 1710 522 1751 suos
561 1695 795 1759 lavaret;
825 1693 920 1748 sed
964 1708 1086 1747 cum
1115 1692 1348 1746 audisset
1380 1709 1392 1743 :
1426 1690 1576 1757 Quod
1612 1707 1704 1761 ego
1747 1691 1880 1760 facio
1921 1699 1974 1742 tu

397 1768 578 1852 nescis,
599 1774 724 1840 scies
748 1792 915 1836 autem
936 1792 1106 1852 postea
1127 1781 1305 1854 (Joan.
1337 1781 1424 1835 15.
1444 1781 1532 1850 7);
1553 1789 1608 1834 et
1631 1821 1646 1844 ,
1681 1778 1798 1833 Non
1825 1779 1977 1833 habe-

397 1877 473 1932 bis
499 1886 693 1946 partem
720 1890 913 1927 mecum
937 1872 956 1947 (
979 1873 1117 1927 Ibid.
1147 1888 1194 1926 υ.
1224 1870 1299 1944 8)
1330 1889 1343 1925 :
1375 1873 1553 1927 statim
1582 1886 1611 1924 a
1634 1871 1976 1926 contentione

399 1966 620 2030 destitit,
651 1975 704 2020 et
734 1963 1124 2018 iueontrarium
1147 1971 1381 2016 mutatus
1411 1971 1511 2015 est.
1548 1960 1644 2016 Hic
1671 1974 1884 2030 quoque
1905 1960 1979 2014 si-

398 2058 598 2112 militer
627 2064 684 2110 ut
705 2055 906 2110 audivit
934 2072 947 2107 :
981 2055 1066 2108 15.
1099 2054 1225 2108 Sine
1243 2053 1392 2106 modo
1425 2053 1532 2106 :sic
1558 2052 1690 2105 enim
1723 2053 1861 2105 decet
1887 2068 1980 2105 nos

397 2148 611 2213 implere
664 2162 860 2200 omnem
901 2145 1158 2212 justitiam
1216 2159 1235 2196 :
1285 2143 1465 2198 statim
1503 2143 1832 2212 obsequutus
1874 2150 1976 2196 est.

402 2236 585 2304 Neque
608 2236 752 2289 enim
780 2234 1122 2302 pertinaciter
1144 2242 1297 2286 erant
1322 2231 1663 2297 contentiosi,
1713 2231 1807 2286 sed
1833 2245 1982 2284 arno-

403 2342 516 2381 rem
538 2325 771 2380 simulet
802 2324 1158 2378 obedientiam
1172 2323 1518 2388 exhibebant,
1548 2323 1600 2376 in
1627 2323 1981 2392 omnibusque

409 2417 634 2471 Domino
683 2415 1054 2484 obtemperare
1102 2413 1408 2468 studebant.
1462 2412 1754 2467 Considera
1804 2421 1980 2466 autem

404 2505 674 2575 quomodo
705 2504 852 2558 illum
880 2504 948 2558 ab
975 2520 1040 2558 eo
1065 2502 1300 2566 inducat,
1325 2517 1353 2555 a
1379 2517 1486 2572 quo
1507 2503 1736 2556 maxime
1765 2502 1984 2571 putabat

407 2615 512 2652 non
537 2613 631 2666 par
657 2611 777 2650 esse
823 2596 895 2650 ita
928 2596 1038 2649 fieri
1070 2615 1082 2649 :
1115 2611 1220 2649 non
1265 2595 1407 2650 enim
1452 2594 1604 2660 dixit,
1645 2593 1735 2649 Sic
1779 2594 1982 2662 justum

404 2698 523 2752 est;
551 2686 667 2756 sed,
690 2686 782 2741 Sic
806 2686 963 2740 decet.
995 2685 1128 2753 Quia
1157 2687 1299 2740 enim
1323 2685 1596 2755 indignum
1625 2686 1844 2739 omnino
1867 2700 1987 2740 esse

408 2778 648 2848 putabat,
680 2777 726 2830 si
751 2776 841 2830 ille
868 2791 898 2829 a
921 2790 1080 2830 servo
1105 2775 1482 2844 baptizaretur,
1507 2775 1609 2830 hoc
1635 2777 1865 2831 maxime
1886 2776 1986 2844 ipsi

409 2879 595 2925 contra
621 2869 892 2938 opposuit,
943 2883 1006 2921 ac
1034 2868 1078 2922 si
1107 2867 1332 2921 dixisset
1362 2885 1376 2922 :
1405 2867 1591 2922 Nonne
1617 2869 1668 2922 id
1701 2869 1898 2938 refugis
1932 2879 1987 2922 ct

409 2959 629 3014 cohibes
656 2958 804 3027 quasi
833 2957 1183 3011 indecorum?
1211 2957 1496 3027 Propterea
1525 2973 1652 3028 ergo
1679 2959 1836 3022 Sine,
1865 2961 1985 3026 quia

409 3050 694 3104 admodum
721 3049 973 3103 decorum
995 3057 1100 3104 est.
1128 3047 1310 3117 Neque
1327 3049 1642 3118 simpliciter
1661 3050 1815 3114 dixit,
1841 3050 1986 3115 Sine;

411 3140 505 3196 sed
535 3139 756 3204 addidit,
801 3138 975 3192 Nunc.
1003 3137 1118 3194 Non
1164 3139 1306 3194 enim
1334 3149 1588 3208 perpetuo
1631 3140 1702 3195 ita
1754 3140 1879 3207 erit,
1912 3141 1992 3194 in-

411 3234 528 3303 quit
555 3249 569 3286 :
592 3232 686 3289 sed
718 3233 770 3286 in
792 3245 859 3286 eo
884 3239 1025 3285 statu
1055 3246 1142 3286 me
1168 3232 1373 3286 videbis
1396 3273 1410 3295 ,
1440 3247 1546 3302 quo
1589 3232 1864 3287 desideras
1890 3250 1904 3295 ;
1937 3242 1992 3286 at

415 3338 556 3379 nunc
583 3325 686 3378 hoc
711 3331 983 3391 exspecta.
1032 3321 1234 3377 Deinde
1271 3322 1509 3376 ostendit
1535 3323 1806 3392 quomodo
1861 3323 1990 3376 illud

414 3416 622 3472 deceat.
669 3413 950 3481 Quomodo
1000 3413 1157 3482 igitur
1180 3412 1371 3468 decet?
1415 3413 1546 3481 Quia
1602 3414 1772 3483 legem
1827 3424 1990 3468 totam

416 3506 731 3572 implemus;
765 3503 816 3557 id
845 3504 1039 3572 quippe
1055 3504 1368 3571 significavit
1397 3503 1645 3571 dicendo,
1676 3504 1888 3558 Omnem
1901 3507 1995 3575 ju-

415 3597 622 3651 stitiam.
657 3593 870 3648 Justitia
915 3595 1056 3648 enim
1105 3602 1189 3647 est
1241 3593 1612 3648 mandatorum
1665 3595 1988 3649 observatio.

416 3687 549 3753 Quia
573 3684 752 3752 igitur,
782 3684 972 3752 inquit,
1002 3685 1104 3737 alia
1132 3685 1312 3738 omnia
1342 3684 1588 3738 mandata
1616 3685 1953 3753 implevimus
1976 3727 1991 3751 ,

419 3778 522 3828 hoc
563 3784 738 3828 autem
789 3789 954 3826 unum
1000 3782 1262 3842 superest,
1291 3784 1346 3828 et
1376 3774 1503 3828 illud
1532 3789 1742 3844 quoque
1780 3775 1994 3845 adjungi

419 3875 650 3935 oportet.
683 3866 812 3919 Veni
841 3867 1037 3934 quippe
1081 3865 1290 3919 solvere
1315 3864 1654 3920 maledictum
1674 3905 1690 3932 ,
1723 3880 1783 3920 ex
1819 3875 1996 3922 trans-

418 3959 694 4026 gressione
733 3956 864 4026 legis
898 3956 1224 4025 impositum.
1255 3955 1476 4025 Oportet
1504 3957 1664 4026 igitur
1682 3972 1769 4011 me
1799 3956 1994 4027 ipsum,

419 4065 541 4104 cum
567 4055 729 4103 totam
769 4048 940 4117 legem
983 4047 1295 4116 implevero,
1342 4054 1397 4100 et
1445 4060 1540 4100 vos
1580 4059 1611 4099 a
1647 4046 1992 4100 damnatione

422 4141 742 4203 liberavero,
765 4139 842 4192 sic
870 4139 1014 4192 illam
1059 4138 1339 4208 abrogare.
1366 4137 1530 4192 Decet
1564 4152 1691 4205 ergo
1716 4151 1803 4190 me
1834 4142 1999 4189 totum

421 4233 646 4302 implere
672 4231 842 4300 legem
869 4247 883 4283 τ
914 4232 1033 4297 quia
1062 4228 1215 4283 decet
1237 4231 1394 4284 etiam
1425 4228 1761 4283 maledictum
1794 4227 2002 4281 solvere

421 4333 604 4377 contra
632 4335 728 4374 vos
757 4321 809 4373 in
835 4321 952 4389 lege
979 4320 1308 4387 inscriptum.
1341 4319 1464 4375 Ideo
1491 4334 1707 4374 carnem
1735 4317 2000 4385 assumpsi

417 4417 468 4463 et
504 4411 714 4466 adveni.
750 4409 890 4462 Tunc
913 4410 1100 4463 dimisit
1125 4425 1257 4462 eum.
1287 4411 1375 4464 16.
1409 4409 1470 4463 Et
1510 4411 1790 4477 baptizatus
1829 4407 1999 4473 Iesus,

419 4503 686 4571 confestim
716 4502 938 4554 ascendit
968 4502 1031 4553 de
1057 4517 1207 4568 aqua,
1232 4511 1280 4553 et
1320 4503 1618 4572 ecce'aperti
1643 4511 1761 4555 sunt
1781 4503 1825 4554 ei
1853 4503 1962 4555 εαξιὶ
1985 4518 2003 4554 :

419 4603 466 4650 et
499 4597 618 4650 uidit
644 4593 896 4664 Spiritum
923 4591 1019 4646 Dei
1044 4591 1422 4647 descendentem
1465 4593 1594 4646 sicut
1633 4592 1934 4656 columbam,
1957 4601 2004 4645 et

422 4698 510 4736 ven
520 4687 695 4742 ientem
715 4701 772 4738 su
781 4700 867 4752 per
885 4699 1019 4737 eum.

496 4774 552 4828 ‘2.
592 4773 821 4828 Christus
868 4791 958 4829 cur
1003 4773 1206 4827 Joanne
1253 4774 1419 4828 minor
1463 4773 1751 4842 putabatur.
1780 4772 2002 4841 —Quia

427 4869 575 4924 enim
600 4869 766 4921 multo
794 4869 1054 4935 majorem
1082 4866 1172 4920 illo
1194 4864 1457 4920 Joannem
1483 4879 1604 4918 esse
1626 4864 1914 4934 putabant,
1942 4881 2013 4922 eo

430 4959 662 5028 quodin
694 4957 909 5012 deserto
938 4973 1154 5027 semper
1181 4957 1426 5020 vixisset,
1461 4966 1514 5012 et
1543 4955 1684 5011 filius
1713 4957 2010 5014 saeerdoris

431 5057 600 5110 esset,
644 5045 846 5114 talique
875 5045 1098 5101 indutus
1125 5046 1471 5112 vestimento,
1513 5056 1676 5116 atque
1710 5061 1901 5103 omnes
1941 5049 2009 5102 ad

435 5138 768 5208 baptismum
798 5144 1038 5200 vocaret,
1067 5150 1241 5203 exque
1271 5136 1438 5190 sterili
1465 5145 1628 5191 natus
1653 5146 1830 5201 esset;
1853 5135 2013 5192 Jesus

437 5246 571 5287 vero
599 5247 664 5284 ex
707 5228 936 5283 obseura
971 5227 1149 5296 puella
1179 5235 1341 5281 natus
1368 5245 1381 5280 :
1415 5235 1602 5296 partus
1630 5229 1775 5281 enim
1803 5243 1865 5280 ex
1889 5227 2014 5282 Vir-

435 5325 556 5393 gine
597 5321 836 5377 nondum
870 5319 1125 5375 omnibus
1170 5327 1287 5372 erat
1325 5328 1520 5383 notus;
1559 5319 1814 5386 quodque
1862 5318 2010 5374 domi

437 5411 691 5474 nutritus,
715 5425 837 5464 cum
857 5407 1112 5464 omnibus
1134 5415 1380 5462 versatus
1402 5416 1456 5462 et
1477 5407 1682 5477 vulgari
1704 5417 1851 5462 veste
1871 5416 2015 5462 esset

439 5503 697 5558 indutus:
730 5503 994 5558 minorem
1029 5499 1206 5567 ipsum
1237 5515 1359 5556 esse
1391 5500 1654 5570 putabant
1703 5501 1831 5569 quia
1875 5499 2012 5554 nihil

1097 130 1156 186 S.
1193 126 1472 185 JOANNIS
1506 119 1979 182 CHRYSOS'I'OMI
2017 117 2335 176 ARCHIEP.
2374 121 2886 183 CONSTANTINOP

3544 133 3650 190 20.!

2072 235 2247 290 adhuc
2287 251 2352 290 ex
2398 238 2605 294 arcanis
2650 238 2756 294 illis
2799 237 3059 294 viderant.
3109 240 3344 312 Contigit
3387 253 3564 300 autem
3597 253 3655 300 et

2070 330 2243 398 ipsum
2271 344 2300 382 a
2325 328 2528 384 Joanne
2548 329 2803 399 baptizari
2827 347 2840 386 :
2870 330 2925 385 id
2952 331 3093 399 quod
3125 332 3268 386 illam
3297 334 3530 390 maxime
3554 336 3648 390 fir-

2072 421 2253 476 mabat
2273 421 2598 490 opinionem,
2624 423 2782 477 etiam
2812 423 2856 477 si
2886 423 3016 477 nihil
3043 424 3186 479 aliud
3223 441 3288 481 ex
3331 426 3489 482 dictis
3514 444 3653 496 prae-

2070 513 2339 568 cessisset.
2383 511 2697 582 Cogitabam
2743 515 2886 568 enim
2927 530 3047 569 eum
3093 530 3213 572 esse
3267 520 3568 587 quempiam
3622 536 3652 574 a

2072 603 2232 674 vulgo
2263 623 2276 657 :
2309 604 2544 673 alioquin
2576 605 2743 669 enim,
2770 605 2870 658 nisi
2898 604 2966 660 de
2996 605 3155 675 vulgo
3194 615 3360 674 esset,
3393 623 3499 662 non
3527 624 3648 664 cum

2073 693 2223 748 turba
2271 693 2338 748 ad
2379 694 2696 762 baptismum
2749 702 3006 750 venturus
3049 705 3164 750 erat
3195 714 3208 749 :
3242 696 3476 754 Joannes
3524 715 3653 754 vero

2075 781 2245 850 major
2265 791 2319 836 et
2346 782 2503 851 longe
2547 783 2841 838 mirabilior
2883 799 3003 839 esse
3033 786 3334 854 putabatur.
3367 787 3445 843 Ne
3490 789 3654 859 igitur

2074 873 2161 926 illa
2189 871 2330 942 apud
2375 874 2572 926 multos
2597 877 2860 928 sententia
2883 875 3233 942 praevaleret,
3263 891 3384 930 eum
3414 877 3530 946 ipse
3559 879 3655 933 ba-

2074 963 2302 1032 ptizatus
2340 963 2545 1029 fuisset,
2573 964 2690 1018 cadi
2713 966 2880 1033 aperti
2906 974 3050 1028 sunt,
3075 965 3305 1034 Spiritus
3349 961 3652 1036 descendit,

2079 1064 2133 1107 et
2161 1068 2264 1107 vox
2306 1067 2430 1107 eum
2474 1054 2677 1122 Spiritu
2703 1055 2999 1124 pmdicans
3027 1054 3245 1126 hujusce
3277 1056 3547 1128 Unigeniti
3571 1061 3656 1113 die

2073 1147 2350 1216 gnitatem.
2375 1145 2506 1212 Quia
2533 1146 2674 1199 enim
2704 1144 2819 1200 haec
2864 1161 2967 1200 vox
3011 1161 3130 1216 quae
3158 1125 3404 1214 dicebat,
3434 1125 3658 1204 iri-Hic

2074 1248 2148 1293 est
2176 1237 2339 1291 Filius
2362 1254 2499 1291 meus
2519 1238 2748 1302 dilectus,
2763 1238 2932 1292 multo
2956 1240 3122 1309 magis
3141 1239 3332 1294 Joanni
3349 1249 3658 1310 competere

2075 1327 2214 1396 apud
2245 1327 2499 1395 plurimos
2527 1326 2638 1380 visa
2682 1326 2901 1390 fuisset;
2934 1342 3106 1396 neque
3151 1329 3293 1383 enim
3343 1329 3657 1396 addiderat,

2076 1419 2176 1474 Hic
2198 1418 2287 1487 qui
2321 1419 2634 1488 baptizatur,
2658 1419 2752 1473 sed
2778 1418 2876 1471 Hic
2897 1419 3213 1489 simpliciter
3232 1461 3247 1486 ,
3275 1431 3330 1475 et
3353 1422 3658 1476 auditorum

2075 1507 2268 1576 singuli
2317 1506 2368 1560 id
2414 1507 2588 1575 potius
2612 1507 2679 1562 de
2732 1507 3052 1578 baptizaute,
3080 1525 3238 1578 quam
3283 1510 3351 1564 de
3393 1511 3661 1579 baptizalo

2077 1597 2182 1653 dici
2208 1597 2462 1666 suspicati
2495 1598 2740 1664 fuissent,
2774 1609 2885 1652 tum
2912 1599 2980 1653 ob
3003 1599 3170 1668 ipsam
3203 1601 3454 1669 Baptistae
3478 1601 3658 1670 digni-

2078 1696 2241 1744 tatem
2271 1689 2312 1754 ί,
2341 1696 2450 1742 tum
2478 1689 2549 1741 ob
2575 1702 2638 1742 ea
2666 1688 2844 1742 omnia
2871 1704 2991 1758 qute
3014 1689 3124 1758 jam
3154 1689 3292 1743 dicta
3321 1698 3444 1743 sunt
3473 1708 3484 1742 :
3517 1690 3664 1744 venit

2078 1777 2305 1848 Spiritus
2317 1779 2575 1833 columba:
2591 1779 2788 1848 specie,
2809 1779 2896 1849 qui
2917 1795 3104 1834 vocem
3122 1781 3355 1834 traheret
3373 1781 3438 1834 ad
3454 1780 3659 1846 Iesum,

2078 1869 2433 1938 omnibusque
2473 1868 2771 1923 declararet
2800 1883 2982 1924 vocem
3038 1870 3178 1923 illam
3204 1911 3220 1936 ,
3267 1869 3397 1934 Hic,
3444 1886 3550 1924 non
3592 1870 3663 1925 de

2079 1959 2286 2015 Joanne
2313 1959 2647 2027 baptizante,
2677 1958 2776 2013 sed
2823 1958 2890 2013 de
2942 1958 3068 2014 Jesu
3100 1960 3365 2029 baptizata
3414 1958 3661 2028 proferri.

2081 2051 2152 2106 Et
2170 2067 2352 2122 quare,
2386 2053 2612 2121 inquies,
2663 2050 2747 2106 his
2799 2053 2868 2106 ita
2912 2051 3076 2120 gestis
3129 2067 3235 2106 non
3287 2051 3665 2108 crediderunt?

2080 2144 2217 2211 Quia
2244 2146 2403 2199 etiam
2425 2144 2525 2198 sub
2558 2144 2740 2215 Moyse
2783 2144 2949 2198 multa
2977 2153 3182 2213 patrata
3214 2152 3339 2198 sunt
3383 2144 3663 2210 miracula,

2082 2239 2422 2294 etiamsinon
2451 2238 2574 2291 talia
2604 2253 2619 2292 :
2651 2243 2705 2291 et
2735 2245 2914 2290 tamen
2942 2245 3059 2304 post
3083 2236 3170 2290 illa
3198 2240 3396 2298 omnia,
3427 2246 3548 2306 post
3573 2251 3666 2290 vo-

2084 2343 2176 2384 ces
2203 2337 2259 2383 et
2289 2326 2465 2392 tubas,
2493 2335 2548 2382 et
2575 2326 2802 2396 fulgura,
2829 2326 3051 2380 vitulum
3079 2324 3398 2394 conﬂarmtt,
3426 2335 3480 2380 et
3507 2325 3665 2381 Beel-

2084 2417 2306 2488 phegori
2335 2417 2525 2470 initiati
2555 2425 2698 2470 sunt.
2730 2415 2940 2485 Ipsique
2963 2415 3146 2482 etiam,
3178 2417 3267 2486 qui
3295 2426 3402 2470 tum
3426 2431 3667 2486 praesen-

2087 2516 2170 2563 tes
2189 2519 2360 2573 erant,
2388 2523 2510 2562 cum
2535 2507 2790 2562 Lazarum
2818 2507 3128 2561 suscitatum
3156 2507 3436 2572 vidissent,
3462 2514 3666 2560 tantum

2087 2601 2252 2656 abfuit
2275 2609 2332 2655 ut
2358 2599 2638 2655 crederent
2680 2598 2801 2652 talia
2837 2599 3176 2667 patranti,»ut
3205 2597 3366 2652 etiam
3398 2596 3545 2650 illum
3575 2611 3668 2650 oc-

2087 2693 2268 2749 cidere
2295 2707 2437 2762 saepe
2465 2698 2752 2747 tentarent.
2781 2690 2840 2742 Si
2869 2689 3028 2758 igitur
3057 2704 3167 2758 prae
3194 2689 3366 2742 oculis
3411 2687 3670 2741 habentes

2089 2792 2422 2839 mortuorum
2475 2781 2943 2846 resurrectionem,
2997 2781 3068 2834 ita
3121 2788 3273 2834 erant
3312 2777 3571 2833 increduli
3616 2787 3672 2832 et

2092 2876 2261 2945 pravi,
2288 2875 2412 2943 quid
2438 2874 2648 2927 miraris
2677 2873 2719 2926 si
2749 2887 2931 2926 vocem
2960 2873 3102 2926 illam
3127 2886 3412 2940 supernam
3445 2886 3550 2925 non
3578 2885 3672 2924 ex-

2092 2969 2379 3036 ceperunt?
2399 2966 2530 3020 Cum
2553 2966 2694 3020 enim
2727 2964 2966 3033 improba
2995 2974 3049 3018 et
3090 2977 3336 3032 perversa
3365 2971 3446 3017 est
3470 2963 3669 3022 anima,

2093 3057 2382 3127 llvorisque
2411 3055 2597 3109 morbo
2621 3053 2829 3118 affecta,
2860 3053 2986 3107 nulli
3013 3053 3155 3108 cedit
3176 3052 3464 3118 miraculo;
3487 3061 3672 3107 contra

2095 3165 2221 3205 vero
2245 3164 2366 3204 cum
2397 3147 2560 3216 proba
2586 3156 2690 3213 est,
2719 3146 2898 3200 omnia
2923 3161 3043 3199 eum
3075 3145 3177 3199 ﬁde
3207 3145 3419 3214 accipit,
3450 3145 3557 3197 imo
3581 3158 3674 3198 ne-

2095 3257 2198 3312 que
2224 3241 2304 3296 his
2333 3239 2620 3295 admodum
2651 3253 2786 3307 opus
2815 3238 2992 3293 habet.
3025 3237 3101 3291 Ne
3132 3238 3293 3306 igitur
3327 3250 3537 3306 quaeras
3578 3251 3677 3290 cur

2097 3347 2203 3387 non
2234 3331 2575 3385 crediderunt
2613 3346 2626 3382 :
2659 3327 2789 3383 illud
2821 3328 2914 3382 tibi
2941 3327 3285 3397 quaerendum
3329 3336 3472 3380 esset
3495 3326 3538 3380 si
3567 3339 3674 3380 non

2097 3423 2239 3478 facta
2281 3423 2507 3476 fuissent
2549 3421 2749 3483 omnia,
2780 3433 2902 3488 qua:
2941 3417 3004 3472 ad
3051 3418 3376 3472 credendum
3424 3416 3677 3471 inducere

2098 3516 2384 3572 debebant.
2434 3513 2639 3566 Etenim
2695 3526 2789 3580 per
2837 3509 3149 3578 prophetam
3187 3509 3326 3562 Deus
3353 3522 3514 3575 super
3562 3506 3678 3560 haec

2097 3604 2298 3669 omnia,
2327 3619 2444 3673 qua-
2471 3602 2537 3655 ab
2557 3617 2614 3655 se
2641 3601 2879 3670 prtestari
2907 3600 3223 3664 debuerunt,
3255 3596 3677 3652 huncdefensio-

2104 3698 2184 3751 nis
2211 3696 2426 3750 modum
2453 3693 2630 3747 affert.
2677 3692 2810 3757 Quia
2841 3691 2982 3744 enim
3010 3690 3242 3743 futurum
3277 3698 3392 3742 erat
3430 3687 3676 3741 utJudtei

2103 3789 2358 3855 perirent,
2389 3792 2444 3838 et
2484 3791 2730 3836 extremo
2775 3779 3037 3849 supplicio
3063 3779 3434 3840 traderentur;
3468 3792 3534 3830 ne
3559 3777 3678 3845 quis

2101 3895 2165 3935 ex
2195 3878 2428 3947 ipsorum
2458 3875 2690 3944 nequitia
2721 3872 2837 3941 ejus
2866 3871 3251 3940 providentiam
3271 3869 3532 3938 culparet,
3564 3869 3675 3921 ait:

2105 3967 2240 4033 Quid
2265 3982 2344 4021 me
2359 3969 2581 4033 oportuit
2617 3966 2783 4034 facere
2820 3963 2975 4015 vincte
3004 3961 3139 4024 huic,
3183 3971 3230 4014 et
3249 3976 3353 4013 non
3383 3958 3478 4031 feci
3507 3955 3677 4027 (Isai.

2103 4059 2160 4114 5.
2191 4058 2292 4128 At)?
2326 4056 2555 4125 ldipsum
2590 4055 2675 4109 hic
2701 4053 3011 4108 consideres
3039 4059 3268 4121 Oportet,
3312 4049 3437 4120 quid
3465 4057 3681 4118 oporte-

2104 4150 2192 4204 bat
2217 4148 2355 4214 fieri,
2402 4157 2459 4202 et
2488 4160 2592 4200 non
2625 4145 2819 4199 factum
2851 4152 2951 4198 est.
2985 4142 3052 4197 Et
3077 4142 3122 4195 si
3151 4140 3366 4211 quando
3399 4140 3467 4194 de
3493 4139 3676 4209 provi-

2103 4243 2282 4299 dentia
2305 4242 2394 4296 Dei
2416 4254 2692 4296 sermones
2703 4246 3034 4300 moveantur,
3057 4235 3159 4289 hoc
3176 4232 3500 4289 defensionis
3521 4230 3683 4286 modo

2108 4343 2259 4388 utere
2302 4332 2561 4386 adversus
2605 4344 2700 4384 eos
2747 4327 2837 4395 qui
2888 4327 2956 4380 de
3013 4325 3295 4379 multorum
3345 4321 3680 4392 improbitate

2108 4425 2275 4494 ipsam
2301 4421 2571 4477 criminari
2601 4426 2877 4474 conantur.
2909 4414 3187 4485 Perpende
3218 4414 3376 4484 igitur
3401 4427 3560 4482 quam
3585 4410 3682 4464 mi-

2109 4514 2293 4567 rabilia
2325 4519 2714 4581 perpetrentnr,
2754 4519 2807 4562 et
2853 4506 3150 4560 futurorum
3185 4504 3330 4558 initia
3361 4521 3375 4556 :
3405 4517 3509 4556 non
3537 4502 3680 4555 enim

2110 4603 2411 4672 paradisus,
2449 4601 2540 4656 sed
2582 4599 2771 4654 caelum
2818 4598 3075 4665 aperitur.
3109 4594 3302 4650 Verum
3351 4591 3466 4646 lucc
3498 4599 3682 4647 contra

2107 4691 2322 4748 Judaeos
2370 4693 2543 4745 oratio
2593 4690 2644 4744 in
2689 4687 2832 4742 aliud
2881 4697 3090 4753 tempus
3156 4683 3432 4738 differatur
3477 4698 3490 4733 :
3543 4693 3683 4733 nunc

2109 4793 2307 4841 autem.
2335 4783 2444 4836 Deo
2466 4783 2704 4847 juvante,
2737 4779 2801 4833 ad
2832 4793 2892 4832 ea
2914 4792 3029 4847 quae
3055 4776 3164 4845 jam
3187 4783 3476 4829 tractamus
3506 4786 3685 4826 sermo

2111 4875 2376 4930 referatur
2405 4891 2418 4925 :
2451 4872 2516 4926 Et
2563 4872 2846 4938 baptizatus
2870 4869 3042 4934 Jesus,
3071 4867 3294 4922 ascendit
3321 4865 3586 4934 confestim
3622 4880 3685 4917 ea:

2110 4979 2280 5033 aqua;
2309 4973 2356 5018 et
2376 4978 2487 5016 ecce
2505 4961 2666 5030 aperti
2693 4969 2810 5013 sunt
2835 4960 2879 5011 ei
2899 4959 3028 5012 cali.
3053 4956 3163 5012 Cttr
3189 4957 3356 5027 aperti
3380 4965 3503 5009 sunt
3524 4954 3639 5009 αηιί
3662 4954 3687 5006 ?

2112 5055 2180 5110 Ut
2205 5055 2402 5116 discas,
2433 5067 2553 5106 cum
2589 5060 2646 5105 tu
2676 5050 2991 5119 baptizaris,
3039 5050 3265 5119 idipsum
3311 5048 3423 5102 ﬁeri
3449 5089 3465 5114 ,
3497 5048 3604 5101 Deo
3633 5059 3686 5100 te

2111 5145 2177 5200 ad
2228 5145 2494 5199 czelestem
2532 5143 2751 5211 patriam
2799 5151 3042 5200 vocante,
3085 5149 3139 5194 et
3189 5140 3444 5194 suadente
3470 5148 3527 5191 ut
3554 5137 3685 5191 nihil

2111 5251 2230 5290 cum
2259 5244 2396 5288 terra
2422 5246 2704 5285 commune
2724 5229 2940 5284 habeas.
2966 5228 3118 5296 Quod
3145 5229 3188 5284 si
3210 5229 3260 5282 id
3293 5244 3398 5283 non
3422 5226 3594 5287 vides.
3621 5240 3690 5282 ne

2178 5459 2193 5487 ¹
2227 5454 2420 5519 Quidam
2437 5453 2634 5519 habent,
2649 5449 2707 5500 ob
2729 5445 3125 5519 ipsam‘baptismt
3148 5443 3448 5508 dignitatem;
3464 5444 3553 5496 sed
3570 5442 3688 5494 mul-

2114 5521 2162 5564 to
2192 5522 2383 5566 [trees-tat
2405 5513 2549 5564 lectio
2571 5526 2681 5576 qua:
2707 5519 2784 5561 est
2815 5513 2861 5560 in
2885 5515 3044 5558 textu.
