4076 6150
464 256 572 313 203

459 373 554 426 καὶ
599 374 680 436 είς
727 372 1062 443 κατηγορίαν
1092 372 1200 426 τῶν
1244 373 1794 445 πεπλημμελημένων
1820 374 2033 442 ἐνῆγεν,

461 457 547 509 ἵνα
581 457 652 524 μή
683 472 769 517 τις
802 456 1019 526 νομίσῃ,
1048 457 1132 509 ὃτι
1166 456 1262 509 καὶ
1293 457 1454 518 αὐτὸς
1485 457 1622 526 μετὰ
1657 457 1757 525 τῆς
1786 454 2038 522 τοιαύτης

457 537 684 607 γνώμης
731 539 824 590 ἐπὶ
870 539 962 592 τὸν
1003 539 1274 609 Ἰορδάνην
1322 539 1561 610 ἔρχεται,
1619 538 2036 609 προδιορθοῦται

457 621 608 683 αὐτὸ,
635 620 712 690 τῷ
740 639 799 674 τε
828 622 1022 692 Ἀμνὺν
1051 623 1298 686 καλέσαι,
1336 625 1430 676 καὶ
1461 623 1738 694 λυτρωτὴν
1769 623 1868 693 τῆς
1898 621 2037 674 κατά

456 706 554 773 τὴν
581 704 906 774 οἰκουμένην
936 705 1209 778 ἁμαρτίας
1236 707 1474 775 ἀπάσης.
1513 707 1573 760 Ὀ
1597 707 1706 777 γὰρ
1733 705 1802 758 τά
1835 705 2038 768 παντὸς

455 784 548 837 τοῦ
602 785 708 838 τῶν
754 786 1058 856 ἀνθρώπων
1097 788 1289 855 γένους
1330 790 1704 860 ἁμαρτήματα
1743 787 2037 857 δυνάμενος

455 866 682 931 ἀνελεῖν,
743 867 922 938 πολλῷ
959 869 1157 936 μᾶλλον
1200 871 1361 934 αὐτὸς
1403 871 1785 941 ἀναμάρτητος
1820 865 1910 938 ἦν.
1937 867 2038 921 Διά

453 949 516 1018 δὴ
545 949 702 1002 τοῦτο
727 950 827 1004 οὐκ
855 947 1029 1005 εῐπεν·
1050 953 1159 1006 Ἴδε
1187 955 1216 1008 6
1243 954 1642 1026 ἀναμάρτητος·
1675 953 1787 1007 ἀλλ’
1813 952 1841 1005 6
1857 951 2036 1020 πολλῷ

455 1033 618 1085 πλέον
645 1029 735 1103 ἦν,
777 1035 838 1088 '0
863 1036 1047 1103 αἴρων
1075 1035 1193 1103 τὴν
1215 1038 1507 1106 ἁμαρτίαν
1528 1037 1635 1090 τοῦ
1665 1038 1916 1105 κόσμου·
1949 1035 2036 1088 ’ίνα

456 1115 596 1184 μετά
625 1115 672 1146 ⁸⁵
707 1115 895 1168 τούτου
926 1117 1145 1170 κάκεῖνο
1185 1117 1321 1186 μετά
1365 1119 1547 1188 πάσης
1588 1118 1714 1189 δέξῃ
1759 1117 2034 1186 πληροφο-

457 1195 596 1264 ρίας,
623 1197 718 1250 καὶ
737 1197 1032 1268 δεξάμενος
1061 1199 1178 1270 ίδῃς
1195 1201 1262 1262 ⁸⁵,
1292 1200 1375 1252 ὅτι
1405 1201 1569 1269 ἕτερά
1589 1201 1711 1252 τινα
1733 1197 2034 1267 οἰκονομῶν

354 1344 359 1348 ι
451 1279 546 1330 ἐπὶ
569 1279 630 1331 τὸ
671 1280 954 1350 βάπτισμα
991 1284 1230 1353 ἔρχεται.
1261 1283 1351 1336 Διὸ
1387 1284 1480 1336 καὶ
1508 1283 1713 1337 ἐλθόντι
1741 1281 1888 1352 αὐτῷ
1916 1282 2032 1334 ἐλε-

451 1376 566 1426 γεν·
604 1361 751 1428 Ἐγὼ
790 1365 996 1430 χρείαν
1024 1364 1142 1432 ἔχω
1172 1365 1289 1420 ὑπὸ
1328 1366 1444 1420 σοῦ
1468 1365 1903 1432 βαπτισθῆναι,
1931 1364 2031 1417 καὶ

447 1443 531 1494 σὺ
573 1443 718 1511 ἔρχῃ
765 1445 916 1512 πρὸς
952 1445 1062 1512 μέ;
1103 1448 1210 1500 Καὶ
1238 1447 1338 1500 οὐκ
1377 1447 1519 1510 εἷπε,
1549 1448 1743 1500 Καὶ.σύ
1795 1446 2028 1517 βαπτίζῃ

448 1524 542 1576 ὑπ’
571 1525 738 1594 ἐμοῦ;
773 1527 862 1578 καὶ
888 1527 996 1597 γάρ
1021 1529 1112 1581 καὶ
1137 1528 1296 1582 τοῦτο
1331 1529 1530 1582 ἔδεισεν
1556 1532 1748 1582 εἰπεῖν·
1779 1529 1915 1582 ἀλλά
1944 1530 2025 1593 τίς

450 1608 556 1660 Καὶ
580 1608 663 1660 σὺ
685 1609 831 1676 ἔρχῃ
863 1610 1014 1677 πρός
1032 1611 1148 1680 μέ;
1183 1613 1247 1665 Τί
1272 1608 1364 1666 οῦν
1385 1613 1414 1664 6
1433 1607 1698 1682 Χριστόξς
1728 1611 1903 1682 Ὅπερ
1935 1613 2028 1664 ἐπὶ

446 1687 539 1739 τοῦ
598 1690 806 1759 Πέτρου
867 1694 1165 1762 πεποίηκεν
1221 1693 1467 1765 ὕστερον,
1528 1693 1687 1746 τοῦτο
1750 1693 1844 1746 καὶ
1906 1693 2025 1745 τότε

446 1769 691 1840 ἐποίησε.
731 1773 842 1826 Καὶ
869 1773 979 1844 γάρ
1006 1775 1098 1827 καὶ⁸
1125 1776 1329 1836 ἐκεῖνος
1359 1774 1650 1829 διεκώλυεν
1680 1774 1842 1828 αὐτὸν
1875 1773 2025 1842 νίψαι

444 1853 572 1914 τούς
607 1853 792 1916 πόδας·
831 1854 948 1908 ἀλλ’
974 1856 1162 1926 ἐπειδὴ
1192 1857 1441 1926 ἤκουσεν·
1491 1860 1560 1910 Ὃ
1590 1857 1758 1921 ποιῶ,
1793 1856 1910 1909 νῦν
1942 1856 2024 1909 σὺ

443 1936 557 1987 οὐκ
608 1931 793 2002 οἶδας,
844 1936 1046 2006 γνώσῃ
1100 1939 1169 1991 δὲ
1204 1940 1355 2008 μετὰ
1398 1941 1604 1996 ταῦτα·
1651 1940 1746 1993 καὶ
1782 1941 1862 1993 ὅτι
1901 1942 2023 1993 Οὐκ

443 2015 606 2084 ἔχεις
644 2017 828 2084 μέρος
865 2020 994 2087 μετ’
1025 2019 1190 2088 ἐμοῦ·
1232 2022 1440 2092 ταχέως
1472 2023 1682 2092 ἀπέστη
1720 2021 1814 2075 τοῦ
1845 2023 2022 2087 τόνου,

444 2099 540 2151 καὶ
569 2099 700 2167 πρὸς
731 2099 790 2152 τὸ
817 2101 1053 2154 ἐναντίον
1085 2102 1341 2175 μετέστη.
1373 2105 1483 2157 Καὶ
1504 2100 1657 2167 οὗτος
1689 2105 1891 2174 ὁμοίως
1920 2105 2023 2158 πά-

442 2179 548 2240 λιν,
584 2179 841 2242 ἀκούσας·
880 2183 1056 2250 Ἄφες
1077 2182 1226 2252 ἄρτι·
1268 2187 1420 2239 οὕτω
1451 2185 1560 2254 γὰρ
1595 2187 1825 2255 πρέπον
1851 2186 2024 2239 ἐστὶν

442 2261 588 2329 ἡμῖν
627 2261 942 2329 πληρῶσαι
977 2265 1185 2320 πᾶσαν
1213 2266 1627 2335 δικαιοσύνην·
1669 2269 1869 2331 εὐθέως
1916 2270 2020 2320 ὐπ-

443 2345 675 2413 ήκουσεν
709 2347 777 2398 ".
818 2347 893 2398 Οὐ
924 2347 1034 2418 γὰρ
1067 2350 1324 2420 ἀμέτροις
1355 2347 1495 2422 ἦσαν
1527 2352 1820 2420 φιλόνεικοι
1843 2391 1857 2413 ,
1885 2351 2019 2403 ἀλλά

443 2427 537 2480 καὶ
599 2428 696 2497 τὴν
750 2429 970 2499 ἀγάπην
1023 2432 1397 2487 ἐπεδείκνυντο
1457 2436 1550 2487 καὶ
1603 2435 1700 2504 τὴν
1751 2433 2015 2503 ὑπακοὴν,

443 2509 538 2561 καὶ
572 2511 746 2562 πάντα
791 2513 1072 2565 πείθεσθαι
1101 2515 1373 2584 ἐμελέτων
1417 2515 1493 2586 τῷ
1522 2516 1787 2586 Δεσπότῃ.
1820 2516 2017 2568 Σκόπει

440 2589 497 2642 δὲ
559 2591 675 2655 πῶς
725 2593 976 2646 ἐντεῦθεν
1026 2596 1188 2648 αὐτὸν
1236 2598 1440 2664 ἐνάγει,
1496 2597 1589 2664 ἀφ’
1642 2591 1717 2650 ὧν
1784 2597 2016 2667 μάλιστα

443 2671 730 2727 ὑπώπτευε
755 2674 816 2728 τὸ
843 2677 1141 2747 γινόμενον·
1171 2679 1289 2732 οὐδὲ
1313 2681 1420 2749 γὰρ
1441 2675 1612 2742 εἶπεν,
1632 2680 1788 2733 Οῦτω
1811 2680 2016 2733 δίκαιόν

441 2757 608 2819 ἐστιν,
644 2757 775 2817 ἀλλ’,
823 2759 986 2811 Οὕτω
1023 2760 1252 2827 πρέπον
1279 2763 1468 2816 ἐστίν.
1513 2763 1728 2832 Ἐπειδὴ
1773 2763 1881 2833 γὰρ
1923 2765 2017 2816 ἀν-

439 2838 586 2901 άξιον
622 2840 786 2892 αὐτοῦ
825 2841 1056 2909 μάλιστα
1083 2839 1220 2896 εἶναι
1252 2845 1292 2874 ⁸⁷
1323 2843 1537 2914 ἐνόμιζε
1567 2843 1743 2905 τοῦτο,
1774 2845 1834 2896 τὸ
1863 2845 2017 2915 παρὰ

437 2919 532 2972 τοῦ
578 2920 763 2973 δούλου
805 2923 1182 2992 βαπτισθῆναι,
1223 2925 1383 2978 τοῦτο
1424 2926 1657 2994 μάλιστα
1697 2926 1909 2979 τέθεικε
1955 2929 2015 2980 τὸ

439 3001 575 3071 πρὸς
615 3004 792 3082 ἐκεῖνο
834 3005 1412 3076 ἀντιδιαστελλόμενον,
1443 3007 1642 3059 ὡσανεὶ
1674 3007 1876 3075 ἔλεγεν·
1902 3009 2013 3078 Οὐχ

437 3083 512 3145 ὡς
539 3084 784 3153 ἀπρεπὲς
808 3086 964 3138 τοῦτο
993 3087 1212 3156 φεύγεις
1248 3091 1341 3142 καὶ
1381 3091 1732 3156 διακωλύεις;
1774 3093 1839 3144 δι’
1881 3093 2014 3144 αὐτὸ

440 3168 541 3236 μὲν
571 3164 662 3220 οὖν
689 3167 848 3222 τοῦτο
877 3169 921 3200 ⁸⁸
950 3170 1109 3239 ἄφες,
1126 3173 1206 3224 ὅτι
1237 3173 1330 3224 καὶ
1353 3173 1586 3240 μάλιστα
1612 3175 1818 3244 πρέπον
1845 3175 2010 3230 ἐστίν.

437 3250 546 3302 Καὶ
577 3251 675 3320 οὐχ
705 3251 890 3314 ἁπλῶς
924 3247 1096 3317 εἶπεν,
1133 3255 1334 3322 Ἄφες·
1361 3255 1496 3307 ἀλλά
1517 3257 1575 3307 τὸ
1597 3295 1610 3316 ,
1645 3254 1774 3322 ἄρτι
1798 3297 1811 3316 ,
1846 3273 2014 3326 προσ-

439 3330 654 3400 έθηκεν.
706 3334 780 3386 Οὐ
820 3333 929 3404 γάρ
969 3334 1229 3403 διηνεκῶς
1274 3335 1443 3389 ταῦτα
1475 3337 1644 3396 ἔσται,
1681 3338 1862 3406 φησὶν,
1897 3337 2011 3389 ἀλλ’

436 3414 552 3482 ὄψει
579 3433 647 3483 με
675 3417 733 3467 ἐν
753 3416 962 3480 τούτοις
986 3412 1067 3480 οἷς
1093 3419 1396 3488 ἐπιθυμεῖς·
1428 3421 1551 3490 ἄρτι
1582 3421 1761 3488 μέντοι
1790 3420 2013 3489 ὑπόμει-

440 3514 528 3548 νον
565 3495 742 3551 τοῦτο.
777 3494 910 3552 Εἶτα
943 3501 1034 3553 καὶ
1075 3501 1119 3532 ⁸⁸
1151 3501 1389 3554 δείκνυσι
1433 3502 1550 3564 πῶς
1591 3503 1744 3555 τοῦτο
1781 3502 2006 3573 πρέπον.

439 3577 563 3641 Πῶς
608 3575 701 3632 οὖν
740 3581 946 3650 πρέπον
982 3583 1166 3648 ἐστίν;
1205 3583 1326 3636 Ὀτι
1367 3584 1457 3636 τὸν
1492 3585 1652 3652 νόμον
1695 3585 2010 3654 πληροῦμεν

438 3659 673 3713 ἅπαντα·
699 3661 835 3732 ὅπερ
857 3657 946 3714 οὖν
967 3663 1140 3733 δηλῶν
1163 3663 1334 3731 ἔλεγε,
1361 3665 1571 3719 Πᾶσαν
1591 3667 2004 3732 δικαιοσύνην.

435 3743 761 3812 Δικαιοσύνη
795 3745 903 3814 γάρ
951 3749 1098 3799 ἐστιν
1139 3749 1172 3816 ἠ
1219 3747 1328 3800 τῶν
1376 3749 1600 3800 ἐντολῶν
1643 3749 2004 3819 ἐκπλήρωσις.

449 3825 603 3878 Ἐπεὶ
647 3821 740 3879 οὖν
794 3828 973 3889 πάσας
1030 3829 1127 3890 τάς
1169 3829 1333 3892 ἄλλοις
1366 3831 1411 3862 ⁷ο
1451 3831 1669 3892 ἐντολὰς
1709 3832 2005 3901 ἡνύσαμεν,

436 3907 592 3976 φησὶ,
624 3907 782 3960 τοῦτο
809 3909 868 3960 δὲ
906 3910 1285 3964 ὑπολέλειπται
1322 3910 1502 3980 μόνον,
1537 3912 1618 3964 δεῖ
1647 3913 2007 3985 προστεθῆναι

436 3989 531 4042 καὶ
557 3989 732 4044 τοῦτο.
760 3991 870 4043 Καὶ
901 3991 1007 4061 γὰρ
1029 3988 1192 4062 ἦλθον
1219 3993 1375 4046 λῦσαι
1407 3994 1504 4063 τὴν
1533 3996 1671 4064 ἀρὰν
1697 3995 1793 4066 τὴν
1818 3997 1910 4050 ἐπὶ
1940 4001 2004 4068 τῇ

437 4071 745 4141 παραϐάσει
775 4071 867 4123 τοῦ
903 4073 1067 4142 νόμου
1095 4075 1371 4145 κειμένην.
1416 4078 1508 4128 Δεῖ
1541 4075 1716 4129 τοίνυν
1745 4078 2007 4148 πρότερον

435 4150 535 4220 ἐμὲ
559 4152 604 4184 τί
630 4153 790 4206 αὐτὸν
817 4153 992 4208 πάντα
1017 4155 1395 4224 πληρώσαντα,
1419 4159 1512 4210 καὶ
1533 4157 1842 4225 ἐξελόμενον
1866 4160 2009 4229 ὑμᾶς

432 4233 533 4301 τῆς
560 4234 876 4305 καταδίκης,
913 4235 1084 4300 οὕτως
1111 4237 1273 4290 αὐτὸν
1304 4239 1636 4293 ἀναπαῦσαι.
1672 4241 1888 4309 Πρέπον
1916 4238 2009 4294 οὗν

435 4316 581 4370 ἐστιν
607 4316 757 4387 [162]
791 4319 914 4387 ἐμοὶ
944 4319 1230 4390 πληρῶσαι
1254 4321 1345 4374 τὸν
1367 4323 1531 4391 νόμον
1558 4324 1790 4377 ἅπαντα·
1823 4326 2008 4396 ἐπειδὴ

435 4399 529 4451 καὶ
554 4399 761 4468 πρέπον
787 4401 903 4454 ἐστὶ
936 4400 1095 4456 λῦσαι
1124 4403 1221 4473 τὴν
1251 4404 1372 4458 καθ’
1409 4405 1562 4474 ὑμῶν
1591 4407 1648 4458 ἐν
1671 4407 1717 4438 ⁷³
1751 4407 1828 4477 τῷ
1860 4408 2009 4479 νόμῳ

432 4481 824 4552 γεγραμμένην
852 4485 1112 4553 κατάραν.
1145 4485 1242 4538 Διά
1269 4485 1375 4557 γὰρ
1402 4486 1561 4541 τοῦτο
1588 4489 1681 4542 καὶ
1709 4490 1885 4560 σάρκα
1912 4492 2009 4544 ἀν-

432 4561 622 4614 έλαϐον
681 4563 776 4616 καὶ
841 4568 1239 4637 παρεγενόμην.
1292 4573 1430 4626 Τότε
1479 4571 1736 4638 ἀφίησιν
1795 4575 2003 4628 αὐτόν.

431 4645 541 4699 Καὶ
573 4645 936 4715 βαπτισθεὶς
974 4652 1008 4704 ό
1047 4651 1286 4718 Ἰησοῦς
1323 4651 1504 4717 εὐθὺς
1530 4653 1712 4721 ἀνέϐη
1754 4654 1872 4709 ἀπὸ
1901 4657 2007 4710 τοῦ

431 4725 670 4794 ὕδατος·
722 4730 819 4782 καὶ
859 4730 986 4785 ίδοὺ
1027 4731 1420 4801 ἀνεῴχθησαν
1454 4733 1614 4800 αὺτῷ
1652 4739 1706 4789 οὶ
1740 4738 2003 4803 οὐρανοὶ,

431 4811 530 4863 καὶ
584 4807 706 4866 εἷδε
741 4812 809 4865 τὸ
845 4815 1090 4883 Πνεῦμα
1130 4816 1237 4870 τοῦ
1284 4817 1434 4872 Θεοῦ
1481 4820 1838 4874 καταϐαῖνον
1863 4821 2007 4875 ὡσεὶ

429 4899 808 4964 περιστερὰν,
842 4900 938 4952 καὶ
969 4901 1294 4970 ἐρχόμενον
1325 4904 1418 4956 ἐπ’
1446 4906 1652 4959 αὐτόν.

502 4979 568 5049 β’.
588 4979 806 5047 Ἐπειδὴ
835 4980 942 5050 γὰρ
959 4981 1140 5036 πολλοὶ
1155 4984 1202 5015 ⁷³
1222 4985 1440 5054 μείζονα
1455 4986 1617 5040 αὐτοῦ
1638 4987 1727 5040 τὸν
1752 4987 2006 5060 Ἰωάννην

430 5055 568 5115 εἶναι
593 5059 861 5130 ἐνόμιζον,
887 5061 976 5114 διὰ
1010 5063 1070 5115 τὸ
1099 5064 1186 5118 τὸν
1223 5067 1320 5135 μὲν
1350 5068 1408 5119 ἐν
1442 5069 1635 5139 ἐρήμῳ
1666 5069 1842 5123 πάντα
1871 5055 2004 5142 τρα-

431 5142 597 5211 φῆναι
621 5142 713 5196 τὸν
743 5143 952 5213 χρόνον,
986 5145 1080 5197 καὶ
1100 5146 1214 5200 υἱὸν
1249 5148 1547 5218 ἀρχιερέως
1575 5147 1733 5218 εἶναι,
1758 5155 1850 5206 καὶ
1880 5171 2004 5206 στο-

432 5225 528 5297 λὴν
555 5227 896 5297 περικεῖσθαι
915 5228 1190 5298 τοιαύτην,
1230 5233 1324 5285 καὶ
1355 5233 1558 5296 πάντας
1591 5237 1682 5288 ἐπὶ
1719 5237 1780 5288 τὸ
1807 5237 2000 5306 βάπτι-

434 5323 543 5377 σμα
567 5309 767 5370 καλεῖν,
796 5310 889 5362 καὶ
912 5309 1018 5365 ἀπὸ
1045 5311 1259 5380 στείρας
1288 5307 1534 5385 τετέχθαι
1557 5335 1570 5348 ·
1603 5318 1692 5370 τὸν
1719 5318 1774 5371 δὲ
1795 5321 2002 5391 Ἰησοῦν

1562 258 1628 314 ΙΝ
1667 251 2079 313 ΜΑΤΤΠᾸΞΠΜ
2119 253 2351 312 HOMIL.
2403 256 2517 312 XII.

3613 259 3722 315 ειιι

2142 373 2237 425 καὶ
2270 375 2378 427 ἀπὸ
2409 372 2658 435 εὐτελοῦς
2695 373 2862 442 κόρης
2889 368 3026 425 εἶναι
3055 372 3121 442 (6
3149 373 3254 445 γὰρ
3281 373 3381 442 τῆς
3430 373 3726 444 παρθενίας

2139 457 2296 518 τόκος
2323 456 2531 509 οὐδέπω
2563 457 2693 508 πᾶσι
2717 454 3013 525 κατάδηλος
3040 450 3129 524 ἦν)
3147 495 3161 518 ,
3202 457 3292 508 καὶ
3321 455 3410 509 διά
3431 455 3491 508 τὸ
3512 457 3569 508 ὲν
3585 457 3729 527 οίκίᾳ

2139 541 2432 610 τραφῆναι,
2464 541 2558 593 καὶ
2579 539 2716 610 μετά
2755 539 2973 592 πάντων
3003 539 3454 608 ἀναστρέφεσθαι,
3498 540 3593 593 καῖ⁹
3627 541 3728 610 τὴν

2141 622 2324 690 κοινὴν
2353 621 2557 693 ταύτην
2595 621 2796 690 ἐσθῆτα
2824 619 3189 690 περικεῖσθαι,
3214 620 3469 673 ἐλάττονα
3495 621 3659 674 αὐτοῦ
3681 623 3729 653 ’⁷⁸

2139 697 2277 754 εἶναι
2305 703 2645 768 ὑπώπτευον,
2681 703 2831 756 οὐδὲν
2857 702 3068 755 οὐδέπω
3097 702 3205 754 τῶν
3229 703 3558 772 ἀπορρήτων
3589 704 3725 755 εἰδό-

2137 800 2229 847 τες
2263 785 2505 838 ἐκείνων.
2557 785 2762 854 Συνέβη
2801 783 2856 837 δέ
2905 784 2997 836 καὶ
3029 783 3392 853 βαπτισθῆναι
3425 782 3589 835 αὐτὸν
3625 783 3726 835 ὑπὸ

2136 865 2232 918 τοῦ
2305 867 2549 921 Ἰωάννου
2577 883 2588 896 ·
2629 869 2773 938 ᾗπερ
2826 866 3028 936 ταύτην
3079 867 3276 937 μᾶλλον
3334 866 3582 918 ἐϐεϐαίου
3625 867 3726 936 τὴν

2137 948 2414 1012 ὑπόνοιαν,
2445 951 2494 1001 εί
2537 933 2832 1019 καῨμηδέν
2860 947 2968 1001 τῶν
2985 933 3280 1020 ’προτέρων
3322 943 3390 1017 ἧν
3415 963 3430 978 ο
3481 933 3723 999 ἐνενόουν

2136 1030 2244 1102 γὰρ
2277 1033 2358 1084 ὃτι
2382 1026 2534 1096 οὗτος
2567 1032 2667 1102 μὲν
2692 1032 2800 1084 τῶν
2831 1031 3042 1084 πολλῶν
3071 1027 3152 1094 εἷς
3179 1033 3224 1062 ⁷⁵
3250 1048 3264 1061 ·
3297 1031 3416 1082 οὐδὲ
3446 1029 3554 1099 γὰρ
3577 1029 3720 1098 εἰμὴ

2134 1115 2246 1168 τῶν
2276 1116 2487 1170 πολλῶν
2523 1111 2604 1180 εἷς
2639 1112 2728 1186 ἦν,
2768 1115 2867 1168 οὐκ
2896 1115 2961 1168 ἂν
2993 1115 3128 1185 μετά
3161 1113 3268 1167 τῶν
3300 1112 3509 1166 πολλῶν
3543 1113 3633 1164 ἐπὶ
3659 1112 3720 1163 τὸ

2138 1198 2421 1270 βάπτισμα
2442 1196 2623 1270 ἦλθεν·
2665 1202 2869 1262 ἐκεῖνος
2893 1199 2949 1251 δὲ
2988 1198 3190 1268 μείζων
3222 1195 3385 1249 αὐτοῦ
3417 1197 3510 1248 καὶ
3541 1192 3720 1260 πολλῷ

2135 1279 2571 1351 θαυμαστότερος
2591 1299 2602 1311 ·
2641 1282 2706 1334 ἵν’
2736 1277 2828 1334 οὗν
2861 1282 2935 1350 μὴ
2965 1280 3104 1350 αῦτη
3145 1280 3391 1350 κρατήσῃ
3420 1277 3568 1346 παρά
3609 1277 3721 1337 τοῖς

2135 1363 2348 1425 πολλοῖς
2380 1365 2412 1432 ἡ
2437 1364 2582 1426 δόξα,
2604 1363 2699 1416 καὶ⁵
2726 1365 2774 1414 οἱ
2807 1364 3022 1432 οὐρανοὶ
3050 1362 3373 1428 ἀνοίγονται,
3400 1356 3717 1428 βαπτισθένυ

2132 1461 2222 1508 τος
2255 1445 2442 1510 αὐτοῦ,
2459 1448 2550 1497 καὶ
2581 1446 2643 1497 τὸ
2667 1445 2885 1512 Πνεῦμα
2909 1444 3137 1505 κάτεισι,
3163 1443 3257 1494 καὶ
3284 1441 3435 1510 φωνὴ
3460 1440 3594 1509 μετά
3622 1436 3716 1491 τοῦ

2133 1528 2448 1596 Πνεύματος
2473 1527 2819 1598 κηρύττουσα
2859 1525 2950 1578 τοῦ
2990 1525 3036 1556 ⁷⁸
3053 1524 3389 1590 Μονογενοῦς
3418 1523 3515 1592 τὴν
3539 1521 3712 1583 ἀξίαν.

2148 1612 2364 1680 Ἐπειδὴ
2383 1611 2522 1680 ,γὰρ
2567 1612 2599 1680 ή
2654 1610 2804 1678 φωνὴ
2837 1610 2870 1677 ἡ
2928 1607 3180 1673 λέγουσα,
3239 1601 3428 1668 Οὗτός
3483 1604 3717 1655 ἐστινὸ

2142 1695 2274 1757 Υἱός
2299 1711 2418 1762 μου
2460 1696 2493 1746 ὁ
2519 1691 2847 1760 ἀγαπητὸς,
2897 1689 3049 1760 παρὰ
3092 1690 3217 1749 τοῖς·
3251 1685 3465 1748 πολλοῖς
3515 1683 3715 1752 μᾶλλον

2133 1776 2422 1844 ἁρμόττειν
2451 1775 2624 1828 ἐδόκει
2668 1773 2744 1843 τῷ
2797 1772 3047 1842 Ἰωάννῃ·
3099 1770 3160 1822 οὐ
3202 1768 3309 1837 γὰρ
3356 1765 3712 1838 προσέθηκεν,

2131 1853 2299 1921 Οὗτος
2330 1860 2358 1910 6
2388 1857 2800 1928 βαπτιζόμενος,
2829 1855 2942 1908 ἀλλ’
2969 1852 3175 1915 ἁπλῶς,
3215 1846 3399 1915 Οὗτος
3422 1865 3434 1877 ·
3483 1847 3576 1900 καὶ¹
3603 1845 3716 1928 ,τῶν

2131 1941 2416 2010 ἀκροατῶν
2465 1941 2694 2002 ἕκαστος
2760 1939 2885 2007 περὶ
2935 1935 3028 1988 τοῦ
3099 1933 3447 2003 βαπτίζοντος
3491 1927 3712 2010 μᾶλλον,

2130 2023 2162 2092 ἢ
2199 2008 2291 2075 τοῦ
2329 2021 2728 2092 βαπτιζομένου
2777 2019 3024 2088 εἰρῆσθαι
3069 2016 3237 2083 αὐτὴν
3273 2013 3507 2069 ὑπενόει,
3539 2008 3712 2092 διάῗτε

2129 2091 2259 2158 αὐτὸ
2283 2107 2377 2158 τοῦ
2408 2091 2713 2158 Βαπτιστοῦ
2742 2103 2801 2155 τὸ
2833 2102 3071 2170 ἀξίωμα,
3121 2098 3211 2150 διά
3247 2113 3305 2149 τε
3338 2095 3406 2148 τά
3449 2091 3714 2163 εἰρημένα

2128 2187 2340 2240 ἅπαντα
2366 2207 2378 2218 ·
2431 2183 2560 2257 ἦλθε
2607 2187 2666 2238 τὸ
2703 2185 2926 2253 Πνεῦμα
2963 2185 3018 2234 ἐν
3063 2181 3193 2233 εῖδει
3239 2177 3565 2248 περιστερᾶς
3610 2172 3710 2243 τὴν

2127 2271 2312 2340 φωνὴν
2350 2270 2504 2322 ’ἐλκον
2531 2269 2622 2321 ἐπὶ
2647 2269 2738 2320 τὸν
2773 2265 2998 2336 Ἰησοῦν,
3025 2265 3118 2318 καὶ
3153 2265 3286 2316 πᾶσι
3314 2261 3469 2330 δῆλον
3502 2257 3708 2340 ποιοῦν,

2125 2354 2207 2405 ὅτι
2230 2338 2310 2417 τδ,
2333 2347 2542 2416 Οὗτος,
2559 2351 2620 2402 οὐ
2644 2350 2774 2419 περὶ
2798 2348 3044 2401 Ἰωάννου
3063 2343 3155 2398 τοῦ
3181 2342 3550 2414 βαπτίζοντος,
3572 2338 3709 2392 ἀλλά

2125 2437 2254 2505 περὶ
2313 2433 2486 2504 Ἰησοῦ
2544 2432 2638 2486 τοῦ
2679 2430 3072 2502 βαπτιζομένου
3121 2428 3357 2498 εἴρηται.
3408 2424 3516 2478 Καὶ
3567 2421 3705 2505 πῶς,

2125 2503 2310 2587 φησὶν,
2338 2503 2437 2568 οὐκ
2469 2516 2797 2568 ἐπίστευσαν
2835 2513 3036 2566 τούτων
3077 2509 3409 2580 γινομένων;
3454 2507 3573 2557 ’Ὀτι
3613 2503 3708 2587 καὶ

2123 2586 2216 2651 ἐπὶ
2271 2597 2548 2660 Μωῦσέως
2606 2597 2775 2650 πολλὰ
2831 2597 3022 2665 γέγονε
3062 2591 3334 2662 θαύματα,
3391 2590 3439 2641 εί
3486 2587 3578 2639 καὶ
3630 2586 3707 2656 μὴ

2122 2681 2348 2735 τοιαῦτα
2369 2697 2383 2711 ·
2418 2682 2512 2734 καὶ
2536 2681 2674 2749 μετά
2695 2681 2873 2733 πάντα
2893 2679 3096 2738 ἐκεῖνα,
3128 2676 3221 2728 καὶ
3249 2673 3346 2736 τάς
3381 2669 3583 2739 φωνὰς,
3611 2667 3708 2720 καὶ

2121 2765 2218 2827 τὰς
2248 2764 2573 2830 σάλπιγγας,
2595 2763 2804 2824 καὶτὰς
2831 2760 3138 2830 ἀστραπὰς,
3171 2757 3263 2810 καὶ
3306 2753 3501 2826 μόσχον
3547 2750 3708 2822 ἐχάλ-

2123 2863 2324 2900 κευσαν
2355 2847 2420 2908 ⁷⁷,
2447 2846 2538 2898 καὶ¹
2571 2845 2648 2914 τῷ
2679 2842 2997 2911 Βεελφεγὼρ
3020 2839 3398 2908 ἐτελέσθησαν.
3423 2835 3529 2888 Καὶ
3553 2831 3707 2885 αὐτοὶ

2120 2928 2177 2982 δὲ
2205 2923 2348 2982 οὗτοι
2377 2929 2421 2960 ⁷⁸
2455 2929 2504 2980 οἱ
2542 2927 2662 2980 τότε
2699 2926 2984 2995 παρόντες,
3033 2924 3126 2975 καὶ
3173 2922 3264 2974 τὸν
3297 2919 3544 2986 Λάζαρον
3572 2917 3707 2968 ἀνα.

2120 3013 2323 3066 στάντα
2355 3012 2571 3074 ἰδόντες,
2595 3009 2845 3064 τοσοῦτον
2863 3007 3101 3077 ἀπέσχον
3127 3000 3507 3071 πιστεῦσαιτῷ
3531 2997 3703 3052 ταῦτα

2121 3095 2501 3166 ἐργασαμένῳ,
2535 3096 2616 3147 ὅτι
2641 3093 2734 3146 καὶ
2761 3093 2922 3145 αὐτὸν
2945 3089 3152 3143 ἀνελεῖν
3182 3086 3545 3156 ἐπεχείρησαν
3573 3081 3702 3166 πολ-

2119 3178 2295 3242 λάκις.
2341 3165 2419 3231 Εἰ
2464 3179 2642 3230 τοίνυν
2693 3176 2799 3246 πρὸ
2859 3171 3154 3242 ὀφθαλμῶν
3203 3171 3436 3238 ὁρῶντες
3493 3165 3701 3236 νεκρῶν

2119 3261 2434 3318 ἀνάστασιν,
2481 3259 2652 3319 οὕτως
2691 3253 2830 3328 ἦσαν
2879 3255 3134 3325 πονηροὶ,
3180 3252 3232 3305 τί
3278 3249 3608 3319 θαυμάζεις,
3651 3247 3699 3298 εί

2120 3343 2300 3410 φωνὴν
2326 3342 2425 3394 οὐκ
2471 3339 2714 3402 ἐδέξαντο
2762 3336 3067 3408 φερομένην
3104 3332 3345 3398 ἄνωθενς
3382 3329 3550 3382 Ὅταν
3591 3328 3696 3397 γὰρ.

2118 3422 2389 3492 ἀγνώμων
2499 3421 2545 3452 τ’
2581 3419 2726 3490 ψυχὴ
2760 3421 2854 3472 καλ⁸
2890 3416 3318 3488 διεστραμμένη,
3350 3412 3443 3464 καὶ
3489 3410 3566 3478 τῷ
3600 3410 3699 3478 τῆς

2122 3507 2416 3576 βασκανίας
2445 3503 2778 3573 κατεχομένη
2807 3502 3095 3572 νοσήματι,
3117 3499 3287 3552 οὐδενὶ
3310 3496 3446 3548 εἴκει
3472 3494 3696 3546 τούτων·

2117 3590 2305 3658 ὥσπερ
2341 3585 2433 3642 οῦν
2461 3589 2586 3640 ὅταν
2611 3585 2908 3655 εὐγνώμων
2939 3579 2998 3654 ᾖ,
3036 3581 3170 3652 μετά
3212 3579 3442 3640 πίστεως
3484 3577 3696 3629 ἅπαντα

2115 3674 2348 3742 δέχεται,
2389 3673 2482 3724 καὶ
2528 3671 2733 3724 τούτων
2793 3669 2853 3720 οὐ
2902 3666 3107 3738 σφόδρα
3145 3665 3336 3716 δεῖται.
3384 3661 3474 3730 Μὴ
3516 3658 3696 3713 τοίνυν

2114 3757 2270 3808 τοῦτο
2297 3755 2477 3824 εἴπῃς,
2505 3755 2587 3806 ὅτι
2624 3753 2726 3805 οὐκ
2760 3749 2910 3823 [165]
2960 3750 3287 3824 ἐπίστευσαν
3311 3760 3324 3772 ·
3367 3742 3480 3795 ἀλλ’
3521 3743 3692 3824 ἐκεῖνο

2116 3839 2288 3910 ζήτει,
2321 3841 2368 3890 εί
2505 3837 2680 3888 πάντα
2701 3822 2941 3902 γέγονεν,
2970 3831 3060 3898 ἀφ’
3089 3822 3163 3882 ὧν
3190 3827 3386 3888 αὐτοὺς
3405 3822 3692 3910 πιστεῦσαι

2115 3904 2302 3990 ἐχρῆν.
2350 3904 2470 3971 κὰτ
2495 3918 2604 3986 γὰρ
2653 3916 2740 3968 διά
2790 3913 2884 3966 τοῦ
2925 3913 3203 3982 προφήτου
3250 3908 3390 3977 ὑπὲρ
3422 3907 3530 3958 τῶν
3571 3904 3692 3990 καθ’

2114 3989 2305 4056 ἐαυτὸν
2339 4002 2592 4054 ἁπάντων
2619 3998 2806 4051 τοῦτον
2850 3997 2895 4026 ⁸ο
2928 3993 3206 4063 συντίθησι
3248 3992 3339 4044 τὸν
3367 3990 3566 4059 τρόπον
3593 3989 3691 4056 τῆς

2113 4083 2406 4150 ἀπολογίας
2451 4083 2480 4133 6
2518 4081 2670 4143 Θεός.
2716 4077 2931 4147 Ἐπειδὴ
2958 4075 3065 4145 γὰρ
3105 4071 3435 4127 ἀπόλλυσθαι
3470 4068 3694 4138 ἔμελλον

2123 4167 2383 4229 Ἰουδαῖοι,
2414 4164 2507 4218 καὶ¹
2539 4162 2744 4232 ἐσχάτῃ
2786 4157 3176 4229 παραδίδοσθαι
3221 4153 3460 4216 κολάσει,
3491 4151 3578 4203 ἵνα
3613 4152 3689 4219 μὴ

2109 4267 2193 4312 τις
2228 4248 2335 4301 ἀπὸ
2372 4247 2472 4316 τῆς
2498 4245 2721 4299 ἐκείνων
2759 4241 3024 4312 πονηρίας
3067 4241 3164 4309 τὴν
3197 4235 3360 4290 αὐτοῦ
3387 4233 3616 4316 διαϐάλῃ
3635 4236 3680 4272 δι

2111 4331 2386 4401 πρόνοιαν,
2421 4315 2604 4398 φησιν,
2631 4327 2711 4379 ὃτι
2753 4326 2814 4380 Τί
2845 4343 2923 4394 με
2961 4323 3083 4376 ἔδει
3109 4319 3356 4388 ποιῆσαι
3388 4315 3467 4381 τῷ
3503 4316 3689 4401 (tyge-

2109 4395 2256 4466 λῶνι
2282 4395 2495 4478 τούτω,
2508 4410 2608 4463 καὶ
2633 4411 2743 4462 οὐκ
2766 4408 3024 4474 ἐποίησα
3037 4421 3056 4470 ;
3071 4404 3242 4457 Τοῦτο
3261 4403 3324 4470 δὴ
3341 4403 3435 4454 καὶ
3457 4395 3689 4452 ἐνταῦθα

2112 4496 2337 4548 σκόπει·
2366 4494 2420 4546 τί
2460 4494 2507 4524 δ’
2551 4492 2656 4545 ἔδει
2701 4491 2974 4559 γενέσθαι,
3015 4488 3110 4541 καὶ
3159 4486 3258 4539 οὐκ
3307 4483 3548 4550 ὲγένετο;
3581 4480 3690 4545 Καὶ

2108 4577 2289 4631 εἴποτε
2311 4577 2369 4630 δὲ
2405 4577 2553 4644 λόγοι
2586 4577 2820 4644 γίνοιντο
2866 4574 2913 4606 ⁸³
2942 4573 3070 4644 περὶ
3112 4571 3211 4640 τῆς
3241 4569 3334 4621 τοῦ
3365 4566 3499 4620 Θεοῦ
3549 4580 3685 4636 προ-

2107 4661 2276 4725 νοίας,
2310 4658 2484 4730 τούτῳ
2510 4659 2746 4728 κέχρησο
2767 4656 2844 4726 τῷ
2873 4656 3059 4725 τρόπῳ
3085 4654 3183 4724 τῆς
3207 4649 3502 4716 ἀπολογίας
3547 4646 3684 4730 πρὸς

2105 4745 2230 4806 τοὺς
2260 4743 2366 4795 ἀπὸ
2391 4729 2489 4811 τῆς
2524 4741 2632 4793 τῶν
2665 4739 2872 4793 πολλῶν
2893 4739 2940 4769 ⁸⁵
2966 4737 3162 4798 κακίας
3182 4733 3488 4787 διαϐάλλειν
3514 4729 3682 4799 αὐτὴν

2107 4825 2536 4895 ἐπιχειροῦντας.
2581 4825 2720 4892 ὐρα
2747 4821 2874 4888 γοῦν
2914 4815 3000 4872 οἷα
3030 4816 3306 4889 παράδοξα
3332 4814 3560 4894 γίνεται,
3587 4813 3682 4867 καὶ

2104 4909 2211 4962 τῶν
2259 4906 2556 4976 μελλόντων
2597 4905 2892 4973 προοίμια·
2953 4901 3140 4955 οὐκέτι
3183 4899 3292 4969 γὰρ
3334 4899 3679 4970 παράδεισος,

2105 4989 2218 5043 ἀλλ’
2243 4989 2469 5060 οὐρανὸς
2503 4987 2794 5053 ἀνοίγεται.
2852 4983 2989 5036 Ἀλλ’
3028 4985 3056 5037 6
3091 4983 3189 5053 μὲν
3222 4981 3360 5053 πρὸς
3395 4979 3682 5041 Ἰουδαίους

2103 5073 2278 5141 λόγος,
2312 5072 2390 5135 εἰς
2423 5071 2606 5141 ἓτερον
2646 5071 2774 5139 ἡμῖν
2806 5067 3145 5139 ὑπερκείσθω
3177 5065 3367 5135 καιρόν
3391 5081 3405 5095 ·
3445 5064 3562 5119 νυνὶ
3599 5063 3678 5125 δὲ,

2102 5155 2196 5208 τοῦ
2229 5153 2362 5207 Θεοῦ
2405 5151 2786 5220 συνεργοῦντος
2814 5152 2965 5221 ἡμῖν,
2997 5149 3090 5202 ἐπὶΙ
3117 5148 3188 5201 τὰ
3219 5146 3550 5218 προκείμενα
3586 5145 3678 5197 τὸν

2102 5238 2257 5305 λόγον
2283 5235 2593 5303 ἀγάγωμεν.
2626 5232 2733 5286 Καὶ
2766 5231 3123 5296 βαπτισθεὶς
3151 5233 3183 5284 ὁ
3225 5229 3472 5298 Ἰησοῦς,
3495 5226 3680 5291 εὐθὺς

2102 5321 2284 5388 ἀνέϐη
2321 5317 2439 5373 ἀπὸ
2493 5318 2600 5372 τοῦ
2656 5317 2899 5380 ὕδατος·
2963 5316 3060 5368 καὶ
3106 5314 3233 5368 ιδοὺ
3283 5311 3678 5380 ἀνεῴχθησαν

504 5397 546 5476 ξ’·
577 5397 735 5468 μετά]
756 5399 863 5452 ἀπό
882 5399 942 5454 F.
967 5409 1084 5468 post
1112 5401 1284 5469 ipsum
1309 5404 1406 5458 Ge.
1444 5408 1487 5439 ⁸⁵
1503 5409 1647 5477 εἰδῇς
1668 5410 1732 5461 Α.
1754 5410 1816 5464 Β.
1893 5412 1939 5444 ⁶⁶
1960 5413 2017 5466 ὐτ

504 5484 657 5536 υτο...
683 5468 815 5521 αὐτό
840 5467 1004 5524 ἢδιά
1018 5470 1244 5525 τοῦτο...
1273 5473 1430 5527 τοῦτο
1452 5477 1584 5533 Edd.
1618 5477 1662 5509 "
1681 5478 1772 5530 καί
1803 5495 1915 5533 om.
1951 5483 2015 5536 A.

2122 5430 2233 5466 >υεν
2256 5411 2388 5464 Edd.
2466 5409 2508 5441 "’
2531 5403 2794 5461 εἴναιοηι.
2825 5410 2888 5462 Α.
2925 5407 3336 5488 Ε.ἐνομίζετοΑ
3505 5400 3549 5430 ⁸⁸
3585 5398 3674 5453 διά

2122 5499 2170 5536 D.
2190 5498 2241 5536 ι).
2263 5476 2491 5536 πρέπον]
2527 5478 2652 5532 add.
2681 5478 2795 5530 ἐστί
2823 5477 2958 5530 Edd.
2987 5479 3036 5512 ’⁸
3053 5478 3217 5536 ἄλλας
3233 5490 3339 5528 om.
3365 5472 3426 5525 (μ.
3454 5467 3674 5532 ἐντολάς

431 5465 657 5523 ⁸τοῦτο...
683 5465 815 5521 αὐτό
840 5465 1004 5524 ἢδιά
1018 5465 1244 5525 τοῦτο...
1273 5473 1430 5527 τοῦτο
1452 5465 1662 5533 ΕιιᾶίἮ
1681 5478 1772 5530 καί
1803 5495 1915 5533 om.
1951 5465 1989 5534 Ᾱ

432 5535 632 5620 οιιιὲΕ.
657 5578 672 5601 ,
703 5538 862 5620 Ιιριὶει
882 5541 1020 5620 ..εδει
1051 5549 1170 5620 po_st
1195 5543 1358 5620 φησίν
1381 5535 2012 5620 ,“Ι).-ιιιοζ.ὐπολείπεται

2122 5535 2339 5620 ’⁷⁸ἐμέ]
2371 5535 2518 5620 ME-

2119 5476 2497 5601 τικνέιῗῇέῖῐξνέ
2527 5477 3036 5601 ³⁴ειίὶξέῗέξῗ⁵ἓίὲιιῗ⁶
3053 5467 3674 5601 δὶὲλὲτξῖὶὲέῧὲίένιξῖλῧῗ

2642 5547 2722 5619 ἐν]
2746 5548 2836 5619 ἐπί
2869 5546 3027 5619 E_:Id._
3077 5548 3122 5577 "'
3154 5538 3668 5619 1:0_D_.0i]_Si¢_:_z_\._!3.

528 5604 818 5694 Ερλνιιὲεο
833 5604 1238 5694 Ξοζλῷίαύτοῦ
1255 5604 1363 5694 δεῖ).
1383 5604 1462 5694 ’
1505 5615 1552 5646 ⁷⁸
1575 5604 2103 5694 αὐτύοῦλαύτόνῇίίιίᾷέ
2133 5624 2178 5694 1"
2194 5604 2296 5690 εἷς]
2318 5604 2444 5694 adq:
2469 5615 2544 5694 ᾖν.
2559 5604 3127 5694 Edgi._:7_°_1o6_]_1o6106
3147 5614 3240 5694 τοῦ
3266 5604 3398 5694 βαρ..
3417 5609 3674 5694 ⁸⁷⁷

437 5690 596 5765 κευιον
833 5675 1183 5765 7106106019.
1209 5680 1344 5765 δὲ
1364 5677 1633 5765 οζιτοιοιῐι,ξ
1662 5683 1724 5765 F2
1741 5675 1789 5740 δι
1811 5689 2006 5765 om._E.

2128 5675 2434 5765 ﬁoni:_li_l._ﬁ
2462 5675 2662 5765 55pm
2689 5686 2826 5765 Egd.
2880 5675 3384 5765 'j’_1_061wv‘l:3gd.‘°‘
3408 5675 3670 5765 fingam

436 5742 594 5829 Ακεξ.
611 5745 689 5829 CL
748 5745 792 5777 ιε
815 5747 889 5818 τί]
915 5749 996 5803 ὅτι
1018 5750 1069 5802 τί
1092 5748 1152 5805 F.
1218 5751 1263 5783 88
1281 5751 1576 5821 ὲγγίνοιντο
1592 5753 1903 5822 [λγίνονται
1927 5742 2252 5829 Ἐξγένόίντο
2483 5742 2542 5796 δι’
2690 5756 2796 5810 τῶν
2829 5753 3056 5825 πολλῶν]
3080 5752 3277 5824 πολλῆς
3300 5752 3365 5807 Α·
3406 5750 3466 5806 Β.
3490 5748 3553 5806 α.

439 5813 634 5883 πολλῆς
657 5814 778 5868 Suv.
