4076 6150
428 240 542 296 205

425 350 585 416 αὐτῷ
625 353 678 404 οἱ
721 352 984 418 οὐρανοί.
1047 354 1202 416 Τίνος
1247 354 1292 386 ⁸⁵
1327 354 1512 406 ἕνεκεν
1553 349 1902 420 ἀνεῴχθησαν
1952 349 2000 400 οἱ

424 434 643 503 οὐρανοί
661 451 676 499 ὅ
703 434 817 487 Ἵνα
848 436 1022 508 μάθῃς
1055 437 1138 490 ὅτι
1176 439 1268 490 καὶ
1299 438 1390 490 σοῦ
1428 434 1822 506 βαπτιζομένου
1846 431 2002 484 τοῦτο

422 517 652 584 γίνεται,
687 519 822 588 πρὸς
860 520 958 588 τὴν
986 521 1098 573 ἅνω
1129 521 1362 591 πατρίδα
1386 519 1478 570 τοῦ
1508 518 1644 570 Θεοῦ
1683 534 1741 569 σε
1774 514 2000 568 καλοῦν-

423 615 535 662 τος,
568 601 658 652 καὶ
687 601 961 663 πείθοντος
1003 602 1167 670 μηδὲν
1207 602 1378 655 κοινὸν
1409 600 1550 668 ἔχειν
1581 598 1716 667 πρὸς
1748 597 1844 666 τὴν
1873 596 1998 664 γῆν.

424 681 489 732 Εἰ
517 681 574 732 δὲ
609 683 681 752 μὴ
706 684 857 753 ὁρᾷς,
900 685 971 753 μὴ
994 687 1320 754 ἀπιστήσῃς.
1353 683 1461 734 Καὶ
1480 683 1585 750 γὰρ
1615 682 1671 731 ἐν
1696 677 2001 748 προοιμίοις

424 763 512 815 ἀεὶ
549 764 657 816 τῶν
702 766 1016 835 παραδόξων
1078 767 1169 817 καὶ
1230 763 1614 834 πνευματικῶν
1664 759 2001 830 πραγμάτων

425 845 680 912 αἰσθηταὶ
737 847 1012 914 φαίνονται
1058 847 1209 915 ὄψεις
1250 849 1343 898 καὶ
1381 848 1584 914 σημεῖα
1627 841 1873 905 τοιαῦτα,
1913 839 2002 893 διά

423 926 549 988 τοὺς
582 930 932 997 ἀνοητότερον
961 929 1336 997 διακειμένους
1368 928 1459 979 καὶ
1496 925 1794 996 χρῄζοντας
1827 922 2002 991 ὅψεως

424 1008 706 1078 αἰσθητῆς,
748 1011 841 1062 καὶ
889 1010 1157 1079 μηδεμίαν
1197 1010 1400 1061 ἔννοιαν
1444 1009 1735 1075 ἀσωμάτου
1787 1005 2002 1073 φύσεως

423 1088 607 1142 λαϐεῖν
635 1091 983 1161 δυναμένους,
1017 1093 1153 1160 πρὸς
1173 1093 1228 1144 δὲ
1249 1093 1317 1144 τα
1347 1093 1516 1161 ὁρατά
1549 1091 1704 1160 μόνον
1733 1085 1997 1156 ἐπτοημέ-

422 1188 547 1235 νους
572 1190 584 1202 ·
614 1174 700 1225 ἵνα
737 1175 839 1226 κᾶν
875 1177 1012 1245 μετὰ
1063 1175 1234 1228 ταῦτα
1271 1175 1344 1245 μὴ
1391 1175 1614 1244 γένηται
1645 1173 1814 1225 ταῦτα
1843 1171 1910 1223 τά
1942 1169 2000 1235 ἐξ

418 1254 600 1307 αὐτῶν
631 1256 939 1324 δηλωθέντα
973 1258 1120 1322 ἅπαξ
1153 1259 1246 1310 καὶ
1280 1261 1336 1310 ἐν
1371 1261 1513 1328 ἀρχῇ
1551 1256 1828 1328 παραδέξῃ
1855 1255 1902 1285 ⁸³
1933 1256 1998 1324 τῇ

421 1338 621 1390 πίστει.
687 1339 795 1390 Καὶ
837 1341 948 1410 γὰρ
992 1341 1217 1392 ἐπὶτῶν
1259 1343 1568 1394 ἀποστόλων
1615 1337 1744 1410 ἦχος
1789 1339 2001 1406 ἐγένετο

422 1422 591 1490 πνοῆς
619 1421 818 1489 βιαίας,
848 1427 940 1477 καί¹
971 1425 1121 1491 ὄψεις
1145 1425 1402 1492 γλωσσῶν
1427 1425 1663 1493 πυρίνων
1690 1422 1964 1490 ἐφάνησαν
1983 1439 1997 1452 ·

418 1502 536 1554 ἀλλ’
564 1507 622 1556 οὐ
649 1505 736 1558 διά
770 1508 895 1569 τοὺς
916 1507 1264 1569 ἀποστόλους,
1305 1507 1441 1560 ἀλλὰ
1462 1507 1549 1559 διά
1570 1507 1695 1566 τοὺς
1731 1503 2000 1573 παρόντας

419 1585 542 1635 τότε
589 1587 889 1649 Ἰουδαίους.
937 1588 1076 1640 Ἀλλ’
1111 1590 1259 1658 ὅμως
1289 1591 1336 1640 εἰ
1365 1590 1458 1641 καὶ
1484 1590 1558 1658 μὴ
1593 1587 1824 1654 αἰσθητά
1853 1586 2000 1652 γίνε-

418 1683 512 1718 ται
539 1672 757 1737 σημεῖα,
792 1671 860 1723 τὰ
887 1671 944 1736 ἐξ
975 1671 1153 1724 αὐτῶν
1191 1671 1499 1742 δηλωθέντα
1528 1669 1672 1732 ἆπαξ
1709 1667 2001 1736 καταδεχό-

427 1748 583 1816 μεθα.
627 1751 778 1802 Ἐπεὶ
808 1753 899 1804 καὶ
927 1754 959 1821 ἡ
994 1752 1292 1823 περιστερά
1320 1753 1408 1805 διὰ
1455 1751 1612 1804 τοῦτο
1650 1751 1997 1818 τότεέφάνη,

420 1830 490 1882 ἵν’
527 1830 712 1901 ὥσπερ
761 1834 880 1886 ἀντὶ
917 1833 1183 1887 δακτύλου
1234 1836 1379 1898 τινὸς
1416 1834 1564 1905 δείξῃ
1607 1835 1717 1893 τοῖς
1766 1831 2000 1902 παροῦσι

419 1912 615 1982 καὶτῷ
657 1915 874 1984 Ἰωάννῃ
904 1915 994 1969 τὸν
1029 1917 1153 1969 ΥΞὸν
1183 1917 1277 1969 τοῦ
1308 1916 1462 1968 Θεοῦ.
1497 1918 1569 1969 Οὐ
1613 1916 1769 1984 μόνον
1806 1914 1864 1966 δὲ
1911 1912 2002 1967 διὰ

419 1994 596 2059 τοῦτο,
632 1996 744 2049 ἀλλ’
773 1998 859 2049 ἵνα
894 1997 986 2049 καὶ
1019 2000 1081 2050 σὺ
1109 1999 1308 2069 μάθῃς,
1346 2001 1426 2052 ὅτι
1467 1999 1562 2052 καὶ
1592 1998 1683 2050 ἐπὶ
1714 1997 1773 2049 σέ
1803 1995 2000 2065 βαπτι-

419 2075 644 2145 ζόμενον
676 2077 735 2130 τὸ
768 2079 988 2146 Πνεῦμα
1022 2080 1257 2150 ἔρχεται.

490 2157 558 2226 γ’.
580 2159 777 2213 Λοιπὸν
794 2160 850 2213 δὲ
876 2163 1004 2230 ἡμῖν
1032 2161 1295 2232 αἰσθητῆς
1314 2161 1374 2214 οὐ
1400 2161 1555 2234 χρεία
1574 2161 1769 2231 ὅψεως,
1785 2160 1886 2229 τῆς
1912 2161 2001 2213 πί-

421 2257 591 2302 στεως
612 2242 732 2293 ἀντὶ
762 2243 978 2294 πάντων
1007 2243 1313 2314 ἀρκούσηςο
1344 2243 1413 2296 τὰ
1441 2244 1549 2313 γὰρ
1569 2245 1768 2313 σημεῖα
1795 2243 1856 2295 οὐ
1887 2243 2000 2305 τοῖς

420 2323 785 2388 πιστεύουσιν,
817 2324 950 2376 ἀλλὰ
977 2329 1088 2388 τοῖς
1117 2326 1367 2389 ἀπίστοις
1393 2327 1459 2377 ⁸⁷.
1495 2326 1647 2378 Διατί
1681 2326 1738 2377 δέ
1776 2326 1836 2377 ἐν
1866 2326 1998 2377 εῖδει

415 2409 746 2477 περιστερᾶς
776 2424 790 2471 ;
828 2409 1070 2479 ’Ἡμερον
1102 2409 1163 2461 τὸ
1207 2409 1344 2472 ζῶον
1397 2409 1492 2462 καὶ
1525 2408 1783 2478 καθαρόν.
1848 2407 2000 2459 Ἐπεὶ

418 2481 511 2540 οῦν
535 2489 625 2539 καὶ
648 2489 710 2540 τὸ
738 2488 964 2560 Πνεῦμα
990 2490 1296 2562 πραότητός
1327 2492 1444 2543 ἐστι
1467 2490 1706 2560 πνεῦμα,
1734 2488 1820 2540 διὰ
1843 2489 1999 2541 τοῦτο

415 2570 478 2624 ἐν
522 2571 696 2640 τούτῳ
755 2573 1023 2641 φαίνεται.
1083 2573 1290 2636 Ἀλλως
1333 2573 1390 2626 δὲ
1443 2574 1538 2626 καὶ
1582 2571 1817 2632 παλαιᾶς
1851 2572 1998 2641 ἡμᾶς

417 2655 825 2724 ἀναμιμνήσκει
853 2656 1112 2726 ἱστορίας.
1147 2656 1258 2708 Καὶ
1297 2655 1406 2727 γὰρ
1444 2654 1705 2723 ναυαγίου
1727 2653 1858 2706 ποτέ
1886 2670 1998 2706 κοι-

419 2736 510 2789 νοῦ
543 2737 640 2807 τὴν
666 2738 990 2808 οἰκουμένην
1041 2739 1435 2800 καταλαϐόντος
1481 2737 1718 2796 ἃπασαν.
1769 2734 1862 2788 καί
1901 2734 1995 2787 τοῦ

416 2819 610 2886 γένους
634 2820 791 2890 ήμῶν
821 2821 1217 2885 κινδυνεύοντος
1237 2821 1615 2890 ἀφανισθῆναι,
1633 2818 1792 2872 τοῦτο
1826 2819 1996 2887 ἐφάνη

417 2902 480 2954 τὸ
502 2901 659 2965 ζῶον,
695 2906 788 2955 καὶ
815 2904 910 2972 τὴν
936 2902 1084 2974 [164]
1112 2903 1265 2955 λύσιν
1293 2902 1384 2956 τοῦ
1407 2902 1672 2972 χειμῶνος
1700 2900 1883 2964 ἔδειξε,
1906 2900 2001 2953 καὶ

419 2983 612 3036 κλάδον
634 2984 796 3054 φέρον
817 2985 1022 3048 ἐλαίας,
1052 2986 1150 3055 τὴν
1167 2985 1348 3056 κοινὴν
1363 2985 1461 3053 τῆς
1492 2984 1810 3053 οἰκουμένης
1831 2983 2000 3054 γαλή-

418 3082 518 3135 νην
549 3065 936 3135 εὐηγγελίσατο
954 3084 965 3096 ·
994 3069 1136 3136 άπερ
1155 3067 1330 3120 πάντα
1360 3067 1528 3128 τύπος
1563 3065 1672 3119 τῶν
1703 3065 1998 3136 μελλόντων

416 3144 505 3217 ἦν.
537 3150 644 3200 Κατ⁴
681 3149 788 3219 γάρ
834 3151 955 3202 τότε
999 3149 1178 3219 πολλῷ
1227 3152 1406 3219 χεῖρον
1455 3148 1521 3202 τά
1553 3148 1659 3201 τῶν
1697 3147 1999 3218 ἀνθρώπων

413 3231 668 3294 διέκειτο,
701 3233 793 3284 καὶ
841 3232 1019 3300 πολλῷ
1058 3231 1302 3302 μείζονος
1344 3230 1482 3296 ἄξιοι
1534 3231 1803 3300 τιμωρίας
1839 3226 1996 3301 ἦσαν.

418 3314 519 3366 Ἴν⁴
547 3309 640 3366 οῦν
670 3314 743 3384 μὴ
771 3315 1041 3384 ἀπογνῷς,
1073 3317 1478 3386 ἀναμιμνήσκει
1528 3331 1586 3366 σε
1629 3314 1727 3383 τῆς
1763 3313 2000 3382 ἱστορίας

418 3397 652 3466 ἐκείνης.
687 3399 794 3449 Καὶ
824 3399 932 3468 γὰρ
956 3398 1074 3450 τότε
1114 3399 1222 3451 τῶν
1257 3398 1597 3468 πραγμάτων
1629 3395 2002 3462 ἀπογνωσθέν-

415 3498 544 3544 των,
568 3481 758 3547 γέγονε
793 3480 945 3543 λύσις
974 3498 1056 3543 τις
1090 3481 1183 3533 καὶ
1212 3481 1495 3552 διόρθωσις
1520 3495 1532 3508 ·
1585 3478 1720 3531 ἀλλά
1761 3479 1881 3530 τότε
1912 3477 2000 3530 διὰ

414 3564 708 3632 τιμωρίας,
734 3563 828 3615 νῦν
859 3563 914 3614 δέ
942 3563 1031 3614 δια
1065 3565 1282 3633 χάριτος
1329 3565 1423 3616 καὶ
1452 3563 1659 3632 δωρεᾶς
1688 3561 1894 3628 ἀφάτου
1929 3561 1996 3612 ⁸⁸.

416 3645 518 3697 Διὰ
546 3645 704 3696 τοῦτο
734 3645 825 3696 καὶ
850 3646 881 3712 ἡ
911 3644 1208 3714 περιστερά
1237 3645 1503 3712 φαίνεται,
1523 3645 1580 3696 οὐ
1610 3643 1800 3696 κλάδον
1815 3642 1998 3706 ἐλαίας

419 3727 678 3796 φέρουσα,
715 3725 848 3777 ἁλλά
881 3724 970 3778 τὸν
1005 3726 1220 3778 πάντων
1257 3726 1363 3778 τῶν
1409 3725 1591 3778 κακῶν
1635 3725 1998 3795 ἐλευθερωτὴν

417 3810 551 3878 ἡμῖν
579 3807 912 3871 δεικνύουσα,
942 3807 1034 3859 κοιλ¹
1065 3807 1305 3877 χρηστὰς
1338 3808 1689 3860 ὑποτείνουσα
1718 3807 1817 3870 τὰς
1849 3807 2000 3859 ἐλπί-

415 3889 535 3952 δας.
570 3889 704 3942 Οὐδὲ
736 3888 846 3960 γὰρ
893 3888 1001 3941 ἀπὸ
1044 3888 1276 3942 κιϐωτοῦ
1331 3889 1614 3962 ἄνθρωπον
1658 3889 1839 3956 ἐξάγει
1878 3889 1994 3950 ἕνα,

419 3972 555 4026 ἀλλά
582 3971 681 4042 τὴν
707 3972 1030 4042 οἰκουμένην
1065 3972 1281 4026 ἅπασαν
1325 3974 1404 4034 εἰς
1433 3971 1524 4026 τὸν
1556 3972 1781 4044 οὐρανὸν
1806 3973 1996 4038 ἀνάγει

419 4057 668 4124 φανεῖσα.
694 4055 786 4108 καὶ
815 4055 934 4108 ἀντί
963 4055 1156 4108 θαλλοῦ
1188 4055 1234 4086 ⁸⁵⁸
1264 4054 1450 4115 ἐλαίας
1479 4055 1577 4127 τὴν
1621 4053 1892 4107 υἱοθεσίαν
1918 4052 1995 4122 τῷ

413 4138 584 4207 κοινῷ
607 4139 706 4208 τῆς
737 4138 1061 4206 οἰκουμένης
1097 4139 1311 4206 κομίζει
1346 4136 1512 4205 γένει.
1555 4138 1846 4206 Ἐννοήσας
1880 4135 1994 4188 τοί-

417 4239 513 4273 νυν
539 4220 601 4272 τὸ
641 4219 870 4290 μέγεθος
895 4220 994 4289 τῆς
1027 4219 1254 4290 δωρεᾶς,
1291 4219 1427 4290 μηδὲ
1455 4220 1501 4252 "
1542 4219 1798 4273 ἐλάττονα
1832 4220 1995 4273 αὐτοῦ

413 4302 518 4371 τὴν
545 4301 700 4367 ἀξίαν
728 4299 955 4372 νομίσῃς
996 4297 1155 4364 εἶναι,
1205 4301 1292 4355 διά
1323 4301 1384 4353 τὸ
1417 4303 1475 4353 ἐν
1519 4301 1737 4372 τοιαύτῃ
1767 4303 1997 4371 φανῆναι

416 4385 562 4454 ὕψει.
589 4384 696 4436 Καὶ
717 4383 822 4452 γὰρ
845 4382 1027 4436 ἀκούω
1050 4383 1208 4436 τινῶν
1229 4384 1512 4452 λεγόντων,
1541 4385 1622 4438 ὃτι
1643 4386 1765 4438 ὅσον
1794 4385 1999 4458 ἀνθρὼ-

420 4483 525 4520 που
559 4465 655 4519 καὶ
689 4467 1016 4536 περιστερᾶς
1041 4466 1102 4518 τὸ
1131 4463 1313 4536 μέσον,
1352 4465 1605 4518 τοσοῦτον
1637 4466 1731 4519 τοῦ
1761 4468 1997 4538 Χριστοῦ

416 4549 514 4602 καὶ
539 4547 629 4602 τοῦ
662 4547 997 4618 Πνεύματος,
1019 4547 1205 4618 ἐπειδὴ
1227 4550 1254 4601 6
1274 4547 1371 4616 μέν
1388 4549 1444 4600 ἐν
1467 4551 1531 4619 τῇ
1556 4549 1798 4619 ἡμετέρᾳ
1819 4551 1998 4618 φύσει,

417 4633 481 4684 τὸ
518 4632 573 4684 δὲ
596 4634 652 4684 ἐν
680 4631 800 4698 ὄψει
834 4634 1160 4701 περιστερᾶς
1196 4631 1390 4700 ἐφάνη.
1432 4630 1498 4682 Τί
1526 4627 1620 4684 οὖν
1658 4633 1793 4703 πρὸς
1830 4633 2000 4687 ταῦτα

417 4712 567 4766 ἔστιν
591 4717 796 4783 εἰπείν;
830 4716 953 4768 Ὅτι
971 4715 998 4767 6
1023 4715 1120 4785 μὲν
1142 4714 1270 4777 Υἱὸς
1293 4713 1386 4768 τοῦ
1412 4713 1570 4780 Θεοῦ,
1603 4715 1764 4783 φύσιν
1790 4715 2000 4786 ἀνθρώ·

421 4812 524 4847 που
554 4797 805 4850 ἀνέλαϐε·
835 4799 896 4852 τὸ
924 4799 981 4852 δὲ
1017 4799 1266 4868 Πνεῦμα,
1291 4799 1350 4850 οὐ
1391 4798 1552 4866 φύσιν
1582 4799 1809 4852 ἀνέλαϐε
1842 4818 1999 4871 περι-

421 4879 638 4947 στερᾶς.
673 4881 772 4933 Διά
797 4882 954 4934 τοῦτο
980 4883 1074 4935 καὶ
1102 4884 1129 4934 ὁ
1171 4880 1561 4951 εὐαγγελιστὴς
1592 4882 1692 4935 οὐκ
1719 4877 1891 4946 εἷπεν,
1919 4885 2000 4935 ὅτι

419 4964 478 5016 ἐν
506 4961 663 5029 φύσει
686 4968 1032 5035 περιστερᾶς,
1052 4967 1165 5019 ἀλλ’
1187 4969 1243 5019 ἐν
1270 4966 1399 5018 εἴδει
1422 4967 1751 5039 περιστερᾶς
1770 4983 1783 4995 ·
1806 4967 2000 5018 οὐκοῦν

415 5045 539 5098 οὐδέ
569 5045 703 5114 μετά
731 5046 904 5099 ταῦτα
939 5049 995 5099 ἐν
1036 5048 1209 5117 τούτῳ
1242 5047 1396 5117 ὤφθη
1431 5048 1508 5118 τῷ
1552 5049 1810 5119 σχήματι,
1866 5048 2000 5102 ἀλλὰ

415 5127 540 5182 τότε
575 5127 754 5196 μόνον.
781 5129 842 5179 Εἰ
861 5128 918 5179 δέ
950 5128 1035 5180 διὰ
1064 5129 1220 5181 τοῦτο
1237 5130 1495 5183 ἐλάττονα
1529 5131 1692 5184 αὐτοῦ
1717 5133 1816 5202 τὴν
1844 5131 1999 5196 ἀξίαν

416 5211 524 5282 φῂς
563 5205 722 5272 εῖναι,
764 5210 1115 5280 εὑρεθήσεται
1162 5212 1255 5264 καί
1300 5214 1364 5265 τὰ
1398 5215 1677 5283 Χερουϐὶμ
1723 5216 1863 5268 κατὰ
1909 5216 2000 5268 τὸν

414 5293 572 5361 λόγον
595 5292 782 5345 τοῦτον
818 5291 1024 5361 ἀμείνω
1053 5293 1247 5363 πολλῷ,
1283 5295 1374 5347 καὶ
1412 5294 1661 5348 τοσοῦτον
1690 5297 1814 5349 ὅσον
1846 5314 2000 5367 περι⁹

1115 238 1174 294 S.
1215 239 1498 295 JOANNIS
1536 231 2027 294 CHRYSDSTOMI
2073 228 2386 288 ARCIIIEP.
2427 231 2972 290 CONSTANTINOP.

3570 237 3674 291 «ξος

2105 349 2299 417 στερείς
2322 348 2478 410 ἀετός
2499 365 2513 378 ³
2551 348 2642 400 καὶ
2670 346 2777 416 γὰρ
2811 349 2889 409 εἰς
2916 345 3116 416 ταύτην
3161 347 3386 398 κάκεῖνα
3431 350 3675 419 ἐσχημα-

2102 428 2258 498 τίσθη
2295 429 2392 500 τὴν
2421 430 2545 499 ὄψιν
2568 445 2581 461 °
2622 432 2715 483 καὶ
2755 430 2805 481 οἱ
2852 428 3069 496 ἄγγελοι
3105 429 3162 480 δέ
3193 429 3449 497 ἀμείνους
3477 434 3674 485 πάλιν·

2103 511 2324 581 καὶγὰρ
2354 515 2411 564 ἐν
2443 514 2678 582 σχήματι
2726 511 3026 580 ἀνθρώπων
3068 511 3327 573 πολλάκις
3375 514 3675 582 ἐφάνησαν,

2116 591 2254 644 Ἀλλ’
2282 594 2381 646 οὐκ
2406 593 2520 646 ἐστι
2548 592 2740 656 ταῦτα,
2768 593 2866 646 οὐκ
2898 592 3032 645 ἔστι.
3056 594 3164 646 Καὶ
3190 595 3298 664 γὰρ
3322 597 3507 666 ἕτερον
3537 601 3677 652 οἰκο-

2102 675 2293 743 νομίας
2313 675 2557 746 ἀλήθεια,
2591 677 2682 729 καὶ
2701 676 2875 745 ὅψεως
2897 678 3226 747 προσκαίρου
3253 681 3677 745 συγκατάϐασις.

2102 759 2194 828 Μὴ
2223 759 2399 812 τοίνυν
2428 761 2717 829 ἀχάριστος
2740 760 2890 828 γίνου
2929 761 3058 829 περί
3082 760 3170 812 τὸν
3199 760 3512 832 εὐεργέτην,
3545 767 3677 833 μηδέ

2102 843 2212 902 τοῖς
2241 842 2500 904 ἐναντίοις
2525 843 2751 911 ἀμείϐου
2781 843 2872 895 τὸν
2912 843 3010 912 τὴν
3053 844 3234 912 πηγήν
3263 861 3345 896 σοι
3372 845 3472 914 τῆς
3504 865 3678 914 μακαο

2107 923 2350 992 ριότητος
2375 924 2778 994 δωρησάμενον.
2806 926 2978 977 Ὅπου
3009 925 3116 996 γὰρ
3139 926 3408 988 υἱοθεσίας
3440 927 3675 997 ἀξίωμα,

2101 1009 2216 1059 ἐκεῖ
2246 1009 2338 1060 καὶ
2362 1011 2394 1076 ή
2424 1009 2532 1061 τῶν
2573 1009 2758 1061 κακῶν
2789 1010 3086 1079 ἀναίρεσις,
3132 1012 3226 1062 καὶ
3255 1012 3286 1078 ή
3319 1010 3424 1062 τῶν
3457 1011 3678 1076 ἀγαθῶν

2101 1090 2355 1143 ἁπάντων
2387 1092 2550 1154 δόσις.
2578 1093 2674 1144 Διά
2704 1092 2765 1161 δὴ
2790 1091 2944 1144 τοῦτο
2967 1091 3026 1144 τὸ
3050 1092 3148 1162 μὲν
3194 1092 3480 1144 Ἰουδαϊκὸν
3511 1093 3676 1144 παύε-

2101 1191 2190 1226 ται
2221 1174 2520 1244 βάπτισμα,
2556 1175 2616 1227 τὸ
2656 1175 2710 1227 δὲ
2745 1175 3010 1244 ἡμέτερον
3045 1175 3219 1246 ἀρχὴν
3252 1174 3538 1242 λαμϐάνει.
3573 1174 3676 1226 Καὶ

2101 1257 2238 1326 ὅπερ
2265 1258 2358 1309 ἐπὶ
2389 1257 2480 1309 τοῦ
2507 1257 2695 1326 Πάσχα
2717 1259 2926 1326 γέγονε,
2958 1257 3115 1310 τοῦτο
3136 1257 3230 1310 καὶ
3254 1257 3346 1308 ἐπὶ
3369 1257 3462 1308 τοῦ
3486 1257 3678 1324 βαπτίο

2104 1355 2306 1408 σματος
2337 1339 2642 1407 συμϐαίνει.
2674 1341 2781 1392 Καὶ
2816 1339 2924 1407 γὰρ
2951 1340 3046 1391 καί
3084 1342 3200 1392 ἐκεῖ
3233 1339 3516 1408 ἀμφότερα
3545 1355 3674 1408 μετ·

2103 1423 2290 1483 ελθὼν,
2332 1424 2391 1475 τὸ
2423 1423 2520 1491 μὲν
2555 1423 2758 1475 ἔπαυσε
2791 1425 2857 1481 ³³,
2905 1422 2984 1492 τῷ
3013 1423 3070 1474 δέ
3102 1422 3274 1492 ἀρχὴν
3311 1421 3540 1474 δέδωκε·
3585 1423 3676 1473 καὶ

2102 1505 2333 1557 ἐνταῦθα
2365 1507 2409 1536 9'
2439 1504 2729 1573 πληρώσας
2772 1505 2831 1557 τὸ
2872 1504 3158 1557 Ἰουδαϊκὸν
3194 1504 3491 1574 βάπτισμα,
3545 1503 3675 1571 ὁμοῦ

2102 1590 2195 1641 καὶ
2221 1588 2313 1642 τοῦ
2343 1575 2802 1658 τῆξἙκκλησίας
2835 1587 2930 1649 τὰς
2956 1587 3124 1656 θύρας
3143 1587 3469 1652 ἁνοίγνυσιν,
3489 1585 3676 1654 ὥσπερ

2101 1671 2156 1722 ἐν
2194 1672 2292 1739 μιᾷ
2323 1669 2568 1741 τραπέζῃ
2590 1671 2729 1726 τότε,
2759 1670 2929 1731 οὓτως
2966 1670 3021 1721 ἐν
3056 1669 3134 1720 ἐνὶ
3175 1666 3400 1736 ποταμῷ
3433 1666 3546 1727 νῦν,
3582 1667 3675 1717 καὶ

2100 1751 2197 1821 τὴν
2228 1751 2384 1804 σκιὰν
2406 1751 2748 1820 ὑπογράψας,
2777 1752 2868 1804 καὶ
2893 1751 2988 1821 τὴν
3014 1749 3268 1821 ἀλήθειαν
3304 1749 3563 1818 προσθείς
3603 1749 3670 1800 ³³.

2102 1833 2414 1901 Πνεύματος
2437 1832 2545 1902 γὰρ
2574 1835 2732 1903 χάριν
2760 1833 2916 1887 τοῦτο
2947 1834 3059 1902 ἔχει
3091 1833 3151 1884 τὸ
3176 1832 3456 1901 βάπτισμα
3482 1833 3638 1900 μόνον
3661 1849 3675 1863 ο

2099 1915 2160 1967 τὸ
2185 1915 2241 1967 δέ
2271 1915 2537 1980 Ἰωάννου,
2559 1916 2761 1985 ταύτης
2785 1916 2988 1984 ἐρημον
3019 1914 3114 1983 τῆς
3144 1914 3351 1982 δωρεᾶς
3373 1910 3462 1982 ἦν.
3485 1912 3583 1966 Διά
3611 1913 3676 1982 δὴ

2099 1997 2256 2050 τοῦτο
2288 1998 2379 2049 ἐπὶ
2403 1998 2500 2067 μὲν
2529 1999 2636 2050 τῶν
2661 1999 2834 2052 ἄλλων
2865 1997 2973 2048 τῶν
3005 1998 3052 2028 ⁹⁸
3089 1997 3497 2066 βαπτιζομένων
3526 1993 3676 2067 [165]

2099 2079 2251 2133 οὐδὲν
2279 2080 2515 2132 τοιοῦτον
2549 2081 2766 2148 συνέϐη,
2795 2081 2886 2132 ἐπὶ
2923 2080 2979 2131 δὲ
3023 2078 3188 2131 αὐτοῦ
3223 2079 3383 2148 μόνου
3418 2077 3509 2129 τοῦ
3553 2077 3679 2146 μέλ-

2099 2163 2280 2226 λοντος
2315 2161 2469 2214 τοῦτο
2503 2163 2889 2233 παραδιδόναι·
2933 2164 3018 2215 ἵνα
3055 2157 3193 2228 μετὰ
3228 2161 3336 2212 τῶν
3375 2159 3677 2229 εἰρημένων

2101 2247 2196 2298 καὶ
2227 2244 2384 2297 τοῦτο
2417 2244 2614 2314 μάθῃς,
2665 2247 2749 2298 ὅτι
2782 2245 2879 2314 οὐχ
2929 2247 2962 2314 ἡ
3011 2243 3316 2312 καθαρότης
3354 2241 3448 2294 τοῦ
3486 2241 3678 2311 βαπτί-

2101 2327 2282 2390 ζοντος
2328 2327 2394 2391 ⁸⁵,
2454 2326 2629 2396 ἀλλ’ἢ
2668 2325 2894 2395 δύναμις
2944 2325 3034 2377 τοῦ
3085 2323 3476 2394 βαπτιζομένου
3521 2322 3678 2375 τοῦτο

2099 2409 2340 2476 ἐποίησε.
2374 2409 2508 2460 Τότε
2539 2409 2669 2476 γοῦν
2705 2408 2798 2462 καὶ
2841 2410 2888 2460 οἰ
2921 2407 3138 2479 οὐρανοὶ
3172 2406 3539 2476 ἀνεῴχθησαν,
3583 2408 3678 2459 καὶ

2099 2491 2158 2544 τὸ
2187 2489 2409 2560 Πνεῦμα
2440 2491 2672 2561 ἐπῆλθεν
2703 2492 2769 2543 9°.
2811 2489 2943 2542 Ἀπδ
2964 2490 3074 2559 γὰρ
3098 2489 3198 2558 τῆς
3231 2488 3467 2551 παλαιᾶς
3492 2488 3677 2541 λοιπὸν

2100 2574 2193 2626 ἐπὶ
2222 2574 2318 2643 τὴν
2350 2575 2542 2644 καινὴν
2571 2573 2753 2640 ἐξάγει
2787 2573 3061 2625 πολιτείαν
3091 2573 3256 2641 ἡμᾶς,
3289 2573 3388 2633 τάς
3416 2589 3475 2624 τε
3503 2572 3678 2635 πύλας

2100 2660 2230 2727 ἡμῖν
2250 2657 2501 2724 ἀνοιγνὺς
2529 2655 2628 2720 τάς
2660 2659 2792 2719 ἀνω,
2817 2658 2909 2708 καὶ
2933 2656 3158 2724 Πνεῦμα
3185 2655 3416 2723 πέμπων
3449 2654 3676 2720 ἐκεῖθεν,

2101 2737 2298 2791 καλοῦν
2328 2741 2406 2801 εἰς
2443 2738 2540 2808 τὴν
2563 2740 2679 2790 ἐκεῖ
2701 2737 2965 2809 πατρίδαο
2997 2738 3092 2788 καὶ
3114 2737 3212 2805 οὑχ
3241 2735 3427 2799 ἁπλῶς
3453 2735 3677 2800 καλοῦν,

2103 2821 2239 2875 ἁλλά
2295 2822 2389 2874 καὶ
2441 2821 2576 2890 μετὰ
2633 2819 2941 2889 ἀξιώματος
2984 2818 3077 2871 τοῦ
3128 2818 3406 2887 μεγίστου.
3464 2820 3537 2872 Οὐ
3572 2820 3680 2888 γὰρ

2102 2903 2367 2971 ἀγγέλους
2389 2904 2481 2955 καὶ
2501 2903 2870 2974 ἀρχαγγέλους
2903 2901 3178 2969 ἐποίησεν,
3214 2900 3348 2953 ἀλλά
3369 2902 3518 2964 υἱοὺς
3541 2899 3678 2953 Θεοῦ

2102 2987 2514 3048 κατασκευάσας
2548 2987 2641 3039 καὶ
2662 2986 2998 3056 ἀγαπητοὺς,
3022 2983 3196 3048 οὕτως
3217 2983 3363 3036 ἐλκει
3389 2982 3522 3056 πρὸς
3546 2983 3681 3037 ἐκεί-

2101 3085 2198 3137 νην
2227 3069 2324 3138 τὴν
2355 3067 2509 3136 λῆξιν
2547 3069 2716 3138 ἡμᾶς.

2171 3150 2231 3204 δ’.
2247 3152 2288 3182 ³⁷
2305 3148 2466 3203 Ταῦτ’
2481 3146 2573 3203 οῦν
2595 3152 2853 3220 ἐννοήσας
2872 3153 3105 3211 ἅπαντα,
3125 3149 3335 3218 καὶτῆς
3353 3148 3570 3218 ἀγάπης
3585 3148 3680 3202 τοῦ

2102 3233 2411 3296 καλοῦντος,
2442 3233 2534 3286 καὶ
2568 3235 2666 3302 τῆς
2692 3233 2966 3296 πολιτείας
2993 3234 3092 3302 τῆς
3121 3233 3255 3299 ἐκεῖ,
3284 3233 3378 3285 καὶ
3401 3232 3500 3301 τῆς
3517 3233 3683 3302 τιμῆς

2099 3317 2197 3386 τῆς
2232 3315 2474 3384 δοθείσης
2506 3313 2652 3379 ἀξιον
2684 3314 2946 3378 ἐπίδειξαι
2983 3315 3096 3384 βίον
3123 3330 3136 3343 ⁸
3178 3315 3256 3385 τῷ
3299 3313 3488 3384 κόσμῳ
3516 3330 3684 3365 σταυ-

2104 3398 2317 3468 ρωθεὶς,
2348 3397 2443 3450 καὶ
2471 3396 2792 3467 σταυρώσας
2819 3397 2980 3451 αὐτὸν
3006 3396 3365 3468 σεαυτῷ,οτὴν
3383 3395 3492 3450 τῶν
3519 3396 3684 3466 οὐρα-

2103 3479 2205 3533 νῶν
2245 3479 2523 3532 πολιτεύου
2572 3480 2848 3533 πολιτείαν
2906 3481 3044 3550 μετά
3097 3479 3382 3550 ἀκριϐείας
3429 3479 3679 3547 άπάση;’

2104 3561 2237 3632 μηδέ
2272 3562 2456 3631 ἐπειδὴ
2487 3562 2546 3613 τὸ
2579 3561 2739 3631 σῶμά
2765 3578 2858 3613 σου
2893 3561 2966 3630 μὴ
2990 3560 3219 3631 μετέστη
3242 3561 3376 3632 πρὸς
3403 3560 3494 3613 τὸν
3519 3560 3682 3630 οὐρα-

2099 3645 2207 3708 νὸν,
2239 3643 2466 3716 νομίσῃς
2496 3643 2640 3712 ἔχειν
2673 3662 2724 3696 τι
2757 3644 2935 3697 κοινὸν
2970 3643 3106 3713 πρὸς
3136 3643 3231 3711 τὴν
3268 3644 3373 3710 γῆν
3393 3660 3406 3672 ’
3444 3643 3542 3711 τὴν
3571 3643 3682 3711 γὰρ

2101 3725 2340 3796 κεφαλὴν
2371 3727 2483 3780 ἀνω
2502 3726 2816 3796 καθημένην
2840 3725 3002 3795 ἔχεις.
3032 3725 3136 3777 Καὶ
3160 3725 3245 3778 διὰ
3271 3725 3428 3778 τοῦτο
3454 3725 3510 3777 δὲ
3542 3725 3682 3794 πρόέ

2097 3825 2255 3879 τερον
2292 3806 2525 3860 ἐνταῦθα
2551 3808 2990 3878 παραγενόμενος
3021 3808 3048 3858 6
3087 3806 3379 3874 Δεσπότης,
3421 3807 3515 3864 καὶ
3555 3807 3682 3868 τοὺς

2098 3890 2364 3958 ἀγγέλους
2393 3888 2635 3957 ἀγαγὼν,
2669 3891 2788 3942 τότε
2831 3907 2889 3942 σε
2932 3888 3215 3942 ἀναλαϐὼν
3254 3887 3496 3958 ἀπῆλθεν
3545 3889 3679 3951 ἐκεῖ,

2100 3975 2188 4027 ἵνα
2216 3976 2312 4026 καὶ
2353 3973 2458 4042 πρὸ
2488 3973 2587 4042 τῆς
2615 3973 2802 4025 ἀνόδου
2832 3975 2930 4042 τῆς
2958 3973 3138 4024 ἐκεῖσε
3177 3971 3374 4041 μάθῃς,
3404 3971 3487 4022 ὅτι
3521 3970 3680 4022 δυνα-

2096 4056 2188 4110 τόν
2220 4071 2302 4108 σοι
2330 4055 2426 4124 τὴν
2449 4055 2551 4125 γῆν
2582 4054 2658 4118 ὼς
2685 4055 2775 4108 τὸν
2803 4055 3032 4125 οὐρανὸν
3064 4056 3252 4107 οἰκεῖν.
3281 4053 3545 4122 Μένωμεν
3578 4052 3682 4104 τοί-

2095 4157 2192 4194 νυν
2211 4138 2308 4210 τὴν
2334 4138 2614 4207 εὐγένειαν
2642 4137 2955 4209 τηροῦντες,
2981 4138 3047 4208 ἢν
3069 4136 3371 4207 ἐδεξάμεθα
3393 4137 3451 4200 ἐξ
3479 4136 3676 4206 ἀρχῆς,

2096 4223 2193 4277 καί
2225 4221 2293 4275 τά
2325 4222 2442 4273 ἐκεῖ
2470 4221 2714 4290 βασίλεια
2743 4220 2864 4275 καθ’
2913 4221 3151 4289 ἑκάστην
3197 4217 3542 4289 ἐπιζητῶμεν
3578 4217 3680 4286 τὴν

2099 4304 2334 4376 ἡμέραν,
2367 4304 2464 4356 καὶ
2503 4305 2681 4358 πάντα
2702 4303 2770 4356 τὰ
2796 4302 3034 4355 ἐνταῦθα
3069 4302 3226 4354 σκιὰν
3259 4302 3353 4354 καὶ
3384 4301 3516 4372 ὄναρ
3541 4296 3680 4352 εἶναι

2099 4383 2428 4454 νομίζωμεν.
2473 4385 2610 4440 Οὐδέ
2647 4385 2756 4455 γὰρ
2802 4386 2850 4436 εἰ
2885 4383 3138 4453 βασιλεύς
3179 4401 3265 4446 τις
3303 4383 3410 4435 τῶν
3445 4384 3536 4434 ἐπὶ
3582 4382 3682 4448 τῆς

2098 4468 2202 4537 γῆς
2223 4469 2436 4537 πτωχὸν
2461 4468 2588 4520 δντα
2623 4485 2682 4521 σε
2709 4467 2756 4501 ⁸⁸
2786 4467 2879 4521 καὶ
2910 4466 3305 4537 προσαιτοῦντα
3333 4464 3531 4526 λαϐὼν,
3566 4464 3682 4517 υἰὸν

2099 4549 2356 4621 ἐξαίφνης
2393 4552 2706 4620 ἐποιήσατο,
2736 4550 2835 4621 τὴν
2872 4549 3111 4620 καλύβην
3157 4549 3252 4601 καὶ
3282 4549 3381 4619 τὴν
3406 4547 3680 4600 εὐτέλειαν

2098 4633 2197 4702 τῆς
2230 4632 2469 4704 καλύϐης
2496 4633 2596 4703 τῆς
2625 4633 2726 4703 σῆς
2755 4633 3043 4701 ἐνενόησας
3057 4632 3150 4685 ἄν·
3182 4632 3424 4698 καίτοιγε
3449 4631 3510 4683 οὐ
3543 4628 3679 4682 πολὺ

2099 4715 2160 4766 τὸ
2195 4715 2355 4785 μέσον
2387 4716 2518 4770 ἐκεῖ.
2566 4715 2656 4785 Μὴ
2688 4716 2866 4768 τοίνυν
2911 4715 3044 4786 μηδέ
3084 4713 3320 4768 ἐνταῦθα
3372 4710 3588 4779 λογίζου
3626 4729 3681 4764 τι

2098 4799 2206 4851 τῶν
2233 4797 2513 4869 προτέρων
2533 4815 2548 4828 ο
2576 4797 2795 4866 καὶγὰρ
2821 4798 2914 4850 ἐπὶ
2947 4795 3125 4866 πολλῷ
3159 4795 3397 4866 μείζοσιν
3423 4793 3678 4862 ἐκλήθης.

2103 4881 2170 4934 Ὀ
2198 4898 2256 4932 τε
2284 4879 2391 4949 γὰρ
2415 4878 2615 4943 καλῶν,
2656 4881 2684 4932 6
2711 4879 2820 4931 τῶν
2845 4878 3088 4946 ἀγγέλων
3119 4879 3398 4946 Δεσπότης
3433 4875 3547 4928 ἐστί
3571 4891 3586 4905 ·
3611 4875 3684 4928 τά

2100 4982 2160 5017 τε
2193 4967 2238 4997 ⁹⁹
2276 4964 2526 5033 διδόμενα
2558 4963 2759 5031 ἀγαθὰ,
2792 4964 2886 5015 καὶ
2924 4963 3078 5030 λόγον
3117 4963 3210 5016 καὶ
3237 4961 3473 5015 διάνοιαν
3511 4958 3683 5027 ύπερ-

2101 5047 2276 5100 ϐαίνει
2310 5048 2509 5100 πᾶσαν.
2541 5046 2614 5097 Οὐ
2640 5045 2750 5114 γὰρ
2779 5046 2887 5097 ἀπὸ
2908 5046 3010 5114 γῆς
3039 5046 3120 5107 εἰς
3145 5045 3249 5113 γῆν
3279 5061 3338 5096 σε
3369 5043 3680 5112 μεθίστησι,

2101 5129 2354 5199 καθάπερ
2383 5131 2410 5181 6
2441 5127 2712 5197 βασιλεὺς,
2743 5128 2856 5181 ἀλλ’
2883 5128 2991 5181 ἀπὸ
3019 5128 3123 5198 γῆς
3163 5128 3244 5189 εἰς
3286 5125 3532 5196 οὐρανὸν,
3587 5124 3682 5176 καὶ

2101 5214 2209 5267 ἀπὸ
2232 5212 2446 5280 φύσεως
2460 5211 2660 5281 θνητῆς
2687 5213 2765 5274 εἱς
2787 5212 3052 5265 ἀθάνατον
3075 5202 3343 5275 καὶδόξαν
3376 5207 3392 5239 ³
3416 5208 3678 5279 ἄρρητον,

2101 5296 2220 5348 τότε
2263 5293 2568 5362 δυναμένην
2618 5294 2775 5362 μόνον
2824 5294 3058 5362 φανῆναι
3101 5291 3299 5357 καλῶς,
3341 5291 3466 5343 ὅταν
3513 5287 3682 5356 αὐτῆς

484 5386 530 5417 ⁸⁵
558 5383 880 5466 Τίνοςλοᾱύ·
999 5385 1072 5466 Α.ζ
1086 5383 1230 5466 Βλϐ.
1251 5387 1375 5466 add.
1401 5382 1641 5466 οῦνΕςίό.
1679 5388 1724 5419 ⁸⁸
1749 5388 1840 5466 ξίς
1863 5387 1924 5441 D.
1959 5387 2000 5466 εἰ

2106 5428 2119 5440 .
2141 5387 2237 5466 (ξε.
2260 5385 2446 5466 ςαξιριςξ
2483 5384 2910 5466 παραδέξωνται..
2935 5386 2999 5466 ,⁸1⁷
3021 5383 3312 5466 ἀπιστοῦσι
3347 5381 3501 5466 Εὐξίῆ
3522 5379 3683 5466 εθπκς)

414 5454 622 5527 δωρεᾶς
650 5447 882 5527 ἀφ’άτου]
909 5453 1003 5527 εἰς
1032 5453 1091 5506 Ε.
1123 5454 1218 5527 Ge.
1257 5457 1435 5527 cingi
1459 5457 1666 5524 ἀφάτου
1698 5457 2000 5527 καὶγδωρεᾶς

2100 5459 2141 5488 ⁸⁸
2159 5454 2378 5527 θαλλοῦ]
2416 5447 2659 5527 θαλοῦλΑ.
2682 5447 2740 5507 Π.
2756 5455 2818 5509 C.
2851 5455 3045 5527 κλάδου
3065 5455 3234 5527 Ειίιὶ.-
3262 5453 3332 5527 ⁸ο-
3344 5449 3478 5527 μηδέ
3489 5447 3592 5527 μῂ
3616 5448 3680 5527 δή

601 5517 672 5595 μή
697 5517 764 5597 Β.
826 5517 1256 5597 ’ξάνμέπαυσε-υ.
1369 5525 1428 5578 F.
1501 5517 1544 5597 ‘f
1563 5526 1818 5597 ἐνταῦθα]
1863 5517 2000 5597 ειίΙιΙ.

2100 5527 2175 5579 λιν
2209 5526 2265 5578 Β.
2405 5541 2454 5597 ι).
2488 5540 2539 5592 p.
2569 5524 2850 5597 βάπτισμα
2878 5541 2994 5597 om1
3312 5517 3644 5597 ’ξπροθεέςιί

413 5593 461 5624 ⁸⁵
481 5594 588 5646 τῶν
604 5593 714 5648 ὸιὴ.
742 5596 806 5648 Α.
841 5595 900 5649 Β.
935 5595 997 5650 C.
1071 5596 1116 5628 ³⁸
1163 5593 1534 5665 βαπτίζοντος]
1565 5593 1941 5715 ξαπτίσματος
1969 5596 2033 5648 Ι).
2068 5609 2121 5650 el

416 5664 651 5715 στιανὸς.
670 5666 741 5715 μὴ
776 5665 1217 5715 ἐπιδεικνύμενος
1241 5666 1471 5715 ἀρίστην
1498 5683 1566 5715 πο
1587 5666 1792 5715 .ιτείαν.
1819 5665 1980 5715 πλέον
2004 5683 2121 5715 τιμι

3633 5516 3655 5533 'J

2169 5611 2250 5664 [γ’.
2297 5595 2354 5646 Ε.
2405 5588 2844 5664 ’⁹⁶“κατῆλθεν’Β.
2950 5595 2994 5624 υτ
3021 5591 3306 5664 ΗΘΙΚΟΝ.
3334 5588 3522 5664 ’Ότιρ
3548 5588 3681 5655 Χρι-

416 5664 651 5750 gnavi;
669 5666 741 5734 μὴ
776 5657 1217 5750 ἐπιδεικνύμενος
1241 5657 1471 5750 ἀρίστη»
1497 5657 1799 5750 πολιτείαν..
1819 5665 1980 5750 πλέον

2100 5657 2515 5750 ῳρεῖτριι.¹ξ⁸κσε
2551 5657 2661 5718 oni.
2685 5663 2743 5748 .
2773 5663 2910 5750 μοι.
2936 5674 3058 5750 P05}
3077 5663 3387 5750 Ξπσέήσατρ1
3405 5657 3679 5750 gon-oga":

415 5729 524 5805 ξαν
570 5724 699 5805 30:}.
731 5724 823 5805 ’ξ’
853 5735 1012 5805 ξὈτε
1039 5724 1214 5805 γὰρηξ
1238 5724 1307 5788 τά
1334 5724 1606 5805 τε]’⁹Ὀταν
1639 5735 1809 5805 δὲκαὶ
1827 5736 1921 5805 6...
1941 5751 2000 5805 κς

2103 5724 2234 5790 ἀ’Λ.
2264 5736 2322 5790 Β.
2356 5735 2419 5790 C.
2441 5735 2610 5789 Ὅταν
2640 5733 2747 5803 γάρ
2772 5737 2865 5786 ό...
2892 5724 2958 5787 τά
2986 5733 3042 5786 δέ
3077 5731 3138 5786 1).
3158 5724 3439 5801 Ρ.’ἐστί]ᾗ
3466 5737 3521 5781 ει
3549 5740 3677 5779 mox

414 5796 717 5872 ὑπερϐαίνῃ
755 5801 812 5855 Β.
851 5804 969 5859 Vid.
1006 5796 1191 5860 ailnbt.
1273 5796 1608 5874 ‘xx‘:66§av]
1632 5804 1783 5869 δόξαν
1812 5804 1903 5856 καί
1934 5803 2067 5860 Edd.
