4076 6150
457 314 560 369 205
1547 315 1612 371 IN
1648 313 2010 379 MATTIIAEU}

2116 310 2314 370 IOMIL.
2358 318 2470 374 ΧΗ.
3622 346 3726 402 206

457 460 633 505 tamen
664 449 820 505 ﬁdem
849 465 1029 521 neges.
1057 451 1188 506 Nam
1219 453 1271 506 in
1298 452 1569 522 principiis
1618 468 1830 523 semper
1864 455 2003 509 admi

2151 435 2251 502 geli
2279 451 2488 508 quoque
2516 444 2930 509 praestantiores,
2958 447 3047 517 qui
3075 449 3346 508 hominum
3374 456 3550 524 specie
3581 473 3725 528 saepe

455 542 742 596 randarum
786 542 1244 612 spiritualiumquc
1295 559 1472 597 rerum
1522 543 1754 598 visiones
1785 554 2038 614 apparent

455 647 670 686 sensum
702 641 976 686 moventes
1004 645 1059 688 et
1083 635 1230 704 signa
1256 634 1580 703 hujusmodi,
1607 635 1761 704 idque
1791 637 2032 703 stupido-

454 737 569 776 rum
602 721 876 776 hominum
902 738 1082 788 causa,
1113 726 1200 793 qui
1222 725 1403 778 sensili
1430 727 1631 780 visione
1658 741 1790 794 Opus
1815 727 2032 793 habent,

455 827 628 880 neque
651 824 873 880 possunt
893 815 1120 883 aliquam
1150 816 1480 884 incorporea:
1507 830 1707 872 naturae
1738 819 1908 874 idcam
1941 821 2034 873 ad~

455 905 692 968 mittere,
741 905 833 957 sed
877 904 942 958 ad
995 906 1222 959 visibilia
1272 918 1473 961 tantum
1523 909 1924 978 obstupescunt,
1977 921 2030 963 nt
2112 970 2114 972 _

452 994 658 1048 etiamsi
692 1003 874 1061 postea
921 996 1040 1048 talia
1071 1012 1176 1049 non
1209 999 1473 1061 eveniant,
1506 1015 1567 1053 ea
1610 1016 1728 1066 qua:
1773 1003 1934 1054 semel
1978 1013 2032 1055 et

451 1085 502 1136 in
534 1083 791 1152 principio
817 1083 953 1138 facta
981 1099 1105 1139 sunt
1132 1088 1346 1148 similia,
1369 1089 1435 1142 ad
1455 1089 1610 1143 ﬁdem
1643 1091 1705 1144 iis
1734 1093 2027 1146 habendam

449 1176 733 1230 deducant.
791 1176 920 1229 Nam
950 1187 1004 1231 et
1047 1192 1207 1244 super
1247 1181 1518 1248 apostolos
1547 1198 1709 1236 sonus
1740 1184 1908 1237 laetus
1949 1194 2030 1237 est

449 1267 666 1334 spiritus
693 1267 1054 1334 vehementis,
1085 1277 1139 1322 et
1181 1270 1475 1339 linguarum
1516 1274 1786 1342 ignearum
1823 1277 2028 1344 species

449 1372 760 1425 apparuere,
793 1374 893 1411 non
943 1371 1158 1429 propter
1210 1363 1500 1428 apostolos,
1549 1364 1640 1416 sed
1673 1376 1889 1433 propter
1935 1382 2028 1421 eos

447 1449 535 1516 qui
569 1459 691 1503 tunc
721 1461 1008 1517 przesentes
1028 1462 1179 1505 erant
1204 1451 1434 1507 Judaeos.
1469 1455 1714 1507 Attamen
1753 1455 1866 1509 licet
1899 1471 2024 1509 sen-

446 1539 563 1592 silia
592 1539 739 1607 signa
769 1556 872 1592 non
915 1541 1062 1605 ﬁant,
1094 1559 1210 1610 quae
1239 1557 1334 1611 per
1359 1545 1443 1598 illa
1472 1547 1636 1600 semel
1665 1546 2023 1600 demonstrata

443 1629 935 1684 suntadmittimus.
963 1632 1092 1684 Nam
1120 1644 1171 1685 et
1193 1633 1439 1687 columba
1472 1635 1591 1689 ideo
1615 1644 1739 1689 tunc
1771 1637 1881 1689 visa
1919 1647 2020 1703 est,

446 1730 503 1774 ut
531 1722 677 1789 quasi
705 1721 869 1791 digito
893 1723 1120 1791 quodam
1155 1725 1503 1792 prmsentibns
1529 1737 1577 1779 et
1609 1726 1797 1780 Joanui
1830 1727 2020 1780 Filium

445 1813 539 1866 Dei
562 1823 905 1868 monstraret.
930 1815 1112 1883 Neque
1143 1817 1261 1870 ideo
1285 1827 1485 1871 tantum
1507 1859 1522 1882 ,
1561 1820 1651 1872 sed
1700 1821 1857 1872 etiam
1888 1829 1939 1872 ut
1967 1829 2022 1872 tu

441 1903 710 1969 disceres,
741 1907 900 1959 etiam
951 1922 1112 1977 super
1156 1917 1206 1962 te
1259 1910 1598 1978 baptizatum,
1629 1911 1881 1980 Spiritum
1929 1913 2023 1966 dc-

439 1994 715 2048 scendere.

509 2087 563 2137 5.
586 2085 743 2140 Fides
769 2105 869 2142 non
897 2105 1022 2159 Opus
1040 2091 1184 2144 habet
1212 2093 1416 2145 uisione.
1437 2093 1659 2163 Spiritus
1687 2103 1888 2147 sanctus
1920 2109 2020 2146 non

439 2175 604 2228 minor
651 2175 870 2231 Christo.
937 2181 1166 2234 Christus
1217 2182 1513 2236 Judworum
1568 2196 1611 2239 et
1667 2186 1914 2252 baptisma
1975 2197 2021 2240 et

438 2263 644 2320 Pascha
673 2269 1204 2338 abrogat.—Detnum
1239 2289 1342 2326 non
1368 2289 1502 2343 Opus
1547 2276 1700 2329 nobis
1727 2287 1808 2330 est
1834 2278 2016 2331 sensili

437 2359 662 2424 visione,
711 2377 830 2417 cum
882 2363 1012 2418 ﬁdes
1060 2367 1175 2421 vice
1221 2370 1456 2421 omnimn
1509 2372 1638 2424 satis
1685 2371 1750 2424 sit
1803 2390 1815 2425 :
1868 2374 2014 2441 signa

435 2453 632 2519 quippe
664 2469 768 2507 non
798 2456 1138 2510 credentibus
1163 2500 1178 2522 ,
1210 2460 1302 2513 sed
1336 2461 1620 2515 incredulis
1649 2462 1860 2516 dantur.
1911 2463 2018 2518 Cur

433 2551 611 2594 autem
643 2543 694 2596 in
724 2544 983 2599 columba:
1023 2548 1240 2616 specie?
1266 2549 1594 2604 Mansuetnm
1627 2563 1705 2606 est
1736 2554 1930 2606 animal
1962 2563 2016 2608 et

435 2631 710 2684 mundum.
758 2632 890 2699 Quia
956 2635 1114 2704 igitur
1155 2637 1421 2706 Spiritus,
1469 2643 1889 2695 mansuetudinis
1934 2654 2016 2697 est

432 2719 659 2789 Spiritus
684 2762 701 2788 ,
742 2723 862 2778 ideo
909 2726 995 2779 illa
1043 2726 1210 2782 forma
1253 2731 1517 2798 apparuit.
1553 2733 1797 2801 Alioquin
1834 2745 2011 2788 autem

433 2821 668 2867 veterem
702 2815 980 2869 historiam
1010 2817 1160 2871 nobis
1194 2820 1244 2871 in
1273 2823 1582 2875 memoriam
1615 2833 1846 2878 revocat.
1878 2825 2008 2879 Nam

432 2916 554 2956 cum
601 2904 727 2958 olim
771 2909 1039 2960 communi
1089 2909 1363 2980 naufragio
1410 2923 1573 2968 totum
1627 2915 1810 2968 orbem
1867 2917 2012 2969 inva-

428 2995 610 3058 dente,
645 3005 809 3049 totum
839 3014 1057 3067 prorsus
1085 3001 1352 3055 hominum
1385 3019 1552 3074 genus
1578 3006 1968 3073 periclitaretur
1990 3047 2006 3071 ,

431 3084 533 3140 hoc
561 3087 756 3139 animal
787 3089 1068 3156 apparuit,
1097 3099 1152 3144 et
1183 3095 1512 3161 tempestatis
1554 3097 1709 3150 linem
1742 3099 2005 3164 ostendit,

427 3188 492 3228 ac
540 3191 745 3229 ramum
795 3178 948 3233 olivae
991 3190 1164 3235 rostro
1210 3193 1436 3248 tenens,
1484 3201 1816 3241 communem
1867 3190 2009 3242 orbis

429 3269 859 3336 tranquillitatem
907 3275 1168 3328 nuntiavit
1201 3295 1213 3326 :
1247 3293 1364 3345 qua:
1391 3280 1566 3333 omnia
1615 3279 1775 3350 figura
1807 3282 2008 3335 futuro-

427 3371 544 3408 rum
588 3367 760 3412 erant.
813 3360 961 3415 Tunc
1004 3365 1147 3418 enim
1193 3368 1357 3419 multo
1399 3367 1664 3424 deteriore
1703 3373 2007 3428 conditione

426 3462 513 3500 res
542 3447 814 3504 hominum
843 3462 996 3507 erant
1015 3494 1032 3520 ,
1061 3470 1122 3509 ac
1148 3459 1312 3512 nmlto
1351 3460 1550 3528 majore
1593 3462 1664 3515 illi
1691 3472 1842 3517 erant
1883 3480 2008 3532 sup-

427 3539 585 3607 plicio
615 3540 780 3610 digni.
827 3543 904 3597 Ne
931 3544 1183 3614 desperes
1214 3548 1370 3617 igitur
1397 3593 1410 3614 ,
1447 3551 1580 3605 hanc
1610 3553 1698 3605 tibi
1731 3553 2003 3608 historiam

427 3630 477 3681 in
522 3633 835 3685 memoriam
870 3645 1100 3689 revocat.
1147 3637 1276 3691 Nam
1308 3649 1429 3694 ttmc
1473 3641 1763 3711 desperatis
1809 3645 1998 3709 rebus,

423 3721 598 3775 exitus
651 3731 824 3778 tamen
866 3726 1081 3794 quidam
1123 3737 1177 3783 et
1217 3731 1520 3786 emendatio
1563 3733 1662 3787 fuit
1693 3756 1705 3789 :
1738 3737 1831 3790 sed
1882 3745 2004 3790 tunc

424 3829 521 3883 per
562 3817 874 3884 supplicium
900 3859 915 3880 ,
949 3835 1090 3874 nunc
1130 3837 1256 3876 vero
1297 3839 1394 3892 per
1436 3826 1658 3894 gratiam
1707 3837 1760 3881 et
1803 3827 1998 3881 donum

424 3905 711 3961 iueﬂ‘abile.
764 3908 991 3978 Ideoque
1033 3912 1275 3966 columba
1325 3926 1589 3983 apparet,
1639 3933 1744 3970 non
1792 3933 1998 3972 ramum

421 3995 574 4048 olivae
597 3995 792 4064 ferens,
815 3999 908 4054 sed
937 4003 1171 4056 omnium
1198 4005 1458 4058 malorum
1487 4007 1820 4064 liberatorem
1849 4011 2001 4064 nobis

422 4088 727 4154 ostendens,
751 4091 1050 4160 bonamque
1078 4109 1226 4162 spem
1253 4097 1530 4152 exhibens.
1560 4099 1740 4169 Neque
1767 4101 1907 4155 enim
1929 4117 1997 4156 ex

422 4194 543 4233 arca
582 4197 742 4235 unum
770 4183 948 4238 educit
978 4184 1266 4250 hominem,
1292 4189 1383 4242 sed
1414 4205 1532 4243 cum
1564 4201 1800 4260 apparet,
1831 4201 1995 4248 totum

421 4269 604 4324 orbem
632 4274 826 4327 attollit
849 4275 899 4328 in
932 4277 1120 4329 etclam
1141 4318 1156 4340 ,
1189 4287 1240 4331 et
1273 4295 1366 4347 pro
1396 4280 1548 4334 oliva:
1575 4299 1722 4336 ramo
1753 4285 1997 4353 adoptio-

423 4376 542 4413 nem
573 4361 799 4416 ﬁliorum
833 4366 1098 4419 communi
1129 4368 1273 4422 orbis
1301 4373 1483 4439 generi
1524 4371 1694 4425 aﬁ‘ert.
1739 4374 1995 4443 Magnitu-

419 4450 596 4504 dinem
636 4466 763 4520 crgo
789 4453 913 4507 doni
957 4464 1130 4510 tecum
1163 4469 1414 4527 reputans
1440 4500 1453 4523 ,
1496 4477 1560 4515 ne
1589 4463 1847 4516 minorem
1881 4465 1996 4531 ejus

420 4541 725 4610 dignitatem
753 4546 1058 4609 existimes,
1105 4550 1244 4618 quod
1276 4551 1327 4603 in
1369 4551 1457 4604 tali
1505 4553 1683 4621 specie
1719 4565 1992 4624 appareat.

419 4633 549 4687 Nam
577 4637 833 4703 quosdam
858 4638 1018 4691 audio
1043 4639 1301 4704 dicentes,
1339 4652 1536 4696 tantum
1579 4659 1698 4700 esse
1725 4646 1992 4702 hominem

417 4725 558 4778 inter
588 4733 643 4779 ct
682 4727 980 4782 Columbam
1009 4729 1293 4786 discrimen
1316 4773 1331 4797 ,
1378 4743 1630 4801 quantum
1675 4735 1814 4791 inter
1841 4734 1996 4791 Chri-

417 4821 560 4866 stum
593 4822 648 4868 et
671 4814 924 4881 Spiritum
951 4860 965 4882 ,
1007 4820 1127 4887 quia
1155 4822 1242 4874 ille
1269 4824 1318 4874 iu
1348 4833 1531 4876 natura
1559 4835 1737 4879 nostra
1762 4867 1775 4888 ,
1829 4826 1913 4881 hic
1941 4827 1992 4880 in

415 4903 597 4969 specie
635 4903 894 4957 columba:
934 4910 1197 4975 apparuit.
1263 4912 1398 4978 Quid
1446 4913 1512 4966 ad
1561 4914 1673 4968 ha'c
1712 4915 1992 4970 dicendum

413 4993 537 5044 est?
585 4991 803 5046 Scilicet
847 4993 1034 5048 Filium
1083 4998 1175 5052 Dei
1225 5013 1465 5056 naturam
1517 5003 1746 5058 hominis
1790 5020 1994 5060 assum-

417 5082 622 5148 psisse;
652 5081 910 5151 Spiritum
939 5101 1063 5140 vero
1085 5103 1187 5142 non
1220 5101 1461 5146 naturam
1487 5096 1761 5164 accepisse
1789 5097 1994 5151 colum-

416 5179 519 5225 [ιω.
552 5172 673 5228 Ideo
701 5175 1020 5243 evangelista
1049 5193 1152 5232 non
1185 5179 1234 5232 in
1264 5191 1468 5249 natura,
1495 5185 1588 5238 sed
1619 5185 1669 5238 in
1697 5187 1872 5255 specie
1897 5203 1991 5241 ce-

417 5262 609 5315 tnmbte
634 5262 766 5316 dixit
796 5281 808 5316 :
843 5280 1013 5333 neque
1039 5279 1220 5335 postea
1248 5286 1492 5341 umquam
1527 5276 1623 5329 hac
1656 5275 1817 5346 ﬁgura
1851 5278 1993 5332 visus

415 5360 497 5404 cst
524 5393 540 5417 ,
569 5354 660 5407 sed
694 5366 819 5410 tunc
851 5365 1073 5410 tantum.
1107 5357 1161 5412 Si
1193 5375 1348 5426 porro
1377 5363 1490 5430 ejus
1521 5364 1640 5419 ideo
1683 5367 1990 5437 dignitatem

417 5444 678 5498 minorem
707 5445 874 5513 dicas,
907 5448 1010 5503 hoc
1031 5451 1377 5507 ratiocinandi
1405 5459 1563 5514 modo
1592 5459 1876 5518 Cherubiui
1902 5465 1993 5518 illo

420 5534 651 5602 majores
678 5541 1010 5608 reperientur
1037 5583 1050 5607 ,
1099 5552 1154 5597 ct
1182 5555 1437 5614 quantum
1473 5553 1644 5621 aquila
1694 5557 1864 5625 major
1911 5568 1994 5614 est

414 5627 658 5681 columba
693 5644 857 5686 :~nam
887 5633 961 5688 illi
1006 5632 1142 5691 hanc
1174 5651 1461 5709 suscepere
1500 5644 1762 5714 speciem;
1792 5657 1846 5704 ct
1888 5663 1986 5702 an-

2144 538 2502 595 apparueruut
2552 534 2620 586 At
2649 549 2752 587 non
2786 537 2877 601 ita,
2906 553 3012 594 non
3035 541 3104 594 ita
3134 545 3313 613 utique
3341 564 3425 602 res
3451 565 3509 604 se
3541 550 3718 605 habet.

2140 617 2271 670 Nam
2312 620 2452 674 aliud
2482 631 2563 676 cst
2591 626 2787 680 veritas
2811 633 3123 687 oeconomia:
3146 675 3160 698 ,
3194 637 3332 690 aliud
3363 649 3720 710 temporanea)

2142 708 2359 762 visionis
2390 715 2684 769 concessio.
2734 717 2810 772 Ne
2831 719 3006 788 itaque
3036 723 3272 792 ingratus
3302 729 3375 782 sis
3399 708 3522 799 erga
3552 735 3717 788 bene-

2139 797 2392 854 l'actorem
2417 841 2432 866 ,
2479 819 2651 873 neque
2694 814 3014 865 contrariam
3067 817 3297 883 repende
3328 820 3495 874 vicem
3537 824 3584 876 ei
3626 827 3714 894 qui

2138 890 2230 943 tibi
2261 892 2602 951 beatitudinis
2633 902 2828 954 fontem
2868 904 3102 959 donavit.
3157 908 3254 963 Ubi
3299 912 3439 966 enim
3469 923 3549 967 est
3588 890 3717 970 adea

2139 981 2332 1047 ptionis
2362 985 2589 1054 dignitas
2614 1030 2628 1053 ,
2675 991 2743 1044 ibi
2776 1004 2828 1044 et
2858 997 3117 1050 malorum
3147 999 3388 1070 depulsio
3411 1045 3425 1067 ,
3468 1017 3522 1058 et
3548 1007 3716 1061 bono-

2136 1089 2252 1126 rum
2298 1078 2533 1131 omnium
2594 1097 2804 1138 munns.
2876 1086 2996 1140 Ideo
3044 1088 3320 1146 Judaicum
3360 1095 3572 1162 quidem
3622 1099 3716 1152 ba-

2137 1165 2326 1232 ptisma
2356 1170 2640 1240 abrogatur
2663 1215 2677 1237 ,
2727 1192 2963 1230 thIrum
2993 1189 3164 1234 autem
3197 1186 3475 1240 exordium
3507 1188 3664 1243 habet
3692 1205 3707 1241 :

2133 1269 2292 1327 atque
2336 1261 2563 1329 idipsnm
2596 1268 2732 1334 quod
2766 1268 2815 1320 in
2850 1270 3127 1339 Paschate,
3157 1275 3207 1328 in
3236 1276 3550 1345 baptismate
3577 1295 3707 1348 quo‘

2133 1365 2236 1418 que
2260 1354 2499 1423 contigit.
2542 1355 2670 1410 Nam
2700 1375 2818 1412 eum
2849 1372 3132 1433 utrumque
3177 1369 3368 1434 pascha
3401 1371 3711 1426 celebrave-

2133 1443 2221 1509 rit,
2252 1445 2477 1498 alterum
2509 1448 2807 1518 abrogavit,
2837 1453 2990 1507 alteri
3021 1472 3146 1510 vero
3177 1461 3490 1529 principium
3518 1464 3663 1517 dedit
3692 1482 3708 1520 :

2131 1542 2188 1586 et
2234 1533 2319 1588 hic
2355 1551 2608 1602 rursum,
2653 1554 2770 1592 cum
2799 1541 3074 1598 .ludaicum
3127 1547 3384 1616 baptisma
3433 1553 3706 1621 implevit,

2132 1633 2256 1677 tunc
2313 1635 2366 1679 ct
2410 1627 2662 1682 Ecclesia:
2715 1630 3044 1699 baptismatis
3093 1636 3284 1704 jannas
3325 1643 3526 1708 aperit;
3574 1645 3711 1698 sicut

2131 1721 2254 1767 tunc
2279 1714 2329 1768 in
2359 1731 2458 1768 una
2489 1732 2670 1772 mensa
2697 1761 2711 1782 ,
2743 1721 2819 1775 sic
2844 1739 2983 1777 nunc
3023 1725 3074 1777 in
3105 1742 3209 1778 uno
3233 1727 3449 1782 ﬂumine
3473 1772 3486 1796 ,
3521 1741 3573 1784 et
3596 1748 3710 1785 nm-

2126 1791 2600 1872 bram'delineaus,
2634 1821 2685 1864 et
2707 1813 2984 1866 veritatem
3014 1815 3233 1870 addens.
3263 1818 3493 1888 Spiritus
3513 1823 3708 1890 quippe

2125 1895 2345 1960 gratiam
2376 1897 2475 1951 hoc
2503 1901 2672 1954 solum
2704 1905 2962 1972 baptisma
2995 1906 3187 1970 habet;
3218 1909 3439 1963 Joannis
3465 1928 3590 1966 vero
3615 1914 3707 1966 ha-

2125 1985 2314 2050 ptisma
2344 1987 2443 2041 hoc
2475 1987 2617 2042 dono
2644 2007 2865 2045 vacuum
2910 2007 3044 2048 erat.
3079 1996 3303 2067 Ideoque
3332 1999 3455 2052 dum
3481 2002 3567 2054 alii
3590 2017 3706 2056 om-

2125 2088 2220 2127 nes
2248 2074 2665 2145 baptizarentur,
2693 2081 2820 2134 nihil
2855 2084 2956 2137 tale
2978 2087 3229 2154 contigit;
3259 2089 3351 2141 sed
3389 2090 3440 2142 in
3470 2091 3558 2144 illo
3586 2102 3702 2144 tan-

2125 2174 2234 2220 tum
2265 2169 2351 2235 qui
2378 2169 2502 2223 illud
2533 2172 2820 2226 traditurus
2847 2184 2990 2240 erat;
3017 2185 3072 2228 ut
3101 2193 3219 2231 eum
3247 2181 3569 2248 supradictis
3601 2183 3703 2237 huc

2123 2275 2334 2328 quoque
2361 2262 2556 2326 discas,
2583 2281 2686 2317 non
2717 2265 2996 2333 puritatem
3024 2269 3342 2337 baptizantis
3361 2273 3398 2334 ί,
3420 2274 3512 2325 sed
3536 2274 3705 2341 bapti-

2122 2351 2223 2402 zati
2252 2349 2499 2403 virtutem
2543 2353 2592 2405 id
2627 2355 2832 2408 fecisse.
2887 2357 3036 2410 Tune
3081 2360 3258 2428 itaque
3287 2369 3341 2414 et
3367 2363 3484 2416 caeli
3531 2367 3698 2426 aperti

2121 2448 2264 2505 sunt,
2295 2451 2346 2494 et
2374 2441 2601 2510 Spiri;ns
2624 2446 2948 2511 supervenit.
2970 2446 3098 2500 Nam
3122 2463 3150 2500 a
3183 2451 3347 2505 veteri
3380 2453 3586 2507 vivendi
3609 2471 3702 2522 ge-

2121 2548 2248 2586 nere
2277 2549 2374 2586 nos
2397 2533 2504 2601 jam
2554 2535 2780 2589 traducit
2819 2537 2884 2590 ad
2914 2555 3108 2592 novum
3139 2581 3154 2606 ,
3205 2542 3394 2610 januas
3441 2560 3701 2615 supernas

2118 2624 2392 2690 aperiens,
2425 2634 2479 2677 et
2505 2624 2758 2692 Spiritum
2799 2628 2920 2682 inde
2951 2631 3169 2685 mittens
3212 2633 3276 2687 ad
3310 2635 3450 2688 illam
3476 2639 3697 2704 patriam

2119 2722 2394 2767 vocantem
2415 2732 2428 2778 ;
2453 2730 2550 2768 nec
2571 2725 2770 2770 tantum
2793 2728 3091 2788 vocantem,
3111 2722 3206 2776 sed
3228 2733 3280 2778 et
3303 2740 3421 2778 eum
3441 2727 3698 2796 dignitate

2117 2805 2365 2859 maxima.
2417 2805 2530 2860 Non
2562 2809 2704 2861 enim
2734 2811 2950 2880 angelos
2979 2821 3032 2866 et
3061 2815 3407 2886 archangelos
3426 2819 3566 2882 fecit,
3600 2822 3696 2876 sed

2117 2893 2251 2948 ﬁlios
2281 2896 2368 2948 Dei
2402 2907 2453 2951 et
2475 2899 2698 2954 dilectos
2727 2919 2739 2954 :
2764 2903 2840 2955 sic
2870 2917 2968 2956 nos
2993 2903 3059 2958 ad
3083 2904 3224 2959 illam
3244 2912 3694 2964 sortemattrahit.

2185 2986 2237 3038 4.
2284 2987 2406 3040 ΙΙςιιο
2435 2991 2672 3059 cogitans
2693 2993 2867 3046 omnia
2895 3034 2909 3057 ,
2940 3005 2992 3049 et
3022 2995 3308 3052 dilecﬁone
3337 3001 3575 3054 vocantis
3595 3042 3608 3062 ,
3641 3010 3696 3054 et

2114 3078 2385 3128 eonsnrtio
2413 3079 2503 3131 illo
2532 3081 2728 3134 caelesti
2757 3092 2810 3136 et
2840 3084 3031 3138 collato
3054 3084 3257 3142 honore
3287 3089 3498 3158 dignam
3531 3091 3694 3146 ducas

2115 3166 2273 3219 vitam
2301 3178 2538 3236 oportet;
2572 3173 2770 3226 mundo
2809 3177 3123 3242 cruciﬁxus,
3165 3189 3218 3232 et
3261 3182 3514 3235 mundum
3545 3184 3595 3236 in
3642 3194 3693 3236 te

2112 3257 2449 3327 crueiﬁgens,
2501 3275 2619 3314 cum
2651 3264 2793 3315 omni
2836 3264 3106 3334 diligentia
3137 3270 3347 3323 carleste
3393 3273 3689 3325 institutum

2111 3347 2333 3402 exhibe:
2362 3366 2532 3418 neque
2559 3354 2677 3421 quia
2721 3369 2914 3423 corpus
2942 3364 3084 3410 tuum
3115 3360 3344 3414 nondum
3379 3363 3688 3416 translatum

2110 3448 2190 3492 est
2232 3439 2281 3490 in
2322 3441 2534 3507 cazlum,
2580 3452 2731 3510 putes
2777 3454 2827 3498 te
2853 3447 3047 3515 aliquid
3071 3464 3190 3502 eum
3224 3459 3362 3505 terra
3402 3468 3690 3508 commune

2112 3527 2323 3583 habere.
2349 3531 2518 3598 Caput
2541 3537 2680 3586 enim
2709 3546 2853 3588 tuum
2878 3536 3040 3591 habes
3063 3539 3114 3592 in
3139 3541 3272 3596 caelo
3297 3542 3508 3596 sedens.
3539 3545 3690 3598 Ideo-

2108 3635 2210 3689 que
2238 3621 2490 3675 Dominus
2515 3639 2631 3677 cum
2666 3627 2810 3693 prius
2842 3628 2944 3683 huc
2971 3631 3222 3693 venisset.
3253 3635 3576 3705 angelosque
3596 3652 3685 3690 se-

2109 3724 2227 3762 cum
2249 3711 2592 3778 adduxisset,
2632 3725 2755 3769 tunc
2784 3727 2834 3771 te
2857 3731 3131 3789 assumpto
3172 3723 3293 3776 illuc
3320 3725 3482 3787 abiit,
3526 3735 3583 3780 nt
3629 3738 3681 3781 tu

2107 3809 2388 3869 antequam
2417 3803 2541 3856 illuc
2567 3807 2824 3860 ascendas
2845 3846 2858 3869 ,
2904 3809 3109 3865 ediscas
3139 3827 3294 3881 posse
3324 3824 3372 3869 te
3404 3824 3597 3870 terram
3627 3826 3680 3871 nt

2107 3894 2292 3946 escium
2363 3895 2618 3950 incolere.
2670 3900 3080 3956 Perseveremus
3126 3905 3302 3974 itaque
3352 3908 3680 3963 nobilitatem

2105 3996 2338 4046 servare,
2368 4001 2524 4053 quam
2553 3989 2620 4040 ah
2647 3988 2794 4044 initio
2823 3993 3173 4060 suscepimus,
3209 3997 3512 4066 regiamqne
3539 3997 3681 4053 illam

2105 4073 2372 4128 cadestetn
2414 4077 2650 4144 quotidie
2689 4095 2990 4148 quarramus
3015 4124 3028 4147 ,
3077 4100 3138 4140 ac
3177 4088 3458 4155 praesentia
3502 4092 3681 4144 omnia

2106 4162 2348 4216 umbram
2395 4173 2450 4218 et
2491 4169 2754 4221 somnium
2783 4185 2901 4224 esse
2932 4183 3198 4240 putemus.
3243 4176 3428 4246 Neque
3454 4180 3594 4233 enim
3635 4181 3682 4235 si

2103 4255 2362 4324 quispiam
2391 4273 2479 4312 rex
2513 4268 2753 4317 terrenus
2799 4272 2849 4317 te
2880 4267 3180 4321 nrendicum
3207 4281 3255 4323 et
3285 4286 3571 4341 pauperem
3600 4290 3683 4330 re-

2105 4357 2260 4412 pente
2287 4347 2338 4400 in
2363 4349 2524 4401 lilium
2552 4349 2854 4419 adoptaret,
2882 4357 3145 4424 tugurium
3175 4367 3318 4412 tmnn
3347 4361 3570 4431 ejusque
3598 4365 3678 4416 vi-

2103 4435 2304 4489 iitatem
2362 4439 2499 4491 ultra
2550 4444 2879 4510 respiceres,
2925 4446 3130 4500 etiamsi
3176 4448 3293 4504 haec
3342 4466 3445 4504 non
3490 4454 3676 4521 grandi

2103 4527 2384 4584 intervallo
2434 4543 2767 4600 separantur.
2814 4535 2892 4590 Ne
2939 4537 3116 4606 itaque
3166 4541 3250 4594 hic
3297 4542 3568 4610 quidpiam
3614 4561 3670 4597 ex

2100 4619 2364 4686 prioribus
2411 4621 2460 4673 in
2504 4632 2679 4677 mente
2726 4640 2904 4680 verses
2937 4644 2950 4679 :
2983 4643 3103 4680 nam
3149 4629 3214 4682 ad
3261 4631 3416 4694 longe
3462 4633 3675 4687 meliora

2101 4717 2327 4763 vocatus
2375 4725 2454 4764 es.
2513 4709 2614 4776 Qui
2643 4712 2786 4764 enim
2831 4724 3007 4780 vocat,
3041 4717 3356 4785 angelorum
3415 4720 3676 4773 Dominus

2098 4810 2199 4864 est,
2263 4802 2512 4870 bonaque
2577 4803 2670 4856 tibi
2734 4807 2933 4860 collata
3003 4809 3268 4860 rationem
3347 4825 3560 4863 onmem
3629 4823 3676 4865 et

2102 4906 2330 4944 mentem
2366 4904 2644 4960 supr-rant.
2703 4893 2821 4948 Non
2853 4897 2997 4949 enim
3029 4913 3056 4949 a
3092 4907 3232 4951 terra
3286 4899 3337 4952 in
3400 4909 3594 4954 terram
3631 4912 3679 4956 te

2099 4981 2386 5046 transfert,
2436 4990 2495 5034 ut
2530 4983 2619 5036 ille
2650 4999 2776 5048 rex;
2821 4983 2916 5038 sed
2961 4999 2989 5038 a
3037 4994 3172 5039 terra
3206 4988 3257 5040 in
3288 4989 3500 5056 ca'lum,
3546 4999 3601 5046 et
3645 5009 3673 5044 a

2099 5074 2306 5126 mortali
2340 5081 2521 5127 natura
2567 5075 2617 5127 in
2668 5076 2889 5145 gloriam
2938 5079 3289 5136 immortalem
3337 5095 3391 5138 et
3440 5086 3678 5138 inclTabi-

2099 5166 2225 5228 lem,
2258 5181 2375 5233 qua:
2403 5176 2524 5219 tunc
2551 5177 2750 5222 tantum
2779 5170 2919 5224 clare
2947 5177 3138 5240 poterit
3165 5177 3412 5245 perspici,
3441 5193 3558 5231 cum
3588 5179 3672 5230 illa

2101 5256 2354 5308 fruemur.
2399 5256 2544 5310 Talia
2578 5269 2751 5316 tamen
2780 5275 3202 5332 consequuturus
3230 5265 3388 5327 bona,
3423 5266 3674 5335 pecunias

2099 5345 2226 5398 mihi
2257 5362 2683 5414 Commemoras,
2731 5359 3102 5422 terrenamque
3147 5370 3388 5422 pompam
3437 5355 3680 5406 retines?

2099 5452 2196 5490 nec
2251 5446 2401 5504 putas
2446 5438 2559 5491 lure
2598 5441 2771 5493 omnia
2817 5459 2934 5510 qua:
2975 5445 3074 5497 sub
3116 5453 3387 5512 aspectum
3439 5442 3670 5509 eadunt,

2098 5526 2462 5582 mendicorum
2496 5531 2683 5598 pannis
2710 5547 2828 5588 esse
2859 5534 3079 5588 viliora?
3115 5534 3185 5587 Et
3223 5533 3492 5600 quomodo
3528 5540 3678 5587 tanto

2166 5684 2182 5714 ³
2219 5688 2360 5743 Unus,
2387 5695 2480 5733 non
2497 5687 2752 5746 puritatem
2776 5685 3016 5748 baptismi;
3039 5685 3197 5733 minus
3210 5688 3365 5733 recte.
