4076 6150
420 260 526 315 2οἹ

418 378 626 431 honore
655 369 845 438 dignus
871 359 1152 420 habearis"
1177 373 1335 428 quam
1361 357 1724 413 defensionem
1767 354 2004 425 proferre

428 463 644 535 possis?
688 461 796 514 imo
823 456 1001 527 potius
1037 466 1170 521 quas
1198 465 1380 520 poenas
1405 465 1510 503 non
1538 448 1653 501 lues
1674 488 1688 511 ,
1719 462 1839 501 cum
1885 455 2006 515 post

420 562 628 610 tantum
680 549 877 604 donum
923 545 987 599 ad
1035 544 1264 613 priorem
1318 538 1573 592 vomitum
1621 536 1845 591 curras?
1888 535 2002 590 Non

422 641 568 698 enim
610 639 748 694 ultra
780 645 838 691 ut
885 636 1043 688 homo
1068 675 1083 696 ,
1128 631 1222 685 sed
1267 637 1322 682 ut
1351 627 1487 682 filius
1538 627 1628 681 Dei
1660 636 2002 696 peccatorum

422 745 613 801 poenas
641 727 791 784 dabis
815 767 830 794 ,
883 725 1080 790 tibique
1112 719 1328 773 honoris
1371 715 1678 786 magnitudo
1719 715 1785 769 ad
1833 713 2005 783 majus

421 818 741 890 supplicium
771 817 908 868 viam
941 809 1166 882 parabit.
1213 806 1486 876 Siquidem
1533 818 1669 868 nos,
1724 811 2005 873 peccantes

421 899 633 978 serves,
665 918 719 964 et
740 907 875 961 filios
905 903 1273 971 delinquentes
1303 913 1408 951 non
1456 897 1567 966 pari
1612 895 1871 966 supplicio
1897 895 2008 963 ple-

419 1002 773 1063 ctimus,cum
802 995 1032 1050 maxime
1056 993 1128 1045 illi
1159 1005 1344 1059 magna
1369 996 1488 1042 sunt
1515 1002 1544 1040 a
1575 987 1727 1040 nobis
1751 986 2006 1040 beneficia

422 1088 756 1159 consequuti.
785 1085 916 1140 Nam
944 1083 987 1136 si
1016 1083 1060 1135 is
1081 1079 1172 1150 qui
1203 1077 1504 1148 paradisum
1531 1076 1582 1128 in
1611 1084 1807 1128 sortem
1849 1089 2004 1128 acce-

422 1187 592 1249 perat,
630 1177 774 1248 quod
799 1174 962 1230 semel
1004 1182 1366 1240 transgressus
1387 1175 1531 1223 esset
1554 1209 1566 1228 ,
1593 1175 1733 1219 tanta
1761 1174 1880 1234 post
1907 1165 2006 1217 ho-

421 1286 607 1324 norem
636 1268 857 1338 pertulit
886 1266 1022 1319 mala
1047 1282 1060 1329 ;
1093 1277 1191 1316 nos
1217 1261 1304 1331 qui
1333 1261 1521 1314 ca31um
1549 1258 1853 1325 accepimus
1885 1297 1900 1319 ,
1928 1264 2010 1308 at-

421 1378 527 1432 que
556 1360 826 1430 Unigeniti
856 1355 1151 1412 coheredes
1177 1353 1299 1406 facti
1323 1366 1539 1412 sumus,
1570 1363 1726 1417 quam
1754 1348 2009 1415 impetra-

423 1453 600 1506 bimus
631 1451 835 1504 veniam
863 1488 877 1512 ,
906 1447 950 1500 si
971 1446 1037 1498 ad
1066 1450 1367 1511 serpentem
1410 1440 1592 1493 relicta
1611 1437 1854 1490 colmnba
1883 1451 2008 1489 cur-

426 1539 647 1593 ramus?
673 1537 786 1592 Non
816 1529 956 1589 cnim
986 1533 1120 1587 ultra
1150 1531 1447 1584 audiemus.
1479 1527 1633 1580 Terra
1659 1543 1728 1588 es,
1755 1534 1800 1577 et
1828 1525 1878 1577 in
1900 1534 2005 1576 ter-

425 1647 540 1684 ram
562 1629 818 1682 reverteris
846 1625 996 1698 (Gen.
1043 1625 1097 1678 5.
1130 1619 1243 1693 19),
1275 1635 1445 1688 neque
1491 1617 1790 1686 Operaberis
1828 1627 2010 1668 terram

429 1723 582 1794 (Gen.
614 1723 666 1777 4.
703 1719 808 1791 12)
836 1761 851 1786 ,
880 1718 963 1772 vel
989 1717 1090 1770 alia
1119 1715 1243 1769 olim
1270 1713 1431 1776 dicta,
1465 1710 1558 1764 scd
1585 1709 1744 1777 longe
1774 1707 1858 1773 bis
1892 1721 2010 1775 gra-

430 1815 580 1867 viora
607 1854 621 1877 ,
653 1812 896 1866 tenebras
922 1808 1217 1864 exteriores
1240 1845 1255 1870 ,
1298 1801 1506 1856 vincula
1540 1799 1854 1860 insolubilia,
1889 1812 2010 1849 ver-

427 1921 568 1958 mem
593 1916 937 1963 venenosum,
964 1897 1244 1952 stridorem
1265 1892 1530 1949 dentium;
1553 1898 1608 1942 et
1632 1887 1749 1956 jure
1772 1886 2008 1956 quidem.

427 1999 526 2066 Qui
554 1998 692 2052 enim
722 2011 820 2049 nec
849 2001 971 2062 post
998 1999 1201 2044 tantum
1230 1983 1546 2040 beneficium
1577 1980 1767 2034 melior
1795 1977 2008 2042 evadit,

421 2089 542 2159 jure
568 2096 834 2143 extremas
876 2091 931 2136 ct
967 2080 1310 2152 gravissimas
1354 2086 1540 2144 ptenas
1577 2070 1744 2124 dabit.
1791 2068 2013 2136 Aperuit

427 2181 555 2234 olim
597 2187 650 2232 ct
673 2176 866 2231 clausit
894 2164 1082 2229 caelum
1113 2170 1274 2231 Elias,
1305 2165 1400 2221 sed
1433 2165 1503 2218 ita
1544 2169 1603 2216 ut
1641 2161 1868 2230 pluviam
1915 2167 2007 2212 aut

427 2269 731 2323 demitteret
774 2275 866 2318 aut
896 2263 1150 2316 retineret
1177 2256 1254 2329 (5.
1287 2255 1414 2325 Reg.
1449 2253 1540 2322 17)
1569 2269 1582 2305 :
1612 2251 1703 2305 tibi
1734 2264 1860 2303 vero
1905 2263 2009 2302 non

428 2360 500 2414 ita
531 2357 720 2412 cazlum
762 2353 1000 2422 aperitur
1025 2393 1041 2419 ,
1072 2349 1164 2404 sed
1197 2355 1252 2401 ut
1281 2345 1405 2399 illuc
1432 2341 1720 2403 ascendas;
1765 2338 2014 2422 quodque

428 2449 600 2518 majus
638 2455 756 2512 est,
804 2459 908 2498 non
956 2452 1012 2495 ut
1055 2437 1317 2493 ascendas
1363 2443 1568 2509 tantum
1594 2473 1609 2497 ,
1641 2431 1737 2484 sed
1772 2416 1840 2483 'ut
1879 2428 2014 2482 alios

429 2542 592 2595 etiam
623 2549 796 2592 tecum
825 2535 1010 2597 ducas,
1042 2531 1086 2586 si
1119 2528 1275 2590 velis,
1311 2533 1508 2580 tantam
1533 2521 1627 2576 tibi
1670 2521 1722 2574 in
1750 2519 1861 2572 suis
1891 2534 2016 2571 om~

429 2631 589 2685 nibus
613 2628 859 2682 ﬁduciam
903 2631 956 2678 et
997 2627 1313 2690 potestatem
1355 2613 1518 2668 dedit.
1550 2610 1810 2676 Quoniam
1855 2608 2016 2677 igitur

429 2721 503 2776 ibi
532 2720 722 2776 domus
749 2723 929 2770 nostra
957 2722 1056 2775 est,
1089 2710 1196 2762 illic
1216 2705 1394 2762 omnia
1420 2703 1771 2771 deponamus,
1799 2707 1852 2753 et
1882 2697 2012 2750 nihil

433 2812 522 2866 hic
551 2811 934 2877 relinquamus,
969 2819 1035 2858 ne
1065 2802 1152 2855 illa
1174 2798 1480 2870 perdamus.
1511 2793 1608 2847 llic
1635 2793 1776 2847 enim
1805 2789 2011 2845 etiamsi

431 2903 639 2957 clavem
665 2898 919 2952 adhibeas
945 2937 959 2958 ,
990 2903 1044 2948 et
1071 2901 1251 2961 portas
1277 2897 1331 2944 et
1355 2897 1564 2951 vectes,
1595 2886 1638 2938 si
1665 2883 1810 2938 mille
1831 2897 2014 2936 servos

430 2994 589 3046 sistas
612 3032 628 3056 ,
674 2997 731 3044 ct
764 2987 1098 3041 insidiatores
1127 2994 1316 3037 omnes
1343 2977 1578 3033 declines
1598 3017 1613 3042 ,
1643 2975 1848 3030 etiamsi
1881 2974 2015 3027 invi-

430 3083 621 3136 dorum
653 3075 835 3134 oéulos
864 3076 1105 3145 cll'ugias,
1134 3073 1232 3127 etsi
1264 3071 1452 3132 tineas,
1481 3067 1692 3122 etiamsi
1723 3065 2013 3133 perniciem

437 3187 595 3242 quam
625 3178 862 3223 vetustas
882 3165 1039 3220 affert
1066 3205 1081 3228 ,
1113 3161 1252 3232 quod
1283 3171 1457 3213 tamen
1491 3157 1602 3211 fieri
1635 3155 1837 3224 nequit,
1867 3170 2012 3206 mor—

431 3272 540 3316 tem
568 3269 713 3314 certe
744 3273 848 3312 non
878 3255 1099 3325 effugies
1124 3295 1137 3316 ,
1184 3265 1394 3320 unoque
1446 3245 1700 3315 temporis
1742 3252 2014 3298 momento

438 3353 555 3406 haec
583 3350 760 3404 omnia
807 3345 1113 3401 auferentur
1144 3360 1157 3397 :
1204 3356 1303 3396 nec
1334 3338 1493 3393 modo
1521 3336 1833 3390 auferentur
1853 3374 1866 3392 .
1919 3333 2012 3386 sed

431 3445 591 3500 etiam
638 3458 779 3511 smpe
811 3441 862 3494 in
892 3453 1080 3492 manus
1109 3435 1447 3489 inimicorum
1481 3429 1772 3483 tradentur.
1801 3426 1856 3479 Si
1885 3439 2014 3478 vero

431 3538 484 3589 in
513 3534 729 3588 domum
770 3531 912 3583 illam
954 3527 1316 3583 transmittas,
1352 3519 1599 3575 omnibus
1648 3515 1729 3569 his
1769 3514 2014 3582 superior

430 3626 560 3679 eris.
602 3622 783 3690 Neque
807 3619 948 3673 enim
978 3617 1157 3670 claves
1182 3652 1196 3674 ,
1238 3612 1323 3665 vel
1363 3619 1564 3678 portas,
1597 3607 1679 3660 vel
1705 3615 1885 3658 vectes
1912 3603 2010 3656 ad-

433 3713 620 3767 hibere
648 3717 898 3778 oportet;
941 3720 1108 3773 usque
1149 3702 1283 3755 adeo
1309 3699 1510 3753 munita
1549 3706 1631 3750 est
1672 3695 1760 3750 illa
1788 3695 1974 3748 civitas
1995 3735 2009 3758 ,

436 3814 544 3858 tam
575 3797 1007 3870 inexpugnabilis
1032 3795 1201 3856 locus,
1227 3800 1330 3844 tam
1359 3789 1662 3843 inacccssus
1686 3784 2010 3854 corruptioni

431 3906 486 3949 ct
513 3890 849 3961 malignitati.

499 3984 554 4038 5.
596 3985 787 4035 Annon
832 3983 1084 4032 extremm
1124 3969 1405 4026 dementia:
1432 3978 1548 4027 est,
1582 3967 1652 4019 ibi
1697 3967 1874 4019 omnia
1915 3978 2004 4018 ac-

430 4075 703 4128 cumulare
727 4071 814 4123 ubi
845 4067 1087 4136 deposita
1116 4070 1338 4133 pereunt
1376 4069 1429 4114 et
1450 4065 1885 4126 corrumpuntur,
1918 4055 2008 4109 ubi

429 4183 560 4222 vero
607 4167 806 4218 intacta
856 4166 1074 4213 manent
1119 4165 1173 4210 et
1198 4162 1492 4224 augentur,
1527 4151 1595 4203 ibi
1628 4164 1694 4203 ne
1737 4147 2008 4202 minimam

430 4274 616 4313 eorum
649 4263 858 4325 partem
885 4252 1187 4320 deponere,
1216 4259 1336 4299 cum
1367 4243 1597 4296 maxime
1643 4241 1711 4296 ibi
1741 4241 1858 4294 sine
1903 4239 2007 4293 fine

431 4349 622 4403 victuri
678 4343 884 4398 simus?
931 4341 1052 4394 Ideo
1093 4336 1320 4408 gentiles
1371 4331 1526 4385 fidem
1560 4338 1756 4400 negant
1802 4329 1867 4382 iis
1893 4342 2010 4396 qua!

441 4440 670 4495 dicimus
703 4455 715 4489 :
746 4449 865 4488 nam
897 4449 960 4488 ex
1012 4429 1196 4491 factis,
1231 4441 1336 4479 non
1366 4443 1432 4480 ex
1474 4423 1627 4476 dictis
1672 4421 2010 4475 demonstra-

1133 243 1189 299 S.
1231 243 1509 300 JOANNIS
1544 239 2020 300 CHRYSOSTOMI
2057 243 2373 302 ARCHIEP.
2414 246 2948 303 CONSTANTINOP.

3580 249 3686 304 208

2113 356 2311 411 tionem
2355 372 2384 410 a
2436 359 2589 412 nobis
2619 357 2839 427 exigunt
2871 376 2884 410 τ
2911 372 2974 412 ac
3001 372 3122 412 cum
3173 357 3358 413 vident
3401 377 3500 416 nos
3544 362 3688 418 aedes

2110 455 2384 502 exstruere
2409 449 2742 518 splendidas,
2771 449 2958 503 hortos
2984 449 3255 505 etlbalnea
3280 466 3470 519 parare
3489 496 3504 517 ,
3533 468 3686 524 agros

2111 553 2310 602 emere,
2342 538 2527 593 nolunt
2565 539 2791 594 credere
2837 554 2933 594 nos
2963 541 3260 609 profectum
3293 542 3344 596 in
3373 542 3534 596 aliam
3563 545 3683 598 civi-

2113 635 2272 681 tatem
2305 643 2514 697 parare.
2561 629 2690 683 Nam
2737 631 2782 684 si
2833 631 2902 684 ita
2945 639 3119 694 esset,
3153 632 3336 697 aiunt,
3364 633 3540 687 omnia
3573 650 3692 703 qua:

2112 715 2200 771 hic
2226 716 2426 772 habent
2455 719 2507 771 in
2551 728 2827 788 argentum
2873 729 3230 787 commutata,
3279 722 3387 776 illic
3423 723 3692 792 deponere

2115 817 2526 877 praeverterent;
2572 811 3037 880 conjecturamque
3083 812 3284 867 ducunt
3323 829 3387 868 ex
3439 815 3538 881 iis,
3574 831 3693 885 quae

2114 897 2202 954 hic
2229 901 2342 953 ﬁeri
2389 901 2585 955 solent.
2613 879 2990 969 Opulentiores
3014 903 3209 973 quippe
3235 903 3476 960 videmus
3507 879 3560 959 in
3585 879 3704 960 illis

2113 990 2346 1044 maxime
2367 991 2586 1044 urbibus
2616 991 2804 1046 domos
2824 1034 2838 1056 ,
2884 1005 3044 1061 agros
3063 1031 3078 1056 ,
3104 993 3311 1062 aliaque
3334 995 3511 1048 omnia
3539 1008 3690 1048 com-

2115 1096 2303 1150 parare
2328 1121 2341 1146 ,
2371 1083 2422 1135 in
2444 1083 2636 1151 quibus
2680 1085 2838 1138 sedes
2866 1085 3084 1152 posituri
3118 1095 3243 1138 sunt
3271 1099 3285 1137 :
3315 1085 3410 1139 sed
3437 1100 3535 1140 nos
3557 1101 3692 1140 eon-

2115 1181 2195 1227 tra
2220 1173 2461 1238 facimus,
2489 1188 2705 1240 terram,
2728 1191 2885 1245 quam
2917 1176 3194 1244 paulopost
3214 1176 3453 1231 relicturi
3480 1191 3689 1242 sumus,

2116 1278 2308 1332 magno
2329 1279 2451 1318 cum
2479 1265 2656 1318 studio
2682 1266 3015 1334 possidemus
3033 1307 3048 1328 ,
3077 1281 3176 1321 nec
3219 1267 3470 1333 pecunias
3495 1267 3654 1322 modo
3675 1308 3690 1332 ,

2115 1351 2210 1406 scd
2257 1354 2569 1422 sanguinem
2597 1357 2756 1410 etiam
2803 1371 2900 1424 pro
2931 1357 3110 1425 paucis
3158 1367 3316 1410 terra:
3339 1357 3615 1427 jugeribus
3640 1367 3694 1412 et

2116 1441 2361 1496 domibus
2387 1443 2690 1509 fundimus;
2721 1445 2786 1500 ad
2815 1447 3002 1500 carlum
3031 1462 3158 1501 vero
3181 1448 3595 1516 comparandum
3621 1464 3691 1502 ne

2116 1537 2381 1604 superflua
2432 1539 2647 1606 quidem
2696 1555 2916 1608 erogare
2972 1540 3247 1603 volumus,
3301 1541 3508 1595 etiamsi
3564 1541 3693 1596 illud

2117 1640 2286 1694 parvo
2313 1629 2486 1696 pretio
2515 1637 2723 1683 ematur
2748 1670 2762 1692 ,
2787 1637 2843 1684 et
2890 1630 2943 1684 in
2989 1629 3374 1697 sempiternum
3425 1631 3694 1700 possidea-

2118 1726 2222 1785 tur,
2248 1721 2293 1775 si
2314 1736 2575 1778 emamus.
2609 1723 2896 1791 Propterea
2922 1733 3191 1777 extremas
3215 1721 3460 1776 dabimus
3485 1739 3695 1793 pmnas,

2115 1827 2234 1867 cum
2263 1812 2388 1867 nudi
2416 1823 2470 1868 et
2491 1828 2751 1882 pauperes
2771 1829 2836 1868 eo
2865 1813 3226 1883 migrabimus;
3255 1813 3364 1867 imo
3389 1814 3568 1883 potius
3589 1829 3696 1869 non

2116 1903 2186 1957 ob
2212 1911 2576 1974 paupertatem
2607 1913 2865 1968 nostram,
2893 1903 2987 1957 sed
3015 1903 3156 1972 quod
3186 1903 3320 1958 alios
3347 1902 3399 1956 in
3427 1905 3567 1958 hanc
3593 1905 3697 1958 mi-

2116 1996 2308 2050 seriam
2337 1996 2749 2064 conjecerimus,
2780 1994 3098 2049 intolerabili
3131 1994 3418 2048 calamitati
3443 1993 3697 2064 subjicie-

2119 2101 2257 2139 mur.
2286 2086 2416 2140 Nam
2437 2077 2584 2140 "cum
2627 2087 2856 2155 gentiles
2900 2085 3115 2140 videant
3138 2085 3222 2140 his
3269 2085 3462 2145 studiis
3489 2086 3698 2142 deditos

2119 2177 2279 2232 tantis
2307 2176 2409 2232 frui
2439 2177 2710 2247 mysteriis
2739 2194 2752 2229 :
2785 2176 2952 2229 multo
2997 2176 3166 2246 magis
3192 2185 3248 2230 et
3295 2176 3392 2245 ipsi
3425 2177 3698 2245 praecuti-

2118 2268 2218 2322 hus
2243 2269 2403 2324 rebus
2441 2268 2772 2333 addicentur,
2822 2268 3090 2336 ingentem
3133 2267 3308 2335 ignem
3341 2280 3499 2335 supra
3544 2275 3700 2334 caput

2120 2369 2362 2415 nostrum
2391 2360 2808 2414 accumulantes.
2851 2357 2984 2413 Cum
3017 2358 3157 2411 cnim
3185 2373 3307 2423 nos,
3341 2357 3431 2425 qui
3461 2371 3698 2425 praesen-

2120 2450 2253 2503 tium
2276 2463 2455 2503 rerum
2498 2457 2867 2516 contemptum
2915 2447 3035 2501 illos
3061 2446 3254 2500 docere
3278 2445 3559 2510 debemus,
3589 2459 3702 2499 ma-

2124 2539 2268 2593 xime
2295 2539 2532 2592 omnium
2566 2539 2776 2592 illarum
2808 2538 2859 2592 io
2891 2538 2970 2592 eis
2995 2535 3340 2605 cupiditatem
3365 2536 3662 2590 excitemus
3681 2574 3699 2598 ,

2119 2628 2386 2696 quomodo
2430 2630 2653 2682 salutem
2697 2626 2948 2694 consequi
2993 2626 3302 2692 poterimus,
3347 2624 3439 2694 qui
3478 2624 3702 2678 aliorum

2124 2719 2374 2788 perniciei
2422 2735 2608 2792 poenas
2659 2720 2838 2774 subire
2867 2719 3195 2773 debeamus?
3223 2717 3338 2772 Non
3365 2718 3520 2772 audis
3549 2718 3702 2772 Chri-

2122 2819 2261 2862 stum
2287 2809 2554 2864 dicentem
2575 2850 2588 2872 ,
2621 2825 2679 2864 se
2706 2825 2803 2878 pro
2832 2809 2945 2863 sale
2972 2819 3026 2864 et
3073 2808 3404 2876 lampadibus
3442 2823 3540 2862 nos
3573 2808 3701 2862 reli-

2122 2900 2302 2968 quisse
2333 2901 2386 2952 in
2437 2902 2538 2954 hoc
2585 2901 2784 2954 mundo
2805 2941 2819 2965 ,
2853 2909 2910 2953 nt
2937 2900 3211 2969 voluptate
3237 2899 3542 2954 difﬂuentes
3570 2913 3700 2953 conc

2098 2990 2446 3059 'stringamus
2466 3033 2478 3054 ,
2509 3000 2561 3045 et
2595 2991 2831 3059 pecuniae
2861 2990 3051 3044 studiis
3094 2989 3472 3044 obtenebratos
3499 2989 3699 3044 illumi-

2124 3080 2354 3135 nemus?
2384 3080 2437 3135 Si
2467 3096 2597 3150 ergo
2627 3082 2747 3135 illos
2772 3082 2940 3150 magis
2965 3081 3016 3134 in
3050 3081 3301 3135 tenebras
3329 3080 3701 3149 conjiciamus,

2123 3181 2177 3224 et
2204 3171 2479 3227 molliores
2505 3171 2813 3240 reddamus,
2843 3188 2963 3241 qua:
2994 3171 3147 3225 nobis
3191 3185 3314 3242 spes
3345 3170 3533 3225 salutis
3552 3171 3703 3224 erit?

2121 3261 2317 3315 Nulla:
2346 3261 2438 3315 sed
2485 3262 2751 3329 ejulantes
2792 3271 2846 3316 et.
2883 3261 3132 3316 dentibus
3175 3260 3481 3325 stridentes,
3532 3260 3704 3330 ligatis

2124 3356 2346 3426 pedibus
2374 3354 2727 3422 manibusque
2755 3354 2807 3406 in
2836 3353 3098 3422 gehennze
3127 3352 3299 3416 ignem
3331 3353 3701 3420 conjiciemur,

2122 3456 2400 3516 postquam
2423 3445 2728 3499 divitiarum
2750 3444 3053 3499 sollicitudo
3081 3457 3180 3497 nos
3201 3443 3357 3512 plane
3386 3443 3699 3498 confecerit.

2121 3539 2247 3594 Haec
2288 3540 2466 3608 itaque
2495 3538 2790 3606 cogitantes
2812 3575 2827 3600 ,
2854 3535 3032 3588 omnia
3077 3535 3198 3588 talis
3239 3533 3463 3589 fallacia:
3494 3535 3702 3587 vincula

2121 3631 2420 3691 solvamus,
2459 3645 2526 3682 ne
2553 3629 2604 3680 in
2635 3626 2722 3680 illa
2748 3624 3047 3679 incidamus
3071 3639 3192 3694 quae
3217 3623 3322 3692 igni
3351 3623 3705 3690 inexstingui-

2122 3723 2212 3777 bili
2241 3738 2338 3778 nos
2365 3721 2617 3776 traditura
2640 3728 2781 3775 sunt.
2821 3715 2952 3769 Nam
2983 3718 3068 3786 qui
3099 3716 3299 3770 divitiis
3325 3715 3510 3778 servit,
3530 3725 3585 3769 et
3609 3728 3704 3769 ca-

2123 3816 2260 3870 tenis
2285 3815 2391 3880 hic,
2409 3825 2465 3871 et
2491 3816 2696 3870 catenis
2722 3815 2828 3869 illic
2846 3821 3101 3883 perpetuo
3125 3807 3412 3863 adstrictus
3435 3806 3538 3860 erit
3568 3827 3581 3859 :
3609 3806 3700 3874 qui

2119 3917 2296 3964 autem
2343 3908 2410 3963 ab
2436 3907 2536 3962 hac
2574 3905 2864 3976 cupiditate
2905 3904 3040 3957 liber
3059 3907 3172 3965 est,
3205 3907 3430 3966 utraque
3460 3896 3704 3951 libertate

2122 4005 2353 4074 potietur
2381 4021 2394 4056 :
2423 4017 2580 4071 quam
2609 4010 2668 4056 ut
2699 4016 2795 4055 nos
2823 4013 3035 4070 quoque
3064 4009 3436 4065 assequamur,
3467 3990 3703 4045 contrito

2121 4095 2267 4164 gravi
2297 4094 2390 4148 illo
2415 4092 2652 4148 avaritia:
2675 4092 2803 4161 jngo
2825 4131 2838 4154 ,
2868 4089 2935 4143 ad
2965 4091 3153 4143 caalum
3201 4084 3453 4138 advolare
3475 4088 3700 4135 conten-

2119 4190 2344 4255 damus,
2395 4187 2567 4257 gratia
2617 4194 2673 4240 et
2722 4182 3048 4252 benignitate
3097 4178 3303 4232 Domini
3359 4174 3526 4229 nostri
3574 4171 3702 4226 Jesu

2118 4280 2350 4346 Christi,
2375 4279 2458 4333 cui
2480 4277 2647 4348 gloria
2677 4284 2730 4331 et
2759 4272 3037 4342 imperium
3065 4270 3117 4323 in
3145 4269 3339 4322 saecula
3361 4264 3700 4320 sateulorum.

2119 4373 2311 4424 Amen.

429 4525 3697 4590 ___________________________._________._____——__

1782 4666 2127 4727 HOMILIA
2172 4661 2349 4722 XIII.

423 4832 552 4886 CAP.
584 4831 636 4884 4.
668 4845 715 4881 v.
752 4830 799 4883 l.
834 4825 974 4880 Tunc
995 4821 1147 4877 Jesns
1172 4819 1352 4872 ductus
1381 4824 1450 4870 est
1478 4815 1532 4867 in
1555 4811 1803 4866 desertum
1825 4825 1858 4861 a
1885 4807 2008 4877 Spi-

810 4920 910 4970 ritu
928 4959 942 4979 ,
971 4928 1023 4969 ut
1051 4923 1322 4968 tentaretur
1343 4927 1373 4962 a
1403 4905 1624 4961 diabolo.

495 5015 548 5067 1.
581 5009 683 5064 Cur
710 5009 939 5063 Christus
965 5005 1145 5060 tentari
1165 5013 1210 5056 et
1229 5002 1466 5072 jeiunare
1488 4995 1720 5050 voluerit.
1743 4990 2007 5044 Tentatio-

422 5105 502 5156 nis
550 5105 770 5172 fructus.
805 5096 1203 5165 lntemperantia
1248 5092 1480 5146 vitiorum
1527 5085 1699 5140 radix.
1727 5081 2005 5143 —Tunc;

419 5192 808 5266 quandonam?
839 5198 958 5258 post
996 5187 1316 5241 descensum
1361 5183 1508 5236 illum
1549 5179 1780 5248 Spiritus
1801 5175 2005 5238 sancti,

425 5265 548 5360 post
574 5301 760 5341 vocem
793 5283 935 5337 illam
967 5294 1201 5350 superne
1225 5277 1455 5331 delatam
1485 5282 1541 5328 et
1564 5273 1828 5325 dicentem
1860 5286 1874 5320 :
1908 5265 2008 5318 llic

418 5358 496 5434 est
523 5378 688 5432 Filius
715 5392 847 5430 nacus
876 5373 1110 5437 dilectus,
1139 5372 1191 5423 in
1213 5385 1311 5438 quo
1337 5365 1460 5418 mihi
1481 5362 1766 5432 complacui
1788 5358 2002 5432 (Matth.

423 5473 477 5526 5.
514 5472 620 5534 l7).
651 5467 911 5535 Quodque
955 5464 1146 5518 mirum
1179 5468 1294 5522 cst,
1341 5473 1368 5512 a
1415 5455 1616 5526 Spiritu
1664 5461 1890 5506 sancto:
1923 5448 2006 5501 hic

423 5561 568 5615 cnim
593 5561 765 5630 ipsum
821 5553 1042 5609 adduxit
1089 5551 1235 5605 illuc.
1265 5548 1398 5613 Quia
1440 5546 1582 5601 enim
1613 5542 1790 5597 omnia
1821 5537 1887 5592 ad
1915 5538 2006 5590 do-

423 5649 652 5703 cendum
679 5663 776 5703 nos
802 5646 927 5701 fecit
952 5650 1005 5700 et
1033 5655 1222 5712 passus
1249 5646 1332 5695 est
1353 5678 1367 5704 ,
1397 5635 1523 5692 illuc
1543 5632 1774 5697 adduci,
1801 5637 1855 5685 ct
1879 5641 2001 5683 cum

2122 4801 2338 4856 diabolo
2367 4811 2597 4869 pugnam
2623 4793 2962 4850 committere
2992 4787 3196 4850 voluit,
3237 4792 3296 4838 ut
3333 4780 3700 4850 unusquisque

2118 4892 2505 4963 baptizatorum
2527 4929 2542 4954 ,
2574 4887 2618 4941 si
2667 4895 2787 4954 post
2828 4881 3150 4950 baptismum
3182 4875 3414 4943 majores
3435 4871 3699 4927 sustineat

2118 4985 2456 5045 tentationes,
2485 4994 2569 5032 ne-
2599 4978 2874 5039 turbetur,
2906 4971 3056 5041 quasi
3102 4968 3427 5036 insperatam
3455 4977 3567 5016 rem
3599 4975 3697 5013 ex-

2117 5084 2318 5144 pertus,
2350 5071 2442 5126 sed
2471 5077 2682 5123 maneat
2724 5066 2931 5119 fortiter
2957 5060 3136 5114 omnia
3181 5057 3393 5119 ferens,
3421 5061 3606 5120 utpote
3638 5064 3698 5101 re

2115 5142 2404 5220 secundum
2431 5169 2629 5214 rectam
2658 5155 2849 5209 seriem
2879 5151 3175 5206 accidente.
3225 5143 3434 5200 Etenim
3463 5142 3584 5196 ideo
3611 5156 3698 5194 ar-

2116 5271 2201 5310 ma
2228 5252 2514 5321 accepisti;
2567 5256 2758 5304 nonut
2803 5243 3011 5308 otieris,
3051 5239 3146 5295 sed
3192 5249 3414 5307 pugnes.
3458 5231 3582 5286 ldeo
3616 5231 3698 5284 in-

2113 5353 2365 5417 gruentes
2400 5340 2721 5394 tentationes
2747 5351 2852 5391 non
2884 5332 3107 5403 impedit
3149 5329 3289 5382 Deus
3321 5343 3335 5379 :
3367 5324 3537 5394 primo
3580 5321 3697 5390 qui-

2113 5412 2236 5495 dem
2267 5447 2324 5491 ut
2347 5435 2522 5489 discas
2555 5441 2607 5486 te
2629 5430 2799 5486 multo
2823 5427 3096 5482 fortiorem
3138 5420 3367 5482 factum;
3397 5412 3592 5470 deinde
3633 5419 3694 5464 ut

2116 5530 2392 5585 moderate
2417 5525 2593 5595 sapias
2614 5564 2630 5589 ,
2678 5535 2855 5590 neque
2895 5517 3158 5573 donorum
3199 5501 3568 5578 magnitudine
3595 5515 3690 5554 ex-

2114 5621 2338 5688 tollaris,
2368 5633 2488 5676 cum
2511 5625 2563 5673 te
2591 5615 2916 5671 tentationes
2945 5605 3269 5676 reprimant;
3299 5599 3366 5654 ad
3397 5598 3510 5654 hac
3541 5607 3692 5657 vero,
