  <div class='ocr_page' id='page_1' title='image "/cluster/home/n/w/nwhite01/storage/ocr_20150623/57/mdp.39015008622600/136.png"; bbox 0 0 4076 6150; ppageno 0'>
   <div class='ocr_carea' id='block_1_1' title="bbox 426 275 532 330">
    <p class='ocr_par' dir='ltr' id='par_1_1' title="bbox 426 275 532 330">
     <span class='ocr_line' id='line_1_1' title="bbox 426 275 532 330; baseline -0.019 0"><span class='ocrx_word' id='word_1_1' title='bbox 426 275 532 330; x_wconf 71' lang='lat'><strong>207</strong></span> 
     </span>
    </p>
   </div>
   <div class='ocr_carea' id='block_1_2' title="bbox 427 385 2012 463">
    <p class='ocr_par' dir='ltr' id='par_1_2' title="bbox 427 385 2012 463">
     <span class='ocr_line' id='line_1_2' title="bbox 427 385 2012 463; baseline 0.003 -19"><span class='ocrx_word' id='word_1_2' title='bbox 427 387 844 456; x_wconf 82' lang='grc' dir='ltr'>ἀπολαύσωμεν.</span> <span class='ocrx_word' id='word_1_3' title='bbox 871 385 1138 440; x_wconf 82' lang='grc' dir='ltr'>Τοιούτων</span> <span class='ocrx_word' id='word_1_4' title='bbox 1169 389 1347 442; x_wconf 83' lang='grc' dir='ltr'>τοίνυν</span> <span class='ocrx_word' id='word_1_5' title='bbox 1375 391 1583 458; x_wconf 82' lang='grc' dir='ltr'>μέλλων</span> <span class='ocrx_word' id='word_1_6' title='bbox 1609 393 1855 463; x_wconf 80' lang='grc' dir='ltr'>μετέχειν</span> <span class='ocrx_word' id='word_1_7' title='bbox 1876 396 2012 463; x_wconf 80' lang='grc' dir='ltr'>ἀγα-</span> 
     </span>
    </p>
   </div>
   <div class='ocr_carea' id='block_1_3' title="bbox 427 471 2012 547">
    <p class='ocr_par' dir='ltr' id='par_1_3' title="bbox 427 471 2012 547">
     <span class='ocr_line' id='line_1_3' title="bbox 427 471 2012 547; baseline 0.004 -21"><span class='ocrx_word' id='word_1_8' title='bbox 427 474 558 534; x_wconf 82' lang='grc' dir='ltr'>θῶν,</span> <span class='ocrx_word' id='word_1_9' title='bbox 595 473 892 542; x_wconf 73' lang='grc' dir='ltr'>χρημάτων</span> <span class='ocrx_word' id='word_1_10' title='bbox 921 488 1010 540; x_wconf 86' lang='grc' dir='ltr'>μοι</span> <span class='ocrx_word' id='word_1_11' title='bbox 1045 471 1340 544; x_wconf 82' lang='grc' dir='ltr'>μέμνησαι,</span> <span class='ocrx_word' id='word_1_12' title='bbox 1367 477 1461 528; x_wconf 72' lang='grc' dir='ltr'>καὶ</span> <span class='ocrx_word' id='word_1_13' title='bbox 1491 479 1589 546; x_wconf 81' lang='grc' dir='ltr'>τῆς</span> <span class='ocrx_word' id='word_1_14' title='bbox 1617 479 1850 531; x_wconf 88' lang='grc' dir='ltr'>ἐνταῦθα</span> <span class='ocrx_word' id='word_1_15' title='bbox 1881 497 2012 547; x_wconf 86' lang='grc' dir='ltr'>φαν-</span> 
     </span>
    </p>
   </div>
   <div class='ocr_carea' id='block_1_4' title="bbox 426 553 2010 630">
    <p class='ocr_par' dir='ltr' id='par_1_4' title="bbox 426 553 2010 630">
     <span class='ocr_line' id='line_1_4' title="bbox 426 553 2010 630; baseline 0.004 -24"><span class='ocrx_word' id='word_1_16' title='bbox 426 556 617 614; x_wconf 83' lang='grc' dir='ltr'>τασίας</span> <span class='ocrx_word' id='word_1_17' title='bbox 646 553 846 625; x_wconf 86' lang='grc' dir='ltr'>ἀντέχῃ</span> <span class='ocrx_word' id='word_1_18' title='bbox 871 570 884 615; x_wconf 91' lang='grc'>;</span> <span class='ocrx_word' id='word_1_19' title='bbox 911 553 1004 606; x_wconf 79' lang='grc' dir='ltr'>καὶ</span> <span class='ocrx_word' id='word_1_20' title='bbox 1043 555 1106 606; x_wconf 91' lang='grc' dir='ltr'>οὐ</span> <span class='ocrx_word' id='word_1_21' title='bbox 1145 556 1388 624; x_wconf 74' lang='grc' dir='ltr'>νομίζεις</span> <span class='ocrx_word' id='word_1_22' title='bbox 1418 557 1634 611; x_wconf 78' lang='grc' dir='ltr'>ἅπαντα</span> <span class='ocrx_word' id='word_1_23' title='bbox 1658 558 1725 611; x_wconf 86' lang='grc' dir='ltr'>τά</span> <span class='ocrx_word' id='word_1_24' title='bbox 1757 558 2010 630; x_wconf 82' lang='grc' dir='ltr'>ὁρώμενα</span> 
     </span>
    </p>
   </div>
   <div class='ocr_carea' id='block_1_5' title="bbox 416 635 2004 712">
    <p class='ocr_par' dir='ltr' id='par_1_5' title="bbox 416 635 2004 712">
     <span class='ocr_line' id='line_1_5' title="bbox 416 635 2004 712; baseline 0.004 -24"><span class='ocrx_word' id='word_1_25' title='bbox 416 639 532 688; x_wconf 84' lang='grc' dir='ltr'>τῶν</span> <span class='ocrx_word' id='word_1_26' title='bbox 571 636 665 688; x_wconf 93' lang='grc' dir='ltr'>τοῦ</span> <span class='ocrx_word' id='word_1_27' title='bbox 707 635 1130 707; x_wconf 82' lang='grc' dir='ltr'>προσαιτοῦντος</span> <span class='ocrx_word' id='word_1_28' title='bbox 1177 638 1382 707; x_wconf 79' lang='grc' dir='ltr'>ῥακίων</span> <span class='ocrx_word' id='word_1_29' title='bbox 1427 640 1786 712; x_wconf 84' lang='grc' dir='ltr'>εὐτελέστερα</span> <span class='ocrx_word' id='word_1_30' title='bbox 1831 637 2004 706; x_wconf 77' lang='grc' dir='ltr'>εἰναις</span> 
     </span>
    </p>
   </div>
   <div class='ocr_carea' id='block_1_6' title="bbox 427 715 2009 792">
    <p class='ocr_par' dir='ltr' id='par_1_6' title="bbox 427 715 2009 792">
     <span class='ocr_line' id='line_1_6' title="bbox 427 715 2009 792; baseline 0.006 -24"><span class='ocrx_word' id='word_1_31' title='bbox 427 717 533 768; x_wconf 76' lang='grc' dir='ltr'>Καὶ</span> <span class='ocrx_word' id='word_1_32' title='bbox 565 715 682 780; x_wconf 83' lang='grc' dir='ltr'>πῶς</span> <span class='ocrx_word' id='word_1_33' title='bbox 737 715 887 782; x_wconf 76' lang='grc' dir='ltr'>ἄξιος</span> <span class='ocrx_word' id='word_1_34' title='bbox 914 719 1130 790; x_wconf 78' lang='grc' dir='ltr'>φανήσῃ</span> <span class='ocrx_word' id='word_1_35' title='bbox 1161 717 1364 790; x_wconf 84' lang='grc' dir='ltr'>ταύτης</span> <span class='ocrx_word' id='word_1_36' title='bbox 1396 721 1495 789; x_wconf 83' lang='grc' dir='ltr'>τῆς</span> <span class='ocrx_word' id='word_1_37' title='bbox 1527 722 1725 792; x_wconf 83' lang='grc' dir='ltr'>τιμῆς;</span> <span class='ocrx_word' id='word_1_38' title='bbox 1768 723 1927 776; x_wconf 88' lang='grc' dir='ltr'>ποίαν</span> <span class='ocrx_word' id='word_1_39' title='bbox 1951 725 2009 776; x_wconf 84' lang='grc' dir='ltr'>δὲ</span> 
     </span>
    </p>
   </div>
   <div class='ocr_carea' id='block_1_7' title="bbox 424 797 2008 872">
    <p class='ocr_par' dir='ltr' id='par_1_7' title="bbox 424 797 2008 872">
     <span class='ocr_line' id='line_1_7' title="bbox 424 797 2008 872; baseline 0.004 -20"><span class='ocrx_word' id='word_1_40' title='bbox 424 801 568 864; x_wconf 76' lang='grc' dir='ltr'>ἔξεις</span> <span class='ocrx_word' id='word_1_41' title='bbox 614 799 911 868; x_wconf 87' lang='grc' dir='ltr'>ἀπολογίαν</span> <span class='ocrx_word' id='word_1_42' title='bbox 942 803 1136 863; x_wconf 84' lang='grc' dir='ltr'>εἰπεῖν,</span> <span class='ocrx_word' id='word_1_43' title='bbox 1180 802 1378 872; x_wconf 85' lang='grc' dir='ltr'>μᾶλλον</span> <span class='ocrx_word' id='word_1_44' title='bbox 1408 803 1466 855; x_wconf 88' lang='grc' dir='ltr'>δὲ</span> <span class='ocrx_word' id='word_1_45' title='bbox 1511 805 1671 857; x_wconf 88' lang='grc' dir='ltr'>ποίαν</span> <span class='ocrx_word' id='word_1_46' title='bbox 1715 805 1773 857; x_wconf 91' lang='grc' dir='ltr'>οὐ</span> <span class='ocrx_word' id='word_1_47' title='bbox 1818 797 2008 870; x_wconf 80' lang='grc' dir='ltr'>δώσεις</span> 
     </span>
    </p>
   </div>
   <div class='ocr_carea' id='block_1_8' title="bbox 423 881 2006 958">
    <p class='ocr_par' dir='ltr' id='par_1_8' title="bbox 423 881 2006 958">
     <span class='ocr_line' id='line_1_8' title="bbox 423 881 2006 958; baseline 0.007 -27"><span class='ocrx_word' id='word_1_48' title='bbox 423 881 598 953; x_wconf 88' lang='grc' dir='ltr'>δίκην,</span> <span class='ocrx_word' id='word_1_49' title='bbox 629 882 767 953; x_wconf 88' lang='grc' dir='ltr'>μετά</span> <span class='ocrx_word' id='word_1_50' title='bbox 794 885 1061 954; x_wconf 81' lang='grc' dir='ltr'>τοσαύτην</span> <span class='ocrx_word' id='word_1_51' title='bbox 1076 884 1283 956; x_wconf 78' lang='grc' dir='ltr'>δωρεάν</span> <span class='ocrx_word' id='word_1_52' title='bbox 1307 886 1398 937; x_wconf 76' lang='grc' dir='ltr'>ἐπὶ</span> <span class='ocrx_word' id='word_1_53' title='bbox 1414 887 1503 939; x_wconf 79' lang='grc' dir='ltr'>τὸν</span> <span class='ocrx_word' id='word_1_54' title='bbox 1525 887 1788 958; x_wconf 84' lang='grc' dir='ltr'>πρότερον</span> <span class='ocrx_word' id='word_1_55' title='bbox 1814 889 1839 940; x_wconf 88' lang='grc' dir='ltr'>ἐ</span> <span class='ocrx_word' id='word_1_56' title='bbox 1847 890 2006 958; x_wconf 85' lang='grc' dir='ltr'>μετὸν</span> 
     </span>
    </p>
   </div>
   <div class='ocr_carea' id='block_1_9' title="bbox 422 965 2007 1038">
    <p class='ocr_par' dir='ltr' id='par_1_9' title="bbox 422 965 2007 1038">
     <span class='ocr_line' id='line_1_9' title="bbox 422 965 2007 1038; baseline 0.007 -24"><span class='ocrx_word' id='word_1_57' title='bbox 422 965 667 1034; x_wconf 78' lang='grc' dir='ltr'>τρέχων;</span> <span class='ocrx_word' id='word_1_58' title='bbox 700 966 897 1018; x_wconf 79' lang='grc' dir='ltr'>Οὐκέτι</span> <span class='ocrx_word' id='word_1_59' title='bbox 928 966 1036 1036; x_wconf 90' lang='grc' dir='ltr'>γάρ</span> <span class='ocrx_word' id='word_1_60' title='bbox 1079 966 1155 1029; x_wconf 86' lang='grc' dir='ltr'>ὡς</span> <span class='ocrx_word' id='word_1_61' title='bbox 1196 967 1481 1038; x_wconf 81' lang='grc' dir='ltr'>ἄνθρωπος</span> <span class='ocrx_word' id='word_1_62' title='bbox 1529 970 1733 1033; x_wconf 85' lang='grc' dir='ltr'>ἀπλῶς,</span> <span class='ocrx_word' id='word_1_63' title='bbox 1777 971 1892 1024; x_wconf 88' lang='grc' dir='ltr'>ἀλλ’</span> <span class='ocrx_word' id='word_1_64' title='bbox 1930 973 2007 1036; x_wconf 88' lang='grc' dir='ltr'>ὼς</span> 
     </span>
    </p>
   </div>
   <div class='ocr_carea' id='block_1_10' title="bbox 423 1046 2006 1124">
    <p class='ocr_par' dir='ltr' id='par_1_10' title="bbox 423 1046 2006 1124">
     <span class='ocr_line' id='line_1_10' title="bbox 423 1046 2006 1124; baseline 0.007 -26"><span class='ocrx_word' id='word_1_65' title='bbox 423 1047 538 1110; x_wconf 81' lang='grc' dir='ltr'>υίὸς</span> <span class='ocrx_word' id='word_1_66' title='bbox 570 1046 709 1100; x_wconf 84' lang='grc' dir='ltr'>Θεοῦ</span> <span class='ocrx_word' id='word_1_67' title='bbox 747 1047 1010 1118; x_wconf 82' lang='grc' dir='ltr'>ἁμαρτὼν</span> <span class='ocrx_word' id='word_1_68' title='bbox 1043 1049 1270 1120; x_wconf 79' lang='grc' dir='ltr'>κολάζῃ,</span> <span class='ocrx_word' id='word_1_69' title='bbox 1328 1052 1420 1104; x_wconf 77' lang='grc' dir='ltr'>καὶ</span> <span class='ocrx_word' id='word_1_70' title='bbox 1458 1053 1667 1120; x_wconf 87' lang='grc' dir='ltr'>γίνεταί</span> <span class='ocrx_word' id='word_1_71' title='bbox 1700 1070 1782 1106; x_wconf 90' lang='grc' dir='ltr'>σοι</span> <span class='ocrx_word' id='word_1_72' title='bbox 1813 1054 1874 1107; x_wconf 86' lang='grc' dir='ltr'>τὸ</span> <span class='ocrx_word' id='word_1_73' title='bbox 1908 1056 2006 1124; x_wconf 77' lang='grc' dir='ltr'>τῆς</span> 
     </span>
    </p>
   </div>
   <div class='ocr_carea' id='block_1_11' title="bbox 419 1129 2004 1210">
    <p class='ocr_par' dir='ltr' id='par_1_11' title="bbox 419 1129 2004 1210">
     <span class='ocr_line' id='line_1_11' title="bbox 419 1129 2004 1210; baseline 0.006 -28"><span class='ocrx_word' id='word_1_74' title='bbox 419 1129 588 1199; x_wconf 84' lang='grc' dir='ltr'>τιμῆς</span> <span class='ocrx_word' id='word_1_75' title='bbox 618 1131 845 1200; x_wconf 81' lang='grc' dir='ltr'>μέγεθος</span> <span class='ocrx_word' id='word_1_76' title='bbox 888 1131 1096 1200; x_wconf 85' lang='grc' dir='ltr'>ἐφόδιον</span> <span class='ocrx_word' id='word_1_77' title='bbox 1130 1134 1396 1203; x_wconf 79' lang='grc' dir='ltr'>τιμωρίας</span> <span class='ocrx_word' id='word_1_78' title='bbox 1439 1136 1700 1204; x_wconf 87' lang='grc' dir='ltr'>μείζονος.</span> <span class='ocrx_word' id='word_1_79' title='bbox 1747 1139 1856 1192; x_wconf 77' lang='grc' dir='ltr'>Καὶ</span> <span class='ocrx_word' id='word_1_80' title='bbox 1897 1139 2004 1210; x_wconf 83' lang='grc' dir='ltr'>γὰρ</span> 
     </span>
    </p>
   </div>
   <div class='ocr_carea' id='block_1_12' title="bbox 421 1211 2004 1289">
    <p class='ocr_par' dir='ltr' id='par_1_12' title="bbox 421 1211 2004 1289">
     <span class='ocr_line' id='line_1_12' title="bbox 421 1211 2004 1289; baseline 0.006 -27"><span class='ocrx_word' id='word_1_81' title='bbox 421 1211 512 1263; x_wconf 75' lang='grc' dir='ltr'>καὶ</span> <span class='ocrx_word' id='word_1_82' title='bbox 531 1213 691 1281; x_wconf 91' lang='grc' dir='ltr'>ἡμεῖς</span> <span class='ocrx_word' id='word_1_83' title='bbox 711 1216 808 1281; x_wconf 87' lang='grc' dir='ltr'>οὐχ</span> <span class='ocrx_word' id='word_1_84' title='bbox 827 1214 1028 1282; x_wconf 83' lang='grc' dir='ltr'>ὁμοίως</span> <span class='ocrx_word' id='word_1_85' title='bbox 1053 1215 1272 1278; x_wconf 83' lang='grc' dir='ltr'>δούλους</span> <span class='ocrx_word' id='word_1_86' title='bbox 1287 1217 1722 1289; x_wconf 81' lang='grc' dir='ltr'>ἁμαρτάνοντας,</span> <span class='ocrx_word' id='word_1_87' title='bbox 1747 1220 1839 1272; x_wconf 81' lang='grc' dir='ltr'>καὶ</span> <span class='ocrx_word' id='word_1_88' title='bbox 1856 1221 2004 1283; x_wconf 77' lang='grc' dir='ltr'>υἱοὺς</span> 
     </span>
    </p>
   </div>
   <div class='ocr_carea' id='block_1_13' title="bbox 418 1294 2002 1370">
    <p class='ocr_par' dir='ltr' id='par_1_13' title="bbox 418 1294 2002 1370">
     <span class='ocr_line' id='line_1_13' title="bbox 418 1294 2002 1370; baseline 0.006 -24"><span class='ocrx_word' id='word_1_89' title='bbox 418 1294 480 1346; x_wconf 84' lang='lat' dir='ltr'>rb</span> <span class='ocrx_word' id='word_1_90' title='bbox 500 1295 632 1348; x_wconf 84' lang='grc' dir='ltr'>αὐτὸ</span> <span class='ocrx_word' id='word_1_91' title='bbox 654 1295 1108 1364; x_wconf 87' lang='grc' dir='ltr'>πλημμελοῦντας</span> <span class='ocrx_word' id='word_1_92' title='bbox 1138 1296 1438 1368; x_wconf 75' lang='grc' dir='ltr'>κολάζομεν</span> <span class='ocrx_word' id='word_1_93' title='bbox 1465 1316 1478 1330; x_wconf 87' lang='grc'><strong>·</strong></span> <span class='ocrx_word' id='word_1_94' title='bbox 1509 1301 1602 1353; x_wconf 77' lang='grc' dir='ltr'>καὶ</span> <span class='ocrx_word' id='word_1_95' title='bbox 1622 1301 1856 1370; x_wconf 88' lang='grc' dir='ltr'>μάλιστα</span> <span class='ocrx_word' id='word_1_96' title='bbox 1877 1304 2002 1355; x_wconf 79' lang='grc' dir='ltr'>ὅταν</span> 
     </span>
    </p>
   </div>
   <div class='ocr_carea' id='block_1_14' title="bbox 421 1377 2002 1456">
    <p class='ocr_par' dir='ltr' id='par_1_14' title="bbox 421 1377 2002 1456">
     <span class='ocr_line' id='line_1_14' title="bbox 421 1377 2002 1456; baseline 0.008 -28"><span class='ocrx_word' id='word_1_97' title='bbox 421 1377 633 1446; x_wconf 87' lang='grc' dir='ltr'>μεγάλα</span> <span class='ocrx_word' id='word_1_98' title='bbox 664 1378 792 1448; x_wconf 85' lang='grc' dir='ltr'>παρ’</span> <span class='ocrx_word' id='word_1_99' title='bbox 827 1379 984 1449; x_wconf 85' lang='grc' dir='ltr'>ἡμῶν</span> <span class='ocrx_word' id='word_1_100' title='bbox 1012 1380 1434 1452; x_wconf 81' lang='grc' dir='ltr'>εὐεργετημένοι</span> <span class='ocrx_word' id='word_1_101' title='bbox 1467 1384 1488 1414; x_wconf 78' lang='grc'><strong><em>⁸</em></strong></span> <span class='ocrx_word' id='word_1_102' title='bbox 1520 1383 1776 1453; x_wconf 84' lang='grc' dir='ltr'>τύχωσιν.</span> <span class='ocrx_word' id='word_1_103' title='bbox 1803 1386 1865 1437; x_wconf 85' lang='grc' dir='ltr'>Εἰ</span> <span class='ocrx_word' id='word_1_104' title='bbox 1894 1387 2002 1456; x_wconf 83' lang='grc' dir='ltr'>γάρ</span> 
     </span>
    </p>
   </div>
   <div class='ocr_carea' id='block_1_15' title="bbox 416 1454 2002 1535">
    <p class='ocr_par' dir='ltr' id='par_1_15' title="bbox 416 1454 2002 1535">
     <span class='ocr_line' id='line_1_15' title="bbox 416 1454 2002 1535; baseline 0.004 -24"><span class='ocrx_word' id='word_1_105' title='bbox 416 1460 445 1511; x_wconf 88' lang='grc' dir='ltr'>ὀ</span> <span class='ocrx_word' id='word_1_106' title='bbox 467 1461 791 1528; x_wconf 83' lang='grc' dir='ltr'>παράδεισον</span> <span class='ocrx_word' id='word_1_107' title='bbox 805 1460 985 1530; x_wconf 86' lang='grc' dir='ltr'>λαχὼν</span> <span class='ocrx_word' id='word_1_108' title='bbox 1013 1461 1184 1533; x_wconf 83' lang='grc'>[166],</span> <span class='ocrx_word' id='word_1_109' title='bbox 1199 1462 1286 1516; x_wconf 83' lang='grc' dir='ltr'>διὰ</span> <span class='ocrx_word' id='word_1_110' title='bbox 1315 1463 1442 1533; x_wconf 89' lang='grc' dir='ltr'>μίαν</span> <span class='ocrx_word' id='word_1_111' title='bbox 1466 1465 1748 1535; x_wconf 80' lang='grc' dir='ltr'>παρακοὴν</span> <span class='ocrx_word' id='word_1_112' title='bbox 1767 1454 2002 1519; x_wconf 70' lang='grc' dir='ltr'>τοσαῦτα</span> 
     </span>
    </p>
   </div>
   <div class='ocr_carea' id='block_1_16' title="bbox 419 1543 2000 1618">
    <p class='ocr_par' dir='ltr' id='par_1_16' title="bbox 419 1543 2000 1618">
     <span class='ocr_line' id='line_1_16' title="bbox 419 1543 2000 1618; baseline 0.005 -25"><span class='ocrx_word' id='word_1_113' title='bbox 419 1543 557 1609; x_wconf 84' lang='grc' dir='ltr'>μετά</span> <span class='ocrx_word' id='word_1_114' title='bbox 588 1543 686 1604; x_wconf 79' lang='grc' dir='ltr'>τὴν</span> <span class='ocrx_word' id='word_1_115' title='bbox 719 1543 882 1614; x_wconf 84' lang='grc' dir='ltr'>τιμὴν</span> <span class='ocrx_word' id='word_1_116' title='bbox 907 1544 1113 1614; x_wconf 83' lang='grc' dir='ltr'>ὑπέστη</span> <span class='ocrx_word' id='word_1_117' title='bbox 1145 1545 1296 1598; x_wconf 90' lang='grc' dir='ltr'>δεινά</span> <span class='ocrx_word' id='word_1_118' title='bbox 1315 1561 1326 1573; x_wconf 91' lang='grc'>·</span> <span class='ocrx_word' id='word_1_119' title='bbox 1350 1547 1399 1598; x_wconf 91' lang='grc' dir='ltr'>οἰ</span> <span class='ocrx_word' id='word_1_120' title='bbox 1428 1546 1518 1598; x_wconf 86' lang='grc' dir='ltr'>τὸν</span> <span class='ocrx_word' id='word_1_121' title='bbox 1551 1548 1774 1618; x_wconf 73' lang='grc' dir='ltr'>οὐρανὸν</span> <span class='ocrx_word' id='word_1_122' title='bbox 1797 1548 2000 1601; x_wconf 88' lang='grc' dir='ltr'>ἀπολα-</span> 
     </span>
    </p>
   </div>
   <div class='ocr_carea' id='block_1_17' title="bbox 417 1623 2001 1700">
    <p class='ocr_par' dir='ltr' id='par_1_17' title="bbox 417 1623 2001 1700">
     <span class='ocr_line' id='line_1_17' title="bbox 417 1623 2001 1700; baseline 0.004 -25"><span class='ocrx_word' id='word_1_123' title='bbox 417 1623 600 1686; x_wconf 84' lang='grc' dir='ltr'>ϐόντες</span> <span class='ocrx_word' id='word_1_124' title='bbox 632 1625 812 1694; x_wconf 86' lang='grc' dir='ltr'>ἡμεῖς,</span> <span class='ocrx_word' id='word_1_125' title='bbox 847 1627 943 1678; x_wconf 78' lang='grc' dir='ltr'>καὶ</span> <span class='ocrx_word' id='word_1_126' title='bbox 966 1625 1043 1696; x_wconf 83' lang='grc' dir='ltr'>τῷ</span> <span class='ocrx_word' id='word_1_127' title='bbox 1065 1627 1362 1694; x_wconf 89' lang='grc' dir='ltr'>Μονογενεῖ</span> <span class='ocrx_word' id='word_1_128' title='bbox 1390 1628 1668 1698; x_wconf 90' lang='grc' dir='ltr'>γενόμενοι</span> <span class='ocrx_word' id='word_1_129' title='bbox 1696 1629 2001 1700; x_wconf 85' lang='grc' dir='ltr'>συγκληρο-</span> 
     </span>
    </p>
   </div>
   <div class='ocr_carea' id='block_1_18' title="bbox 414 1703 2002 1781">
    <p class='ocr_par' dir='ltr' id='par_1_18' title="bbox 414 1703 2002 1781">
     <span class='ocr_line' id='line_1_18' title="bbox 414 1703 2002 1781; baseline 0.005 -25"><span class='ocrx_word' id='word_1_130' title='bbox 414 1703 588 1774; x_wconf 85' lang='grc' dir='ltr'>νὸμοι,</span> <span class='ocrx_word' id='word_1_131' title='bbox 637 1706 760 1758; x_wconf 92' lang='grc' dir='ltr'>τίνα</span> <span class='ocrx_word' id='word_1_132' title='bbox 801 1705 994 1776; x_wconf 74' lang='grc' dir='ltr'>ἕξομεν</span> <span class='ocrx_word' id='word_1_133' title='bbox 1043 1707 1393 1779; x_wconf 76' lang='grc' dir='ltr'>συγγνώμην,</span> <span class='ocrx_word' id='word_1_134' title='bbox 1444 1709 1522 1779; x_wconf 83' lang='grc' dir='ltr'>τῷ</span> <span class='ocrx_word' id='word_1_135' title='bbox 1559 1710 1678 1778; x_wconf 78' lang='grc' dir='ltr'>ὄφει</span> <span class='ocrx_word' id='word_1_136' title='bbox 1723 1710 1862 1780; x_wconf 87' lang='grc' dir='ltr'>μετὰ</span> <span class='ocrx_word' id='word_1_137' title='bbox 1903 1713 2002 1781; x_wconf 86' lang='grc' dir='ltr'>τὴν</span> 
     </span>
    </p>
   </div>
   <div class='ocr_carea' id='block_1_19' title="bbox 413 1788 1998 1862">
    <p class='ocr_par' dir='ltr' id='par_1_19' title="bbox 413 1788 1998 1862">
     <span class='ocr_line' id='line_1_19' title="bbox 413 1788 1998 1862; baseline 0.005 -24"><span class='ocrx_word' id='word_1_138' title='bbox 413 1788 742 1858; x_wconf 84' lang='grc' dir='ltr'>περιστερὰν</span> <span class='ocrx_word' id='word_1_139' title='bbox 773 1789 1232 1860; x_wconf 82' lang='grc' dir='ltr'>προστρέχοντες;</span> <span class='ocrx_word' id='word_1_140' title='bbox 1276 1791 1470 1844; x_wconf 86' lang='grc' dir='ltr'>Οὐκέτι</span> <span class='ocrx_word' id='word_1_141' title='bbox 1505 1791 1634 1862; x_wconf 85' lang='grc' dir='ltr'>γὰρ,</span> <span class='ocrx_word' id='word_1_142' title='bbox 1673 1792 1764 1860; x_wconf 83' lang='grc' dir='ltr'><em>Γῆ</em></span> <span class='ocrx_word' id='word_1_143' title='bbox 1793 1793 1865 1858; x_wconf 80' lang='grc' dir='ltr'>εἷ,</span> <span class='ocrx_word' id='word_1_144' title='bbox 1900 1793 1998 1846; x_wconf 79' lang='grc' dir='ltr'>καὶ</span> 
     </span>
    </p>
   </div>
   <div class='ocr_carea' id='block_1_20' title="bbox 411 1867 2001 1945">
    <p class='ocr_par' dir='ltr' id='par_1_20' title="bbox 411 1867 2001 1945">
     <span class='ocr_line' id='line_1_20' title="bbox 411 1867 2001 1945; baseline 0.005 -25"><span class='ocrx_word' id='word_1_145' title='bbox 411 1869 501 1934; x_wconf 81' lang='grc' dir='ltr'>εἰς</span> <span class='ocrx_word' id='word_1_146' title='bbox 521 1867 640 1937; x_wconf 67' lang='grc' dir='ltr'>γῆν</span> <span class='ocrx_word' id='word_1_147' title='bbox 666 1871 1000 1938; x_wconf 77' lang='grc' dir='ltr'>ἀπελεύσῃ,</span> <span class='ocrx_word' id='word_1_148' title='bbox 1025 1871 1138 1935; x_wconf 76' lang='grc' dir='ltr'>καὶ,</span> <span class='ocrx_word' id='word_1_149' title='bbox 1169 1870 1344 1940; x_wconf 80' lang='grc' dir='ltr'>Ἐργᾷ</span> <span class='ocrx_word' id='word_1_150' title='bbox 1367 1872 1482 1939; x_wconf 80' lang='grc' dir='ltr'>τὴν</span> <span class='ocrx_word' id='word_1_151' title='bbox 1503 1873 1636 1942; x_wconf 71' lang='grc' dir='ltr'>γῆν,</span> <span class='ocrx_word' id='word_1_152' title='bbox 1660 1874 1753 1927; x_wconf 72' lang='grc' dir='ltr'>καὶ</span> <span class='ocrx_word' id='word_1_153' title='bbox 1776 1875 1841 1928; x_wconf 83' lang='grc' dir='ltr'>τὰ</span> <span class='ocrx_word' id='word_1_154' title='bbox 1868 1875 2001 1945; x_wconf 72' lang='lat'><strong>1:96-</strong></span> 
     </span>
    </p>
   </div>
   <div class='ocr_carea' id='block_1_21' title="bbox 410 1951 1994 2026">
    <p class='ocr_par' dir='ltr' id='par_1_21' title="bbox 410 1951 1994 2026">
     <span class='ocr_line' id='line_1_21' title="bbox 410 1951 1994 2026; baseline 0.004 -24"><span class='ocrx_word' id='word_1_155' title='bbox 410 1965 547 2020; x_wconf 86' lang='grc' dir='ltr'>τερα</span> <span class='ocrx_word' id='word_1_156' title='bbox 561 1951 909 2021; x_wconf 81' lang='grc' dir='ltr'>ἀκουσόμεθα</span> <span class='ocrx_word' id='word_1_157' title='bbox 941 1956 1143 2014; x_wconf 84' lang='grc' dir='ltr'>ἐκεῖνα,</span> <span class='ocrx_word' id='word_1_158' title='bbox 1174 1953 1311 2007; x_wconf 90' lang='grc' dir='ltr'>ἀλλά</span> <span class='ocrx_word' id='word_1_159' title='bbox 1325 1955 1393 2009; x_wconf 90' lang='grc' dir='ltr'>τά</span> <span class='ocrx_word' id='word_1_160' title='bbox 1415 1954 1593 2025; x_wconf 83' lang='grc' dir='ltr'>πολλῷ</span> <span class='ocrx_word' id='word_1_161' title='bbox 1610 1956 1813 2009; x_wconf 90' lang='grc' dir='ltr'>τούτων</span> <span class='ocrx_word' id='word_1_162' title='bbox 1839 1958 1994 2026; x_wconf 81' lang='grc' dir='ltr'>χαλε-</span> 
     </span>
    </p>
   </div>
   <div class='ocr_carea' id='block_1_22' title="bbox 410 2032 1994 2111">
    <p class='ocr_par' dir='ltr' id='par_1_22' title="bbox 410 2032 1994 2111">
     <span class='ocr_line' id='line_1_22' title="bbox 410 2032 1994 2111; baseline 0.005 -27"><span class='ocrx_word' id='word_1_163' title='bbox 410 2032 652 2104; x_wconf 86' lang='grc' dir='ltr'>πώτερα,</span> <span class='ocrx_word' id='word_1_164' title='bbox 684 2035 745 2087; x_wconf 87' lang='lat' dir='ltr'>rb</span> <span class='ocrx_word' id='word_1_165' title='bbox 784 2035 974 2099; x_wconf 78' lang='grc' dir='ltr'>σκότος</span> <span class='ocrx_word' id='word_1_166' title='bbox 1011 2037 1069 2089; x_wconf 89' lang='lat' dir='ltr'>rb</span> <span class='ocrx_word' id='word_1_167' title='bbox 1099 2035 1381 2111; x_wconf 75' lang='grc' dir='ltr'>ἐξώτερον,</span> <span class='ocrx_word' id='word_1_168' title='bbox 1413 2038 1482 2090; x_wconf 89' lang='grc' dir='ltr'>τά</span> <span class='ocrx_word' id='word_1_169' title='bbox 1509 2038 1685 2108; x_wconf 89' lang='grc' dir='ltr'>δεσμά</span> <span class='ocrx_word' id='word_1_170' title='bbox 1710 2039 1779 2091; x_wconf 90' lang='grc' dir='ltr'>τά</span> <span class='ocrx_word' id='word_1_171' title='bbox 1801 2039 1994 2103; x_wconf 72' lang='grc' dir='ltr'>ἄλυτα,</span> 
     </span>
    </p>
   </div>
   <div class='ocr_carea' id='block_1_23' title="bbox 408 2115 1990 2189">
    <p class='ocr_par' dir='ltr' id='par_1_23' title="bbox 408 2115 1990 2189">
     <span class='ocr_line' id='line_1_23' title="bbox 408 2115 1990 2189; baseline 0.004 -23"><span class='ocrx_word' id='word_1_172' title='bbox 408 2115 496 2166; x_wconf 83' lang='lat' dir='ltr'><strong>rbv</strong></span> <span class='ocrx_word' id='word_1_173' title='bbox 520 2116 779 2186; x_wconf 81' lang='grc' dir='ltr'>σκώληκα</span> <span class='ocrx_word' id='word_1_174' title='bbox 817 2119 908 2170; x_wconf 77' lang='grc' dir='ltr'>τὸν</span> <span class='ocrx_word' id='word_1_175' title='bbox 940 2118 1166 2184; x_wconf 90' lang='grc' dir='ltr'>ἰοϐόλον,</span> <span class='ocrx_word' id='word_1_176' title='bbox 1198 2118 1288 2172; x_wconf 88' lang='grc' dir='ltr'>τδν</span> <span class='ocrx_word' id='word_1_177' title='bbox 1318 2119 1560 2189; x_wconf 85' lang='grc' dir='ltr'>βρυγμὺν</span> <span class='ocrx_word' id='word_1_178' title='bbox 1598 2120 1706 2172; x_wconf 82' lang='grc' dir='ltr'>τῶν</span> <span class='ocrx_word' id='word_1_179' title='bbox 1735 2121 1961 2174; x_wconf 83' lang='grc' dir='ltr'>ὀδόντων</span> <span class='ocrx_word' id='word_1_180' title='bbox 1979 2139 1990 2149; x_wconf 95' lang='grc'><strong>·</strong></span> 
     </span>
    </p>
   </div>
   <div class='ocr_carea' id='block_1_24' title="bbox 407 2195 1994 2275">
    <p class='ocr_par' dir='ltr' id='par_1_24' title="bbox 407 2195 1994 2275">
     <span class='ocr_line' id='line_1_24' title="bbox 407 2195 1994 2275; baseline 0.004 -28"><span class='ocrx_word' id='word_1_181' title='bbox 407 2195 502 2248; x_wconf 75' lang='grc' dir='ltr'>καὶ</span> <span class='ocrx_word' id='word_1_182' title='bbox 536 2197 682 2265; x_wconf 90' lang='grc' dir='ltr'>μάλα</span> <span class='ocrx_word' id='word_1_183' title='bbox 713 2199 956 2260; x_wconf 90' lang='grc' dir='ltr'>εἰκότως.</span> <span class='ocrx_word' id='word_1_184' title='bbox 1007 2199 1064 2251; x_wconf 88' lang='lat'>&#39;0</span> <span class='ocrx_word' id='word_1_185' title='bbox 1112 2199 1222 2270; x_wconf 73' lang='grc' dir='ltr'>γὰρ</span> <span class='ocrx_word' id='word_1_186' title='bbox 1253 2201 1385 2270; x_wconf 85' lang='grc' dir='ltr'>μηδὲ</span> <span class='ocrx_word' id='word_1_187' title='bbox 1429 2200 1719 2272; x_wconf 79' lang='grc' dir='ltr'>εὐεργεσίᾳ</span> <span class='ocrx_word' id='word_1_188' title='bbox 1758 2201 1994 2275; x_wconf 85' lang='grc' dir='ltr'>τοσαύτῃ</span> 
     </span>
    </p>
   </div>
   <div class='ocr_carea' id='block_1_25' title="bbox 407 2280 1995 2354">
    <p class='ocr_par' dir='ltr' id='par_1_25' title="bbox 407 2280 1995 2354">
     <span class='ocr_line' id='line_1_25' title="bbox 407 2280 1995 2354; baseline 0.004 -24"><span class='ocrx_word' id='word_1_189' title='bbox 407 2280 694 2348; x_wconf 86' lang='grc' dir='ltr'>γενόμενος</span> <span class='ocrx_word' id='word_1_190' title='bbox 724 2280 968 2350; x_wconf 84' lang='grc' dir='ltr'>βελτίων,</span> <span class='ocrx_word' id='word_1_191' title='bbox 998 2282 1218 2346; x_wconf 81' lang='grc' dir='ltr'>δικαίως</span> <span class='ocrx_word' id='word_1_192' title='bbox 1249 2283 1316 2336; x_wconf 84' lang='grc' dir='ltr'>ἂν</span> <span class='ocrx_word' id='word_1_193' title='bbox 1334 2283 1432 2353; x_wconf 82' lang='grc' dir='ltr'>τὴν</span> <span class='ocrx_word' id='word_1_194' title='bbox 1459 2285 1695 2354; x_wconf 79' lang='grc' dir='ltr'>ἐσχάτην</span> <span class='ocrx_word' id='word_1_195' title='bbox 1715 2284 1810 2336; x_wconf 75' lang='grc' dir='ltr'>καὶ</span> <span class='ocrx_word' id='word_1_196' title='bbox 1838 2285 1995 2353; x_wconf 85' lang='grc' dir='ltr'>χαλε-</span> 
     </span>
    </p>
   </div>
   <div class='ocr_carea' id='block_1_26' title="bbox 406 2362 1992 2434">
    <p class='ocr_par' dir='ltr' id='par_1_26' title="bbox 406 2362 1992 2434">
     <span class='ocr_line' id='line_1_26' title="bbox 406 2362 1992 2434; baseline 0.004 -20"><span class='ocrx_word' id='word_1_197' title='bbox 406 2365 656 2434; x_wconf 79' lang='grc' dir='ltr'>πωτέραν</span> <span class='ocrx_word' id='word_1_198' title='bbox 694 2362 804 2434; x_wconf 80' lang='grc' dir='ltr'>δῴη</span> <span class='ocrx_word' id='word_1_199' title='bbox 841 2365 862 2395; x_wconf 89' lang='grc'><strong><em>³</em></strong></span> <span class='ocrx_word' id='word_1_200' title='bbox 893 2364 1070 2434; x_wconf 91' lang='grc' dir='ltr'>δίκην.</span> <span class='ocrx_word' id='word_1_201' title='bbox 1112 2365 1328 2430; x_wconf 81' lang='grc' dir='ltr'>Ἤνοιξέ</span> <span class='ocrx_word' id='word_1_202' title='bbox 1366 2383 1498 2418; x_wconf 85' lang='grc' dir='ltr'>ποτε</span> <span class='ocrx_word' id='word_1_203' title='bbox 1529 2368 1621 2420; x_wconf 77' lang='grc' dir='ltr'>καὶ</span> <span class='ocrx_word' id='word_1_204' title='bbox 1654 2367 1862 2420; x_wconf 81' lang='grc' dir='ltr'>ἔκλεισε</span> <span class='ocrx_word' id='word_1_205' title='bbox 1902 2369 1992 2420; x_wconf 79' lang='grc' dir='ltr'>τὸν</span> 
     </span>
    </p>
   </div>
   <div class='ocr_carea' id='block_1_27' title="bbox 404 2444 1990 2518">
    <p class='ocr_par' dir='ltr' id='par_1_27' title="bbox 404 2444 1990 2518">
     <span class='ocr_line' id='line_1_27' title="bbox 404 2444 1990 2518; baseline 0.005 -22"><span class='ocrx_word' id='word_1_206' title='bbox 404 2444 629 2513; x_wconf 84' lang='grc' dir='ltr'>οὐρανὸν</span> <span class='ocrx_word' id='word_1_207' title='bbox 675 2447 882 2510; x_wconf 81' lang='grc' dir='ltr'>Ἠλίας,</span> <span class='ocrx_word' id='word_1_208' title='bbox 926 2447 1041 2500; x_wconf 87' lang='grc' dir='ltr'>ἀλλ’</span> <span class='ocrx_word' id='word_1_209' title='bbox 1086 2447 1223 2500; x_wconf 81' lang='grc' dir='ltr'>ὥστε</span> <span class='ocrx_word' id='word_1_210' title='bbox 1278 2449 1430 2503; x_wconf 74' lang='grc' dir='ltr'>ὑετὸν</span> <span class='ocrx_word' id='word_1_211' title='bbox 1473 2453 1820 2518; x_wconf 82' lang='grc' dir='ltr'>κατενεγκεῖν</span> <span class='ocrx_word' id='word_1_212' title='bbox 1850 2451 1990 2504; x_wconf 62' lang='grc' dir='ltr'>ικαὶ</span> 
     </span>
    </p>
   </div>
   <div class='ocr_carea' id='block_1_28' title="bbox 404 2528 1986 2606">
    <p class='ocr_par' dir='ltr' id='par_1_28' title="bbox 404 2528 1986 2606">
     <span class='ocr_line' id='line_1_28' title="bbox 404 2528 1986 2606; baseline 0.004 -26"><span class='ocrx_word' id='word_1_213' title='bbox 404 2528 749 2581; x_wconf 87' lang='grc' dir='ltr'>ἀναστεῖλαι·</span> <span class='ocrx_word' id='word_1_214' title='bbox 788 2531 873 2582; x_wconf 76' lang='grc' dir='ltr'>σο¹ι</span> <span class='ocrx_word' id='word_1_215' title='bbox 913 2530 969 2582; x_wconf 86' lang='grc' dir='ltr'>δὲ</span> <span class='ocrx_word' id='word_1_216' title='bbox 1015 2531 1112 2600; x_wconf 88' lang='grc' dir='ltr'>οὐχ</span> <span class='ocrx_word' id='word_1_217' title='bbox 1143 2530 1316 2594; x_wconf 76' lang='grc' dir='ltr'>οὕτως</span> <span class='ocrx_word' id='word_1_218' title='bbox 1360 2532 1635 2600; x_wconf 89' lang='grc' dir='ltr'>ἀνοίγεται</span> <span class='ocrx_word' id='word_1_219' title='bbox 1674 2536 1702 2586; x_wconf 87' lang='grc' dir='ltr'>ὀ</span> <span class='ocrx_word' id='word_1_220' title='bbox 1739 2530 1986 2606; x_wconf 76' lang='grc' dir='ltr'>οὐρανὸς,</span> 
     </span>
    </p>
   </div>
   <div class='ocr_carea' id='block_1_29' title="bbox 403 2611 1988 2688">
    <p class='ocr_par' dir='ltr' id='par_1_29' title="bbox 403 2611 1988 2688">
     <span class='ocr_line' id='line_1_29' title="bbox 403 2611 1988 2688; baseline 0.004 -24"><span class='ocrx_word' id='word_1_221' title='bbox 403 2611 519 2664; x_wconf 78' lang='grc' dir='ltr'>ἀλλ’</span> <span class='ocrx_word' id='word_1_222' title='bbox 554 2611 694 2664; x_wconf 81' lang='grc' dir='ltr'>ὥστε</span> <span class='ocrx_word' id='word_1_223' title='bbox 719 2611 985 2681; x_wconf 82' lang='grc' dir='ltr'>ἀναϐῆναί</span> <span class='ocrx_word' id='word_1_224' title='bbox 1017 2630 1076 2665; x_wconf 89' lang='grc' dir='ltr'>σε</span> <span class='ocrx_word' id='word_1_225' title='bbox 1110 2615 1262 2666; x_wconf 76' lang='grc' dir='ltr'>ἐκεῖ’</span> <span class='ocrx_word' id='word_1_226' title='bbox 1298 2614 1393 2666; x_wconf 79' lang='grc' dir='ltr'>καὶ</span> <span class='ocrx_word' id='word_1_227' title='bbox 1435 2615 1496 2667; x_wconf 97' lang='lat' dir='ltr'>rb</span> <span class='ocrx_word' id='word_1_228' title='bbox 1535 2615 1598 2686; x_wconf 84' lang='grc' dir='ltr'>δὴ</span> <span class='ocrx_word' id='word_1_229' title='bbox 1637 2615 1838 2685; x_wconf 86' lang='grc' dir='ltr'>μεῖζον,</span> <span class='ocrx_word' id='word_1_230' title='bbox 1892 2618 1988 2688; x_wconf 90' lang='grc' dir='ltr'>οὐχ</span> 
     </span>
    </p>
   </div>
   <div class='ocr_carea' id='block_1_30' title="bbox 403 2692 1985 2766">
    <p class='ocr_par' dir='ltr' id='par_1_30' title="bbox 403 2692 1985 2766">
     <span class='ocr_line' id='line_1_30' title="bbox 403 2692 1985 2766; baseline 0.004 -21"><span class='ocrx_word' id='word_1_231' title='bbox 403 2692 541 2746; x_wconf 82' lang='grc' dir='ltr'>ὥστε</span> <span class='ocrx_word' id='word_1_232' title='bbox 566 2694 852 2764; x_wconf 86' lang='grc' dir='ltr'>ἀναϐῆναι,</span> <span class='ocrx_word' id='word_1_233' title='bbox 887 2695 1001 2747; x_wconf 88' lang='grc' dir='ltr'>ἀλλ’</span> <span class='ocrx_word' id='word_1_234' title='bbox 1029 2695 1167 2748; x_wconf 84' lang='grc' dir='ltr'>ὥστε</span> <span class='ocrx_word' id='word_1_235' title='bbox 1193 2697 1286 2748; x_wconf 75' lang='grc' dir='ltr'>καὶ</span> <span class='ocrx_word' id='word_1_236' title='bbox 1325 2697 1548 2766; x_wconf 87' lang='grc' dir='ltr'>ἐτέρους</span> <span class='ocrx_word' id='word_1_237' title='bbox 1581 2699 1896 2766; x_wconf 76' lang='grc' dir='ltr'>ἀναγαγεῖν,</span> <span class='ocrx_word' id='word_1_238' title='bbox 1937 2703 1985 2752; x_wconf 90' lang='grc' dir='ltr'>εἰ</span> 
     </span>
    </p>
   </div>
   <div class='ocr_carea' id='block_1_31' title="bbox 405 2774 1985 2849">
    <p class='ocr_par' dir='ltr' id='par_1_31' title="bbox 405 2774 1985 2849">
     <span class='ocr_line' id='line_1_31' title="bbox 405 2774 1985 2849; baseline 0.007 -24"><span class='ocrx_word' id='word_1_239' title='bbox 405 2774 427 2806; x_wconf 86' lang='grc'><strong><em>³</em></strong></span> <span class='ocrx_word' id='word_1_240' title='bbox 458 2774 807 2848; x_wconf 81' lang='grc' dir='ltr'>βουληθείης·</span> <span class='ocrx_word' id='word_1_241' title='bbox 837 2777 1102 2848; x_wconf 84' lang='grc' dir='ltr'>τοσαύτην</span> <span class='ocrx_word' id='word_1_242' title='bbox 1142 2795 1224 2831; x_wconf 89' lang='grc' dir='ltr'>σοι</span> <span class='ocrx_word' id='word_1_243' title='bbox 1270 2780 1577 2849; x_wconf 68' lang='grc' dir='ltr'>παρρησίαν</span> <span class='ocrx_word' id='word_1_244' title='bbox 1612 2786 1704 2834; x_wconf 81' lang='grc' dir='ltr'>καί</span> <span class='ocrx_word' id='word_1_245' title='bbox 1737 2781 1985 2846; x_wconf 80' lang='grc' dir='ltr'>ἐξουσίαν</span> 
     </span>
    </p>
   </div>
   <div class='ocr_carea' id='block_1_32' title="bbox 403 2859 1985 2937">
    <p class='ocr_par' dir='ltr' id='par_1_32' title="bbox 403 2859 1985 2937">
     <span class='ocr_line' id='line_1_32' title="bbox 403 2859 1985 2937; baseline 0.006 -27"><span class='ocrx_word' id='word_1_246' title='bbox 403 2861 461 2911; x_wconf 85' lang='grc' dir='ltr'>ἐν</span> <span class='ocrx_word' id='word_1_247' title='bbox 482 2861 596 2921; x_wconf 87' lang='grc' dir='ltr'>τοῖς</span> <span class='ocrx_word' id='word_1_248' title='bbox 621 2859 813 2913; x_wconf 85' lang='grc' dir='ltr'>ἐαυτοῦ</span> <span class='ocrx_word' id='word_1_249' title='bbox 846 2861 1045 2913; x_wconf 76' lang='grc' dir='ltr'>ἔδωκεν</span> <span class='ocrx_word' id='word_1_250' title='bbox 1071 2862 1291 2915; x_wconf 76' lang='grc' dir='ltr'>ἅπασιν.</span> <span class='ocrx_word' id='word_1_251' title='bbox 1339 2862 1490 2916; x_wconf 75' lang='grc' dir='ltr'>Ἐπεὶ</span> <span class='ocrx_word' id='word_1_252' title='bbox 1517 2860 1610 2916; x_wconf 86' lang='grc' dir='ltr'>οῦν</span> <span class='ocrx_word' id='word_1_253' title='bbox 1629 2865 1746 2918; x_wconf 83' lang='grc' dir='ltr'>ἐκεῖ</span> <span class='ocrx_word' id='word_1_254' title='bbox 1764 2868 1796 2934; x_wconf 85' lang='grc' dir='ltr'>ἡ</span> <span class='ocrx_word' id='word_1_255' title='bbox 1805 2866 1921 2936; x_wconf 86' lang='grc' dir='ltr'>μῶν</span> <span class='ocrx_word' id='word_1_256' title='bbox 1950 2869 1985 2937; x_wconf 81' lang='grc' dir='ltr'>ἡ</span> 
     </span>
    </p>
   </div>
   <div class='ocr_carea' id='block_1_33' title="bbox 401 2940 1985 3015">
    <p class='ocr_par' dir='ltr' id='par_1_33' title="bbox 401 2940 1985 3015">
     <span class='ocr_line' id='line_1_33' title="bbox 401 2940 1985 3015; baseline 0.005 -22"><span class='ocrx_word' id='word_1_257' title='bbox 401 2940 566 3002; x_wconf 86' lang='grc' dir='ltr'>οἰκία,</span> <span class='ocrx_word' id='word_1_258' title='bbox 607 2942 725 2994; x_wconf 86' lang='grc' dir='ltr'>ἐκεῖ</span> <span class='ocrx_word' id='word_1_259' title='bbox 772 2941 949 2995; x_wconf 89' lang='grc' dir='ltr'>πάντα</span> <span class='ocrx_word' id='word_1_260' title='bbox 991 2943 1345 3014; x_wconf 78' lang='grc' dir='ltr'>ἀποθώμεθα,</span> <span class='ocrx_word' id='word_1_261' title='bbox 1400 2945 1493 2998; x_wconf 82' lang='grc' dir='ltr'>καὶ</span> <span class='ocrx_word' id='word_1_262' title='bbox 1532 2945 1698 3015; x_wconf 79' lang='grc' dir='ltr'>μηδὲν</span> <span class='ocrx_word' id='word_1_263' title='bbox 1753 2947 1985 3001; x_wconf 87' lang='grc' dir='ltr'>ἐνταῦθα</span> 
     </span>
    </p>
   </div>
   <div class='ocr_carea' id='block_1_34' title="bbox 401 3022 1983 3098">
    <p class='ocr_par' dir='ltr' id='par_1_34' title="bbox 401 3022 1983 3098">
     <span class='ocr_line' id='line_1_34' title="bbox 401 3022 1983 3098; baseline 0.004 -22"><span class='ocrx_word' id='word_1_264' title='bbox 401 3022 789 3093; x_wconf 80' lang='grc' dir='ltr'>καταλίπωμεν</span> <span class='ocrx_word' id='word_1_265' title='bbox 821 3025 862 3091; x_wconf 79' lang='grc'>⁸,</span> <span class='ocrx_word' id='word_1_266' title='bbox 895 3024 982 3078; x_wconf 82' lang='grc' dir='ltr'>ἵνα</span> <span class='ocrx_word' id='word_1_267' title='bbox 1018 3025 1091 3095; x_wconf 83' lang='grc' dir='ltr'>μὴ</span> <span class='ocrx_word' id='word_1_268' title='bbox 1122 3025 1258 3078; x_wconf 86' lang='grc' dir='ltr'>αὐτά</span> <span class='ocrx_word' id='word_1_269' title='bbox 1289 3026 1659 3098; x_wconf 84' lang='grc' dir='ltr'>ἀπολέσωμεν.</span> <span class='ocrx_word' id='word_1_270' title='bbox 1719 3028 1983 3083; x_wconf 88' lang='grc' dir='ltr'>Ἐνταῦθα</span> 
     </span>
    </p>
   </div>
   <div class='ocr_carea' id='block_1_35' title="bbox 405 3105 1981 3180">
    <p class='ocr_par' dir='ltr' id='par_1_35' title="bbox 405 3105 1981 3180">
     <span class='ocr_line' id='line_1_35' title="bbox 405 3105 1981 3180; baseline 0.006 -25"><span class='ocrx_word' id='word_1_271' title='bbox 405 3105 503 3175; x_wconf 69' lang='grc' dir='ltr'>μὲν</span> <span class='ocrx_word' id='word_1_272' title='bbox 526 3105 632 3175; x_wconf 82' lang='grc' dir='ltr'>γὰρ</span> <span class='ocrx_word' id='word_1_273' title='bbox 667 3107 770 3159; x_wconf 82' lang='grc' dir='ltr'>κᾶν</span> <span class='ocrx_word' id='word_1_274' title='bbox 809 3106 957 3159; x_wconf 86' lang='grc' dir='ltr'>κλεῖν</span> <span class='ocrx_word' id='word_1_275' title='bbox 989 3107 1204 3177; x_wconf 81' lang='grc' dir='ltr'>ἐπιθῇς,</span> <span class='ocrx_word' id='word_1_276' title='bbox 1237 3109 1340 3162; x_wconf 82' lang='grc' dir='ltr'>κᾶν</span> <span class='ocrx_word' id='word_1_277' title='bbox 1372 3108 1542 3179; x_wconf 91' lang='grc' dir='ltr'>θύρας</span> <span class='ocrx_word' id='word_1_278' title='bbox 1589 3111 1684 3163; x_wconf 71' lang='grc' dir='ltr'>καὶ</span> <span class='ocrx_word' id='word_1_279' title='bbox 1733 3111 1981 3180; x_wconf 82' lang='grc' dir='ltr'>μοχλοὺς,</span> 
     </span>
    </p>
   </div>
   <div class='ocr_carea' id='block_1_36' title="bbox 401 3189 1980 3264">
    <p class='ocr_par' dir='ltr' id='par_1_36' title="bbox 401 3189 1980 3264">
     <span class='ocr_line' id='line_1_36' title="bbox 401 3189 1980 3264; baseline 0.006 -25"><span class='ocrx_word' id='word_1_280' title='bbox 401 3189 508 3241; x_wconf 75' lang='grc' dir='ltr'>κᾶν</span> <span class='ocrx_word' id='word_1_281' title='bbox 553 3189 783 3258; x_wconf 84' lang='grc' dir='ltr'>μυρίους</span> <span class='ocrx_word' id='word_1_282' title='bbox 813 3191 1116 3262; x_wconf 73' lang='grc' dir='ltr'>ἐπιστήσῃς</span> <span class='ocrx_word' id='word_1_283' title='bbox 1153 3191 1391 3254; x_wconf 88' lang='grc' dir='ltr'>οἰκέτας,</span> <span class='ocrx_word' id='word_1_284' title='bbox 1441 3191 1534 3244; x_wconf 78' lang='grc' dir='ltr'>καὶ</span> <span class='ocrx_word' id='word_1_285' title='bbox 1583 3193 1797 3245; x_wconf 87' lang='grc' dir='ltr'>πάντων</span> <span class='ocrx_word' id='word_1_286' title='bbox 1826 3211 1980 3264; x_wconf 86' lang='grc' dir='ltr'>περι-</span> 
     </span>
    </p>
   </div>
   <div class='ocr_carea' id='block_1_37' title="bbox 399 3270 1980 3343">
    <p class='ocr_par' dir='ltr' id='par_1_37' title="bbox 399 3270 1980 3343">
     <span class='ocr_line' id='line_1_37' title="bbox 399 3270 1980 3343; baseline 0.004 -21"><span class='ocrx_word' id='word_1_287' title='bbox 399 3270 530 3340; x_wconf 86' lang='grc' dir='ltr'>γένῃ</span> <span class='ocrx_word' id='word_1_288' title='bbox 567 3272 674 3326; x_wconf 81' lang='grc' dir='ltr'>τῶν</span> <span class='ocrx_word' id='word_1_289' title='bbox 704 3270 1048 3341; x_wconf 85' lang='grc' dir='ltr'>κακούργων,</span> <span class='ocrx_word' id='word_1_290' title='bbox 1078 3272 1181 3325; x_wconf 77' lang='grc' dir='ltr'>κᾶν</span> <span class='ocrx_word' id='word_1_291' title='bbox 1205 3273 1224 3302; x_wconf 85' lang='grc'>⁷</span> <span class='ocrx_word' id='word_1_292' title='bbox 1256 3273 1382 3335; x_wconf 84' lang='grc' dir='ltr'>τοὺς</span> <span class='ocrx_word' id='word_1_293' title='bbox 1413 3273 1520 3325; x_wconf 84' lang='grc' dir='ltr'>τῶν</span> <span class='ocrx_word' id='word_1_294' title='bbox 1555 3272 1838 3343; x_wconf 85' lang='grc' dir='ltr'>βασκάνων</span> <span class='ocrx_word' id='word_1_295' title='bbox 1865 3276 1980 3329; x_wconf 85' lang='grc' dir='ltr'>δια-</span> 
     </span>
    </p>
   </div>
   <div class='ocr_carea' id='block_1_38' title="bbox 399 3354 1980 3428">
    <p class='ocr_par' dir='ltr' id='par_1_38' title="bbox 399 3354 1980 3428">
     <span class='ocr_line' id='line_1_38' title="bbox 399 3354 1980 3428; baseline 0.004 -23"><span class='ocrx_word' id='word_1_296' title='bbox 399 3355 578 3425; x_wconf 83' lang='grc' dir='ltr'>φύγῃς</span> <span class='ocrx_word' id='word_1_297' title='bbox 617 3354 954 3422; x_wconf 80' lang='grc' dir='ltr'>ὀφθαλμοὺς,</span> <span class='ocrx_word' id='word_1_298' title='bbox 985 3355 1086 3408; x_wconf 78' lang='grc' dir='ltr'>κᾶν</span> <span class='ocrx_word' id='word_1_299' title='bbox 1108 3356 1234 3418; x_wconf 88' lang='grc' dir='ltr'>τοὺς</span> <span class='ocrx_word' id='word_1_300' title='bbox 1265 3356 1450 3424; x_wconf 82' lang='grc' dir='ltr'>σῆτας,</span> <span class='ocrx_word' id='word_1_301' title='bbox 1475 3355 1579 3409; x_wconf 83' lang='grc' dir='ltr'>κᾶν</span> <span class='ocrx_word' id='word_1_302' title='bbox 1611 3356 1708 3428; x_wconf 82' lang='grc' dir='ltr'>τὴν</span> <span class='ocrx_word' id='word_1_303' title='bbox 1753 3358 1860 3410; x_wconf 85' lang='grc' dir='ltr'>ἀπὸ</span> <span class='ocrx_word' id='word_1_304' title='bbox 1887 3361 1980 3412; x_wconf 92' lang='grc' dir='ltr'>τοῦ</span> 
     </span>
    </p>
   </div>
   <div class='ocr_carea' id='block_1_39' title="bbox 398 3436 1981 3509">
    <p class='ocr_par' dir='ltr' id='par_1_39' title="bbox 398 3436 1981 3509">
     <span class='ocr_line' id='line_1_39' title="bbox 398 3436 1981 3509; baseline 0.004 -23"><span class='ocrx_word' id='word_1_305' title='bbox 398 3436 591 3505; x_wconf 87' lang='grc' dir='ltr'>χρόνου</span> <span class='ocrx_word' id='word_1_306' title='bbox 617 3436 910 3505; x_wconf 83' lang='grc' dir='ltr'>γινομένην</span> <span class='ocrx_word' id='word_1_307' title='bbox 941 3436 1236 3494; x_wconf 87' lang='grc' dir='ltr'>ἀπώλειαν.</span> <span class='ocrx_word' id='word_1_308' title='bbox 1259 3436 1394 3507; x_wconf 82' lang='grc' dir='ltr'>ὅπερ</span> <span class='ocrx_word' id='word_1_309' title='bbox 1421 3437 1705 3503; x_wconf 87' lang='grc' dir='ltr'>ἀδύνατον,</span> <span class='ocrx_word' id='word_1_310' title='bbox 1734 3440 1823 3492; x_wconf 67' lang='grc' dir='ltr'>τὸν</span> <span class='ocrx_word' id='word_1_311' title='bbox 1851 3440 1981 3509; x_wconf 90' lang='grc' dir='ltr'>γοῦν</span> 
     </span>
    </p>
   </div>
   <div class='ocr_carea' id='block_1_40' title="bbox 399 3516 1980 3593">
    <p class='ocr_par' dir='ltr' id='par_1_40' title="bbox 399 3516 1980 3593">
     <span class='ocr_line' id='line_1_40' title="bbox 399 3516 1980 3593; baseline 0.003 -23"><span class='ocrx_word' id='word_1_312' title='bbox 399 3516 625 3572; x_wconf 86' lang='grc' dir='ltr'>θάνατον</span> <span class='ocrx_word' id='word_1_313' title='bbox 653 3517 713 3571; x_wconf 93' lang='grc' dir='ltr'>οὐ</span> <span class='ocrx_word' id='word_1_314' title='bbox 736 3518 998 3589; x_wconf 79' lang='grc' dir='ltr'>διαφεύξῃ</span> <span class='ocrx_word' id='word_1_315' title='bbox 1031 3519 1180 3581; x_wconf 84' lang='grc' dir='ltr'>ποτὲ,</span> <span class='ocrx_word' id='word_1_316' title='bbox 1202 3518 1315 3571; x_wconf 84' lang='grc' dir='ltr'>ἀλλ’</span> <span class='ocrx_word' id='word_1_317' title='bbox 1349 3520 1698 3593; x_wconf 80' lang='grc' dir='ltr'>ἀφαιρεθήσῃ</span> <span class='ocrx_word' id='word_1_318' title='bbox 1724 3521 1744 3552; x_wconf 81' lang='grc'><strong><em>⁸</em></strong></span> <span class='ocrx_word' id='word_1_319' title='bbox 1769 3521 1980 3574; x_wconf 76' lang='grc' dir='ltr'>ἅπαντα</span> 
     </span>
    </p>
   </div>
   <div class='ocr_carea' id='block_1_41' title="bbox 397 3605 1980 3682">
    <p class='ocr_par' dir='ltr' id='par_1_41' title="bbox 397 3605 1980 3682">
     <span class='ocr_line' id='line_1_41' title="bbox 397 3605 1980 3682; baseline 0.003 -26"><span class='ocrx_word' id='word_1_320' title='bbox 397 3605 582 3658; x_wconf 80' lang='grc' dir='ltr'>ἐκεῖνα</span> <span class='ocrx_word' id='word_1_321' title='bbox 631 3607 689 3657; x_wconf 90' lang='grc' dir='ltr'>ἐν</span> <span class='ocrx_word' id='word_1_322' title='bbox 745 3606 844 3675; x_wconf 85' lang='grc' dir='ltr'>μιᾷ</span> <span class='ocrx_word' id='word_1_323' title='bbox 883 3605 1074 3675; x_wconf 88' lang='grc' dir='ltr'>καιροῦ</span> <span class='ocrx_word' id='word_1_324' title='bbox 1123 3607 1305 3675; x_wconf 79' lang='grc' dir='ltr'>ῥοπῇ·</span> <span class='ocrx_word' id='word_1_325' title='bbox 1360 3607 1453 3658; x_wconf 77' lang='grc' dir='ltr'>καὶ</span> <span class='ocrx_word' id='word_1_326' title='bbox 1489 3607 1590 3660; x_wconf 87' lang='grc' dir='ltr'>οὐκ</span> <span class='ocrx_word' id='word_1_327' title='bbox 1637 3609 1980 3682; x_wconf 82' lang='grc' dir='ltr'>ἀφαιρεθήσῃ</span> 
     </span>
    </p>
   </div>
   <div class='ocr_carea' id='block_1_42' title="bbox 400 3685 1977 3762">
    <p class='ocr_par' dir='ltr' id='par_1_42' title="bbox 400 3685 1977 3762">
     <span class='ocr_line' id='line_1_42' title="bbox 400 3685 1977 3762; baseline 0.003 -23"><span class='ocrx_word' id='word_1_328' title='bbox 400 3687 582 3756; x_wconf 87' lang='grc' dir='ltr'>μόνον,</span> <span class='ocrx_word' id='word_1_329' title='bbox 616 3687 752 3740; x_wconf 89' lang='grc' dir='ltr'>ἀλλά</span> <span class='ocrx_word' id='word_1_330' title='bbox 778 3689 872 3740; x_wconf 77' lang='grc' dir='ltr'>καὶ</span> <span class='ocrx_word' id='word_1_331' title='bbox 898 3689 979 3750; x_wconf 88' lang='grc' dir='ltr'>εἰς</span> <span class='ocrx_word' id='word_1_332' title='bbox 1011 3687 1110 3751; x_wconf 77' lang='grc' dir='ltr'>τὰς</span> <span class='ocrx_word' id='word_1_333' title='bbox 1143 3687 1252 3740; x_wconf 82' lang='grc' dir='ltr'>τῶν</span> <span class='ocrx_word' id='word_1_334' title='bbox 1279 3685 1489 3758; x_wconf 86' lang='grc' dir='ltr'>ἐχθρῶν</span> <span class='ocrx_word' id='word_1_335' title='bbox 1515 3688 1772 3752; x_wconf 86' lang='grc' dir='ltr'>πολλάκις</span> <span class='ocrx_word' id='word_1_336' title='bbox 1798 3708 1977 3762; x_wconf 69' lang='grc' dir='ltr'>παραυ</span> 
     </span>
    </p>
   </div>
   <div class='ocr_carea' id='block_1_43' title="bbox 398 3769 1978 3846">
    <p class='ocr_par' dir='ltr' id='par_1_43' title="bbox 398 3769 1978 3846">
     <span class='ocr_line' id='line_1_43' title="bbox 398 3769 1978 3846; baseline 0.003 -23"><span class='ocrx_word' id='word_1_337' title='bbox 398 3769 635 3839; x_wconf 78' lang='grc' dir='ltr'>πέμψεις</span> <span class='ocrx_word' id='word_1_338' title='bbox 667 3773 876 3840; x_wconf 88' lang='grc' dir='ltr'>χεῖρας.</span> <span class='ocrx_word' id='word_1_339' title='bbox 903 3772 1000 3822; x_wconf 76' lang='grc' dir='ltr'>Ἂν</span> <span class='ocrx_word' id='word_1_340' title='bbox 1020 3771 1076 3823; x_wconf 85' lang='grc' dir='ltr'>δὲ</span> <span class='ocrx_word' id='word_1_341' title='bbox 1115 3772 1192 3834; x_wconf 89' lang='grc' dir='ltr'>εἰς</span> <span class='ocrx_word' id='word_1_342' title='bbox 1225 3771 1443 3839; x_wconf 90' lang='grc' dir='ltr'>ἐκείνην</span> <span class='ocrx_word' id='word_1_343' title='bbox 1472 3773 1848 3846; x_wconf 79' lang='grc' dir='ltr'>παραπέμψῃς</span> <span class='ocrx_word' id='word_1_344' title='bbox 1875 3775 1978 3843; x_wconf 84' lang='grc' dir='ltr'>τὴν</span> 
     </span>
    </p>
   </div>
   <div class='ocr_carea' id='block_1_44' title="bbox 395 3851 1977 3926">
    <p class='ocr_par' dir='ltr' id='par_1_44' title="bbox 395 3851 1977 3926">
     <span class='ocr_line' id='line_1_44' title="bbox 395 3851 1977 3926; baseline 0.004 -22"><span class='ocrx_word' id='word_1_345' title='bbox 395 3853 596 3916; x_wconf 89' lang='grc' dir='ltr'>οἰκίαν,</span> <span class='ocrx_word' id='word_1_346' title='bbox 623 3851 840 3904; x_wconf 86' lang='grc' dir='ltr'>πάντων</span> <span class='ocrx_word' id='word_1_347' title='bbox 865 3851 1136 3923; x_wconf 84' lang='grc' dir='ltr'>ἀνώτερος</span> <span class='ocrx_word' id='word_1_348' title='bbox 1179 3853 1296 3923; x_wconf 79' lang='grc' dir='ltr'>ἔσῃ.</span> <span class='ocrx_word' id='word_1_349' title='bbox 1331 3852 1466 3906; x_wconf 81' lang='grc' dir='ltr'>Οὐτε</span> <span class='ocrx_word' id='word_1_350' title='bbox 1505 3855 1613 3926; x_wconf 91' lang='grc' dir='ltr'>γάρ</span> <span class='ocrx_word' id='word_1_351' title='bbox 1645 3855 1812 3922; x_wconf 82' lang='grc' dir='ltr'>κλεῖν,</span> <span class='ocrx_word' id='word_1_352' title='bbox 1852 3857 1977 3910; x_wconf 84' lang='grc' dir='ltr'>οὐτε</span> 
     </span>
    </p>
   </div>
   <div class='ocr_carea' id='block_1_45' title="bbox 396 3934 1978 4009">
    <p class='ocr_par' dir='ltr' id='par_1_45' title="bbox 396 3934 1978 4009">
     <span class='ocr_line' id='line_1_45' title="bbox 396 3934 1978 4009; baseline 0.003 -21"><span class='ocrx_word' id='word_1_353' title='bbox 396 3935 563 4006; x_wconf 87' lang='grc' dir='ltr'>θύρας</span> <span class='ocrx_word' id='word_1_354' title='bbox 588 3934 680 3987; x_wconf 80' lang='grc' dir='ltr'>καὶ</span> <span class='ocrx_word' id='word_1_355' title='bbox 703 3935 930 4004; x_wconf 83' lang='grc' dir='ltr'>μοχλοὺς</span> <span class='ocrx_word' id='word_1_356' title='bbox 963 3937 1230 3988; x_wconf 84' lang='grc' dir='ltr'>ἐπιθεῖναι</span> <span class='ocrx_word' id='word_1_357' title='bbox 1250 3936 1331 3988; x_wconf 86' lang='grc' dir='ltr'>δεῖ</span> <span class='ocrx_word' id='word_1_358' title='bbox 1355 3953 1367 3964; x_wconf 93' lang='grc'><strong>·</strong></span> <span class='ocrx_word' id='word_1_359' title='bbox 1389 3937 1613 4009; x_wconf 87' lang='grc' dir='ltr'>τοιαύτη</span> <span class='ocrx_word' id='word_1_360' title='bbox 1641 3941 1739 4008; x_wconf 85' lang='grc' dir='ltr'>τῆς</span> <span class='ocrx_word' id='word_1_361' title='bbox 1770 3939 1978 4004; x_wconf 88' lang='grc' dir='ltr'>πόλεως</span> 
     </span>
    </p>
   </div>
   <div class='ocr_carea' id='block_1_46' title="bbox 395 4017 1976 4090">
    <p class='ocr_par' dir='ltr' id='par_1_46' title="bbox 395 4017 1976 4090">
     <span class='ocr_line' id='line_1_46' title="bbox 395 4017 1976 4090; baseline 0.004 -20"><span class='ocrx_word' id='word_1_362' title='bbox 395 4018 610 4086; x_wconf 82' lang='grc' dir='ltr'>ἐκείνης</span> <span class='ocrx_word' id='word_1_363' title='bbox 632 4020 664 4088; x_wconf 90' lang='grc' dir='ltr'>ἡ</span> <span class='ocrx_word' id='word_1_364' title='bbox 687 4017 914 4086; x_wconf 88' lang='grc' dir='ltr'>δύναμις</span> <span class='ocrx_word' id='word_1_365' title='bbox 937 4034 950 4048; x_wconf 90' lang='grc'><strong>·</strong></span> <span class='ocrx_word' id='word_1_366' title='bbox 987 4017 1156 4082; x_wconf 85' lang='grc' dir='ltr'>οὕτως</span> <span class='ocrx_word' id='word_1_367' title='bbox 1186 4018 1384 4072; x_wconf 79' lang='grc' dir='ltr'>ἄσυλον</span> <span class='ocrx_word' id='word_1_368' title='bbox 1416 4019 1475 4072; x_wconf 83' lang='lat' dir='ltr'>rb</span> <span class='ocrx_word' id='word_1_369' title='bbox 1504 4020 1700 4090; x_wconf 88' lang='grc' dir='ltr'>χωρίον</span> <span class='ocrx_word' id='word_1_370' title='bbox 1727 4023 1864 4084; x_wconf 73' lang='grc' dir='ltr'>ἐστὶ,</span> <span class='ocrx_word' id='word_1_371' title='bbox 1884 4024 1976 4076; x_wconf 79' lang='grc' dir='ltr'>καὶ</span> 
     </span>
    </p>
   </div>
   <div class='ocr_carea' id='block_1_47' title="bbox 396 4100 1900 4174">
    <p class='ocr_par' dir='ltr' id='par_1_47' title="bbox 396 4100 1900 4174">
     <span class='ocr_line' id='line_1_47' title="bbox 396 4100 1900 4174; baseline 0.003 -20"><span class='ocrx_word' id='word_1_372' title='bbox 396 4100 572 4171; x_wconf 83' lang='grc' dir='ltr'>φθορᾷ</span> <span class='ocrx_word' id='word_1_373' title='bbox 599 4101 692 4154; x_wconf 76' lang='grc' dir='ltr'>καὶ</span> <span class='ocrx_word' id='word_1_374' title='bbox 717 4101 948 4172; x_wconf 76' lang='grc' dir='ltr'>πονηρίᾳ</span> <span class='ocrx_word' id='word_1_375' title='bbox 971 4103 1117 4172; x_wconf 85' lang='grc' dir='ltr'>πάσῃ</span> <span class='ocrx_word' id='word_1_376' title='bbox 1142 4102 1340 4155; x_wconf 75' lang='grc' dir='ltr'>ἄϐατον</span> <span class='ocrx_word' id='word_1_377' title='bbox 1373 4102 1528 4155; x_wconf 89' lang='grc' dir='ltr'>τοῦτο</span> <span class='ocrx_word' id='word_1_378' title='bbox 1559 4104 1830 4174; x_wconf 85' lang='grc' dir='ltr'>ὑφέστηκε</span> <span class='ocrx_word' id='word_1_379' title='bbox 1858 4105 1900 4158; x_wconf 75' lang='grc'>⁸.</span> 
     </span>
    </p>
   </div>
   <div class='ocr_carea' id='block_1_48' title="bbox 463 4179 1972 4254">
    <p class='ocr_par' dir='ltr' id='par_1_48' title="bbox 463 4179 1972 4254">
     <span class='ocr_line' id='line_1_48' title="bbox 463 4179 1972 4254; baseline 0.005 -18"><span class='ocrx_word' id='word_1_380' title='bbox 463 4189 525 4239; x_wconf 86' lang='grc' dir='ltr'>ε’.</span> <span class='ocrx_word' id='word_1_381' title='bbox 551 4183 674 4246; x_wconf 83' lang='grc' dir='ltr'>Πῶς</span> <span class='ocrx_word' id='word_1_382' title='bbox 705 4179 799 4237; x_wconf 80' lang='grc' dir='ltr'>οὖν</span> <span class='ocrx_word' id='word_1_383' title='bbox 817 4185 916 4236; x_wconf 90' lang='grc' dir='ltr'>οὐκ</span> <span class='ocrx_word' id='word_1_384' title='bbox 933 4185 1166 4254; x_wconf 87' lang='grc' dir='ltr'>ἐσχάτης</span> <span class='ocrx_word' id='word_1_385' title='bbox 1185 4184 1388 4249; x_wconf 86' lang='grc' dir='ltr'>ἀνοίας,</span> <span class='ocrx_word' id='word_1_386' title='bbox 1410 4185 1535 4238; x_wconf 77' lang='grc' dir='ltr'>ἔνθα</span> <span class='ocrx_word' id='word_1_387' title='bbox 1557 4186 1654 4254; x_wconf 84' lang='grc' dir='ltr'>μὲν</span> <span class='ocrx_word' id='word_1_388' title='bbox 1677 4187 1972 4244; x_wconf 87' lang='grc' dir='ltr'>ἀπόλλυται</span> 
     </span>
    </p>
   </div>
   <div class='ocr_carea' id='block_1_49' title="bbox 393 4264 1962 4336">
    <p class='ocr_par' dir='ltr' id='par_1_49' title="bbox 393 4264 1962 4336">
     <span class='ocr_line' id='line_1_49' title="bbox 393 4264 1962 4336; baseline 0.004 -19"><span class='ocrx_word' id='word_1_389' title='bbox 393 4266 488 4317; x_wconf 71' lang='grc' dir='ltr'>καὶ</span> <span class='ocrx_word' id='word_1_390' title='bbox 514 4264 883 4336; x_wconf 85' lang='grc' dir='ltr'>διαφθείρεται</span> <span class='ocrx_word' id='word_1_391' title='bbox 911 4265 977 4318; x_wconf 82' lang='grc' dir='ltr'>τὰ</span> <span class='ocrx_word' id='word_1_392' title='bbox 1019 4265 1404 4336; x_wconf 84' lang='grc' dir='ltr'>ἀποτιθέμενα,</span> <span class='ocrx_word' id='word_1_393' title='bbox 1440 4267 1699 4336; x_wconf 81' lang='grc' dir='ltr'>σωρεύειν</span> <span class='ocrx_word' id='word_1_394' title='bbox 1730 4270 1962 4336; x_wconf 74' lang='grc' dir='ltr'>ἅπαντα,</span> 
     </span>
    </p>
   </div>
   <div class='ocr_carea' id='block_1_50' title="bbox 394 4347 1969 4416">
    <p class='ocr_par' dir='ltr' id='par_1_50' title="bbox 394 4347 1969 4416">
     <span class='ocr_line' id='line_1_50' title="bbox 394 4347 1969 4416; baseline 0.004 -16"><span class='ocrx_word' id='word_1_395' title='bbox 394 4347 521 4400; x_wconf 80' lang='grc' dir='ltr'>Ινθα</span> <span class='ocrx_word' id='word_1_396' title='bbox 545 4347 602 4400; x_wconf 80' lang='grc' dir='ltr'>δὲ</span> <span class='ocrx_word' id='word_1_397' title='bbox 637 4347 888 4415; x_wconf 81' lang='grc' dir='ltr'>ἀνέπαφα</span> <span class='ocrx_word' id='word_1_398' title='bbox 939 4347 1109 4416; x_wconf 84' lang='grc' dir='ltr'>μένει,</span> <span class='ocrx_word' id='word_1_399' title='bbox 1148 4349 1240 4400; x_wconf 81' lang='grc' dir='ltr'>καὶ</span> <span class='ocrx_word' id='word_1_400' title='bbox 1266 4348 1436 4400; x_wconf 87' lang='grc' dir='ltr'>πλείω</span> <span class='ocrx_word' id='word_1_401' title='bbox 1465 4349 1692 4416; x_wconf 85' lang='grc' dir='ltr'>γίνεται,</span> <span class='ocrx_word' id='word_1_402' title='bbox 1736 4353 1969 4408; x_wconf 86' lang='grc' dir='ltr'>ἐνταῦθα</span> 
     </span>
    </p>
   </div>
   <div class='ocr_carea' id='block_1_51' title="bbox 396 4429 1968 4500">
    <p class='ocr_par' dir='ltr' id='par_1_51' title="bbox 396 4429 1968 4500">
     <span class='ocr_line' id='line_1_51' title="bbox 396 4429 1968 4500; baseline 0.006 -19"><span class='ocrx_word' id='word_1_403' title='bbox 396 4429 532 4500; x_wconf 87' lang='grc' dir='ltr'>μηδέ</span> <span class='ocrx_word' id='word_1_404' title='bbox 559 4430 621 4482; x_wconf 89' lang='lat' dir='ltr'>rb</span> <span class='ocrx_word' id='word_1_405' title='bbox 642 4430 928 4484; x_wconf 82' lang='grc' dir='ltr'>πολλοστὸν</span> <span class='ocrx_word' id='word_1_406' title='bbox 955 4429 1305 4483; x_wconf 87' lang='grc' dir='ltr'>ἀποτίθεσθαι</span> <span class='ocrx_word' id='word_1_407' title='bbox 1338 4430 1521 4499; x_wconf 85' lang='grc' dir='ltr'>μέρος,</span> <span class='ocrx_word' id='word_1_408' title='bbox 1551 4436 1644 4487; x_wconf 76' lang='grc' dir='ltr'>καὶ</span> <span class='ocrx_word' id='word_1_409' title='bbox 1676 4435 1847 4490; x_wconf 90' lang='grc' dir='ltr'>ταῦτα</span> <span class='ocrx_word' id='word_1_410' title='bbox 1879 4434 1968 4492; x_wconf 84' lang='grc' dir='ltr'>τὸν</span> 
     </span>
    </p>
   </div>
   <div class='ocr_carea' id='block_1_52' title="bbox 392 4511 1967 4584">
    <p class='ocr_par' dir='ltr' id='par_1_52' title="bbox 392 4511 1967 4584">
     <span class='ocr_line' id='line_1_52' title="bbox 392 4511 1967 4584; baseline 0.006 -21"><span class='ocrx_word' id='word_1_411' title='bbox 392 4511 604 4564; x_wconf 74' lang='grc' dir='ltr'>ἅπαντα</span> <span class='ocrx_word' id='word_1_412' title='bbox 627 4512 918 4582; x_wconf 86' lang='grc' dir='ltr'>μέλλοντας</span> <span class='ocrx_word' id='word_1_413' title='bbox 934 4514 1048 4565; x_wconf 85' lang='grc' dir='ltr'>ἐκεῖ</span> <span class='ocrx_word' id='word_1_414' title='bbox 1072 4512 1363 4582; x_wconf 78' lang='grc' dir='ltr'>βιώσεσθαι</span> <span class='ocrx_word' id='word_1_415' title='bbox 1384 4514 1426 4547; x_wconf 84' lang='grc'>¹⁰</span> <span class='ocrx_word' id='word_1_416' title='bbox 1449 4516 1666 4584; x_wconf 87' lang='grc' dir='ltr'>χρόνον;</span> <span class='ocrx_word' id='word_1_417' title='bbox 1687 4518 1787 4570; x_wconf 90' lang='grc' dir='ltr'>Διά</span> <span class='ocrx_word' id='word_1_418' title='bbox 1810 4519 1967 4573; x_wconf 77' lang='grc' dir='ltr'>τοῦτο</span> 
     </span>
    </p>
   </div>
   <div class='ocr_carea' id='block_1_53' title="bbox 392 4592 1964 4669">
    <p class='ocr_par' dir='ltr' id='par_1_53' title="bbox 392 4592 1964 4669">
     <span class='ocr_line' id='line_1_53' title="bbox 392 4592 1964 4669; baseline 0.006 -25"><span class='ocrx_word' id='word_1_419' title='bbox 392 4592 489 4645; x_wconf 77' lang='grc' dir='ltr'>καὶ</span> <span class='ocrx_word' id='word_1_420' title='bbox 514 4592 774 4669; x_wconf 58' lang='grc' dir='ltr'>Ἓλληνες</span> <span class='ocrx_word' id='word_1_421' title='bbox 801 4593 1087 4646; x_wconf 81' lang='grc' dir='ltr'>ἀπιστοῦσι</span> <span class='ocrx_word' id='word_1_422' title='bbox 1122 4597 1234 4658; x_wconf 90' lang='grc' dir='ltr'>τοῖς</span> <span class='ocrx_word' id='word_1_423' title='bbox 1265 4595 1394 4666; x_wconf 80' lang='grc' dir='ltr'>παρ’</span> <span class='ocrx_word' id='word_1_424' title='bbox 1431 4597 1586 4666; x_wconf 81' lang='grc' dir='ltr'>ἡμῶν</span> <span class='ocrx_word' id='word_1_425' title='bbox 1617 4597 1929 4669; x_wconf 85' lang='grc' dir='ltr'>λεγομένοις</span> <span class='ocrx_word' id='word_1_426' title='bbox 1949 4616 1964 4629; x_wconf 82' lang='lat'>&#39;</span> 
     </span>
    </p>
   </div>
   <div class='ocr_carea' id='block_1_54' title="bbox 388 4666 1966 4752">
    <p class='ocr_par' dir='ltr' id='par_1_54' title="bbox 388 4666 1966 4752">
     <span class='ocr_line' id='line_1_54' title="bbox 388 4666 1966 4752; baseline 0.006 -28"><span class='ocrx_word' id='word_1_427' title='bbox 388 4672 482 4740; x_wconf 84' lang='grc' dir='ltr'>ἀφ’</span> <span class='ocrx_word' id='word_1_428' title='bbox 522 4666 597 4725; x_wconf 80' lang='grc' dir='ltr'>ὧν</span> <span class='ocrx_word' id='word_1_429' title='bbox 642 4672 752 4743; x_wconf 75' lang='grc' dir='ltr'>γάρ</span> <span class='ocrx_word' id='word_1_430' title='bbox 809 4673 1140 4742; x_wconf 81' lang='grc' dir='ltr'>πράττομεν,</span> <span class='ocrx_word' id='word_1_431' title='bbox 1181 4675 1282 4728; x_wconf 91' lang='grc' dir='ltr'>οὐκ</span> <span class='ocrx_word' id='word_1_432' title='bbox 1321 4675 1414 4744; x_wconf 78' lang='grc' dir='ltr'>ἀφ’</span> <span class='ocrx_word' id='word_1_433' title='bbox 1449 4670 1524 4729; x_wconf 81' lang='grc' dir='ltr'>ὧν</span> <span class='ocrx_word' id='word_1_434' title='bbox 1571 4666 1830 4747; x_wconf 83' lang='grc' dir='ltr'>λέγομεν,</span> <span class='ocrx_word' id='word_1_435' title='bbox 1866 4681 1966 4752; x_wconf 77' lang='grc' dir='ltr'>τὴν</span> 
     </span>
    </p>
   </div>
   <div class='ocr_carea' id='block_1_55' title="bbox 1582 275 2564 341">
    <p class='ocr_par' dir='ltr' id='par_1_55' title="bbox 1582 275 2564 341">
     <span class='ocr_line' id='line_1_55' title="bbox 1582 275 2564 341; baseline 0.011 -11"><span class='ocrx_word' id='word_1_436' title='bbox 1582 275 1648 331; x_wconf 79' lang='lat' dir='ltr'>IN</span> <span class='ocrx_word' id='word_1_437' title='bbox 1695 275 2113 334; x_wconf 67' lang='lat' dir='ltr'>BIATTHIEUM</span> <span class='ocrx_word' id='word_1_438' title='bbox 2160 279 2393 340; x_wconf 84' lang='lat' dir='ltr'>IIOMIL.</span> <span class='ocrx_word' id='word_1_439' title='bbox 2425 285 2564 341; x_wconf 76' lang='lat' dir='ltr'>XIII.</span> 
     </span>
    </p>
   </div>
   <div class='ocr_carea' id='block_1_56' title="bbox 3579 287 3689 345">
    <p class='ocr_par' dir='ltr' id='par_1_56' title="bbox 3579 287 3689 345">
     <span class='ocr_line' id='line_1_56' title="bbox 3579 287 3689 345; baseline 0.018 -3"><span class='ocrx_word' id='word_1_440' title='bbox 3579 287 3689 345; x_wconf 74' lang='lat'>208</span> 
     </span>
    </p>
   </div>
   <div class='ocr_carea' id='block_1_57' title="bbox 2113 397 3689 469">
    <p class='ocr_par' dir='ltr' id='par_1_57' title="bbox 2113 397 3689 469">
     <span class='ocr_line' id='line_1_57' title="bbox 2113 397 3689 469; baseline 0.005 -22"><span class='ocrx_word' id='word_1_441' title='bbox 2113 399 2243 469; x_wconf 79' lang='grc' dir='ltr'>παρ’</span> <span class='ocrx_word' id='word_1_442' title='bbox 2264 398 2419 469; x_wconf 81' lang='grc' dir='ltr'>ἡμῶν</span> <span class='ocrx_word' id='word_1_443' title='bbox 2442 399 2712 462; x_wconf 86' lang='grc' dir='ltr'>ἀπόδειξιν</span> <span class='ocrx_word' id='word_1_444' title='bbox 2734 398 3029 468; x_wconf 89' lang='grc' dir='ltr'>λαμϐάνειν</span> <span class='ocrx_word' id='word_1_445' title='bbox 3056 397 3294 450; x_wconf 69' lang='grc' dir='ltr'>ἐθέλουσι</span> <span class='ocrx_word' id='word_1_446' title='bbox 3315 415 3329 429; x_wconf 79' lang='grc' dir='ltr'><strong><em>ο</em></strong></span> <span class='ocrx_word' id='word_1_447' title='bbox 3356 397 3448 452; x_wconf 72' lang='grc' dir='ltr'>καὶ</span> <span class='ocrx_word' id='word_1_448' title='bbox 3471 399 3689 455; x_wconf 80' lang='grc' dir='ltr'>ἐπειδὰν</span> 
     </span>
    </p>
   </div>
   <div class='ocr_carea' id='block_1_58' title="bbox 2113 478 3686 551">
    <p class='ocr_par' dir='ltr' id='par_1_58' title="bbox 2113 478 3686 551">
     <span class='ocr_line' id='line_1_58' title="bbox 2113 478 3686 551; baseline 0.003 -21"><span class='ocrx_word' id='word_1_449' title='bbox 2113 478 2296 534; x_wconf 72' lang='grc' dir='ltr'>ἴδωσιν</span> <span class='ocrx_word' id='word_1_450' title='bbox 2335 481 2512 544; x_wconf 90' lang='grc' dir='ltr'>οἰκίας</span> <span class='ocrx_word' id='word_1_451' title='bbox 2543 480 3026 549; x_wconf 88' lang='grc' dir='ltr'>οἰκοδομουμένους</span> <span class='ocrx_word' id='word_1_452' title='bbox 3062 479 3339 547; x_wconf 79' lang='grc' dir='ltr'>λαμπρὰς,</span> <span class='ocrx_word' id='word_1_453' title='bbox 3383 481 3475 532; x_wconf 72' lang='grc' dir='ltr'>καὶ</span> <span class='ocrx_word' id='word_1_454' title='bbox 3507 498 3686 551; x_wconf 83' lang='grc' dir='ltr'>παρα-</span> 
     </span>
    </p>
   </div>
   <div class='ocr_carea' id='block_1_59' title="bbox 2109 560 3688 635">
    <p class='ocr_par' dir='ltr' id='par_1_59' title="bbox 2109 560 3688 635">
     <span class='ocr_line' id='line_1_59' title="bbox 2109 560 3688 635; baseline 0.004 -24"><span class='ocrx_word' id='word_1_455' title='bbox 2109 560 2318 624; x_wconf 88' lang='grc' dir='ltr'>δείσους</span> <span class='ocrx_word' id='word_1_456' title='bbox 2357 563 2865 626; x_wconf 81' lang='grc' dir='ltr'>κατασκευάζοντας</span> <span class='ocrx_word' id='word_1_457' title='bbox 2907 562 3001 613; x_wconf 75' lang='grc' dir='ltr'>καὶ</span> <span class='ocrx_word' id='word_1_458' title='bbox 3045 560 3244 630; x_wconf 83' lang='grc' dir='ltr'>λουτρά</span> <span class='ocrx_word' id='word_1_459' title='bbox 3271 601 3285 625; x_wconf 90' lang='grc'>,</span> <span class='ocrx_word' id='word_1_460' title='bbox 3335 565 3429 615; x_wconf 74' lang='grc' dir='ltr'>καὶ</span> <span class='ocrx_word' id='word_1_461' title='bbox 3482 565 3688 635; x_wconf 84' lang='grc' dir='ltr'>ἀγροὺς</span> 
     </span>
    </p>
   </div>
   <div class='ocr_carea' id='block_1_60' title="bbox 2109 642 3696 716">
    <p class='ocr_par' dir='ltr' id='par_1_60' title="bbox 2109 642 3696 716">
     <span class='ocr_line' id='line_1_60' title="bbox 2109 642 3696 716; baseline 0.001 -20"><span class='ocrx_word' id='word_1_462' title='bbox 2109 644 2478 713; x_wconf 83' lang='grc' dir='ltr'>ὠνουμένους,</span> <span class='ocrx_word' id='word_1_463' title='bbox 2525 646 2623 698; x_wconf 92' lang='grc' dir='ltr'>οὐκ</span> <span class='ocrx_word' id='word_1_464' title='bbox 2673 645 2913 697; x_wconf 84' lang='grc' dir='ltr'>ἐθέλουσι</span> <span class='ocrx_word' id='word_1_465' title='bbox 2963 643 3003 674; x_wconf 85' lang='grc'>¹¹</span> <span class='ocrx_word' id='word_1_466' title='bbox 3048 642 3370 706; x_wconf 87' lang='grc' dir='ltr'>πιστεῦσαι,</span> <span class='ocrx_word' id='word_1_467' title='bbox 3418 645 3497 697; x_wconf 84' lang='grc' dir='ltr'>δτι</span> <span class='ocrx_word' id='word_1_468' title='bbox 3549 645 3696 716; x_wconf 83' lang='grc' dir='ltr'>πρδρ</span> 
     </span>
    </p>
   </div>
   <div class='ocr_carea' id='block_1_61' title="bbox 2110 724 3684 798">
    <p class='ocr_par' dir='ltr' id='par_1_61' title="bbox 2110 724 3684 798">
     <span class='ocr_line' id='line_1_61' title="bbox 2110 724 3684 798; baseline 0 -19"><span class='ocrx_word' id='word_1_469' title='bbox 2110 727 2302 797; x_wconf 82' lang='grc' dir='ltr'>ἑτέραν</span> <span class='ocrx_word' id='word_1_470' title='bbox 2348 727 2882 798; x_wconf 78' lang='grc' dir='ltr'>παρασκευαζόμεθα</span> <span class='ocrx_word' id='word_1_471' title='bbox 2911 727 2950 758; x_wconf 81' lang='grc'>¹²</span> <span class='ocrx_word' id='word_1_472' title='bbox 2991 725 3197 787; x_wconf 90' lang='grc' dir='ltr'>πόλεως</span> <span class='ocrx_word' id='word_1_473' title='bbox 3248 724 3573 795; x_wconf 77' lang='grc' dir='ltr'>ἀποδημίαν.</span> <span class='ocrx_word' id='word_1_474' title='bbox 3622 729 3684 779; x_wconf 88' lang='grc' dir='ltr'>Εἰ</span> 
     </span>
    </p>
   </div>
   <div class='ocr_carea' id='block_1_62' title="bbox 2108 807 3688 882">
    <p class='ocr_par' dir='ltr' id='par_1_62' title="bbox 2108 807 3688 882">
     <span class='ocr_line' id='line_1_62' title="bbox 2108 807 3688 882; baseline 0 -20"><span class='ocrx_word' id='word_1_475' title='bbox 2108 813 2216 882; x_wconf 85' lang='grc' dir='ltr'>γὰρ</span> <span class='ocrx_word' id='word_1_476' title='bbox 2245 809 2401 864; x_wconf 92' lang='grc' dir='ltr'>τοῦτο</span> <span class='ocrx_word' id='word_1_477' title='bbox 2431 807 2520 881; x_wconf 82' lang='grc' dir='ltr'>ἦν,</span> <span class='ocrx_word' id='word_1_478' title='bbox 2555 812 2739 880; x_wconf 67' lang='grc' dir='ltr'>φησὶν,</span> <span class='ocrx_word' id='word_1_479' title='bbox 2782 811 2996 864; x_wconf 73' lang='grc' dir='ltr'>ἅπαντα</span> <span class='ocrx_word' id='word_1_480' title='bbox 3037 809 3105 862; x_wconf 82' lang='grc' dir='ltr'>τὰ</span> <span class='ocrx_word' id='word_1_481' title='bbox 3148 807 3381 861; x_wconf 89' lang='grc' dir='ltr'>ἐνταῦθα</span> <span class='ocrx_word' id='word_1_482' title='bbox 3415 809 3480 861; x_wconf 84' lang='grc' dir='ltr'>ἂν</span> <span class='ocrx_word' id='word_1_483' title='bbox 3526 810 3688 879; x_wconf 79' lang='grc' dir='ltr'>ἐξαρ-</span> 
     </span>
    </p>
   </div>
   <div class='ocr_carea' id='block_1_63' title="bbox 2107 889 3685 964">
    <p class='ocr_par' dir='ltr' id='par_1_63' title="bbox 2107 889 3685 964">
     <span class='ocr_line' id='line_1_63' title="bbox 2107 889 3685 964; baseline 0 -21"><span class='ocrx_word' id='word_1_484' title='bbox 2107 893 2452 962; x_wconf 88' lang='grc' dir='ltr'>γυρίσαντες,</span> <span class='ocrx_word' id='word_1_485' title='bbox 2496 895 2613 946; x_wconf 85' lang='grc' dir='ltr'>ἐκεῖ</span> <span class='ocrx_word' id='word_1_486' title='bbox 2651 893 3058 964; x_wconf 84' lang='grc' dir='ltr'>προαπέθεντο·</span> <span class='ocrx_word' id='word_1_487' title='bbox 3103 891 3196 944; x_wconf 74' lang='grc' dir='ltr'>καὶ</span> <span class='ocrx_word' id='word_1_488' title='bbox 3243 889 3400 942; x_wconf 91' lang='grc' dir='ltr'>τοῦτο</span> <span class='ocrx_word' id='word_1_489' title='bbox 3431 891 3539 942; x_wconf 82' lang='grc' dir='ltr'>ἀπὸ</span> <span class='ocrx_word' id='word_1_490' title='bbox 3576 891 3685 943; x_wconf 84' lang='grc' dir='ltr'>τῶν</span> 
     </span>
    </p>
   </div>
   <div class='ocr_carea' id='block_1_64' title="bbox 2109 972 3684 1044">
    <p class='ocr_par' dir='ltr' id='par_1_64' title="bbox 2109 972 3684 1044">
     <span class='ocr_line' id='line_1_64' title="bbox 2109 972 3684 1044; baseline -0.001 -18"><span class='ocrx_word' id='word_1_491' title='bbox 2109 974 2341 1027; x_wconf 89' lang='grc' dir='ltr'>ἐνταῦθα</span> <span class='ocrx_word' id='word_1_492' title='bbox 2393 975 2691 1044; x_wconf 86' lang='grc' dir='ltr'>γινομένων</span> <span class='ocrx_word' id='word_1_493' title='bbox 2739 974 3109 1044; x_wconf 78' lang='grc' dir='ltr'>στοχάζονται.</span> <span class='ocrx_word' id='word_1_494' title='bbox 3159 972 3270 1025; x_wconf 76' lang='grc' dir='ltr'>Καὶ</span> <span class='ocrx_word' id='word_1_495' title='bbox 3315 972 3424 1042; x_wconf 84' lang='grc' dir='ltr'>γάρ</span> <span class='ocrx_word' id='word_1_496' title='bbox 3469 973 3684 1042; x_wconf 80' lang='grc' dir='ltr'>ὁρῶμεν</span> 
     </span>
    </p>
   </div>
   <div class='ocr_carea' id='block_1_65' title="bbox 2107 1054 3682 1128">
    <p class='ocr_par' dir='ltr' id='par_1_65' title="bbox 2107 1054 3682 1128">
     <span class='ocr_line' id='line_1_65' title="bbox 2107 1054 3682 1128; baseline 0 -21"><span class='ocrx_word' id='word_1_497' title='bbox 2107 1057 2232 1118; x_wconf 86' lang='grc' dir='ltr'>τοὺς</span> <span class='ocrx_word' id='word_1_498' title='bbox 2265 1057 2470 1128; x_wconf 85' lang='grc' dir='ltr'>σφόδρα</span> <span class='ocrx_word' id='word_1_499' title='bbox 2502 1057 2769 1127; x_wconf 86' lang='grc' dir='ltr'>εὐπόρους</span> <span class='ocrx_word' id='word_1_500' title='bbox 2807 1059 2862 1108; x_wconf 87' lang='grc' dir='ltr'>ἐν</span> <span class='ocrx_word' id='word_1_501' title='bbox 2896 1056 3132 1116; x_wconf 86' lang='grc' dir='ltr'>ἐκείναις</span> <span class='ocrx_word' id='word_1_502' title='bbox 3168 1054 3402 1122; x_wconf 88' lang='grc' dir='ltr'>μάλιστα</span> <span class='ocrx_word' id='word_1_503' title='bbox 3430 1057 3552 1116; x_wconf 87' lang='grc' dir='ltr'>ταῖς</span> <span class='ocrx_word' id='word_1_504' title='bbox 3581 1055 3682 1107; x_wconf 84' lang='grc' dir='ltr'>πό-</span> 
     </span>
    </p>
   </div>
   <div class='ocr_carea' id='block_1_66' title="bbox 2105 1136 3683 1208">
    <p class='ocr_par' dir='ltr' id='par_1_66' title="bbox 2105 1136 3683 1208">
     <span class='ocr_line' id='line_1_66' title="bbox 2105 1136 3683 1208; baseline -0.001 -20"><span class='ocrx_word' id='word_1_505' title='bbox 2105 1137 2252 1190; x_wconf 89' lang='grc' dir='ltr'>λεσιν</span> <span class='ocrx_word' id='word_1_506' title='bbox 2281 1140 2458 1201; x_wconf 86' lang='grc' dir='ltr'>οἰκίας</span> <span class='ocrx_word' id='word_1_507' title='bbox 2499 1139 2592 1192; x_wconf 78' lang='grc' dir='ltr'>καὶ</span> <span class='ocrx_word' id='word_1_508' title='bbox 2630 1140 2833 1208; x_wconf 82' lang='grc' dir='ltr'>ἀγροὺς</span> <span class='ocrx_word' id='word_1_509' title='bbox 2871 1137 2964 1191; x_wconf 75' lang='grc' dir='ltr'>καὶ</span> <span class='ocrx_word' id='word_1_510' title='bbox 2994 1137 3063 1190; x_wconf 89' lang='grc' dir='ltr'>τά</span> <span class='ocrx_word' id='word_1_511' title='bbox 3097 1136 3232 1190; x_wconf 84' lang='grc' dir='ltr'>ἄλλα</span> <span class='ocrx_word' id='word_1_512' title='bbox 3265 1137 3440 1189; x_wconf 90' lang='grc' dir='ltr'>πάντα</span> <span class='ocrx_word' id='word_1_513' title='bbox 3482 1152 3683 1204; x_wconf 88' lang='grc' dir='ltr'>κεκτη-</span> 
     </span>
    </p>
   </div>
   <div class='ocr_carea' id='block_1_67' title="bbox 2108 1217 3680 1287">
    <p class='ocr_par' dir='ltr' id='par_1_67' title="bbox 2108 1217 3680 1287">
     <span class='ocr_line' id='line_1_67' title="bbox 2108 1217 3680 1287; baseline -0.001 -17"><span class='ocrx_word' id='word_1_514' title='bbox 2108 1219 2333 1287; x_wconf 81' lang='grc' dir='ltr'>μένους,</span> <span class='ocrx_word' id='word_1_515' title='bbox 2396 1221 2454 1272; x_wconf 88' lang='grc' dir='ltr'>ἐν</span> <span class='ocrx_word' id='word_1_516' title='bbox 2507 1217 2596 1282; x_wconf 79' lang='grc' dir='ltr'>αἷς</span> <span class='ocrx_word' id='word_1_517' title='bbox 2645 1219 2940 1286; x_wconf 88' lang='grc' dir='ltr'>διατρίϐειν</span> <span class='ocrx_word' id='word_1_518' title='bbox 2983 1217 3283 1286; x_wconf 87' lang='grc' dir='ltr'>μέλλουσιν.</span> <span class='ocrx_word' id='word_1_519' title='bbox 3341 1217 3478 1269; x_wconf 84' lang='grc' dir='ltr'>Ἀλλ’</span> <span class='ocrx_word' id='word_1_520' title='bbox 3520 1218 3680 1286; x_wconf 83' lang='grc' dir='ltr'>ἡμεῖς</span> 
     </span>
    </p>
   </div>
   <div class='ocr_carea' id='block_1_68' title="bbox 2101 1299 3678 1370">
    <p class='ocr_par' dir='ltr' id='par_1_68' title="bbox 2101 1299 3678 1370">
     <span class='ocr_line' id='line_1_68' title="bbox 2101 1299 3678 1370; baseline 0.001 -20"><span class='ocrx_word' id='word_1_521' title='bbox 2101 1299 2414 1353; x_wconf 88' lang='grc' dir='ltr'>τούναντίον</span> <span class='ocrx_word' id='word_1_522' title='bbox 2443 1301 2706 1370; x_wconf 81' lang='grc' dir='ltr'>ποιοῦμεν</span> <span class='ocrx_word' id='word_1_523' title='bbox 2725 1316 2737 1328; x_wconf 84' lang='lat'><strong><em>°</em></strong></span> <span class='ocrx_word' id='word_1_524' title='bbox 2778 1301 2870 1353; x_wconf 75' lang='grc' dir='ltr'>καὶ</span> <span class='ocrx_word' id='word_1_525' title='bbox 2898 1299 2995 1370; x_wconf 79' lang='grc' dir='ltr'>τὴν</span> <span class='ocrx_word' id='word_1_526' title='bbox 3029 1300 3124 1369; x_wconf 83' lang='grc' dir='ltr'>μὲν</span> <span class='ocrx_word' id='word_1_527' title='bbox 3150 1299 3191 1329; x_wconf 85' lang='grc'>¹³</span> <span class='ocrx_word' id='word_1_528' title='bbox 3216 1302 3340 1370; x_wconf 83' lang='grc' dir='ltr'>γῆν,</span> <span class='ocrx_word' id='word_1_529' title='bbox 3379 1301 3445 1369; x_wconf 84' lang='grc' dir='ltr'>ἢν</span> <span class='ocrx_word' id='word_1_530' title='bbox 3487 1299 3678 1369; x_wconf 84' lang='grc' dir='ltr'>μικρὸν</span> 
     </span>
    </p>
   </div>
   <div class='ocr_carea' id='block_1_69' title="bbox 2104 1381 3680 1452">
    <p class='ocr_par' dir='ltr' id='par_1_69' title="bbox 2104 1381 3680 1452">
     <span class='ocr_line' id='line_1_69' title="bbox 2104 1381 3680 1452; baseline 0 -18"><span class='ocrx_word' id='word_1_531' title='bbox 2104 1381 2328 1452; x_wconf 81' lang='grc' dir='ltr'>ὕστερον</span> <span class='ocrx_word' id='word_1_532' title='bbox 2348 1384 2568 1451; x_wconf 88' lang='grc' dir='ltr'>ἀφιέναι</span> <span class='ocrx_word' id='word_1_533' title='bbox 2590 1382 2876 1452; x_wconf 90' lang='grc' dir='ltr'>μέλλομεν,</span> <span class='ocrx_word' id='word_1_534' title='bbox 2905 1385 3042 1449; x_wconf 86' lang='grc' dir='ltr'>μετά</span> <span class='ocrx_word' id='word_1_535' title='bbox 3070 1381 3270 1449; x_wconf 84' lang='grc' dir='ltr'>πολλῆς</span> <span class='ocrx_word' id='word_1_536' title='bbox 3293 1381 3550 1450; x_wconf 85' lang='grc' dir='ltr'>κτώμεθα</span> <span class='ocrx_word' id='word_1_537' title='bbox 3578 1381 3680 1449; x_wconf 83' lang='grc' dir='ltr'>τῆς</span> 
     </span>
    </p>
   </div>
   <div class='ocr_carea' id='block_1_70' title="bbox 2105 1461 3679 1534">
    <p class='ocr_par' dir='ltr' id='par_1_70' title="bbox 2105 1461 3679 1534">
     <span class='ocr_line' id='line_1_70' title="bbox 2105 1461 3679 1534; baseline -0.001 -18"><span class='ocrx_word' id='word_1_538' title='bbox 2105 1465 2371 1534; x_wconf 84' lang='grc' dir='ltr'>σπουδῆς,</span> <span class='ocrx_word' id='word_1_539' title='bbox 2414 1465 2535 1533; x_wconf 71' lang='grc' dir='ltr'>οὐχὶ</span> <span class='ocrx_word' id='word_1_540' title='bbox 2584 1465 2842 1532; x_wconf 82' lang='grc' dir='ltr'>χρήματα</span> <span class='ocrx_word' id='word_1_541' title='bbox 2874 1461 3024 1532; x_wconf 77' lang='grc'>[167]</span> <span class='ocrx_word' id='word_1_542' title='bbox 3074 1463 3252 1530; x_wconf 92' lang='grc' dir='ltr'>μόνον,</span> <span class='ocrx_word' id='word_1_543' title='bbox 3299 1462 3433 1514; x_wconf 89' lang='grc' dir='ltr'>ἀλλά</span> <span class='ocrx_word' id='word_1_544' title='bbox 3487 1463 3679 1515; x_wconf 75' lang='grc' dir='ltr'>καὶτὸ</span> 
     </span>
    </p>
   </div>
   <div class='ocr_carea' id='block_1_71' title="bbox 2101 1540 3678 1616">
    <p class='ocr_par' dir='ltr' id='par_1_71' title="bbox 2101 1540 3678 1616">
     <span class='ocr_line' id='line_1_71' title="bbox 2101 1540 3678 1616; baseline -0.001 -19"><span class='ocrx_word' id='word_1_545' title='bbox 2101 1540 2239 1614; x_wconf 71' lang='grc' dir='ltr'>αἷμα</span> <span class='ocrx_word' id='word_1_546' title='bbox 2261 1547 2392 1598; x_wconf 83' lang='grc' dir='ltr'>αὐτὸ</span> <span class='ocrx_word' id='word_1_547' title='bbox 2419 1548 2731 1616; x_wconf 86' lang='grc' dir='ltr'>προϊέμενοι</span> <span class='ocrx_word' id='word_1_548' title='bbox 2758 1544 2898 1614; x_wconf 83' lang='grc' dir='ltr'>ὑπὲρ</span> <span class='ocrx_word' id='word_1_549' title='bbox 2918 1543 3168 1613; x_wconf 88' lang='grc' dir='ltr'>πλέθρων</span> <span class='ocrx_word' id='word_1_550' title='bbox 3189 1543 3231 1573; x_wconf 74' lang='grc'><strong>⁸⁸</strong></span> <span class='ocrx_word' id='word_1_551' title='bbox 3250 1544 3342 1596; x_wconf 73' lang='grc' dir='ltr'>καὶ</span> <span class='ocrx_word' id='word_1_552' title='bbox 3362 1545 3678 1613; x_wconf 87' lang='grc' dir='ltr'>οἰκημάτων</span> 
     </span>
    </p>
   </div>
   <div class='ocr_carea' id='block_1_72' title="bbox 2099 1624 3678 1700">
    <p class='ocr_par' dir='ltr' id='par_1_72' title="bbox 2099 1624 3678 1700">
     <span class='ocr_line' id='line_1_72' title="bbox 2099 1624 3678 1700; baseline 0.001 -22"><span class='ocrx_word' id='word_1_553' title='bbox 2099 1628 2295 1696; x_wconf 87' lang='grc' dir='ltr'>ὀλίγων</span> <span class='ocrx_word' id='word_1_554' title='bbox 2317 1645 2330 1657; x_wconf 90' lang='grc'><strong>·</strong></span> <span class='ocrx_word' id='word_1_555' title='bbox 2362 1629 2501 1700; x_wconf 82' lang='grc' dir='ltr'>ὑπὲρ</span> <span class='ocrx_word' id='word_1_556' title='bbox 2539 1627 2594 1680; x_wconf 83' lang='grc' dir='ltr'>δὲ</span> <span class='ocrx_word' id='word_1_557' title='bbox 2624 1626 2717 1679; x_wconf 89' lang='grc' dir='ltr'>τοῦ</span> <span class='ocrx_word' id='word_1_558' title='bbox 2765 1625 2858 1678; x_wconf 82' lang='grc' dir='ltr'>τὸν</span> <span class='ocrx_word' id='word_1_559' title='bbox 2885 1625 3113 1695; x_wconf 83' lang='grc' dir='ltr'>οὐρανὸν</span> <span class='ocrx_word' id='word_1_560' title='bbox 3154 1624 3414 1694; x_wconf 87' lang='grc' dir='ltr'>πρίασθαι</span> <span class='ocrx_word' id='word_1_561' title='bbox 3457 1625 3577 1677; x_wconf 86' lang='grc' dir='ltr'>οὐδὲ</span> <span class='ocrx_word' id='word_1_562' title='bbox 3608 1625 3678 1680; x_wconf 79' lang='grc' dir='ltr'>τά</span> 
     </span>
    </p>
   </div>
   <div class='ocr_carea' id='block_1_73' title="bbox 2101 1706 3676 1780">
    <p class='ocr_par' dir='ltr' id='par_1_73' title="bbox 2101 1706 3676 1780">
     <span class='ocr_line' id='line_1_73' title="bbox 2101 1706 3676 1780; baseline -0.001 -18"><span class='ocrx_word' id='word_1_563' title='bbox 2101 1709 2333 1780; x_wconf 86' lang='grc' dir='ltr'>περιττά</span> <span class='ocrx_word' id='word_1_564' title='bbox 2384 1711 2482 1780; x_wconf 82' lang='grc' dir='ltr'>τῆς</span> <span class='ocrx_word' id='word_1_565' title='bbox 2531 1708 2722 1779; x_wconf 88' lang='grc' dir='ltr'>χρείας</span> <span class='ocrx_word' id='word_1_566' title='bbox 2771 1706 3078 1776; x_wconf 88' lang='grc' dir='ltr'>ἀνεχόμεθα</span> <span class='ocrx_word' id='word_1_567' title='bbox 3126 1706 3338 1772; x_wconf 87' lang='grc' dir='ltr'>δοῦναι,</span> <span class='ocrx_word' id='word_1_568' title='bbox 3368 1706 3463 1758; x_wconf 72' lang='grc' dir='ltr'>καὶ</span> <span class='ocrx_word' id='word_1_569' title='bbox 3503 1707 3676 1760; x_wconf 88' lang='grc' dir='ltr'>ταῦτα</span> 
     </span>
    </p>
   </div>
   <div class='ocr_carea' id='block_1_74' title="bbox 2097 1787 3676 1860">
    <p class='ocr_par' dir='ltr' id='par_1_74' title="bbox 2097 1787 3676 1860">
     <span class='ocr_line' id='line_1_74' title="bbox 2097 1787 3676 1860; baseline -0.001 -18"><span class='ocrx_word' id='word_1_570' title='bbox 2097 1791 2284 1860; x_wconf 79' lang='grc' dir='ltr'>ὀλίγης</span> <span class='ocrx_word' id='word_1_571' title='bbox 2312 1791 2473 1844; x_wconf 58' lang='grc' dir='ltr'>αὐτὴν</span> <span class='ocrx_word' id='word_1_572' title='bbox 2511 1791 2792 1860; x_wconf 88' lang='grc' dir='ltr'>μέλλοντες</span> <span class='ocrx_word' id='word_1_573' title='bbox 2821 1789 3075 1842; x_wconf 83' lang='grc' dir='ltr'>ὠνεῖσθαι</span> <span class='ocrx_word' id='word_1_574' title='bbox 3106 1789 3287 1858; x_wconf 84' lang='grc' dir='ltr'>τιμῆς,</span> <span class='ocrx_word' id='word_1_575' title='bbox 3322 1787 3416 1840; x_wconf 71' lang='grc' dir='ltr'>καὶ</span> <span class='ocrx_word' id='word_1_576' title='bbox 3453 1788 3676 1842; x_wconf 89' lang='grc' dir='ltr'>διαπαν-</span> 
     </span>
    </p>
   </div>
   <div class='ocr_carea' id='block_1_75' title="bbox 2095 1870 3675 1943">
    <p class='ocr_par' dir='ltr' id='par_1_75' title="bbox 2095 1870 3675 1943">
     <span class='ocr_line' id='line_1_75' title="bbox 2095 1870 3675 1943; baseline -0.003 -16"><span class='ocrx_word' id='word_1_577' title='bbox 2095 1873 2186 1936; x_wconf 76' lang='grc' dir='ltr'>τὸς</span> <span class='ocrx_word' id='word_1_578' title='bbox 2214 1872 2381 1943; x_wconf 76' lang='grc' dir='ltr'>ἔχειν,</span> <span class='ocrx_word' id='word_1_579' title='bbox 2425 1874 2539 1940; x_wconf 84' lang='grc' dir='ltr'>εἴγε</span> <span class='ocrx_word' id='word_1_580' title='bbox 2571 1873 2732 1924; x_wconf 83' lang='grc' dir='ltr'>αὐτὸν</span> <span class='ocrx_word' id='word_1_581' title='bbox 2759 1870 3133 1942; x_wconf 89' lang='grc' dir='ltr'>ώνησαίμεθα.</span> <span class='ocrx_word' id='word_1_582' title='bbox 3160 1871 3258 1923; x_wconf 88' lang='grc' dir='ltr'>Διά</span> <span class='ocrx_word' id='word_1_583' title='bbox 3285 1887 3367 1922; x_wconf 92' lang='grc' dir='ltr'>τοι</span> <span class='ocrx_word' id='word_1_584' title='bbox 3393 1870 3550 1924; x_wconf 91' lang='grc' dir='ltr'>τοῦτο</span> <span class='ocrx_word' id='word_1_585' title='bbox 3575 1871 3675 1941; x_wconf 77' lang='grc' dir='ltr'>τὴν</span> 
     </span>
    </p>
   </div>
   <div class='ocr_carea' id='block_1_76' title="bbox 2095 1952 3674 2025">
    <p class='ocr_par' dir='ltr' id='par_1_76' title="bbox 2095 1952 3674 2025">
     <span class='ocr_line' id='line_1_76' title="bbox 2095 1952 3674 2025; baseline -0.001 -18"><span class='ocrx_word' id='word_1_586' title='bbox 2095 1956 2330 2025; x_wconf 87' lang='grc' dir='ltr'>ἐσχάτην</span> <span class='ocrx_word' id='word_1_587' title='bbox 2354 1954 2594 2022; x_wconf 84' lang='grc' dir='ltr'>δώσομεν</span> <span class='ocrx_word' id='word_1_588' title='bbox 2624 1954 2799 2023; x_wconf 87' lang='grc' dir='ltr'>δίκην,</span> <span class='ocrx_word' id='word_1_589' title='bbox 2818 1952 3015 2023; x_wconf 77' lang='grc' dir='ltr'>γυμνοὶ</span> <span class='ocrx_word' id='word_1_590' title='bbox 3039 1953 3135 2004; x_wconf 76' lang='grc' dir='ltr'>καὶ</span> <span class='ocrx_word' id='word_1_591' title='bbox 3165 1952 3392 2022; x_wconf 91' lang='grc' dir='ltr'>πένητες</span> <span class='ocrx_word' id='word_1_592' title='bbox 3424 1952 3674 2016; x_wconf 84' lang='grc' dir='ltr'>ἀπιόντες</span> 
     </span>
    </p>
   </div>
   <div class='ocr_carea' id='block_1_77' title="bbox 2093 2033 3673 2106">
    <p class='ocr_par' dir='ltr' id='par_1_77' title="bbox 2093 2033 3673 2106">
     <span class='ocr_line' id='line_1_77' title="bbox 2093 2033 3673 2106; baseline -0.001 -18"><span class='ocrx_word' id='word_1_593' title='bbox 2093 2038 2229 2089; x_wconf 83' lang='grc' dir='ltr'>ἐκεῖ’</span> <span class='ocrx_word' id='word_1_594' title='bbox 2255 2037 2452 2106; x_wconf 80' lang='grc' dir='ltr'>μᾶλλον</span> <span class='ocrx_word' id='word_1_595' title='bbox 2474 2037 2529 2088; x_wconf 84' lang='grc' dir='ltr'>δὲ</span> <span class='ocrx_word' id='word_1_596' title='bbox 2546 2037 2644 2104; x_wconf 89' lang='grc' dir='ltr'>οὐχ</span> <span class='ocrx_word' id='word_1_597' title='bbox 2663 2037 2800 2105; x_wconf 81' lang='grc' dir='ltr'>ὑπὲρ</span> <span class='ocrx_word' id='word_1_598' title='bbox 2817 2035 2914 2104; x_wconf 85' lang='grc' dir='ltr'>τῆς</span> <span class='ocrx_word' id='word_1_599' title='bbox 2937 2035 3214 2105; x_wconf 87' lang='grc' dir='ltr'>ἡμετέρας</span> <span class='ocrx_word' id='word_1_600' title='bbox 3227 2034 3519 2104; x_wconf 85' lang='grc' dir='ltr'>πτωχείας,</span> <span class='ocrx_word' id='word_1_601' title='bbox 3539 2033 3673 2087; x_wconf 88' lang='grc' dir='ltr'>ἀλλά</span> 
     </span>
    </p>
   </div>
   <div class='ocr_carea' id='block_1_78' title="bbox 2095 2114 3674 2190">
    <p class='ocr_par' dir='ltr' id='par_1_78' title="bbox 2095 2114 3674 2190">
     <span class='ocr_line' id='line_1_78' title="bbox 2095 2114 3674 2190; baseline -0.001 -19"><span class='ocrx_word' id='word_1_602' title='bbox 2095 2120 2187 2172; x_wconf 77' lang='grc' dir='ltr'>καὶ</span> <span class='ocrx_word' id='word_1_603' title='bbox 2216 2119 2358 2190; x_wconf 85' lang='grc' dir='ltr'>ὑπὲρ</span> <span class='ocrx_word' id='word_1_604' title='bbox 2395 2114 2470 2172; x_wconf 80' lang='grc' dir='ltr'>ὧν</span> <span class='ocrx_word' id='word_1_605' title='bbox 2503 2118 2694 2180; x_wconf 79' lang='grc' dir='ltr'>ἀλλους</span> <span class='ocrx_word' id='word_1_606' title='bbox 2724 2117 2997 2180; x_wconf 87' lang='grc' dir='ltr'>τοιούτους</span> <span class='ocrx_word' id='word_1_607' title='bbox 3027 2117 3307 2188; x_wconf 89' lang='grc' dir='ltr'>ποιοῦμεν,</span> <span class='ocrx_word' id='word_1_608' title='bbox 3337 2117 3437 2180; x_wconf 88' lang='grc' dir='ltr'>τάς</span> <span class='ocrx_word' id='word_1_609' title='bbox 3477 2116 3674 2188; x_wconf 84' lang='grc' dir='ltr'>ἀνηκέ-</span> 
     </span>
    </p>
   </div>
   <div class='ocr_carea' id='block_1_79' title="bbox 2096 2199 3672 2271">
    <p class='ocr_par' dir='ltr' id='par_1_79' title="bbox 2096 2199 3672 2271">
     <span class='ocr_line' id='line_1_79' title="bbox 2096 2199 3672 2271; baseline -0.001 -18"><span class='ocrx_word' id='word_1_610' title='bbox 2096 2219 2252 2264; x_wconf 90' lang='grc' dir='ltr'>στους</span> <span class='ocrx_word' id='word_1_611' title='bbox 2270 2203 2473 2270; x_wconf 85' lang='grc' dir='ltr'>ὐποστη</span> <span class='ocrx_word' id='word_1_612' title='bbox 2483 2202 2686 2270; x_wconf 90' lang='grc' dir='ltr'>σόμεθα</span> <span class='ocrx_word' id='word_1_613' title='bbox 2705 2218 2767 2252; x_wconf 92' lang='grc' dir='ltr'>συ</span> <span class='ocrx_word' id='word_1_614' title='bbox 2776 2201 3008 2271; x_wconf 91' lang='grc' dir='ltr'>μφοράς.</span> <span class='ocrx_word' id='word_1_615' title='bbox 3025 2199 3193 2254; x_wconf 87' lang='grc' dir='ltr'>Ὀταν</span> <span class='ocrx_word' id='word_1_616' title='bbox 3213 2201 3320 2269; x_wconf 86' lang='grc' dir='ltr'>γάρ</span> <span class='ocrx_word' id='word_1_617' title='bbox 3347 2200 3528 2252; x_wconf 87' lang='grc' dir='ltr'>ῐδωσιν</span> <span class='ocrx_word' id='word_1_618' title='bbox 3543 2199 3672 2252; x_wconf 78' lang='grc' dir='ltr'>Ἔλ-</span> 
     </span>
    </p>
   </div>
   <div class='ocr_carea' id='block_1_80' title="bbox 2092 2281 3672 2355">
    <p class='ocr_par' dir='ltr' id='par_1_80' title="bbox 2092 2281 3672 2355">
     <span class='ocr_line' id='line_1_80' title="bbox 2092 2281 3672 2355; baseline -0.002 -18"><span class='ocrx_word' id='word_1_619' title='bbox 2092 2285 2250 2355; x_wconf 87' lang='grc' dir='ltr'>ληνες</span> <span class='ocrx_word' id='word_1_620' title='bbox 2273 2286 2402 2354; x_wconf 81' lang='grc' dir='ltr'>περὶ</span> <span class='ocrx_word' id='word_1_621' title='bbox 2428 2284 2601 2337; x_wconf 89' lang='grc' dir='ltr'>ταῦτα</span> <span class='ocrx_word' id='word_1_622' title='bbox 2635 2283 3033 2345; x_wconf 81' lang='grc' dir='ltr'>σπουδάζοντας</span> <span class='ocrx_word' id='word_1_623' title='bbox 3069 2283 3196 2346; x_wconf 83' lang='grc' dir='ltr'>τοὺς</span> <span class='ocrx_word' id='word_1_624' title='bbox 3241 2281 3508 2335; x_wconf 89' lang='grc' dir='ltr'>τοσούτων</span> <span class='ocrx_word' id='word_1_625' title='bbox 3535 2283 3672 2334; x_wconf 79' lang='grc' dir='ltr'>ἀποο</span> 
     </span>
    </p>
   </div>
   <div class='ocr_carea' id='block_1_81' title="bbox 2089 2364 3673 2436">
    <p class='ocr_par' dir='ltr' id='par_1_81' title="bbox 2089 2364 3673 2436">
     <span class='ocr_line' id='line_1_81' title="bbox 2089 2364 3673 2436; baseline -0.001 -18"><span class='ocrx_word' id='word_1_626' title='bbox 2089 2366 2388 2429; x_wconf 88' lang='grc' dir='ltr'>λαύσαντας</span> <span class='ocrx_word' id='word_1_627' title='bbox 2413 2366 2746 2436; x_wconf 88' lang='grc' dir='ltr'>μυστηρίων,</span> <span class='ocrx_word' id='word_1_628' title='bbox 2782 2364 2962 2432; x_wconf 86' lang='grc' dir='ltr'>πολλῷ</span> <span class='ocrx_word' id='word_1_629' title='bbox 2988 2365 3186 2434; x_wconf 77' lang='grc' dir='ltr'>μᾶλλον</span> <span class='ocrx_word' id='word_1_630' title='bbox 3217 2365 3369 2416; x_wconf 78' lang='grc' dir='ltr'>αὐτοὶ</span> <span class='ocrx_word' id='word_1_631' title='bbox 3398 2364 3505 2416; x_wconf 83' lang='grc' dir='ltr'>τῶν</span> <span class='ocrx_word' id='word_1_632' title='bbox 3537 2381 3673 2432; x_wconf 67' lang='grc' dir='ltr'>παρα</span> 
     </span>
    </p>
   </div>
   <div class='ocr_carea' id='block_1_82' title="bbox 2089 2444 3670 2514">
    <p class='ocr_par' dir='ltr' id='par_1_82' title="bbox 2089 2444 3670 2514">
     <span class='ocr_line' id='line_1_82' title="bbox 2089 2444 3670 2514; baseline -0.001 -15"><span class='ocrx_word' id='word_1_633' title='bbox 2089 2449 2258 2501; x_wconf 82' lang='grc' dir='ltr'>όντων</span> <span class='ocrx_word' id='word_1_634' title='bbox 2308 2447 2643 2514; x_wconf 79' lang='grc' dir='ltr'>ἀνθέξονται.</span> <span class='ocrx_word' id='word_1_635' title='bbox 2686 2446 2847 2499; x_wconf 83' lang='grc' dir='ltr'>Ὅθεν</span> <span class='ocrx_word' id='word_1_636' title='bbox 2893 2447 3028 2500; x_wconf 88' lang='grc' dir='ltr'>πολύ</span> <span class='ocrx_word' id='word_1_637' title='bbox 3065 2447 3110 2478; x_wconf 85' lang='grc'>¹⁸</span> <span class='ocrx_word' id='word_1_638' title='bbox 3153 2449 3246 2499; x_wconf 77' lang='grc' dir='ltr'>καὶ</span> <span class='ocrx_word' id='word_1_639' title='bbox 3291 2445 3541 2499; x_wconf 84' lang='grc' dir='ltr'>ἐντεῦθεν</span> <span class='ocrx_word' id='word_1_640' title='bbox 3575 2444 3670 2498; x_wconf 78' lang='grc' dir='ltr'>ἐπὶ</span> 
     </span>
    </p>
   </div>
   <div class='ocr_carea' id='block_1_83' title="bbox 2087 2528 3671 2602">
    <p class='ocr_par' dir='ltr' id='par_1_83' title="bbox 2087 2528 3671 2602">
     <span class='ocr_line' id='line_1_83' title="bbox 2087 2528 3671 2602; baseline -0.001 -20"><span class='ocrx_word' id='word_1_641' title='bbox 2087 2531 2185 2602; x_wconf 81' lang='grc' dir='ltr'>τὴν</span> <span class='ocrx_word' id='word_1_642' title='bbox 2228 2531 2502 2602; x_wconf 84' lang='grc' dir='ltr'>ἡμετέραν</span> <span class='ocrx_word' id='word_1_643' title='bbox 2546 2531 2792 2600; x_wconf 82' lang='grc' dir='ltr'>κεφαλὴν</span> <span class='ocrx_word' id='word_1_644' title='bbox 2833 2529 3145 2601; x_wconf 90' lang='grc' dir='ltr'>σωρεύομεν</span> <span class='ocrx_word' id='word_1_645' title='bbox 3194 2530 3322 2598; x_wconf 87' lang='grc' dir='ltr'>πῦρ.</span> <span class='ocrx_word' id='word_1_646' title='bbox 3351 2530 3519 2581; x_wconf 89' lang='grc' dir='ltr'>Ὅταν</span> <span class='ocrx_word' id='word_1_647' title='bbox 3558 2528 3671 2600; x_wconf 85' lang='grc' dir='ltr'>γάρ</span> 
     </span>
    </p>
   </div>
   <div class='ocr_carea' id='block_1_84' title="bbox 2087 2610 3670 2682">
    <p class='ocr_par' dir='ltr' id='par_1_84' title="bbox 2087 2610 3670 2682">
     <span class='ocr_line' id='line_1_84' title="bbox 2087 2610 3670 2682; baseline -0.002 -17"><span class='ocrx_word' id='word_1_648' title='bbox 2087 2615 2138 2666; x_wconf 88' lang='grc' dir='ltr'>οἰ</span> <span class='ocrx_word' id='word_1_649' title='bbox 2180 2613 2452 2666; x_wconf 85' lang='grc' dir='ltr'>διδάσκειν</span> <span class='ocrx_word' id='word_1_650' title='bbox 2497 2614 2694 2675; x_wconf 76' lang='grc' dir='ltr'>αὐτοὺς</span> <span class='ocrx_word' id='word_1_651' title='bbox 2727 2612 3034 2681; x_wconf 76' lang='grc' dir='ltr'>ὀφείλοντες</span> <span class='ocrx_word' id='word_1_652' title='bbox 3079 2612 3355 2682; x_wconf 77' lang='grc' dir='ltr'>ὑπερορᾷν</span> <span class='ocrx_word' id='word_1_653' title='bbox 3393 2610 3502 2664; x_wconf 84' lang='grc' dir='ltr'>τῶν</span> <span class='ocrx_word' id='word_1_654' title='bbox 3543 2629 3670 2680; x_wconf 86' lang='grc' dir='ltr'>φαι-</span> 
     </span>
    </p>
   </div>
   <div class='ocr_carea' id='block_1_85' title="bbox 2087 2693 3667 2763">
    <p class='ocr_par' dir='ltr' id='par_1_85' title="bbox 2087 2693 3667 2763">
     <span class='ocr_line' id='line_1_85' title="bbox 2087 2693 3667 2763; baseline -0.002 -16"><span class='ocrx_word' id='word_1_655' title='bbox 2087 2695 2326 2763; x_wconf 88' lang='grc' dir='ltr'>νομένων</span> <span class='ocrx_word' id='word_1_656' title='bbox 2361 2695 2638 2755; x_wconf 83' lang='grc' dir='ltr'>ἀπάντων,</span> <span class='ocrx_word' id='word_1_657' title='bbox 2669 2694 2822 2746; x_wconf 75' lang='grc' dir='ltr'>αὐτοὶ</span> <span class='ocrx_word' id='word_1_658' title='bbox 2853 2693 3087 2763; x_wconf 86' lang='grc' dir='ltr'>μάλιστα</span> <span class='ocrx_word' id='word_1_659' title='bbox 3123 2695 3337 2747; x_wconf 92' lang='grc' dir='ltr'>πάντων</span> <span class='ocrx_word' id='word_1_660' title='bbox 3360 2693 3556 2755; x_wconf 80' lang='grc' dir='ltr'>αὐτοὺς</span> <span class='ocrx_word' id='word_1_661' title='bbox 3585 2694 3667 2756; x_wconf 88' lang='grc' dir='ltr'>εἰς</span> 
     </span>
    </p>
   </div>
   <div class='ocr_carea' id='block_1_86' title="bbox 2085 2773 3665 2846">
    <p class='ocr_par' dir='ltr' id='par_1_86' title="bbox 2085 2773 3665 2846">
     <span class='ocr_line' id='line_1_86' title="bbox 2085 2773 3665 2846; baseline -0.001 -19"><span class='ocrx_word' id='word_1_662' title='bbox 2085 2774 2183 2845; x_wconf 81' lang='grc' dir='ltr'>τὴν</span> <span class='ocrx_word' id='word_1_663' title='bbox 2207 2774 2409 2828; x_wconf 90' lang='grc' dir='ltr'>τούτων</span> <span class='ocrx_word' id='word_1_664' title='bbox 2438 2773 2800 2846; x_wconf 86' lang='grc' dir='ltr'>ἐμϐάλλωμεν</span> <span class='ocrx_word' id='word_1_665' title='bbox 2825 2776 3138 2846; x_wconf 86' lang='grc' dir='ltr'>ἐπιθυμίαν,</span> <span class='ocrx_word' id='word_1_666' title='bbox 3171 2775 3301 2827; x_wconf 86' lang='grc' dir='ltr'>πότε</span> <span class='ocrx_word' id='word_1_667' title='bbox 3325 2773 3665 2845; x_wconf 86' lang='grc' dir='ltr'>δυνησόμεθα</span> 
     </span>
    </p>
   </div>
   <div class='ocr_carea' id='block_1_87' title="bbox 2089 2857 3668 2930">
    <p class='ocr_par' dir='ltr' id='par_1_87' title="bbox 2089 2857 3668 2930">
     <span class='ocr_line' id='line_1_87' title="bbox 2089 2857 3668 2930; baseline -0.001 -20"><span class='ocrx_word' id='word_1_668' title='bbox 2089 2858 2348 2929; x_wconf 81' lang='grc' dir='ltr'>σωθῆναι,</span> <span class='ocrx_word' id='word_1_669' title='bbox 2384 2858 2483 2928; x_wconf 76' lang='grc' dir='ltr'>τῆς</span> <span class='ocrx_word' id='word_1_670' title='bbox 2523 2857 2726 2930; x_wconf 85' lang='grc' dir='ltr'>ἐτέρων</span> <span class='ocrx_word' id='word_1_671' title='bbox 2757 2858 3030 2922; x_wconf 87' lang='grc' dir='ltr'>ἀπωλείας</span> <span class='ocrx_word' id='word_1_672' title='bbox 3056 2859 3155 2922; x_wconf 75' lang='grc' dir='ltr'>τὰς</span> <span class='ocrx_word' id='word_1_673' title='bbox 3184 2858 3412 2921; x_wconf 87' lang='grc' dir='ltr'>εὐθύνας</span> <span class='ocrx_word' id='word_1_674' title='bbox 3442 2857 3668 2927; x_wconf 81' lang='grc' dir='ltr'>ὑπέχον-</span> 
     </span>
    </p>
   </div>
   <div class='ocr_carea' id='block_1_88' title="bbox 2084 2939 3664 3013">
    <p class='ocr_par' dir='ltr' id='par_1_88' title="bbox 2084 2939 3664 3013">
     <span class='ocr_line' id='line_1_88' title="bbox 2084 2939 3664 3013; baseline -0.001 -20"><span class='ocrx_word' id='word_1_675' title='bbox 2084 2957 2206 3006; x_wconf 89' lang='grc' dir='ltr'>τες;</span> <span class='ocrx_word' id='word_1_676' title='bbox 2249 2941 2362 2994; x_wconf 88' lang='grc' dir='ltr'>Οὐκ</span> <span class='ocrx_word' id='word_1_677' title='bbox 2407 2941 2626 3004; x_wconf 83' lang='grc' dir='ltr'>ἀκούεις</span> <span class='ocrx_word' id='word_1_678' title='bbox 2671 2940 2765 2995; x_wconf 92' lang='grc' dir='ltr'>τοῦ</span> <span class='ocrx_word' id='word_1_679' title='bbox 2813 2942 3049 3013; x_wconf 85' lang='grc' dir='ltr'>Χριστοῦ</span> <span class='ocrx_word' id='word_1_680' title='bbox 3094 2941 3381 3010; x_wconf 88' lang='grc' dir='ltr'>λέγοντος,</span> <span class='ocrx_word' id='word_1_681' title='bbox 3417 2941 3499 2993; x_wconf 82' lang='grc' dir='ltr'>ὅτι</span> <span class='ocrx_word' id='word_1_682' title='bbox 3542 2939 3664 2993; x_wconf 78' lang='grc' dir='ltr'>ἀντὶ</span> 
     </span>
    </p>
   </div>
   <div class='ocr_carea' id='block_1_89' title="bbox 2085 3020 3666 3094">
    <p class='ocr_par' dir='ltr' id='par_1_89' title="bbox 2085 3020 3666 3094">
     <span class='ocr_line' id='line_1_89' title="bbox 2085 3020 3666 3094; baseline -0.001 -18"><span class='ocrx_word' id='word_1_683' title='bbox 2085 3023 2228 3077; x_wconf 86' lang='grc' dir='ltr'>ἀλῶν</span> <span class='ocrx_word' id='word_1_684' title='bbox 2255 3025 2347 3076; x_wconf 73' lang='grc' dir='ltr'>καὶ</span> <span class='ocrx_word' id='word_1_685' title='bbox 2370 3023 2664 3093; x_wconf 86' lang='grc' dir='ltr'>λαμπάδων</span> <span class='ocrx_word' id='word_1_686' title='bbox 2687 3025 2896 3094; x_wconf 84' lang='grc' dir='ltr'>ἀφῆκεν</span> <span class='ocrx_word' id='word_1_687' title='bbox 2913 3026 3058 3094; x_wconf 78' lang='grc' dir='ltr'>ἡμᾶς</span> <span class='ocrx_word' id='word_1_688' title='bbox 3081 3020 3218 3078; x_wconf 75' lang='grc' dir='ltr'>εἶναι</span> <span class='ocrx_word' id='word_1_689' title='bbox 3244 3026 3288 3056; x_wconf 79' lang='grc'>¹⁶</span> <span class='ocrx_word' id='word_1_690' title='bbox 3303 3026 3359 3076; x_wconf 89' lang='grc' dir='ltr'>ἐν</span> <span class='ocrx_word' id='word_1_691' title='bbox 3375 3023 3453 3094; x_wconf 84' lang='grc' dir='ltr'>τῷ</span> <span class='ocrx_word' id='word_1_692' title='bbox 3475 3022 3666 3093; x_wconf 84' lang='grc' dir='ltr'>κόσμῳ</span> 
     </span>
    </p>
   </div>
   <div class='ocr_carea' id='block_1_90' title="bbox 2082 3107 3665 3178">
    <p class='ocr_par' dir='ltr' id='par_1_90' title="bbox 2082 3107 3665 3178">
     <span class='ocr_line' id='line_1_90' title="bbox 2082 3107 3665 3178; baseline 0 -18"><span class='ocrx_word' id='word_1_693' title='bbox 2082 3108 2278 3178; x_wconf 85' lang='grc' dir='ltr'>τούτῳ,</span> <span class='ocrx_word' id='word_1_694' title='bbox 2321 3108 2408 3159; x_wconf 81' lang='grc' dir='ltr'>ἵνα</span> <span class='ocrx_word' id='word_1_695' title='bbox 2448 3109 2541 3161; x_wconf 77' lang='grc' dir='ltr'>καὶ</span> <span class='ocrx_word' id='word_1_696' title='bbox 2586 3110 2711 3170; x_wconf 72' lang='grc' dir='ltr'>τοὺς</span> <span class='ocrx_word' id='word_1_697' title='bbox 2747 3108 3100 3178; x_wconf 73' lang='grc' dir='ltr'>διαρρέοντας</span> <span class='ocrx_word' id='word_1_698' title='bbox 3143 3107 3249 3160; x_wconf 83' lang='grc' dir='ltr'>ὐπὸ</span> <span class='ocrx_word' id='word_1_699' title='bbox 3288 3111 3496 3177; x_wconf 83' lang='grc' dir='ltr'>τρυφῆς</span> <span class='ocrx_word' id='word_1_700' title='bbox 3529 3108 3665 3160; x_wconf 86' lang='grc' dir='ltr'>ἐπι-</span> 
     </span>
    </p>
   </div>
   <div class='ocr_carea' id='block_1_91' title="bbox 2087 3189 3664 3262">
    <p class='ocr_par' dir='ltr' id='par_1_91' title="bbox 2087 3189 3664 3262">
     <span class='ocr_line' id='line_1_91' title="bbox 2087 3189 3664 3262; baseline 0 -18"><span class='ocrx_word' id='word_1_701' title='bbox 2087 3192 2442 3260; x_wconf 89' lang='grc' dir='ltr'>σφίγγωμεν,</span> <span class='ocrx_word' id='word_1_702' title='bbox 2493 3191 2586 3244; x_wconf 74' lang='grc' dir='ltr'>καὶ</span> <span class='ocrx_word' id='word_1_703' title='bbox 2635 3190 2760 3253; x_wconf 77' lang='grc' dir='ltr'>τοὺς</span> <span class='ocrx_word' id='word_1_704' title='bbox 2804 3194 2870 3260; x_wconf 78' lang='grc' dir='ltr'>τῇ</span> <span class='ocrx_word' id='word_1_705' title='bbox 2936 3191 3176 3262; x_wconf 88' lang='grc' dir='ltr'>μερίμνῃ</span> <span class='ocrx_word' id='word_1_706' title='bbox 3209 3189 3318 3243; x_wconf 88' lang='grc' dir='ltr'>τῶν</span> <span class='ocrx_word' id='word_1_707' title='bbox 3364 3189 3664 3260; x_wconf 89' lang='grc' dir='ltr'>χρημάτων</span> 
     </span>
    </p>
   </div>
   <div class='ocr_carea' id='block_1_92' title="bbox 2087 3269 3664 3341">
    <p class='ocr_par' dir='ltr' id='par_1_92' title="bbox 2087 3269 3664 3341">
     <span class='ocr_line' id='line_1_92' title="bbox 2087 3269 3664 3341; baseline -0.001 -15"><span class='ocrx_word' id='word_1_708' title='bbox 2087 3273 2498 3341; x_wconf 87' lang='grc' dir='ltr'>ἐσκοτωμένους</span> <span class='ocrx_word' id='word_1_709' title='bbox 2530 3271 2890 3340; x_wconf 89' lang='grc' dir='ltr'>φωτίζωμεν;</span> <span class='ocrx_word' id='word_1_710' title='bbox 2920 3273 3088 3325; x_wconf 86' lang='grc' dir='ltr'>Ὅταν</span> <span class='ocrx_word' id='word_1_711' title='bbox 3121 3269 3212 3324; x_wconf 78' lang='grc' dir='ltr'>οὖν</span> <span class='ocrx_word' id='word_1_712' title='bbox 3241 3271 3334 3324; x_wconf 64' lang='grc' dir='ltr'>κα)⁵</span> <span class='ocrx_word' id='word_1_713' title='bbox 3364 3273 3444 3334; x_wconf 91' lang='grc' dir='ltr'>εἰς</span> <span class='ocrx_word' id='word_1_714' title='bbox 3473 3271 3664 3336; x_wconf 89' lang='grc' dir='ltr'>σκότος</span> 
     </span>
    </p>
   </div>
   <div class='ocr_carea' id='block_1_93' title="bbox 2083 3354 3662 3424">
    <p class='ocr_par' dir='ltr' id='par_1_93' title="bbox 2083 3354 3662 3424">
     <span class='ocr_line' id='line_1_93' title="bbox 2083 3354 3662 3424; baseline -0.001 -17"><span class='ocrx_word' id='word_1_715' title='bbox 2083 3355 2278 3417; x_wconf 81' lang='grc' dir='ltr'>αὐτοὺς</span> <span class='ocrx_word' id='word_1_716' title='bbox 2312 3354 2670 3424; x_wconf 83' lang='grc' dir='ltr'>ἐμϐάλλωμεν</span> <span class='ocrx_word' id='word_1_717' title='bbox 2714 3354 2919 3417; x_wconf 89' lang='grc' dir='ltr'>πλεῖον,</span> <span class='ocrx_word' id='word_1_718' title='bbox 2959 3356 3054 3406; x_wconf 78' lang='grc' dir='ltr'>καὶ</span> <span class='ocrx_word' id='word_1_719' title='bbox 3096 3355 3458 3424; x_wconf 82' lang='grc' dir='ltr'>χαυνοτέρους</span> <span class='ocrx_word' id='word_1_720' title='bbox 3493 3354 3662 3409; x_wconf 82' lang='grc' dir='ltr'>ποιῶ-</span> 
     </span>
    </p>
   </div>
   <div class='ocr_carea' id='block_1_94' title="bbox 2085 3434 3662 3506">
    <p class='ocr_par' dir='ltr' id='par_1_94' title="bbox 2085 3434 3662 3506">
     <span class='ocr_line' id='line_1_94' title="bbox 2085 3434 3662 3506; baseline 0.001 -19"><span class='ocrx_word' id='word_1_721' title='bbox 2085 3453 2207 3505; x_wconf 91' lang='grc' dir='ltr'>μεν,</span> <span class='ocrx_word' id='word_1_722' title='bbox 2237 3434 2318 3498; x_wconf 90' lang='grc' dir='ltr'>τίς</span> <span class='ocrx_word' id='word_1_723' title='bbox 2345 3435 2498 3488; x_wconf 82' lang='grc' dir='ltr'>ἐσται</span> <span class='ocrx_word' id='word_1_724' title='bbox 2529 3435 2803 3506; x_wconf 89' lang='grc' dir='ltr'>σωτηρίας</span> <span class='ocrx_word' id='word_1_725' title='bbox 2841 3438 2972 3506; x_wconf 90' lang='grc' dir='ltr'>ἡμῖν</span> <span class='ocrx_word' id='word_1_726' title='bbox 3003 3436 3191 3499; x_wconf 88' lang='grc' dir='ltr'>ἐλπίς;</span> <span class='ocrx_word' id='word_1_727' title='bbox 3223 3436 3336 3487; x_wconf 84' lang='grc' dir='ltr'>Οὐκ</span> <span class='ocrx_word' id='word_1_728' title='bbox 3379 3435 3524 3487; x_wconf 77' lang='grc' dir='ltr'>ἐστιν</span> <span class='ocrx_word' id='word_1_729' title='bbox 3569 3437 3662 3488; x_wconf 83' lang='grc' dir='ltr'>οὐ·-</span> 
     </span>
    </p>
   </div>
   <div class='ocr_carea' id='block_1_95' title="bbox 2080 3517 3661 3589">
    <p class='ocr_par' dir='ltr' id='par_1_95' title="bbox 2080 3517 3661 3589">
     <span class='ocr_line' id='line_1_95' title="bbox 2080 3517 3661 3589; baseline 0.001 -19"><span class='ocrx_word' id='word_1_730' title='bbox 2080 3519 2273 3589; x_wconf 76' lang='grc' dir='ltr'>δεμίαο</span> <span class='ocrx_word' id='word_1_731' title='bbox 2312 3517 2429 3570; x_wconf 85' lang='grc' dir='ltr'>ἀλλ’</span> <span class='ocrx_word' id='word_1_732' title='bbox 2465 3517 2795 3587; x_wconf 82' lang='grc' dir='ltr'>οἰμώζοντες</span> <span class='ocrx_word' id='word_1_733' title='bbox 2819 3559 2834 3584; x_wconf 93' lang='grc'>,</span> <span class='ocrx_word' id='word_1_734' title='bbox 2869 3518 2962 3570; x_wconf 80' lang='grc' dir='ltr'>καὶ</span> <span class='ocrx_word' id='word_1_735' title='bbox 2999 3518 3126 3582; x_wconf 75' lang='grc' dir='ltr'>τοὺς</span> <span class='ocrx_word' id='word_1_736' title='bbox 3168 3518 3385 3579; x_wconf 79' lang='grc' dir='ltr'>ὀδόντας</span> <span class='ocrx_word' id='word_1_737' title='bbox 3430 3517 3661 3588; x_wconf 87' lang='grc' dir='ltr'>βρύχον-</span> 
     </span>
    </p>
   </div>
   <div class='ocr_carea' id='block_1_96' title="bbox 2079 3600 3661 3671">
    <p class='ocr_par' dir='ltr' id='par_1_96' title="bbox 2079 3600 3661 3671">
     <span class='ocr_line' id='line_1_96' title="bbox 2079 3600 3661 3671; baseline -0.001 -17"><span class='ocrx_word' id='word_1_738' title='bbox 2079 3620 2187 3665; x_wconf 81' lang='grc' dir='ltr'>τες,</span> <span class='ocrx_word' id='word_1_739' title='bbox 2209 3603 2302 3655; x_wconf 75' lang='grc' dir='ltr'>καὶ</span> <span class='ocrx_word' id='word_1_740' title='bbox 2327 3601 2599 3670; x_wconf 84' lang='grc' dir='ltr'>δεδεμένοι</span> <span class='ocrx_word' id='word_1_741' title='bbox 2629 3601 2794 3664; x_wconf 90' lang='grc' dir='ltr'>πόδας</span> <span class='ocrx_word' id='word_1_742' title='bbox 2819 3601 2913 3655; x_wconf 71' lang='grc' dir='ltr'>καὶ</span> <span class='ocrx_word' id='word_1_743' title='bbox 2931 3603 3118 3671; x_wconf 86' lang='grc' dir='ltr'>χεῖρας</span> <span class='ocrx_word' id='word_1_744' title='bbox 3141 3602 3221 3664; x_wconf 88' lang='grc' dir='ltr'>εἰς</span> <span class='ocrx_word' id='word_1_745' title='bbox 3237 3600 3298 3653; x_wconf 90' lang='lat' dir='ltr'>rb</span> <span class='ocrx_word' id='word_1_746' title='bbox 3317 3600 3416 3670; x_wconf 83' lang='grc' dir='ltr'>τῆς</span> <span class='ocrx_word' id='word_1_747' title='bbox 3435 3601 3661 3670; x_wconf 73' lang='grc' dir='ltr'>γεέννης</span> 
     </span>
    </p>
   </div>
   <div class='ocr_carea' id='block_1_97' title="bbox 2077 3682 3659 3756">
    <p class='ocr_par' dir='ltr' id='par_1_97' title="bbox 2077 3682 3659 3756">
     <span class='ocr_line' id='line_1_97' title="bbox 2077 3682 3659 3756; baseline -0.003 -17"><span class='ocrx_word' id='word_1_748' title='bbox 2077 3685 2488 3756; x_wconf 86' lang='grc' dir='ltr'>ἀπελευσόμεθα</span> <span class='ocrx_word' id='word_1_749' title='bbox 2519 3682 2630 3754; x_wconf 85' lang='grc' dir='ltr'>πῦρ</span> <span class='ocrx_word' id='word_1_750' title='bbox 2661 3683 2724 3748; x_wconf 71' lang='grc' dir='ltr'>ίτ,</span> <span class='ocrx_word' id='word_1_751' title='bbox 2764 3682 2902 3752; x_wconf 86' lang='grc' dir='ltr'>μετά</span> <span class='ocrx_word' id='word_1_752' title='bbox 2933 3684 2994 3736; x_wconf 88' lang='lat' dir='ltr'>rb</span> <span class='ocrx_word' id='word_1_753' title='bbox 3015 3683 3451 3755; x_wconf 82' lang='grc' dir='ltr'>κατεργασθῆναι</span> <span class='ocrx_word' id='word_1_754' title='bbox 3477 3683 3659 3746; x_wconf 84' lang='grc' dir='ltr'>καλῶς</span> 
     </span>
    </p>
   </div>
   <div class='ocr_carea' id='block_1_98' title="bbox 2077 3765 3659 3839">
    <p class='ocr_par' dir='ltr' id='par_1_98' title="bbox 2077 3765 3659 3839">
     <span class='ocr_line' id='line_1_98' title="bbox 2077 3765 3659 3839; baseline -0.002 -16"><span class='ocrx_word' id='word_1_755' title='bbox 2077 3774 2197 3834; x_wconf 88' lang='grc' dir='ltr'>ταῖς</span> <span class='ocrx_word' id='word_1_756' title='bbox 2237 3769 2331 3822; x_wconf 87' lang='grc' dir='ltr'>τοῦ</span> <span class='ocrx_word' id='word_1_757' title='bbox 2378 3768 2608 3822; x_wconf 90' lang='grc' dir='ltr'>πλούτου</span> <span class='ocrx_word' id='word_1_758' title='bbox 2655 3767 2921 3839; x_wconf 89' lang='grc' dir='ltr'>φροντίσι.</span> <span class='ocrx_word' id='word_1_759' title='bbox 2962 3767 3128 3821; x_wconf 85' lang='grc' dir='ltr'>Ταῦτ’</span> <span class='ocrx_word' id='word_1_760' title='bbox 3171 3765 3263 3822; x_wconf 80' lang='grc' dir='ltr'>οὖν</span> <span class='ocrx_word' id='word_1_761' title='bbox 3308 3769 3659 3838; x_wconf 89' lang='grc' dir='ltr'>ἐννοήσαντες</span> 
     </span>
    </p>
   </div>
   <div class='ocr_carea' id='block_1_99' title="bbox 2077 3853 3656 3922">
    <p class='ocr_par' dir='ltr' id='par_1_99' title="bbox 2077 3853 3656 3922">
     <span class='ocr_line' id='line_1_99' title="bbox 2077 3853 3656 3922; baseline -0.003 -14"><span class='ocrx_word' id='word_1_762' title='bbox 2077 3855 2328 3916; x_wconf 77' lang='grc' dir='ltr'>ἅπαντα,</span> <span class='ocrx_word' id='word_1_763' title='bbox 2360 3855 2430 3906; x_wconf 86' lang='grc' dir='ltr'>τά</span> <span class='ocrx_word' id='word_1_764' title='bbox 2475 3853 2650 3922; x_wconf 87' lang='grc' dir='ltr'>δεσμά</span> <span class='ocrx_word' id='word_1_765' title='bbox 2677 3853 2928 3922; x_wconf 91' lang='grc' dir='ltr'>λύσωμεν</span> <span class='ocrx_word' id='word_1_766' title='bbox 2963 3853 3065 3922; x_wconf 84' lang='grc' dir='ltr'>τῆς</span> <span class='ocrx_word' id='word_1_767' title='bbox 3106 3853 3362 3922; x_wconf 83' lang='grc' dir='ltr'>τοιαύτης</span> <span class='ocrx_word' id='word_1_768' title='bbox 3406 3853 3656 3920; x_wconf 88' lang='grc' dir='ltr'>ἀπάτης,</span> 
     </span>
    </p>
   </div>
   <div class='ocr_carea' id='block_1_100' title="bbox 2077 3933 3653 4006">
    <p class='ocr_par' dir='ltr' id='par_1_100' title="bbox 2077 3933 3653 4006">
     <span class='ocr_line' id='line_1_100' title="bbox 2077 3933 3653 4006; baseline -0.002 -17"><span class='ocrx_word' id='word_1_769' title='bbox 2077 3937 2164 3990; x_wconf 83' lang='grc' dir='ltr'>ἴνα</span> <span class='ocrx_word' id='word_1_770' title='bbox 2199 3935 2335 4006; x_wconf 83' lang='grc' dir='ltr'>μηδὲ</span> <span class='ocrx_word' id='word_1_771' title='bbox 2371 3937 2452 3996; x_wconf 90' lang='grc' dir='ltr'>εἰς</span> <span class='ocrx_word' id='word_1_772' title='bbox 2487 3936 2671 3987; x_wconf 89' lang='grc' dir='ltr'>ἐκεῖνα</span> <span class='ocrx_word' id='word_1_773' title='bbox 2711 3934 3045 4004; x_wconf 89' lang='grc' dir='ltr'>ἐμπέσωμεν</span> <span class='ocrx_word' id='word_1_774' title='bbox 3072 3934 3140 3987; x_wconf 88' lang='grc' dir='ltr'>τά</span> <span class='ocrx_word' id='word_1_775' title='bbox 3179 3933 3257 4003; x_wconf 84' lang='grc' dir='ltr'>τῷ</span> <span class='ocrx_word' id='word_1_776' title='bbox 3294 3935 3432 4004; x_wconf 75' lang='grc' dir='ltr'>πυρὶ</span> <span class='ocrx_word' id='word_1_777' title='bbox 3471 3951 3653 4004; x_wconf 84' lang='grc' dir='ltr'>παρα-</span> 
     </span>
    </p>
   </div>
   <div class='ocr_carea' id='block_1_101' title="bbox 2076 4015 3658 4088">
    <p class='ocr_par' dir='ltr' id='par_1_101' title="bbox 2076 4015 3658 4088">
     <span class='ocr_line' id='line_1_101' title="bbox 2076 4015 3658 4088; baseline -0.004 -15"><span class='ocrx_word' id='word_1_778' title='bbox 2076 4020 2286 4073; x_wconf 87' lang='grc' dir='ltr'>διδόντα</span> <span class='ocrx_word' id='word_1_779' title='bbox 2318 4019 2466 4088; x_wconf 82' lang='grc' dir='ltr'>ἡμᾶς</span> <span class='ocrx_word' id='word_1_780' title='bbox 2488 4017 2565 4086; x_wconf 86' lang='grc' dir='ltr'>τῷ</span> <span class='ocrx_word' id='word_1_781' title='bbox 2590 4015 2860 4086; x_wconf 83' lang='grc' dir='ltr'>ἀσϐέστῳ.</span> <span class='ocrx_word' id='word_1_782' title='bbox 2901 4015 2962 4068; x_wconf 90' lang='lat'><strong>&#39;0</strong></span> <span class='ocrx_word' id='word_1_783' title='bbox 2993 4016 3092 4085; x_wconf 79' lang='grc' dir='ltr'>μὲν</span> <span class='ocrx_word' id='word_1_784' title='bbox 3119 4017 3228 4085; x_wconf 91' lang='grc' dir='ltr'>γάρ</span> <span class='ocrx_word' id='word_1_785' title='bbox 3259 4017 3505 4085; x_wconf 81' lang='grc' dir='ltr'>χρήμασι</span> <span class='ocrx_word' id='word_1_786' title='bbox 3533 4016 3658 4068; x_wconf 86' lang='grc' dir='ltr'>δου-</span> 
     </span>
    </p>
   </div>
   <div class='ocr_carea' id='block_1_102' title="bbox 2079 4097 3657 4166">
    <p class='ocr_par' dir='ltr' id='par_1_102' title="bbox 2079 4097 3657 4166">
     <span class='ocr_line' id='line_1_102' title="bbox 2079 4097 3657 4166; baseline -0.004 -11"><span class='ocrx_word' id='word_1_787' title='bbox 2079 4101 2270 4166; x_wconf 89' lang='grc' dir='ltr'>λεύων,</span> <span class='ocrx_word' id='word_1_788' title='bbox 2307 4101 2402 4153; x_wconf 78' lang='grc' dir='ltr'>καὶ</span> <span class='ocrx_word' id='word_1_789' title='bbox 2437 4102 2557 4160; x_wconf 89' lang='grc' dir='ltr'>ταῖς</span> <span class='ocrx_word' id='word_1_790' title='bbox 2603 4097 2835 4150; x_wconf 91' lang='grc' dir='ltr'>ἐνταῦθα</span> <span class='ocrx_word' id='word_1_791' title='bbox 2877 4097 3098 4151; x_wconf 89' lang='grc' dir='ltr'>ἀλύσεσι</span> <span class='ocrx_word' id='word_1_792' title='bbox 3133 4098 3227 4150; x_wconf 74' lang='grc' dir='ltr'>καὶ</span> <span class='ocrx_word' id='word_1_793' title='bbox 3261 4101 3378 4159; x_wconf 85' lang='grc' dir='ltr'>ταῖς</span> <span class='ocrx_word' id='word_1_794' title='bbox 3415 4099 3532 4150; x_wconf 86' lang='grc' dir='ltr'>ἐκεῖ</span> <span class='ocrx_word' id='word_1_795' title='bbox 3579 4099 3657 4151; x_wconf 83' lang='grc' dir='ltr'>δι-</span> 
     </span>
    </p>
   </div>
   <div class='ocr_carea' id='block_1_103' title="bbox 2077 4179 3656 4255">
    <p class='ocr_par' dir='ltr' id='par_1_103' title="bbox 2077 4179 3656 4255">
     <span class='ocr_line' id='line_1_103' title="bbox 2077 4179 3656 4255; baseline -0.004 -18"><span class='ocrx_word' id='word_1_796' title='bbox 2077 4184 2291 4255; x_wconf 84' lang='grc' dir='ltr'>ηνεκῶς</span> <span class='ocrx_word' id='word_1_797' title='bbox 2326 4182 2479 4235; x_wconf 78' lang='grc' dir='ltr'>ἔσται</span> <span class='ocrx_word' id='word_1_798' title='bbox 2509 4180 2811 4244; x_wconf 85' lang='grc' dir='ltr'>ὑπεύθυνος</span> <span class='ocrx_word' id='word_1_799' title='bbox 2829 4197 2842 4209; x_wconf 87' lang='grc'><strong>·</strong></span> <span class='ocrx_word' id='word_1_800' title='bbox 2870 4183 2898 4233; x_wconf 86' lang='grc' dir='ltr'>ὀ</span> <span class='ocrx_word' id='word_1_801' title='bbox 2925 4180 2978 4232; x_wconf 86' lang='grc' dir='ltr'>δὲ</span> <span class='ocrx_word' id='word_1_802' title='bbox 3005 4179 3208 4251; x_wconf 86' lang='grc' dir='ltr'>ταύτης</span> <span class='ocrx_word' id='word_1_803' title='bbox 3238 4179 3656 4248; x_wconf 88' lang='grc' dir='ltr'>ἀπηλλαγμένος</span> 
     </span>
    </p>
   </div>
   <div class='ocr_carea' id='block_1_104' title="bbox 2077 4261 3652 4336">
    <p class='ocr_par' dir='ltr' id='par_1_104' title="bbox 2077 4261 3652 4336">
     <span class='ocr_line' id='line_1_104' title="bbox 2077 4261 3652 4336; baseline -0.003 -18"><span class='ocrx_word' id='word_1_804' title='bbox 2077 4268 2176 4336; x_wconf 83' lang='grc' dir='ltr'>τῆς</span> <span class='ocrx_word' id='word_1_805' title='bbox 2219 4265 2535 4335; x_wconf 84' lang='grc' dir='ltr'>ἐπιθυμίας,</span> <span class='ocrx_word' id='word_1_806' title='bbox 2571 4263 2837 4333; x_wconf 82' lang='grc' dir='ltr'>ἑκατέρας</span> <span class='ocrx_word' id='word_1_807' title='bbox 2880 4263 3127 4328; x_wconf 79' lang='grc' dir='ltr'>τεύξεται</span> <span class='ocrx_word' id='word_1_808' title='bbox 3163 4264 3260 4332; x_wconf 86' lang='grc' dir='ltr'>τῆς</span> <span class='ocrx_word' id='word_1_809' title='bbox 3300 4261 3610 4332; x_wconf 87' lang='grc' dir='ltr'>ἐλευθερίας</span> <span class='ocrx_word' id='word_1_810' title='bbox 3635 4278 3652 4294; x_wconf 77' lang='grc' dir='ltr'><strong>ο</strong></span> 
     </span>
    </p>
   </div>
   <div class='ocr_carea' id='block_1_105' title="bbox 2073 4343 3654 4421">
    <p class='ocr_par' dir='ltr' id='par_1_105' title="bbox 2073 4343 3654 4421">
     <span class='ocr_line' id='line_1_105' title="bbox 2073 4343 3654 4421; baseline -0.002 -22"><span class='ocrx_word' id='word_1_811' title='bbox 2073 4345 2141 4421; x_wconf 83' lang='grc' dir='ltr'>ἦς</span> <span class='ocrx_word' id='word_1_812' title='bbox 2175 4348 2263 4401; x_wconf 82' lang='grc' dir='ltr'>ἵνα</span> <span class='ocrx_word' id='word_1_813' title='bbox 2293 4347 2389 4400; x_wconf 74' lang='grc' dir='ltr'>καὶ</span> <span class='ocrx_word' id='word_1_814' title='bbox 2415 4347 2577 4417; x_wconf 86' lang='grc' dir='ltr'>ἡμεῖς</span> <span class='ocrx_word' id='word_1_815' title='bbox 2608 4345 2972 4416; x_wconf 89' lang='grc' dir='ltr'>ἐπιτύχωμεν,</span> <span class='ocrx_word' id='word_1_816' title='bbox 2994 4346 3086 4398; x_wconf 87' lang='grc' dir='ltr'>τὸν</span> <span class='ocrx_word' id='word_1_817' title='bbox 3119 4345 3352 4415; x_wconf 85' lang='grc' dir='ltr'>χαλεπὸν</span> <span class='ocrx_word' id='word_1_818' title='bbox 3383 4345 3482 4412; x_wconf 85' lang='grc' dir='ltr'>τῆς</span> <span class='ocrx_word' id='word_1_819' title='bbox 3506 4343 3654 4413; x_wconf 84' lang='grc' dir='ltr'>φιλο-</span> 
     </span>
    </p>
   </div>
   <div class='ocr_carea' id='block_1_106' title="bbox 2074 4427 3652 4502">
    <p class='ocr_par' dir='ltr' id='par_1_106' title="bbox 2074 4427 3652 4502">
     <span class='ocr_line' id='line_1_106' title="bbox 2074 4427 3652 4502; baseline -0.002 -19"><span class='ocrx_word' id='word_1_820' title='bbox 2074 4430 2385 4502; x_wconf 89' lang='grc' dir='ltr'>χρηματίας</span> <span class='ocrx_word' id='word_1_821' title='bbox 2409 4427 2798 4498; x_wconf 81' lang='grc' dir='ltr'>συντρίψαντες</span> <span class='ocrx_word' id='word_1_822' title='bbox 2827 4427 3008 4495; x_wconf 86' lang='grc' dir='ltr'>ζυγὸν,</span> <span class='ocrx_word' id='word_1_823' title='bbox 3029 4427 3399 4498; x_wconf 88' lang='grc' dir='ltr'>πτερώσωμεν</span> <span class='ocrx_word' id='word_1_824' title='bbox 3427 4427 3652 4490; x_wconf 81' lang='grc' dir='ltr'>ἑαυτοὺς</span> 
     </span>
    </p>
   </div>
   <div class='ocr_carea' id='block_1_107' title="bbox 2074 4508 3650 4582">
    <p class='ocr_par' dir='ltr' id='par_1_107' title="bbox 2074 4508 3650 4582">
     <span class='ocr_line' id='line_1_107' title="bbox 2074 4508 3650 4582; baseline -0.003 -16"><span class='ocrx_word' id='word_1_825' title='bbox 2074 4514 2210 4582; x_wconf 75' lang='grc' dir='ltr'>πρὸς</span> <span class='ocrx_word' id='word_1_826' title='bbox 2239 4515 2329 4566; x_wconf 72' lang='grc' dir='ltr'>τὸν</span> <span class='ocrx_word' id='word_1_827' title='bbox 2360 4512 2609 4582; x_wconf 84' lang='grc' dir='ltr'>οὐρανὸν,</span> <span class='ocrx_word' id='word_1_828' title='bbox 2646 4511 2829 4582; x_wconf 90' lang='grc' dir='ltr'>χάριτι</span> <span class='ocrx_word' id='word_1_829' title='bbox 2858 4512 2952 4563; x_wconf 76' lang='grc' dir='ltr'>καὶ</span> <span class='ocrx_word' id='word_1_830' title='bbox 2988 4510 3368 4581; x_wconf 83' lang='grc' dir='ltr'>φιλανθρωπίᾳ</span> <span class='ocrx_word' id='word_1_831' title='bbox 3399 4508 3493 4562; x_wconf 89' lang='grc' dir='ltr'>τοῦ</span> <span class='ocrx_word' id='word_1_832' title='bbox 3536 4511 3650 4561; x_wconf 71' lang='grc' dir='ltr'>Κυ-</span> 
     </span>
    </p>
   </div>
   <div class='ocr_carea' id='block_1_108' title="bbox 2074 4587 3652 4669">
    <p class='ocr_par' dir='ltr' id='par_1_108' title="bbox 2074 4587 3652 4669">
     <span class='ocr_line' id='line_1_108' title="bbox 2074 4587 3652 4669; baseline -0.004 -19"><span class='ocrx_word' id='word_1_833' title='bbox 2074 4597 2192 4669; x_wconf 87' lang='grc' dir='ltr'>ρίου</span> <span class='ocrx_word' id='word_1_834' title='bbox 2231 4595 2390 4666; x_wconf 83' lang='grc' dir='ltr'>ἡμῶν</span> <span class='ocrx_word' id='word_1_835' title='bbox 2427 4593 2600 4664; x_wconf 84' lang='grc' dir='ltr'>Ἰησοῦ</span> <span class='ocrx_word' id='word_1_836' title='bbox 2631 4593 2890 4663; x_wconf 87' lang='grc' dir='ltr'>Χριστοῦ,</span> <span class='ocrx_word' id='word_1_837' title='bbox 2923 4587 3026 4662; x_wconf 83' lang='grc' dir='ltr'>ᾧὴ</span> <span class='ocrx_word' id='word_1_838' title='bbox 3061 4593 3186 4657; x_wconf 79' lang='grc' dir='ltr'>δόξα</span> <span class='ocrx_word' id='word_1_839' title='bbox 3221 4594 3314 4646; x_wconf 78' lang='grc' dir='ltr'>καὶ</span> <span class='ocrx_word' id='word_1_840' title='bbox 3345 4593 3406 4646; x_wconf 88' lang='lat' dir='ltr'>rb</span> <span class='ocrx_word' id='word_1_841' title='bbox 3449 4592 3652 4662; x_wconf 85' lang='grc' dir='ltr'>κράτος</span> 
     </span>
    </p>
   </div>
   <div class='ocr_carea' id='block_1_109' title="bbox 2072 4676 3137 4748">
    <p class='ocr_par' dir='ltr' id='par_1_109' title="bbox 2072 4676 3137 4748">
     <span class='ocr_line' id='line_1_109' title="bbox 2072 4676 3137 4748; baseline -0.003 -15"><span class='ocrx_word' id='word_1_842' title='bbox 2072 4683 2150 4743; x_wconf 89' lang='grc' dir='ltr'>εἰς</span> <span class='ocrx_word' id='word_1_843' title='bbox 2173 4682 2297 4742; x_wconf 83' lang='grc' dir='ltr'>τοὺς</span> <span class='ocrx_word' id='word_1_844' title='bbox 2316 4678 2520 4740; x_wconf 82' lang='grc' dir='ltr'>αἰῶνας</span> <span class='ocrx_word' id='word_1_845' title='bbox 2541 4677 2646 4730; x_wconf 85' lang='grc' dir='ltr'>τῶν</span> <span class='ocrx_word' id='word_1_846' title='bbox 2672 4676 2903 4730; x_wconf 90' lang='grc' dir='ltr'>αἰώνων.</span> <span class='ocrx_word' id='word_1_847' title='bbox 2946 4678 3137 4748; x_wconf 82' lang='grc' dir='ltr'>Ἀμήν.</span> 
     </span>
    </p>
   </div>
   <div class='ocr_carea' id='block_1_110' title="bbox 441 4794 1988 4876">
    <p class='ocr_par' dir='ltr' id='par_1_110' title="bbox 441 4794 1988 4876">
     <span class='ocr_line' id='line_1_110' title="bbox 441 4794 1988 4876; baseline 0.008 -31"><span class='ocrx_word' id='word_1_848' title='bbox 441 4797 462 4825; x_wconf 83' lang='grc'>¹</span> <span class='ocrx_word' id='word_1_849' title='bbox 474 4794 572 4876; x_wconf 70' lang='grc' dir='ltr'>εὐη</span> <span class='ocrx_word' id='word_1_850' title='bbox 581 4810 742 4876; x_wconf 71' lang='grc' dir='ltr'>ργετῃ</span> <span class='ocrx_word' id='word_1_851' title='bbox 752 4795 899 4876; x_wconf 59' lang='grc' dir='ltr'>μξνρι</span> <span class='ocrx_word' id='word_1_852' title='bbox 921 4797 984 4876; x_wconf 65' lang='grc' dir='ltr'>ΑΣ</span> <span class='ocrx_word' id='word_1_853' title='bbox 1013 4797 1071 4850; x_wconf 86' lang='grc' dir='ltr'>Β.</span> <span class='ocrx_word' id='word_1_854' title='bbox 1087 4797 1129 4852; x_wconf 87' lang='lat' dir='ltr'>C</span> <span class='ocrx_word' id='word_1_855' title='bbox 1142 4869 1157 4876; x_wconf 83' lang='lat'><em>_</em></span> <span class='ocrx_word' id='word_1_856' title='bbox 1171 4799 1691 4876; x_wconf 32' lang='grc' dir='ltr'>εὐεργετούμενοι-οι</span> <span class='ocrx_word' id='word_1_857' title='bbox 1707 4806 1988 4873; x_wconf 84' lang='grc' dir='ltr'>τυγχάνωσ</span> 
     </span>
    </p>
   </div>
   <div class='ocr_carea' id='block_1_111' title="bbox 2082 4794 3644 4876">
    <p class='ocr_par' dir='ltr' id='par_1_111' title="bbox 2082 4802 3644 4876">
     <span class='ocr_line' id='line_1_111' title="bbox 2082 4802 3644 4876; baseline -0.002 -17"><span class='ocrx_word' id='word_1_858' title='bbox 2082 4807 2204 4860; x_wconf 72' lang='lat' dir='ltr'>Edd.</span> <span class='ocrx_word' id='word_1_859' title='bbox 2246 4807 2266 4838; x_wconf 85' lang='grc'>³</span> <span class='ocrx_word' id='word_1_860' title='bbox 2285 4804 2418 4876; x_wconf 80' lang='grc' dir='ltr'>δῴη]</span> <span class='ocrx_word' id='word_1_861' title='bbox 2444 4805 2536 4860; x_wconf 87' lang='lat' dir='ltr'>Sic</span> <span class='ocrx_word' id='word_1_862' title='bbox 2566 4805 2627 4858; x_wconf 87' lang='lat' dir='ltr'>E.</span> <span class='ocrx_word' id='word_1_863' title='bbox 2657 4804 2836 4876; x_wconf 51' lang='lat' dir='ltr'>caeteri</span> <span class='ocrx_word' id='word_1_864' title='bbox 2866 4802 3048 4876; x_wconf 77' lang='grc' dir='ltr'>δώσει.</span> <span class='ocrx_word' id='word_1_865' title='bbox 3090 4803 3472 4876; x_wconf 65' lang='grc' dir='ltr'>⁴ξκαταγαγεῖν</span> <span class='ocrx_word' id='word_1_866' title='bbox 3497 4802 3560 4857; x_wconf 83' lang='grc' dir='ltr'>Α.</span> <span class='ocrx_word' id='word_1_867' title='bbox 3582 4803 3644 4856; x_wconf 84' lang='grc' dir='ltr'>Β.</span> 
     </span>
    </p>
   </div>
   <div class='ocr_carea' id='block_1_112' title="bbox 386 4863 3647 4995">
    <p class='ocr_par' dir='ltr' id='par_1_112' title="bbox 386 4863 3647 4995">
     <span class='ocr_line' id='line_1_112' title="bbox 386 4863 3647 4995; baseline 0.002 -77"><span class='ocrx_word' id='word_1_868' title='bbox 386 4865 448 4918; x_wconf 79' lang='lat' dir='ltr'>L&#39;.</span> <span class='ocrx_word' id='word_1_869' title='bbox 509 4863 531 4893; x_wconf 84' lang='lat'>&#39;</span> <span class='ocrx_word' id='word_1_870' title='bbox 551 4863 636 4933; x_wconf 78' lang='grc' dir='ltr'>εἰ]</span> <span class='ocrx_word' id='word_1_871' title='bbox 666 4863 758 4915; x_wconf 82' lang='grc' dir='ltr'>ἐάν</span> <span class='ocrx_word' id='word_1_872' title='bbox 788 4863 922 4946; x_wconf 60' lang='lat' dir='ltr'>E‘Ajd&#39;.</span> <span class='ocrx_word' id='word_1_873' title='bbox 965 4863 1414 4953; x_wconf 67' lang='grc' dir='ltr'>⁶καταλείπωμεν</span> <span class='ocrx_word' id='word_1_874' title='bbox 1529 4874 1546 4902; x_wconf 87' lang='grc'><strong>⁷</strong></span> <span class='ocrx_word' id='word_1_875' title='bbox 1571 4872 1693 4992; x_wconf 59' lang='grc' dir='ltr'>κάν]</span> <span class='ocrx_word' id='word_1_876' title='bbox 1724 4863 1904 4955; x_wconf 54' lang='grc' dir='ltr'>καίἾξ.</span> <span class='ocrx_word' id='word_1_877' title='bbox 1934 4877 1990 4928; x_wconf 72' lang='grc' dir='ltr'>Ιιί.</span> <span class='ocrx_word' id='word_1_878' title='bbox 2016 4876 2077 4930; x_wconf 88' lang='lat' dir='ltr'>F.</span> <span class='ocrx_word' id='word_1_879' title='bbox 2114 4879 2136 4908; x_wconf 86' lang='grc'><strong>⁸</strong></span> <span class='ocrx_word' id='word_1_880' title='bbox 2155 4863 2584 4946; x_wconf 69' lang='grc' dir='ltr'>ἀφαιρεθήσεται</span> <span class='ocrx_word' id='word_1_881' title='bbox 2607 4873 2738 4995; x_wconf 55' lang='grc' dir='ltr'>(ὒίἳέ</span> <span class='ocrx_word' id='word_1_882' title='bbox 2768 4875 2930 4926; x_wconf 78' lang='lat' dir='ltr'>idem.</span> <span class='ocrx_word' id='word_1_883' title='bbox 2964 4875 2984 4903; x_wconf 82' lang='lat'><strong>’</strong></span> <span class='ocrx_word' id='word_1_884' title='bbox 3011 4863 3308 4953; x_wconf 70' lang='grc' dir='ltr'>ὐφέστηκε]</span> <span class='ocrx_word' id='word_1_885' title='bbox 3341 4863 3647 4943; x_wconf 75' lang='grc' dir='ltr'>καθέστηκε</span> 
     </span>
     <span class='ocr_line' id='line_1_113' title="bbox 389 4931 3645 4995; baseline 0.005 -14"><span class='ocrx_word' id='word_1_886' title='bbox 389 4935 451 4988; x_wconf 87' lang='grc' dir='ltr'>υ,</span> <span class='ocrx_word' id='word_1_887' title='bbox 476 4932 687 4995; x_wconf 80' lang='grc' dir='ltr'>πέφυκε</span> <span class='ocrx_word' id='word_1_888' title='bbox 710 4931 770 4984; x_wconf 85' lang='lat' dir='ltr'>F.</span> <span class='ocrx_word' id='word_1_889' title='bbox 806 4935 914 4986; x_wconf 83' lang='lat' dir='ltr'>\ml.</span> <span class='ocrx_word' id='word_1_890' title='bbox 940 4935 1126 4991; x_wconf 72' lang='lat' dir='ltr'><strong>adnot.</strong></span> <span class='ocrx_word' id='word_1_891' title='bbox 1188 4938 1230 4968; x_wconf 85' lang='lat'>&#39;°</span> <span class='ocrx_word' id='word_1_892' title='bbox 1262 4939 1555 4995; x_wconf 78' lang='grc' dir='ltr'>βιωσασθαι</span> <span class='ocrx_word' id='word_1_893' title='bbox 1585 4941 1680 4995; x_wconf 64' lang='grc' dir='ltr'>ΙἋΙι</span> <span class='ocrx_word' id='word_1_894' title='bbox 1704 4983 1717 4995; x_wconf 93' lang='grc'>.</span> <span class='ocrx_word' id='word_1_895' title='bbox 1800 4945 1838 4974; x_wconf 83' lang='grc'>¹¹</span> <span class='ocrx_word' id='word_1_896' title='bbox 1865 4945 2180 4995; x_wconf 77' lang='grc' dir='ltr'>εθελῆσουσι</span> <span class='ocrx_word' id='word_1_897' title='bbox 2209 4949 2270 4995; x_wconf 84' lang='grc' dir='ltr'>Α.</span> <span class='ocrx_word' id='word_1_898' title='bbox 2298 4946 2358 4995; x_wconf 89' lang='lat' dir='ltr'>C.</span> <span class='ocrx_word' id='word_1_899' title='bbox 2387 4944 2664 4995; x_wconf 85' lang='grc' dir='ltr'>πιστεύειν</span> <span class='ocrx_word' id='word_1_900' title='bbox 2741 4942 2832 4995; x_wconf 82' lang='lat' dir='ltr'>dd.</span> <span class='ocrx_word' id='word_1_901' title='bbox 2918 4943 2959 4972; x_wconf 82' lang='lat'>”</span> <span class='ocrx_word' id='word_1_902' title='bbox 2986 4941 3074 4994; x_wconf 71' lang='lat' dir='ltr'>Sac</span> <span class='ocrx_word' id='word_1_903' title='bbox 3110 4942 3166 4993; x_wconf 85' lang='grc' dir='ltr'>Β.</span> <span class='ocrx_word' id='word_1_904' title='bbox 3213 4941 3272 4995; x_wconf 88' lang='grc' dir='ltr'>Ε.</span> <span class='ocrx_word' id='word_1_905' title='bbox 3309 4943 3472 4995; x_wconf 63' lang='lat' dir='ltr'><strong>vulgo</strong></span> <span class='ocrx_word' id='word_1_906' title='bbox 3501 4960 3645 4995; x_wconf 68' lang='grc' dir='ltr'>παοη</span> 
     </span>
    </p>
   </div>
   <div class='ocr_carea' id='block_1_113' title="bbox 389 4931 1717 5006">
    <p class='ocr_par' dir='ltr' id='par_1_113' title="bbox 389 4931 1717 5006">
     <span class='ocr_line' id='line_1_114' title="bbox 389 4931 1717 5006; baseline 0.011 -24"><span class='ocrx_word' id='word_1_907' title='bbox 389 4935 451 4988; x_wconf 87' lang='grc' dir='ltr'>υ,</span> <span class='ocrx_word' id='word_1_908' title='bbox 476 4931 687 5006; x_wconf 76' lang='grc' dir='ltr'>πέφυκε</span> <span class='ocrx_word' id='word_1_909' title='bbox 710 4931 770 5006; x_wconf 36' lang='lat' dir='ltr'>FA.</span> <span class='ocrx_word' id='word_1_910' title='bbox 806 4935 914 5006; x_wconf 45' lang='lat' dir='ltr'>vid,</span> <span class='ocrx_word' id='word_1_911' title='bbox 940 4935 1126 5006; x_wconf 64' lang='lat' dir='ltr'>adluat.</span> <span class='ocrx_word' id='word_1_912' title='bbox 1188 4938 1230 4968; x_wconf 84' lang='lat'>&#39;°</span> <span class='ocrx_word' id='word_1_913' title='bbox 1262 4931 1555 5006; x_wconf 78' lang='grc' dir='ltr'>βιώσασθαι</span> <span class='ocrx_word' id='word_1_914' title='bbox 1585 4931 1717 4996; x_wconf 67' lang='grc' dir='ltr'>Ιῦιιιί.</span> 
     </span>
    </p>
   </div>
   <div class='ocr_carea' id='block_1_114' title="bbox 1800 4945 2664 5014">
    <p class='ocr_par' dir='ltr' id='par_1_114' title="bbox 1800 4945 2664 5014">
     <span class='ocr_line' id='line_1_115' title="bbox 1800 4945 2664 5014; baseline -0.001 -18"><span class='ocrx_word' id='word_1_915' title='bbox 1800 4945 2180 5014; x_wconf 21' lang='grc' dir='ltr'>¹¹ᾲέθελήσουσι</span> <span class='ocrx_word' id='word_1_916' title='bbox 2209 4949 2270 5014; x_wconf 78' lang='grc' dir='ltr'>Α.</span> <span class='ocrx_word' id='word_1_917' title='bbox 2296 4945 2358 4999; x_wconf 83' lang='lat' dir='ltr'>C.</span> <span class='ocrx_word' id='word_1_918' title='bbox 2387 4945 2664 5014; x_wconf 76' lang='grc' dir='ltr'>πιστεύειν</span> 
     </span>
    </p>
   </div>
   <div class='ocr_carea' id='block_1_115' title="bbox 2741 4941 3645 5012">
    <p class='ocr_par' dir='ltr' id='par_1_115' title="bbox 2741 4941 3645 5012">
     <span class='ocr_line' id='line_1_116' title="bbox 2741 4941 3645 5012; baseline -0.004 -16"><span class='ocrx_word' id='word_1_919' title='bbox 2741 4942 2832 4996; x_wconf 63' lang='lat' dir='ltr'>(Id.</span> <span class='ocrx_word' id='word_1_920' title='bbox 2918 4943 2959 4972; x_wconf 81' lang='lat'>”</span> <span class='ocrx_word' id='word_1_921' title='bbox 2986 4941 3074 5012; x_wconf 79' lang='lat' dir='ltr'>Sic</span> <span class='ocrx_word' id='word_1_922' title='bbox 3213 4941 3472 5012; x_wconf 42' lang='lat' dir='ltr'>Efvulgo</span> <span class='ocrx_word' id='word_1_923' title='bbox 3501 4941 3645 5012; x_wconf 68' lang='grc' dir='ltr'>παρη</span> 
     </span>
    </p>
   </div>
   <div class='ocr_carea' id='block_1_116' title="bbox 387 5000 1988 5133">
    <p class='ocr_par' dir='ltr' id='par_1_116' title="bbox 387 5000 1983 5133">
     <span class='ocr_line' id='line_1_117' title="bbox 387 5000 1980 5078; baseline 0.006 -23"><span class='ocrx_word' id='word_1_924' title='bbox 387 5000 825 5070; x_wconf 81' lang='grc' dir='ltr'>εσκευασάμεθα.</span> <span class='ocrx_word' id='word_1_925' title='bbox 854 5003 896 5033; x_wconf 81' lang='grc'>⁸³</span> <span class='ocrx_word' id='word_1_926' title='bbox 917 5005 1010 5056; x_wconf 76' lang='grc' dir='ltr'>καὶ</span> <span class='ocrx_word' id='word_1_927' title='bbox 1041 5005 1136 5072; x_wconf 85' lang='grc' dir='ltr'>τὴν</span> <span class='ocrx_word' id='word_1_928' title='bbox 1201 5000 1283 5078; x_wconf 78' lang='grc' dir='ltr'>ένί</span> <span class='ocrx_word' id='word_1_929' title='bbox 1302 5010 1398 5074; x_wconf 81' lang='grc' dir='ltr'>τὴν</span> <span class='ocrx_word' id='word_1_930' title='bbox 1425 5009 1524 5078; x_wconf 86' lang='grc' dir='ltr'>μὲν</span> <span class='ocrx_word' id='word_1_931' title='bbox 1540 5011 1612 5078; x_wconf 91' lang='grc' dir='ltr'>γά</span> <span class='ocrx_word' id='word_1_932' title='bbox 1666 5013 1732 5064; x_wconf 84' lang='grc' dir='ltr'>Α.</span> <span class='ocrx_word' id='word_1_933' title='bbox 1751 5011 1808 5065; x_wconf 86' lang='grc' dir='ltr'>Β.</span> <span class='ocrx_word' id='word_1_934' title='bbox 1829 5012 1890 5067; x_wconf 88' lang='lat' dir='ltr'>C.</span> <span class='ocrx_word' id='word_1_935' title='bbox 1936 5014 1980 5045; x_wconf 74' lang='lat'>“</span> 
     </span>
     <span class='ocr_line' id='line_1_118' title="bbox 389 5024 1983 5133; baseline 0.007 -11"><span class='ocrx_word' id='word_1_936' title='bbox 389 5069 548 5133; x_wconf 82' lang='grc' dir='ltr'>πολύῖ</span> <span class='ocrx_word' id='word_1_937' title='bbox 589 5069 680 5124; x_wconf 88' lang='lat' dir='ltr'>Sic</span> <span class='ocrx_word' id='word_1_938' title='bbox 701 5070 763 5125; x_wconf 88' lang='lat' dir='ltr'><strong>E.</strong></span> <span class='ocrx_word' id='word_1_939' title='bbox 797 5072 890 5124; x_wconf 82' lang='grc' dir='ltr'>καὶ</span> <span class='ocrx_word' id='word_1_940' title='bbox 923 5074 1054 5126; x_wconf 88' lang='grc' dir='ltr'>πολύ</span> <span class='ocrx_word' id='word_1_941' title='bbox 1081 5075 1138 5127; x_wconf 83' lang='grc' dir='ltr'>Ι).</span> <span class='ocrx_word' id='word_1_942' title='bbox 1257 5077 1390 5130; x_wconf 84' lang='grc' dir='ltr'>πολύ</span> <span class='ocrx_word' id='word_1_943' title='bbox 1411 5079 1471 5131; x_wconf 77' lang='grc' dir='ltr'>Α.</span> <span class='ocrx_word' id='word_1_944' title='bbox 1500 5080 1558 5133; x_wconf 84' lang='grc' dir='ltr'>Β.</span> <span class='ocrx_word' id='word_1_945' title='bbox 1673 5082 1983 5133; x_wconf 71' lang='grc' dir='ltr'>σωρεύομεν</span> 
     </span>
    </p>
   </div>
   <div class='ocr_carea' id='block_1_117' title="bbox 2082 5000 3640 5133">
    <p class='ocr_par' dir='ltr' id='par_1_117' title="bbox 2082 5000 3640 5133">
     <span class='ocr_line' id='line_1_119' title="bbox 2082 5000 3640 5084; baseline -0.003 -18"><span class='ocrx_word' id='word_1_946' title='bbox 2082 5015 2130 5068; x_wconf 77' lang='grc' dir='ltr'>έθ</span> <span class='ocrx_word' id='word_1_947' title='bbox 2141 5013 2270 5084; x_wconf 84' lang='grc' dir='ltr'>ρων]</span> <span class='ocrx_word' id='word_1_948' title='bbox 2291 5015 2415 5066; x_wconf 76' lang='lat' dir='ltr'><strong>add.</strong></span> <span class='ocrx_word' id='word_1_949' title='bbox 2437 5013 2540 5081; x_wconf 80' lang='grc' dir='ltr'>γῆς</span> <span class='ocrx_word' id='word_1_950' title='bbox 2561 5014 2624 5065; x_wconf 84' lang='grc' dir='ltr'>Α.</span> <span class='ocrx_word' id='word_1_951' title='bbox 2651 5012 2709 5065; x_wconf 86' lang='grc' dir='ltr'>Β.</span> <span class='ocrx_word' id='word_1_952' title='bbox 2729 5027 2851 5065; x_wconf 71' lang='lat' dir='ltr'>mox</span> <span class='ocrx_word' id='word_1_953' title='bbox 2871 5010 3203 5081; x_wconf 87' lang='grc' dir='ltr'>πριάσασθαι</span> <span class='ocrx_word' id='word_1_954' title='bbox 3227 5011 3359 5065; x_wconf 77' lang='lat' dir='ltr'><strong>Edd.</strong></span> <span class='ocrx_word' id='word_1_955' title='bbox 3405 5000 3449 5043; x_wconf 60' lang='grc'>⁵⁸</span> <span class='ocrx_word' id='word_1_956' title='bbox 3473 5000 3640 5064; x_wconf 82' lang='grc' dir='ltr'>Ὀθέν</span> 
     </span>
     <span class='ocr_line' id='line_1_120' title="bbox 2082 5078 3640 5133; baseline -0.002 0"><span class='ocrx_word' id='word_1_957' title='bbox 2082 5087 2122 5133; x_wconf 66' lang='lat' dir='ltr'>in</span> <span class='ocrx_word' id='word_1_958' title='bbox 2154 5085 2211 5133; x_wconf 86' lang='lat' dir='ltr'>E.</span> <span class='ocrx_word' id='word_1_959' title='bbox 2247 5087 2397 5133; x_wconf 84' lang='lat' dir='ltr'>Arm.</span> <span class='ocrx_word' id='word_1_960' title='bbox 2439 5083 2618 5133; x_wconf 68' lang='lat' dir='ltr'>caeteri</span> <span class='ocrx_word' id='word_1_961' title='bbox 2652 5098 2774 5133; x_wconf 87' lang='lat' dir='ltr'>cum</span> <span class='ocrx_word' id='word_1_962' title='bbox 2803 5080 2900 5133; x_wconf 80' lang='lat' dir='ltr'>Ge.</span> <span class='ocrx_word' id='word_1_963' title='bbox 2927 5081 3278 5133; x_wconf 79' lang='grc' dir='ltr'>σωρεύοντες.</span> <span class='ocrx_word' id='word_1_964' title='bbox 3359 5083 3401 5112; x_wconf 85' lang='grc'>¹⁶</span> <span class='ocrx_word' id='word_1_965' title='bbox 3419 5082 3532 5133; x_wconf 89' lang='grc' dir='ltr'>Οὐκ</span> <span class='ocrx_word' id='word_1_966' title='bbox 3565 5078 3640 5131; x_wconf 83' lang='grc' dir='ltr'>οἰ-</span> 
     </span>
    </p>
   </div>
   <div class='ocr_carea' id='block_1_118' title="bbox 589 5069 1558 5133">
    <p class='ocr_par' dir='ltr' id='par_1_118' title="bbox 589 5069 1558 5133">
     <span class='ocr_line' id='line_1_121' title="bbox 589 5069 1558 5133; baseline 0.01 -10"><span class='ocrx_word' id='word_1_967' title='bbox 589 5069 680 5124; x_wconf 75' lang='lat' dir='ltr'>Sic</span> <span class='ocrx_word' id='word_1_968' title='bbox 701 5070 763 5125; x_wconf 88' lang='lat' dir='ltr'><strong>E.</strong></span> <span class='ocrx_word' id='word_1_969' title='bbox 797 5072 890 5124; x_wconf 82' lang='grc' dir='ltr'>καὶ</span> <span class='ocrx_word' id='word_1_970' title='bbox 923 5074 1054 5126; x_wconf 88' lang='grc' dir='ltr'>πολύ</span> <span class='ocrx_word' id='word_1_971' title='bbox 1081 5069 1138 5127; x_wconf 91' lang='grc'>[).</span> <span class='ocrx_word' id='word_1_972' title='bbox 1163 5069 1222 5128; x_wconf 75' lang='lat' dir='ltr'>F.</span> <span class='ocrx_word' id='word_1_973' title='bbox 1257 5069 1390 5130; x_wconf 74' lang='grc' dir='ltr'>πολύ</span> <span class='ocrx_word' id='word_1_974' title='bbox 1411 5069 1471 5131; x_wconf 79' lang='grc' dir='ltr'>Ᾱ.</span> <span class='ocrx_word' id='word_1_975' title='bbox 1500 5069 1558 5133; x_wconf 64' lang='grc' dir='ltr'>Βξ</span> 
     </span>
    </p>
   </div>
   <div class='ocr_carea' id='block_1_119' title="bbox 389 5069 548 5140">
    <p class='ocr_par' dir='ltr' id='par_1_119' title="bbox 389 5069 548 5140">
     <span class='ocr_line' id='line_1_122' title="bbox 389 5069 548 5140; baseline -0.006 -17"><span class='ocrx_word' id='word_1_976' title='bbox 389 5069 548 5140; x_wconf 80' lang='grc' dir='ltr'>πολύ]</span> 
     </span>
    </p>
   </div>
   <div class='ocr_carea' id='block_1_120' title="bbox 1673 5080 3278 5153">
    <p class='ocr_par' dir='ltr' id='par_1_120' title="bbox 1673 5080 3278 5153">
     <span class='ocr_line' id='line_1_123' title="bbox 1673 5080 3278 5153; baseline 0.002 -21"><span class='ocrx_word' id='word_1_977' title='bbox 1673 5082 2006 5153; x_wconf 71' lang='grc' dir='ltr'>σωρεύομεν]</span> <span class='ocrx_word' id='word_1_978' title='bbox 2034 5080 2211 5138; x_wconf 70' lang='grc' dir='ltr'>8ἰυἘ.</span> <span class='ocrx_word' id='word_1_979' title='bbox 2247 5080 2397 5153; x_wconf 64' lang='lat' dir='ltr'><strong>Arn).</strong></span> <span class='ocrx_word' id='word_1_980' title='bbox 2435 5080 2618 5153; x_wconf 49' lang='lat' dir='ltr'>cntueri</span> <span class='ocrx_word' id='word_1_981' title='bbox 2652 5098 2779 5153; x_wconf 71' lang='lat' dir='ltr'>cum</span> <span class='ocrx_word' id='word_1_982' title='bbox 2803 5080 2900 5153; x_wconf 79' lang='lat' dir='ltr'>Ge.</span> <span class='ocrx_word' id='word_1_983' title='bbox 2923 5080 3278 5153; x_wconf 85' lang='grc' dir='ltr'>σωρεύοντες.</span> 
     </span>
    </p>
   </div>
   <div class='ocr_carea' id='block_1_121' title="bbox 3359 5078 3641 5134">
    <p class='ocr_par' dir='ltr' id='par_1_121' title="bbox 3359 5078 3641 5134">
     <span class='ocr_line' id='line_1_124' title="bbox 3359 5078 3641 5134; baseline -0.014 0"><span class='ocrx_word' id='word_1_984' title='bbox 3359 5083 3401 5112; x_wconf 85' lang='grc'>¹⁶</span> <span class='ocrx_word' id='word_1_985' title='bbox 3419 5082 3532 5134; x_wconf 91' lang='grc' dir='ltr'>Οὐκ</span> <span class='ocrx_word' id='word_1_986' title='bbox 3565 5078 3641 5131; x_wconf 80' lang='grc' dir='ltr'>οἰ-</span> 
     </span>
    </p>
   </div>
   <div class='ocr_carea' id='block_1_122' title="bbox 387 5139 3640 5228">
    <p class='ocr_par' dir='ltr' id='par_1_122' title="bbox 387 5139 3640 5228">
     <span class='ocr_line' id='line_1_125' title="bbox 387 5139 3640 5228; baseline 0.003 -36"><span class='ocrx_word' id='word_1_987' title='bbox 497 5139 738 5228; x_wconf 15' lang='grc' dir='ltr'>ᾲάντί</span> <span class='ocrx_word' id='word_1_988' title='bbox 767 5142 821 5194; x_wconf 88' lang='grc' dir='ltr'>ἀ.</span> <span class='ocrx_word' id='word_1_989' title='bbox 852 5159 916 5228; x_wconf 21' lang='grc' dir='ltr'>Ῠκ.</span> <span class='ocrx_word' id='word_1_990' title='bbox 952 5143 1002 5195; x_wconf 92' lang='grc' dir='ltr'>λ.</span> <span class='ocrx_word' id='word_1_991' title='bbox 1024 5144 1239 5228; x_wconf 38' lang='grc' dir='ltr'>ἀφῆκεν.</span> <span class='ocrx_word' id='word_1_992' title='bbox 1261 5147 1451 5228; x_wconf 74' lang='grc' dir='ltr'>ἡμᾶςό</span> <span class='ocrx_word' id='word_1_993' title='bbox 1480 5149 1711 5228; x_wconf 51' lang='grc' dir='ltr'>Χριστὸς</span> <span class='ocrx_word' id='word_1_994' title='bbox 1737 5139 2175 5228; x_wconf 31' lang='grc' dir='ltr'>ἑῖνᾼαιἈιΒηϐ.-</span> <span class='ocrx_word' id='word_1_995' title='bbox 2221 5152 2395 5228; x_wconf 46' lang='grc' dir='ltr'>³1ἀλλ⁹</span> <span class='ocrx_word' id='word_1_996' title='bbox 2421 5152 2632 5228; x_wconf 83' lang='grc' dir='ltr'>ἀνάγκη</span> <span class='ocrx_word' id='word_1_997' title='bbox 2645 5139 3020 5228; x_wconf 53' lang='grc' dir='ltr'>οἰμώζοντας,</span> <span class='ocrx_word' id='word_1_998' title='bbox 3040 5152 3135 5206; x_wconf 72' lang='grc' dir='ltr'>καὶ</span> <span class='ocrx_word' id='word_1_999' title='bbox 3174 5139 3293 5206; x_wconf 51' lang='grc' dir='ltr'>τξό.</span> <span class='ocrx_word' id='word_1_1000' title='bbox 3322 5150 3640 5220; x_wconf 65' lang='grc' dir='ltr'>βρύχοντας.</span> 
     </span>
    </p>
   </div>
   <div class='ocr_carea' id='block_1_123' title="bbox 367 5208 1988 5297">
    <p class='ocr_par' dir='ltr' id='par_1_123' title="bbox 367 5208 1988 5297">
     <span class='ocr_line' id='line_1_126' title="bbox 367 5208 1988 5297; baseline 0.009 -36"><span class='ocrx_word' id='word_1_1001' title='bbox 367 5213 478 5297; x_wconf 32' lang='grc' dir='ltr'>’καὶ</span> <span class='ocrx_word' id='word_1_1002' title='bbox 499 5208 814 5280; x_wconf 88' lang='grc' dir='ltr'>δεδεμένους</span> <span class='ocrx_word' id='word_1_1003' title='bbox 840 5227 900 5264; x_wconf 92' lang='grc' dir='ltr'>π.</span> <span class='ocrx_word' id='word_1_1004' title='bbox 933 5228 986 5264; x_wconf 90' lang='grc' dir='ltr'>κ.</span> <span class='ocrx_word' id='word_1_1005' title='bbox 1007 5208 1161 5280; x_wconf 82' lang='grc' dir='ltr'>χ.ἐίς</span> <span class='ocrx_word' id='word_1_1006' title='bbox 1189 5215 1250 5266; x_wconf 84' lang='grc' dir='ltr'>τὸ</span> <span class='ocrx_word' id='word_1_1007' title='bbox 1264 5208 1361 5285; x_wconf 74' lang='grc' dir='ltr'>τῆς</span> <span class='ocrx_word' id='word_1_1008' title='bbox 1472 5208 1894 5289; x_wconf 78' lang='grc' dir='ltr'>ἀποπέμπεσθαι</span> <span class='ocrx_word' id='word_1_1009' title='bbox 1926 5221 1988 5275; x_wconf 80' lang='grc' dir='ltr'>πῖ</span> 
     </span>
    </p>
   </div>
   <div class='ocr_carea' id='block_1_124' title="bbox 2082 5208 3077 5297">
    <p class='ocr_par' dir='ltr' id='par_1_124' title="bbox 2082 5208 3077 5290">
     <span class='ocr_line' id='line_1_127' title="bbox 2082 5208 3077 5290; baseline 0.001 -16"><span class='ocrx_word' id='word_1_1010' title='bbox 2082 5235 2118 5274; x_wconf 66' lang='grc' dir='ltr'>ί.</span> <span class='ocrx_word' id='word_1_1011' title='bbox 2140 5222 2200 5276; x_wconf 87' lang='grc' dir='ltr'>Β.</span> <span class='ocrx_word' id='word_1_1012' title='bbox 2232 5223 2292 5275; x_wconf 81' lang='lat' dir='ltr'>C.</span> <span class='ocrx_word' id='word_1_1013' title='bbox 2321 5221 2427 5275; x_wconf 88' lang='lat' dir='ltr'>Pro</span> <span class='ocrx_word' id='word_1_1014' title='bbox 2456 5208 2690 5290; x_wconf 49' lang='lat' dir='ltr'>vul&#39;gaiis</span> <span class='ocrx_word' id='word_1_1015' title='bbox 2711 5208 2863 5274; x_wconf 51' lang='lat' dir='ltr'>&#39;slain</span> <span class='ocrx_word' id='word_1_1016' title='bbox 2893 5208 3077 5275; x_wconf 46' lang='lat' dir='ltr'><strong>Versa.</strong></span> 
     </span>
    </p>
   </div>
   <div class='ocr_carea' id='block_1_125' title="bbox 391 5391 3638 5528">
    <p class='ocr_par' dir='ltr' id='par_1_125' title="bbox 391 5391 3638 5528">
     <span class='ocr_line' id='line_1_128' title="bbox 391 5391 3638 5528; baseline -0.006 -8"><span class='ocrx_word' id='word_1_1017' title='bbox 391 5451 529 5528; x_wconf 61' lang='grc' dir='ltr'>Τότε</span> <span class='ocrx_word' id='word_1_1018' title='bbox 563 5451 797 5528; x_wconf 56' lang='grc' dir='ltr'>ἀγήχθη</span> <span class='ocrx_word' id='word_1_1019' title='bbox 833 5455 867 5506; x_wconf 77' lang='grc' dir='ltr'><em>δ</em></span> <span class='ocrx_word' id='word_1_1020' title='bbox 898 5450 1154 5528; x_wconf 40' lang='grc' dir='ltr'>Ἰησοῦ-ς,</span> <span class='ocrx_word' id='word_1_1021' title='bbox 1166 5453 1253 5517; x_wconf 68' lang='grc' dir='ltr'>εἷς</span> <span class='ocrx_word' id='word_1_1022' title='bbox 1289 5452 1404 5528; x_wconf 54' lang='grc' dir='ltr'>ῗὴΐ</span> <span class='ocrx_word' id='word_1_1023' title='bbox 1438 5454 1660 5528; x_wconf 48' lang='grc' dir='ltr'>ἔρημον</span> <span class='ocrx_word' id='word_1_1024' title='bbox 1689 5457 1808 5512; x_wconf 80' lang='grc' dir='ltr'>ὑπὸ</span> <span class='ocrx_word' id='word_1_1025' title='bbox 1847 5391 2241 5526; x_wconf 44' lang='grc' dir='ltr'>Βολῦῐωέηῑγῐάί</span> <span class='ocrx_word' id='word_1_1026' title='bbox 2279 5458 2386 5511; x_wconf 72' lang='grc' dir='ltr'>Καὶ</span> <span class='ocrx_word' id='word_1_1027' title='bbox 2408 5457 2470 5510; x_wconf 90' lang='lat' dir='ltr'>rb</span> <span class='ocrx_word' id='word_1_1028' title='bbox 2488 5457 2551 5526; x_wconf 82' lang='grc' dir='ltr'>δὴ</span> <span class='ocrx_word' id='word_1_1029' title='bbox 2586 5456 2917 5528; x_wconf 82' lang='grc' dir='ltr'>θαυμαστὸν,</span> <span class='ocrx_word' id='word_1_1030' title='bbox 2949 5457 3029 5508; x_wconf 85' lang='grc' dir='ltr'>ὅτι</span> <span class='ocrx_word' id='word_1_1031' title='bbox 3060 5453 3166 5508; x_wconf 81' lang='grc' dir='ltr'>ὐπὸ</span> <span class='ocrx_word' id='word_1_1032' title='bbox 3193 5452 3287 5504; x_wconf 90' lang='grc' dir='ltr'>τοῦ</span> <span class='ocrx_word' id='word_1_1033' title='bbox 3318 5449 3638 5519; x_wconf 83' lang='grc' dir='ltr'>Πνεύματος</span> 
     </span>
    </p>
   </div>
   <div class='ocr_carea' id='block_1_126' title="bbox 473 5519 1862 5591">
    <p class='ocr_par' dir='ltr' id='par_1_126' title="bbox 473 5519 1862 5591">
     <span class='ocr_line' id='line_1_129' title="bbox 473 5519 1862 5591; baseline 0.006 -18"><span class='ocrx_word' id='word_1_1034' title='bbox 473 5519 837 5590; x_wconf 62' lang='grc' dir='ltr'>Πνεύμᾶτος,</span> <span class='ocrx_word' id='word_1_1035' title='bbox 859 5519 1254 5591; x_wconf 76' lang='grc' dir='ltr'>πειρασθῆναι</span> <span class='ocrx_word' id='word_1_1036' title='bbox 1280 5519 1398 5578; x_wconf 75' lang='grc' dir='ltr'>ὑπὸ</span> <span class='ocrx_word' id='word_1_1037' title='bbox 1430 5519 1862 5582; x_wconf 67' lang='grc' dir='ltr'>τοῦδιαϐόλου.</span> 
     </span>
    </p>
   </div>
   <div class='ocr_carea' id='block_1_127' title="bbox 454 5615 1953 5690">
    <p class='ocr_par' dir='ltr' id='par_1_127' title="bbox 454 5615 1953 5690">
     <span class='ocr_line' id='line_1_130' title="bbox 454 5615 1953 5690; baseline 0.007 -21"><span class='ocrx_word' id='word_1_1038' title='bbox 454 5619 524 5669; x_wconf 82' lang='grc' dir='ltr'>α’.</span> <span class='ocrx_word' id='word_1_1039' title='bbox 557 5617 690 5669; x_wconf 82' lang='grc' dir='ltr'>Τότε</span> <span class='ocrx_word' id='word_1_1040' title='bbox 708 5629 721 5642; x_wconf 86' lang='grc'><strong>’</strong></span> <span class='ocrx_word' id='word_1_1041' title='bbox 753 5617 918 5682; x_wconf 87' lang='grc' dir='ltr'>πότε;</span> <span class='ocrx_word' id='word_1_1042' title='bbox 949 5615 1102 5668; x_wconf 85' lang='grc' dir='ltr'>Μετά</span> <span class='ocrx_word' id='word_1_1043' title='bbox 1131 5616 1228 5685; x_wconf 83' lang='grc' dir='ltr'>τὴν</span> <span class='ocrx_word' id='word_1_1044' title='bbox 1249 5616 1342 5669; x_wconf 89' lang='grc' dir='ltr'>τοῦ</span> <span class='ocrx_word' id='word_1_1045' title='bbox 1371 5618 1510 5670; x_wconf 88' lang='grc' dir='ltr'>Πνεύ</span> <span class='ocrx_word' id='word_1_1046' title='bbox 1521 5637 1686 5690; x_wconf 87' lang='grc' dir='ltr'>ματος</span> <span class='ocrx_word' id='word_1_1047' title='bbox 1707 5623 1953 5681; x_wconf 85' lang='grc' dir='ltr'>κάθοδον.</span> 
     </span>
    </p>
   </div>
   <div class='ocr_carea' id='block_1_128' title="bbox 392 5697 1954 5772">
    <p class='ocr_par' dir='ltr' id='par_1_128' title="bbox 392 5697 1954 5772">
     <span class='ocr_line' id='line_1_131' title="bbox 392 5697 1954 5772; baseline 0.006 -24"><span class='ocrx_word' id='word_1_1048' title='bbox 392 5697 528 5766; x_wconf 86' lang='grc' dir='ltr'>μετά</span> <span class='ocrx_word' id='word_1_1049' title='bbox 554 5701 650 5767; x_wconf 79' lang='grc' dir='ltr'>τὴν</span> <span class='ocrx_word' id='word_1_1050' title='bbox 674 5699 855 5768; x_wconf 85' lang='grc' dir='ltr'>φωνὴν</span> <span class='ocrx_word' id='word_1_1051' title='bbox 877 5699 972 5769; x_wconf 82' lang='grc' dir='ltr'>τὴν</span> <span class='ocrx_word' id='word_1_1052' title='bbox 990 5699 1196 5752; x_wconf 79' lang='grc' dir='ltr'>ἄνωθεν</span> <span class='ocrx_word' id='word_1_1053' title='bbox 1219 5700 1526 5771; x_wconf 86' lang='grc' dir='ltr'>ἐνεχθεῖσαν</span> <span class='ocrx_word' id='word_1_1054' title='bbox 1547 5704 1639 5757; x_wconf 76' lang='grc' dir='ltr'>καὶ</span> <span class='ocrx_word' id='word_1_1055' title='bbox 1659 5706 1925 5772; x_wconf 82' lang='grc' dir='ltr'>λέγουσαν</span> <span class='ocrx_word' id='word_1_1056' title='bbox 1940 5724 1954 5738; x_wconf 89' lang='grc'><strong>·</strong></span> 
     </span>
    </p>
   </div>
   <div class='ocr_carea' id='block_1_129' title="bbox 404 5773 1960 5856">
    <p class='ocr_par' dir='ltr' id='par_1_129' title="bbox 404 5773 1960 5856">
     <span class='ocr_line' id='line_1_132' title="bbox 404 5773 1960 5856; baseline 0.007 -27"><span class='ocrx_word' id='word_1_1057' title='bbox 404 5773 591 5843; x_wconf 80' lang='grc' dir='ltr'>Οὗτός</span> <span class='ocrx_word' id='word_1_1058' title='bbox 615 5780 785 5833; x_wconf 80' lang='grc' dir='ltr'>ἐστιν</span> <span class='ocrx_word' id='word_1_1059' title='bbox 809 5785 842 5835; x_wconf 86' lang='lat' dir='ltr'>d</span> <span class='ocrx_word' id='word_1_1060' title='bbox 880 5783 1006 5848; x_wconf 77' lang='grc' dir='ltr'>Υἱός</span> <span class='ocrx_word' id='word_1_1061' title='bbox 1032 5799 1150 5852; x_wconf 78' lang='grc' dir='ltr'>μου</span> <span class='ocrx_word' id='word_1_1062' title='bbox 1188 5787 1222 5840; x_wconf 83' lang='grc' dir='ltr'>ό</span> <span class='ocrx_word' id='word_1_1063' title='bbox 1255 5784 1579 5855; x_wconf 78' lang='grc' dir='ltr'>ἀγαπητὸς,</span> <span class='ocrx_word' id='word_1_1064' title='bbox 1609 5786 1677 5840; x_wconf 78' lang='grc' dir='ltr'>ἐν</span> <span class='ocrx_word' id='word_1_1065' title='bbox 1707 5781 1756 5853; x_wconf 83' lang='grc' dir='ltr'>ᾧ</span> <span class='ocrx_word' id='word_1_1066' title='bbox 1783 5788 1960 5856; x_wconf 79' lang='grc' dir='ltr'>ηὐδό-</span> 
     </span>
    </p>
   </div>
   <div class='ocr_carea' id='block_1_130' title="bbox 464 5867 824 5937">
    <p class='ocr_par' dir='ltr' id='par_1_130' title="bbox 464 5867 824 5937">
     <span class='ocr_line' id='line_1_133' title="bbox 464 5867 824 5937; baseline 0.014 -20"><span class='ocrx_word' id='word_1_1067' title='bbox 464 5867 506 5900; x_wconf 78' lang='lat'>“</span> <span class='ocrx_word' id='word_1_1068' title='bbox 535 5869 744 5937; x_wconf 82' lang='grc' dir='ltr'>ἐνάγειν</span> <span class='ocrx_word' id='word_1_1069' title='bbox 759 5872 824 5922; x_wconf 75' lang='grc' dir='ltr'>Δ.</span> 
     </span>
    </p>
   </div>
   <div class='ocr_carea' id='block_1_131' title="bbox 2059 5533 3635 5610">
    <p class='ocr_par' dir='ltr' id='par_1_131' title="bbox 2059 5533 3635 5610">
     <span class='ocr_line' id='line_1_134' title="bbox 2059 5533 3635 5610; baseline -0.005 -16"><span class='ocrx_word' id='word_1_1070' title='bbox 2059 5541 2155 5595; x_wconf 89' lang='grc' dir='ltr'>τοῦ</span> <span class='ocrx_word' id='word_1_1071' title='bbox 2182 5541 2336 5608; x_wconf 85' lang='grc' dir='ltr'>ἁγίου</span> <span class='ocrx_word' id='word_1_1072' title='bbox 2352 5557 2365 5570; x_wconf 89' lang='grc'><strong>·</strong></span> <span class='ocrx_word' id='word_1_1073' title='bbox 2382 5541 2541 5593; x_wconf 86' lang='grc' dir='ltr'>τοῦτο</span> <span class='ocrx_word' id='word_1_1074' title='bbox 2561 5541 2668 5610; x_wconf 91' lang='grc' dir='ltr'>γάρ</span> <span class='ocrx_word' id='word_1_1075' title='bbox 2689 5540 2851 5592; x_wconf 82' lang='grc' dir='ltr'>αὐτὸν</span> <span class='ocrx_word' id='word_1_1076' title='bbox 2874 5539 3096 5606; x_wconf 88' lang='grc' dir='ltr'>ἀνάγειν</span> <span class='ocrx_word' id='word_1_1077' title='bbox 3121 5535 3162 5565; x_wconf 81' lang='grc'>¹⁸</span> <span class='ocrx_word' id='word_1_1078' title='bbox 3195 5533 3429 5586; x_wconf 86' lang='grc' dir='ltr'>ἐνταῦθά</span> <span class='ocrx_word' id='word_1_1079' title='bbox 3450 5548 3635 5601; x_wconf 88' lang='grc' dir='ltr'>φησιν.</span> 
     </span>
    </p>
   </div>
   <div class='ocr_carea' id='block_1_132' title="bbox 2077 5615 3635 5693">
    <p class='ocr_par' dir='ltr' id='par_1_132' title="bbox 2077 5615 3635 5693">
     <span class='ocr_line' id='line_1_135' title="bbox 2077 5615 3635 5693; baseline -0.006 -17"><span class='ocrx_word' id='word_1_1080' title='bbox 2077 5624 2294 5692; x_wconf 81' lang='grc' dir='ltr'>Ἐπειδὴ</span> <span class='ocrx_word' id='word_1_1081' title='bbox 2327 5623 2437 5693; x_wconf 87' lang='grc' dir='ltr'>γὰρ</span> <span class='ocrx_word' id='word_1_1082' title='bbox 2467 5623 2644 5676; x_wconf 88' lang='grc' dir='ltr'>πάντα</span> <span class='ocrx_word' id='word_1_1083' title='bbox 2675 5622 2812 5692; x_wconf 83' lang='grc' dir='ltr'>πρὸς</span> <span class='ocrx_word' id='word_1_1084' title='bbox 2855 5617 3204 5673; x_wconf 86' lang='grc' dir='ltr'>διδασκαλίαν</span> <span class='ocrx_word' id='word_1_1085' title='bbox 3237 5615 3393 5685; x_wconf 82' lang='grc' dir='ltr'>ἡμῶν</span> <span class='ocrx_word' id='word_1_1086' title='bbox 3437 5615 3635 5685; x_wconf 78' lang='grc' dir='ltr'>ἐπρατ-</span> 
     </span>
    </p>
   </div>
   <div class='ocr_carea' id='block_1_133' title="bbox 2064 5699 3721 5775">
    <p class='ocr_par' dir='ltr' id='par_1_133' title="bbox 2064 5699 3721 5775">
     <span class='ocr_line' id='line_1_136' title="bbox 2064 5699 3721 5775; baseline -0.006 -17"><span class='ocrx_word' id='word_1_1087' title='bbox 2064 5724 2124 5758; x_wconf 88' lang='grc' dir='ltr'>τε</span> <span class='ocrx_word' id='word_1_1088' title='bbox 2157 5708 2249 5759; x_wconf 74' lang='grc' dir='ltr'>καὶ</span> <span class='ocrx_word' id='word_1_1089' title='bbox 2277 5707 2566 5775; x_wconf 78' lang='grc' dir='ltr'>ὑπέμενεν,</span> <span class='ocrx_word' id='word_1_1090' title='bbox 2587 5705 2836 5773; x_wconf 89' lang='grc' dir='ltr'>ἀνέχεται</span> <span class='ocrx_word' id='word_1_1091' title='bbox 2872 5703 2965 5754; x_wconf 73' lang='grc' dir='ltr'>καὶ</span> <span class='ocrx_word' id='word_1_1092' title='bbox 2995 5702 3091 5770; x_wconf 83' lang='grc' dir='ltr'>τῆς</span> <span class='ocrx_word' id='word_1_1093' title='bbox 3122 5701 3299 5751; x_wconf 86' lang='grc' dir='ltr'>ἐκεῖσε</span> <span class='ocrx_word' id='word_1_1094' title='bbox 3323 5699 3638 5767; x_wconf 78' lang='grc' dir='ltr'>ἀναγωγῆς,</span> <span class='ocrx_word' id='word_1_1095' title='bbox 3716 5717 3721 5722; x_wconf 78' lang='lat'>&#39;</span> 
     </span>
    </p>
   </div>
   <div class='ocr_carea' id='block_1_134' title="bbox 2069 5780 3636 5858">
    <p class='ocr_par' dir='ltr' id='par_1_134' title="bbox 2069 5780 3636 5858">
     <span class='ocr_line' id='line_1_137' title="bbox 2069 5780 3636 5858; baseline -0.006 -17"><span class='ocrx_word' id='word_1_1096' title='bbox 2069 5789 2162 5841; x_wconf 75' lang='grc' dir='ltr'>καὶ</span> <span class='ocrx_word' id='word_1_1097' title='bbox 2195 5788 2295 5858; x_wconf 77' lang='grc' dir='ltr'>τῆς</span> <span class='ocrx_word' id='word_1_1098' title='bbox 2333 5789 2467 5858; x_wconf 83' lang='grc' dir='ltr'>πρὸς</span> <span class='ocrx_word' id='word_1_1099' title='bbox 2498 5787 2586 5840; x_wconf 66' lang='grc' dir='ltr'>τὸν</span> <span class='ocrx_word' id='word_1_1100' title='bbox 2605 5785 2848 5840; x_wconf 77' lang='grc' dir='ltr'>διάϐολον</span> <span class='ocrx_word' id='word_1_1101' title='bbox 2875 5783 3051 5852; x_wconf 81' lang='grc' dir='ltr'>πάλης</span> <span class='ocrx_word' id='word_1_1102' title='bbox 3071 5801 3083 5812; x_wconf 76' lang='grc' dir='ltr'><strong><em>ο</em></strong></span> <span class='ocrx_word' id='word_1_1103' title='bbox 3118 5781 3203 5834; x_wconf 77' lang='grc' dir='ltr'>ἵνα</span> <span class='ocrx_word' id='word_1_1104' title='bbox 3226 5780 3381 5854; x_wconf 81' lang='lat' dir='ltr'>[I68]</span> <span class='ocrx_word' id='word_1_1105' title='bbox 3409 5781 3636 5840; x_wconf 70' lang='grc' dir='ltr'>ἕκαστος</span> 
     </span>
    </p>
   </div>
  </div>
