4076 6150
388 329 496 382 909

380 437 488 490 τῶν
528 437 967 507 βαπτιζομένων,
1012 440 1060 490 εἰ
1104 441 1242 510 μετά
1285 441 1343 492 τὸ
1379 440 1659 509 βάπτισμα
1697 441 1953 509 μείζονας

381 521 690 588 ὑπομείνειε
743 522 1118 589 πειρασμοὺς,
1156 522 1230 591 μὴ
1279 524 1642 592 ταράττηται,
1691 523 1766 587 ὼς
1809 525 1960 594 παρά

381 602 710 671 προσδοκίαν
760 601 854 653 τοῦ
901 602 1226 674 πράγματος
1269 605 1552 672 γινομένου
1577 645 1589 661 .
1638 605 1773 658 ἀλλά
1824 607 1959 677 μένῃ

381 684 646 751 γενναίως
687 684 863 738 πάντα
894 686 1095 755 φέρων,
1125 686 1200 749 ὡς
1232 687 1372 739 κατὰ
1408 686 1725 741 ἀκολουθίαν
1768 688 1958 742 τούτου

384 767 788 837 συμϐαίνοντος.
822 769 928 822 Kal
967 770 1074 838 γὰρ
1121 769 1206 821 διὰ
1233 769 1391 822 τοῦτο
1418 770 1608 832 ἔλαϐες
1653 771 1794 825 ὅπλα
1815 811 1829 834 ,
1861 773 1959 843 οὑχ

383 850 471 903 ἵνα
497 851 689 920 άργῇς.
713 851 825 903 ἀλλ’
855 851 940 902 ἵνα
967 851 1092 903 πολε
1103 853 1228 920 μῇς.
1250 851 1348 903 Διά
1374 851 1530 904 τοῦτο
1557 852 1679 904 οὑδὲ
1708 854 1959 915 ἐπιόντας

384 933 584 986 κωλύει
631 934 758 994 τοὺς
807 933 1143 1002 πειρασμοὺς
1189 936 1216 985 6
1253 933 1414 996 Θεός·
1469 936 1679 1006 πρῶτον
1731 937 1828 1004 μὲν
1873 937 1960 989 ἵνα

387 1015 566 1084 μάθῃς
607 1016 688 1066 ὅτι
730 1015 907 1084 πολλῷ
946 1015 1175 1082 γέγονας
1223 1017 1600 1088 ἰσχυρότερος·
1647 1017 1835 1070 ἔπειτα
1875 1018 1960 1070 ἵνα

389 1097 554 1167 μένῃς
586 1096 908 1167 μετριάζων,
945 1097 1080 1166 μηδὲ
1125 1098 1165 1128 ¹⁹
1200 1097 1276 1166 τῷ
1328 1099 1547 1166 μεγέθει
1588 1100 1696 1152 τῶν
1742 1101 1960 1171 δωρεῶν

383 1178 648 1248 ἐπαρθῇς,
679 1177 788 1230 τῶν
821 1179 1144 1248 πειρασμῶν
1178 1180 1484 1233 συστέλλειν
1516 1198 1574 1233 σε
1605 1182 1916 1251 δυναμένων
1937 1199 1951 1214 ·

384 1259 521 1329 πρὸς
547 1259 777 1322 τούτοις,
804 1260 891 1313 ἵνα.
913 1263 941 1314 6
963 1262 1196 1330 πονηρὸς
1224 1261 1430 1331 δαίμων
1454 1266 1677 1326 ἐκεῖνος,
1701 1265 1730 1315 6
1756 1264 1893 1327 τέως
1915 1265 1961 1295 ’θ

385 1341 742 1410 ἀμφιϐάλλων
778 1343 904 1412 περὶ
930 1343 1030 1410 τῆς
1059 1344 1158 1410 σῆς
1187 1345 1558 1408 ἀποστάσεως,
1583 1346 1690 1398 ἀπὸ
1723 1348 1821 1416 τῆς
1851 1345 1961 1414 βα-

387 1425 548 1478 σάνου
575 1423 684 1477 τῶν
713 1426 1031 1494 πειρασμῶν
1054 1425 1464 1497 πληροφορηθῇ,
1487 1429 1567 1479 ὅτι
1597 1428 1776 1480 τέλεον
1800 1429 1960 1481 αὑτὸν

386 1505 767 1574 ἐγκαταλιπὼν
797 1507 1068 1576 ἀπέστης·
1102 1508 1362 1578 τέταρτον
1384 1512 1450 1570 ¹¹,
1494 1511 1580 1563 ἵνα
1618 1511 1963 1580 ἰσχυρότερος

385 1589 481 1640 καὶ
517 1589 732 1656 σιδήρου
768 1588 966 1650 παντὸς
1005 1588 1365 1661 εύτονώτερος
1414 1591 1586 1662 ταύτῃ
1626 1610 1964 1646 κατασκευα-

387 1670 549 1739 σθῇς·
595 1669 875 1738 πέμπτον,
915 1669 1002 1721 ἴνα
1032 1671 1306 1737 ἀπόδειξιν
1338 1671 1508 1744 λάϐῃς
1542 1677 1684 1742 σαφῆ
1728 1674 1834 1725 τῶν
1873 1693 1959 1728 πι-

389 1752 717 1804 στευθέντων
768 1768 848 1803 σοι
881 1751 1189 1822 θησαυρῶν.
1228 1755 1360 1806 Οὐδὲ
1400 1754 1508 1825 γὰρ
1555 1755 1621 1807 ἂν
1663 1757 1894 1826 ἐπῆλθεν
1934 1758 1962 1808 6

387 1835 651 1899 διάϐολος,
683 1836 730 1887 εἰ
764 1836 838 1904 μή
885 1853 943 1888 σε
991 1837 1047 1888 ἐν
1087 1837 1294 1905 μείζονι
1329 1838 1615 1906 γενόμενον
1659 1834 1765 1891 εἶδε
1807 1841 1963 1909 τιμῇ.

402 1917 678 1969 Ἐντεῦθεν
718 1917 848 1984 γοῦν
894 1918 987 1969 καὶ
1033 1916 1091 1981 ἐξ
1132 1920 1308 1989 ἀρχῆς
1339 1920 1610 1988 ἐπανέστη
1648 1920 1725 1989 τῷ
1775 1921 1964 1990 Ἀδὰμ,

390 1999 576 2067 ἐπειδὴ
610 1998 810 2067 πολλῆς
846 1997 1007 2052 αὑτὸν
1045 1997 1182 2053 εἶδεν
1233 2000 1616 2054 ἀπολαύσαντα
1652 2001 1752 2070 τῆς
1787 2002 1961 2066 ἀξίας.

391 2080 489 2132 Διά
521 2080 679 2134 τοῦτο
708 2083 1050 2152 παρετάξατο
1079 2083 1213 2154 πρὸς
1244 2085 1335 2136 τὸν
1379 2084 1522 2145 Ἰὼϐ,
1553 2085 1740 2154 ἐπειδὴ
1773 2101 2000 2152 στεφα-”

389 2164 644 2232 νούμενον
673 2165 834 2217 αὑτὸν
863 2165 958 2219 καὶ
988 2167 1495 2237 ἀνακηρυττόμενον
1525 2166 1784 2220 ἐθεάσατο
1817 2169 1966 2238 παρὰ

386 2247 479 2300 τοῦ
508 2247 615 2300 τῶν
648 2248 783 2300 ὅλων
823 2249 976 2302 Θεοῦ.
1023 2252 1133 2304 Kal
1177 2251 1292 2313 πῶς
1322 2247 1414 2304 οὑν
1454 2269 1617 2319 φησιν
1641 2268 1654 2283 ·
1690 2254 1960 2321 Εὔχεσθε

381 2329 467 2396 μὴ
497 2330 792 2383 εἰσελθεῖν
815 2333 901 2396 εἰς
926 2333 1296 2401 πειρασμόν;
1320 2334 1416 2386 Διὰ
1440 2332 1596 2385 τοῦτο
1619 2335 1718 2386 οὐκ
1746 2335 1962 2388 ἀνιόντα

385 2413 548 2465 αὑτὸν
583 2411 768 2474 ἁπλῶς
796 2412 1033 2466 δείκνυσί
1069 2431 1149 2466 σοι
1169 2415 1258 2468 τὸν
1287 2414 1515 2484 Ἰησοῦν,
1541 2415 1676 2468 ἀλλὰ
1702 2419 1745 2447 ⁸³
1770 2418 1968 2484 ἀναγό-

390 2511 548 2561 μενον
573 2493 713 2546 κατά
745 2493 836 2545 τὸν
876 2497 976 2564 τῇς
1019 2496 1332 2565 οἰκονομίας
1373 2496 1549 2564 λόγον,
1601 2500 1966 2568 αἰνιττόμενος

381 2577 473 2630 διὰ
498 2575 722 2638 τούτων,
743 2577 824 2628 ὅτι
857 2576 955 2628 οὑκ
986 2577 1181 2640 αὑτοὺς
1214 2579 1488 2649 ἐπιπηδᾷν
1513 2580 1640 2650 χρὴ,
1670 2581 1786 2634 ἀλλ’
1816 2581 1966 2636 ἑλκο-

390 2659 583 2728 μένους
612 2659 833 2712 ἑστάναι
869 2660 1154 2726 γενναίως.
1193 2660 1301 2713 Kal
1333 2661 1436 2729 ὅρα
1469 2663 1570 2715 ποῦ
1600 2663 1779 2717 λαϐὼν
1807 2666 1967 2718 αὐτὸν

384 2742 444 2793 τὸ
490 2741 707 2809 Πνεῦμα
739 2742 1045 2810 ἀνήγαγεν·
1081 2743 1180 2794 οὑκ
1221 2744 1300 2806 εἰς
1334 2743 1486 2796 πόλιν
1524 2747 1617 2798 καὶ
1656 2747 1702 2777 ’⁸
1740 2749 1965 2819 ἀγοράν,

383 2823 498 2876 ἀλλ’
526 2825 605 2885 εἰς
631 2823 858 2892 ἔρημον.
915 2824 1132 2894 Ἐπειδὴ
1161 2823 1270 2895 γάρ
1312 2827 1402 2878 τὸν
1442 2827 1686 2881 διάϐολον
1729 2831 1966 2884 ἐπισπά-

387 2905 585 2959 σασθαι
613 2904 885 2969 ἐϐούλετο,
915 2906 975 2958 ού
1008 2906 1097 2958 διὰ
1125 2907 1222 2976 τῆς
1265 2907 1456 2978 πείνης
1490 2911 1668 2978 μόνον,
1711 2913 1844 2966 ἀλλὰ
1875 2915 1968 2967 καὶ

383 2989 473 3041 διὰ
496 2987 590 3041 τοῦ
621 2988 790 3041 τόπου
811 2988 1025 3042 δίδωσιν
1047 2989 1194 3059 αὑτῷ
1223 2990 1410 3060 λαϐήν.
1439 2993 1570 3044 Τότε
1599 2994 1707 3064 γὰρ
1733 2996 1966 3064 μάλιστα

384 3071 680 3123 ἐπιτίθεται
723 3073 750 3124 6
793 3071 1070 3134 διάϐολος.
1102 3073 1230 3126 ὅταν
1267 3073 1350 3144 ἴδῃ
1411 3079 1829 3144 μεμονωμένους
1873 3079 1966 3130 καὶ

383 3156 503 3208 καθ’
535 3157 760 3216 ἐαυτοὺς
800 3155 978 3219 ὄντας.
1018 3155 1173 3209 Οῶω
1210 3159 1304 3211 καὶ
1343 3163 1406 3227 τῇ
1444 3161 1662 3226 γυναικὶ
1691 3163 1840 3231 παρὰ
1867 3165 1965 3229 τὴν

383 3238 556 3308 ἀρχὴν
587 3237 810 3291 ἐπέθετο
845 3239 910 3297 ’⁸,
959 3239 1126 3308 μόνην
1171 3241 1340 3308 αὑτὴν
1377 3241 1702 3309 ἀπολαϐὼν,
1741 3246 1835 3297 καὶ
1872 3245 1962 3298 τοῦ

382 3320 574 3388 ἀνδρὸς
617 3321 784 3389 χωρὶς
836 3315 999 3373 οὖσαν
1042 3321 1236 3392 εὑρών.
1270 3324 1440 3376 Ὅταν
1479 3325 1578 3393 μὲν
1614 3327 1658 3357 ’³
1701 3329 1809 3395 γὰρ
1847 3328 1964 3395 μεθ’

383 3404 585 3472 ἐτέρων
611 3403 768 3466 ὄντας
800 3403 881 3474 ίδῇ
917 3403 1010 3456 καὶ
1044 3408 1608 3476 συγκεκροτημένους,
1639 3410 1732 3478 οὑχ
1764 3410 1964 3478 ὁμοίως

384 3489 597 3558 θαρρεῖ.
635 3487 755 3538 οὑδέ
796 3487 994 3540 ἔπεισι.
1031 3488 1122 3540 Διὸ
1166 3489 1268 3559 χρὴ
1302 3491 1536 3557 μάλιστα
1568 3493 1661 3544 καὶ
1689 3492 1776 3544 διὰ
1807 3492 1965 3545 τοῦτο

387 3571 504 3637 μετ’
533 3569 777 3636 ἀλλήλων
818 3569 1181 3633 ἀγελάξεσθαι
1214 3572 1470 3639 συνεχῶς,
1502 3572 1641 3625 ὥστε
1681 3574 1755 3642 μὴ
1791 3575 1965 3642 εὐχει-

386 3648 590 3721 ρώτους
617 3644 754 3700 εἶναι
780 3648 857 3717 τῷ
885 3649 1136 3719 διαϐόλῳ.
1177 3651 1367 3719 Εὑρὼν
1397 3653 1574 3704 τοίνυν
1613 3654 1774 3707 αὑτὸν
1810 3657 1865 3706 έν
1894 3659 1959 3724 τῇ

385 3732 599 3802 ἐρήμῳ,
622 3731 715 3782 καὶ
746 3731 934 3799 ἐρήμῳ
959 3730 1145 3799 ἀϐάτῳ
1178 3731 1195 3794 (
1209 3732 1289 3784 ὃτι
1318 3732 1426 3804 γὰρ
1452 3734 1671 3803 τοιαύτη
1704 3738 1738 3806 ή
1763 3736 1964 3806 ἔρημος

382 3808 472 3882 ἦν,
504 3815 532 3865 6
555 3811 778 3881 Μάρκος
816 3812 1079 3881 ἐδήλωσεν
1104 3814 1291 3877 εἰπὼν,
1319 3815 1397 3868 ὅτι
1425 3817 1583 3870 Μετὰ
1608 3817 1727 3870 τῶν
1749 3820 1966 3886 θηρίων

382 3891 504 3961 ἦν)’
522 3896 622 3965 ὅρα
649 3893 765 3963 μεθ’
788 3896 919 3964 ὅσης
943 3898 1305 3966 προσέρχεται
1333 3900 1668 3969 κακουργίας
1690 3901 1783 3954 καὶ
1801 3920 1964 3970 πονη-

387 3977 528 4045 ρίας,
552 3977 644 4028 καὶ
668 3980 819 4029 ποῖον
853 3982 1166 4049 παρατηρεῖ
1196 3981 1404 4050 καιρόν.
1436 3981 1566 4034 Οὐδὲ
1601 3981 1709 4053 γὰρ
1741 3984 1962 4052 νηστεύς

383 4072 528 4120 οντι,
569 4059 702 4111 ἀλλὰ
761 4060 1014 4114 πεινῶντι
1059 4062 1451 4131 προσέρχεται·
1502 4064 1589 4116 ἵνα
1641 4064 1705 4116 σὺ
1757 4067 1959 4137 μάθῃς,

380 4140 569 4208 ἡλίκον
597 4143 629 4209 ή
677 4143 899 4210 νηστεία
942 4143 1135 4205 καλὸν,
1177 4145 1419 4208 καὶπῶς
1464 4146 1626 4198 ὅπλον
1660 4147 1776 4199 ἐστὶ
1822 4150 1964 4203 κατὰ

381 4223 473 4276 τοῦ
499 4223 744 4276 διαϐόλου
793 4227 1070 4294 μέγιστον,
1103 4227 1197 4278 καὶ
1236 4229 1316 4280 ὅτι
1359 4229 1496 4298 μετὰ
1539 4229 1600 4280 τὸ
1641 4228 1861 4300 λουτρὸν
1901 4232 1960 4284 οὐ

380 4308 558 4376 τρυφῇ
610 4306 704 4357 καὶ
753 4306 892 4378 μέθῃ
938 4307 1031 4360 καὶ
1075 4309 1325 4379 τραπέζῃ
1361 4309 1660 4380 πληθούσῃ,
1697 4311 1831 4364 ἀλλά
1869 4330 1962 4382 νη-

383 4388 536 4458 στείᾳ
571 4390 860 4459 προσέχειν
895 4390 992 4443 δεῖ.
1029 4391 1128 4443 Διά
1172 4391 1280 4460 γὰρ
1312 4393 1467 4444 τοῦτο
1507 4393 1598 4445 καὶ
1642 4393 1801 4457 αὑτὸς
1842 4396 1962 4465 ἐνή-

381 4487 625 4532 στευσεν,
663 4473 762 4525 οὑκ
807 4473 854 4504 ’⁸
889 4472 1051 4536 αὐτὸς
1095 4472 1297 4542 ταύτης
1348 4474 1618 4541 δεόμενος,
1668 4476 1782 4527 ἀλλ’
1815 4477 1964 4546 ἡμᾶς

382 4553 672 4607 παιδεύων.
709 4554 926 4624 Ἐπειδὴ
955 4554 1062 4625 γὰρ
1106 4555 1173 4606 τὰ
1209 4556 1581 4624 ἁμαρτήματα
1617 4557 1684 4609 τὰ
1732 4557 1837 4624 πρὸ
1869 4557 1962 4609 τοῦ

381 4637 604 4707 λουτροῦ
639 4638 699 4689 τὸ
742 4638 936 4708 γαστρὶ
979 4637 1250 4689 δουλεύειν
1294 4639 1586 4705 εἰσήγαγεν
1612 4655 1624 4668 ·
1670 4641 1858 4710 ὥσπερ
1899 4640 1963 4692 ἂν

382 4723 434 4773 εἰ
464 4739 545 4784 τις
565 4721 822 4775 νοσοῦντα
843 4721 973 4790 ὑγιῆ
1005 4721 1257 4788 ποιήσας,
1281 4719 1489 4772 κελεύοι
1515 4721 1587 4789 μὴ
1612 4720 1760 4792 [169]
1790 4725 1961 4774 ποιεῖν

382 4803 584 4861 ἐκεῖνα,
620 4803 680 4865 ἐξ
708 4796 782 4855 ὧν
811 4806 844 4872 ἡ
872 4804 1026 4864 νόσος
1054 4801 1278 4868 γέγονεν
1297 4816 1313 4831 ⁸
1344 4801 1483 4853 οῦτω
1509 4802 1570 4872 δὴ
1607 4804 1700 4854 καὶ
1727 4803 1960 4857 ἐνταῦθα

381 4885 475 4936 καὶ
501 4884 544 4913 ’⁷
573 4885 734 4946 αὑτὸς
762 4883 897 4953 μετὰ
925 4885 984 4936 τὸ
1013 4882 1235 4954 λουτρὸν
1261 4883 1512 4953 νηστείαν
1541 4885 1816 4954 εἰσήγαγε.
1849 4887 1956 4939 Kal

381 4965 490 5034 γὰρ
519 4965 611 5016 καὶ
639 4964 729 5015 τὸν
773 4967 944 5034 Ἀδάμ
982 4967 1015 5035 ὴ
1063 4965 1301 5035 ἀκρασία
1334 4969 1431 5036 τῆς
1454 4969 1689 5036 γαστρὸς
1737 4968 1953 5031 ἐξέϐαλε

379 5047 474 5100 τοῦ
511 5045 872 5115 παραδείσου,
913 5047 1008 5098 κα)⁵
1051 5047 1140 5100 τὸν
1175 5049 1556 5118 κατακλυσμὸν
1589 5051 1678 5102 τὸν
1725 5052 1815 5102 ἐπὶ
1863 5052 1955 5104 τοῦ

379 5131 505 5184 Νῶε
556 5127 695 5198 αῦτη
737 5128 1037 5198 πεποίηκε,
1071 5131 1162 5182 καὶ
1199 5132 1324 5192 τοὺς
1370 5133 1614 5201 Σοδόμων
1659 5136 1957 5204 κεραυνοὺς

381 5213 520 5280 αὕτη
554 5212 886 5283 κατήγαγεν.
915 5214 976 5265 Εἰ
1007 5213 1114 5283 γάρ
1155 5214 1247 5266 καὶ
1277 5215 1531 5280 πορνείας
1581 5216 1830 5287 ἔγκλημα
1865 5213 1952 5286 ἦν,

379 5297 492 5349 ἀλλ’
524 5296 672 5366 ὅμως
719 5294 986 5364 ἑκατέρας
1023 5296 1118 5360 τῆς
1177 5295 1504 5365 κολάσεωςή
1553 5297 1675 5366 ῥίζα
1708 5299 1955 5352 ἐντεῦθεν

379 5379 550 5449 ἐφύη·
575 5380 711 5449 ὅπερ
734 5378 830 5432 καὶ
848 5379 877 5431 6
902 5378 1156 5448 Ίεζεκιὴλ
1180 5379 1545 5448 αἰνιττόμενος
1566 5380 1717 5447 ἔλεγε
1745 5399 1756 5410 ·
1782 5383 1957 5447 Πλὴν

378 5463 554 5516 τοῦτο
587 5461 653 5513 τὸ
698 5461 977 5531 ἀνόμημα
1014 5461 1312 5527 Σοδόμων,
1357 5461 1445 5513 ὅτι
1473 5462 1542 5514 ἐν
1582 5464 1957 5532 ὑπερηφανίᾳ

1085 327 1144 380 S.
1185 324 1468 380 JOANMS
1507 324 1994 380 CHRYSOSTOMI
2027 325 2349 381 ARCHIEP.
2391 321 2940 380 CONSTANTINOP.

3533 316 3640 370 210

2062 442 2162 495 καὶ
2218 443 2292 494 ἐν
2320 443 2367 474 ’⁸
2410 437 2739 507 πλησμονῇ
2784 437 3018 503 ἀρτων,
3069 436 3172 488 καὶ
3224 431 3292 484 ἐν
3335 429 3646 495 εὐθηνίαις

2059 521 2438 576 ἐσπατὰλων.
2474 520 2634 574 Οὕτω
2658 520 2752 574 xal
2791 517 3033 571 Ἰουδαῖοι
3074 515 3144 567 τὰ
3178 513 3410 583 μέγιστα
3453 511 3638 581 εἰργά-

2062 621 2220 657 σαντο
2248 604 2413 667 κακά,
2443 603 2550 656 ἀπὸ
2581 605 2679 672 τῆς
2711 601 2880 669 μέθης
2916 599 3011 652 καὶ
3039 597 3137 668 τῆς
3160 595 3372 666 τρυφῆς
3402 593 3495 646 ἐπὶ
3535 593 3634 662 τὴν

2059 687 2287 756 ἀνομίαν
2317 687 2680 751 ἐξοκείλαντες
2693 723 2707 737 .

2131 767 2200 838 β’.
2231 769 2329 821 Διά
2356 769 2419 838 δὴ
2452 768 2608 820 τοῦτο
2633 767 2726 818 καὶ
2754 764 2916 827 αὑτὸς
2953 761 3201 833 νηστεύει
3227 757 3637 827 τεσσαράκοντα

2063 850 2310 919 ἡμέρας,
2343 851 2474 919 ἡμῖν
2528 848 2596 900 τὰ
2648 849 2913 917 φάρμακα
2953 845 3054 911 τῆς
3099 841 3369 910 σωτηρίας
3403 839 3636 901 δεικνὺς,

2062 934 2157 986 καὶ
2199 933 2258 984 ού
2310 932 2635 1003 προέρχεται
2671 930 3008 999 περαιτέρω,
3053 926 3194 979 ὥστε
3238 925 3311 995 μὴ
3358 923 3519 975 πάλιν
3567 923 3636 990 τῇ

2059 1014 2332 1085 ὑπερϐολῇ
2363 1014 2457 1066 τοῦ
2499 1012 2772 1082 θαύματος
2804 1009 3167 1078 ἀπιστηθῆναι
3191 1007 3293 1074 τῆς
3323 1003 3636 1073 οἰκονομίας

2060 1100 2158 1168 τὴν
2184 1097 2460 1166 ἀλήθειαν.
2491 1096 2604 1148 Νῦν
2641 1096 2738 1166 μὲν
2772 1094 2881 1163 γὰρ
2907 1094 3006 1146 οὑκ
3037 1093 3102 1144 ἂν
3132 1093 3176 1124 ¹⁹
3207 1088 3364 1142 τοῦτο
3392 1088 3628 1156 ἐγένετο,

2060 1181 2247 1238 ἐπειδὴ
2275 1180 2369 1232 καὶ
2407 1179 2644 1247 Μωῦσῆς
2676 1179 2769 1231 καὶ
2802 1177 2985 1238 Ἦλίας
3019 1173 3381 1246 προλαϐόντες
3410 1174 3487 1234 εἰς
3516 1186 3641 1222 τοσ-

2067 1263 2225 1316 οῦτον
2275 1262 2504 1332 ἴσχυσαν
2554 1261 2788 1328 ἐξελθεῖν
2833 1261 3039 1329 μῆκος,
3083 1261 3150 1327 τῇ
3189 1256 3285 1310 τοῦ
3331 1255 3464 1308 Θεοῦ
3507 1270 3642 1322 κρα-

2065 1351 2372 1416 ταιούμενοι
2396 1348 2439 1378 ³ο
2461 1346 2704 1414 δυνάμει.
2737 1347 2800 1398 Εἰ
2829 1345 2882 1397 δὲ
2916 1343 3222 1412 περαιτέρω
3253 1340 3484 1410 προέϐη,
3513 1336 3641 1390 πολ-

2064 1430 2176 1494 λοῖς
2228 1430 2292 1483 ἂν
2338 1432 2430 1483 καὶ
2479 1429 2726 1482 ἐντεῦθεν
2772 1429 2998 1490 ἄπιστος
3045 1426 3219 1488 ἔδοξεν
3265 1421 3404 1477 εἰναι
3453 1423 3487 1492 ή
3539 1421 3642 1490 τῆς

2067 1514 2268 1583 σαρκὸς
2313 1513 2596 1582 ἀνάληψις.
2642 1512 2959 1581 Νηστεύσας
3003 1510 3183 1562 τοίνυν
3230 1506 3641 1576 τεσσαράκοντα

2066 1597 2278 1666 ἡμέρας
2321 1597 2412 1648 καὶ
2458 1595 2654 1658 νύκτας
2685 1594 2970 1656 τοσαύτας,
3012 1593 3307 1657 ’Ὕστερον
3333 1590 3634 1643 ἐπείνασε·

2065 1678 2234 1747 λαϐὴν
2261 1677 2407 1747 αὑτῷ
2439 1677 2690 1747 παρέχων
2717 1679 2793 1740 εἰς
2813 1677 2872 1728 τὸ
2903 1673 3235 1745 προσελθεῖν,
3275 1672 3361 1724 ἵνα
3393 1669 3640 1739 συμπλα-

2068 1761 2183 1821 κεὶς
2206 1758 2349 1828 δείξῃ
2377 1759 2490 1820 πῆς
2513 1759 2593 1810 δεῖ
2620 1756 2992 1829 περιγίνεσθαι
3011 1757 3053 1787 ³¹
3080 1755 3173 1808 καὶ
3198 1755 3372 1823 νικᾷν.
3397 1751 3550 1804 Οὑτω
3574 1749 3639 1820 δὴ

2069 1843 2161 1893 καὶ
2195 1840 2427 1910 ἀθληταὶ
2460 1840 2699 1892 ποιοῦσι·
2732 1841 2858 1902 τοὺς
2880 1839 2987 1910 γὰρ
3015 1836 3261 1908 μαθητὰς
3285 1836 3408 1898 τοὺς
3431 1835 3640 1887 ἑαυτῶν

2067 1922 2406 1977 διδάσκοντες
2435 1922 2803 1992 περιγίνεσθαι
2841 1921 2933 1974 καὶ
2959 1922 3135 1990 νικᾷν,
3167 1919 3381 1980 ἑκόντες
3422 1918 3479 1968 ἐν
3522 1918 3641 1978 ταῖς

2067 2004 2426 2074 παλαίστραις
2457 2004 2858 2074 συμπλέκονται
2882 2003 3109 2074 ἐτέροις,
3138 2004 3194 2054 ἐν
3219 2003 3330 2062 τοῖς
3358 1998 3464 2053 τῶν
3491 2000 3641 2052 ἀντι-

2070 2087 2255 2138 πάλων
2294 2085 2509 2154 σώμασι
2538 2087 2865 2156 παρέχοντες
2885 2086 3093 2146 τούτοις
3123 2084 3347 2153 θεωρεῖν
3379 2081 3473 2134 καὶ
3514 2097 3642 2134 παι-

2067 2168 2315 2220 δεύεσθαι
2345 2169 2442 2236 τῆς
2464 2170 2621 2236 νίκης
2649 2169 2740 2221 τὸν
2779 2169 2997 2239 τρόπον.
3033 2169 3098 2220 Ὃ
3126 2167 3188 2236 δὴ
3223 2167 3318 2218 καὶ
3357 2165 3478 2217 τότε
3517 2163 3641 2230 ἐγέ-

2068 2268 2206 2304 νετο.
2242 2251 2457 2321 Ἐπειδὴ
2485 2251 2591 2319 γὰρ
2626 2241 2873 2304 ἐϐούλετο
2915 2250 3076 2302 αὑτὸν
3124 2245 3527 2301 ἐπισπάσασθαι
3561 2246 3643 2307 εἰς

2068 2331 2246 2390 τοῦτο,
2282 2333 2373 2384 καὶ
2421 2333 2481 2384 τὸ
2519 2335 2710 2402 πεινῇν
2740 2331 2888 2400 αὑτῷ
2931 2331 3229 2400 κατάδηλον
3261 2330 3505 2398 ἐποίησε,
3546 2327 3641 2380 καὶ

2070 2414 2431 2484 προσελθόντα
2472 2414 2709 2480 ἐδέξατο,
2746 2417 2840 2466 καὶ
2879 2415 3194 2482 δεξάμενος,
3231 2411 3377 2476 ἅπαξ
3421 2411 3515 2464 καὶ
3561 2409 3643 2471 δίς

2070 2499 2162 2550 καὶ
2198 2499 2317 2566 τρὶς
2347 2496 2508 2550 αὑτὸν
2550 2497 2850 2568 κατέρῤαξε
2875 2499 2918 2528 ³³
2951 2496 3066 2565 μετ’
3094 2495 3342 2558 εὐκολίας
3369 2494 3466 2563 τῆς
3493 2491 3643 2562 αὑτῷ

2069 2579 2472 2649 προσηκούσης.
2509 2579 2646 2631 Ἀλλ’
2669 2580 2754 2633 ἵνα
2792 2579 2866 2649 μὴ
2904 2578 3332 2650 παρατρέχοντες
3359 2576 3456 2638 τὰς
3486 2575 3644 2636 νίκας

2067 2662 2290 2727 ταύτας,
2329 2661 2718 2732 λυμαινώμεθα
2755 2663 2904 2731 ὑμῶν
2951 2663 3048 2729 τὴν
3086 2660 3371 2728 ὠφέλειαν,
3402 2657 3508 2711 ἀπὺ
3545 2656 3644 2724 τῆς

2071 2743 2295 2814 πρώτης
2345 2745 2642 2814 ἀρξάμενοι
2681 2744 2983 2813 προσϐολῆς
3019 2743 3255 2813 ἑκάστην
3309 2741 3445 2812 μετά
3485 2741 3644 2809 ἀκρι-

2070 2826 2129 2877 ϐε
2139 2827 2221 2889 ίας
2247 2826 2608 2897 ἐξετάσωμεν.
2627 2826 2842 2895 Ἐπειδὴ
2860 2827 2968 2896 γὰρ
2988 2829 3083 2879 ἐπε
3093 2825 3260 2888 ίνασε,
3277 2823 3428 2893 φησὶ,
3451 2825 3644 2889 Προσ-

2070 2908 2262 2961 ελθὼν
2295 2913 2328 2963 ό
2369 2908 2654 2976 πειράζων
2698 2910 2867 2961 εἶπεν
2916 2908 3107 2973 αὐτῷ·
3152 2909 3221 2959 Εἰ
3259 2905 3390 2972 Υἱὸς
3433 2899 3491 2957 εἰ
3535 2901 3644 2955 τοῦ

2073 2990 2257 3055 Θεοῦ,
2303 2993 2433 3045 εἰπὲ
2474 2993 2573 3044 ἵνα
2625 2995 2678 3044 οἱ
2726 2994 2882 3046 λίθοι
2925 2986 3088 3044 οὗτοι
3133 2989 3297 3056 ἄρτοι
3339 2987 3641 3057 γένωνται.

2086 3073 2301 3142 Ἐπειδὴ
2334 3074 2443 3144 γὰρ
2486 3075 2685 3144 ἤκουσε
2721 3073 2904 3142 φωνῆς
2946 3071 3149 3126 ἄνωθεν
3198 3070 3504 3143 φερομένης
3550 3067 3646 3120 καὶ

2072 3157 2367 3225 λεγούσης·
2417 3155 2602 3223 Οὗτός
2643 3158 2813 3210 ἐστιν
2857 3160 2889 3210 ὀ
2933 3158 3059 3220 Υἱός
3088 3173 3205 3223 μου
3241 3159 3272 3207 ό
3298 3151 3604 3220 ἀγαπητός
3627 3167 3642 3183 ⁸

2073 3240 2270 3309 ἤκουσε
2301 3240 2355 3292 δὲ
2388 3242 2477 3292 καὶ
2527 3241 2770 3292 Ἰωάννου
2807 3238 3041 3290 τοσαῦτα
3080 3237 3209 3308 περὶ
3247 3234 3410 3289 αὑτοῦ
3442 3250 3645 3304 μαρτυ-

2078 3321 2326 3390 ροῦντος,
2373 3317 2489 3374 εἶτα
2544 3316 2651 3374 εἶδε
2683 3319 2987 3373 πεινῶντα·
3024 3321 3081 3372 ἐν
3123 3317 3402 3388 ἀμηχανίᾳ
3452 3314 3644 3368 λοιπὸν

2070 3401 2159 3476 ἦν,
2201 3405 2294 3458 καὶ
2328 3403 2450 3456 οὒτε
2480 3405 2562 3456 ὅτι
2603 3403 2882 3474 ἄνθρωπος
2925 3399 2991 3472 ἦν
3020 3401 3173 3470 ψιλὸς
3205 3399 3490 3454 πιστεῦσαι
3519 3397 3645 3468 ὴδύ-

2073 3506 2221 3549 νατο,
2274 3488 2361 3540 διὰ
2399 3491 2468 3542 τὰ
2517 3489 2642 3558 περὶ
2677 3488 2838 3540 αὑτοῦ
2869 3487 3159 3556 λεχθέντα·
3213 3487 3318 3539 οὐδ’
3364 3481 3429 3538 αὖ
3484 3483 3644 3537 πάλιν

2075 3568 2499 3638 παραδέξασθαι,
2531 3571 2610 3622 ὅτι
2645 3571 2771 3632 Υἱὸς
2797 3565 2863 3640 ἦν
2901 3569 2992 3621 τοῦ
3023 3568 3178 3631 Θεοῦ,
3206 3568 3294 3620 διὰ
3326 3568 3386 3619 τὸ
3426 3566 3644 3636 βλέπειν

2072 3653 2231 3704 αὑτὸν
2253 3652 2539 3704 πεινῶντα.
2569 3652 2729 3705 Ὅθεν
2758 3653 2813 3703 ὲν
2839 3651 3118 3721 ἀμηχανίᾳ
3137 3650 3443 3719 γενόμενος,
3468 3650 3641 3719 ἀμφι-

2073 3735 2256 3798 ϐόλους
2292 3736 2481 3804 ἀφίησι
2505 3736 2706 3803 φωνάς.
2743 3735 2848 3786 Kal
2877 3733 3064 3803 ὥσπερ
3100 3733 3176 3802 τῷ
3207 3731 3379 3802 Ἀδάμ
3417 3731 3645 3802 προσελ-

2073 3817 2178 3869 θὼν
2211 3817 2360 3888 παρά
2384 3818 2480 3887 τὴν
2515 3817 2708 3887 ἀρχὴν,
2738 3816 2958 3870 πλάττει
2992 3815 3059 3868 τὰ
3097 3815 3170 3886 μὴ
3197 3815 3346 3876 ὄντα,
3374 3817 3458 3868 ἵνα
3495 3810 3640 3885 μάθῃ

2071 3900 2138 3950 τά
2162 3899 2290 3952 ὅντα
2310 3913 2324 3926 ·
2357 3899 2499 3952 οῦτω
2537 3899 2602 3968 δὴ
2641 3899 2734 3951 καὶ
2766 3897 3018 3960 ἐνταῦθα,
3051 3898 3150 3950 οὑκ
3187 3897 3342 3960 εἰδὼς
3371 3898 3555 3965 σαφῶς
3584 3897 3644 3948 τὸ

2073 3981 2380 4053 ἀπόρρητον
2414 3982 2510 4049 τῆς
2558 3981 2865 4049 οἰκονομίας
2897 3981 3222 4050 μυστήριον,
3258 3981 3353 4033 καὶ
3380 3980 3463 4042 τίς
3511 3978 3643 4031 ποτέ

2073 4063 2221 4114 ἐστιν
2242 4066 2268 4114 6
2298 4063 2506 4132 παρὼν,
2524 4062 2686 4132 ’έτερα
2710 4065 2977 4132 ἐπιχειρεί
3005 4062 3222 4114 πλέκειν
3244 4061 3452 4125 δίκτυα,
3476 4061 3542 4113 δι’
3567 4077 3643 4112 ων

2072 4145 2206 4214 ᾢετο
2255 4145 2494 4198 εἴσεσθαι
2532 4145 2591 4196 τὸ
2633 4145 3010 4214 κεκρυμμένον
3046 4146 3138 4196 καὶ
3187 4144 3410 4211 ἀσαφές.
3450 4143 3557 4195 Kal
3590 4143 3643 4195 τί

2072 4244 2269 4296 φησιν;
2303 4226 2367 4280 Εἰ
2396 4227 2528 4292 Υἱός
2555 4223 2614 4279 εἴ
2628 4227 2731 4280 τοῦ
2757 4226 2925 4288 Θεοῦ,
2952 4227 3081 4278 εἰπὲ
3105 4227 3204 4278 ἵνα
3227 4229 3279 4279 οἰ
3302 4227 3456 4278 λίθοι
3477 4220 3644 4279 οὗτοι

2073 4307 2222 4381 [I70]
2255 4310 2418 4378 ἄρτοι
2453 4310 2754 4378 γένωνται.
2795 4309 2907 4361 Οὐκ
2955 4305 3125 4371 εἶπεν,
3185 4308 3400 4376 Ἐπειδὴ
3431 4308 3639 4376 πεινᾷς,

2069 4391 2205 4453 ἀλλ’,
2231 4395 2297 4444 Εἰ
2337 4393 2466 4456 Υἱὸς
2512 4389 2569 4444 εἷ
2617 4391 2724 4444 τοῦ
2771 4391 2943 4443 Θεοῦ·
2991 4390 3226 4459 νομίζων
3281 4389 3644 4443 ὑποκλέπτειν

2063 4475 2224 4527 αὑτὸν
2258 4479 2368 4537 τοῖς
2414 4475 2727 4544 ἐγκωμίοις.
2756 4473 2846 4525 Διὸ
2881 4473 2974 4525 καὶ
3005 4473 3103 4542 τὴν
3137 4475 3325 4524 πεῖναν
3363 4473 3640 4540 ἐσίγησεν,

2065 4557 2150 4608 ἵνα
2176 4556 2248 4626 μὴ
2290 4557 2414 4626 δόξῃ
2450 4556 2738 4625 προφέρειν
2762 4555 2805 4585 ³³
2830 4553 2976 4622 αὑτῷ
3013 4553 3168 4606 τοῦτο
3208 4554 3296 4606 καὶ
3341 4551 3638 4615 ὀνειδίζειν.

2067 4641 2142 4692 Οὑ
2183 4639 2292 4708 γὰρ
2333 4638 2486 4701 εἰδὼς
2512 4637 2619 4689 τῶν
2666 4635 3128 4706 οἰκονομούμένων
3167 4636 3228 4688 τὸ
3278 4637 3524 4706 μέγεθος,
3555 4638 3642 4688 αἰ-

2067 4722 2228 4791 σχρὸν
2272 4721 2420 4789 αὑτῷ
2470 4721 2625 4773 τοῦτο
2680 4720 2925 4788 ἐνόμιζεν
2980 4717 3136 4772 εἶναι.
3189 4719 3278 4770 Διὸ
3334 4719 3640 4771 κολακεύων

2065 4805 2226 4857 αὐτὸν
2261 4803 2528 4865 ὑπούλως,
2561 4803 2661 4871 τῆς
2697 4802 2853 4865 ἀξίας
2889 4803 3160 4872 μέμνηται
3206 4801 3391 4871 μόνης.
3436 4802 3501 4853 Τί
3545 4796 3640 4855 οὖν

2063 4888 2092 4938 6
2117 4888 2381 4956 Χριστός;
2422 4885 2526 4938 Τὸν
2563 4885 2728 4951 τῦφον
2761 4883 2924 4937 αὑτοῦ
2968 4883 3264 4954 καθαιρῶν,
3307 4883 3400 4936 καί
3426 4882 3639 4944 δεικνὺς

2064 4970 2164 5022 οὑκ
2190 4969 2450 5039 αἰσχύνης
2483 4967 2629 5032 ἄξιον
2668 4966 2730 5018 ὃν
2763 4966 2824 5018 τὸ
2853 4967 3086 5037 συμϐὰν,
3113 4965 3234 5018 οὐδὲ
3279 4964 3495 5030 ἀνάξιον
3537 4966 3639 5034 τῆς

2066 5051 2230 5104 αὑτοῦ
2272 5051 2478 5117 σοφίας,
2507 5051 2642 5118 ὅπερ
2671 5047 2982 5101 κολακεύων
3010 5049 3170 5101 αὑτὸν
3203 5050 3407 5110 ἐκεῖνος
3439 5049 3636 5100 ἀπεσί-

2063 5151 2218 5203 γησε,
2257 5133 2414 5185 τοῦτο
2461 5133 2538 5194 εἰς
2581 5132 2742 5200 μέσον
2792 5131 2954 5193 αὐτὸς
3000 5132 3261 5201 προφέρει
3294 5131 3388 5184 καὶ
3433 5131 3634 5199 τίθησι,

2063 5214 2266 5284 λέγων·
2315 5216 2435 5267 Οὐκ
2483 5214 2574 5266 ἐπ’
2624 5213 2780 5281 ἄρτῳ
2813 5215 2974 5283 μόνῳ
3023 5213 3257 5279 ζήσεται
3303 5214 3632 5280 ἅνθρωπος.

2067 5299 2227 5351 Ὅθεν
2248 5297 2469 5367 ἄρχεται
2494 5296 2599 5348 ἀπὸ
2620 5295 2666 5326 ³⁴⁵
2697 5297 2797 5364 τῆς
2825 5296 2964 5349 κατά
2983 5295 3079 5366 τὴν
3103 5297 3344 5367 γαστέρα
3368 5296 3634 5366 ἀνάγκης.

2065 5382 2136 5432 Σὺ
2164 5381 2221 5432 δέ
2254 5397 2341 5449 μοι
2376 5379 2564 5432 σκόπει
2603 5379 2695 5431 τοῦ
2733 5378 2970 5450 πονηροῦ
3004 5379 3255 5446 δαίμονος
3290 5380 3498 5432 ἐκείνου
3536 5380 3633 5450 τὴν

2062 5463 2434 5533 κακουργίαν,
2475 5462 2568 5515 καὶ
2601 5463 2761 5515 πόθεν
2805 5463 3029 5532 ἄρχεται
3059 5460 3167 5513 τῶν
3218 5461 3628 5532 παλαισμάτων,

451 5564 492 5636 _"
519 5563 676 5636 μηδέ]
700 5565 793 5618 καὶ
816 5565 948 5635 μηδέ
971 5566 1033 5618 D.
1053 5565 1111 5620 E.
1137 5565 1197 5619 F.
1255 5566 1299 5597 ¹⁰
1315 5567 1345 5636 67
1363 5563 1520 5636 τέως]
1546 5565 1639 5618 ἆτε
1665 5565 1811 5636 ὼςιῗ.
1837 5566 1961 5636 Μοι·⁴

2086 5566 2146 5620 τὸ
2169 5566 2423 5636 τέταρτον
2445 5566 2578 5619 Edd.
2637 5565 2682 5596 “
2703 5564 2870 5636 ﬁnal
2889 5564 3020 5636 πόᾳ..
3047 5562 3225 5636 καίίί).
3243 5562 3303 5636 Ε.
3335 5563 3397 5618 F.
3449 5566 3633 5636 "ﬁxajj

377 5632 470 5716 καί
491 5632 736 5716 εἰςειήρῖ.
760 5632 912 5716 [ι-έείς
927 5636 1024 5716 τὴν
1049 5635 1410 5716 ἕρημονλΕεΙιΙ.
1465 5632 1800 5716 "ﬁne-cian
1825 5635 1914 5716 [ἦ-
1957 5640 1961 5667 ⁵

2067 5632 2485 5716 ἐνηοεξιΕ-Έι,
2519 5636 2574 5716 Ζῗ
2599 5634 2722 5716 οιὲξι]
2755 5632 2946 5703 οὐκῶς
2973 5632 3069 5716 ΕΡ·
3133 5634 3176 5663 ’⁷
3212 5633 3435 5716 ’ξείριηο
3475 5632 3626 5716 Ag.“

376 5703 430 5776 *1
455 5703 511 5750 ἐν
542 5701 914 5776 οιηε-ΟςΕἘ,
949 5701 1004 5758 ἐν
1039 5701 1166 5760 εἰιιιέ
1190 5705 1462 5776 εύθηνίαις
1498 5721 1608 5758 om.
1653 5704 1714 5758 E.
1871 5707 1914 5776 ξ’
1949 5725 1961 5758 ι

2067 5704 2145 5776 iv]
2171 5706 2322 5758 οὐδέν
2345 5706 2407 5776 Α.
2443 5706 2487 5737 ³ο
2519 5704 2610 5776 Sic
2639 5701 2752 5776 Εξι
2778 5701 3197 5776 κραταιούμενοι
3221 5701 3377 5776 MSS,
3413 5706 3624 5776 mu_lt_i,n

377 5769 603 5844 ᾼΙοριείξ
645 5771 816 5844 Vu_|go
834 5776 1215 5844 κρατούμενοι.
1294 5769 1336 5806 ³⁷³
1356 5775 1737 5844 περιγενέσθαι
1766 5774 1961 5843 (his)C.

2097 5769 2154 5830 [θ’.
2192 5785 2245 5830 οι
2267 5791 2349 5844 pr.
2385 5775 2444 5828 D.
2523 5769 2878 5844 ³²κατέρρηξε
2894 5769 3091 5844 pr._DL_
3134 5770 3179 5800 ³³
3198 5773 3516 5844 προφέρειν]
3539 5773 3629 5827 Sic

373 5839 442 5890 Α.
471 5836 529 5889 Β.
647 5840 807 5906 vulgo
832 5836 1177 5914 προσφέρειν.

1256 5845 1301 5875 ³⁵
1318 5840 1476 5897 Ὅθεν
1500 5840 1715 5906 ’ἐκεῖνος
1735 5840 1958 5913 ἄρχεται

2067 5840 2289 5900 5E.Kal
2323 5845 2485 5897 πόθεν
2505 5840 2762 5913 ἄρχεταιξ
2811 5842 2941 5894 Ἀπό
2964 5840 3026 5896 F.
3065 5840 3305 5894 Ilanilu'l
3340 5840 3550 5898 ετιιιηιῖι
3593 5860 3628 5896 a

379 5907 692 5963 Izrccssilule
723 5907 919 5963 ventris
960 5907 1204 5983 ihci’pcrc.
1234 5915 1327 5969 Ge.
1359 5915 1672 5969 Clausulaun
1703 5907 1840 5968 διιὶιέ
1865 5931 2026 5982 quam
2051 5917 2334 5973 molestam
2373 5907 2708 5986 prmlcﬂﬁisi!
2736 5913 2884 5965 Ann.
