  <div class='ocr_page' id='page_1' title='image "/cluster/home/n/w/nwhite01/storage/ocr_20150623/57/mdp.39015008622600/138.png"; bbox 0 0 4076 6150; ppageno 0'>
   <div class='ocr_carea' id='block_1_1' title="bbox 446 281 552 339">
    <p class='ocr_par' dir='ltr' id='par_1_1' title="bbox 446 281 552 339">
     <span class='ocr_line' id='line_1_1' title="bbox 446 281 552 339; baseline 0.038 -4"><span class='ocrx_word' id='word_1_1' title='bbox 446 281 552 339; x_wconf 68' lang='lat'><strong>209</strong></span> 
     </span>
    </p>
   </div>
   <div class='ocr_carea' id='block_1_2' title="bbox 445 397 2022 468">
    <p class='ocr_par' dir='ltr' id='par_1_2' title="bbox 445 397 2022 468">
     <span class='ocr_line' id='line_1_2' title="bbox 445 397 2022 468; baseline 0.002 -18"><span class='ocrx_word' id='word_1_2' title='bbox 445 410 502 450; x_wconf 90' lang='lat' dir='ltr'><strong>ut</strong></span> <span class='ocrx_word' id='word_1_3' title='bbox 527 398 792 468; x_wconf 88' lang='lat' dir='ltr'><strong>malignus</strong></span> <span class='ocrx_word' id='word_1_4' title='bbox 817 397 902 453; x_wconf 90' lang='lat' dir='ltr'><strong>ille</strong></span> <span class='ocrx_word' id='word_1_5' title='bbox 923 397 1154 462; x_wconf 67' lang='lat' dir='ltr'><strong>daamon,</strong></span> <span class='ocrx_word' id='word_1_6' title='bbox 1175 414 1241 454; x_wconf 91' lang='lat' dir='ltr'><strong>an</strong></span> <span class='ocrx_word' id='word_1_7' title='bbox 1263 400 1331 455; x_wconf 90' lang='lat' dir='ltr'><strong>ab</strong></span> <span class='ocrx_word' id='word_1_8' title='bbox 1347 414 1405 456; x_wconf 90' lang='lat' dir='ltr'><strong>se</strong></span> <span class='ocrx_word' id='word_1_9' title='bbox 1425 400 1735 456; x_wconf 85' lang='lat' dir='ltr'><strong>discesseris</strong></span> <span class='ocrx_word' id='word_1_10' title='bbox 1754 401 2022 465; x_wconf 73' lang='lat' dir='ltr'><strong>dubitans,</strong></span> 
     </span>
    </p>
   </div>
   <div class='ocr_carea' id='block_1_3' title="bbox 447 487 2024 564">
    <p class='ocr_par' dir='ltr' id='par_1_3' title="bbox 447 487 2024 564">
     <span class='ocr_line' id='line_1_3' title="bbox 447 487 2024 564; baseline 0.008 -26"><span class='ocrx_word' id='word_1_11' title='bbox 447 487 798 541; x_wconf 90' lang='lat' dir='ltr'><strong>tentationum</strong></span> <span class='ocrx_word' id='word_1_12' title='bbox 825 492 1192 559; x_wconf 89' lang='lat' dir='ltr'><strong>experimento</strong></span> <span class='ocrx_word' id='word_1_13' title='bbox 1217 493 1413 546; x_wconf 77' lang='lat' dir='ltr'><strong>certior</strong></span> <span class='ocrx_word' id='word_1_14' title='bbox 1439 493 1548 558; x_wconf 80' lang='lat' dir='ltr'><strong>flat,</strong></span> <span class='ocrx_word' id='word_1_15' title='bbox 1581 503 1632 548; x_wconf 91' lang='lat' dir='ltr'><strong>te</strong></span> <span class='ocrx_word' id='word_1_16' title='bbox 1663 495 1778 564; x_wconf 88' lang='lat' dir='ltr'><strong>ipso</strong></span> <span class='ocrx_word' id='word_1_17' title='bbox 1810 512 2024 564; x_wconf 84' lang='lat' dir='ltr'><strong>prorsus</strong></span> 
     </span>
    </p>
   </div>
   <div class='ocr_carea' id='block_1_4' title="bbox 443 575 2025 653">
    <p class='ocr_par' dir='ltr' id='par_1_4' title="bbox 443 575 2025 653">
     <span class='ocr_line' id='line_1_4' title="bbox 443 575 2025 653; baseline 0.009 -25"><span class='ocrx_word' id='word_1_18' title='bbox 443 575 634 630; x_wconf 89' lang='lat' dir='ltr'><strong>relicto</strong></span> <span class='ocrx_word' id='word_1_19' title='bbox 663 577 1010 641; x_wconf 84' lang='lat' dir='ltr'><strong>abscessisse;</strong></span> <span class='ocrx_word' id='word_1_20' title='bbox 1035 589 1228 649; x_wconf 89' lang='lat' dir='ltr'><strong>quarto</strong></span> <span class='ocrx_word' id='word_1_21' title='bbox 1254 591 1311 635; x_wconf 93' lang='lat' dir='ltr'><strong>ut</strong></span> <span class='ocrx_word' id='word_1_22' title='bbox 1335 582 1522 636; x_wconf 76' lang='lat' dir='ltr'><strong>fortior</strong></span> <span class='ocrx_word' id='word_1_23' title='bbox 1550 593 1603 638; x_wconf 89' lang='lat' dir='ltr'><strong>et</strong></span> <span class='ocrx_word' id='word_1_24' title='bbox 1631 589 1745 653; x_wconf 85' lang='lat' dir='ltr'><strong>Ipso</strong></span> <span class='ocrx_word' id='word_1_25' title='bbox 1774 587 1914 641; x_wconf 86' lang='lat' dir='ltr'><strong>ferro</strong></span> <span class='ocrx_word' id='word_1_26' title='bbox 1936 603 2025 643; x_wconf 89' lang='lat' dir='ltr'><strong>so-</strong></span> 
     </span>
    </p>
   </div>
   <div class='ocr_carea' id='block_1_5' title="bbox 443 664 2024 739">
    <p class='ocr_par' dir='ltr' id='par_1_5' title="bbox 443 664 2024 739">
     <span class='ocr_line' id='line_1_5' title="bbox 443 664 2024 739; baseline 0.01 -21"><span class='ocrx_word' id='word_1_27' title='bbox 443 664 600 719; x_wconf 87' lang='lat' dir='ltr'><strong>lidior</strong></span> <span class='ocrx_word' id='word_1_28' title='bbox 640 666 718 721; x_wconf 87' lang='lat' dir='ltr'><strong>sic</strong></span> <span class='ocrx_word' id='word_1_29' title='bbox 757 668 990 735; x_wconf 83' lang='lat' dir='ltr'><strong>evadas;</strong></span> <span class='ocrx_word' id='word_1_30' title='bbox 1019 672 1206 739; x_wconf 91' lang='lat' dir='ltr'><strong>quinto</strong></span> <span class='ocrx_word' id='word_1_31' title='bbox 1231 683 1286 726; x_wconf 92' lang='lat' dir='ltr'><strong>ut</strong></span> <span class='ocrx_word' id='word_1_32' title='bbox 1315 673 1545 728; x_wconf 77' lang='lat' dir='ltr'><strong>thesauri</strong></span> <span class='ocrx_word' id='word_1_33' title='bbox 1576 676 1668 729; x_wconf 88' lang='lat' dir='ltr'><strong>tibi</strong></span> <span class='ocrx_word' id='word_1_34' title='bbox 1697 677 1881 732; x_wconf 91' lang='lat' dir='ltr'><strong>crediti</strong></span> <span class='ocrx_word' id='word_1_35' title='bbox 1907 694 2024 734; x_wconf 91' lang='lat' dir='ltr'><strong>cer-</strong></span> 
     </span>
    </p>
   </div>
   <div class='ocr_carea' id='block_1_6' title="bbox 447 757 2022 855">
    <p class='ocr_par' dir='ltr' id='par_1_6' title="bbox 447 757 2022 855">
     <span class='ocr_line' id='line_1_6' title="bbox 447 757 2022 855; baseline 0.01 -44"><span class='ocrx_word' id='word_1_36' title='bbox 447 767 553 811; x_wconf 93' lang='lat' dir='ltr'><strong>tum</strong></span> <span class='ocrx_word' id='word_1_37' title='bbox 587 757 785 813; x_wconf 83' lang='lat' dir='ltr'><strong>habeas</strong></span> <span class='ocrx_word' id='word_1_38' title='bbox 815 773 1213 831; x_wconf 78' lang='lat' dir='ltr'><strong>argumentum.</strong></span> <span class='ocrx_word' id='word_1_39' title='bbox 1262 763 1444 833; x_wconf 86' lang='lat' dir='ltr'><strong>Neque</strong></span> <span class='ocrx_word' id='word_1_40' title='bbox 1469 767 1610 820; x_wconf 91' lang='lat' dir='ltr'><strong>enim</strong></span> <span class='ocrx_word' id='word_1_41' title='bbox 1640 777 1690 822; x_wconf 91' lang='lat' dir='ltr'><strong>te</strong></span> <span class='ocrx_word' id='word_1_42' title='bbox 1737 769 2022 855; x_wconf 72' lang='lat' dir='ltr'><strong>invasisset</strong></span> 
     </span>
    </p>
   </div>
   <div class='ocr_carea' id='block_1_7' title="bbox 443 847 2014 922">
    <p class='ocr_par' dir='ltr' id='par_1_7' title="bbox 443 847 2014 922">
     <span class='ocr_line' id='line_1_7' title="bbox 443 847 2014 922; baseline 0.01 -23"><span class='ocrx_word' id='word_1_43' title='bbox 443 847 715 912; x_wconf 84' lang='lat' dir='ltr'><strong>diabolus,</strong></span> <span class='ocrx_word' id='word_1_44' title='bbox 747 849 848 904; x_wconf 90' lang='lat' dir='ltr'><strong>nisi</strong></span> <span class='ocrx_word' id='word_1_45' title='bbox 881 859 933 906; x_wconf 88' lang='lat' dir='ltr'><strong>te</strong></span> <span class='ocrx_word' id='word_1_46' title='bbox 977 853 1027 906; x_wconf 93' lang='lat' dir='ltr'><strong>in</strong></span> <span class='ocrx_word' id='word_1_47' title='bbox 1054 853 1256 922; x_wconf 86' lang='lat' dir='ltr'><strong>majore</strong></span> <span class='ocrx_word' id='word_1_48' title='bbox 1287 855 1514 922; x_wconf 91' lang='lat' dir='ltr'><strong>positum</strong></span> <span class='ocrx_word' id='word_1_49' title='bbox 1545 856 1748 913; x_wconf 91' lang='lat' dir='ltr'><strong>honore</strong></span> <span class='ocrx_word' id='word_1_50' title='bbox 1774 847 2014 917; x_wconf 78' lang='lat' dir='ltr'><strong>vidisset.</strong></span> 
     </span>
    </p>
   </div>
   <div class='ocr_carea' id='block_1_8' title="bbox 443 938 2014 1019">
    <p class='ocr_par' dir='ltr' id='par_1_8' title="bbox 443 938 2014 1019">
     <span class='ocr_line' id='line_1_8' title="bbox 443 938 2014 1019; baseline 0.009 -27"><span class='ocrx_word' id='word_1_51' title='bbox 443 938 553 992; x_wconf 89' lang='lat' dir='ltr'><strong>llac</strong></span> <span class='ocrx_word' id='word_1_52' title='bbox 579 939 646 995; x_wconf 89' lang='lat' dir='ltr'><strong>de</strong></span> <span class='ocrx_word' id='word_1_53' title='bbox 670 955 827 995; x_wconf 88' lang='lat' dir='ltr'><strong>causa</strong></span> <span class='ocrx_word' id='word_1_54' title='bbox 855 943 997 996; x_wconf 91' lang='lat' dir='ltr'><strong>enim</strong></span> <span class='ocrx_word' id='word_1_55' title='bbox 1025 944 1094 996; x_wconf 91' lang='lat' dir='ltr'><strong>ab</strong></span> <span class='ocrx_word' id='word_1_56' title='bbox 1135 945 1288 998; x_wconf 91' lang='lat' dir='ltr'><strong>initio</strong></span> <span class='ocrx_word' id='word_1_57' title='bbox 1318 946 1604 1003; x_wconf 89' lang='lat' dir='ltr'><strong>insurrexit</strong></span> <span class='ocrx_word' id='word_1_58' title='bbox 1632 949 1684 1002; x_wconf 93' lang='lat' dir='ltr'><strong>in</strong></span> <span class='ocrx_word' id='word_1_59' title='bbox 1715 951 1975 1006; x_wconf 84' lang='lat' dir='ltr'><strong>Adamum</strong></span> <span class='ocrx_word' id='word_1_60' title='bbox 1998 994 2014 1019; x_wconf 96' lang='lat'><strong>,</strong></span> 
     </span>
    </p>
   </div>
   <div class='ocr_carea' id='block_1_9' title="bbox 439 1027 2013 1105">
    <p class='ocr_par' dir='ltr' id='par_1_9' title="bbox 439 1027 2013 1105">
     <span class='ocr_line' id='line_1_9' title="bbox 439 1027 2013 1105; baseline 0.009 -22"><span class='ocrx_word' id='word_1_61' title='bbox 439 1027 562 1098; x_wconf 86' lang='lat' dir='ltr'><strong>quia</strong></span> <span class='ocrx_word' id='word_1_62' title='bbox 590 1031 752 1084; x_wconf 85' lang='lat' dir='ltr'><strong>multa</strong></span> <span class='ocrx_word' id='word_1_63' title='bbox 779 1031 925 1085; x_wconf 90' lang='lat' dir='ltr'><strong>illum</strong></span> <span class='ocrx_word' id='word_1_64' title='bbox 948 1032 1051 1087; x_wconf 85' lang='lat' dir='ltr'><strong>frui</strong></span> <span class='ocrx_word' id='word_1_65' title='bbox 1075 1033 1285 1088; x_wconf 84' lang='lat' dir='ltr'><strong>videbat</strong></span> <span class='ocrx_word' id='word_1_66' title='bbox 1309 1035 1582 1105; x_wconf 76' lang='lat' dir='ltr'><strong>dignitate.</strong></span> <span class='ocrx_word' id='word_1_67' title='bbox 1609 1040 1733 1094; x_wconf 88' lang='lat' dir='ltr'><strong>ldeo</strong></span> <span class='ocrx_word' id='word_1_68' title='bbox 1753 1050 1806 1095; x_wconf 90' lang='lat' dir='ltr'><strong>et</strong></span> <span class='ocrx_word' id='word_1_69' title='bbox 1829 1051 2013 1097; x_wconf 88' lang='lat' dir='ltr'><strong>contra</strong></span> 
     </span>
    </p>
   </div>
   <div class='ocr_carea' id='block_1_10' title="bbox 440 1121 2013 1196">
    <p class='ocr_par' dir='ltr' id='par_1_10' title="bbox 440 1121 2013 1196">
     <span class='ocr_line' id='line_1_10' title="bbox 440 1121 2013 1196; baseline 0.009 -22"><span class='ocrx_word' id='word_1_70' title='bbox 440 1121 631 1175; x_wconf 88' lang='lat' dir='ltr'><strong>Jobum</strong></span> <span class='ocrx_word' id='word_1_71' title='bbox 662 1124 832 1177; x_wconf 93' lang='lat' dir='ltr'><strong>aciem</strong></span> <span class='ocrx_word' id='word_1_72' title='bbox 860 1125 1138 1187; x_wconf 87' lang='lat' dir='ltr'><strong>instruxit,</strong></span> <span class='ocrx_word' id='word_1_73' title='bbox 1167 1127 1289 1196; x_wconf 85' lang='lat' dir='ltr'><strong>quia</strong></span> <span class='ocrx_word' id='word_1_74' title='bbox 1331 1128 1480 1182; x_wconf 92' lang='lat' dir='ltr'><strong>illum</strong></span> <span class='ocrx_word' id='word_1_75' title='bbox 1521 1141 1834 1187; x_wconf 91' lang='lat' dir='ltr'><strong>coronatum</strong></span> <span class='ocrx_word' id='word_1_76' title='bbox 1866 1143 1920 1188; x_wconf 90' lang='lat' dir='ltr'><strong>ct</strong></span> <span class='ocrx_word' id='word_1_77' title='bbox 1944 1133 2013 1188; x_wconf 91' lang='lat' dir='ltr'><strong>ab</strong></span> 
     </span>
    </p>
   </div>
   <div class='ocr_carea' id='block_1_11' title="bbox 439 1213 2006 1292">
    <p class='ocr_par' dir='ltr' id='par_1_11' title="bbox 439 1213 2006 1292">
     <span class='ocr_line' id='line_1_11' title="bbox 439 1213 2006 1292; baseline 0.01 -28"><span class='ocrx_word' id='word_1_78' title='bbox 439 1213 804 1266; x_wconf 89' lang='lat' dir='ltr'><strong>universorum</strong></span> <span class='ocrx_word' id='word_1_79' title='bbox 841 1216 948 1269; x_wconf 90' lang='lat' dir='ltr'><strong>Deo</strong></span> <span class='ocrx_word' id='word_1_80' title='bbox 986 1217 1311 1271; x_wconf 88' lang='lat' dir='ltr'><strong>celebratum</strong></span> <span class='ocrx_word' id='word_1_81' title='bbox 1354 1219 1585 1275; x_wconf 83' lang='lat' dir='ltr'><strong>videbat.</strong></span> <span class='ocrx_word' id='word_1_82' title='bbox 1623 1223 1688 1276; x_wconf 85' lang='lat' dir='ltr'><strong>Et</strong></span> <span class='ocrx_word' id='word_1_83' title='bbox 1716 1240 1813 1277; x_wconf 93' lang='lat' dir='ltr'><strong>cur</strong></span> <span class='ocrx_word' id='word_1_84' title='bbox 1843 1226 2006 1292; x_wconf 90' lang='lat' dir='ltr'><strong>dicit,</strong></span> 
     </span>
    </p>
   </div>
   <div class='ocr_carea' id='block_1_12' title="bbox 442 1300 2011 1382">
    <p class='ocr_par' dir='ltr' id='par_1_12' title="bbox 442 1300 2011 1382">
     <span class='ocr_line' id='line_1_12' title="bbox 442 1300 2011 1382; baseline 0.013 -31"><span class='ocrx_word' id='word_1_85' title='bbox 442 1300 598 1354; x_wconf 84' lang='lat' dir='ltr'><strong>Orate</strong></span> <span class='ocrx_word' id='word_1_86' title='bbox 623 1318 684 1356; x_wconf 87' lang='lat' dir='ltr'><strong>ne</strong></span> <span class='ocrx_word' id='word_1_87' title='bbox 711 1303 904 1358; x_wconf 82' lang='lat' dir='ltr'><strong>intretis</strong></span> <span class='ocrx_word' id='word_1_88' title='bbox 941 1307 995 1358; x_wconf 89' lang='lat' dir='ltr'><strong>in</strong></span> <span class='ocrx_word' id='word_1_89' title='bbox 1021 1308 1341 1362; x_wconf 82' lang='lat' dir='ltr'><strong>tentationem</strong></span> <span class='ocrx_word' id='word_1_90' title='bbox 1370 1308 1581 1378; x_wconf 78' lang='lat' dir='ltr'><strong>(Matth.</strong></span> <span class='ocrx_word' id='word_1_91' title='bbox 1610 1313 1700 1368; x_wconf 71' lang='grc'><strong>26.</strong></span> <span class='ocrx_word' id='word_1_92' title='bbox 1732 1316 1852 1382; x_wconf 75' lang='grc' dir='ltr'><strong>41)ἶ³</strong></span> <span class='ocrx_word' id='word_1_93' title='bbox 1882 1316 2011 1371; x_wconf 87' lang='lat' dir='ltr'><strong>Pro-</strong></span> 
     </span>
    </p>
   </div>
   <div class='ocr_carea' id='block_1_13' title="bbox 440 1392 2008 1468">
    <p class='ocr_par' dir='ltr' id='par_1_13' title="bbox 440 1392 2008 1468">
     <span class='ocr_line' id='line_1_13' title="bbox 440 1392 2008 1468; baseline 0.011 -24"><span class='ocrx_word' id='word_1_94' title='bbox 440 1402 620 1459; x_wconf 88' lang='lat' dir='ltr'><strong>pterea</strong></span> <span class='ocrx_word' id='word_1_95' title='bbox 648 1392 831 1448; x_wconf 81' lang='lat' dir='ltr'><strong>Jesum</strong></span> <span class='ocrx_word' id='word_1_96' title='bbox 862 1409 967 1448; x_wconf 90' lang='lat' dir='ltr'><strong>non</strong></span> <span class='ocrx_word' id='word_1_97' title='bbox 997 1397 1135 1451; x_wconf 91' lang='lat' dir='ltr'><strong>ultro</strong></span> <span class='ocrx_word' id='word_1_98' title='bbox 1161 1409 1375 1454; x_wconf 89' lang='lat' dir='ltr'><strong>euntem</strong></span> <span class='ocrx_word' id='word_1_99' title='bbox 1417 1401 1668 1468; x_wconf 91' lang='lat' dir='ltr'><strong>exhibet,</strong></span> <span class='ocrx_word' id='word_1_100' title='bbox 1699 1405 1792 1459; x_wconf 91' lang='lat' dir='ltr'><strong>sed</strong></span> <span class='ocrx_word' id='word_1_101' title='bbox 1838 1407 2008 1460; x_wconf 90' lang='lat' dir='ltr'><strong>addu-</strong></span> 
     </span>
    </p>
   </div>
   <div class='ocr_carea' id='block_1_14' title="bbox 435 1484 2003 1564">
    <p class='ocr_par' dir='ltr' id='par_1_14' title="bbox 435 1484 2003 1564">
     <span class='ocr_line' id='line_1_14' title="bbox 435 1484 2003 1564; baseline 0.01 -28"><span class='ocrx_word' id='word_1_102' title='bbox 435 1491 578 1536; x_wconf 90' lang='lat' dir='ltr'><strong>ctum</strong></span> <span class='ocrx_word' id='word_1_103' title='bbox 624 1484 916 1538; x_wconf 90' lang='lat' dir='ltr'><strong>secundum</strong></span> <span class='ocrx_word' id='word_1_104' title='bbox 943 1490 1256 1542; x_wconf 53' lang='lat' dir='ltr'><strong>oeconomia:</strong></span> <span class='ocrx_word' id='word_1_105' title='bbox 1284 1492 1541 1546; x_wconf 90' lang='lat' dir='ltr'><strong>rationem</strong></span> <span class='ocrx_word' id='word_1_106' title='bbox 1587 1512 1599 1546; x_wconf 92' lang='lat'><strong>:</strong></span> <span class='ocrx_word' id='word_1_107' title='bbox 1629 1496 1969 1551; x_wconf 89' lang='lat' dir='ltr'><strong>subindicans</strong></span> <span class='ocrx_word' id='word_1_108' title='bbox 1988 1540 2003 1564; x_wconf 97' lang='lat'><strong>,</strong></span> 
     </span>
    </p>
   </div>
   <div class='ocr_carea' id='block_1_15' title="bbox 434 1574 2006 1647">
    <p class='ocr_par' dir='ltr' id='par_1_15' title="bbox 434 1574 2006 1647">
     <span class='ocr_line' id='line_1_15' title="bbox 434 1574 2006 1647; baseline 0.01 -20"><span class='ocrx_word' id='word_1_109' title='bbox 434 1589 540 1628; x_wconf 87' lang='lat' dir='ltr'><strong>non</strong></span> <span class='ocrx_word' id='word_1_110' title='bbox 566 1574 907 1632; x_wconf 88' lang='lat' dir='ltr'><strong>insiliendum</strong></span> <span class='ocrx_word' id='word_1_111' title='bbox 930 1593 1070 1643; x_wconf 88' lang='lat' dir='ltr'><strong>esse,</strong></span> <span class='ocrx_word' id='word_1_112' title='bbox 1095 1579 1188 1634; x_wconf 89' lang='lat' dir='ltr'><strong>sed</strong></span> <span class='ocrx_word' id='word_1_113' title='bbox 1213 1580 1259 1633; x_wconf 95' lang='lat' dir='ltr'><strong>si</strong></span> <span class='ocrx_word' id='word_1_114' title='bbox 1289 1581 1632 1647; x_wconf 88' lang='lat' dir='ltr'><strong>adducamur,</strong></span> <span class='ocrx_word' id='word_1_115' title='bbox 1658 1585 1864 1641; x_wconf 80' lang='lat' dir='ltr'><strong>fortiter</strong></span> <span class='ocrx_word' id='word_1_116' title='bbox 1885 1604 2006 1643; x_wconf 89' lang='lat' dir='ltr'><strong>esse</strong></span> 
     </span>
    </p>
   </div>
   <div class='ocr_carea' id='block_1_16' title="bbox 433 1663 1999 1743">
    <p class='ocr_par' dir='ltr' id='par_1_16' title="bbox 433 1663 1999 1743">
     <span class='ocr_line' id='line_1_16' title="bbox 433 1663 1999 1743; baseline 0.01 -28"><span class='ocrx_word' id='word_1_117' title='bbox 433 1663 699 1717; x_wconf 90' lang='lat' dir='ltr'><strong>standum.</strong></span> <span class='ocrx_word' id='word_1_118' title='bbox 748 1666 810 1718; x_wconf 89' lang='lat' dir='ltr'><strong>Et</strong></span> <span class='ocrx_word' id='word_1_119' title='bbox 853 1667 1130 1722; x_wconf 90' lang='lat' dir='ltr'><strong>considera</strong></span> <span class='ocrx_word' id='word_1_120' title='bbox 1161 1684 1266 1736; x_wconf 90' lang='lat' dir='ltr'><strong>quo</strong></span> <span class='ocrx_word' id='word_1_121' title='bbox 1312 1671 1456 1724; x_wconf 91' lang='lat' dir='ltr'><strong>illum</strong></span> <span class='ocrx_word' id='word_1_122' title='bbox 1503 1673 1731 1743; x_wconf 86' lang='lat' dir='ltr'><strong>Spiritus</strong></span> <span class='ocrx_word' id='word_1_123' title='bbox 1756 1676 1999 1740; x_wconf 78' lang='lat' dir='ltr'><strong>duxerit;</strong></span> 
     </span>
    </p>
   </div>
   <div class='ocr_carea' id='block_1_17' title="bbox 432 1754 2001 1834">
    <p class='ocr_par' dir='ltr' id='par_1_17' title="bbox 432 1754 2001 1834">
     <span class='ocr_line' id='line_1_17' title="bbox 432 1754 2001 1834; baseline 0.011 -30"><span class='ocrx_word' id='word_1_124' title='bbox 432 1767 538 1804; x_wconf 90' lang='lat' dir='ltr'><strong>non</strong></span> <span class='ocrx_word' id='word_1_125' title='bbox 568 1754 617 1805; x_wconf 91' lang='lat' dir='ltr'><strong>in</strong></span> <span class='ocrx_word' id='word_1_126' title='bbox 650 1755 858 1820; x_wconf 89' lang='lat' dir='ltr'><strong>urbem,</strong></span> <span class='ocrx_word' id='word_1_127' title='bbox 893 1771 989 1810; x_wconf 91' lang='lat' dir='ltr'><strong>nec</strong></span> <span class='ocrx_word' id='word_1_128' title='bbox 1030 1758 1084 1812; x_wconf 90' lang='lat' dir='ltr'><strong>in</strong></span> <span class='ocrx_word' id='word_1_129' title='bbox 1113 1758 1305 1824; x_wconf 88' lang='lat' dir='ltr'><strong>forum,</strong></span> <span class='ocrx_word' id='word_1_130' title='bbox 1347 1762 1440 1815; x_wconf 91' lang='lat' dir='ltr'><strong>sed</strong></span> <span class='ocrx_word' id='word_1_131' title='bbox 1472 1763 1526 1816; x_wconf 90' lang='lat' dir='ltr'><strong>in</strong></span> <span class='ocrx_word' id='word_1_132' title='bbox 1551 1765 1838 1820; x_wconf 86' lang='lat' dir='ltr'><strong>desertum.</strong></span> <span class='ocrx_word' id='word_1_133' title='bbox 1868 1768 2001 1834; x_wconf 86' lang='lat' dir='ltr'><strong>Quia</strong></span> 
     </span>
    </p>
   </div>
   <div class='ocr_carea' id='block_1_18' title="bbox 430 1844 2000 1919">
    <p class='ocr_par' dir='ltr' id='par_1_18' title="bbox 430 1844 2000 1919">
     <span class='ocr_line' id='line_1_18' title="bbox 430 1844 2000 1919; baseline 0.012 -25"><span class='ocrx_word' id='word_1_134' title='bbox 430 1844 571 1895; x_wconf 90' lang='lat' dir='ltr'><strong>enim</strong></span> <span class='ocrx_word' id='word_1_135' title='bbox 603 1844 871 1899; x_wconf 90' lang='lat' dir='ltr'><strong>diabolum</strong></span> <span class='ocrx_word' id='word_1_136' title='bbox 901 1848 1073 1916; x_wconf 90' lang='lat' dir='ltr'><strong>ipsum</strong></span> <span class='ocrx_word' id='word_1_137' title='bbox 1101 1851 1312 1905; x_wconf 82' lang='lat' dir='ltr'><strong>volebat</strong></span> <span class='ocrx_word' id='word_1_138' title='bbox 1338 1852 1553 1908; x_wconf 83' lang='lat' dir='ltr'><strong>allicere</strong></span> <span class='ocrx_word' id='word_1_139' title='bbox 1578 1895 1592 1919; x_wconf 93' lang='lat'><strong>,</strong></span> <span class='ocrx_word' id='word_1_140' title='bbox 1623 1869 1726 1909; x_wconf 93' lang='lat' dir='ltr'><strong>non</strong></span> <span class='ocrx_word' id='word_1_141' title='bbox 1758 1871 1824 1910; x_wconf 88' lang='lat' dir='ltr'><strong>ex</strong></span> <span class='ocrx_word' id='word_1_142' title='bbox 1860 1857 2000 1912; x_wconf 90' lang='lat' dir='ltr'><strong>fame</strong></span> 
     </span>
    </p>
   </div>
   <div class='ocr_carea' id='block_1_19' title="bbox 431 1938 1995 2014">
    <p class='ocr_par' dir='ltr' id='par_1_19' title="bbox 431 1938 1995 2014">
     <span class='ocr_line' id='line_1_19' title="bbox 431 1938 1995 2014; baseline 0.01 -28"><span class='ocrx_word' id='word_1_143' title='bbox 431 1943 632 1988; x_wconf 85' lang='lat' dir='ltr'><strong>tantum</strong></span> <span class='ocrx_word' id='word_1_144' title='bbox 656 1976 671 1998; x_wconf 94' lang='lat'><strong>,</strong></span> <span class='ocrx_word' id='word_1_145' title='bbox 717 1938 808 1991; x_wconf 90' lang='lat' dir='ltr'><strong>sed</strong></span> <span class='ocrx_word' id='word_1_146' title='bbox 836 1940 994 1992; x_wconf 87' lang='lat' dir='ltr'><strong>etiam</strong></span> <span class='ocrx_word' id='word_1_147' title='bbox 1020 1955 1085 1994; x_wconf 91' lang='lat' dir='ltr'><strong>ex</strong></span> <span class='ocrx_word' id='word_1_148' title='bbox 1131 1941 1250 1995; x_wconf 89' lang='lat' dir='ltr'><strong>loco</strong></span> <span class='ocrx_word' id='word_1_149' title='bbox 1273 1944 1606 1999; x_wconf 79' lang='lat' dir='ltr'><strong>occasionem</strong></span> <span class='ocrx_word' id='word_1_150' title='bbox 1637 1946 1710 1998; x_wconf 93' lang='lat' dir='ltr'><strong>illi</strong></span> <span class='ocrx_word' id='word_1_151' title='bbox 1755 1948 1995 2014; x_wconf 80' lang='lat' dir='ltr'><strong>praebuit.</strong></span> 
     </span>
    </p>
   </div>
   <div class='ocr_carea' id='block_1_20' title="bbox 426 2024 2000 2106">
    <p class='ocr_par' dir='ltr' id='par_1_20' title="bbox 426 2024 2000 2106">
     <span class='ocr_line' id='line_1_20' title="bbox 426 2024 2000 2106; baseline 0.009 -26"><span class='ocrx_word' id='word_1_152' title='bbox 426 2024 578 2080; x_wconf 84' lang='lat' dir='ltr'><strong>Tunc</strong></span> <span class='ocrx_word' id='word_1_153' title='bbox 600 2029 743 2080; x_wconf 91' lang='lat' dir='ltr'><strong>enim</strong></span> <span class='ocrx_word' id='word_1_154' title='bbox 771 2028 1001 2084; x_wconf 85' lang='lat' dir='ltr'><strong>maxime</strong></span> <span class='ocrx_word' id='word_1_155' title='bbox 1025 2030 1264 2086; x_wconf 90' lang='lat' dir='ltr'><strong>diabolus</strong></span> <span class='ocrx_word' id='word_1_156' title='bbox 1291 2033 1511 2103; x_wconf 82' lang='lat' dir='ltr'><strong>ingruit,</strong></span> <span class='ocrx_word' id='word_1_157' title='bbox 1541 2050 1660 2090; x_wconf 89' lang='lat' dir='ltr'><strong>cum</strong></span> <span class='ocrx_word' id='word_1_158' title='bbox 1690 2038 1831 2106; x_wconf 81' lang='lat' dir='ltr'><strong>solos</strong></span> <span class='ocrx_word' id='word_1_159' title='bbox 1857 2039 2000 2094; x_wconf 86' lang='lat' dir='ltr'><strong>videt</strong></span> 
     </span>
    </p>
   </div>
   <div class='ocr_carea' id='block_1_21' title="bbox 424 2118 1997 2199">
    <p class='ocr_par' dir='ltr' id='par_1_21' title="bbox 424 2118 1997 2199">
     <span class='ocr_line' id='line_1_21' title="bbox 424 2118 1997 2199; baseline 0.011 -31"><span class='ocrx_word' id='word_1_160' title='bbox 424 2132 488 2171; x_wconf 88' lang='lat' dir='ltr'><strong>ac</strong></span> <span class='ocrx_word' id='word_1_161' title='bbox 532 2118 758 2172; x_wconf 87' lang='lat' dir='ltr'><strong>seorsitn</strong></span> <span class='ocrx_word' id='word_1_162' title='bbox 801 2130 1040 2190; x_wconf 90' lang='lat' dir='ltr'><strong>agentes.</strong></span> <span class='ocrx_word' id='word_1_163' title='bbox 1085 2122 1172 2177; x_wconf 90' lang='lat' dir='ltr'><strong>Sic</strong></span> <span class='ocrx_word' id='word_1_164' title='bbox 1198 2124 1473 2180; x_wconf 90' lang='lat' dir='ltr'><strong>mulierem</strong></span> <span class='ocrx_word' id='word_1_165' title='bbox 1517 2127 1669 2181; x_wconf 92' lang='lat' dir='ltr'><strong>initio</strong></span> <span class='ocrx_word' id='word_1_166' title='bbox 1701 2144 1997 2199; x_wconf 68' lang='lat' dir='ltr'><strong>aggressus</strong></span> 
     </span>
    </p>
   </div>
   <div class='ocr_carea' id='block_1_22' title="bbox 422 2193 1995 2290">
    <p class='ocr_par' dir='ltr' id='par_1_22' title="bbox 422 2193 1995 2290">
     <span class='ocr_line' id='line_1_22' title="bbox 422 2193 1995 2290; baseline 0.011 -31"><span class='ocrx_word' id='word_1_167' title='bbox 422 2217 536 2268; x_wconf 83' lang='lat' dir='ltr'><strong>est,</strong></span> <span class='ocrx_word' id='word_1_168' title='bbox 565 2209 733 2262; x_wconf 88' lang='lat' dir='ltr'><strong>solam</strong></span> <span class='ocrx_word' id='word_1_169' title='bbox 777 2213 984 2277; x_wconf 80' lang='lat' dir='ltr'><strong>adiens,</strong></span> <span class='ocrx_word' id='word_1_170' title='bbox 1009 2213 1228 2266; x_wconf 83' lang='lat' dir='ltr'><strong>absente</strong></span> <span class='ocrx_word' id='word_1_171' title='bbox 1259 2215 1393 2268; x_wconf 89' lang='lat' dir='ltr'><strong>viro.</strong></span> <span class='ocrx_word' id='word_1_172' title='bbox 1435 2216 1566 2270; x_wconf 87' lang='lat' dir='ltr'><strong>Cum</strong></span> <span class='ocrx_word' id='word_1_173' title='bbox 1603 2193 1744 2272; x_wconf 59' lang='lat' dir='ltr'><strong>enim</strong></span> <span class='ocrx_word' id='word_1_174' title='bbox 1789 2222 1995 2290; x_wconf 89' lang='lat' dir='ltr'><strong>aliquos</strong></span> 
     </span>
    </p>
   </div>
   <div class='ocr_carea' id='block_1_23' title="bbox 423 2297 1988 2370">
    <p class='ocr_par' dir='ltr' id='par_1_23' title="bbox 423 2297 1988 2370">
     <span class='ocr_line' id='line_1_23' title="bbox 423 2297 1988 2370; baseline 0.01 -22"><span class='ocrx_word' id='word_1_175' title='bbox 423 2297 580 2350; x_wconf 89' lang='lat' dir='ltr'><strong>simul</strong></span> <span class='ocrx_word' id='word_1_176' title='bbox 623 2307 677 2351; x_wconf 91' lang='lat' dir='ltr'><strong>et</strong></span> <span class='ocrx_word' id='word_1_177' title='bbox 722 2311 1070 2370; x_wconf 86' lang='lat' dir='ltr'><strong>congregatos</strong></span> <span class='ocrx_word' id='word_1_178' title='bbox 1118 2304 1292 2369; x_wconf 85' lang='lat' dir='ltr'><strong>videt,</strong></span> <span class='ocrx_word' id='word_1_179' title='bbox 1347 2320 1450 2359; x_wconf 91' lang='lat' dir='ltr'><strong>non</strong></span> <span class='ocrx_word' id='word_1_180' title='bbox 1507 2307 1667 2361; x_wconf 89' lang='lat' dir='ltr'><strong>audet</strong></span> <span class='ocrx_word' id='word_1_181' title='bbox 1721 2309 1988 2365; x_wconf 90' lang='lat' dir='ltr'><strong>invadere.</strong></span> 
     </span>
    </p>
   </div>
   <div class='ocr_carea' id='block_1_24' title="bbox 421 2385 1994 2468">
    <p class='ocr_par' dir='ltr' id='par_1_24' title="bbox 421 2385 1994 2468">
     <span class='ocr_line' id='line_1_24' title="bbox 421 2385 1994 2468; baseline 0.011 -32"><span class='ocrx_word' id='word_1_182' title='bbox 421 2385 543 2440; x_wconf 91' lang='lat' dir='ltr'><strong>ldeo</strong></span> <span class='ocrx_word' id='word_1_183' title='bbox 568 2396 778 2455; x_wconf 83' lang='lat' dir='ltr'><strong>Oportet</strong></span> <span class='ocrx_word' id='word_1_184' title='bbox 799 2389 898 2444; x_wconf 89' lang='lat' dir='ltr'><strong>hac</strong></span> <span class='ocrx_word' id='word_1_185' title='bbox 925 2392 1152 2446; x_wconf 84' lang='lat' dir='ltr'><strong>maxime</strong></span> <span class='ocrx_word' id='word_1_186' title='bbox 1177 2393 1243 2447; x_wconf 91' lang='lat' dir='ltr'><strong>de</strong></span> <span class='ocrx_word' id='word_1_187' title='bbox 1266 2409 1422 2447; x_wconf 80' lang='lat' dir='ltr'><strong>causa</strong></span> <span class='ocrx_word' id='word_1_188' title='bbox 1447 2395 1750 2466; x_wconf 87' lang='lat' dir='ltr'><strong>frequenter</strong></span> <span class='ocrx_word' id='word_1_189' title='bbox 1772 2413 1994 2468; x_wconf 87' lang='lat' dir='ltr'><strong>congre-</strong></span> 
     </span>
    </p>
   </div>
   <div class='ocr_carea' id='block_1_25' title="bbox 417 2477 1989 2559">
    <p class='ocr_par' dir='ltr' id='par_1_25' title="bbox 417 2477 1989 2559">
     <span class='ocr_line' id='line_1_25' title="bbox 417 2477 1989 2559; baseline 0.01 -31"><span class='ocrx_word' id='word_1_190' title='bbox 417 2477 567 2543; x_wconf 83' lang='lat' dir='ltr'><strong>gari,</strong></span> <span class='ocrx_word' id='word_1_191' title='bbox 615 2492 682 2533; x_wconf 90' lang='lat' dir='ltr'><strong>ne</strong></span> <span class='ocrx_word' id='word_1_192' title='bbox 723 2477 938 2534; x_wconf 83' lang='lat' dir='ltr'><strong>diabolo</strong></span> <span class='ocrx_word' id='word_1_193' title='bbox 965 2491 1120 2550; x_wconf 90' lang='lat' dir='ltr'><strong>captu</strong></span> <span class='ocrx_word' id='word_1_194' title='bbox 1165 2482 1351 2538; x_wconf 85' lang='lat' dir='ltr'><strong>faciles</strong></span> <span class='ocrx_word' id='word_1_195' title='bbox 1391 2485 1580 2540; x_wconf 90' lang='lat' dir='ltr'><strong>simus.</strong></span> <span class='ocrx_word' id='word_1_196' title='bbox 1630 2486 1833 2542; x_wconf 86' lang='lat' dir='ltr'><strong>Invenit</strong></span> <span class='ocrx_word' id='word_1_197' title='bbox 1862 2504 1989 2559; x_wconf 86' lang='lat' dir='ltr'><strong>ergo</strong></span> 
     </span>
    </p>
   </div>
   <div class='ocr_carea' id='block_1_26' title="bbox 417 2567 1984 2639">
    <p class='ocr_par' dir='ltr' id='par_1_26' title="bbox 417 2567 1984 2639">
     <span class='ocr_line' id='line_1_26' title="bbox 417 2567 1984 2639; baseline 0.008 -19"><span class='ocrx_word' id='word_1_198' title='bbox 417 2567 562 2622; x_wconf 91' lang='lat' dir='ltr'><strong>illum</strong></span> <span class='ocrx_word' id='word_1_199' title='bbox 607 2568 850 2626; x_wconf 88' lang='lat' dir='ltr'><strong>diabolus</strong></span> <span class='ocrx_word' id='word_1_200' title='bbox 898 2572 951 2625; x_wconf 92' lang='lat' dir='ltr'><strong>in</strong></span> <span class='ocrx_word' id='word_1_201' title='bbox 1003 2573 1250 2639; x_wconf 90' lang='lat' dir='ltr'><strong>deserto,</strong></span> <span class='ocrx_word' id='word_1_202' title='bbox 1293 2583 1350 2630; x_wconf 91' lang='lat' dir='ltr'><strong>et</strong></span> <span class='ocrx_word' id='word_1_203' title='bbox 1393 2575 1446 2629; x_wconf 92' lang='lat' dir='ltr'><strong>in</strong></span> <span class='ocrx_word' id='word_1_204' title='bbox 1493 2576 1777 2632; x_wconf 90' lang='lat' dir='ltr'><strong>solitudine</strong></span> <span class='ocrx_word' id='word_1_205' title='bbox 1823 2578 1984 2632; x_wconf 83' lang='lat' dir='ltr'><strong>invia.</strong></span> 
     </span>
    </p>
   </div>
   <div class='ocr_carea' id='block_1_27' title="bbox 414 2659 1986 2739">
    <p class='ocr_par' dir='ltr' id='par_1_27' title="bbox 414 2659 1986 2739">
     <span class='ocr_line' id='line_1_27' title="bbox 414 2659 1986 2739; baseline 0.009 -29"><span class='ocrx_word' id='word_1_206' title='bbox 414 2659 562 2724; x_wconf 83' lang='lat' dir='ltr'><strong>Quod</strong></span> <span class='ocrx_word' id='word_1_207' title='bbox 587 2661 727 2714; x_wconf 92' lang='lat' dir='ltr'><strong>cnim</strong></span> <span class='ocrx_word' id='word_1_208' title='bbox 753 2663 871 2716; x_wconf 90' lang='lat' dir='ltr'><strong>talis</strong></span> <span class='ocrx_word' id='word_1_209' title='bbox 895 2677 1037 2718; x_wconf 87' lang='lat' dir='ltr'><strong>esset</strong></span> <span class='ocrx_word' id='word_1_210' title='bbox 1065 2665 1298 2720; x_wconf 89' lang='lat' dir='ltr'><strong>solitudo</strong></span> <span class='ocrx_word' id='word_1_211' title='bbox 1317 2705 1332 2726; x_wconf 87' lang='lat'><strong>,</strong></span> <span class='ocrx_word' id='word_1_212' title='bbox 1361 2667 1568 2722; x_wconf 85' lang='lat' dir='ltr'><strong>Marcus</strong></span> <span class='ocrx_word' id='word_1_213' title='bbox 1609 2668 1872 2739; x_wconf 82' lang='lat' dir='ltr'><strong>signiﬁcat</strong></span> <span class='ocrx_word' id='word_1_214' title='bbox 1903 2671 1986 2724; x_wconf 91' lang='lat' dir='ltr'><strong>his</strong></span> 
     </span>
    </p>
   </div>
   <div class='ocr_carea' id='block_1_28' title="bbox 413 2751 1983 2829">
    <p class='ocr_par' dir='ltr' id='par_1_28' title="bbox 413 2751 1983 2829">
     <span class='ocr_line' id='line_1_28' title="bbox 413 2751 1983 2829; baseline 0.008 -27"><span class='ocrx_word' id='word_1_215' title='bbox 413 2751 585 2804; x_wconf 87' lang='lat' dir='ltr'><strong>verbis</strong></span> <span class='ocrx_word' id='word_1_216' title='bbox 617 2769 630 2805; x_wconf 90' lang='lat'><strong>:</strong></span> <span class='ocrx_word' id='word_1_217' title='bbox 660 2751 786 2806; x_wconf 88' lang='lat' dir='ltr'><strong>Erat</strong></span> <span class='ocrx_word' id='word_1_218' title='bbox 815 2771 926 2807; x_wconf 79' lang='lat' dir='ltr'><strong>cum</strong></span> <span class='ocrx_word' id='word_1_219' title='bbox 949 2755 1114 2809; x_wconf 85' lang='lat' dir='ltr'><strong>bestiis</strong></span> <span class='ocrx_word' id='word_1_220' title='bbox 1138 2756 1324 2827; x_wconf 83' lang='lat' dir='ltr'><strong>(Mare.</strong></span> <span class='ocrx_word' id='word_1_221' title='bbox 1349 2759 1399 2812; x_wconf 98' lang='grc'><strong>1.</strong></span> <span class='ocrx_word' id='word_1_222' title='bbox 1430 2760 1539 2828; x_wconf 79' lang='grc'><strong>15).</strong></span> <span class='ocrx_word' id='word_1_223' title='bbox 1565 2759 1840 2829; x_wconf 89' lang='lat' dir='ltr'><strong>Perpende</strong></span> <span class='ocrx_word' id='word_1_224' title='bbox 1861 2777 1983 2816; x_wconf 91' lang='lat' dir='ltr'><strong>cum</strong></span> 
     </span>
    </p>
   </div>
   <div class='ocr_carea' id='block_1_29' title="bbox 409 2844 1979 2921">
    <p class='ocr_par' dir='ltr' id='par_1_29' title="bbox 409 2844 1979 2921">
     <span class='ocr_line' id='line_1_29' title="bbox 409 2844 1979 2921; baseline 0.009 -29"><span class='ocrx_word' id='word_1_225' title='bbox 409 2852 602 2910; x_wconf 89' lang='lat' dir='ltr'><strong>quanta</strong></span> <span class='ocrx_word' id='word_1_226' title='bbox 634 2844 840 2898; x_wconf 86' lang='lat' dir='ltr'><strong>vafritie</strong></span> <span class='ocrx_word' id='word_1_227' title='bbox 867 2854 921 2900; x_wconf 88' lang='lat' dir='ltr'><strong>et</strong></span> <span class='ocrx_word' id='word_1_228' title='bbox 971 2849 1203 2915; x_wconf 86' lang='lat' dir='ltr'><strong>nequitia</strong></span> <span class='ocrx_word' id='word_1_229' title='bbox 1233 2849 1475 2913; x_wconf 89' lang='lat' dir='ltr'><strong>accedat,</strong></span> <span class='ocrx_word' id='word_1_230' title='bbox 1509 2859 1563 2904; x_wconf 89' lang='lat' dir='ltr'><strong>et</strong></span> <span class='ocrx_word' id='word_1_231' title='bbox 1591 2851 1734 2919; x_wconf 88' lang='lat' dir='ltr'><strong>quod</strong></span> <span class='ocrx_word' id='word_1_232' title='bbox 1766 2860 1979 2921; x_wconf 89' lang='lat' dir='ltr'><strong>tempus</strong></span> 
     </span>
    </p>
   </div>
   <div class='ocr_carea' id='block_1_30' title="bbox 407 2937 1976 3009">
    <p class='ocr_par' dir='ltr' id='par_1_30' title="bbox 407 2937 1976 3009">
     <span class='ocr_line' id='line_1_30' title="bbox 407 2937 1976 3009; baseline 0.009 -23"><span class='ocrx_word' id='word_1_233' title='bbox 407 2937 670 2990; x_wconf 77' lang='lat' dir='ltr'><strong>observet.</strong></span> <span class='ocrx_word' id='word_1_234' title='bbox 697 2937 809 2991; x_wconf 86' lang='lat' dir='ltr'><strong>Non</strong></span> <span class='ocrx_word' id='word_1_235' title='bbox 832 2940 972 2992; x_wconf 88' lang='lat' dir='ltr'><strong>enim</strong></span> <span class='ocrx_word' id='word_1_236' title='bbox 990 2941 1320 3009; x_wconf 87' lang='lat' dir='ltr'><strong>jejunantem</strong></span> <span class='ocrx_word' id='word_1_237' title='bbox 1342 2943 1483 3008; x_wconf 88' lang='lat' dir='ltr'><strong>adit,</strong></span> <span class='ocrx_word' id='word_1_238' title='bbox 1507 2943 1600 2998; x_wconf 89' lang='lat' dir='ltr'><strong>sed</strong></span> <span class='ocrx_word' id='word_1_239' title='bbox 1621 2945 1940 3000; x_wconf 88' lang='lat' dir='ltr'><strong>esurientem</strong></span> <span class='ocrx_word' id='word_1_240' title='bbox 1962 2963 1976 3000; x_wconf 90' lang='lat'><strong>:</strong></span> 
     </span>
    </p>
   </div>
   <div class='ocr_carea' id='block_1_31' title="bbox 409 3027 1980 3109">
    <p class='ocr_par' dir='ltr' id='par_1_31' title="bbox 409 3027 1980 3109">
     <span class='ocr_line' id='line_1_31' title="bbox 409 3027 1980 3109; baseline 0.01 -30"><span class='ocrx_word' id='word_1_241' title='bbox 409 3039 465 3080; x_wconf 87' lang='lat' dir='ltr'><strong>ut</strong></span> <span class='ocrx_word' id='word_1_242' title='bbox 488 3027 662 3084; x_wconf 92' lang='lat' dir='ltr'><strong>discas</strong></span> <span class='ocrx_word' id='word_1_243' title='bbox 685 3040 938 3100; x_wconf 87' lang='lat' dir='ltr'><strong>quantum</strong></span> <span class='ocrx_word' id='word_1_244' title='bbox 971 3032 1165 3087; x_wconf 92' lang='lat' dir='ltr'><strong>bonum</strong></span> <span class='ocrx_word' id='word_1_245' title='bbox 1210 3036 1279 3088; x_wconf 90' lang='lat' dir='ltr'><strong>sit</strong></span> <span class='ocrx_word' id='word_1_246' title='bbox 1309 3035 1589 3104; x_wconf 87' lang='lat' dir='ltr'><strong>jejunium,</strong></span> <span class='ocrx_word' id='word_1_247' title='bbox 1620 3050 1980 3109; x_wconf 88' lang='lat' dir='ltr'><strong>quantumque</strong></span> 
     </span>
    </p>
   </div>
   <div class='ocr_carea' id='block_1_32' title="bbox 405 3121 1976 3196">
    <p class='ocr_par' dir='ltr' id='par_1_32' title="bbox 405 3121 1976 3196">
     <span class='ocr_line' id='line_1_32' title="bbox 405 3121 1976 3196; baseline 0.008 -26"><span class='ocrx_word' id='word_1_248' title='bbox 405 3121 474 3171; x_wconf 89' lang='lat' dir='ltr'><strong>sit</strong></span> <span class='ocrx_word' id='word_1_249' title='bbox 502 3129 684 3172; x_wconf 88' lang='lat' dir='ltr'><strong>contra</strong></span> <span class='ocrx_word' id='word_1_250' title='bbox 726 3121 994 3176; x_wconf 87' lang='lat' dir='ltr'><strong>diabolum</strong></span> <span class='ocrx_word' id='word_1_251' title='bbox 1029 3124 1224 3188; x_wconf 91' lang='lat' dir='ltr'><strong>telum;</strong></span> <span class='ocrx_word' id='word_1_252' title='bbox 1255 3136 1312 3179; x_wconf 92' lang='lat' dir='ltr'><strong>et</strong></span> <span class='ocrx_word' id='word_1_253' title='bbox 1347 3126 1489 3195; x_wconf 90' lang='lat' dir='ltr'><strong>quod</strong></span> <span class='ocrx_word' id='word_1_254' title='bbox 1520 3137 1637 3194; x_wconf 91' lang='lat' dir='ltr'><strong>post</strong></span> <span class='ocrx_word' id='word_1_255' title='bbox 1661 3127 1976 3196; x_wconf 85' lang='lat' dir='ltr'><strong>baptismum</strong></span> 
     </span>
    </p>
   </div>
   <div class='ocr_carea' id='block_1_33' title="bbox 405 3212 1978 3289">
    <p class='ocr_par' dir='ltr' id='par_1_33' title="bbox 405 3212 1978 3289">
     <span class='ocr_line' id='line_1_33' title="bbox 405 3212 1978 3289; baseline 0.005 -23"><span class='ocrx_word' id='word_1_256' title='bbox 405 3228 510 3266; x_wconf 90' lang='lat' dir='ltr'><strong>non</strong></span> <span class='ocrx_word' id='word_1_257' title='bbox 541 3212 778 3279; x_wconf 84' lang='lat' dir='ltr'><strong>deliciis,</strong></span> <span class='ocrx_word' id='word_1_258' title='bbox 813 3231 918 3269; x_wconf 90' lang='lat' dir='ltr'><strong>non</strong></span> <span class='ocrx_word' id='word_1_259' title='bbox 947 3216 1230 3280; x_wconf 88' lang='lat' dir='ltr'><strong>ebrietati,</strong></span> <span class='ocrx_word' id='word_1_260' title='bbox 1259 3233 1364 3271; x_wconf 91' lang='lat' dir='ltr'><strong>non</strong></span> <span class='ocrx_word' id='word_1_261' title='bbox 1397 3234 1594 3274; x_wconf 69' lang='lat' dir='ltr'><strong>mensm</strong></span> <span class='ocrx_word' id='word_1_262' title='bbox 1615 3259 1628 3282; x_wconf 93' lang='lat'><strong>,</strong></span> <span class='ocrx_word' id='word_1_263' title='bbox 1657 3221 1748 3273; x_wconf 88' lang='lat' dir='ltr'><strong>sed</strong></span> <span class='ocrx_word' id='word_1_264' title='bbox 1771 3221 1978 3289; x_wconf 84' lang='lat' dir='ltr'><strong>jejunio</strong></span> 
     </span>
    </p>
   </div>
   <div class='ocr_carea' id='block_1_34' title="bbox 407 3306 1974 3381">
    <p class='ocr_par' dir='ltr' id='par_1_34' title="bbox 407 3306 1974 3381">
     <span class='ocr_line' id='line_1_34' title="bbox 407 3306 1974 3381; baseline 0.008 -25"><span class='ocrx_word' id='word_1_265' title='bbox 407 3320 566 3372; x_wconf 80' lang='lat' dir='ltr'><strong>opera</strong></span> <span class='ocrx_word' id='word_1_266' title='bbox 599 3307 668 3360; x_wconf 90' lang='lat' dir='ltr'><strong>sit</strong></span> <span class='ocrx_word' id='word_1_267' title='bbox 691 3306 888 3361; x_wconf 87' lang='lat' dir='ltr'><strong>danda.</strong></span> <span class='ocrx_word' id='word_1_268' title='bbox 926 3307 1217 3376; x_wconf 85' lang='lat' dir='ltr'><strong>PrOpterea</strong></span> <span class='ocrx_word' id='word_1_269' title='bbox 1246 3310 1386 3364; x_wconf 89' lang='lat' dir='ltr'><strong>enim</strong></span> <span class='ocrx_word' id='word_1_270' title='bbox 1434 3312 1520 3365; x_wconf 88' lang='lat' dir='ltr'><strong>ille</strong></span> <span class='ocrx_word' id='word_1_271' title='bbox 1552 3313 1838 3381; x_wconf 88' lang='lat' dir='ltr'><strong>jejunavit,</strong></span> <span class='ocrx_word' id='word_1_272' title='bbox 1871 3330 1974 3368; x_wconf 92' lang='lat' dir='ltr'><strong>non</strong></span> 
     </span>
    </p>
   </div>
   <div class='ocr_carea' id='block_1_35' title="bbox 403 3396 1972 3468">
    <p class='ocr_par' dir='ltr' id='par_1_35' title="bbox 403 3396 1972 3468">
     <span class='ocr_line' id='line_1_35' title="bbox 403 3396 1972 3468; baseline 0.006 -20"><span class='ocrx_word' id='word_1_273' title='bbox 403 3396 541 3464; x_wconf 88' lang='lat' dir='ltr'><strong>quod</strong></span> <span class='ocrx_word' id='word_1_274' title='bbox 586 3397 792 3468; x_wconf 78' lang='lat' dir='ltr'><strong>jejunio</strong></span> <span class='ocrx_word' id='word_1_275' title='bbox 837 3413 971 3467; x_wconf 90' lang='lat' dir='ltr'><strong>opus</strong></span> <span class='ocrx_word' id='word_1_276' title='bbox 1027 3400 1273 3459; x_wconf 87' lang='lat' dir='ltr'><strong>haberet.</strong></span> <span class='ocrx_word' id='word_1_277' title='bbox 1327 3402 1421 3456; x_wconf 89' lang='lat' dir='ltr'><strong>sed</strong></span> <span class='ocrx_word' id='word_1_278' title='bbox 1476 3411 1534 3457; x_wconf 94' lang='lat' dir='ltr'><strong>ut</strong></span> <span class='ocrx_word' id='word_1_279' title='bbox 1585 3419 1683 3457; x_wconf 90' lang='lat' dir='ltr'><strong>nos</strong></span> <span class='ocrx_word' id='word_1_280' title='bbox 1720 3405 1972 3458; x_wconf 91' lang='lat' dir='ltr'><strong>erudiret.</strong></span> 
     </span>
    </p>
   </div>
   <div class='ocr_carea' id='block_1_36' title="bbox 402 3489 1972 3564">
    <p class='ocr_par' dir='ltr' id='par_1_36' title="bbox 402 3489 1972 3564">
     <span class='ocr_line' id='line_1_36' title="bbox 402 3489 1972 3564; baseline 0.007 -26"><span class='ocrx_word' id='word_1_281' title='bbox 402 3489 532 3553; x_wconf 90' lang='lat' dir='ltr'><strong>Quia</strong></span> <span class='ocrx_word' id='word_1_282' title='bbox 558 3499 772 3557; x_wconf 90' lang='lat' dir='ltr'><strong>peccata</strong></span> <span class='ocrx_word' id='word_1_283' title='bbox 792 3500 917 3545; x_wconf 90' lang='lat' dir='ltr'><strong>ante</strong></span> <span class='ocrx_word' id='word_1_284' title='bbox 940 3491 1203 3546; x_wconf 89' lang='lat' dir='ltr'><strong>lavacrum</strong></span> <span class='ocrx_word' id='word_1_285' title='bbox 1223 3495 1420 3548; x_wconf 84' lang='lat' dir='ltr'><strong>ventris</strong></span> <span class='ocrx_word' id='word_1_286' title='bbox 1447 3495 1659 3564; x_wconf 81' lang='lat' dir='ltr'><strong>crapula</strong></span> <span class='ocrx_word' id='word_1_287' title='bbox 1690 3495 1936 3549; x_wconf 90' lang='lat' dir='ltr'><strong>intulerat</strong></span> <span class='ocrx_word' id='word_1_288' title='bbox 1959 3513 1972 3549; x_wconf 91' lang='lat'>:</span> 
     </span>
    </p>
   </div>
   <div class='ocr_carea' id='block_1_37' title="bbox 401 3581 1976 3653">
    <p class='ocr_par' dir='ltr' id='par_1_37' title="bbox 401 3581 1976 3653">
     <span class='ocr_line' id='line_1_37' title="bbox 401 3581 1976 3653; baseline 0.009 -24"><span class='ocrx_word' id='word_1_289' title='bbox 401 3581 850 3647; x_wconf 86' lang='lat' dir='ltr'><strong>quemadmodum</strong></span> <span class='ocrx_word' id='word_1_290' title='bbox 879 3583 922 3637; x_wconf 91' lang='lat' dir='ltr'><strong>si</strong></span> <span class='ocrx_word' id='word_1_291' title='bbox 952 3584 1070 3653; x_wconf 88' lang='lat' dir='ltr'><strong>quis</strong></span> <span class='ocrx_word' id='word_1_292' title='bbox 1111 3595 1369 3653; x_wconf 76' lang='lat' dir='ltr'><strong>:rgrotum</strong></span> <span class='ocrx_word' id='word_1_293' title='bbox 1408 3587 1472 3640; x_wconf 91' lang='lat' dir='ltr'><strong>ad</strong></span> <span class='ocrx_word' id='word_1_294' title='bbox 1516 3588 1795 3642; x_wconf 87' lang='lat' dir='ltr'><strong>sanitatem</strong></span> <span class='ocrx_word' id='word_1_295' title='bbox 1825 3589 1892 3642; x_wconf 90' lang='lat' dir='ltr'><strong>ab</strong></span> <span class='ocrx_word' id='word_1_296' title='bbox 1916 3603 1976 3643; x_wconf 89' lang='lat' dir='ltr'><strong>se</strong></span> 
     </span>
    </p>
   </div>
   <div class='ocr_carea' id='block_1_38' title="bbox 401 3669 1974 3740">
    <p class='ocr_par' dir='ltr' id='par_1_38' title="bbox 401 3669 1974 3740">
     <span class='ocr_line' id='line_1_38' title="bbox 401 3669 1974 3740; baseline 0.006 -17"><span class='ocrx_word' id='word_1_297' title='bbox 401 3669 677 3724; x_wconf 87' lang='lat' dir='ltr'><strong>reductum</strong></span> <span class='ocrx_word' id='word_1_298' title='bbox 700 3672 885 3740; x_wconf 89' lang='lat' dir='ltr'><strong>jubeat</strong></span> <span class='ocrx_word' id='word_1_299' title='bbox 911 3689 1014 3729; x_wconf 93' lang='lat' dir='ltr'><strong>non</strong></span> <span class='ocrx_word' id='word_1_300' title='bbox 1049 3675 1134 3729; x_wconf 89' lang='lat' dir='ltr'><strong>illa</strong></span> <span class='ocrx_word' id='word_1_301' title='bbox 1173 3675 1347 3730; x_wconf 86' lang='lat' dir='ltr'><strong>facere</strong></span> <span class='ocrx_word' id='word_1_302' title='bbox 1379 3676 1519 3730; x_wconf 90' lang='lat' dir='ltr'><strong>unde</strong></span> <span class='ocrx_word' id='word_1_303' title='bbox 1548 3678 1766 3732; x_wconf 89' lang='lat' dir='ltr'><strong>morbus</strong></span> <span class='ocrx_word' id='word_1_304' title='bbox 1797 3678 1974 3732; x_wconf 89' lang='lat' dir='ltr'><strong>illatus</strong></span> 
     </span>
    </p>
   </div>
   <div class='ocr_carea' id='block_1_39' title="bbox 400 3765 1972 3838">
    <p class='ocr_par' dir='ltr' id='par_1_39' title="bbox 400 3765 1972 3838">
     <span class='ocr_line' id='line_1_39' title="bbox 400 3765 1972 3838; baseline 0.006 -24"><span class='ocrx_word' id='word_1_305' title='bbox 400 3771 481 3814; x_wconf 90' lang='lat' dir='ltr'><strong>est</strong></span> <span class='ocrx_word' id='word_1_306' title='bbox 505 3779 519 3815; x_wconf 89' lang='lat'><strong>:</strong></span> <span class='ocrx_word' id='word_1_307' title='bbox 547 3765 623 3816; x_wconf 87' lang='lat' dir='ltr'><strong>sic</strong></span> <span class='ocrx_word' id='word_1_308' title='bbox 649 3775 704 3818; x_wconf 88' lang='lat' dir='ltr'><strong>et</strong></span> <span class='ocrx_word' id='word_1_309' title='bbox 734 3765 824 3818; x_wconf 87' lang='lat' dir='ltr'><strong>ille</strong></span> <span class='ocrx_word' id='word_1_310' title='bbox 857 3775 978 3834; x_wconf 89' lang='lat' dir='ltr'><strong>post</strong></span> <span class='ocrx_word' id='word_1_311' title='bbox 1007 3767 1271 3821; x_wconf 71' lang='lat' dir='ltr'><strong>lawcrum</strong></span> <span class='ocrx_word' id='word_1_312' title='bbox 1301 3769 1506 3822; x_wconf 78' lang='lat' dir='ltr'><strong>induxit</strong></span> <span class='ocrx_word' id='word_1_313' title='bbox 1527 3770 1812 3838; x_wconf 88' lang='lat' dir='ltr'><strong>jejunium.</strong></span> <span class='ocrx_word' id='word_1_314' title='bbox 1840 3770 1972 3823; x_wconf 88' lang='lat' dir='ltr'><strong>Nam</strong></span> 
     </span>
    </p>
   </div>
   <div class='ocr_carea' id='block_1_40' title="bbox 400 3855 1970 3930">
    <p class='ocr_par' dir='ltr' id='par_1_40' title="bbox 400 3855 1970 3930">
     <span class='ocr_line' id='line_1_40' title="bbox 400 3855 1970 3930; baseline 0.004 -24"><span class='ocrx_word' id='word_1_315' title='bbox 400 3865 452 3906; x_wconf 91' lang='lat' dir='ltr'><strong>et</strong></span> <span class='ocrx_word' id='word_1_316' title='bbox 483 3855 738 3908; x_wconf 81' lang='lat' dir='ltr'><strong>Adamnm</strong></span> <span class='ocrx_word' id='word_1_317' title='bbox 767 3858 1171 3925; x_wconf 83' lang='lat' dir='ltr'><strong>intemperantia</strong></span> <span class='ocrx_word' id='word_1_318' title='bbox 1203 3861 1400 3914; x_wconf 82' lang='lat' dir='ltr'><strong>ventris</strong></span> <span class='ocrx_word' id='word_1_319' title='bbox 1429 3875 1493 3914; x_wconf 86' lang='lat' dir='ltr'><strong>ex</strong></span> <span class='ocrx_word' id='word_1_320' title='bbox 1521 3860 1766 3930; x_wconf 90' lang='lat' dir='ltr'><strong>paradiso</strong></span> <span class='ocrx_word' id='word_1_321' title='bbox 1792 3861 1970 3928; x_wconf 86' lang='lat' dir='ltr'><strong>ejecit,</strong></span> 
     </span>
    </p>
   </div>
   <div class='ocr_carea' id='block_1_41' title="bbox 401 3945 1973 4020">
    <p class='ocr_par' dir='ltr' id='par_1_41' title="bbox 401 3945 1973 4020">
     <span class='ocr_line' id='line_1_41' title="bbox 401 3945 1973 4020; baseline 0.004 -21"><span class='ocrx_word' id='word_1_322' title='bbox 401 3953 455 3999; x_wconf 90' lang='lat' dir='ltr'><strong>et</strong></span> <span class='ocrx_word' id='word_1_323' title='bbox 472 3945 725 4000; x_wconf 87' lang='lat' dir='ltr'><strong>diluvium</strong></span> <span class='ocrx_word' id='word_1_324' title='bbox 755 3956 992 4016; x_wconf 88' lang='lat' dir='ltr'><strong>tempore</strong></span> <span class='ocrx_word' id='word_1_325' title='bbox 1029 3948 1156 4003; x_wconf 82' lang='lat' dir='ltr'><strong>Noae</strong></span> <span class='ocrx_word' id='word_1_326' title='bbox 1187 3949 1426 4014; x_wconf 88' lang='lat' dir='ltr'><strong>induxit,</strong></span> <span class='ocrx_word' id='word_1_327' title='bbox 1458 3959 1614 4020; x_wconf 90' lang='lat' dir='ltr'><strong>atque</strong></span> <span class='ocrx_word' id='word_1_328' title='bbox 1646 3951 1697 4005; x_wconf 91' lang='lat' dir='ltr'><strong>in</strong></span> <span class='ocrx_word' id='word_1_329' title='bbox 1727 3951 1973 4006; x_wconf 89' lang='lat' dir='ltr'><strong>Sodomi-</strong></span> 
     </span>
    </p>
   </div>
   <div class='ocr_carea' id='block_1_42' title="bbox 401 4037 1990 4111">
    <p class='ocr_par' dir='ltr' id='par_1_42' title="bbox 401 4037 1990 4111">
     <span class='ocr_line' id='line_1_42' title="bbox 401 4037 1990 4111; baseline 0.004 -21"><span class='ocrx_word' id='word_1_330' title='bbox 401 4047 480 4091; x_wconf 92' lang='lat' dir='ltr'><strong>tas</strong></span> <span class='ocrx_word' id='word_1_331' title='bbox 513 4037 724 4091; x_wconf 89' lang='lat' dir='ltr'><strong>fulmina</strong></span> <span class='ocrx_word' id='word_1_332' title='bbox 761 4040 998 4093; x_wconf 83' lang='lat' dir='ltr'><strong>immisit.</strong></span> <span class='ocrx_word' id='word_1_333' title='bbox 1029 4040 1246 4093; x_wconf 85' lang='lat' dir='ltr'><strong>Etiamsi</strong></span> <span class='ocrx_word' id='word_1_334' title='bbox 1270 4043 1410 4094; x_wconf 89' lang='lat' dir='ltr'><strong>enim</strong></span> <span class='ocrx_word' id='word_1_335' title='bbox 1440 4043 1717 4111; x_wconf 88' lang='lat' dir='ltr'><strong>utrobique</strong></span> <span class='ocrx_word' id='word_1_336' title='bbox 1744 4041 1990 4096; x_wconf 50' lang='lat' dir='ltr'><strong>fornica;</strong></span> 
     </span>
    </p>
   </div>
   <div class='ocr_carea' id='block_1_43' title="bbox 402 4129 1970 4200">
    <p class='ocr_par' dir='ltr' id='par_1_43' title="bbox 402 4129 1970 4200">
     <span class='ocr_line' id='line_1_43' title="bbox 402 4129 1970 4200; baseline 0.003 -20"><span class='ocrx_word' id='word_1_337' title='bbox 402 4129 558 4182; x_wconf 86' lang='lat' dir='ltr'><strong>tionis</strong></span> <span class='ocrx_word' id='word_1_338' title='bbox 585 4131 786 4183; x_wconf 82' lang='lat' dir='ltr'><strong>crimen</strong></span> <span class='ocrx_word' id='word_1_339' title='bbox 819 4138 932 4183; x_wconf 88' lang='lat' dir='ltr'><strong>erat</strong></span> <span class='ocrx_word' id='word_1_340' title='bbox 951 4172 966 4196; x_wconf 92' lang='lat'><strong>,</strong></span> <span class='ocrx_word' id='word_1_341' title='bbox 995 4139 1226 4185; x_wconf 89' lang='lat' dir='ltr'><strong>attamen</strong></span> <span class='ocrx_word' id='word_1_342' title='bbox 1253 4132 1522 4199; x_wconf 78' lang='lat' dir='ltr'><strong>utriusque</strong></span> <span class='ocrx_word' id='word_1_343' title='bbox 1547 4133 1790 4200; x_wconf 88' lang='lat' dir='ltr'><strong>supplicii</strong></span> <span class='ocrx_word' id='word_1_344' title='bbox 1821 4132 1970 4186; x_wconf 84' lang='lat' dir='ltr'><strong>radix</strong></span> 
     </span>
    </p>
   </div>
   <div class='ocr_carea' id='block_1_44' title="bbox 400 4220 1968 4290">
    <p class='ocr_par' dir='ltr' id='par_1_44' title="bbox 400 4220 1968 4290">
     <span class='ocr_line' id='line_1_44' title="bbox 400 4220 1968 4290; baseline 0.001 -16"><span class='ocrx_word' id='word_1_345' title='bbox 400 4220 522 4275; x_wconf 88' lang='lat' dir='ltr'><strong>inde</strong></span> <span class='ocrx_word' id='word_1_346' title='bbox 569 4222 764 4290; x_wconf 89' lang='lat' dir='ltr'><strong>prodiit</strong></span> <span class='ocrx_word' id='word_1_347' title='bbox 811 4222 998 4289; x_wconf 89' lang='lat' dir='ltr'><strong>:quod</strong></span> <span class='ocrx_word' id='word_1_348' title='bbox 1044 4231 1098 4276; x_wconf 88' lang='lat' dir='ltr'><strong>et</strong></span> <span class='ocrx_word' id='word_1_349' title='bbox 1145 4222 1386 4277; x_wconf 86' lang='lat' dir='ltr'><strong>Ezechiel</strong></span> <span class='ocrx_word' id='word_1_350' title='bbox 1433 4223 1671 4278; x_wconf 89' lang='lat' dir='ltr'><strong>indicans</strong></span> <span class='ocrx_word' id='word_1_351' title='bbox 1713 4223 1968 4277; x_wconf 88' lang='lat' dir='ltr'><strong>dicebat:</strong></span> 
     </span>
    </p>
   </div>
   <div class='ocr_carea' id='block_1_45' title="bbox 411 4311 1968 4383">
    <p class='ocr_par' dir='ltr' id='par_1_45' title="bbox 411 4311 1968 4383">
     <span class='ocr_line' id='line_1_45' title="bbox 411 4311 1968 4383; baseline 0.002 -20"><span class='ocrx_word' id='word_1_352' title='bbox 411 4311 756 4366; x_wconf 81' lang='lat' dir='ltr'><strong>Verumtamen</strong></span> <span class='ocrx_word' id='word_1_353' title='bbox 798 4315 892 4366; x_wconf 82' lang='lat' dir='ltr'><strong>hoc</strong></span> <span class='ocrx_word' id='word_1_354' title='bbox 923 4322 1027 4366; x_wconf 87' lang='lat' dir='ltr'><strong>erat</strong></span> <span class='ocrx_word' id='word_1_355' title='bbox 1058 4323 1313 4383; x_wconf 82' lang='lat' dir='ltr'><strong>peccatum</strong></span> <span class='ocrx_word' id='word_1_356' title='bbox 1340 4313 1711 4377; x_wconf 87' lang='lat' dir='ltr'><strong>Sodomorum,</strong></span> <span class='ocrx_word' id='word_1_357' title='bbox 1733 4315 1968 4382; x_wconf 81' lang='lat' dir='ltr'><strong>quoniam</strong></span> 
     </span>
    </p>
   </div>
   <div class='ocr_carea' id='block_1_46' title="bbox 397 4403 1970 4472">
    <p class='ocr_par' dir='ltr' id='par_1_46' title="bbox 397 4403 1970 4472">
     <span class='ocr_line' id='line_1_46' title="bbox 397 4403 1970 4472; baseline 0.003 -20"><span class='ocrx_word' id='word_1_358' title='bbox 397 4403 450 4453; x_wconf 86' lang='lat' dir='ltr'><strong>in</strong></span> <span class='ocrx_word' id='word_1_359' title='bbox 479 4404 711 4472; x_wconf 79' lang='lat' dir='ltr'><strong>superbia</strong></span> <span class='ocrx_word' id='word_1_360' title='bbox 751 4414 796 4456; x_wconf 87' lang='lat' dir='ltr'><strong>et</strong></span> <span class='ocrx_word' id='word_1_361' title='bbox 839 4405 892 4456; x_wconf 88' lang='lat' dir='ltr'><strong>in</strong></span> <span class='ocrx_word' id='word_1_362' title='bbox 933 4405 1192 4456; x_wconf 82' lang='lat' dir='ltr'><strong>saturitate</strong></span> <span class='ocrx_word' id='word_1_363' title='bbox 1230 4419 1450 4471; x_wconf 86' lang='lat' dir='ltr'><strong>panum,</strong></span> <span class='ocrx_word' id='word_1_364' title='bbox 1479 4413 1526 4456; x_wconf 84' lang='lat' dir='ltr'><strong>et</strong></span> <span class='ocrx_word' id='word_1_365' title='bbox 1565 4405 1619 4456; x_wconf 86' lang='lat' dir='ltr'><strong>in</strong></span> <span class='ocrx_word' id='word_1_366' title='bbox 1661 4403 1970 4458; x_wconf 80' lang='lat' dir='ltr'><strong>abundantia</strong></span> 
     </span>
    </p>
   </div>
   <div class='ocr_carea' id='block_1_47' title="bbox 399 4493 1965 4567">
    <p class='ocr_par' dir='ltr' id='par_1_47' title="bbox 399 4493 1965 4567">
     <span class='ocr_line' id='line_1_47' title="bbox 399 4493 1965 4567; baseline 0.003 -21"><span class='ocrx_word' id='word_1_367' title='bbox 399 4493 713 4548; x_wconf 84' lang='lat' dir='ltr'><strong>Iasciviebant</strong></span> <span class='ocrx_word' id='word_1_368' title='bbox 738 4495 948 4566; x_wconf 65' lang='lat' dir='ltr'><strong>(Exerit.</strong></span> <span class='ocrx_word' id='word_1_369' title='bbox 975 4495 1058 4550; x_wconf 85' lang='grc'><strong>16.</strong></span> <span class='ocrx_word' id='word_1_370' title='bbox 1083 4493 1194 4567; x_wconf 74' lang='grc'><strong>49).</strong></span> <span class='ocrx_word' id='word_1_371' title='bbox 1219 4495 1306 4550; x_wconf 90' lang='lat' dir='ltr'><strong>Sic</strong></span> <span class='ocrx_word' id='word_1_372' title='bbox 1332 4503 1385 4550; x_wconf 90' lang='lat' dir='ltr'><strong>ct</strong></span> <span class='ocrx_word' id='word_1_373' title='bbox 1403 4494 1573 4552; x_wconf 66' lang='lat' dir='ltr'><strong>Judati</strong></span> <span class='ocrx_word' id='word_1_374' title='bbox 1589 4497 1814 4550; x_wconf 87' lang='lat' dir='ltr'><strong>maxima</strong></span> <span class='ocrx_word' id='word_1_375' title='bbox 1844 4512 1965 4565; x_wconf 85' lang='lat' dir='ltr'><strong>per-</strong></span> 
     </span>
    </p>
   </div>
   <div class='ocr_carea' id='block_1_48' title="bbox 398 4585 1968 4652">
    <p class='ocr_par' dir='ltr' id='par_1_48' title="bbox 398 4585 1968 4652">
     <span class='ocr_line' id='line_1_48' title="bbox 398 4585 1968 4652; baseline 0 -12"><span class='ocrx_word' id='word_1_376' title='bbox 398 4593 671 4652; x_wconf 84' lang='lat' dir='ltr'><strong>petrarunt</strong></span> <span class='ocrx_word' id='word_1_377' title='bbox 714 4587 850 4641; x_wconf 89' lang='lat' dir='ltr'><strong>mala</strong></span> <span class='ocrx_word' id='word_1_378' title='bbox 875 4625 890 4650; x_wconf 97' lang='lat'><strong>,</strong></span> <span class='ocrx_word' id='word_1_379' title='bbox 935 4587 1004 4640; x_wconf 90' lang='lat' dir='ltr'><strong>ab</strong></span> <span class='ocrx_word' id='word_1_380' title='bbox 1044 4585 1298 4640; x_wconf 84' lang='lat' dir='ltr'><strong>ebrietate</strong></span> <span class='ocrx_word' id='word_1_381' title='bbox 1319 4596 1369 4640; x_wconf 92' lang='lat' dir='ltr'><strong>et</strong></span> <span class='ocrx_word' id='word_1_382' title='bbox 1396 4585 1634 4641; x_wconf 90' lang='lat' dir='ltr'><strong>ciborum</strong></span> <span class='ocrx_word' id='word_1_383' title='bbox 1660 4587 1863 4642; x_wconf 89' lang='lat' dir='ltr'><strong>deliciis</strong></span> <span class='ocrx_word' id='word_1_384' title='bbox 1910 4587 1968 4641; x_wconf 88' lang='lat' dir='ltr'><strong>in</strong></span> 
     </span>
    </p>
   </div>
   <div class='ocr_carea' id='block_1_49' title="bbox 394 4659 1129 4747">
    <p class='ocr_par' dir='ltr' id='par_1_49' title="bbox 394 4659 1129 4747">
     <span class='ocr_line' id='line_1_49' title="bbox 394 4659 1129 4747; baseline 0.001 -18"><span class='ocrx_word' id='word_1_385' title='bbox 394 4675 724 4745; x_wconf 88' lang='lat' dir='ltr'><strong>iniquitatem</strong></span> <span class='ocrx_word' id='word_1_386' title='bbox 756 4659 1129 4747; x_wconf 86' lang='lat' dir='ltr'><strong>impingentes.</strong></span> 
     </span>
    </p>
   </div>
   <div class='ocr_carea' id='block_1_50' title="bbox 463 4766 1964 4839">
    <p class='ocr_par' dir='ltr' id='par_1_50' title="bbox 463 4766 1964 4839">
     <span class='ocr_line' id='line_1_50' title="bbox 463 4766 1964 4839; baseline 0.001 -19"><span class='ocrx_word' id='word_1_387' title='bbox 463 4766 519 4822; x_wconf 74' lang='grc'><strong>2,</strong></span> <span class='ocrx_word' id='word_1_388' title='bbox 565 4767 689 4820; x_wconf 90' lang='lat' dir='ltr'><strong>ldeo</strong></span> <span class='ocrx_word' id='word_1_389' title='bbox 713 4777 769 4821; x_wconf 93' lang='lat' dir='ltr'><strong>et</strong></span> <span class='ocrx_word' id='word_1_390' title='bbox 797 4769 909 4836; x_wconf 89' lang='lat' dir='ltr'><strong>ipse</strong></span> <span class='ocrx_word' id='word_1_391' title='bbox 929 4768 1133 4837; x_wconf 88' lang='lat' dir='ltr'><strong>jejunat</strong></span> <span class='ocrx_word' id='word_1_392' title='bbox 1167 4769 1509 4839; x_wconf 83' lang='lat' dir='ltr'><strong>quadraginta</strong></span> <span class='ocrx_word' id='word_1_393' title='bbox 1539 4770 1747 4834; x_wconf 85' lang='lat' dir='ltr'><strong>diebus,</strong></span> <span class='ocrx_word' id='word_1_394' title='bbox 1781 4769 1964 4823; x_wconf 80' lang='lat' dir='ltr'><strong>Salutis</strong></span> 
     </span>
    </p>
   </div>
   <div class='ocr_carea' id='block_1_51' title="bbox 393 4858 1960 4930">
    <p class='ocr_par' dir='ltr' id='par_1_51' title="bbox 393 4858 1960 4930">
     <span class='ocr_line' id='line_1_51' title="bbox 393 4858 1960 4930; baseline 0.003 -19"><span class='ocrx_word' id='word_1_395' title='bbox 393 4859 549 4914; x_wconf 88' lang='lat' dir='ltr'><strong>nobis</strong></span> <span class='ocrx_word' id='word_1_396' title='bbox 576 4858 812 4913; x_wconf 67' lang='lat' dir='ltr'><strong>remedia</strong></span> <span class='ocrx_word' id='word_1_397' title='bbox 861 4860 1148 4915; x_wconf 90' lang='lat' dir='ltr'><strong>ostendens</strong></span> <span class='ocrx_word' id='word_1_398' title='bbox 1171 4901 1186 4926; x_wconf 95' lang='lat'><strong>,</strong></span> <span class='ocrx_word' id='word_1_399' title='bbox 1213 4876 1386 4930; x_wconf 87' lang='lat' dir='ltr'><strong>neque</strong></span> <span class='ocrx_word' id='word_1_400' title='bbox 1432 4863 1656 4916; x_wconf 85' lang='lat' dir='ltr'><strong>ulterius</strong></span> <span class='ocrx_word' id='word_1_401' title='bbox 1683 4863 1921 4930; x_wconf 89' lang='lat' dir='ltr'><strong>procedit</strong></span> <span class='ocrx_word' id='word_1_402' title='bbox 1944 4902 1960 4926; x_wconf 94' lang='lat'><strong>,</strong></span> 
     </span>
    </p>
   </div>
   <div class='ocr_carea' id='block_1_52' title="bbox 390 4951 1961 5020">
    <p class='ocr_par' dir='ltr' id='par_1_52' title="bbox 390 4951 1961 5020">
     <span class='ocr_line' id='line_1_52' title="bbox 390 4951 1961 5020; baseline 0.002 -16"><span class='ocrx_word' id='word_1_403' title='bbox 390 4966 456 5006; x_wconf 91' lang='lat' dir='ltr'><strong>ne</strong></span> <span class='ocrx_word' id='word_1_404' title='bbox 501 4952 571 5006; x_wconf 93' lang='lat' dir='ltr'><strong>ob</strong></span> <span class='ocrx_word' id='word_1_405' title='bbox 614 4965 890 5005; x_wconf 88' lang='lat' dir='ltr'><strong>excessum</strong></span> <span class='ocrx_word' id='word_1_406' title='bbox 954 4951 1222 5016; x_wconf 89' lang='lat' dir='ltr'><strong>miraculi,</strong></span> <span class='ocrx_word' id='word_1_407' title='bbox 1269 4953 1580 5007; x_wconf 75' lang='lat' dir='ltr'><strong>teconomia:</strong></span> <span class='ocrx_word' id='word_1_408' title='bbox 1617 4954 1811 5020; x_wconf 80' lang='lat' dir='ltr'><strong>veritas</strong></span> <span class='ocrx_word' id='word_1_409' title='bbox 1857 4967 1961 5007; x_wconf 92' lang='lat' dir='ltr'><strong>non</strong></span> 
     </span>
    </p>
   </div>
   <div class='ocr_carea' id='block_1_53' title="bbox 387 5040 1961 5112">
    <p class='ocr_par' dir='ltr' id='par_1_53' title="bbox 387 5040 1961 5112">
     <span class='ocr_line' id='line_1_53' title="bbox 387 5040 1961 5112; baseline -0.003 -14"><span class='ocrx_word' id='word_1_410' title='bbox 387 5043 720 5099; x_wconf 88' lang='lat' dir='ltr'><strong>crederetur.</strong></span> <span class='ocrx_word' id='word_1_411' title='bbox 750 5040 902 5096; x_wconf 87' lang='lat' dir='ltr'><strong>Nunc</strong></span> <span class='ocrx_word' id='word_1_412' title='bbox 927 5042 1066 5095; x_wconf 91' lang='lat' dir='ltr'><strong>enim</strong></span> <span class='ocrx_word' id='word_1_413' title='bbox 1095 5043 1311 5098; x_wconf 91' lang='lat' dir='ltr'><strong>minime</strong></span> <span class='ocrx_word' id='word_1_414' title='bbox 1339 5042 1466 5096; x_wconf 92' lang='lat' dir='ltr'><strong>illud</strong></span> <span class='ocrx_word' id='word_1_415' title='bbox 1490 5042 1800 5106; x_wconf 88' lang='lat' dir='ltr'><strong>timemlum,</strong></span> <span class='ocrx_word' id='word_1_416' title='bbox 1825 5059 1961 5112; x_wconf 89' lang='lat' dir='ltr'><strong>quo-</strong></span> 
     </span>
    </p>
   </div>
   <div class='ocr_carea' id='block_1_54' title="bbox 390 5130 1960 5204">
    <p class='ocr_par' dir='ltr' id='par_1_54' title="bbox 390 5130 1960 5204">
     <span class='ocr_line' id='line_1_54' title="bbox 390 5130 1960 5204; baseline -0.001 -17"><span class='ocrx_word' id='word_1_417' title='bbox 390 5135 529 5188; x_wconf 88' lang='lat' dir='ltr'><strong>niam</strong></span> <span class='ocrx_word' id='word_1_418' title='bbox 561 5134 770 5204; x_wconf 82' lang='lat' dir='ltr'><strong>Moyses</strong></span> <span class='ocrx_word' id='word_1_419' title='bbox 795 5141 848 5186; x_wconf 90' lang='lat' dir='ltr'><strong>et</strong></span> <span class='ocrx_word' id='word_1_420' title='bbox 875 5130 1020 5185; x_wconf 89' lang='lat' dir='ltr'><strong>Elias</strong></span> <span class='ocrx_word' id='word_1_421' title='bbox 1054 5131 1150 5185; x_wconf 90' lang='lat' dir='ltr'><strong>Dei</strong></span> <span class='ocrx_word' id='word_1_422' title='bbox 1175 5133 1404 5200; x_wconf 90' lang='lat' dir='ltr'><strong>potentia</strong></span> <span class='ocrx_word' id='word_1_423' title='bbox 1431 5133 1582 5198; x_wconf 89' lang='lat' dir='ltr'><strong>fulti,</strong></span> <span class='ocrx_word' id='word_1_424' title='bbox 1612 5131 1674 5185; x_wconf 91' lang='lat' dir='ltr'><strong>ad</strong></span> <span class='ocrx_word' id='word_1_425' title='bbox 1709 5132 1848 5185; x_wconf 87' lang='lat' dir='ltr'><strong>illam</strong></span> <span class='ocrx_word' id='word_1_426' title='bbox 1876 5132 1960 5201; x_wconf 86' lang='lat' dir='ltr'><strong>je-</strong></span> 
     </span>
    </p>
   </div>
   <div class='ocr_carea' id='block_1_55' title="bbox 386 5222 1958 5297">
    <p class='ocr_par' dir='ltr' id='par_1_55' title="bbox 386 5222 1958 5297">
     <span class='ocr_line' id='line_1_55' title="bbox 386 5222 1958 5297; baseline -0.001 -18"><span class='ocrx_word' id='word_1_427' title='bbox 386 5227 517 5297; x_wconf 89' lang='lat' dir='ltr'><strong>junii</strong></span> <span class='ocrx_word' id='word_1_428' title='bbox 556 5225 958 5282; x_wconf 86' lang='lat' dir='ltr'><strong>diuturnitatem</strong></span> <span class='ocrx_word' id='word_1_429' title='bbox 983 5224 1280 5292; x_wconf 81' lang='lat' dir='ltr'><strong>pertingere</strong></span> <span class='ocrx_word' id='word_1_430' title='bbox 1327 5233 1628 5293; x_wconf 87' lang='lat' dir='ltr'><strong>potuerunt.</strong></span> <span class='ocrx_word' id='word_1_431' title='bbox 1679 5222 1734 5278; x_wconf 90' lang='lat' dir='ltr'><strong>Si</strong></span> <span class='ocrx_word' id='word_1_432' title='bbox 1783 5232 1958 5278; x_wconf 90' lang='lat' dir='ltr'><strong>autem</strong></span> 
     </span>
    </p>
   </div>
   <div class='ocr_carea' id='block_1_56' title="bbox 388 5313 1960 5386">
    <p class='ocr_par' dir='ltr' id='par_1_56' title="bbox 388 5313 1960 5386">
     <span class='ocr_line' id='line_1_56' title="bbox 388 5313 1960 5386; baseline -0.001 -14"><span class='ocrx_word' id='word_1_433' title='bbox 388 5319 609 5373; x_wconf 87' lang='lat' dir='ltr'><strong>ulterius</strong></span> <span class='ocrx_word' id='word_1_434' title='bbox 639 5330 952 5386; x_wconf 85' lang='lat' dir='ltr'><strong>progressus</strong></span> <span class='ocrx_word' id='word_1_435' title='bbox 981 5313 1182 5378; x_wconf 87' lang='lat' dir='ltr'><strong>fuisset,</strong></span> <span class='ocrx_word' id='word_1_436' title='bbox 1217 5314 1338 5368; x_wconf 92' lang='lat' dir='ltr'><strong>hinc</strong></span> <span class='ocrx_word' id='word_1_437' title='bbox 1367 5315 1606 5383; x_wconf 89' lang='lat' dir='ltr'><strong>plurimis</strong></span> <span class='ocrx_word' id='word_1_438' title='bbox 1636 5314 1960 5370; x_wconf 82' lang='lat' dir='ltr'><strong>incredibilis</strong></span> 
     </span>
    </p>
   </div>
   <div class='ocr_carea' id='block_1_57' title="bbox 388 5403 1955 5476">
    <p class='ocr_par' dir='ltr' id='par_1_57' title="bbox 388 5403 1955 5476">
     <span class='ocr_line' id='line_1_57' title="bbox 388 5403 1955 5476; baseline -0.001 -16"><span class='ocrx_word' id='word_1_439' title='bbox 388 5410 498 5464; x_wconf 89' lang='lat' dir='ltr'><strong>visa</strong></span> <span class='ocrx_word' id='word_1_440' title='bbox 528 5404 716 5463; x_wconf 87' lang='lat' dir='ltr'><strong>fuisset</strong></span> <span class='ocrx_word' id='word_1_441' title='bbox 740 5407 916 5462; x_wconf 89' lang='lat' dir='ltr'><strong>carnis</strong></span> <span class='ocrx_word' id='word_1_442' title='bbox 937 5405 1250 5473; x_wconf 85' lang='lat' dir='ltr'><strong>assumptio.</strong></span> <span class='ocrx_word' id='word_1_443' title='bbox 1286 5405 1342 5456; x_wconf 72' lang='grc'><strong>2.</strong></span> <span class='ocrx_word' id='word_1_444' title='bbox 1373 5403 1498 5458; x_wconf 83' lang='lat' dir='ltr'><strong>Cum</strong></span> <span class='ocrx_word' id='word_1_445' title='bbox 1525 5405 1805 5476; x_wconf 84' lang='lat' dir='ltr'><strong>jejunasset</strong></span> <span class='ocrx_word' id='word_1_446' title='bbox 1828 5420 1955 5475; x_wconf 84' lang='lat' dir='ltr'><strong>ergo</strong></span> 
     </span>
    </p>
   </div>
   <div class='ocr_carea' id='block_1_58' title="bbox 385 5493 1957 5570">
    <p class='ocr_par' dir='ltr' id='par_1_58' title="bbox 385 5493 1957 5570">
     <span class='ocr_line' id='line_1_58' title="bbox 385 5493 1957 5570; baseline -0.003 -17"><span class='ocrx_word' id='word_1_447' title='bbox 385 5493 719 5570; x_wconf 68' lang='lat' dir='ltr'><strong>quadraginta</strong></span> <span class='ocrx_word' id='word_1_448' title='bbox 745 5497 919 5552; x_wconf 88' lang='lat' dir='ltr'><strong>diebus</strong></span> <span class='ocrx_word' id='word_1_449' title='bbox 945 5505 989 5551; x_wconf 90' lang='lat' dir='ltr'><strong>et</strong></span> <span class='ocrx_word' id='word_1_450' title='bbox 1017 5495 1356 5564; x_wconf 81' lang='lat' dir='ltr'><strong>quadraginta</strong></span> <span class='ocrx_word' id='word_1_451' title='bbox 1376 5495 1618 5559; x_wconf 83' lang='lat' dir='ltr'><strong>noctibus,</strong></span> <span class='ocrx_word' id='word_1_452' title='bbox 1643 5507 1812 5565; x_wconf 84' lang='lat' dir='ltr'><strong>postea</strong></span> <span class='ocrx_word' id='word_1_453' title='bbox 1838 5511 1957 5549; x_wconf 75' lang='lat' dir='ltr'><strong>esu-</strong></span> 
     </span>
    </p>
   </div>
   <div class='ocr_carea' id='block_1_59' title="bbox 385 5583 1960 5651">
    <p class='ocr_par' dir='ltr' id='par_1_59' title="bbox 385 5583 1960 5651">
     <span class='ocr_line' id='line_1_59' title="bbox 385 5583 1960 5651; baseline -0.001 -11"><span class='ocrx_word' id='word_1_454' title='bbox 385 5589 470 5642; x_wconf 85' lang='lat' dir='ltr'><strong>riit</strong></span> <span class='ocrx_word' id='word_1_455' title='bbox 499 5603 513 5644; x_wconf 90' lang='lat'><strong>:</strong></span> <span class='ocrx_word' id='word_1_456' title='bbox 543 5589 874 5644; x_wconf 83' lang='lat' dir='ltr'><strong>occasionem</strong></span> <span class='ocrx_word' id='word_1_457' title='bbox 904 5585 1191 5642; x_wconf 85' lang='lat' dir='ltr'><strong>accedendi</strong></span> <span class='ocrx_word' id='word_1_458' title='bbox 1221 5583 1432 5638; x_wconf 86' lang='lat' dir='ltr'><strong>diabolo</strong></span> <span class='ocrx_word' id='word_1_459' title='bbox 1455 5583 1695 5651; x_wconf 64' lang='lat' dir='ltr'><strong>praebens</strong></span> <span class='ocrx_word' id='word_1_460' title='bbox 1715 5626 1728 5648; x_wconf 92' lang='lat'><strong>,</strong></span> <span class='ocrx_word' id='word_1_461' title='bbox 1757 5594 1813 5640; x_wconf 83' lang='grc' dir='ltr'><strong>ιιι</strong></span> <span class='ocrx_word' id='word_1_462' title='bbox 1837 5601 1960 5640; x_wconf 84' lang='lat' dir='ltr'><strong>con-</strong></span> 
     </span>
    </p>
   </div>
   <div class='ocr_carea' id='block_1_60' title="bbox 385 5675 1955 5748">
    <p class='ocr_par' dir='ltr' id='par_1_60' title="bbox 385 5675 1955 5748">
     <span class='ocr_line' id='line_1_60' title="bbox 385 5675 1955 5748; baseline 0.005 -21"><span class='ocrx_word' id='word_1_463' title='bbox 385 5692 597 5748; x_wconf 74' lang='lat' dir='ltr'><strong>gressus</strong></span> <span class='ocrx_word' id='word_1_464' title='bbox 641 5681 948 5738; x_wconf 79' lang='lat' dir='ltr'><strong>ostenderet</strong></span> <span class='ocrx_word' id='word_1_465' title='bbox 975 5720 990 5747; x_wconf 89' lang='lat'><strong>,</strong></span> <span class='ocrx_word' id='word_1_466' title='bbox 1017 5675 1286 5748; x_wconf 89' lang='lat' dir='ltr'><strong>quomodo</strong></span> <span class='ocrx_word' id='word_1_467' title='bbox 1307 5683 1574 5744; x_wconf 82' lang='lat' dir='ltr'><strong>oporteret</strong></span> <span class='ocrx_word' id='word_1_468' title='bbox 1613 5689 1864 5746; x_wconf 86' lang='lat' dir='ltr'><strong>superare</strong></span> <span class='ocrx_word' id='word_1_469' title='bbox 1893 5693 1955 5735; x_wconf 83' lang='lat' dir='ltr'><strong>ac</strong></span> 
     </span>
    </p>
   </div>
   <div class='ocr_carea' id='block_1_61' title="bbox 1584 283 2512 357">
    <p class='ocr_par' dir='ltr' id='par_1_61' title="bbox 1584 283 2512 357">
     <span class='ocr_line' id='line_1_61' title="bbox 1584 283 2512 357; baseline 0.013 -15"><span class='ocrx_word' id='word_1_470' title='bbox 1584 288 1644 342; x_wconf 82' lang='lat' dir='ltr'><strong>IN</strong></span> <span class='ocrx_word' id='word_1_471' title='bbox 1681 283 2084 342; x_wconf 66' lang='grc' dir='ltr'><strong>ΜΑΤΤΙΙᾸΞΗΜ</strong></span> <span class='ocrx_word' id='word_1_472' title='bbox 2126 286 2348 346; x_wconf 76' lang='lat' dir='ltr'><strong>llOMlL.</strong></span> <span class='ocrx_word' id='word_1_473' title='bbox 2383 295 2512 357; x_wconf 82' lang='lat' dir='ltr'><strong>Xlll.</strong></span> 
     </span>
    </p>
   </div>
   <div class='ocr_carea' id='block_1_62' title="bbox 3610 329 3714 384">
    <p class='ocr_par' dir='ltr' id='par_1_62' title="bbox 3610 329 3714 384">
     <span class='ocr_line' id='line_1_62' title="bbox 3610 329 3714 384; baseline 0.019 -2"><span class='ocrx_word' id='word_1_474' title='bbox 3610 329 3714 384; x_wconf 68' lang='grc' dir='ltr'><strong>ειο</strong></span> 
     </span>
    </p>
   </div>
   <div class='ocr_carea' id='block_1_63' title="bbox 2134 411 3706 509">
    <p class='ocr_par' dir='ltr' id='par_1_63' title="bbox 2134 411 3706 509">
     <span class='ocr_line' id='line_1_63' title="bbox 2134 411 3706 509; baseline 0.022 -48"><span class='ocrx_word' id='word_1_475' title='bbox 2134 411 2365 468; x_wconf 87' lang='lat' dir='ltr'><strong>vincere.</strong></span> <span class='ocrx_word' id='word_1_476' title='bbox 2415 418 2503 473; x_wconf 91' lang='lat' dir='ltr'><strong>Sic</strong></span> <span class='ocrx_word' id='word_1_477' title='bbox 2547 429 2601 474; x_wconf 89' lang='lat' dir='ltr'><strong>et</strong></span> <span class='ocrx_word' id='word_1_478' title='bbox 2647 423 2862 478; x_wconf 74' lang='lat' dir='ltr'><strong>athleta:</strong></span> <span class='ocrx_word' id='word_1_479' title='bbox 2924 423 3120 483; x_wconf 83' lang='lat' dir='ltr'><strong>faciunt</strong></span> <span class='ocrx_word' id='word_1_480' title='bbox 3149 451 3163 486; x_wconf 84' lang='lat'><strong>:</strong></span> <span class='ocrx_word' id='word_1_481' title='bbox 3197 449 3316 488; x_wconf 91' lang='lat' dir='ltr'><strong>nam</strong></span> <span class='ocrx_word' id='word_1_482' title='bbox 3374 447 3432 490; x_wconf 92' lang='lat' dir='ltr'><strong>ut</strong></span> <span class='ocrx_word' id='word_1_483' title='bbox 3469 439 3706 509; x_wconf 82' lang='lat' dir='ltr'><strong>discipu-</strong></span> 
     </span>
    </p>
   </div>
   <div class='ocr_carea' id='block_1_64' title="bbox 2132 505 3706 594">
    <p class='ocr_par' dir='ltr' id='par_1_64' title="bbox 2132 505 3706 594">
     <span class='ocr_line' id='line_1_64' title="bbox 2132 505 3706 594; baseline 0.019 -38"><span class='ocrx_word' id='word_1_484' title='bbox 2132 505 2210 557; x_wconf 90' lang='lat' dir='ltr'><strong>los</strong></span> <span class='ocrx_word' id='word_1_485' title='bbox 2253 521 2377 562; x_wconf 90' lang='lat' dir='ltr'><strong>suos</strong></span> <span class='ocrx_word' id='word_1_486' title='bbox 2423 510 2649 566; x_wconf 88' lang='lat' dir='ltr'><strong>doceant</strong></span> <span class='ocrx_word' id='word_1_487' title='bbox 2671 515 2938 581; x_wconf 90' lang='lat' dir='ltr'><strong>quomodo</strong></span> <span class='ocrx_word' id='word_1_488' title='bbox 2979 519 3193 575; x_wconf 79' lang='lat' dir='ltr'><strong>vincere</strong></span> <span class='ocrx_word' id='word_1_489' title='bbox 3237 537 3520 594; x_wconf 87' lang='lat' dir='ltr'><strong>oporteat,</strong></span> <span class='ocrx_word' id='word_1_490' title='bbox 3567 505 3706 586; x_wconf 87' lang='lat' dir='ltr'><strong>ultro</strong></span> 
     </span>
    </p>
   </div>
   <div class='ocr_carea' id='block_1_65' title="bbox 2130 599 3704 679">
    <p class='ocr_par' dir='ltr' id='par_1_65' title="bbox 2130 599 3704 679">
     <span class='ocr_line' id='line_1_65' title="bbox 2130 599 3704 679; baseline 0.017 -32"><span class='ocrx_word' id='word_1_491' title='bbox 2130 610 2247 649; x_wconf 90' lang='lat' dir='ltr'><strong>cmn</strong></span> <span class='ocrx_word' id='word_1_492' title='bbox 2291 599 2407 652; x_wconf 87' lang='lat' dir='ltr'><strong>aliis</strong></span> <span class='ocrx_word' id='word_1_493' title='bbox 2448 601 2499 654; x_wconf 89' lang='lat' dir='ltr'><strong>in</strong></span> <span class='ocrx_word' id='word_1_494' title='bbox 2547 605 2792 671; x_wconf 69' lang='lat' dir='ltr'><strong>paltestra</strong></span> <span class='ocrx_word' id='word_1_495' title='bbox 2838 613 2897 660; x_wconf 80' lang='lat' dir='ltr'><strong>Se</strong></span> <span class='ocrx_word' id='word_1_496' title='bbox 2939 611 3300 679; x_wconf 89' lang='lat' dir='ltr'><strong>complicant,</strong></span> <span class='ocrx_word' id='word_1_497' title='bbox 3348 618 3398 669; x_wconf 90' lang='lat' dir='ltr'><strong>in</strong></span> <span class='ocrx_word' id='word_1_498' title='bbox 3447 618 3704 675; x_wconf 86' lang='lat' dir='ltr'><strong>adversa-</strong></span> 
     </span>
    </p>
   </div>
   <div class='ocr_carea' id='block_1_66' title="bbox 2128 689 3699 772">
    <p class='ocr_par' dir='ltr' id='par_1_66' title="bbox 2128 689 3699 772">
     <span class='ocr_line' id='line_1_66' title="bbox 2128 689 3699 772; baseline 0.015 -31"><span class='ocrx_word' id='word_1_499' title='bbox 2128 689 2326 743; x_wconf 90' lang='lat' dir='ltr'><strong>riorum</strong></span> <span class='ocrx_word' id='word_1_500' title='bbox 2380 697 2698 763; x_wconf 85' lang='lat' dir='ltr'><strong>corporibus</strong></span> <span class='ocrx_word' id='word_1_501' title='bbox 2747 701 3106 767; x_wconf 87' lang='lat' dir='ltr'><strong>spectaculum</strong></span> <span class='ocrx_word' id='word_1_502' title='bbox 3171 702 3299 771; x_wconf 89' lang='lat' dir='ltr'><strong>ipsis</strong></span> <span class='ocrx_word' id='word_1_503' title='bbox 3344 707 3699 772; x_wconf 80' lang='lat' dir='ltr'><strong>exhibentes,</strong></span> 
     </span>
    </p>
   </div>
   <div class='ocr_carea' id='block_1_67' title="bbox 2127 783 3702 862">
    <p class='ocr_par' dir='ltr' id='par_1_67' title="bbox 2127 783 3702 862">
     <span class='ocr_line' id='line_1_67' title="bbox 2127 783 3702 862; baseline 0.016 -28"><span class='ocrx_word' id='word_1_504' title='bbox 2127 793 2183 834; x_wconf 88' lang='lat' dir='ltr'><strong>ut</strong></span> <span class='ocrx_word' id='word_1_505' title='bbox 2235 783 2475 841; x_wconf 89' lang='lat' dir='ltr'><strong>vincendi</strong></span> <span class='ocrx_word' id='word_1_506' title='bbox 2535 789 2748 843; x_wconf 90' lang='lat' dir='ltr'><strong>modum</strong></span> <span class='ocrx_word' id='word_1_507' title='bbox 2821 792 3076 848; x_wconf 87' lang='lat' dir='ltr'><strong>ediscant.</strong></span> <span class='ocrx_word' id='word_1_508' title='bbox 3135 795 3284 862; x_wconf 84' lang='lat' dir='ltr'><strong>Quod</strong></span> <span class='ocrx_word' id='word_1_509' title='bbox 3347 807 3470 854; x_wconf 90' lang='lat' dir='ltr'><strong>tunc</strong></span> <span class='ocrx_word' id='word_1_510' title='bbox 3529 803 3702 858; x_wconf 88' lang='lat' dir='ltr'><strong>etiam</strong></span> 
     </span>
    </p>
   </div>
   <div class='ocr_carea' id='block_1_68' title="bbox 2127 871 3700 945">
    <p class='ocr_par' dir='ltr' id='par_1_68' title="bbox 2127 871 3700 945">
     <span class='ocr_line' id='line_1_68' title="bbox 2127 871 3700 945; baseline 0.015 -22"><span class='ocrx_word' id='word_1_511' title='bbox 2127 871 2324 926; x_wconf 87' lang='lat' dir='ltr'><strong>factum</strong></span> <span class='ocrx_word' id='word_1_512' title='bbox 2351 885 2446 928; x_wconf 92' lang='lat' dir='ltr'><strong>est.</strong></span> <span class='ocrx_word' id='word_1_513' title='bbox 2474 875 2607 943; x_wconf 89' lang='lat' dir='ltr'><strong>Quia</strong></span> <span class='ocrx_word' id='word_1_514' title='bbox 2651 881 2792 932; x_wconf 90' lang='lat' dir='ltr'><strong>enim</strong></span> <span class='ocrx_word' id='word_1_515' title='bbox 2842 881 3114 937; x_wconf 90' lang='lat' dir='ltr'><strong>diabolum</strong></span> <span class='ocrx_word' id='word_1_516' title='bbox 3158 887 3370 942; x_wconf 88' lang='lat' dir='ltr'><strong>volebat</strong></span> <span class='ocrx_word' id='word_1_517' title='bbox 3420 889 3486 942; x_wconf 88' lang='lat' dir='ltr'><strong>ad</strong></span> <span class='ocrx_word' id='word_1_518' title='bbox 3526 903 3700 945; x_wconf 88' lang='lat' dir='ltr'><strong>certa-</strong></span> 
     </span>
    </p>
   </div>
   <div class='ocr_carea' id='block_1_69' title="bbox 2123 967 3698 1043">
    <p class='ocr_par' dir='ltr' id='par_1_69' title="bbox 2123 967 3698 1043">
     <span class='ocr_line' id='line_1_69' title="bbox 2123 967 3698 1043; baseline 0.015 -27"><span class='ocrx_word' id='word_1_519' title='bbox 2123 978 2242 1018; x_wconf 90' lang='lat' dir='ltr'><strong>men</strong></span> <span class='ocrx_word' id='word_1_520' title='bbox 2263 967 2550 1029; x_wconf 88' lang='lat' dir='ltr'><strong>attrahere.</strong></span> <span class='ocrx_word' id='word_1_521' title='bbox 2600 968 2791 1025; x_wconf 87' lang='lat' dir='ltr'><strong>famem</strong></span> <span class='ocrx_word' id='word_1_522' title='bbox 2821 984 3001 1028; x_wconf 88' lang='lat' dir='ltr'><strong>notam</strong></span> <span class='ocrx_word' id='word_1_523' title='bbox 3031 977 3128 1042; x_wconf 93' lang='lat' dir='ltr'><strong>ipsi</strong></span> <span class='ocrx_word' id='word_1_524' title='bbox 3156 976 3300 1043; x_wconf 80' lang='lat' dir='ltr'><strong>fecit,</strong></span> <span class='ocrx_word' id='word_1_525' title='bbox 3349 982 3698 1038; x_wconf 90' lang='lat' dir='ltr'><strong>accedentem</strong></span> 
     </span>
    </p>
   </div>
   <div class='ocr_carea' id='block_1_70' title="bbox 2125 1058 3694 1140">
    <p class='ocr_par' dir='ltr' id='par_1_70' title="bbox 2125 1058 3694 1140">
     <span class='ocr_line' id='line_1_70' title="bbox 2125 1058 3694 1140; baseline 0.015 -35"><span class='ocrx_word' id='word_1_526' title='bbox 2125 1058 2362 1125; x_wconf 80' lang='lat' dir='ltr'><strong>excepit,</strong></span> <span class='ocrx_word' id='word_1_527' title='bbox 2395 1071 2785 1132; x_wconf 88' lang='lat' dir='ltr'><strong>exceptumque</strong></span> <span class='ocrx_word' id='word_1_528' title='bbox 2812 1066 2998 1130; x_wconf 89' lang='lat' dir='ltr'><strong>semel,</strong></span> <span class='ocrx_word' id='word_1_529' title='bbox 3029 1067 3110 1122; x_wconf 90' lang='lat' dir='ltr'><strong>bis</strong></span> <span class='ocrx_word' id='word_1_530' title='bbox 3138 1079 3191 1121; x_wconf 89' lang='lat' dir='ltr'><strong>et</strong></span> <span class='ocrx_word' id='word_1_531' title='bbox 3213 1079 3312 1134; x_wconf 89' lang='lat' dir='ltr'><strong>ter,</strong></span> <span class='ocrx_word' id='word_1_532' title='bbox 3364 1073 3533 1140; x_wconf 87' lang='lat' dir='ltr'><strong>ipsqu</strong></span> <span class='ocrx_word' id='word_1_533' title='bbox 3573 1091 3694 1128; x_wconf 90' lang='lat' dir='ltr'><strong>cum</strong></span> 
     </span>
    </p>
   </div>
   <div class='ocr_carea' id='block_1_71' title="bbox 2121 1143 3696 1223">
    <p class='ocr_par' dir='ltr' id='par_1_71' title="bbox 2121 1143 3696 1223">
     <span class='ocr_line' id='line_1_71' title="bbox 2121 1143 3696 1223; baseline 0.013 -27"><span class='ocrx_word' id='word_1_534' title='bbox 2121 1143 2371 1202; x_wconf 82' lang='lat' dir='ltr'><strong>facilitate</strong></span> <span class='ocrx_word' id='word_1_535' title='bbox 2417 1149 2514 1203; x_wconf 92' lang='lat' dir='ltr'><strong>sibi</strong></span> <span class='ocrx_word' id='word_1_536' title='bbox 2543 1163 2878 1219; x_wconf 88' lang='lat' dir='ltr'><strong>competente</strong></span> <span class='ocrx_word' id='word_1_537' title='bbox 2904 1159 3204 1223; x_wconf 88' lang='lat' dir='ltr'><strong>prostravit.</strong></span> <span class='ocrx_word' id='word_1_538' title='bbox 3231 1160 3334 1213; x_wconf 91' lang='lat' dir='ltr'><strong>Sed</strong></span> <span class='ocrx_word' id='word_1_539' title='bbox 3381 1177 3449 1215; x_wconf 88' lang='lat' dir='ltr'><strong>ne</strong></span> <span class='ocrx_word' id='word_1_540' title='bbox 3491 1162 3586 1216; x_wconf 90' lang='lat' dir='ltr'><strong>has</strong></span> <span class='ocrx_word' id='word_1_541' title='bbox 3616 1166 3696 1216; x_wconf 89' lang='lat' dir='ltr'><strong>vi-</strong></span> 
     </span>
    </p>
   </div>
   <div class='ocr_carea' id='block_1_72' title="bbox 2117 1239 3692 1320">
    <p class='ocr_par' dir='ltr' id='par_1_72' title="bbox 2117 1239 3692 1320">
     <span class='ocr_line' id='line_1_72' title="bbox 2117 1239 3692 1320; baseline 0.012 -31"><span class='ocrx_word' id='word_1_542' title='bbox 2117 1239 2314 1291; x_wconf 87' lang='lat' dir='ltr'><strong>ctorias</strong></span> <span class='ocrx_word' id='word_1_543' title='bbox 2357 1250 2824 1306; x_wconf 73' lang='lat' dir='ltr'><strong>przeterrurrentes</strong></span> <span class='ocrx_word' id='word_1_544' title='bbox 2845 1286 2859 1308; x_wconf 93' lang='lat'><strong>,</strong></span> <span class='ocrx_word' id='word_1_545' title='bbox 2890 1246 3098 1301; x_wconf 88' lang='lat' dir='ltr'><strong>utilitati</strong></span> <span class='ocrx_word' id='word_1_546' title='bbox 3150 1239 3339 1304; x_wconf 65' lang='lat' dir='ltr'><strong>vestrae</strong></span> <span class='ocrx_word' id='word_1_547' title='bbox 3369 1252 3567 1320; x_wconf 89' lang='lat' dir='ltr'><strong>aliquid</strong></span> <span class='ocrx_word' id='word_1_548' title='bbox 3595 1254 3692 1308; x_wconf 82' lang='lat' dir='ltr'><strong>de-</strong></span> 
     </span>
    </p>
   </div>
   <div class='ocr_carea' id='block_1_73' title="bbox 2119 1327 3689 1410">
    <p class='ocr_par' dir='ltr' id='par_1_73' title="bbox 2119 1327 3689 1410">
     <span class='ocr_line' id='line_1_73' title="bbox 2119 1327 3689 1410; baseline 0.013 -32"><span class='ocrx_word' id='word_1_549' title='bbox 2119 1327 2408 1394; x_wconf 89' lang='lat' dir='ltr'><strong>trahamus,</strong></span> <span class='ocrx_word' id='word_1_550' title='bbox 2438 1345 2465 1382; x_wconf 92' lang='lat' dir='ltr'><strong>a</strong></span> <span class='ocrx_word' id='word_1_551' title='bbox 2498 1331 2668 1399; x_wconf 89' lang='lat' dir='ltr'><strong>primo</strong></span> <span class='ocrx_word' id='word_1_552' title='bbox 2709 1348 2996 1403; x_wconf 90' lang='lat' dir='ltr'><strong>congressu</strong></span> <span class='ocrx_word' id='word_1_553' title='bbox 3023 1339 3131 1391; x_wconf 91' lang='lat' dir='ltr'><strong>orsi</strong></span> <span class='ocrx_word' id='word_1_554' title='bbox 3157 1378 3173 1404; x_wconf 96' lang='lat'><strong>,</strong></span> <span class='ocrx_word' id='word_1_555' title='bbox 3227 1340 3465 1410; x_wconf 86' lang='lat' dir='ltr'><strong>singulos</strong></span> <span class='ocrx_word' id='word_1_556' title='bbox 3493 1343 3689 1398; x_wconf 86' lang='lat' dir='ltr'><strong>deinde</strong></span> 
     </span>
    </p>
   </div>
   <div class='ocr_carea' id='block_1_74' title="bbox 2113 1421 3688 1496">
    <p class='ocr_par' dir='ltr' id='par_1_74' title="bbox 2113 1421 3688 1496">
     <span class='ocr_line' id='line_1_74' title="bbox 2113 1421 3688 1496; baseline 0.013 -28"><span class='ocrx_word' id='word_1_557' title='bbox 2113 1429 2360 1472; x_wconf 87' lang='lat' dir='ltr'><strong>accurate</strong></span> <span class='ocrx_word' id='word_1_558' title='bbox 2383 1421 2738 1492; x_wconf 70' lang='lat' dir='ltr'><strong>exploremus.</strong></span> <span class='ocrx_word' id='word_1_559' title='bbox 2766 1425 3024 1490; x_wconf 92' lang='lat' dir='ltr'><strong>Quoniam</strong></span> <span class='ocrx_word' id='word_1_560' title='bbox 3051 1429 3256 1496; x_wconf 91' lang='lat' dir='ltr'><strong>esuriit,</strong></span> <span class='ocrx_word' id='word_1_561' title='bbox 3291 1432 3398 1487; x_wconf 91' lang='lat' dir='ltr'><strong>ait:</strong></span> <span class='ocrx_word' id='word_1_562' title='bbox 3439 1435 3492 1490; x_wconf 78' lang='lat'><strong>3.</strong></span> <span class='ocrx_word' id='word_1_563' title='bbox 3533 1436 3688 1489; x_wconf 82' lang='lat' dir='ltr'><strong>Acce-</strong></span> 
     </span>
    </p>
   </div>
   <div class='ocr_carea' id='block_1_75' title="bbox 2113 1508 3688 1591">
    <p class='ocr_par' dir='ltr' id='par_1_75' title="bbox 2113 1508 3688 1591">
     <span class='ocr_line' id='line_1_75' title="bbox 2113 1508 3688 1591; baseline 0.012 -32"><span class='ocrx_word' id='word_1_564' title='bbox 2113 1508 2236 1560; x_wconf 76' lang='lat' dir='ltr'><strong>dens</strong></span> <span class='ocrx_word' id='word_1_565' title='bbox 2261 1519 2478 1562; x_wconf 85' lang='lat' dir='ltr'><strong>tentator</strong></span> <span class='ocrx_word' id='word_1_566' title='bbox 2503 1512 2629 1563; x_wconf 73' lang='lat' dir='ltr'><strong>dixit</strong></span> <span class='ocrx_word' id='word_1_567' title='bbox 2655 1514 2701 1564; x_wconf 75' lang='lat' dir='ltr'><strong>ei</strong></span> <span class='ocrx_word' id='word_1_568' title='bbox 2719 1527 2738 1566; x_wconf 90' lang='lat'><em>:</em></span> <span class='ocrx_word' id='word_1_569' title='bbox 2779 1514 2839 1567; x_wconf 81' lang='lat' dir='ltr'><strong>Si</strong></span> <span class='ocrx_word' id='word_1_570' title='bbox 2870 1514 3035 1568; x_wconf 83' lang='lat' dir='ltr'><strong>Filius</strong></span> <span class='ocrx_word' id='word_1_571' title='bbox 3064 1516 3158 1570; x_wconf 86' lang='lat' dir='ltr'><strong>Dei</strong></span> <span class='ocrx_word' id='word_1_572' title='bbox 3181 1534 3262 1580; x_wconf 89' lang='lat' dir='ltr'><strong>es,</strong></span> <span class='ocrx_word' id='word_1_573' title='bbox 3294 1519 3376 1572; x_wconf 85' lang='lat' dir='ltr'><strong>dic</strong></span> <span class='ocrx_word' id='word_1_574' title='bbox 3417 1531 3470 1573; x_wconf 87' lang='lat' dir='ltr'><strong>ut</strong></span> <span class='ocrx_word' id='word_1_575' title='bbox 3491 1522 3688 1591; x_wconf 79' lang='lat' dir='ltr'><strong>lapides</strong></span> 
     </span>
    </p>
   </div>
   <div class='ocr_carea' id='block_1_76' title="bbox 2109 1600 3684 1669">
    <p class='ocr_par' dir='ltr' id='par_1_76' title="bbox 2109 1600 3684 1669">
     <span class='ocr_line' id='line_1_76' title="bbox 2109 1600 3684 1669; baseline 0.011 -19"><span class='ocrx_word' id='word_1_576' title='bbox 2109 1600 2192 1652; x_wconf 80' lang='lat' dir='ltr'><strong>isti</strong></span> <span class='ocrx_word' id='word_1_577' title='bbox 2214 1617 2366 1668; x_wconf 84' lang='lat' dir='ltr'><strong>panes</strong></span> <span class='ocrx_word' id='word_1_578' title='bbox 2388 1604 2531 1668; x_wconf 73' lang='lat' dir='ltr'><strong>fiant.</strong></span> <span class='ocrx_word' id='word_1_579' title='bbox 2577 1604 2706 1669; x_wconf 87' lang='lat' dir='ltr'><strong>Quia</strong></span> <span class='ocrx_word' id='word_1_580' title='bbox 2751 1607 2892 1658; x_wconf 88' lang='lat' dir='ltr'><strong>enim</strong></span> <span class='ocrx_word' id='word_1_581' title='bbox 2937 1607 3176 1661; x_wconf 90' lang='lat' dir='ltr'><strong>audierat</strong></span> <span class='ocrx_word' id='word_1_582' title='bbox 3204 1626 3388 1665; x_wconf 90' lang='lat' dir='ltr'><strong>vocem</strong></span> <span class='ocrx_word' id='word_1_583' title='bbox 3445 1615 3512 1667; x_wconf 89' lang='lat' dir='ltr'><strong>de</strong></span> <span class='ocrx_word' id='word_1_584' title='bbox 3550 1617 3684 1668; x_wconf 71' lang='lat' dir='ltr'><strong>crelo</strong></span> 
     </span>
    </p>
   </div>
   <div class='ocr_carea' id='block_1_77' title="bbox 2108 1689 3720 1774">
    <p class='ocr_par' dir='ltr' id='par_1_77' title="bbox 2108 1689 3720 1774">
     <span class='ocr_line' id='line_1_77' title="bbox 2108 1689 3720 1774; baseline 0.014 -34"><span class='ocrx_word' id='word_1_585' title='bbox 2108 1689 2371 1745; x_wconf 75' lang='lat' dir='ltr'><strong>dicentem</strong></span> <span class='ocrx_word' id='word_1_586' title='bbox 2393 1709 2404 1744; x_wconf 90' lang='lat'>:</span> <span class='ocrx_word' id='word_1_587' title='bbox 2440 1692 2538 1744; x_wconf 83' lang='lat' dir='ltr'><strong>Hic</strong></span> <span class='ocrx_word' id='word_1_588' title='bbox 2563 1704 2632 1746; x_wconf 86' lang='lat' dir='ltr'><strong>est</strong></span> <span class='ocrx_word' id='word_1_589' title='bbox 2664 1693 2826 1747; x_wconf 78' lang='lat' dir='ltr'><strong>Filius</strong></span> <span class='ocrx_word' id='word_1_590' title='bbox 2842 1713 2980 1750; x_wconf 69' lang='lat' dir='ltr'><strong>meus</strong></span> <span class='ocrx_word' id='word_1_591' title='bbox 2999 1699 3209 1754; x_wconf 79' lang='lat' dir='ltr'><strong>dilectus</strong></span> <span class='ocrx_word' id='word_1_592' title='bbox 3234 1701 3441 1772; x_wconf 80' lang='lat' dir='ltr'><strong>(Matth.</strong></span> <span class='ocrx_word' id='word_1_593' title='bbox 3467 1706 3518 1758; x_wconf 76' lang='grc'><strong>5.</strong></span> <span class='ocrx_word' id='word_1_594' title='bbox 3540 1707 3628 1774; x_wconf 90' lang='grc'><strong>17)</strong></span> <span class='ocrx_word' id='word_1_595' title='bbox 3661 1722 3683 1774; x_wconf 84' lang='grc'>;</span> <span class='ocrx_word' id='word_1_596' title='bbox 3711 1697 3720 1700; x_wconf 52' lang='grc'><em>’</em></span> 
     </span>
    </p>
   </div>
   <div class='ocr_carea' id='block_1_78' title="bbox 2106 1778 3674 1861">
    <p class='ocr_par' dir='ltr' id='par_1_78' title="bbox 2106 1778 3674 1861">
     <span class='ocr_line' id='line_1_78' title="bbox 2106 1778 3674 1861; baseline 0.013 -32"><span class='ocrx_word' id='word_1_597' title='bbox 2106 1778 2346 1832; x_wconf 89' lang='lat' dir='ltr'><strong>audierat</strong></span> <span class='ocrx_word' id='word_1_598' title='bbox 2379 1781 2500 1833; x_wconf 83' lang='lat' dir='ltr'><strong>item</strong></span> <span class='ocrx_word' id='word_1_599' title='bbox 2531 1781 2788 1836; x_wconf 81' lang='lat' dir='ltr'><strong>Joannem</strong></span> <span class='ocrx_word' id='word_1_600' title='bbox 2824 1794 2966 1838; x_wconf 89' lang='lat' dir='ltr'><strong>tanta</strong></span> <span class='ocrx_word' id='word_1_601' title='bbox 2995 1787 3064 1841; x_wconf 92' lang='lat' dir='ltr'><strong>de</strong></span> <span class='ocrx_word' id='word_1_602' title='bbox 3099 1788 3214 1856; x_wconf 91' lang='lat' dir='ltr'><strong>ipso</strong></span> <span class='ocrx_word' id='word_1_603' title='bbox 3261 1791 3674 1861; x_wconf 78' lang='lat' dir='ltr'><strong>testiﬁcantem;</strong></span> 
     </span>
    </p>
   </div>
   <div class='ocr_carea' id='block_1_79' title="bbox 2103 1867 3679 1939">
    <p class='ocr_par' dir='ltr' id='par_1_79' title="bbox 2103 1867 3679 1939">
     <span class='ocr_line' id='line_1_79' title="bbox 2103 1867 3679 1939; baseline 0.011 -18"><span class='ocrx_word' id='word_1_604' title='bbox 2103 1867 2400 1938; x_wconf 89' lang='lat' dir='ltr'><strong>deindeque</strong></span> <span class='ocrx_word' id='word_1_605' title='bbox 2425 1871 2556 1924; x_wconf 91' lang='lat' dir='ltr'><strong>vidit</strong></span> <span class='ocrx_word' id='word_1_606' title='bbox 2606 1873 2751 1924; x_wconf 92' lang='lat' dir='ltr'><strong>illum</strong></span> <span class='ocrx_word' id='word_1_607' title='bbox 2797 1877 3158 1930; x_wconf 88' lang='lat' dir='ltr'><strong>esurientem:</strong></span> <span class='ocrx_word' id='word_1_608' title='bbox 3189 1878 3424 1935; x_wconf 89' lang='lat' dir='ltr'><strong>incertus</strong></span> <span class='ocrx_word' id='word_1_609' title='bbox 3465 1883 3679 1939; x_wconf 85' lang='lat' dir='ltr'><strong>demum</strong></span> 
     </span>
    </p>
   </div>
   <div class='ocr_carea' id='block_1_80' title="bbox 2103 1962 3674 2038">
    <p class='ocr_par' dir='ltr' id='par_1_80' title="bbox 2103 1962 3674 2038">
     <span class='ocr_line' id='line_1_80' title="bbox 2103 1962 3674 2038; baseline 0.01 -26"><span class='ocrx_word' id='word_1_610' title='bbox 2103 1971 2250 2022; x_wconf 89' lang='lat' dir='ltr'><strong>erat;</strong></span> <span class='ocrx_word' id='word_1_611' title='bbox 2279 1976 2448 2028; x_wconf 89' lang='lat' dir='ltr'><strong>neque</strong></span> <span class='ocrx_word' id='word_1_612' title='bbox 2477 1962 2618 2014; x_wconf 90' lang='lat' dir='ltr'><strong>enim</strong></span> <span class='ocrx_word' id='word_1_613' title='bbox 2646 1962 2816 2029; x_wconf 89' lang='lat' dir='ltr'><strong>ipsum</strong></span> <span class='ocrx_word' id='word_1_614' title='bbox 2847 1966 3115 2019; x_wconf 89' lang='lat' dir='ltr'><strong>hominem</strong></span> <span class='ocrx_word' id='word_1_615' title='bbox 3167 1983 3288 2022; x_wconf 91' lang='lat' dir='ltr'><strong>esse</strong></span> <span class='ocrx_word' id='word_1_616' title='bbox 3343 1986 3529 2038; x_wconf 90' lang='lat' dir='ltr'><strong>purum</strong></span> <span class='ocrx_word' id='word_1_617' title='bbox 3554 1988 3674 2028; x_wconf 89' lang='lat' dir='ltr'><strong>cre-</strong></span> 
     </span>
    </p>
   </div>
   <div class='ocr_carea' id='block_1_81' title="bbox 2102 2049 3674 2131">
    <p class='ocr_par' dir='ltr' id='par_1_81' title="bbox 2102 2049 3674 2131">
     <span class='ocr_line' id='line_1_81' title="bbox 2102 2049 3674 2131; baseline 0.011 -30"><span class='ocrx_word' id='word_1_618' title='bbox 2102 2049 2228 2102; x_wconf 88' lang='lat' dir='ltr'><strong>dere</strong></span> <span class='ocrx_word' id='word_1_619' title='bbox 2256 2060 2482 2118; x_wconf 86' lang='lat' dir='ltr'><strong>poterat,</strong></span> <span class='ocrx_word' id='word_1_620' title='bbox 2531 2051 2600 2104; x_wconf 92' lang='lat' dir='ltr'><strong>ob</strong></span> <span class='ocrx_word' id='word_1_621' title='bbox 2621 2067 2682 2105; x_wconf 86' lang='lat' dir='ltr'><strong>ea</strong></span> <span class='ocrx_word' id='word_1_622' title='bbox 2703 2069 2820 2120; x_wconf 66' lang='lat' dir='ltr'><strong>qua:</strong></span> <span class='ocrx_word' id='word_1_623' title='bbox 2848 2054 2915 2107; x_wconf 92' lang='lat' dir='ltr'><strong>de</strong></span> <span class='ocrx_word' id='word_1_624' title='bbox 2937 2055 3030 2108; x_wconf 90' lang='lat' dir='ltr'><strong>illo</strong></span> <span class='ocrx_word' id='word_1_625' title='bbox 3057 2057 3198 2109; x_wconf 89' lang='lat' dir='ltr'><strong>dicta</strong></span> <span class='ocrx_word' id='word_1_626' title='bbox 3232 2058 3473 2126; x_wconf 83' lang='lat' dir='ltr'><strong>fuerant,</strong></span> <span class='ocrx_word' id='word_1_627' title='bbox 3499 2077 3674 2131; x_wconf 88' lang='lat' dir='ltr'><strong>neque</strong></span> 
     </span>
    </p>
   </div>
   <div class='ocr_carea' id='block_1_82' title="bbox 2101 2141 3672 2213">
    <p class='ocr_par' dir='ltr' id='par_1_82' title="bbox 2101 2141 3672 2213">
     <span class='ocr_line' id='line_1_82' title="bbox 2101 2141 3672 2213; baseline 0.009 -21"><span class='ocrx_word' id='word_1_628' title='bbox 2101 2155 2223 2193; x_wconf 87' lang='lat' dir='ltr'><strong>eum</strong></span> <span class='ocrx_word' id='word_1_629' title='bbox 2238 2141 2429 2195; x_wconf 76' lang='lat' dir='ltr'><strong>Fiiium</strong></span> <span class='ocrx_word' id='word_1_630' title='bbox 2458 2142 2547 2196; x_wconf 91' lang='lat' dir='ltr'><strong>Dei</strong></span> <span class='ocrx_word' id='word_1_631' title='bbox 2577 2144 2876 2209; x_wconf 89' lang='lat' dir='ltr'><strong>admittere,</strong></span> <span class='ocrx_word' id='word_1_632' title='bbox 2897 2146 3034 2213; x_wconf 88' lang='lat' dir='ltr'><strong>quod</strong></span> <span class='ocrx_word' id='word_1_633' title='bbox 3055 2147 3257 2202; x_wconf 88' lang='lat' dir='ltr'><strong>videret</strong></span> <span class='ocrx_word' id='word_1_634' title='bbox 3278 2150 3424 2204; x_wconf 89' lang='lat' dir='ltr'><strong>illum</strong></span> <span class='ocrx_word' id='word_1_635' title='bbox 3445 2155 3672 2208; x_wconf 89' lang='lat' dir='ltr'><strong>esurire.</strong></span> 
     </span>
    </p>
   </div>
   <div class='ocr_carea' id='block_1_83' title="bbox 2099 2229 3672 2299">
    <p class='ocr_par' dir='ltr' id='par_1_83' title="bbox 2099 2229 3672 2299">
     <span class='ocr_line' id='line_1_83' title="bbox 2099 2229 3672 2299; baseline 0.011 -19"><span class='ocrx_word' id='word_1_636' title='bbox 2099 2229 2434 2299; x_wconf 87' lang='lat' dir='ltr'><strong>Quapropter</strong></span> <span class='ocrx_word' id='word_1_637' title='bbox 2483 2232 2673 2286; x_wconf 91' lang='lat' dir='ltr'><strong>dubius</strong></span> <span class='ocrx_word' id='word_1_638' title='bbox 2712 2234 2894 2298; x_wconf 88' lang='lat' dir='ltr'><strong>animi,</strong></span> <span class='ocrx_word' id='word_1_639' title='bbox 2938 2235 3126 2290; x_wconf 85' lang='lat' dir='ltr'><strong>dubias</strong></span> <span class='ocrx_word' id='word_1_640' title='bbox 3151 2239 3344 2292; x_wconf 88' lang='lat' dir='ltr'><strong>emittit</strong></span> <span class='ocrx_word' id='word_1_641' title='bbox 3375 2256 3551 2295; x_wconf 89' lang='lat' dir='ltr'><strong>voces.</strong></span> <span class='ocrx_word' id='word_1_642' title='bbox 3593 2244 3672 2298; x_wconf 83' lang='lat' dir='ltr'><strong>Ac</strong></span> 
     </span>
    </p>
   </div>
   <div class='ocr_carea' id='block_1_84' title="bbox 2097 2321 3666 2402">
    <p class='ocr_par' dir='ltr' id='par_1_84' title="bbox 2097 2321 3666 2402">
     <span class='ocr_line' id='line_1_84' title="bbox 2097 2321 3666 2402; baseline 0.012 -31"><span class='ocrx_word' id='word_1_643' title='bbox 2097 2321 2542 2388; x_wconf 88' lang='lat' dir='ltr'><strong>quemadmodum</strong></span> <span class='ocrx_word' id='word_1_644' title='bbox 2571 2323 2777 2376; x_wconf 83' lang='lat' dir='ltr'><strong>Adamo</strong></span> <span class='ocrx_word' id='word_1_645' title='bbox 2806 2327 2854 2377; x_wconf 90' lang='lat' dir='ltr'><strong>in</strong></span> <span class='ocrx_word' id='word_1_646' title='bbox 2882 2327 3143 2395; x_wconf 88' lang='lat' dir='ltr'><strong>principio</strong></span> <span class='ocrx_word' id='word_1_647' title='bbox 3167 2330 3376 2383; x_wconf 89' lang='lat' dir='ltr'><strong>obviam</strong></span> <span class='ocrx_word' id='word_1_648' title='bbox 3410 2335 3628 2389; x_wconf 86' lang='lat' dir='ltr'><strong>veniens</strong></span> <span class='ocrx_word' id='word_1_649' title='bbox 3649 2376 3666 2402; x_wconf 85' lang='lat'><strong>,</strong></span> 
     </span>
    </p>
   </div>
   <div class='ocr_carea' id='block_1_85' title="bbox 2096 2413 3669 2484">
    <p class='ocr_par' dir='ltr' id='par_1_85' title="bbox 2096 2413 3669 2484">
     <span class='ocr_line' id='line_1_85' title="bbox 2096 2413 3669 2484; baseline 0.011 -22"><span class='ocrx_word' id='word_1_650' title='bbox 2096 2426 2217 2479; x_wconf 68' lang='lat' dir='ltr'><strong>qua:</strong></span> <span class='ocrx_word' id='word_1_651' title='bbox 2245 2426 2350 2465; x_wconf 93' lang='lat' dir='ltr'><strong>non</strong></span> <span class='ocrx_word' id='word_1_652' title='bbox 2382 2423 2537 2466; x_wconf 85' lang='lat' dir='ltr'><strong>erant</strong></span> <span class='ocrx_word' id='word_1_653' title='bbox 2562 2413 2730 2482; x_wconf 84' lang='lat' dir='ltr'><strong>lingit,</strong></span> <span class='ocrx_word' id='word_1_654' title='bbox 2761 2425 2816 2467; x_wconf 89' lang='grc' dir='ltr'><strong>ιιι</strong></span> <span class='ocrx_word' id='word_1_655' title='bbox 2837 2431 2954 2484; x_wconf 78' lang='lat' dir='ltr'><strong>qua:</strong></span> <span class='ocrx_word' id='word_1_656' title='bbox 2983 2427 3137 2470; x_wconf 83' lang='lat' dir='ltr'><strong>erant</strong></span> <span class='ocrx_word' id='word_1_657' title='bbox 3169 2420 3462 2476; x_wconf 87' lang='lat' dir='ltr'><strong>edisceret:</strong></span> <span class='ocrx_word' id='word_1_658' title='bbox 3497 2424 3567 2478; x_wconf 86' lang='lat' dir='ltr'><strong>ita</strong></span> <span class='ocrx_word' id='word_1_659' title='bbox 3611 2435 3669 2480; x_wconf 79' lang='lat' dir='ltr'><strong>et</strong></span> 
     </span>
    </p>
   </div>
   <div class='ocr_carea' id='block_1_86' title="bbox 2094 2504 3680 2572">
    <p class='ocr_par' dir='ltr' id='par_1_86' title="bbox 2094 2504 3680 2572">
     <span class='ocr_line' id='line_1_86' title="bbox 2094 2504 3680 2572; baseline 0.009 -18"><span class='ocrx_word' id='word_1_660' title='bbox 2094 2517 2248 2567; x_wconf 90' lang='lat' dir='ltr'><strong>nunc,</strong></span> <span class='ocrx_word' id='word_1_661' title='bbox 2271 2518 2390 2556; x_wconf 90' lang='lat' dir='ltr'><strong>cum</strong></span> <span class='ocrx_word' id='word_1_662' title='bbox 2430 2519 2533 2555; x_wconf 88' lang='lat' dir='ltr'><strong>non</strong></span> <span class='ocrx_word' id='word_1_663' title='bbox 2551 2504 2692 2558; x_wconf 89' lang='lat' dir='ltr'><strong>clare</strong></span> <span class='ocrx_word' id='word_1_664' title='bbox 2713 2516 3058 2572; x_wconf 81' lang='lat' dir='ltr'><strong>cognosceret</strong></span> <span class='ocrx_word' id='word_1_665' title='bbox 3081 2523 3331 2562; x_wconf 88' lang='lat' dir='ltr'><strong>arcanum</strong></span> <span class='ocrx_word' id='word_1_666' title='bbox 3353 2515 3680 2569; x_wconf 47' lang='lat' dir='ltr'><strong>oeconomia?</strong></span> 
     </span>
    </p>
   </div>
   <div class='ocr_carea' id='block_1_87' title="bbox 2093 2595 3662 2668">
    <p class='ocr_par' dir='ltr' id='par_1_87' title="bbox 2093 2595 3662 2668">
     <span class='ocr_line' id='line_1_87' title="bbox 2093 2595 3662 2668; baseline 0.01 -23"><span class='ocrx_word' id='word_1_667' title='bbox 2093 2595 2428 2663; x_wconf 86' lang='lat' dir='ltr'><strong>mysterium,</strong></span> <span class='ocrx_word' id='word_1_668' title='bbox 2464 2610 2560 2648; x_wconf 92' lang='lat' dir='ltr'><strong>nec</strong></span> <span class='ocrx_word' id='word_1_669' title='bbox 2586 2597 2706 2662; x_wconf 88' lang='lat' dir='ltr'><strong>quis</strong></span> <span class='ocrx_word' id='word_1_670' title='bbox 2747 2605 2890 2650; x_wconf 90' lang='lat' dir='ltr'><strong>esset</strong></span> <span class='ocrx_word' id='word_1_671' title='bbox 2944 2598 3029 2651; x_wconf 87' lang='lat' dir='ltr'><strong>ille</strong></span> <span class='ocrx_word' id='word_1_672' title='bbox 3061 2607 3187 2652; x_wconf 90' lang='lat' dir='ltr'><strong>tunc</strong></span> <span class='ocrx_word' id='word_1_673' title='bbox 3240 2617 3476 2668; x_wconf 74' lang='lat' dir='ltr'><strong>praesens</strong></span> <span class='ocrx_word' id='word_1_674' title='bbox 3499 2644 3513 2666; x_wconf 97' lang='lat'><strong>,</strong></span> <span class='ocrx_word' id='word_1_675' title='bbox 3560 2607 3662 2660; x_wconf 86' lang='lat' dir='ltr'><strong>alia</strong></span> 
     </span>
    </p>
   </div>
   <div class='ocr_carea' id='block_1_88' title="bbox 2095 2686 3668 2760">
    <p class='ocr_par' dir='ltr' id='par_1_88' title="bbox 2095 2686 3668 2760">
     <span class='ocr_line' id='line_1_88' title="bbox 2095 2686 3668 2760; baseline 0.01 -26"><span class='ocrx_word' id='word_1_676' title='bbox 2095 2691 2308 2737; x_wconf 87' lang='lat' dir='ltr'><strong>nectere</strong></span> <span class='ocrx_word' id='word_1_677' title='bbox 2334 2687 2466 2737; x_wconf 88' lang='lat' dir='ltr'><strong>retia</strong></span> <span class='ocrx_word' id='word_1_678' title='bbox 2496 2686 2732 2746; x_wconf 90' lang='lat' dir='ltr'><strong>molitur,</strong></span> <span class='ocrx_word' id='word_1_679' title='bbox 2759 2688 2909 2755; x_wconf 90' lang='lat' dir='ltr'><strong>queis</strong></span> <span class='ocrx_word' id='word_1_680' title='bbox 2936 2688 3168 2756; x_wconf 83' lang='lat' dir='ltr'><strong>putabat,</strong></span> <span class='ocrx_word' id='word_1_681' title='bbox 3194 2690 3246 2744; x_wconf 89' lang='lat' dir='ltr'><strong>id</strong></span> <span class='ocrx_word' id='word_1_682' title='bbox 3275 2693 3412 2760; x_wconf 92' lang='lat' dir='ltr'><strong>quod</strong></span> <span class='ocrx_word' id='word_1_683' title='bbox 3440 2694 3668 2749; x_wconf 76' lang='lat' dir='ltr'><strong>abscon-</strong></span> 
     </span>
    </p>
   </div>
   <div class='ocr_carea' id='block_1_89' title="bbox 2091 2773 3662 2852">
    <p class='ocr_par' dir='ltr' id='par_1_89' title="bbox 2091 2773 3662 2852">
     <span class='ocr_line' id='line_1_89' title="bbox 2091 2773 3662 2852; baseline 0.008 -26"><span class='ocrx_word' id='word_1_684' title='bbox 2091 2773 2258 2826; x_wconf 90' lang='lat' dir='ltr'><strong>ditum</strong></span> <span class='ocrx_word' id='word_1_685' title='bbox 2291 2774 2683 2844; x_wconf 74' lang='lat' dir='ltr'><strong>obscurumque</strong></span> <span class='ocrx_word' id='word_1_686' title='bbox 2733 2787 2847 2829; x_wconf 85' lang='lat' dir='ltr'><strong>erat</strong></span> <span class='ocrx_word' id='word_1_687' title='bbox 2884 2793 2943 2830; x_wconf 92' lang='lat' dir='ltr'><strong>se</strong></span> <span class='ocrx_word' id='word_1_688' title='bbox 2971 2777 3176 2832; x_wconf 89' lang='lat' dir='ltr'><strong>discere</strong></span> <span class='ocrx_word' id='word_1_689' title='bbox 3224 2795 3400 2849; x_wconf 85' lang='lat' dir='ltr'><strong>posse.</strong></span> <span class='ocrx_word' id='word_1_690' title='bbox 3458 2784 3662 2852; x_wconf 84' lang='lat' dir='ltr'><strong>Ecquid</strong></span> 
     </span>
    </p>
   </div>
   <div class='ocr_carea' id='block_1_90' title="bbox 2090 2865 3656 2945">
    <p class='ocr_par' dir='ltr' id='par_1_90' title="bbox 2090 2865 3656 2945">
     <span class='ocr_line' id='line_1_90' title="bbox 2090 2865 3656 2945; baseline 0.01 -29"><span class='ocrx_word' id='word_1_691' title='bbox 2090 2865 2201 2918; x_wconf 86' lang='lat' dir='ltr'><strong>ait?</strong></span> <span class='ocrx_word' id='word_1_692' title='bbox 2231 2865 2290 2918; x_wconf 88' lang='lat' dir='ltr'><strong>Si</strong></span> <span class='ocrx_word' id='word_1_693' title='bbox 2321 2865 2492 2919; x_wconf 85' lang='lat' dir='ltr'><strong>Filias</strong></span> <span class='ocrx_word' id='word_1_694' title='bbox 2527 2867 2624 2919; x_wconf 86' lang='lat' dir='ltr'><strong>Dei</strong></span> <span class='ocrx_word' id='word_1_695' title='bbox 2646 2868 2816 2932; x_wconf 84' lang='lat' dir='ltr'><strong>es,dic</strong></span> <span class='ocrx_word' id='word_1_696' title='bbox 2851 2879 2905 2920; x_wconf 89' lang='lat' dir='ltr'><strong>ut</strong></span> <span class='ocrx_word' id='word_1_697' title='bbox 2944 2869 3138 2938; x_wconf 73' lang='lat' dir='ltr'><strong>lapides</strong></span> <span class='ocrx_word' id='word_1_698' title='bbox 3172 2873 3257 2925; x_wconf 84' lang='lat' dir='ltr'><strong>isti</strong></span> <span class='ocrx_word' id='word_1_699' title='bbox 3308 2891 3460 2936; x_wconf 86' lang='lat' dir='ltr'><strong>panes</strong></span> <span class='ocrx_word' id='word_1_700' title='bbox 3509 2878 3656 2945; x_wconf 82' lang='lat' dir='ltr'><strong>fiant.</strong></span> 
     </span>
    </p>
   </div>
   <div class='ocr_carea' id='block_1_91' title="bbox 2085 2953 3662 3034">
    <p class='ocr_par' dir='ltr' id='par_1_91' title="bbox 2085 2953 3662 3034">
     <span class='ocr_line' id='line_1_91' title="bbox 2085 2953 3662 3034; baseline 0.008 -28"><span class='ocrx_word' id='word_1_701' title='bbox 2085 2953 2200 3006; x_wconf 85' lang='lat' dir='ltr'><strong>Non</strong></span> <span class='ocrx_word' id='word_1_702' title='bbox 2227 2954 2378 3018; x_wconf 79' lang='lat' dir='ltr'><strong>dixit,</strong></span> <span class='ocrx_word' id='word_1_703' title='bbox 2403 2955 2660 3022; x_wconf 85' lang='lat' dir='ltr'><strong>Quoniam</strong></span> <span class='ocrx_word' id='word_1_704' title='bbox 2687 2957 2892 3022; x_wconf 89' lang='lat' dir='ltr'><strong>esuris;</strong></span> <span class='ocrx_word' id='word_1_705' title='bbox 2917 2959 3032 3022; x_wconf 89' lang='lat' dir='ltr'><strong>sed,</strong></span> <span class='ocrx_word' id='word_1_706' title='bbox 3063 2958 3125 3014; x_wconf 87' lang='lat' dir='ltr'><strong>Si</strong></span> <span class='ocrx_word' id='word_1_707' title='bbox 3145 2959 3312 3015; x_wconf 81' lang='lat' dir='ltr'><strong>Filius</strong></span> <span class='ocrx_word' id='word_1_708' title='bbox 3332 2962 3427 3015; x_wconf 85' lang='lat' dir='ltr'><strong>Dei</strong></span> <span class='ocrx_word' id='word_1_709' title='bbox 3455 2980 3539 3018; x_wconf 82' lang='lat' dir='ltr'><strong>es:</strong></span> <span class='ocrx_word' id='word_1_710' title='bbox 3567 2981 3662 3034; x_wconf 90' lang='lat' dir='ltr'><strong>pu-</strong></span> 
     </span>
    </p>
   </div>
   <div class='ocr_carea' id='block_1_92' title="bbox 2091 3045 3658 3120">
    <p class='ocr_par' dir='ltr' id='par_1_92' title="bbox 2091 3045 3658 3120">
     <span class='ocr_line' id='line_1_92' title="bbox 2091 3045 3658 3120; baseline 0.01 -25"><span class='ocrx_word' id='word_1_711' title='bbox 2091 3052 2206 3096; x_wconf 81' lang='lat' dir='ltr'><strong>tans</strong></span> <span class='ocrx_word' id='word_1_712' title='bbox 2232 3060 2290 3098; x_wconf 86' lang='lat' dir='ltr'><strong>se</strong></span> <span class='ocrx_word' id='word_1_713' title='bbox 2319 3060 2476 3113; x_wconf 91' lang='lat' dir='ltr'><strong>posse</strong></span> <span class='ocrx_word' id='word_1_714' title='bbox 2501 3045 2647 3098; x_wconf 91' lang='lat' dir='ltr'><strong>illum</strong></span> <span class='ocrx_word' id='word_1_715' title='bbox 2673 3047 2941 3114; x_wconf 85' lang='lat' dir='ltr'><strong>pellicere.</strong></span> <span class='ocrx_word' id='word_1_716' title='bbox 2989 3047 3113 3101; x_wconf 90' lang='lat' dir='ltr'><strong>Ideo</strong></span> <span class='ocrx_word' id='word_1_717' title='bbox 3137 3050 3329 3107; x_wconf 86' lang='lat' dir='ltr'><strong>famem</strong></span> <span class='ocrx_word' id='word_1_718' title='bbox 3358 3054 3541 3120; x_wconf 91' lang='lat' dir='ltr'><strong>tacuit,</strong></span> <span class='ocrx_word' id='word_1_719' title='bbox 3588 3073 3658 3111; x_wconf 89' lang='lat' dir='ltr'><strong>ne</strong></span> 
     </span>
    </p>
   </div>
   <div class='ocr_carea' id='block_1_93' title="bbox 2082 3135 3657 3208">
    <p class='ocr_par' dir='ltr' id='par_1_93' title="bbox 2082 3135 3657 3208">
     <span class='ocr_line' id='line_1_93' title="bbox 2082 3135 3657 3208; baseline 0.008 -21"><span class='ocrx_word' id='word_1_720' title='bbox 2082 3135 2351 3190; x_wconf 87' lang='lat' dir='ltr'><strong>videretur</strong></span> <span class='ocrx_word' id='word_1_721' title='bbox 2381 3136 2506 3190; x_wconf 92' lang='lat' dir='ltr'><strong>illud</strong></span> <span class='ocrx_word' id='word_1_722' title='bbox 2540 3138 2635 3204; x_wconf 92' lang='lat' dir='ltr'><strong>ipsi</strong></span> <span class='ocrx_word' id='word_1_723' title='bbox 2663 3139 2898 3206; x_wconf 89' lang='lat' dir='ltr'><strong>proferre</strong></span> <span class='ocrx_word' id='word_1_724' title='bbox 2921 3149 2974 3192; x_wconf 88' lang='lat' dir='ltr'><strong>ut</strong></span> <span class='ocrx_word' id='word_1_725' title='bbox 2999 3141 3363 3208; x_wconf 84' lang='lat' dir='ltr'><strong>exprobraret.</strong></span> <span class='ocrx_word' id='word_1_726' title='bbox 3387 3143 3517 3198; x_wconf 90' lang='lat' dir='ltr'><strong>Cum</strong></span> <span class='ocrx_word' id='word_1_727' title='bbox 3548 3162 3657 3200; x_wconf 87' lang='lat' dir='ltr'><strong>non</strong></span> 
     </span>
    </p>
   </div>
   <div class='ocr_carea' id='block_1_94' title="bbox 2085 3227 3659 3302">
    <p class='ocr_par' dir='ltr' id='par_1_94' title="bbox 2085 3227 3659 3302">
     <span class='ocr_line' id='line_1_94' title="bbox 2085 3227 3659 3302; baseline 0.008 -24"><span class='ocrx_word' id='word_1_728' title='bbox 2085 3235 2265 3279; x_wconf 86' lang='lat' dir='ltr'><strong>nosset</strong></span> <span class='ocrx_word' id='word_1_729' title='bbox 2301 3227 2444 3279; x_wconf 87' lang='lat' dir='ltr'><strong>enim</strong></span> <span class='ocrx_word' id='word_1_730' title='bbox 2502 3242 2679 3280; x_wconf 90' lang='lat' dir='ltr'><strong>rerum</strong></span> <span class='ocrx_word' id='word_1_731' title='bbox 2725 3245 2844 3296; x_wconf 60' lang='lat' dir='ltr'><strong>quae</strong></span> <span class='ocrx_word' id='word_1_732' title='bbox 2872 3229 3659 3302; x_wconf 84' lang='lat' dir='ltr'><strong>dispensabanturmagnitudi-</strong></span> 
     </span>
    </p>
   </div>
   <div class='ocr_carea' id='block_1_95' title="bbox 2084 3316 3656 3392">
    <p class='ocr_par' dir='ltr' id='par_1_95' title="bbox 2084 3316 3656 3392">
     <span class='ocr_line' id='line_1_95' title="bbox 2084 3316 3656 3392; baseline 0.007 -24"><span class='ocrx_word' id='word_1_733' title='bbox 2084 3332 2224 3380; x_wconf 90' lang='lat' dir='ltr'><strong>nem,</strong></span> <span class='ocrx_word' id='word_1_734' title='bbox 2259 3316 2308 3370; x_wconf 90' lang='lat' dir='ltr'><strong>id</strong></span> <span class='ocrx_word' id='word_1_735' title='bbox 2333 3317 2404 3370; x_wconf 93' lang='lat' dir='ltr'><strong>illi</strong></span> <span class='ocrx_word' id='word_1_736' title='bbox 2437 3319 2633 3386; x_wconf 87' lang='lat' dir='ltr'><strong>probro</strong></span> <span class='ocrx_word' id='word_1_737' title='bbox 2655 3317 2766 3372; x_wconf 92' lang='lat' dir='ltr'><strong>fore</strong></span> <span class='ocrx_word' id='word_1_738' title='bbox 2796 3320 3010 3387; x_wconf 90' lang='lat' dir='ltr'><strong>putabat</strong></span> <span class='ocrx_word' id='word_1_739' title='bbox 3040 3339 3052 3374; x_wconf 92' lang='lat'>:</span> <span class='ocrx_word' id='word_1_740' title='bbox 3077 3333 3401 3392; x_wconf 90' lang='lat' dir='ltr'><strong>quapropter</strong></span> <span class='ocrx_word' id='word_1_741' title='bbox 3432 3325 3656 3378; x_wconf 88' lang='lat' dir='ltr'><strong>adulan-</strong></span> 
     </span>
    </p>
   </div>
   <div class='ocr_carea' id='block_1_96' title="bbox 2085 3410 3650 3478">
    <p class='ocr_par' dir='ltr' id='par_1_96' title="bbox 2085 3410 3650 3478">
     <span class='ocr_line' id='line_1_96' title="bbox 2085 3410 3650 3478; baseline 0.006 -17"><span class='ocrx_word' id='word_1_742' title='bbox 2085 3410 2150 3461; x_wconf 89' lang='lat' dir='ltr'><strong>tis</strong></span> <span class='ocrx_word' id='word_1_743' title='bbox 2176 3424 2325 3464; x_wconf 88' lang='lat' dir='ltr'><strong>more</strong></span> <span class='ocrx_word' id='word_1_744' title='bbox 2354 3410 2579 3463; x_wconf 89' lang='lat' dir='ltr'><strong>subdole</strong></span> <span class='ocrx_word' id='word_1_745' title='bbox 2618 3411 2928 3478; x_wconf 84' lang='lat' dir='ltr'><strong>dignitatem</strong></span> <span class='ocrx_word' id='word_1_746' title='bbox 2986 3413 3103 3478; x_wconf 91' lang='lat' dir='ltr'><strong>ejus</strong></span> <span class='ocrx_word' id='word_1_747' title='bbox 3151 3415 3316 3467; x_wconf 88' lang='lat' dir='ltr'><strong>solam</strong></span> <span class='ocrx_word' id='word_1_748' title='bbox 3369 3426 3650 3471; x_wconf 84' lang='lat' dir='ltr'><strong>memorat.</strong></span> 
     </span>
    </p>
   </div>
   <div class='ocr_carea' id='block_1_97' title="bbox 2081 3499 3653 3572">
    <p class='ocr_par' dir='ltr' id='par_1_97' title="bbox 2081 3499 3653 3572">
     <span class='ocr_line' id='line_1_97' title="bbox 2081 3499 3653 3572; baseline 0.006 -20"><span class='ocrx_word' id='word_1_749' title='bbox 2081 3501 2216 3568; x_wconf 92' lang='lat' dir='ltr'><strong>Quid</strong></span> <span class='ocrx_word' id='word_1_750' title='bbox 2263 3501 2419 3570; x_wconf 84' lang='lat' dir='ltr'><strong>igitur</strong></span> <span class='ocrx_word' id='word_1_751' title='bbox 2441 3499 2684 3555; x_wconf 88' lang='lat' dir='ltr'><strong>Christus</strong></span> <span class='ocrx_word' id='word_1_752' title='bbox 2699 3503 2722 3554; x_wconf 72' lang='grc' dir='ltr'><strong>’ἶ</strong></span> <span class='ocrx_word' id='word_1_753' title='bbox 2740 3500 2957 3555; x_wconf 90' lang='lat' dir='ltr'><strong>Fastum</strong></span> <span class='ocrx_word' id='word_1_754' title='bbox 2973 3503 3089 3571; x_wconf 88' lang='lat' dir='ltr'><strong>ejus</strong></span> <span class='ocrx_word' id='word_1_755' title='bbox 3109 3503 3409 3572; x_wconf 88' lang='lat' dir='ltr'><strong>deprimens</strong></span> <span class='ocrx_word' id='word_1_756' title='bbox 3430 3546 3444 3568; x_wconf 87' lang='lat'><strong>,</strong></span> <span class='ocrx_word' id='word_1_757' title='bbox 3474 3515 3653 3561; x_wconf 90' lang='lat' dir='ltr'><strong>osten-</strong></span> 
     </span>
    </p>
   </div>
   <div class='ocr_carea' id='block_1_98' title="bbox 2080 3593 3653 3663">
    <p class='ocr_par' dir='ltr' id='par_1_98' title="bbox 2080 3593 3653 3663">
     <span class='ocr_line' id='line_1_98' title="bbox 2080 3593 3653 3663; baseline 0.003 -16"><span class='ocrx_word' id='word_1_758' title='bbox 2080 3593 2316 3663; x_wconf 87' lang='lat' dir='ltr'><strong>densque</strong></span> <span class='ocrx_word' id='word_1_759' title='bbox 2344 3608 2442 3646; x_wconf 89' lang='lat' dir='ltr'><strong>nec</strong></span> <span class='ocrx_word' id='word_1_760' title='bbox 2465 3593 2780 3661; x_wconf 88' lang='lat' dir='ltr'><strong>probrosum</strong></span> <span class='ocrx_word' id='word_1_761' title='bbox 2813 3593 2866 3645; x_wconf 90' lang='lat' dir='ltr'><strong>id</strong></span> <span class='ocrx_word' id='word_1_762' title='bbox 2898 3607 3018 3647; x_wconf 89' lang='lat' dir='ltr'><strong>esse</strong></span> <span class='ocrx_word' id='word_1_763' title='bbox 3051 3593 3191 3662; x_wconf 90' lang='lat' dir='ltr'><strong>quod</strong></span> <span class='ocrx_word' id='word_1_764' title='bbox 3222 3595 3519 3658; x_wconf 87' lang='lat' dir='ltr'><strong>acciderat,</strong></span> <span class='ocrx_word' id='word_1_765' title='bbox 3553 3612 3653 3651; x_wconf 86' lang='lat' dir='ltr'><strong>nee</strong></span> 
     </span>
    </p>
   </div>
   <div class='ocr_carea' id='block_1_99' title="bbox 2085 3683 3653 3753">
    <p class='ocr_par' dir='ltr' id='par_1_99' title="bbox 2085 3683 3653 3753">
     <span class='ocr_line' id='line_1_99' title="bbox 2085 3683 3653 3753; baseline 0.002 -16"><span class='ocrx_word' id='word_1_766' title='bbox 2085 3684 2343 3753; x_wconf 87' lang='lat' dir='ltr'><strong>sapientia</strong></span> <span class='ocrx_word' id='word_1_767' title='bbox 2373 3699 2467 3737; x_wconf 91' lang='lat' dir='ltr'><strong>sua</strong></span> <span class='ocrx_word' id='word_1_768' title='bbox 2497 3683 2792 3752; x_wconf 86' lang='lat' dir='ltr'><strong>indignum,</strong></span> <span class='ocrx_word' id='word_1_769' title='bbox 2817 3683 2960 3752; x_wconf 91' lang='lat' dir='ltr'><strong>quod</strong></span> <span class='ocrx_word' id='word_1_770' title='bbox 2984 3684 3068 3738; x_wconf 91' lang='lat' dir='ltr'><strong>ille</strong></span> <span class='ocrx_word' id='word_1_771' title='bbox 3091 3683 3358 3738; x_wconf 86' lang='lat' dir='ltr'><strong>adulando</strong></span> <span class='ocrx_word' id='word_1_772' title='bbox 3379 3695 3653 3752; x_wconf 84' lang='lat' dir='ltr'><strong>tacuerat,</strong></span> 
     </span>
    </p>
   </div>
   <div class='ocr_carea' id='block_1_100' title="bbox 2083 3774 3652 3846">
    <p class='ocr_par' dir='ltr' id='par_1_100' title="bbox 2083 3774 3652 3846">
     <span class='ocr_line' id='line_1_100' title="bbox 2083 3774 3652 3846; baseline 0.002 -19"><span class='ocrx_word' id='word_1_773' title='bbox 2083 3775 2182 3828; x_wconf 90' lang='lat' dir='ltr'><strong>hoc</strong></span> <span class='ocrx_word' id='word_1_774' title='bbox 2208 3775 2259 3828; x_wconf 91' lang='lat' dir='ltr'><strong>in</strong></span> <span class='ocrx_word' id='word_1_775' title='bbox 2284 3775 2516 3828; x_wconf 91' lang='lat' dir='ltr'><strong>medium</strong></span> <span class='ocrx_word' id='word_1_776' title='bbox 2542 3774 2745 3844; x_wconf 85' lang='lat' dir='ltr'><strong>profert</strong></span> <span class='ocrx_word' id='word_1_777' title='bbox 2769 3789 2831 3827; x_wconf 89' lang='lat' dir='ltr'><strong>ac</strong></span> <span class='ocrx_word' id='word_1_778' title='bbox 2860 3774 3021 3828; x_wconf 91' lang='lat' dir='ltr'><strong>dicit:</strong></span> <span class='ocrx_word' id='word_1_779' title='bbox 3053 3775 3108 3827; x_wconf 77' lang='grc'><strong>4.</strong></span> <span class='ocrx_word' id='word_1_780' title='bbox 3138 3774 3258 3828; x_wconf 85' lang='lat' dir='ltr'><strong>Non</strong></span> <span class='ocrx_word' id='word_1_781' title='bbox 3282 3776 3335 3828; x_wconf 87' lang='lat' dir='ltr'><strong>in</strong></span> <span class='ocrx_word' id='word_1_782' title='bbox 3365 3778 3472 3829; x_wconf 85' lang='lat' dir='ltr'><strong>solo</strong></span> <span class='ocrx_word' id='word_1_783' title='bbox 3520 3794 3652 3846; x_wconf 81' lang='lat' dir='ltr'><strong>pane</strong></span> 
     </span>
    </p>
   </div>
   <div class='ocr_carea' id='block_1_101' title="bbox 2079 3865 3654 3934">
    <p class='ocr_par' dir='ltr' id='par_1_101' title="bbox 2079 3865 3654 3934">
     <span class='ocr_line' id='line_1_101' title="bbox 2079 3865 3654 3934; baseline 0.001 -15"><span class='ocrx_word' id='word_1_784' title='bbox 2079 3869 2203 3920; x_wconf 78' lang='lat' dir='ltr'><strong>vivet</strong></span> <span class='ocrx_word' id='word_1_785' title='bbox 2224 3867 2391 3919; x_wconf 86' lang='lat' dir='ltr'><strong>homo.</strong></span> <span class='ocrx_word' id='word_1_786' title='bbox 2440 3865 2528 3920; x_wconf 91' lang='lat' dir='ltr'><strong>Sic</strong></span> <span class='ocrx_word' id='word_1_787' title='bbox 2552 3881 2579 3917; x_wconf 90' lang='lat' dir='ltr'><strong>a</strong></span> <span class='ocrx_word' id='word_1_788' title='bbox 2609 3866 2925 3919; x_wconf 87' lang='lat' dir='ltr'><strong>necessitate</strong></span> <span class='ocrx_word' id='word_1_789' title='bbox 2955 3865 3154 3919; x_wconf 83' lang='lat' dir='ltr'><strong>ventris</strong></span> <span class='ocrx_word' id='word_1_790' title='bbox 3183 3865 3384 3934; x_wconf 88' lang='lat' dir='ltr'><strong>incipit.</strong></span> <span class='ocrx_word' id='word_1_791' title='bbox 3411 3865 3454 3920; x_wconf 86' lang='grc' dir='ltr'>Τ</span> <span class='ocrx_word' id='word_1_792' title='bbox 3461 3883 3492 3920; x_wconf 94' lang='grc' dir='ltr'><strong>ιι</strong></span> <span class='ocrx_word' id='word_1_793' title='bbox 3521 3882 3654 3920; x_wconf 85' lang='lat' dir='ltr'><strong>vero</strong></span> 
     </span>
    </p>
   </div>
   <div class='ocr_carea' id='block_1_102' title="bbox 2078 3954 3653 4022">
    <p class='ocr_par' dir='ltr' id='par_1_102' title="bbox 2078 3954 3653 4022">
     <span class='ocr_line' id='line_1_102' title="bbox 2078 3954 3653 4022; baseline 0.001 -12"><span class='ocrx_word' id='word_1_794' title='bbox 2078 3957 2208 4010; x_wconf 88' lang='lat' dir='ltr'><strong>mihi</strong></span> <span class='ocrx_word' id='word_1_795' title='bbox 2235 3954 2452 4022; x_wconf 86' lang='lat' dir='ltr'><strong>maligni</strong></span> <span class='ocrx_word' id='word_1_796' title='bbox 2478 3954 2737 4006; x_wconf 66' lang='lat' dir='ltr'><strong>daemonis</strong></span> <span class='ocrx_word' id='word_1_797' title='bbox 2757 3954 3043 4007; x_wconf 78' lang='lat' dir='ltr'><strong>versutiam</strong></span> <span class='ocrx_word' id='word_1_798' title='bbox 3087 3955 3353 4022; x_wconf 88' lang='lat' dir='ltr'><strong>perpende</strong></span> <span class='ocrx_word' id='word_1_799' title='bbox 3377 3996 3392 4020; x_wconf 91' lang='lat'><strong>,</strong></span> <span class='ocrx_word' id='word_1_800' title='bbox 3423 3964 3475 4009; x_wconf 90' lang='lat' dir='ltr'><strong>et</strong></span> <span class='ocrx_word' id='word_1_801' title='bbox 3506 3957 3653 4011; x_wconf 82' lang='lat' dir='ltr'><strong>unde</strong></span> 
     </span>
    </p>
   </div>
   <div class='ocr_carea' id='block_1_103' title="bbox 2080 4044 3651 4113">
    <p class='ocr_par' dir='ltr' id='par_1_103' title="bbox 2080 4044 3651 4113">
     <span class='ocr_line' id='line_1_103' title="bbox 2080 4044 3651 4113; baseline -0.002 -10"><span class='ocrx_word' id='word_1_802' title='bbox 2080 4060 2351 4104; x_wconf 86' lang='lat' dir='ltr'><strong>certamen</strong></span> <span class='ocrx_word' id='word_1_803' title='bbox 2383 4046 2616 4113; x_wconf 84' lang='lat' dir='ltr'><strong>incipiat,</strong></span> <span class='ocrx_word' id='word_1_804' title='bbox 2669 4053 2722 4098; x_wconf 90' lang='lat' dir='ltr'><strong>et</strong></span> <span class='ocrx_word' id='word_1_805' title='bbox 2745 4044 3011 4112; x_wconf 88' lang='lat' dir='ltr'><strong>quomodo</strong></span> <span class='ocrx_word' id='word_1_806' title='bbox 3039 4058 3148 4096; x_wconf 71' lang='lat' dir='ltr'><strong>sua:</strong></span> <span class='ocrx_word' id='word_1_807' title='bbox 3179 4059 3281 4096; x_wconf 91' lang='lat' dir='ltr'><strong>non</strong></span> <span class='ocrx_word' id='word_1_808' title='bbox 3307 4044 3651 4100; x_wconf 87' lang='lat' dir='ltr'><strong>obliviscatur</strong></span> 
     </span>
    </p>
   </div>
   <div class='ocr_carea' id='block_1_104' title="bbox 2079 4132 3647 4203">
    <p class='ocr_par' dir='ltr' id='par_1_104' title="bbox 2079 4132 3647 4203">
     <span class='ocr_line' id='line_1_104' title="bbox 2079 4132 3647 4203; baseline -0.004 -11"><span class='ocrx_word' id='word_1_809' title='bbox 2079 4140 2228 4192; x_wconf 90' lang='lat' dir='ltr'><strong>artis.</strong></span> <span class='ocrx_word' id='word_1_810' title='bbox 2255 4137 2336 4190; x_wconf 91' lang='lat' dir='ltr'><strong>Ab</strong></span> <span class='ocrx_word' id='word_1_811' title='bbox 2363 4136 2428 4189; x_wconf 91' lang='lat' dir='ltr'><strong>iis</strong></span> <span class='ocrx_word' id='word_1_812' title='bbox 2449 4136 2593 4189; x_wconf 91' lang='lat' dir='ltr'><strong>enim</strong></span> <span class='ocrx_word' id='word_1_813' title='bbox 2616 4134 2767 4203; x_wconf 89' lang='lat' dir='ltr'><strong>queis</strong></span> <span class='ocrx_word' id='word_1_814' title='bbox 2797 4133 3022 4200; x_wconf 88' lang='lat' dir='ltr'><strong>prinnnn</strong></span> <span class='ocrx_word' id='word_1_815' title='bbox 3055 4133 3326 4185; x_wconf 85' lang='lat' dir='ltr'><strong>hominem</strong></span> <span class='ocrx_word' id='word_1_816' title='bbox 3347 4132 3647 4201; x_wconf 83' lang='lat' dir='ltr'><strong>dejecerat,</strong></span> 
     </span>
    </p>
   </div>
   <div class='ocr_carea' id='block_1_105' title="bbox 2076 4224 3648 4289">
    <p class='ocr_par' dir='ltr' id='par_1_105' title="bbox 2076 4224 3648 4289">
     <span class='ocr_line' id='line_1_105' title="bbox 2076 4224 3648 4289; baseline -0.004 -5"><span class='ocrx_word' id='word_1_817' title='bbox 2076 4246 2139 4286; x_wconf 90' lang='lat' dir='ltr'><strong>ac</strong></span> <span class='ocrx_word' id='word_1_818' title='bbox 2165 4230 2428 4286; x_wconf 84' lang='lat' dir='ltr'><strong>sexcentis</strong></span> <span class='ocrx_word' id='word_1_819' title='bbox 2454 4229 2606 4282; x_wconf 86' lang='lat' dir='ltr'><strong>malis</strong></span> <span class='ocrx_word' id='word_1_820' title='bbox 2635 4224 3119 4289; x_wconf 69' lang='lat' dir='ltr'><strong>circumdederat‘,</strong></span> <span class='ocrx_word' id='word_1_821' title='bbox 3154 4225 3221 4277; x_wconf 91' lang='lat' dir='ltr'><strong>ab</strong></span> <span class='ocrx_word' id='word_1_822' title='bbox 3247 4224 3432 4278; x_wconf 90' lang='lat' dir='ltr'><strong>iisdem</strong></span> <span class='ocrx_word' id='word_1_823' title='bbox 3463 4224 3648 4279; x_wconf 84' lang='lat' dir='ltr'><strong>dolum</strong></span> 
     </span>
    </p>
   </div>
   <div class='ocr_carea' id='block_1_106' title="bbox 2077 4314 3651 4385">
    <p class='ocr_par' dir='ltr' id='par_1_106' title="bbox 2077 4314 3651 4385">
     <span class='ocr_line' id='line_1_106' title="bbox 2077 4314 3651 4385; baseline -0.003 -10"><span class='ocrx_word' id='word_1_824' title='bbox 2077 4322 2260 4385; x_wconf 89' lang='lat' dir='ltr'><strong>nectit,</strong></span> <span class='ocrx_word' id='word_1_825' title='bbox 2289 4321 2355 4374; x_wconf 92' lang='lat' dir='ltr'><strong>de</strong></span> <span class='ocrx_word' id='word_1_826' title='bbox 2382 4319 2580 4373; x_wconf 85' lang='lat' dir='ltr'><strong>ventris</strong></span> <span class='ocrx_word' id='word_1_827' title='bbox 2608 4316 3005 4384; x_wconf 88' lang='lat' dir='ltr'><strong>intemperantia</strong></span> <span class='ocrx_word' id='word_1_828' title='bbox 3036 4315 3242 4382; x_wconf 85' lang='lat' dir='ltr'><strong>loquor.</strong></span> <span class='ocrx_word' id='word_1_829' title='bbox 3267 4314 3458 4368; x_wconf 83' lang='lat' dir='ltr'><strong>Multos</strong></span> <span class='ocrx_word' id='word_1_830' title='bbox 3484 4316 3651 4370; x_wconf 84' lang='lat' dir='ltr'><strong>etiam</strong></span> 
     </span>
    </p>
   </div>
   <div class='ocr_carea' id='block_1_107' title="bbox 2085 4406 3646 4476">
    <p class='ocr_par' dir='ltr' id='par_1_107' title="bbox 2085 4406 3646 4476">
     <span class='ocr_line' id='line_1_107' title="bbox 2085 4406 3646 4476; baseline -0.005 -10"><span class='ocrx_word' id='word_1_831' title='bbox 2085 4428 2224 4466; x_wconf 88' lang='lat' dir='ltr'><strong>nunc</strong></span> <span class='ocrx_word' id='word_1_832' title='bbox 2253 4413 2442 4465; x_wconf 88' lang='lat' dir='ltr'><strong>stultos</strong></span> <span class='ocrx_word' id='word_1_833' title='bbox 2466 4409 2652 4464; x_wconf 91' lang='lat' dir='ltr'><strong>audire</strong></span> <span class='ocrx_word' id='word_1_834' title='bbox 2674 4419 2774 4471; x_wconf 89' lang='lat' dir='ltr'><strong>est,</strong></span> <span class='ocrx_word' id='word_1_835' title='bbox 2807 4408 2892 4476; x_wconf 90' lang='lat' dir='ltr'><strong>qui</strong></span> <span class='ocrx_word' id='word_1_836' title='bbox 2915 4406 3091 4459; x_wconf 89' lang='lat' dir='ltr'><strong>dicunt</strong></span> <span class='ocrx_word' id='word_1_837' title='bbox 3116 4413 3364 4458; x_wconf 80' lang='lat' dir='ltr'><strong>sexcenta</strong></span> <span class='ocrx_word' id='word_1_838' title='bbox 3389 4420 3481 4474; x_wconf 90' lang='lat' dir='ltr'><strong>per</strong></span> <span class='ocrx_word' id='word_1_839' title='bbox 3510 4420 3646 4458; x_wconf 76' lang='lat' dir='ltr'><strong>vcn—</strong></span> 
     </span>
    </p>
   </div>
   <div class='ocr_carea' id='block_1_108' title="bbox 2084 4493 3653 4558">
    <p class='ocr_par' dir='ltr' id='par_1_108' title="bbox 2084 4493 3653 4558">
     <span class='ocr_line' id='line_1_108' title="bbox 2084 4493 3653 4558; baseline -0.006 0"><span class='ocrx_word' id='word_1_840' title='bbox 2084 4515 2214 4558; x_wconf 86' lang='lat' dir='ltr'><strong>trem</strong></span> <span class='ocrx_word' id='word_1_841' title='bbox 2243 4503 2379 4556; x_wconf 85' lang='lat' dir='ltr'><strong>mala</strong></span> <span class='ocrx_word' id='word_1_842' title='bbox 2407 4501 2546 4554; x_wconf 90' lang='lat' dir='ltr'><strong>illata</strong></span> <span class='ocrx_word' id='word_1_843' title='bbox 2569 4513 2707 4552; x_wconf 90' lang='lat' dir='ltr'><strong>esse.</strong></span> <span class='ocrx_word' id='word_1_844' title='bbox 2737 4498 2806 4550; x_wconf 84' lang='lat' dir='ltr'><strong>At</strong></span> <span class='ocrx_word' id='word_1_845' title='bbox 2825 4496 3065 4549; x_wconf 83' lang='lat' dir='ltr'><strong>Christus</strong></span> <span class='ocrx_word' id='word_1_846' title='bbox 3118 4493 3407 4547; x_wconf 88' lang='lat' dir='ltr'><strong>ostendens</strong></span> <span class='ocrx_word' id='word_1_847' title='bbox 3452 4497 3653 4548; x_wconf 87' lang='lat' dir='ltr'><strong>virtute</strong></span> 
     </span>
    </p>
   </div>
   <div class='ocr_carea' id='block_1_109' title="bbox 2076 4583 3652 4664">
    <p class='ocr_par' dir='ltr' id='par_1_109' title="bbox 2076 4583 3652 4664">
     <span class='ocr_line' id='line_1_109' title="bbox 2076 4583 3652 4664; baseline -0.008 -17"><span class='ocrx_word' id='word_1_848' title='bbox 2076 4594 2356 4664; x_wconf 70' lang='lat' dir='ltr'><strong>pneditum</strong></span> <span class='ocrx_word' id='word_1_849' title='bbox 2381 4607 2484 4644; x_wconf 89' lang='lat' dir='ltr'><strong>non</strong></span> <span class='ocrx_word' id='word_1_850' title='bbox 2508 4604 2664 4658; x_wconf 76' lang='lat' dir='ltr'><strong>posse</strong></span> <span class='ocrx_word' id='word_1_851' title='bbox 2690 4585 3083 4657; x_wconf 83' lang='lat' dir='ltr'><strong>haetyranuide</strong></span> <span class='ocrx_word' id='word_1_852' title='bbox 3118 4584 3362 4653; x_wconf 88' lang='lat' dir='ltr'><strong>compelli</strong></span> <span class='ocrx_word' id='word_1_853' title='bbox 3407 4583 3472 4637; x_wconf 92' lang='lat' dir='ltr'><strong>ad</strong></span> <span class='ocrx_word' id='word_1_854' title='bbox 3503 4598 3652 4652; x_wconf 69' lang='lat' dir='ltr'><strong>qua-</strong></span> 
     </span>
    </p>
   </div>
   <div class='ocr_carea' id='block_1_110' title="bbox 2077 4674 3650 4742">
    <p class='ocr_par' dir='ltr' id='par_1_110' title="bbox 2077 4674 3650 4742">
     <span class='ocr_line' id='line_1_110' title="bbox 2077 4674 3650 4742; baseline -0.008 -2"><span class='ocrx_word' id='word_1_855' title='bbox 2077 4688 2199 4741; x_wconf 87' lang='lat' dir='ltr'><strong>dam</strong></span> <span class='ocrx_word' id='word_1_856' title='bbox 2250 4693 2434 4738; x_wconf 89' lang='lat' dir='ltr'><strong>contra</strong></span> <span class='ocrx_word' id='word_1_857' title='bbox 2461 4683 2706 4736; x_wconf 89' lang='lat' dir='ltr'><strong>decorem</strong></span> <span class='ocrx_word' id='word_1_858' title='bbox 2738 4677 3082 4737; x_wconf 86' lang='lat' dir='ltr'><strong>admittenda,</strong></span> <span class='ocrx_word' id='word_1_859' title='bbox 3111 4685 3162 4729; x_wconf 89' lang='lat' dir='ltr'><strong>et</strong></span> <span class='ocrx_word' id='word_1_860' title='bbox 3188 4675 3373 4737; x_wconf 89' lang='lat' dir='ltr'><strong>esurit,</strong></span> <span class='ocrx_word' id='word_1_861' title='bbox 3400 4683 3451 4727; x_wconf 92' lang='lat' dir='ltr'><strong>et</strong></span> <span class='ocrx_word' id='word_1_862' title='bbox 3473 4674 3650 4742; x_wconf 85' lang='lat' dir='ltr'><strong>jussui</strong></span> 
     </span>
    </p>
   </div>
   <div class='ocr_carea' id='block_1_111' title="bbox 2076 4765 3649 4843">
    <p class='ocr_par' dir='ltr' id='par_1_111' title="bbox 2076 4765 3649 4843">
     <span class='ocr_line' id='line_1_111' title="bbox 2076 4765 3649 4843; baseline -0.008 -13"><span class='ocrx_word' id='word_1_863' title='bbox 2076 4793 2178 4830; x_wconf 90' lang='lat' dir='ltr'><strong>non</strong></span> <span class='ocrx_word' id='word_1_864' title='bbox 2209 4784 2374 4843; x_wconf 87' lang='lat' dir='ltr'><strong>paret,</strong></span> <span class='ocrx_word' id='word_1_865' title='bbox 2397 4773 2595 4827; x_wconf 79' lang='lat' dir='ltr'><strong>docens</strong></span> <span class='ocrx_word' id='word_1_866' title='bbox 2627 4773 2677 4824; x_wconf 92' lang='lat' dir='ltr'><strong>in</strong></span> <span class='ocrx_word' id='word_1_867' title='bbox 2722 4771 2867 4823; x_wconf 87' lang='lat' dir='ltr'><strong>nullo</strong></span> <span class='ocrx_word' id='word_1_868' title='bbox 2885 4768 3104 4836; x_wconf 86' lang='lat' dir='ltr'><strong>obsequi</strong></span> <span class='ocrx_word' id='word_1_869' title='bbox 3133 4765 3342 4819; x_wconf 88' lang='lat' dir='ltr'><strong>diabolo</strong></span> <span class='ocrx_word' id='word_1_870' title='bbox 3363 4779 3459 4818; x_wconf 89' lang='lat' dir='ltr'><strong>nos</strong></span> <span class='ocrx_word' id='word_1_871' title='bbox 3487 4779 3649 4834; x_wconf 83' lang='lat' dir='ltr'><strong>Opor-</strong></span> 
     </span>
    </p>
   </div>
   <div class='ocr_carea' id='block_1_112' title="bbox 2075 4853 3644 4935">
    <p class='ocr_par' dir='ltr' id='par_1_112' title="bbox 2075 4853 3644 4935">
     <span class='ocr_line' id='line_1_112' title="bbox 2075 4853 3644 4935; baseline -0.009 -13"><span class='ocrx_word' id='word_1_872' title='bbox 2075 4878 2204 4922; x_wconf 90' lang='lat' dir='ltr'><strong>tere.</strong></span> <span class='ocrx_word' id='word_1_873' title='bbox 2237 4868 2368 4935; x_wconf 87' lang='lat' dir='ltr'><strong>Quia</strong></span> <span class='ocrx_word' id='word_1_874' title='bbox 2390 4865 2533 4919; x_wconf 87' lang='lat' dir='ltr'><strong>enim</strong></span> <span class='ocrx_word' id='word_1_875' title='bbox 2560 4863 2760 4931; x_wconf 90' lang='lat' dir='ltr'><strong>primus</strong></span> <span class='ocrx_word' id='word_1_876' title='bbox 2787 4861 2946 4912; x_wconf 89' lang='lat' dir='ltr'><strong>homo</strong></span> <span class='ocrx_word' id='word_1_877' title='bbox 2973 4857 3074 4910; x_wconf 94' lang='lat' dir='ltr'><strong>hoc</strong></span> <span class='ocrx_word' id='word_1_878' title='bbox 3100 4865 3252 4924; x_wconf 88' lang='lat' dir='ltr'><strong>pacto</strong></span> <span class='ocrx_word' id='word_1_879' title='bbox 3281 4855 3445 4910; x_wconf 90' lang='lat' dir='ltr'><strong>Deum</strong></span> <span class='ocrx_word' id='word_1_880' title='bbox 3473 4853 3644 4909; x_wconf 67' lang='lat' dir='ltr'><strong>offen—</strong></span> 
     </span>
    </p>
   </div>
   <div class='ocr_carea' id='block_1_113' title="bbox 2073 4945 3646 5028">
    <p class='ocr_par' dir='ltr' id='par_1_113' title="bbox 2073 4945 3646 5028">
     <span class='ocr_line' id='line_1_113' title="bbox 2073 4945 3646 5028; baseline -0.01 -14"><span class='ocrx_word' id='word_1_881' title='bbox 2073 4961 2226 5014; x_wconf 81' lang='lat' dir='ltr'><strong>derat</strong></span> <span class='ocrx_word' id='word_1_882' title='bbox 2255 4959 2426 5028; x_wconf 81' lang='lat' dir='ltr'><strong>legem</strong></span> <span class='ocrx_word' id='word_1_883' title='bbox 2472 4963 2852 5022; x_wconf 82' lang='lat' dir='ltr'><strong>transgressus,</strong></span> <span class='ocrx_word' id='word_1_884' title='bbox 2900 4963 2962 5002; x_wconf 86' lang='lat' dir='ltr'><strong>ex</strong></span> <span class='ocrx_word' id='word_1_885' title='bbox 2994 4945 3285 5001; x_wconf 86' lang='lat' dir='ltr'><strong>abundanti</strong></span> <span class='ocrx_word' id='word_1_886' title='bbox 3340 4955 3395 5000; x_wconf 89' lang='lat' dir='ltr'><strong>te</strong></span> <span class='ocrx_word' id='word_1_887' title='bbox 3441 4945 3646 5010; x_wconf 87' lang='lat' dir='ltr'><strong>docet,</strong></span> 
     </span>
    </p>
   </div>
   <div class='ocr_carea' id='block_1_114' title="bbox 2074 5037 3639 5117">
    <p class='ocr_par' dir='ltr' id='par_1_114' title="bbox 2074 5037 3639 5117">
     <span class='ocr_line' id='line_1_114' title="bbox 2074 5037 3639 5117; baseline -0.011 -12"><span class='ocrx_word' id='word_1_888' title='bbox 2074 5052 2280 5105; x_wconf 89' lang='lat' dir='ltr'><strong>etiamsi</strong></span> <span class='ocrx_word' id='word_1_889' title='bbox 2304 5049 2378 5114; x_wconf 91' lang='lat' dir='ltr'><strong>id,</strong></span> <span class='ocrx_word' id='word_1_890' title='bbox 2402 5046 2540 5117; x_wconf 91' lang='lat' dir='ltr'><strong>quod</strong></span> <span class='ocrx_word' id='word_1_891' title='bbox 2567 5043 2844 5112; x_wconf 78' lang='lat' dir='ltr'><strong>ille‘jubet,</strong></span> <span class='ocrx_word' id='word_1_892' title='bbox 2869 5042 3222 5110; x_wconf 88' lang='lat' dir='ltr'><strong>transgressio</strong></span> <span class='ocrx_word' id='word_1_893' title='bbox 3249 5055 3351 5092; x_wconf 93' lang='lat' dir='ltr'><strong>non</strong></span> <span class='ocrx_word' id='word_1_894' title='bbox 3377 5039 3468 5103; x_wconf 90' lang='lat' dir='ltr'><strong>sit,</strong></span> <span class='ocrx_word' id='word_1_895' title='bbox 3490 5053 3556 5090; x_wconf 92' lang='lat' dir='ltr'><strong>ne</strong></span> <span class='ocrx_word' id='word_1_896' title='bbox 3571 5037 3639 5089; x_wconf 75' lang='lat' dir='ltr'><strong>sit</strong></span> 
     </span>
    </p>
   </div>
   <div class='ocr_carea' id='block_1_115' title="bbox 2076 5131 3646 5208">
    <p class='ocr_par' dir='ltr' id='par_1_115' title="bbox 2076 5131 3646 5208">
     <span class='ocr_line' id='line_1_115' title="bbox 2076 5131 3646 5208; baseline -0.012 -11"><span class='ocrx_word' id='word_1_897' title='bbox 2076 5144 2233 5197; x_wconf 90' lang='lat' dir='ltr'><strong>etiam</strong></span> <span class='ocrx_word' id='word_1_898' title='bbox 2265 5138 2738 5208; x_wconf 87' lang='lat' dir='ltr'><strong>obtemperandum</strong></span> <span class='ocrx_word' id='word_1_899' title='bbox 2760 5149 2900 5189; x_wconf 88' lang='lat' dir='ltr'><strong>esse.</strong></span> <span class='ocrx_word' id='word_1_900' title='bbox 2935 5131 3140 5202; x_wconf 79' lang='lat' dir='ltr'><strong>Ecquid</strong></span> <span class='ocrx_word' id='word_1_901' title='bbox 3168 5132 3646 5200; x_wconf 86' lang='lat' dir='ltr'><strong>transgressionem</strong></span> 
     </span>
    </p>
   </div>
   <div class='ocr_carea' id='block_1_116' title="bbox 2074 5214 3647 5299">
    <p class='ocr_par' dir='ltr' id='par_1_116' title="bbox 2074 5214 3647 5299">
     <span class='ocr_line' id='line_1_116' title="bbox 2074 5214 3647 5299; baseline -0.013 -13"><span class='ocrx_word' id='word_1_902' title='bbox 2074 5233 2232 5286; x_wconf 87' lang='lat' dir='ltr'><strong>dico?</strong></span> <span class='ocrx_word' id='word_1_903' title='bbox 2261 5231 2371 5284; x_wconf 85' lang='lat' dir='ltr'><strong>Etsi</strong></span> <span class='ocrx_word' id='word_1_904' title='bbox 2393 5229 2516 5299; x_wconf 89' lang='lat' dir='ltr'><strong>quid</strong></span> <span class='ocrx_word' id='word_1_905' title='bbox 2547 5227 2675 5280; x_wconf 90' lang='lat' dir='ltr'><strong>utile</strong></span> <span class='ocrx_word' id='word_1_906' title='bbox 2701 5225 2880 5278; x_wconf 86' lang='lat' dir='ltr'><strong>dicant</strong></span> <span class='ocrx_word' id='word_1_907' title='bbox 2903 5222 3205 5285; x_wconf 69' lang='lat' dir='ltr'><strong>dazmoues,</strong></span> <span class='ocrx_word' id='word_1_908' title='bbox 3238 5219 3440 5287; x_wconf 86' lang='lat' dir='ltr'><strong>inquit,</strong></span> <span class='ocrx_word' id='word_1_909' title='bbox 3474 5229 3539 5268; x_wconf 85' lang='lat' dir='ltr'><strong>ne</strong></span> <span class='ocrx_word' id='word_1_910' title='bbox 3568 5214 3647 5267; x_wconf 84' lang='lat' dir='ltr'><strong>sic</strong></span> 
     </span>
    </p>
   </div>
   <div class='ocr_carea' id='block_1_117' title="bbox 2069 5304 3647 5397">
    <p class='ocr_par' dir='ltr' id='par_1_117' title="bbox 2069 5304 3647 5397">
     <span class='ocr_line' id='line_1_117' title="bbox 2069 5304 3647 5397; baseline -0.015 -19"><span class='ocrx_word' id='word_1_911' title='bbox 2069 5341 2280 5397; x_wconf 86' lang='lat' dir='ltr'><strong>quoque</strong></span> <span class='ocrx_word' id='word_1_912' title='bbox 2311 5323 2412 5376; x_wconf 90' lang='lat' dir='ltr'><strong>illis</strong></span> <span class='ocrx_word' id='word_1_913' title='bbox 2437 5319 2699 5374; x_wconf 89' lang='lat' dir='ltr'><strong>attendas.</strong></span> <span class='ocrx_word' id='word_1_914' title='bbox 2752 5316 2842 5372; x_wconf 89' lang='lat' dir='ltr'><strong>Sic</strong></span> <span class='ocrx_word' id='word_1_915' title='bbox 2889 5315 3030 5369; x_wconf 87' lang='lat' dir='ltr'><strong>enim</strong></span> <span class='ocrx_word' id='word_1_916' title='bbox 3064 5314 3153 5366; x_wconf 91' lang='lat' dir='ltr'><strong>ille</strong></span> <span class='ocrx_word' id='word_1_917' title='bbox 3183 5312 3464 5397; x_wconf 44' lang='lat' dir='ltr'><strong>datmonas</strong></span> <span class='ocrx_word' id='word_1_918' title='bbox 3503 5304 3647 5397; x_wconf 80' lang='lat' dir='ltr'><strong>loqui</strong></span> 
     </span>
    </p>
   </div>
   <div class='ocr_carea' id='block_1_118' title="bbox 2070 5393 3647 5495">
    <p class='ocr_par' dir='ltr' id='par_1_118' title="bbox 2070 5393 3647 5495">
     <span class='ocr_line' id='line_1_118' title="bbox 2070 5393 3647 5495; baseline -0.019 -23"><span class='ocrx_word' id='word_1_919' title='bbox 2070 5393 2255 5477; x_wconf 72' lang='lat' dir='ltr'><strong>vetuit.</strong></span> <span class='ocrx_word' id='word_1_920' title='bbox 2289 5413 2644 5485; x_wconf 73' lang='lat' dir='ltr'><strong>prtedicantes</strong></span> <span class='ocrx_word' id='word_1_921' title='bbox 2671 5409 2844 5478; x_wconf 90' lang='lat' dir='ltr'><strong>ipsum</strong></span> <span class='ocrx_word' id='word_1_922' title='bbox 2868 5419 2989 5459; x_wconf 91' lang='lat' dir='ltr'><strong>esse</strong></span> <span class='ocrx_word' id='word_1_923' title='bbox 3037 5403 3130 5458; x_wconf 90' lang='lat' dir='ltr'><strong>Dei</strong></span> <span class='ocrx_word' id='word_1_924' title='bbox 3169 5400 3356 5495; x_wconf 82' lang='lat' dir='ltr'><strong>Filium</strong></span> <span class='ocrx_word' id='word_1_925' title='bbox 3399 5393 3647 5495; x_wconf 29' lang='lat' dir='ltr'><strong>(Luca-‘4~</strong></span> 
     </span>
    </p>
   </div>
   <div class='ocr_carea' id='block_1_119' title="bbox 2070 5492 3642 5578">
    <p class='ocr_par' dir='ltr' id='par_1_119' title="bbox 2070 5492 3642 5578">
     <span class='ocr_line' id='line_1_119' title="bbox 2070 5492 3642 5578; baseline -0.019 -13"><span class='ocrx_word' id='word_1_926' title='bbox 2070 5509 2192 5578; x_wconf 77' lang='grc'><strong>55).</strong></span> <span class='ocrx_word' id='word_1_927' title='bbox 2251 5505 2450 5560; x_wconf 88' lang='lat' dir='ltr'><strong>Paulus</strong></span> <span class='ocrx_word' id='word_1_928' title='bbox 2495 5502 2622 5555; x_wconf 86' lang='lat' dir='ltr'><strong>item</strong></span> <span class='ocrx_word' id='word_1_929' title='bbox 2669 5498 2897 5568; x_wconf 89' lang='lat' dir='ltr'><strong>idipsum</strong></span> <span class='ocrx_word' id='word_1_930' title='bbox 2969 5495 3261 5551; x_wconf 88' lang='lat' dir='ltr'><strong>clamantes</strong></span> <span class='ocrx_word' id='word_1_931' title='bbox 3315 5492 3642 5552; x_wconf 82' lang='lat' dir='ltr'><strong>increpavrt,</strong></span> 
     </span>
    </p>
   </div>
   <div class='ocr_carea' id='block_1_120' title="bbox 2131 5649 3644 5740">
    <p class='ocr_par' dir='ltr' id='par_1_120' title="bbox 2131 5649 3644 5740">
     <span class='ocr_line' id='line_1_120' title="bbox 2131 5649 3644 5740; baseline -0.026 -6"><span class='ocrx_word' id='word_1_932' title='bbox 2131 5685 2148 5716; x_wconf 77' lang='grc'>⁸</span> <span class='ocrx_word' id='word_1_933' title='bbox 2171 5691 2313 5740; x_wconf 81' lang='lat' dir='ltr'><strong>Unus,</strong></span> <span class='ocrx_word' id='word_1_934' title='bbox 2326 5685 2374 5731; x_wconf 87' lang='lat' dir='ltr'><strong>et</strong></span> <span class='ocrx_word' id='word_1_935' title='bbox 2401 5678 2646 5728; x_wconf 75' lang='lat' dir='ltr'><strong>sexcentos</strong></span> <span class='ocrx_word' id='word_1_936' title='bbox 2669 5669 2787 5721; x_wconf 75' lang='lat' dir='ltr'><strong>alios</strong></span> <span class='ocrx_word' id='word_1_937' title='bbox 2807 5659 3064 5716; x_wconf 82' lang='lat' dir='ltr'><strong>innumeris</strong></span> <span class='ocrx_word' id='word_1_938' title='bbox 3085 5653 3222 5706; x_wconf 81' lang='lat' dir='ltr'><strong>malis</strong></span> <span class='ocrx_word' id='word_1_939' title='bbox 3245 5649 3644 5704; x_wconf 75' lang='lat' dir='ltr'><strong>circumdederat.</strong></span> 
     </span>
    </p>
   </div>
  </div>
