4076 6150
332 343 428 398 ριι

328 450 537 511 etiamsi
574 447 645 510 id,
687 442 829 516 quod
883 437 1171 499 dicebam,
1223 433 1353 487 utile
1396 438 1576 493 esset;
1627 425 1721 480 sed
1778 424 1897 477 illos

332 545 499 615 magis
560 538 827 608 magisque
874 528 1207 597 deprimens,
1237 533 1528 587 eorumque
1556 526 1746 571 contra
1800 527 1900 567 nos

334 610 550 687 insidias
574 631 878 685 obstruens,
904 623 1061 676 etiam
1085 632 1206 671 cum
1235 612 1481 669 salutaria
1504 610 1745 679 dogmata
1768 622 1906 676 prae-

334 726 597 783 dicarent,
625 714 988 788 pr0pnlsabat,
1017 723 1201 765 eorum
1230 706 1510 758 obstruens
1536 716 1651 764 ora,
1672 698 1907 769 ipsisque

336 786 907 874 silcntiumiimperaus
939 803 1072 870 (Act.
1102 798 1188 851 16.
1218 794 1328 861 18).
1359 792 1560 846 Idcirco
1607 802 1777 857 neque
1821 786 1908 839 hic

337 901 580 955 Christus
620 897 773 951 dictis
812 890 1040 946 annuit:
1080 886 1170 941 sed
1195 883 1320 954 quid
1368 880 1522 934 ait“?
1555 878 1676 931 Non
1719 878 1771 929 in
1800 875 1910 929 solo

339 1008 470 1061 pane
495 990 620 1043 vivet
656 987 823 1039 homo.
845 979 994 1046 Quod
1018 992 1146 1031 vero
1162 975 1306 1035 dicit,
1337 968 1633 1039 hujusmodi
1663 977 1774 1020 est:
1808 964 1911 1017 Po-

342 1092 445 1136 test
466 1082 605 1133 Deus
629 1076 788 1130 etiam
832 1070 998 1124 verbo
1026 1065 1352 1121 esurientem
1403 1060 1566 1122 alere,
1614 1070 1681 1109 ex
1733 1054 1910 1107 Veteri

343 1174 619 1240 Scriptura
651 1162 1011 1221 testimonium
1054 1158 1303 1216 aiferens,
1332 1167 1396 1206 ac
1430 1151 1650 1213 docens,
1674 1144 1916 1215 quamvis

347 1266 665 1323 esuriamus,
698 1254 939 1327 quamvis
965 1250 1109 1305 aliud
1136 1246 1407 1318 quidpiam
1438 1241 1733 1312 patiamur,
1759 1250 1916 1289 num-

342 1368 499 1426 quam
528 1367 557 1404 a
586 1348 809 1403 Domino
834 1339 1194 1398 absistendum
1218 1349 1357 1390 esse.

415 1445 468 1498 5.
500 1438 653 1507 Quod
693 1438 737 1491 si
781 1436 898 1505 quis
922 1430 1148 1491 dixerit,
1194 1427 1354 1481 Certe
1394 1418 1675 1491 oportebat
1691 1417 1743 1470 id
1769 1415 1919 1470 exhi-

346 1505 876 1598 berezvrespondebo
913 1522 1011 1590 ipsi
1033 1518 1203 1583 ,Cur,
1250 1525 1304 1570 et
1328 1527 1429 1581 qua
1454 1511 1522 1565 de
1554 1509 1757 1563 causa?
1804 1505 1919 1559 Non

348 1625 515 1687 enim,
558 1630 615 1674 ut
639 1617 901 1678 crederet,
944 1610 996 1664 id
1041 1609 1130 1662 ille
1159 1605 1405 1666 dicebat;
1453 1599 1545 1654 sed
1575 1606 1632 1651 ut
1660 1604 1919 1665 quantum

686 1749 700 1771 ,
773 1706 841 1759 de
904 1698 1275 1757 incredulitate
1332 1694 1502 1761 ipsum
1558 1688 1921 1743 convinceret.

352 1773 790 1870 Quandoquidem
835 1793 1036 1862 primos
1056 1786 1301 1842 homines
1330 1783 1408 1836 sic
1460 1777 1701 1845 decepit,
1743 1784 1798 1829 ct
1833 1773 1926 1826 de-

354 1890 669 1950 monstravit
697 1889 839 1956 ipsos
860 1898 969 1937 non
997 1879 1221 1934 multum
1242 1875 1352 1928 Deo
1380 1871 1619 1925 credere.
1638 1866 1772 1921 Nam
1800 1879 1928 1918 con-

357 1985 512 2040 traria
545 1983 609 2035 iis
633 1995 751 2051 qua:
784 1978 923 2030 Deus
958 1969 1299 2037 dixeratipse
1329 1962 1632 2033 pollicitus,
1662 1957 1806 2011 inani
1829 1968 1924 2010 eos

355 2090 451 2143 spe
480 2070 691 2131 inﬂans,
725 2074 884 2134 atque
926 2063 979 2116 in
1007 2056 1433 2114 incredulitatem
1477 2050 1766 2116 conjiciens
1790 2086 1806 2108 ,
1851 2044 1929 2097 sic

355 2136 514 2219 etiam
541 2177 604 2214 ex
647 2159 708 2212 iis
738 2170 855 2226 quae
884 2150 1229 2223 possidebant
1275 2143 1429 2197 bonis
1459 2138 1674 2207 dejecit.
1730 2136 1927 2189 Verum

356 2254 600 2308 Christus
628 2222 1053 2304 sese—monstrat,
1075 2251 1249 2304 neque
1278 2232 1509 2293 diabolo,
1540 2222 1931 2296 neqchudmis

359 2344 543 2399 eadem
574 2354 691 2406 qua:
712 2333 950 2389 diabolus
966 2326 1315 2383 sentientibus
1340 2321 1816 2387 obtemperantem,
1837 2326 1933 2365 nos

361 2434 557 2500 ubiqne
584 2401 804 2485 docens,
838 2417 1047 2475 etiamsi
1068 2414 1333 2486 possimus
1358 2408 1552 2476 aliquid
1581 2403 1814 2473 operari,
1848 2401 1931 2453 ni—

364 2522 439 2576 hil
465 2530 641 2574 tamen
672 2524 875 2568 temere
900 2518 954 2563 et
975 2507 1091 2561 sine
1115 2516 1272 2557 causa
1296 2496 1598 2553 faciendum
1626 2508 1746 2547 esse
1770 2532 1784 2553 .
1827 2492 1934 2544 imo

365 2625 467 2666 nec
490 2610 533 2662 si
558 2604 845 2661 necessitas
872 2600 1051 2659 instet,
1067 2591 1278 2649 diabolo
1298 2603 1417 2645 esse
1438 2580 1932 2652 obtemperandum.

364 2701 501 2770 Quid
527 2699 700 2767 agitur
728 2687 1088 2749 exsecrandus
1115 2685 1206 2738 ille
1220 2683 1393 2737 victus
1420 2678 1545 2732 fecit
1570 2678 1592 2730 ζ)
1646 2675 1933 2741 Postquam

368 2792 592 2848 suadere
619 2802 724 2841 non
754 2788 1006 2855 potuerat
1030 2786 1088 2831 ut
1110 2776 1316 2844 jussum
1343 2774 1746 2838 exsequeretur,
1777 2763 1937 2817 etiam

369 2893 514 2937 tanta
542 2853 772 2935 instante
795 2875 960 2935 fame,
993 2870 1062 2924 ad
1086 2865 1226 2922 aliud
1252 2858 1728 2934 proceditdicens:
1777 2854 1829 2909 6.
1878 2853 1937 2907 Si

370 2974 420 3029 F
422 2974 538 3028 ilius
564 2970 659 3024 Dei
688 2984 758 3034 es,
787 2966 927 3019 mitte
956 2972 1002 3015 te
1034 2960 1287 3014 deorsum.
1340 2953 1600 3021 Scriptum
1645 2958 1718 3002 est
1759 2946 1890 2999 enim
1916 2959 1933 2997 :

374 3061 624 3130 Quoniam
666 3055 858 3126 angelis
904 3051 1009 3105 suis
1050 3045 1308 3101 mandauit
1358 3042 1422 3093 de
1449 3050 1525 3103 te,
1556 3049 1601 3090 et
1628 3040 1682 3089 in
1710 3036 1941 3088 manibus

372 3126 545 3205 tollent
566 3159 613 3202 te
648 3146 811 3217 (Psal.
840 3139 1068 3208 90.“).
1120 3136 1229 3192 Cur
1283 3132 1508 3201 singulis
1555 3126 1938 3183 tentationibus

377 3242 481 3295 hoc
504 3215 800 3311 prmmittit,
826 3232 886 3287 Si
918 3230 965 3285 F
966 3230 1084 3283 ilius
1114 3226 1208 3280 Dei
1231 3223 1327 3277 es?
1372 3220 1523 3288 Quod
1550 3219 1659 3288 jam
1686 3218 1834 3286 prius
1863 3215 1941 3270 fe-

372 3304 537 3395 cerat,
558 3328 610 3383 id
635 3334 689 3381 et
707 3339 847 3379 nunc
873 3322 1016 3375 facit.
1044 3318 1193 3373 Sicut
1218 3315 1360 3370 enim
1381 3322 1508 3367 tunc
1541 3310 1652 3364 Deo
1682 3304 1940 3362 detrahe-

373 3422 466 3476 bat
492 3421 573 3475 his
597 3417 794 3481 verbis,
841 3414 1161 3480 Quacumque
1186 3407 1268 3460 die
1313 3401 1626 3459 comederitis
1648 3439 1663 3464 ,
1715 3398 1945 3466 aperien-

376 3525 461 3567 tur
507 3512 637 3565 oculi
677 3507 822 3561 vestri
864 3503 1018 3573 (Gen.
1046 3503 1099 3557 5.
1130 3499 1236 3567 5);
1286 3497 1368 3550 his
1426 3491 1710 3547 ostendere
1762 3488 1947 3541 volens

376 3606 522 3669 ipsos
566 3601 817 3667 deceptos
847 3610 907 3647 ac
931 3593 1146 3647 delusos
1192 3587 1386 3649 fuisse,
1429 3583 1665 3650 nihilque
1705 3576 1945 3633 beneficii

377 3666 785 3759 accepisseaita
839 3694 893 3737 et
918 3682 1005 3735 hic
1038 3680 1266 3748 idipsum
1311 3672 1652 3729 subindicans
1691 3668 1764 3720 ait
1809 3683 1824 3719 :
1876 3666 1951 3718 ’l‘e

379 3754 574 3836 frustra
605 3777 771 3830 filium
797 3770 1005 3826 vocavit
1030 3809 1045 3832 ,
1075 3782 1138 3821 ac
1183 3766 1325 3818 dono
1355 3772 1405 3816 te
1435 3760 1618 3815 fefellit
1649 3778 1661 3813 :
1714 3765 1859 3810 certe
1906 3754 1949 3807 si

382 3885 488 3925 non
523 3869 594 3922 ita
623 3881 683 3920 se
708 3878 794 3918 res
815 3861 1027 3925 habeat,
1058 3855 1312 3912 ostendas
1346 3852 1501 3907 nobis
1528 3857 1743 3920 oportet
1792 3860 1843 3900 te
1869 3858 1950 3898 ta-

384 3962 487 4015 lem
536 3958 733 4011 habere
787 3959 1124 4022 potestatem.
1156 3944 1357 4000 Deinde
1384 3984 1399 4008 ,
1422 3940 1676 4010 quoniam
1706 3954 1771 3992 ex
1802 3936 1949 3991 Scri-

384 4052 552 4123 ptnris
581 4051 747 4117 ipsum
784 4045 1085 4113 alloqnutus
1106 4047 1251 4103 erat,
1282 4037 1395 4105 ipse
1424 4047 1635 4104 quoque
1684 4029 1955 4100 prepheta:

385 4140 741 4199 testimonium
768 4136 943 4191 aﬂ'ert.

454 4233 699 4289 Diabolus
717 4247 802 4297 per
827 4226 1117 4298 patientiam
1137 4230 1504 4290 superatur.—-
1522 4215 1629 4270 Cur
1655 4229 1781 4283 ergo
1806 4211 1961 4266 Chri—

386 4335 500 4381 stus
546 4337 649 4375 non
693 4318 1023 4385 indignatus,
1056 4329 1159 4365 non
1187 4316 1528 4376 exasperatus
1557 4313 1638 4359 est
1660 4346 1674 4369 ,
1708 4302 1799 4358 sed
1838 4317 1960 4355 cum

386 4408 793 4471 mansuetudine
822 4404 982 4459 multa
1015 4413 1197 4455 rursus
1218 4414 1284 4452 ex
1325 4394 1612 4464 Scripturis
1641 4394 1810 4460 ipsum
1832 4390 1962 4443 allo—

388 4505 587 4575 quitur,
618 4500 840 4553 dicens:
864 4496 917 4547 7.
949 4492 1068 4545 Non
1098 4487 1306 4541 tentabis
1335 4485 1607 4538 Dominum
1635 4482 1795 4534 Deum
1823 4491 1962 4532 tuam

391 4570 567 4664 (Deut.
596 4592 650 4645 ϐ.
676 4587 801 4659 l6)?
831 4585 899 4640 Ut
926 4598 1023 4636 nos
1056 4580 1267 4642 doceat,
1300 4592 1404 4629 non
1426 4589 1520 4643 per
1542 4574 1712 4641 signa,
1745 4570 1838 4624 sed
1872 4586 1965 4638 per

391 4662 699 4755 patientiam
730 4673 1089 4745 superandum
1116 4669 1387 4723 diabolum
1413 4679 1552 4728 esse,
1586 4662 1819 4730 nihilque
1842 4676 1961 4713 om-

394 4776 520 4829 n'ino
563 4772 629 4825 ad
658 4768 1065 4824 ostentationem
1095 4775 1215 4817 esse
1262 4755 1582 4813 faciendum.
1634 4752 1759 4821 Ejus
1808 4766 1967 4819 porro

395 4862 672 4917 stultitiam
703 4860 783 4911 vel
805 4859 871 4912 ab
895 4873 961 4911 eo
988 4852 1126 4924 quod
1153 4850 1327 4904 attulit
1358 4843 1660 4901 testimonio
1677 4842 1963 4911 perpende.

393 4951 525 5006 Nam
551 4948 846 5002 testimonia
872 4962 902 4999 a
922 4944 1143 4998 Domino
1170 4941 1327 4994 allata
1359 4938 1516 4992 ambo
1547 4931 1832 4987 admodum
1874 4946 1972 4999 op-

396 5049 622 5114 portune
642 5036 872 5090 adhibita
899 5044 1054 5099 sunt;
1078 5048 1195 5102 quae
1221 5041 1397 5086 autem
1424 5028 1600 5083 abillo
1624 5032 1968 5093 nsurpantnr,

397 5144 599 5186 temere
624 5137 679 5183 et
702 5127 879 5194 inepte
904 5123 1263 5191 proferuntur,
1293 5136 1390 5174 nec
1415 5118 1478 5171 ad
1505 5132 1618 5171 rem
1643 5113 1965 5185 propositam

398 5218 799 5279 accommodata
828 5224 969 5270 sunt.
995 5214 1176 5282 Neque
1201 5212 1341 5267 enim
1374 5208 1501 5263 illud
1522 5248 1537 5274 ,
1577 5208 1833 5275 Scriptum
1864 5211 1970 5269 est,

402 5313 608 5383 Angelis
631 5310 736 5363 suis
765 5304 1017 5359 mandavit
1059 5302 1122 5355 de
1166 5311 1235 5367 te,
1273 5299 1460 5354 suadet
1483 5312 1602 5351 sese
1647 5295 1970 5363 prmcipitem

402 5405 530 5459 dare
560 5420 575 5457 :
606 5399 839 5469 alioquin
864 5410 993 5451 vero
1020 5409 1123 5448 non
1147 5392 1214 5447 de
1245 5390 1473 5445 Domino
1497 5387 1598 5441 hoc
1636 5386 1845 5440 dicitur.
1875 5387 1972 5438 At-

408 5509 581 5551 tamen
610 5495 711 5549 hoc
736 5493 826 5547 ille
869 5504 974 5544 non
1001 5486 1213 5549 refellit,
1245 5482 1345 5538 etsi
1371 5478 1751 5535 contumeliose
1795 5475 1978 5529 diabo-

409 5589 493 5642 lus
518 5587 657 5641 dicto
680 5600 806 5638 usus
823 5581 1028 5645 fuisset,
1053 5577 1311 5645 valdeque
1332 5570 1599 5627 contrario
1615 5584 1793 5625 sensu.
1812 5566 1978 5622 Nemo

469 5699 487 5730 ι
521 5703 666 5755 Unus,
688 5696 773 5745 sed
796 5693 930 5744 illum
952 5690 1143 5755 placide
1162 5683 1429 5750 redarguit,
1453 5681 1634 5732 dicens.

1057 324 1114 380 S.
1153 319 1431 378 JOANNIS
1468 309 1938 385 ClIRYSOSTQMl
1978 304 2290 363 ARCIIIEP.
2339 298 2873 357 CONSTANTINOP.

3478 295 3583 349 212

2011 421 2151 473 enim
2181 434 2211 472 a
2242 417 2376 472 Filio
2406 415 2501 470 Dei
2533 414 2636 468 hoc
2663 413 2827 481 petit,
2855 409 2947 467 sed
2967 407 3163 465 diaboli
3197 415 3251 463 et
3281 408 3588 465 daemonum

2008 511 2291 566 consilium
2306 517 2387 564 est
2408 522 2465 561 se
2490 505 2745 561 deorsum
2774 502 2984 556 mittere
3008 518 3020 553 :
3051 500 3144 554 Dei
3170 515 3321 566 vero,
3351 500 3591 569 iacentes

2010 604 2236 672 erigere.
2264 601 2395 655 Nam
2428 600 2472 654 si
2505 596 2793 666 potentiam
2819 592 3104 648 ostendere
3143 601 3448 659 oporteret,
3483 608 3590 647 non

2012 695 2243 761 seipsum
2274 688 2556 752 mittendo,
2577 686 2661 741 vel
2683 682 3081 755 praecipitando,
3101 683 3195 736 sed
3213 682 3349 737 alios
3373 697 3589 738 servan-

2013 786 2104 847 do,
2133 782 2184 836 id
2208 782 2438 835 fecisset.
2480 778 2724 846 Seipsnm
2751 777 2892 830 enim
2926 775 2976 828 in
3017 783 3284 843 praerupta
3309 783 3362 828 et
3405 775 3589 843 praeci-

2016 872 2413 958 pitia.mitlere,
2441 868 2508 923 ad
2535 867 2727 921 diaboli
2761 865 3077 934 phalangem
3106 866 3354 933 pertinet.
3381 865 3469 921 Sic
3502 865 3597 935 igi-

2016 972 2103 1017 tur
2152 954 2248 1016 ille
2276 960 2526 1014 seductor
2552 958 2747 1025 ubique
2774 970 2935 1024 agere
2963 955 3115 1009 solet.
3150 954 3257 1009 Sed
3296 955 3379 1009 his
3416 956 3593 1023 dictis,

2016 1053 2260 1108 Christus
2285 1065 2391 1105 non
2417 1064 2476 1104 se
2502 1058 2677 1101 tamen
2704 1047 2924 1109 revelat,
2951 1046 3044 1101 sed
3066 1047 3216 1115 quasi
3247 1046 3405 1100 homo
3433 1048 3480 1101 ei
3512 1049 3597 1101 in-

2022 1143 2172 1197 terim
2199 1142 2449 1211 loquitur.
2478 1140 2608 1193 Nam
2627 1138 2764 1206 quod
2792 1137 2943 1201 dixit,
2976 1136 3097 1190 Non
3120 1138 3173 1189 in
3192 1137 3301 1189 solo
3332 1154 3461 1206 pane
3475 1139 3598 1191 vivet

2022 1235 2191 1297 homo,
2222 1241 2379 1301 atque
2400 1230 2550 1293 illud,
2572 1229 2692 1282 Non
2716 1228 2924 1281 tentabis
2953 1226 3224 1279 Dominum
3247 1226 3407 1279 Drum
3434 1237 3596 1290 tuum,

2023 1339 2129 1377 non
2159 1336 2279 1377 sese
2305 1320 2590 1374 admodum
2643 1317 3027 1372 manifestantis
3070 1326 3206 1379 erat,
3244 1317 3338 1372 sed
3372 1332 3491 1371 sese
3532 1333 3597 1371 ex

2024 1421 2335 1465 cmterorum
2365 1409 2637 1463 hominum
2664 1422 2886 1461 numero
2912 1406 3253 1460 declarantis.
3284 1407 3362 1460 Ne
3390 1407 3600 1462 mireris

2026 1516 2186 1569 porro
2212 1501 2254 1553 si
2284 1500 2557 1553 Christum
2585 1498 2881 1566 alloquens,
2914 1496 3198 1551 se‘circum
3228 1512 3371 1565 salpe
3407 1506 3599 1551 vertat.

2026 1589 2483 1658 Quemadmodum
2515 1589 2656 1642 enim
2686 1586 2913 1656 pugiles,
2958 1602 3079 1640 cum
3114 1587 3285 1641 letalia
3336 1589 3603 1657 accipiunt

2027 1681 2250 1735 vulnera
2274 1721 2289 1744 ,
2320 1678 2633 1747 sanguinem
2690 1678 3220 1743 circumemittcnles,
3251 1688 3304 1732 et
3348 1681 3605 1748 vertigine

2028 1770 2167 1839 capti
2194 1768 2640 1823 circumferuntur
2668 1781 2683 1820 :
2715 1767 2792 1821 sic
2822 1776 2876 1821 et
2905 1766 2994 1820 ille
3033 1782 3063 1819 a
3093 1768 3260 1836 prima
3290 1778 3345 1821 et
3373 1769 3603 1823 secunda

2032 1860 2183 1930 plaga
2206 1857 2604 1922 obtenebratus,
2632 1870 2751 1924 quae
2780 1856 2832 1909 in
2878 1867 3110 1910 mentem
3141 1856 3360 1911 veniunt
3407 1858 3605 1928 simpli-

2030 1955 2163 2009 citer
2194 1953 2392 2022 profert
2414 1991 2430 2017 ,
2457 1960 2511 2006 et
2544 1950 2611 2004 ad
2641 1950 2856 2004 tertium
2885 1962 3230 2018 congressum
3261 1951 3522 2019 procedit.
3550 1952 3605 2005 8.

2032 2044 2102 2097 Et
2118 2052 2373 2107 assumpto
2394 2058 2452 2094 eo
2477 2042 2528 2094 in
2554 2050 2769 2093 montem
2796 2040 3046 2092 excelsam
3071 2080 3087 2103 ,
3116 2040 3332 2092 ostendit
3371 2040 3415 2091 ei
3441 2042 3609 2092 omnia

2032 2150 2188 2204 regna
2209 2135 2224 2163 ¹
2246 2149 2259 2197 ;
2284 2132 2407 2204 9.Aet
2424 2132 2552 2184 dixit
2581 2129 2745 2182 :ch
2767 2130 2936 2182 omnia
2961 2129 3048 2181 tibi
3068 2130 3197 2181 dabo
3223 2130 3264 2183 si
3286 2130 3467 2182 cadens
3487 2132 3611 2182 ado-

2034 2224 2221 2276 raveris
2250 2200 2454 2274 ηιελο.
2479 2220 2621 2273 Tunc
2642 2219 2763 2271 dicit
2793 2219 2837 2271 ei
2866 2235 2885 2271 :
2923 2216 3063 2270 Vade
3104 2227 3234 2270 retro
3276 2235 3372 2281 me,
3411 2228 3608 2270 satana.

2037 2314 2295 2381 Scriptum
2314 2323 2385 2365 est
2405 2313 2536 2365 enim
2558 2326 2578 2363 :
2602 2309 2874 2363 Dominum
2909 2308 3070 2361 Deum
3099 2319 3237 2361 tuum
3266 2310 3502 2362 adorabis
3520 2352 3534 2373 ,
3568 2320 3614 2362 et

2036 2406 2111 2459 illi
2140 2404 2234 2458 soli
2264 2404 2443 2457 servies
2465 2400 2640 2473 (Deut.
2659 2402 2712 2454 6.
2739 2402 2846 2469 15).
2874 2401 3005 2466 Quia
3035 2400 3176 2454 enim
3197 2401 3307 2468 jam
3327 2402 3376 2453 in
3405 2401 3612 2454 Patrem

2039 2500 2208 2567 ipsum
2240 2503 2589 2565 peccaverat,
2641 2495 2817 2547 omnia
2845 2508 2964 2562 quae
3009 2493 3149 2545 illius
3175 2502 3328 2546 erant
3364 2506 3457 2545 sua
3495 2506 3615 2547 esse

2038 2590 2241 2653 dicens,
2272 2594 2329 2642 et
2363 2600 2423 2641 se
2452 2585 2611 2640 deum
2642 2584 2876 2653 profiteri
2902 2583 3182 2647 studebat,
3215 2590 3271 2635 ut
3315 2592 3614 2636 creatorem

2042 2681 2297 2746 universi,
2332 2693 2457 2734 tunc
2503 2678 2835 2746 increpavit;
2892 2692 3064 2745 neque
3093 2691 3212 2730 cum
3256 2676 3613 2740 vehementia,

2041 2773 2135 2828 sed
2161 2771 2475 2841 simpliciter
2498 2784 2513 2821 :
2552 2768 2691 2822 Vade
2716 2776 2848 2820 retro
2874 2784 2970 2832 me,
3014 2776 3213 2819 satana.
3233 2765 3383 2832 Quod
3412 2766 3617 2834 jussum

2042 2863 2209 2931 magis
2247 2869 2401 2923 erat,
2456 2874 2614 2928 quam
2668 2858 2981 2925 increpatio.
3026 2856 3190 2912 Simul
3222 2857 3417 2926 quippe
3463 2856 3616 2919 dixit,

2052 2952 2210 3015 Vade,
2237 2961 2292 3006 et
2319 2952 2514 3020 fugavit
2540 2952 2704 3003 illum.
2730 2948 2910 3017 Neque
2925 2949 3066 3001 enim
3088 2948 3219 3001 alias
3246 2947 3341 3015 ipsi
3376 2948 3621 3001 tentatio-

2044 3058 2141 3098 nes
2169 3043 2377 3098 obtulit.

2115 3137 2166 3190 4.
2195 3133 2458 3200 Quomodo
2486 3132 2713 3186 Christus
2738 3147 2932 3184 omnem
2958 3132 3273 3183 tentationem
3302 3146 3621 3184 consumma-

2046 3228 2187 3280 verit.
2217 3225 2405 3278 Contra
2432 3222 2645 3276 habendi
2667 3221 3083 3291 cupiditatem.—-
3103 3222 3170 3275 Et
3192 3221 3490 3289 quomodo.
3536 3222 3619 3273 in-

2048 3317 2216 3387 quies,
2248 3316 2417 3369 Lucas
2443 3314 2535 3376 ait,
2566 3314 2736 3381 ipsum
2758 3327 2969 3366 omnem
3003 3312 3347 3366 tentationem
3377 3327 3623 3367 consum-

2049 3408 2279 3462 tnavisse
2305 3405 2455 3473 (Luc.
2490 3405 2541 3459 ι.
2574 3403 2708 3473 15)?
2741 3402 2961 3457 Videtur
3001 3403 3131 3457 mihi
3162 3412 3220 3456 ut
3245 3404 3623 3470 capitateuta-

2052 3500 2253 3553 tiounm
2273 3497 2493 3559 diceret,
2511 3509 2697 3548 omnes
2724 3493 2942 3559 dixisse,
2965 3493 3114 3562 quasi
3136 3493 3256 3547 aliis
3279 3494 3378 3547 hoc
3405 3510 3625 3547 numero

2050 3587 2468 3659 Comprehensis.
2498 3586 2628 3640 Nam
2652 3585 2763 3639 haec
2786 3585 2944 3647 mala,
2965 3585 3238 3637 innumera
3266 3585 3366 3637 alia
3394 3585 3628 3653 comple-

2052 3690 2287 3745 ctuntur,
2309 3678 2479 3734 ventri
2503 3677 2723 3740 servire,
2748 3676 2814 3729 ad
2837 3690 3025 3729 vanam
3049 3676 3270 3744 gloriam
3298 3675 3420 3742 quid
3448 3690 3625 3743 agere,

2055 3773 2252 3827 furioso
2289 3769 2627 3839 pecuniarum
2672 3780 2855 3820 amore
2899 3765 3089 3818 teneri.
3138 3763 3287 3829 Quod
3316 3779 3434 3816 cum
3465 3764 3630 3819 sciret

2056 3864 2348 3919 sceleratus
2400 3861 2517 3925 ille,
2567 3857 2814 3911 omnibus
2856 3856 3222 3921 valentiorem,
3278 3856 3629 3909 insatiabilem

2058 3955 2285 4011 habendi
2311 3952 2678 4021 cupiditatem,
2700 3950 2938 4002 ultimam
2968 3948 3170 4017 posuit;
3204 3947 3252 4001 id
3276 3948 3387 4016 jam
3420 3957 3543 4001 ante
3577 3957 3632 4000 et

2057 4060 2088 4098 a
2118 4044 2376 4114 principio
2414 4041 2731 4111 parturiens,
2780 4038 2873 4093 sed
2917 4049 3241 4106 postremum
3272 4052 3511 4101 servans,
3546 4046 3631 4089 ut-

2062 4145 2182 4205 pote
2210 4133 2434 4187 validius
2468 4130 2697 4186 cmteris.
2744 4128 2871 4183 Haec
2893 4128 3090 4196 quippe
3135 4127 3299 4196 ipsius
3329 4126 3635 4180 certaminis

2062 4227 2143 4281 lex
2170 4234 2273 4290 est,
2318 4233 2376 4277 ut
2401 4238 2521 4293 quae
2541 4220 2786 4274 videntur
2821 4219 2886 4272 ad
2932 4217 3376 4287 supplantandum
3406 4218 3633 4287 aptiora,

2060 4327 2330 4388 postrema
2355 4315 2559 4368 afferat.
2592 4312 2742 4378 Quod
2772 4310 2931 4364 etiam
2968 4310 3107 4363 circa
3137 4308 3327 4363 Jobum
3374 4307 3518 4363 fecit.
3548 4308 3605 4363 ld
3630 4338 3635 4339 ί

2063 4408 2204 4461 circo
2232 4406 2317 4459 hic
2345 4419 2499 4459 orsus
2519 4404 2585 4457 ab
2613 4403 2675 4457 iis
2704 4417 2820 4471 qua:
2852 4400 3162 4455 videbantur
3185 4400 3475 4454 infirmiora
3495 4414 3636 4466 esse,

2065 4497 2131 4551 ad
2160 4496 2420 4549 valentius
2446 4493 2704 4563 procedit.
2751 4490 3030 4559 Quomodo
3073 4500 3249 4544 autem
3292 4490 3394 4546 hoc
3441 4492 3638 4546 malum

2066 4589 2280 4642 vincere
2308 4584 2553 4655 Oportet?
2584 4583 2650 4638 Ut
2673 4582 2918 4636 Christus
2936 4580 3135 4645 docuit,
3164 4579 3229 4635 ad
3258 4580 3426 4635 Deum
3456 4581 3641 4636 confu-

2068 4679 2258 4749 giendo
2304 4694 2320 4730 :
2371 4678 2440 4730 ita
2467 4684 2651 4730 utnec
2695 4676 2832 4728 fame
2859 4672 3222 4739 concidamus,
3264 4673 3545 4729 credentes
3593 4677 3645 4729 ei

2069 4772 2156 4842 qui
2188 4778 2364 4840 potest
2391 4769 2550 4822 etiam
2580 4766 2740 4820 verbo
2763 4779 2999 4834 pascere,
3035 4779 3133 4818 nec
3167 4764 3217 4817 in
3239 4764 3393 4820 bonis
3420 4781 3538 4834 qua:
3558 4780 3649 4820 ac-

2071 4870 2329 4939 cepimus,
2357 4867 2596 4922 datorem
2622 4874 2908 4928 tentemus;
2942 4861 3036 4917 sed
3064 4876 3293 4932 superna
3321 4860 3490 4930 gloria
3517 4874 3645 4915 con-

2074 4962 2225 5025 tenti,
2259 4959 2502 5025 humana:
2526 4957 2720 5011 nullam
2754 4956 3040 5010 habeamus
3061 4955 3344 5018 rationem,
3375 4961 3429 5007 et
3456 4951 3651 5020 ubique

2073 5050 2215 5120 quod
2241 5050 2564 5117 superﬂuum
2583 5056 2685 5109 est,
2707 5045 3084 5114 despiciamns.
3107 5044 3246 5101 Nihil
3273 5042 3413 5097 enim
3437 5042 3507 5094 ita
3532 5040 3649 5093 dia-

2076 5141 2199 5195 bolo
2229 5140 2497 5194 subditum
2536 5136 2730 5201 reddit,
2761 5145 2817 5190 ut
2847 5135 3161 5190 insatiabilis
3188 5132 3415 5188 habendi
3444 5129 3651 5199 cupidi-

2079 5240 2270 5312 las,‘et
2293 5230 2535 5283 avaritia.
2570 5228 2730 5297 quue
2757 5244 2821 5283 es
2851 5228 2916 5282 iis
2938 5242 3057 5297 quae
3086 5240 3228 5280 nunc
3251 5224 3503 5279 eveniunt
3532 5237 3654 5275 cerv

2077 5338 2211 5377 nere
2264 5328 2366 5375 est.
2407 5318 2544 5373 Sunt
2586 5318 2728 5372 enim
2778 5318 2867 5386 qui
2920 5317 3143 5373 dicant:
3174 5315 3301 5369 Haic
3343 5314 3519 5369 omnia
3562 5311 3655 5366 tibi

2079 5412 2362 5474 dabimus,
2417 5409 2463 5464 si
2517 5408 2714 5463 cadens
2771 5405 3392 5462 adoraveriszhomines
3442 5401 3654 5474 quidem

2082 5513 2292 5567 natura,
2324 5500 2418 5556 sed
2461 5501 2813 5555 instrumenta
2844 5500 3036 5555 diaboli
3062 5497 3258 5553 edocti.
3295 5495 3426 5551 Nam
3455 5504 3510 5550 et
3535 5502 3661 5548 tunc

2145 5613 2162 5644 ι
2198 5620 2307 5681 εδοξε
2328 5611 2415 5682 has
2436 5624 2597 5663 voces.
2623 5611 2784 5662 omnia
2804 5622 2969 5673 regna,
2994 5608 3187 5670 quidam
3205 5606 3403 5667 addunt,
3426 5601 3595 5655 mundi
3616 5609 3661 5655 et

2084 5672 2287 5739 gloriam
2312 5673 2433 5735 ejus.
