4076 6150
429 334 460 384 6
513 332 931 406 Δουκάς·δηλῶν
977 332 1183 403 ἔλεγεν,
1223 334 1304 388 δτι
1336 335 1496 401 Ἕως
1532 335 1743 404 καιροῦ
1785 337 2022 406 ἀπέστη

432 412 536 464 ἀπ’
568 413 788 469 αὐτοῦ·
827 412 1005 485 δηλῶν
1035 414 1118 468 ὅτι
1153 416 1292 486 μετά
1328 415 1497 468 ταῦτα
1534 415 1622 468 διὰ
1662 415 1769 469 τῶν
1807 417 2026 471 οίκείων

433 488 683 566 όργάνων
726 492 875 565 αύτῷ
905 489 1158 566 προσῄει.
1204 493 1316 548 Καὶ
1366 494 1494 548 ιδοὺ
1533 493 1777 564 ἄγγελοι
1835 509 2026 564 προσ-

434 564 650 636 ῆλθον,
707 573 805 626 καί
841 564 1172 641 διηκόνουν
1209 571 1404 638 αὐτῷ.
1447 572 1641 626 Ἦνίκα
1691 575 1799 645 γὰρ
1823 575 1894 628 τά
1927 575 2025 643 τῆς

433 649 746 719 προσϐολῆς
802 650 1031 720 ἐγίνετο,
1079 652 1180 704 οὐκ
1221 651 1403 704 εἴασεν
1451 653 1649 716 αὐτοὺς
1694 653 2022 722 φαίνεσθαι,

435 727 580 782 ὥστε
617 729 692 801 μὴ
713 729 887 802 ταύτῃ
919 730 1148 800 σοϐἦσαι
1193 733 1293 800 τὴν
1321 730 1499 801 ἄγραν
1519 749 1533 762 ·
1559 732 1747 803 ἐπειδὴ
1777 733 1833 786 δὲ
1859 733 2022 786 αὑτὸν

437 810 499 860 ἐν
521 808 724 864 ἅπασιν
749 810 965 881 ἧλεγξε,
997 813 1091 863 καὶ
1135 809 1499 880 δραπετεῦσαι
1549 813 1928 883 παρεσκεύασε
1953 815 2022 878 ⁸⁷,

437 885 560 941 τότε
585 887 876 958 ’φαίνονται
906 892 1136 942 ἐκεῖνοι·
1165 889 1254 942 ἵνα
1287 890 1382 943 καὶ
1411 889 1560 962 [173]
1597 893 1660 945 σὺ
1691 891 1888 962 μάθῃς,
1942 894 2024 944 ὅτι

441 967 534 1023 καὶ
573 969 631 1022 σὲ
665 970 802 1040 μετὰ
829 969 926 1032 τὰς
960 971 1080 1023 κατ’
1101 969 1307 1023 ἐκεῖνον
1335 971 1381 1001 ⁸⁸
1420 971 1578 1034 νίκας
1605 972 1824 1040 ἄγγελοι
1853 970 2026 1036 δέξον-

438 1064 552 1112 ται,
593 1047 911 1120 κροτοῦντες
939 1049 1033 1101 καὶ
1065 1047 1489 1119 δορυφοροῦντες
1518 1052 1574 1104 ἐν
1613 1050 1839 1104 ἅπασιν.
1868 1049 2026 1102 Οὕτω

439 1125 572 1194 γοῦν
594 1127 686 1180 καὶ
708 1126 798 1180 τὸν
820 1126 1070 1197 Λάζαρον
1101 1127 1240 1198 μετὰ
1265 1128 1366 1198 τὴν
1381 1129 1612 1199 κάμινον
1631 1131 1731 1199 τῆς
1751 1128 2026 1200 πτωχείας

442 1205 651 1260 καὶτοῦ
675 1205 836 1277 λιμοῦ
863 1207 958 1259 καὶ
997 1207 1098 1276 τῆς
1133 1208 1498 1279 στενοχωρίας
1528 1210 1763 1279 ἀπάσης,
1803 1209 2025 1278 ἄγγελοι

443 1285 698 1349 λαϐόντες
726 1285 988 1354 ἀπῆλθον.
1025 1287 1200 1358 Ὅπερ
1229 1288 1338 1356 γὰρ
1369 1287 1540 1359 ἔφθην
1567 1287 1732 1342 εἰπὼν
1787 1289 1956 1342 πολλὰ
1999 1291 2026 1342 6

443 1364 676 1436 Χριστὸς
719 1365 1094 1419 ἐπιδείκνυται
1132 1366 1246 1432 νῦν,
1282 1361 1358 1420 ὧν
1398 1367 1496 1420 καὶ
1531 1370 1693 1439 ήμεῖς
1730 1367 2026 1423 ἀπολαύειν

446 1444 715 1515 μέλλομεν
740 1445 808 1498 ⁸³.
853 1445 1009 1500 Ἐπεὶ
1047 1442 1140 1499 οὖν
1178 1446 1351 1500 ταῦτα
1383 1450 1559 1503 πάντα
1600 1448 1687 1503 διὰ
1719 1449 1778 1500 σέ
1809 1450 2024 1518 γέγονε,

442 1523 685 1594 ζήλωσον
734 1523 827 1578 καὶ
861 1525 1098 1594 μίμησαι
1125 1525 1224 1595 τὴν
1263 1527 1442 1598 νίκην.
1477 1525 1597 1581 Κᾶν
1630 1527 1900 1600 προσέλθῃ
1945 1527 2026 1580 σοί

440 1620 526 1665 τις
572 1602 680 1655 τῶν
713 1601 806 1656 τοῦ
854 1603 1106 1673 δαίμονος
1161 1605 1370 1658 ἐκείνου
1411 1606 1784 1678 θεραπευτῶν.
1833 1610 1926 1660 καὶ
1959 1611 2027 1663 τά

443 1681 654 1736 ἐκείνου
701 1681 1065 1752 φρονούντων,
1093 1683 1369 1748 ὀνειδίζων
1417 1688 1510 1740 καὶ
1543 1685 1750 1754 λέγων·
1791 1681 1854 1738 Εἰ
1897 1688 2028 1742 θαυ-

446 1762 653 1833 μαστὸς
679 1758 848 1816 εἶκαὶ
877 1762 1073 1834 μέγας,
1112 1766 1457 1837 μετάστησον
1478 1764 1540 1819 τὸ
1569 1767 1727 1838 ὅρος·
1757 1767 1830 1836 μή
1860 1785 2029 1839 ταρα-

442 1843 599 1913 χθῇς,
653 1842 788 1912 μηδέ
836 1841 1147 1915 θορυϐηθῇς
1178 1863 1192 1876 ·
1252 1845 1390 1899 ἀλλά
1430 1846 1475 1877 ⁶⁰
1534 1846 1671 1916 μετά
1723 1849 2031 1912 ἐπιεικείας

437 1922 756 1992 ἀπόκριναι,
773 1921 869 1974 καὶ
888 1923 1009 1976 είπὲ
1034 1924 1169 1996 ὅπερ
1191 1925 1231 1956 ⁶¹
1260 1926 1351 1979 τοῦ
1373 1926 1644 1979 Δεσπότου
1671 1945 1765 1980 σου
1788 1930 2030 2000 ήκουσας

439 2001 690 2068 λέγοντος
709 2015 722 2031 ·
760 2001 880 2055 Οὐκ
902 2001 1284 2072 ἐκπειράσεις
1313 2005 1532 2073 Κύριον
1556 2005 1664 2058 τὸν
1701 2008 1853 2060 Θεόν
1887 2023 2024 2061 σου.

440 2079 560 2134 Κάν
612 2081 820 2145 ἐκεῖνος
866 2081 1023 2146 δόξαν
1071 2084 1164 2137 καὶ
1197 2083 1516 2138 δυναστείαν
1568 2085 2025 2158 προϐαλλόμενος,

433 2161 536 2214 καὶ
567 2162 870 2233 χρημάτων
902 2162 1103 2233 πλῆθος
1129 2164 1377 2236 ἄπειρον,
1401 2163 1656 2237 κελεύῃ⁶²
1678 2167 2026 2236 προσκυνεῖν,

443 2241 603 2312 στῆθι
627 2241 790 2295 πάλιν
818 2243 1100 2310 γενναίως.
1144 2243 1281 2296 Οὐδὲ
1314 2244 1422 2314 γὰρ
1455 2244 1547 2298 ἐπὶ
1573 2243 1667 2298 τοῦ
1709 2244 1891 2300 κοινοῦ
1934 2247 2032 2299 Δε-

445 2320 642 2375 σπότου
690 2321 906 2375 πάντων
961 2321 1117 2392 ήμῶν
1161 2320 1318 2374 τοῦτο
1362 2324 1661 2393 πεποίηκεν
1708 2326 1736 2377 6
1784 2325 2030 2389 διάϐολος

337 2413 350 2435 ‘
445 2403 628 2474 μόνον,
664 2405 800 2458 ἀλλὰ
835 2405 926 2458 καὶ
963 2403 1084 2457 καθ’
1135 2404 1374 2476 ἐκάστην
1409 2405 1624 2476 ἡμέραν
1669 2407 1754 2476 ἐφ’
1795 2407 2028 2460 ἑκάστου

440 2484 553 2538 τῶν
599 2485 809 2538 ἐκείνου
837 2484 1041 2536 δούλων
1065 2483 1272 2547 ταύτας
1300 2486 1570 2554 προσάγει
1597 2484 1695 2549 τάς
1739 2487 1988 2557 μηχανάς
2013 2504 2026 2518 ·

441 2567 543 2618 οὐκ
566 2567 624 2617 ὲν
658 2566 806 2637 ὄρεσι
845 2565 1005 2634 μόνον
1040 2565 1134 2617 καὶ
1158 2563 1203 2594 ⁸³
1245 2567 1301 2616 ἐν
1332 2565 1609 2634 ἐρημίαις,
1639 2565 1762 2619 οὐδέ
1809 2566 1872 2618 δι’
1905 2568 2031 2622 ἐαυ-

441 2645 559 2709 τοῦ,
590 2643 724 2696 ἀλλὰ
757 2643 852 2696 καὶ
887 2645 943 2694 ἐν
990 2643 1208 2706 πόλεσι,
1264 2643 1356 2696 καὶ
1408 2645 1464 2697 ἐν
1510 2646 1769 2717 ἀγοραῖς,
1832 2648 1926 2700 καὶ
1974 2649 2032 2701 ἐν

442 2722 836 2794 δικαστηρίοις,
860 2723 952 2775 καὶ
979 2721 1065 2774 διά
1089 2721 1197 2774 τῶν
1233 2721 1512 2789 συγγενῶν
1539 2725 1672 2794 ἡμῖν
1705 2724 2027 2795 ἀνθρώπων.

443 2801 511 2852 Τί
541 2797 633 2854 οὖν
659 2802 740 2854 δεῖ
777 2803 986 2866 ποιεῖν;
1040 2801 1316 2854 Ἀπιστεῖν
1346 2801 1494 2872 αὐτῷ
1523 2803 1773 2870 καθόλου,
1811 2807 1902 2858 καὶ
1931 2806 2032 2868 τάς

443 2881 616 2943 ἀκοὰς
635 2879 1025 2950 ἀποφράττειν,
1058 2882 1152 2934 καὶ
1181 2879 1549 2935 κολακεύοντα
1577 2885 1772 2952 μισεῖν,
1797 2885 1888 2938 καὶ
1903 2885 2032 2938 ὅταν

450 2959 674 3029 μείζονα
700 2959 1123 3030 ἐπαγγέλληται,
1139 2959 1262 3012 τότε
1287 2959 1549 3031 μειζόνως
1568 2963 2031 3034 ἀποστρέφεσθαι.

459 3039 613 3092 Ἐπεὶ
672 3040 767 3091 καὶ
815 3039 913 3110 τὴν
949 3037 1130 3103 Εὕαν,
1182 3040 1269 3092 ὅτε
1327 3040 1561 3110 μάλιστα
1612 3043 1784 3114 ἐπῆρε
1831 3043 1950 3106 ταῖς
1989 3043 2036 3074 ⁸³

441 3117 650 3183 ἐλπίσι,
686 3118 812 3171 τότε
856 3117 1142 3182 κατέϐαλε,
1191 3120 1285 3171 καὶ
1340 3119 1408 3171 τά
1455 3120 1688 3189 μέγιστα
1742 3124 2036 3191 εἰργάσατο

443 3198 613 3253 κακά.
647 3198 754 3250 Kal
784 3197 893 3269 γὰρ
929 3198 1122 3270 ἐχθρός
1167 3199 1314 3251 ἐστιν
1353 3199 1636 3264 ἄσπονδος,
1667 3201 1760 3254 καὶ
1800 3201 2036 3273 πόλεμον

445 3278 759 3349 ἀκήρυκτον
788 3277 1073 3342 ἀνεδέξατο
1109 3277 1155 3308 ⁸⁸
1191 3279 1329 3342 πρὸς
1363 3280 1532 3348 ἡμᾶς.
1579 3280 1688 3333 Καὶ
1720 3281 1818 3351 οὐχ
1863 3281 2034 3346 οὕτως

446 3360 610 3428 ᾖμεῖς
655 3355 1034 3427 σπουδάζομεν
1065 3356 1207 3428 ὑπὲρ
1245 3359 1340 3428 τῆς
1378 3357 1590 3410 ἑαυτῶν
1623 3360 1922 3430 σωτηρίας,
1960 3361 2036 3424 ὡς

446 3439 655 3500 ἐκεῖνος
691 3438 832 3509 ὑπὲρ
852 3437 952 3506 τῆς
983 3437 1259 3500 ἀπωλείας
1283 3437 1382 3508 τῆς
1405 3439 1698 3509 ἡμετέρας.
1743 3441 2037 3511 Ἀποστραο

440 3517 642 3587 φῶμεν
687 3517 865 3571 τοίνυν
917 3517 1100 3582 αὑτὸν,
1151 3517 1226 3587 μὴ
1276 3519 1485 3588 ῥήμασι
1537 3518 1718 3587 μόνον,
1767 3519 1904 3572 ἀλλά
1941 3520 2037 3572 καὶ

449 3597 631 3667 ἐργοις
654 3614 666 3626 ·
707 3597 781 3667 μὴ
814 3596 859 3628 ⁸⁸
879 3595 1120 3666 διανοίᾳ,
1147 3595 1282 3648 ἀλλά
1307 3597 1404 3648 καὶ
1419 3596 1690 3667 πράξεσι·
1734 3599 1830 3650 καὶ
1866 3599 2035 3668 μηδὲν

449 3676 696 3746 ποιῶμεν
741 3675 852 3728 τῶν
885 3677 1081 3744 ἐκείνῳ
1117 3675 1452 3728 δοκούντων·
1504 3674 1646 3728 οὓτω
1695 3677 1804 3746 γάρ
1858 3676 2036 3730 πάντα

450 3756 750 3826 ποιήσομεν
769 3754 839 3808 τά
867 3755 946 3826 τῷ
969 3753 1090 3826 Θεῴ
1127 3754 1406 3808 δοκοῦντα.
1447 3757 1558 3809 Kal
1588 3757 1693 3826 γὰρ
1724 3758 1819 3809 καί
1866 3759 2036 3825 ἐπαγ-

449 3835 699 3901 γέλλεται
726 3834 919 3900 πολλὰ,
942 3834 1040 3906 οὐχ
1063 3835 1153 3888 ἵνα
1176 3833 1271 3905 δῷ.
1299 3833 1414 3887 ἀλλ’
1439 3836 1527 3888 ἵνα
1547 3834 1708 3909 λάϐῃ.
1745 3837 2037 3907 Ἐπαγγέλ·

449 3917 600 3970 λεται
648 3916 706 3981 ἐξ
742 3915 1027 3988 ἁρπαγῆς,
1075 3915 1163 3970 ἵνα
1207 3915 1476 3985 ἀφέληται
1513 3915 1792 3986 βασιλείαν
1823 3917 1915 3970 καὶ
1958 3917 2038 3971 δι-

448 3995 769 4068 καιοσύνην·
829 3996 924 4050 καὶ
965 3995 1178 4067 τίθησιν
1232 3996 1421 4067 ῶσπερ
1453 3996 1606 4059 τινάς
1658 3995 1896 4063 παγίδας
1941 3997 2037 4051 καὶ

451 4079 700 4150 θήρατρα
747 4076 1058 4148 θησαυροὺς
1099 4079 1157 4129 ἐν
1188 4079 1254 4147 τῇ
1292 4079 1384 4147 γῇ,
1429 4075 1516 4130 ἵνα
1551 4076 1646 4130 καὶ
1685 4076 1892 4128 τούτων
1944 4078 2038 4131 καὶ

447 4159 556 4211 τῶν
579 4159 636 4211 ἐν
659 4159 770 4219 τοῖς
791 4157 1041 4226 οὐρανοῖς
1058 4157 1411 4228 ἀποστερήσῃ
1434 4155 1728 4227 θησαυρῶν
1753 4174 1764 4186 ·
1797 4155 1891 4208 καὶ
1915 4155 2038 4224 βού-

448 4238 599 4290 λεται
634 4235 868 4290 ἐνταῦθα
901 4236 1172 4296 πλουτεῖν,
1214 4237 1301 4289 ἵνα
1340 4236 1414 4306 μὴ
1448 4235 1844 4306 πλουτήσωμεν
1896 4236 2032 4289 ἐκεῖ.

445 4317 569 4370 Κάν
600 4315 675 4384 μὴ
695 4313 897 4385 δυνηθῇ
920 4313 1007 4366 διά
1041 4312 1272 4367 πλούτου
1294 4315 1394 4380 τῆς
1433 4313 1552 4365 ἐκεῖ
1574 4310 1782 4383 λήξεως
1818 4311 1966 4383 ήμᾶς
1989 4310 2033 4342 ⁶¹

447 4395 722 4456 ἐκϐαλεῖν,
765 4391 958 4463 ἑτέραν
992 4391 1210 4463 ἔρχεται
1256 4389 1356 4462 τὴν
1395 4389 1483 4444 διά
1511 4389 1612 4460 τῆς
1651 4389 1842 4453 πενίας
1871 4389 1987 4442 ὁδόν
2017 4403 2036 4422 ο

449 4477 586 4546 ὅπερ
622 4473 714 4527 ἐπὶ
741 4472 833 4526 τοῦ
878 4471 1000 4524 Ἰὼϐ
1028 4473 1346 4542 πεποίηκεν.
1387 4469 1606 4539 Ἐπειδὴ
1630 4469 1739 4540 γάρ
1764 4467 1924 4533 εἶδεν,
1953 4469 2034 4522 ὅτι

447 4555 599 4608 οὐδὲν
631 4550 1082 4614 αὐτὸνόπλοῦτος
1111 4552 1360 4622 ἠδίκησε,
1387 4548 1476 4602 διά
1503 4549 1601 4616 τῆς
1633 4549 1826 4610 πενίας
1846 4548 2036 4601 πλέκει

449 4635 518 4687 τὰ
562 4634 776 4694 δίκτυα,
827 4631 1038 4685 ἐκεῖθεν
1073 4630 1240 4684 αὑτοῦ
1291 4627 1646 4699 περιέσεσθαι
1680 4627 2034 4699 προσδοκῶν·

448 4704 510 4762 οὗ
552 4711 601 4762 τί
627 4711 824 4778 γένοιτ’
861 4709 927 4762 ἂν
965 4707 1360 4778 ἀνοητότερον;
1403 4705 1460 4758 '0
1490 4703 1599 4775 γὰρ
1621 4704 1850 4759 πλοῦτον
1875 4704 2036 4776 δυνηα

450 4791 564 4850 θεὶς
593 4789 836 4856 ἐνεγκεῖν
863 4789 1178 4859 σωφρόνως,
1222 4783 1403 4855 πολλῷ
1436 4785 1637 4855 μᾶλλον
1672 4784 1866 4838 πενίαν
1896 4785 2033 4840 οῖσει

449 4869 710 4937 γενναίως
728 4886 741 4899 ·
778 4869 872 4922 καὶ
898 4871 927 4921 6
951 4868 1238 4939 παρόντων
1259 4867 1358 4920 οὐκ
1400 4863 1687 4936 ἐπιθυμῶν
1705 4866 2027 4935 χρημάτων,

448 4947 572 5001 οὐδὲ
595 4948 801 5000 ἀπόντα
835 4948 882 4979 ⁸⁸
907 4946 1166 5017 ζητήσει·
1199 4945 1388 5016 ῶσπερ
1413 4939 1509 4998 οὖν
1537 4944 1658 4997 οὐδὲ
1687 4945 1722 4995 6
1761 4945 2032 5015 μακάριος

449 5028 572 5081 τότε
591 5027 818 5091 ἐκεῖνος,
833 5026 946 5080 ἀλλ’
971 5027 1079 5081 ἀπὸ
1098 5027 1196 5096 τῆς
1213 5026 1405 5088 πενίας
1425 5024 1809 5095 λαμπρότερος
1827 5023 2036 5092 ἐγίνετο

452 5105 636 5160 πάλιν.
669 5104 750 5158 Ta
800 5105 899 5175 μὲν
939 5105 1049 5177 γάρ
1099 5107 1358 5176 χρήματα
1412 5104 1632 5174 ἴσχυσεν
1666 5102 1963 5173 ἀφελέσθαι
2008 5105 2038 5156 6

524 5199 570 5230 ⁸⁷
609 5197 989 5266 παρεσκεύαζε
1020 5195 1157 5251 Edd.
1203 5212 1255 5266 p.
1287 5212 1338 5266 p.
1388 5195 1482 5249 καὶ
1534 5193 1597 5248 σύ
1643 5209 1755 5250 om.
1801 5195 1867 5252 A.
1904 5195 2066 5252 Euth.

453 5271 500 5303 ⁶⁹
541 5266 828 5324 ΗΘΙΚΟΝ.
871 5269 1081 5322 Ὄτιοὺ
1111 5268 1192 5321 δεῖ
1237 5266 1550 5338 προσώποις
1599 5266 1932 5320 ἀποϐλέπειν
1977 5271 2035 5338 ἐν
2066 5268 2188 5338 ταῖς
2216 5266 2565 5338 συμϐουλαῖς
2594 5307 2609 5328 ,
2669 5267 2807 5322 ἀλλά
2853 5271 2979 5332 τοὺς
3011 5269 3203 5338 λόγους
3243 5267 3355 5322 τῶν
3411 5267 3548 5338 πρὸς
3566 5267 3611 5338 -ή

2013 5336 2471 5422 ἔασιλξίαςέ.καὶ.
2489 5336 2879 5422 κριᾲσεωςει
2953 5339 2998 5422 ο·
3029 5336 3213 5422 ιλιι]

2052 5422 2128 5532 Ἦ

455 5340 760 5394 λαλούντων
787 5338 1137 5409 δοκιμάζειν·
1173 5339 1268 5392 καὶ
1301 5338 1439 5409 περι
1470 5338 1838 5409 ἀναστάσεως,
1875 5339 1969 5409 καὶ

454 5409 682 5482 ⁴¹ὅπερ]
722 5408 835 5482 6_F.
856 5407 1044 5482 ῶσπερ
1077 5408 1213 5482 Ecld.
1290 5410 1333 5440 ⁶¹
1365 5407 1573 5482 κελεύει
1616 5407 1685 5482 Β.-
1713 5408 1770 5462 D.
1794 5408 1855 5463 F.
1888 5407 2044 5482 κελεύ

460 5485 580 5552 (καὶ
613 5476 841 5552 ὀῦδέο.)
867 5480 934 5535 δι’
966 5476 1334 5552 ἐαυτοῦίιοηο
1367 5479 1550 5552 εειιειη
1580 5480 1863 5552 assignant
1885 5477 1954 5552 κβ.
1986 5476 2048 5532 F.

732 5548 911 5622 μόνον,
949 5551 1084 5605 ἀλλά
1109 5551 1202 5605 καὶ
1231 5553 1288 5622 ἐν
1308 5550 1586 5621 ἐρημίαις,
1605 5548 1714 5622 καί
1738 5553 1797 5622 ἐν
1827 5548 2036 5622 πόλεσι.
2055 5550 2225 5622 καῖμέν
2252 5550 2498 5622 ἀγοραῖς,
2525 5551 2618 5602 καὶ
2642 5551 2701 5604 ἐν
2729 5551 3246 5622 δικαστηρίοις,ᾼκαὶ
3262 5551 3384 5603 οὐδέ
3413 5551 3481 5605 δι’
3507 5549 3723 5611 ἐαυτοῦ,

456 5557 519 5607 ἐν
534 5553 690 5624 νδρεσι

1121 217 1183 275 8.
1207 218 1492 277 JOANMS
1528 217 2011 278 CllllYSOSTOMI

2136 226 2371 283 LCIIIEP.
2409 224 2961 286 CONSTANTINOP.

3600 221 3706 279 9.”

2130 341 2363 414 πονηρὸς
2389 343 2598 414 δαίμων
2622 345 2825 408 ἐκεῖνος
2845 359 2859 374 ο
2892 343 2992 414 τὴν
3013 341 3070 395 δέ
3093 340 3313 411 ἀγάπην
3340 332 3438 410 τὴν
3466 335 3603 409 πρὸς
3623 337 3712 389 τὸν

2129 420 2262 474 Θεὸν
2287 423 2348 475 οὐ
2375 421 2525 494 [174]
2561 424 2720 494 μόνον
2768 422 2992 493 ἀφελεῖν
3017 421 3116 476 οὐκ
3143 417 3407 490 ἠδυνήθη,
3438 417 3576 471 ἀλλά
3620 416 3712 470 καὶ

2125 499 2506 573 δυνατωτέραν
2519 503 2564 533 θ’
2585 501 2830 571 ἐποίησε,
2851 501 2946 556 καὶ
2969 501 3184 555 πάντων
3206 497 3370 553 αὐτὸν
3393 495 3713 566 γυμνώσας.

2129 579 2368 633 πλείοσιν
2391 581 2616 652 ἐποίησε
2640 581 2815 652 κομᾷν
2838 580 3064 648 ἀγαθοῖς
3081 595 3096 612 ·
3120 578 3200 632 διὸ
3229 578 3326 632 καὶ
3346 579 3403 630 ἐν
3435 575 3716 647 ἀμηχανίᾳ

2126 655 2216 730 ἦν.
2242 661 2394 732 ’Ὀσῳ
2421 661 2532 728 γὰρ
2573 659 2792 724 πλείους
2835 661 3082 731 ἐπήγαγε
3104 658 3152 690 ⁷⁸
3184 655 3422 728 πληγὰς,
3471 654 3714 724 τοσούτῳ

2125 741 2247 792 τότε
2285 740 2657 812 δυνατώτερον
2708 739 2858 812 ἐώρα
2907 739 3212 809 γινόμενον.
3269 737 3364 790 Διὸ
3415 736 3481 808 δὴ
3535 736 3715 790 πάντα

2127 818 2370 874 ἐπελθὼν
2387 822 2482 874 καὶ
2501 820 2922 883 διακωδωνίσας,
2945 817 3133 889 ἐπειδὴ
3149 817 3313 871 πλέον
3325 815 3483 870 ὀὐδὲν
3497 816 3713 888 ἤνυσεν,

2128 899 2222 952 ἐπὶ
2277 897 2338 951 τό
2383 899 2612 954 παλαιὸν
2650 897 2812 952 ὅπλον
2866 897 3067 970 έδραμε
3088 936 3104 962 ,
3149 895 3249 969 τὴν
3291 896 3534 965 γυναῖκα
3552 934 3569 961 ,
3621 897 3718 948 καὶ

2129 982 2473 1048 προσωπεῖον
2504 978 2795 1032 ὑποδύεται
2816 976 3162 1049 κηδεμονίας,
3186 974 3404 1040 καὶτὰς
3426 975 3714 1047 συμφορὰς

2129 1058 2465 1130 ἐκτραγῳδεῖ
2489 1059 2585 1122 τὰς
2624 1059 2834 1112 ἐκείνου
2876 1056 3080 1128 σφόδρα
3105 1055 3374 1119 ἐλεεινῶς,
3409 1056 3506 1110 καὶ
3545 1071 3717 1127 προσ-

2131 1139 2364 1190 ποιεῖται
2387 1137 2528 1208 ὑπὲρ
2557 1136 2879 1206 ἀπαλλαγῆς
2899 1134 3008 1188 τῶν
3032 1135 3239 1189 ἐκείνου
3270 1132 3458 1188 κακῶν
3477 1133 3576 1204 τὴν
3599 1133 3717 1186 ὀλε-

2131 1216 2289 1286 θρίαν
2309 1217 2525 1288 ἐκείνην
2547 1216 2848 1284 είσάγειν⁷¹
2871 1213 3204 1285 συμϐουλήν.
3242 1213 3382 1269 Ἀλλ’
3409 1213 3530 1267 οὐδὲ
3544 1213 3718 1276 οὕτως

2130 1295 2402 1365 ἐκράτησε
2425 1313 2436 1325 ·
2467 1297 2689 1368 καὶγὰρ
2707 1294 2943 1349 συνεῖδεν
2959 1290 3125 1348 αὐτοῦ
3151 1291 3212 1344 τὸ
3237 1291 3430 1363 δέλεαρ
3452 1293 3480 1345 6
3503 1292 3716 1362 θαυμα-

2131 1374 2253 1436 στὸς
2275 1377 2482 1439 ἐκεῖνος
2510 1377 2671 1447 ἀνὴρ,
2697 1375 2792 1428 καὶ
2817 1373 2955 1445 μετά
2979 1371 3178 1441 πολλῆς
3196 1370 3298 1440 τῆς
3338 1370 3604 1434 συνέσεως
3627 1371 3720 1441 ἣν

2129 1453 2189 1518 ἐξ
2220 1455 2429 1508 ἐκείνου
2465 1454 2845 1526 φθεγγομένην
2873 1454 3106 1520 γυναῖκα
3145 1449 3524 1520 ἐπεστόμισεν.

2198 1532 2260 1586 ε’.
2304 1535 2369 1586 Ὀ
2402 1533 2465 1605 δὴ
2493 1536 2586 1588 καὶ
2615 1535 2764 1605 ἡμᾶς
2805 1531 2912 1604 χρὴ
2951 1533 3155 1585 ποιεῖν·
3198 1528 3303 1583 κᾶν
3331 1527 3582 1598 ἀδελφὸν,
3613 1529 3720 1582 κᾶν

2133 1613 2286 1681 φίλον
2337 1617 2580 1683 γνήσιον,
2641 1614 2744 1667 κᾶν
2789 1613 3059 1680 γυναῖκα,
3114 1608 3215 1664 κᾶν
3270 1608 3547 1663 ὁντιναοῦν
3608 1607 3719 1660 τῶν

2132 1695 2577 1761 ἀναγκαιοτάτων
2625 1694 2756 1763 ἡμῖν
2801 1690 3027 1752 ὑποδὺς,
3074 1687 3380 1758 φθέγγηταί
3419 1704 3471 1740 τι
3519 1687 3627 1740 τῶν
3656 1687 3719 1739 ού

2133 1774 2543 1843 προσηκόντων,
2572 1773 2646 1845 μὴ
2685 1769 2907 1824 ἀπὸτοῦ
2941 1767 3236 1838 προσώπου
3281 1766 3376 1820 τοῦ
3417 1765 3592 1820 ταῦτα
3620 1766 3713 1820 λέ-

2133 1868 2321 1920 γοντος
2349 1852 2600 1923 δέχεσθαι
2633 1853 2733 1922 τὴν
2773 1848 3106 1920 συμϐουλὴν,
3149 1847 3261 1900 ἀλλ’
3292 1847 3400 1901 ἀπὸ
3430 1847 3528 1917 τῆς
3580 1863 3720 1916 συμ-

2133 1932 2326 2002 ϐουλῆς
2375 1936 2475 2003 τῆς
2513 1933 2764 2004 ὀλεθρίας
2809 1931 2899 1983 τὸν
2941 1928 3116 1981 ταῦτα
3171 1926 3398 1995 λέγοντα
3445 1925 3720 1996 ἀποστρέ-

2134 2010 2349 2080 φεσθαι.
2385 2013 2496 2066 Καὶ
2547 2011 2654 2081 γάρ
2704 2011 2798 2064 καὶ
2830 2009 2924 2063 νῦν
2955 2008 3124 2062 πολλὰ
3151 2007 3378 2060 τοιαῦτα
3416 2010 3593 2070 ποιεῖ,
3624 2007 3721 2058 καὶ

2137 2089 2479 2161 συμπαθείας
2507 2090 2870 2162 προϐάλλεται
2901 2089 3282 2160 προσωπεῖον·
3309 2087 3404 2140 καὶ
3423 2086 3580 2162 δοκεῖ
3615 2085 3716 2155 μὲν

2135 2163 2278 2223 εἶναι
2304 2167 2524 2234 εὔνους,
2567 2171 2636 2225 τὰ
2678 2169 2734 2221 δὲ
2772 2168 2994 2240 ὀλέθρια
3036 2168 3132 2221 καὶ
3180 2161 3522 2236 δηλητηρίων
3557 2165 3720 2235 χαλε-

2135 2247 2360 2318 πώτερα
2402 2248 2576 2319 ἐνίησι
2626 2249 2867 2320 ῥήματα.
2939 2248 3013 2300 Τὸ
3065 2247 3164 2318 μὲν
3235 2245 3345 2317 γὰρ
3393 2245 3487 2297 ἐπὶ
3550 2243 3722 2315 βλάϐῃ

2134 2327 2448 2381 κολακεύειν
2472 2371 2486 2392 ,
2530 2329 2742 2382 ἐκείνου
2769 2343 2784 2360 ·
2815 2327 2874 2380 τὸ
2899 2327 2953 2380 δὲ
2983 2328 3075 2379 ἐπὶ
3101 2325 3178 2396 τῷ
3216 2325 3549 2397 συμφέροντι
3592 2340 3720 2377 παι-

2132 2405 2328 2472 δεύειν,
2353 2407 2508 2460 Θεοῦ.
2534 2408 2624 2478 Μὴ
2646 2407 2710 2478 δὴ
2739 2404 3259 2478 παραλογιζώμεθα,
3285 2404 3422 2476 μηδέ
3437 2405 3500 2457 ἐκ
3521 2404 3722 2466 παντὸς

2133 2487 2339 2556 τρόπου
2370 2487 2459 2538 τὸν
2488 2486 2678 2540 ἄνετον
2706 2485 3056 2557 ἐπιζητῶμεν
3091 2485 3223 2554 βίον.
3261 2487 3371 2538 Ὃν
3393 2480 3720 2555 γάράγαπᾷ

2133 2566 2385 2633 Κύριος,
2440 2565 2737 2626 παιδεύει,
2801 2566 2988 2635 φησίν.
3036 2565 3200 2617 ’Ὥστε
3246 2564 3374 2617 ὃταν
3421 2563 3721 2633 εὐημερίας

2138 2645 2504 2715 ἀπολαύωμεν
2532 2647 2587 2697 ἐν
2618 2645 2850 2716 πονηρίᾳ
2881 2645 3101 2708 ζῶντες,
3127 2643 3246 2696 τότε
3280 2642 3510 2714 μάλιστα
3541 2641 3722 2710 ἀλγῶο

2137 2741 2253 2794 μεν.
2275 2723 2386 2774 Ἀεὶ
2413 2722 2509 2792 μὲν
2531 2723 2638 2792 γάρ
2657 2723 3066 2794 ἁμαρτάνοντας
3090 2721 3382 2775 δεδοικέναι
3407 2721 3536 2792 χρή·
3567 2718 3752 2792 μάλι-’

2139 2819 2238 2854 στα
2261 2801 2339 2864 δὲ,
2363 2802 2491 2855 ὅταν
2524 2801 2691 2872 μηδὲν
2719 2802 3018 2872 πάσχωμεν
3055 2799 3248 2854 δεινόν.
3280 2801 3448 2853 Ὅταν
3483 2799 3580 2870 μὲν
3610 2798 3721 2870 γὰρ

2137 2880 2280 2935 κατά
2311 2879 2477 2952 μέρος
2501 2881 2705 2951 ἀπαιτῇ
2728 2881 2826 2944 τὰς
2846 2877 3116 2952 τιμωρίας
3138 2881 3165 2932 6
3184 2879 3336 2943 Θεὸς,
3363 2879 3570 2950 κούφην
3589 2879 3724 2950 ἡμῖν

2138 2963 2280 3014 ποιεῖ
2305 2961 2350 2992 ’⁷³
2376 2961 2475 3030 τὴν
2504 2961 2641 3031 ύπέρ
2659 2959 2865 3015 τούτων
2889 2961 3095 3014 ἐκτισιν
3120 2977 3133 2990 ·
3158 2961 3287 3015 ὅταν
3306 2961 3363 3013 δὲ
3385 2960 3471 3029 ἐφ’
3489 2961 3722 3013 ἑκάστου

2135 3040 2244 3093 τῶν
2273 3039 2778 3109 πλημμελουμένων
2818 3040 3166 3112 μακρώυμῇ,
3199 3042 3278 3104 είς
3311 3039 3551 3112 μεγάλην
3573 3039 3722 3109 ἡμᾶς

2135 3121 2246 3181 τοῖς
2267 3117 2529 3182 τοιούτοις
2561 3118 2918 3189 ἐπιμένοντας
2955 3121 3270 3190 ταμιεύεται
3310 3119 3486 3190 δίκην.
3518 3119 3579 3170 Εἰ
3615 3118 3725 3188 γὰρ

2136 3199 2249 3259 τοῖς
2269 3196 2625 3266 κατορθοῦσιν
2645 3197 2691 3228 ⁷³
2713 3199 3009 3266 ἀναγκαῖον
3033 3200 3066 3269 ή
3093 3198 3289 3268 θλίψις,
3314 3195 3493 3267 πολλῷ
3521 3195 3722 3266 μᾶλλον

2136 3277 2248 3337 τοῖς
2283 3275 2707 3346 ἁμαρτάνουσιν.
2751 3277 2895 3348 Ὅρα
2942 3277 3073 3346 γοῦν
3121 3277 3292 3348 πόσης
3339 3273 3723 3346 μακροθυμίας

2136 3353 2450 3417 ἀπολαύσας
2477 3355 2506 3405 6
2529 3355 2747 3425 Φαραὼ,
2777 3357 3012 3427 ἐσχάτην
3031 3357 3170 3428 ὑπὲρ
3191 3355 3406 3409 πάντων
3424 3354 3472 3386 ’δ
3493 3353 3722 3424 ὓστερον

2138 3433 2305 3487 ἔδωκε
2333 3434 2518 3504 δίκην·
2552 3435 2695 3487 πόσα
2723 3437 2752 3487 6
2785 3436 3254 3507 Ναϐουχοδονόσορ
3295 3433 3721 3504 πλημμελήσας,

2140 3514 2278 3585 πρὸς
2307 3513 2386 3583 τῷ
2411 3513 2559 3566 τέλει
2584 3513 2646 3566 τὸ
2669 3517 2778 3568 πᾶν
2811 3515 3016 3580 ἐξέτισε
3035 3533 3049 3548 ·
3102 3515 3196 3569 καὶ
3223 3517 3252 3568 6
3281 3514 3557 3577 πλούσιος,
3600 3514 3726 3566 ἐπεὶ

2141 3592 2307 3662 μηδὲν
2328 3591 2528 3645 ἔπαθεν
2552 3592 2788 3648 ἐνταῦθα
2813 3594 2982 3647 δεινὸν
3001 3636 3014 3657 ,
3047 3594 3113 3647 δι’
3144 3593 3274 3647 αύτδ
3302 3592 3462 3646 τοῦτο
3487 3592 3724 3662 μάλιστα

2136 3671 2359 3738 γέγονεν
2411 3671 2614 3736 ἄθλιος,
2661 3672 2743 3726 ὅτι
2791 3675 3078 3744 τρυφήσας
3128 3675 3186 3725 ἐν
3215 3671 3294 3741 τῷ
3328 3671 3558 3742 παρόντι
3601 3669 3723 3741 βίῳ,

2137 3748 2378 3818 ἀπῆλθεν
2401 3751 2518 3803 ἐκεῖ
2539 3751 2756 3804 πάντων
2777 3752 2982 3806 τούτων
3009 3753 3196 3806 δώσων
3227 3753 3404 3823 δίκην,
3446 3750 3574 3803 ἔνθα
3601 3750 3725 3805 ούδδ

2137 3829 2492 3900 παραμυθίαν
2525 3825 2593 3900 ἦν
2619 3832 2798 3902 εὑρεῖν
2848 3832 2942 3886 τοῦ
2996 3831 3190 3886 κακοῦ.
3239 3830 3377 3884 Ἀλλ’
3417 3830 3568 3901 ὅμως
3617 3831 3726 3883 εἰσί

2137 3925 2280 3970 τινες
2313 3908 2455 3961 οὕτω
2484 3908 2681 3979 ψυχροὶ
2712 3911 2807 3964 καὶ
2831 3911 3076 3982 ἀνόητοι,
3117 3911 3194 3974 ὼς
3215 3911 3283 3965 τά
3321 3909 3555 3964 ἐνταῦθα
3604 3910 3727 3962 ἐπι-

2139 3986 2321 4056 ζητεῖν
2356 3987 2443 4039 ἀεὶ
2481 3987 2662 4056 μόνον,
2703 3991 2796 4042 καὶ
2823 3991 2893 4044 τά
2921 3989 3300 4058 καταγέλαστα
3339 3989 3521 4042 ἐκεῖνα
3546 3987 3726 4056 λέγειν

2139 4066 2380 4136 ῥήματα·
2420 4066 2737 4120 Ἀπολαύσω
2758 4068 2868 4122 τῶν
2893 4069 3173 4138 παρόντων
3201 4069 3340 4132 τέως
3367 4067 3605 4133 πάντων,
3632 4068 3729 4120 καί

2138 4145 2260 4198 τότε
2313 4144 2588 4216 σκέψομαι
2647 4147 2778 4218 περὶ
2829 4147 2941 4201 τῶν
2989 4148 3200 4219 ἀδήλων
3230 4165 3246 4180 ·
3304 4149 3602 4218 χαρίσομαι
3655 4148 3724 4216 τῇ

2145 4224 2362 4296 γαστρὶ,
2386 4219 2658 4278 δουλεύσω
2683 4228 2802 4288 ταῖς
2831 4227 3064 4296 ἡδοναῖς,
3106 4229 3534 4297 παραχρήσομαι
3571 4223 3650 4294 τῷ
3679 4225 3726 4256 ⁷³

2144 4303 2370 4374 παρόντι
2392 4303 2491 4375 βίῳ
2509 4321 2522 4335 ·
2553 4303 2694 4357 δίδου
2718 4321 2806 4376 μοι
2833 4305 2933 4376 τὴν
2963 4307 3224 4377 σήμερον,
3255 4307 3348 4359 καὶ
3367 4304 3609 4376 λάμϐανε
3629 4303 3728 4374 τὴν

2142 4379 2352 4452 αὔριον.
2384 4383 2448 4437 Ὦ
2481 4381 2756 4454 ὑπερϐολὴ
2782 4381 2999 4447 ἀνοίαςί
3037 4383 3146 4437 Καὶ
3193 4385 3247 4436 τί
3291 4384 3512 4457 τράγων
3559 4383 3654 4436 καὶ
3679 4381 3728 4412 ⁷⁸

2142 4464 2342 4535 χοίρων
2368 4465 2417 4517 οί
2450 4465 2623 4518 ταῦτα
2658 4465 2907 4535 λέγοντες
2928 4465 3311 4538 διαφέρουσιν;
3337 4466 3401 4518 Ei.
3435 4464 3545 4536 γὰρ
3574 4459 3724 4536 [175]

2139 4545 2265 4607 τοὺς
2281 4545 2374 4596 ἐπὶ
2398 4543 2496 4615 τὴν
2528 4547 2766 4613 γυναῖκα
2789 4545 2881 4599 τοῦ
2921 4545 3151 4616 πλησίον
3177 4545 3601 4617 χρεμετίζοντας
3625 4543 3726 4594 ούκ

2139 4623 2366 4693 ἀφίησιν
2390 4625 2418 4677 6
2446 4626 2735 4697 προφήτης
2759 4625 3082 4696 ἀνθρώπους
3102 4623 3438 4696 νομίζεσθαι,
3478 4623 3562 4686 τίς
3593 4623 3728 4692 ἡμῖν

2141 4702 2426 4770 ἐγκαλέσει
2469 4703 2693 4769 τούτους
2735 4705 2972 4777 τράγους
3026 4706 3120 4759 καὶ
3173 4705 3388 4776 χοίρους
3441 4703 3534 4757 καὶ
3589 4703 3728 4755 ὄνων

2140 4783 2531 4856 ἀνοητοτέρους
2553 4781 2696 4840 εἷναι
2714 4787 3026 4858 νομίζουσιν
3044 4787 3112 4848 ⁷⁷,
3129 4786 3265 4840 οἳτά
3295 4786 3402 4839 τῶν
3429 4781 3728 4856 ὁρωμένων

2141 4862 2497 4936 φανερώτερα
2535 4863 2710 4918 ταῦτα
2757 4864 2927 4937 ἄδηλα
2965 4861 3103 4920 εἶναι
3147 4865 3461 4935 νομίζουσιν
3485 4879 3498 4928 :
3523 4862 3587 4916 Εί
3616 4859 3729 4930 γάρ

2144 4943 2334 5016 μηδενὶ
2385 4943 2492 4997 τῶν
2541 4943 2716 4999 ἀλλων
2772 4945 3086 5007 πιστεύεις,
3143 4943 3460 5016 παράστηθι
3507 4941 3729 5010 δαίμοσι

2147 5023 2602 5093 μαστιζομένοις,
2648 5025 2763 5088 τοῖς
2807 5023 2901 5077 ἐπὶ
2937 5027 3004 5095 τῇ
3047 5025 3092 5056 ⁷⁸
3143 5022 3315 5096 βλάϐῃ
3361 5024 3428 5093 τῇ
3480 5019 3727 5093 ἡμετέρᾳ

2147 5105 2362 5159 ἅπαντα
2396 5106 2488 5158 καὶ
2514 5103 2695 5172 λέγειν
2737 5105 2830 5159 καὶ
2859 5106 3121 5177 πράττειν
3168 5103 3614 5177 μεμελετηκόσιν.
3648 5103 3726 5156 Οὐ

2170 5195 2215 5229 ⁸⁸
2259 5196 2482 5249 ἐκείνων
2523 5196 2588 5251 Α.
2633 5197 2694 5252 Ε.
2745 5197 2952 5252 ἐκείνου
2999 5197 3058 5252 Β.
3105 5197 3201 5265 Ep.
3258 5196 3354 5252 Ge.
3387 5195 3496 5251 vid.
3537 5195 3723 5250 adnot.

3261 5270 3363 5394 ιιι
3565 5270 3726 5390 ιτς

2157 5408 2220 5460 Ε.
2268 5407 2338 5478 ᾲ⁶³
2355 5405 2472 5478 καί]
2489 5407 2611 5460 οὐδέ
2637 5408 2697 5462 F.
2730 5409 2866 5463 ἀλλὰ
2895 5410 2988 5463 καί
3024 5409 3088 5464 C.
3123 5405 3326 5464 Deinde
3366 5408 3547 5464 verbis
3603 5408 3724 5461 οὐδέ

2136 5493 2218 5532 or.
2255 5476 2353 5533 Ge.
2375 5476 2530 5532 Arin.
2565 5480 2624 5533 In
2647 5481 2861 5536 caeteris
2889 5481 3048 5536 codd.
3075 5481 3227 5535 locus
3249 5480 3331 5535 sic
3353 5479 3548 5548 legitur
3582 5501 3593 5533 :
3625 5481 3726 5532 οὐκ

459 5617 603 5694 ἀλλά
623 5617 830 5694 καῖ’διὰ
860 5622 970 5677 τῶν
998 5640 1048 5676 σ.
1071 5623 1210 5694 ήκά.
1239 5617 2025 5694 Ριιιὶίργἐιίιετβεν.-Βεῃηοὺκ

2141 5617 2293 5688 ὄρεσι
2321 5617 2481 5694 μόνον
2506 5621 2600 5694 καὶ
2616 5623 2679 5694 ἐν
2705 5617 2980 5694 ἐρημίαις,
3013 5620 3153 5675 ἀλλά
3178 5622 3271 5694 καξι
3291 5623 3348 5674 ἐν
3367 5622 3551 5694 πόλεσι
3584 5637 3638 5674 κ,
3667 5637 3718 5673 τ.

459 5697 510 5745 ἐ.
587 5693 788 5814 ⁸θεαῖς)
811 5694 868 5746 ἐν
899 5696 1018 5757 ταῖς
1037 5688 1104 5746 Δξ
1133 5693 1192 5747 Β.
1271 5693 1315 5725 ⁸⁸
1337 5691 1552 5776 ἐδέξατο
1583 5691 1643 5746 F.
1720 5692 1766 5723 “
1800 5689 1933 5742 ἀλλά
1981 5706 2031 5742 κι

463 5764 533 5816 Α.
609 5762 652 5793 ⁸⁸
677 5764 756 5816 ἀπ
787 5779 924 5816 ντων
952 5761 1012 5816 F.
1047 5764 1333 5816 ζητήσειεν
1369 5764 1501 5816 hdd.
1580 5764 1623 5796 ⁶⁹
1643 5761 2019 5816 δυνατωτάτην

2137 5702 2309 5760 ργοις·
2340 5688 2439 5762 μή]
2467 5691 2560 5744 καί
2598 5688 2850 5816 ἓοιηίἐείἐ
2865 5694 3096 5775 οωιιξτίε)
3128 5695 3192 5746 Α.
3225 5691 3289 5748 Β.
3365 5691 3409 5722 ⁸⁷
3433 5693 3718 5775 ήμᾰςιοηι.

2136 5760 2477 5816 ιφοδοοτέοαν
2501 5762 2564 5816 Α.
2646 5803 2658 5816 .
2684 5761 2747 5816 C.
2824 5762 2869 5793 "°
2905 5763 3074 5816 ἐπηγε
3101 5764 3166 5816 Α.
3187 5763 3244 5816 Β.
3276 5761 3338 5816 C.
3414 5763 3456 5795 "
3487 5763 3718 5816 είσαγων

463 5762 652 5849 341:“
677 5761 1012 5849 ἀπόντωνψῆ
1047 5764 1334 5849 ζητήσειεν
1369 5764 1501 5818 Edd.

461 5832 650 5885 iidem.

1580 5764 1623 5796 ⁶⁹
1643 5759 2095 5833 δυνατωτάτην-Ε.
2116 5759 2477 5833 σφοδροτέραν
2501 5762 2564 5816 Α.

727 5833 771 5861 ⁷⁸
799 5835 1033 5904 ποιεῖται
1075 5828 1210 5904 Hild.
1286 5833 1778 5904 ⁷ἱκατωρθωκόσιν
1977 5828 1984 5830 ⁷
2015 5831 2031 5860 ⁷

2136 5828 2320 5904 ιντιάγ]
2349 5828 2552 5904 τούτων
2578 5831 2636 5885 1).
2768 5828 3133 5904 ὕπερονόηἰ.
3165 5835 3231 5888 A.

2684 5761 2747 5817 C.
2824 5762 2869 5793 "°
2905 5761 3244 5829 ἐπῆγε“Α.Β.
3276 5761 3338 5816 C.
3414 5761 3463 5795 ’ίί
3480 5761 3722 5829 εἰσάγων

2935 5780 3074 5834 πηγε
3101 5780 3166 5816 Α.
3187 5780 3244 5818 ιι.
3276 5780 3338 5816 ι..
3419 5780 3456 5795 -·
3487 5780 3721 5829 εισαγων

2935 5850 2992 5886 ον
3021 5849 3133 5905 om.
3165 5835 3243 5905 Α.
3281 5832 3355 5905 _"
3373 5830 3478 5905 τῷ]
3522 5832 3616 5905 καὶ
3642 5831 3721 5905 τῷ

457 5901 596 5957 Edd.
651 5899 699 5934 "
717 5899 832 5972 καί]
858 5903 893 5973 ή
922 5903 986 5956 Δ.
1013 5903 1072 5959 Β.
1103 5903 1164 5960 F.
1217 5905 1260 5940 "
1295 5899 1435 5959 εἶναι
1461 5898 1779 5976 νομίζοντας
1810 5898 1872 5955 D.
1896 5899 1956 5955 F.
1989 5915 2031 5972 ι).

2161 5898 2431 5975 φανότερα
2464 5902 2524 5958 Ε.
2585 5904 2632 5936 τ’
2651 5903 2719 5975 τῇ
2739 5917 2850 5960 om.
2879 5898 2940 5964 Ρ.
2964 5903 3058 5959 καί
3080 5898 3545 5977 επιστ-λέγεινὸτι).
3569 5904 3632 5958 Δ.
3657 5901 3719 5956 Β.
