4076 6150
456 210 563 268 ξιτ»

458 344 561 382 non
596 341 691 397 per
719 340 779 381 se
799 326 993 390 solum,
1021 324 1114 379 sed
1134 338 1226 393 per
1246 323 1344 378 alia
1371 322 1611 393 qumdam
1631 324 1801 395 ipsum
1829 339 2035 394 aggres-

456 433 546 472 sus
590 426 673 471 est
705 433 717 469 :
750 416 888 486 quod
927 414 1205 469 declarans
1226 413 1398 468 Lucas
1438 414 1643 468 dicebat
1675 432 1688 465 τ
1718 416 1797 468 Ad
1844 426 2037 482 tempus

457 509 684 561 discessit
712 508 774 561 ab
798 507 886 559 illo
918 506 1075 573 (Luc-
1100 507 1154 559 4.
1185 504 1319 577 15);
1349 505 1627 559 declarans
1654 503 1826 575 ipsum
1855 515 2035 574 postea

455 616 574 654 cum
601 601 831 669 propriis
856 600 953 653 sibi
986 600 1351 653 instrumentis
1376 599 1685 653 accessisse.
1720 600 1805 653 ll.
1838 598 1904 652 Et
1926 615 2037 652 ecce

455 692 623 759 angeli
647 701 978 751 accesserunt,
1014 700 1059 743 et
1090 689 1442 743 ministrabant
1479 690 1543 742 ei.
1571 688 1701 742 Cum
1730 690 1871 743 enim
1915 704 2033 743 con-

456 784 628 837 flictus
679 792 827 844 erat,
868 798 970 835 non
1024 782 1148 835 sivit
1186 781 1305 835 illos
1338 796 1630 850 apparere,
1679 798 1745 835 ne
1772 796 1891 835 mox
1946 797 2032 835 ca.

458 874 704 943 piendum
742 873 1184 942 perterrefaceret
1214 890 1228 926 :
1262 881 1538 942 postquam
1569 882 1746 927 auten.
1771 874 1915 927 illum
1942 889 2036 942 per

456 974 642 1021 cuncta
684 966 999 1029 confutavit,
1042 977 1094 1019 et
1124 965 1340 1035 fugavit,
1376 974 1502 1019 tunc
1526 976 1785 1035 apparent.
1822 966 1895 1020 illi
1928 983 1943 1021 :
1978 976 2034 1020 ut

449 1052 627 1105 discas
644 1061 693 1105 te
710 1063 1236 1122 quoque,postquam
1252 1057 1315 1109 ad
1333 1059 1638 1126 exemplum
1656 1059 1774 1127 ejus
1794 1062 2035 1123 viceris‘,

450 1143 515 1196 ab
529 1142 734 1210 angelis
745 1143 1058 1209 excipiendtt
1069 1160 1117 1196 m
1133 1159 1253 1199 esse
1267 1146 1735 1215 plaudentibus,ac
1748 1167 1841 1219 per
1856 1152 2037 1206 omnia

450 1234 796 1302 stipantibus.
818 1234 907 1289 Sic
933 1236 1075 1289 enim
1099 1247 1150 1291 et
1168 1236 1434 1294 Lazarum
1463 1250 1587 1310 post
1614 1241 1886 1297 fornacem
1911 1260 2034 1312 pau-

450 1328 859 1396 pertatis,famis
873 1338 922 1382 et
936 1331 1397 1400 angustiagangeli
1414 1333 1530 1387 exci
1538 1335 1744 1403 pientes
1758 1336 2029 1390 abierunt.

450 1418 744 1489 Siquidem,
778 1417 957 1486 ntjam
986 1417 1117 1483 dixi,
1150 1417 1311 1472 inulta
1336 1417 1583 1472 Christus
1606 1433 1747 1472 nunc
1774 1419 2025 1485 ostendit,

449 1511 642 1580 quibus
675 1526 773 1564 nos
803 1510 1060 1564 fruemur.
1099 1509 1234 1576 Quia
1266 1510 1422 1578 igitur
1450 1508 1566 1563 hare
1607 1510 1782 1563 omnia
1811 1520 2028 1579 prepter

449 1611 499 1653 te
524 1600 655 1654 facta
688 1609 830 1665 sunt,
866 1600 1000 1653 hanc
1054 1599 1260 1652 imitare
1284 1639 1300 1665 ,
1332 1608 1387 1654 et
1429 1600 1681 1655 :emnlare
1726 1601 2022 1657 victoriam.

450 1690 581 1744 Etsi
621 1691 740 1759 quis
769 1705 834 1743 ex
859 1690 999 1743 illius
1035 1688 1297 1743 diemonis
1328 1690 1583 1744 ministris
1627 1701 1678 1743 te
1717 1690 1890 1757 adeat,
1935 1694 2022 1762 qni

450 1781 569 1832 talia
588 1782 775 1849 sapiat,
803 1780 1131 1847 exprobrans
1161 1780 1252 1833 tibi
1276 1795 1337 1835 ac
1366 1780 1585 1835 dicens:
1610 1781 1867 1836 Mirabilis
1913 1798 2023 1835 nta-

444 1886 687 1939 gnusque
718 1885 797 1935 es,
850 1879 1084 1924 montem
1114 1869 1342 1924 transfer
1373 1889 1384 1924 :
1417 1885 1482 1925 ne
1510 1871 1758 1935 tnrberis,
1802 1888 1870 1928 ne
1910 1888 2024 1927 lllO-

446 1963 647 2027 rearis;
681 1962 771 2016 sed
792 1978 911 2015 cum
934 1962 1336 2016 mansuetudine
1358 1962 1641 2031 reSponde,
1662 1973 1716 2016 ut
1742 1964 2019 2018 Dominum

442 2054 635 2108 audisti
665 2053 927 2108 dicentem
962 2071 974 2107 :
1007 2053 1126 2107 Non
1146 2054 1354 2107 lentabis
1374 2053 1646 2107 Dominum
1669 2054 1830 2108 Deum
1857 2064 2017 2108 tuum.

441 2144 534 2198 Sin
556 2144 643 2198 ille
671 2145 891 2213 gloriam
936 2145 1329 2214 potentiamque
1359 2143 1587 2198 offerens
1611 2154 1769 2214 atque
1794 2145 2018 2199 immen-

438 2251 554 2292 sam
582 2237 686 2290 vim
714 2236 1044 2300 divitiarum,
1076 2236 1302 2291 adorare
1332 2246 1383 2290 te
1420 2236 1605 2305 jubeat
1628 2278 1641 2301 ,
1675 2247 1753 2290 sta
1788 2237 2015 2291 fortiter.

440 2330 551 2384 Non
575 2330 717 2386 enim
739 2340 923 2385 contra
950 2345 1286 2384 communem
1320 2329 1597 2383 Dominum
1636 2339 1870 2384 nostrum
1903 2345 2018 2383 om-

438 2424 584 2478 nium
629 2432 829 2477 tantum
861 2424 960 2478 hoc
989 2423 1112 2477 fecit
1150 2422 1428 2486 diabolus;
1476 2422 1569 2475 sed
1596 2422 1756 2475 etiam
1780 2421 2016 2490 quotidie

436 2515 489 2568 in
533 2514 768 2584 singulos
797 2514 912 2583 ejus
943 2528 1127 2569 servos
1151 2513 1247 2567 has
1276 2512 1527 2566 admovet
1569 2512 1875 2577 machinas;
1908 2528 2014 2567 non

436 2616 637 2663 tantum
658 2608 708 2661 in
741 2607 1028 2669 montibus,
1052 2609 1102 2660 in
1125 2606 1372 2672 desertis,
1392 2604 1483 2659 sed
1498 2606 1657 2661 etiam
1689 2606 1740 2659 in
1770 2607 2011 2674 urbibus,

433 2702 484 2751 in
516 2698 667 2764 foris,
699 2698 749 2752 in
781 2698 1160 2762 tribunalibus;
1202 2711 1375 2765 neque
1404 2710 1501 2765 per
1529 2709 1587 2751 se
1624 2700 1795 2755 solum
1840 2702 1930 2754 sed
1960 2708 2013 2753 et

432 2806 525 2859 per
540 2789 788 2846 homines
811 2801 1067 2861 cognatos
1090 2799 1324 2843 nostros.
1344 2787 1475 2855 Quid
1503 2789 1656 2861 igitur
1671 2789 1968 2845 faciendum
1989 2791 2011 2845 ?

428 2881 543 2938 Non
573 2880 903 2937 credendum
933 2883 980 2936 ei
1008 2922 1021 2944 ,
1056 2895 1316 2953 auresque
1347 2890 1469 2936 Sunt
1494 2880 1855 2948 obstruendze,
1879 2881 2010 2937 adu-

429 2977 671 3048 latorque
713 2974 838 3031 odio
882 2974 1159 3030 habendus
1191 2992 1204 3028 :
1239 2982 1294 3029 et
1337 2990 1458 3029 cum
1494 2974 1693 3043 majora
1728 2975 2005 3043 promittit,

428 3080 538 3123 tum
560 3068 737 3138 imagis
766 3067 1004 3122 aversari
1032 3081 1152 3120 eum
1184 3074 1413 3134 Oportet.
1444 3064 1716 3135 Siquidem
1748 3072 1802 3120 et
1841 3065 2004 3119 Evam

426 3175 546 3214 cum
577 3174 671 3229 Spe
698 3158 902 3229 majore
928 3158 1138 3224 extulit,
1172 3165 1299 3211 tunc
1315 3157 1529 3226 dejecit,
1552 3158 1885 3231 maximaque
1908 3157 2003 3225 ipsi

426 3252 602 3305 intulit
633 3252 792 3306 mala.
826 3250 1006 3305 Hostis
1035 3250 1229 3319 quippe
1256 3259 1334 3302 est
1380 3248 1743 3313 inexorabilis,
1776 3248 2002 3303 bellum-

424 3361 526 3412 que
553 3355 738 3398 contra
768 3359 866 3398 nos
894 3343 1129 3411 suscepit
1152 3341 1502 3409 implacabile.
1538 3341 1646 3394 Nec
1680 3342 1749 3393 ita
1778 3357 1875 3395 nos
1918 3358 2002 3395 sa-

424 3437 517 3491 luti
548 3446 747 3491 nostrae
782 3435 1079 3500 studemus,
1110 3442 1167 3488 ut
1195 3434 1284 3488 ille
1313 3442 1506 3488 nostrae
1538 3434 1809 3502 perniciei.
1846 3434 2000 3487 Aver-

421 3543 599 3583 semur
640 3529 816 3597 itaque
868 3527 1038 3591 illum,
1093 3542 1197 3580 non
1232 3525 1406 3579 verbis
1437 3535 1675 3588 tantum,
1720 3524 1810 3578 sed
1840 3525 1997 3579 etiam

420 3619 703 3688 operibus;
760 3634 862 3671 non
904 3627 1082 3672 mente
1126 3617 1334 3679 solum,
1365 3615 1457 3671 sed
1504 3616 1727 3679 actibus,
1762 3615 1999 3685 nihilque

418 3710 555 3779 quod
589 3710 685 3779 ipsi
731 3710 977 3779 placitum
1003 3709 1072 3761 sit
1103 3708 1353 3762 faciamus
1387 3725 1400 3759 :
1431 3708 1507 3761 sic
1534 3707 1710 3759 omnia
1743 3721 1859 3775 qua:
1891 3707 1998 3760 DI'O

420 3802 607 3870 placita
638 3811 761 3855 sunt
790 3799 1063 3855 faciemus.
1094 3798 1222 3852 Nam
1251 3798 1414 3852 multa
1444 3798 1529 3850 ille
1556 3797 1855 3864 pollicetur,
1892 3812 1994 3850 non

420 3907 475 3952 ut
504 3898 631 3959 det,
664 3895 758 3951 sed
790 3906 848 3948 ut
876 3893 1122 3962 accipiat.
1150 3892 1227 3946 Ex
1259 3892 1442 3960 rapina
1474 3890 1771 3959 pollicetur,
1803 3899 1859 3942 ut
1902 3904 1995 3942 an—

418 3989 553 4042 ferat
577 4001 796 4055 regnnm
827 3984 1191 4051 etjnstitiam;
1225 3982 1502 4037 thesauros
1535 3980 1586 4034 in
1619 3989 1760 4034 terra
1785 3995 1879 4034 ceu
1912 3980 1992 4033 la-

417 4093 582 4149 queos
610 4077 832 4131 tendens
863 4084 1022 4143 atque
1054 4088 1265 4137 casses,
1315 4080 1371 4127 ut
1409 4082 1459 4126 et
1492 4071 1572 4125 his
1612 4080 1666 4126 et
1694 4070 1993 4126 caelestibus

417 4172 587 4239 privet
642 4168 953 4223 thesauris:
986 4165 1097 4219 vult
1150 4178 1247 4217 nos
1294 4164 1378 4217 hic
1431 4164 1714 4229 ditescere,
1767 4180 1835 4217 ne
1889 4162 1993 4216 illic

416 4264 755 4316 ditescamus.
791 4260 883 4315 Sin
914 4274 1015 4312 non
1052 4260 1218 4328 possit
1260 4271 1356 4310 nos
1402 4272 1496 4325 per
1542 4256 1751 4309 divitias
1791 4255 1857 4309 ab
1905 4256 1989 4308 illa

416 4365 561 4410 sorte
587 4354 805 4424 ejicere,
835 4354 1078 4417 alteram,
1110 4366 1202 4421 per
1224 4356 1587 4419 paupertatem
1615 4363 1821 4417 nempe,
1855 4348 1988 4400 viain

415 4447 510 4500 init
540 4465 552 4500 :
585 4446 725 4517 quod
758 4446 807 4497 in
840 4444 941 4500 Job
987 4443 1128 4496 fecit.
1177 4443 1309 4495 Cum
1351 4440 1537 4494 viderit
1569 4439 1709 4493 enim
1762 4437 1893 4491 nihil
1940 4438 1987 4489 ei

416 4538 659 4592 nocuisse
702 4537 911 4591 divitias
936 4576 950 4597 ,
983 4550 1077 4603 per
1104 4540 1468 4603 paupertatem
1497 4530 1625 4585 retia
1659 4530 1842 4591 nectit,
1893 4529 1990 4582 hac

414 4630 493 4683 via
548 4643 769 4699 Sperans
817 4642 875 4681 se
916 4625 1192 4680 victoriam
1238 4632 1630 4694 reportaturum
1691 4634 1809 4675 esse
1843 4639 1853 4672 :
1886 4637 1989 4689 quo

413 4721 534 4792 quid
578 4720 793 4773 stultius
817 4733 936 4773 esse
979 4716 1185 4787 possit?
1215 4717 1314 4784 Qui
1357 4715 1500 4770 enim
1546 4713 1757 4773 divitias
1789 4722 1990 4779 tempe—

412 4824 593 4868 ranter
620 4812 761 4865 ferre
787 4811 974 4879 potuit,
1009 4810 1175 4864 multo
1206 4809 1372 4878 magis
1394 4816 1756 4877 paupertatem
1783 4803 1988 4859 fortiter

410 4906 545 4959 feret
567 4918 581 4956 :
610 4910 664 4957 et
683 4902 769 4971 qui
793 4908 1082 4969 praesentes
1102 4900 1310 4954 divitias
1330 4915 1433 4953 non
1456 4897 1777 4969 concupivit,
1797 4897 1983 4951 absen-

415 5008 492 5049 tes
522 5008 629 5048 non
660 5001 884 5060 qua-ret,
914 4990 1359 5060 quemadmodum
1414 5004 1588 5058 neque
1632 4988 1817 5041 beatus
1862 4986 1984 5049 ille;

409 5088 503 5145 sed
544 5104 610 5145 ex
655 5093 967 5158 paupertate
1004 5099 1213 5138 rursum
1247 5082 1575 5154 Splendidior
1620 5080 1840 5135 effectus
1882 5089 1982 5134 est.

410 5182 538 5240 Nam
564 5180 779 5238 divitias
803 5178 1017 5251 quidem
1044 5177 1252 5232 auferre
1272 5176 1443 5247 potuit
1468 5174 1732 5243 malignus
1760 5172 1851 5227 ille
1875 5171 1986 5226 dac-

409 5290 567 5339 nton;
607 5273 881 5327 caritatem
911 5282 1041 5323 vero
1072 5280 1197 5337 erga
1241 5266 1405 5321 Deum
1437 5280 1542 5320 non
1587 5262 1747 5319 modo
1774 5259 1986 5341 auferre

411 5382 514 5421 non
540 5364 743 5437 potuit,
776 5362 868 5418 sed
900 5361 1061 5418 etiam
1094 5356 1464 5413 ferventiorem
1496 5354 1753 5419 reddidit,
1786 5353 1986 5422 ipsum-

411 5472 512 5529 que
537 5455 789 5512 nudatum
808 5451 1077 5514 omnibus,
1104 5447 1340 5520 pluribus
1365 5445 1568 5503 curavit
1590 5443 1873 5517 splendere
1892 5441 1990 5497 bo.

461 5576 479 5607 ¹
509 5569 780 5634 teucri-lin
792 5556 1978 5634 διαπονεῖνἐκείνωνἒίουξεὶτξῐιῖρηίιὲβέιεὲἒτἚτέἓὲ

406 5618 1349 5700 ζεᾱκῆὀὲιῖαῆρὸδέᾳᾳᾳηιίὶιιοεῂηὲςεῂδ.
1393 5618 1588 5672 Videsis
1615 5631 1727 5681 qua
1765 5618 1817 5668 in
1849 5618 1981 5668 hunc

409 5697 573 5745 locum
594 5685 781 5743 notavit
814 5685 1095 5742 Friderictts
1129 5685 1285 5741 Field.

1606 208 1667 262 ΙΝ
1709 206 2112 264 ΜᾹΤΤΙΙίΕυΜ
2154 210 2381 267 HOMIL.
2427 212 2559 268 Xlll.

3622 216 3726 273 εει-ι

2145 327 2258 393 nis;
2310 328 2535 399 ideoque
2581 330 2707 400 quid
2748 332 2954 385 consilii
3001 343 3215 400 caperet
3268 334 3556 390 nesciebat.
3612 335 3732 406 Quo

2145 421 2321 489 plures
2346 422 2487 476 enim
2520 423 2789 491 indigebat
2816 424 3014 493 plagas,
3057 440 3123 480 co
3150 427 3494 485 valentiorem
3537 445 3726 488 cerne-

2142 511 2249 564 bat.
2284 510 2515 582 ldeoque
2542 514 2789 567 omnibus
2818 515 3033 568 tentatis
3061 524 3115 569 et
3144 514 3415 583 adhibitis,
3438 521 3559 589 quia
3588 521 3721 576 nihil

2142 604 2308 672 magis
2331 604 2655 674 proficiebat,
2689 605 2755 660 ad
2782 616 2932 660 vetus
2962 606 3088 661 illud
3109 608 3271 662 telum
3290 612 3475 675 currit,
3502 629 3719 667 uxorem

2141 712 2361 766 nempe,
2405 706 2459 751 et
2487 708 2756 768 assumpta
2789 698 3135 768 providentia:
3175 699 3341 765 larva,
3391 703 3722 757 calamitates

2140 787 2254 855 ejns
2279 786 2653 841 miserabiliter
2680 797 2732 842 et
2770 789 2967 859 tragice
3010 788 3284 855 describit,
3323 800 3378 845 et
3417 793 3632 845 simulat
3661 808 3720 847 se

2140 878 2498 947 perniciosum
2548 878 2673 931 illud
2717 879 2850 933 dare
2878 880 3197 947 consilium,
3246 890 3304 935 ut
3359 883 3446 937 ille
3487 898 3517 937 a
3563 885 3718 938 malis

2138 984 2355 1035 prorsus
2383 968 2655 1023 liberetur.
2687 968 2793 1024 Sed
2823 985 2997 1039 neque
3024 971 3093 1025 ita
3126 973 3437 1042 prmvalnit:
3468 973 3548 1028 vir
3574 975 3715 1027 enim

2138 1060 2227 1115 ille
2247 1060 2589 1115 admirandus
2611 1061 2725 1131 ejus
2745 1076 2921 1116 escam
2943 1062 3337 1129 animadvertit,
3357 1079 3420 1120 ac
3444 1079 3565 1118 cum
3584 1064 3718 1119 mul-

2138 1161 2187 1207 ta
2215 1152 2490 1221 prudentia
2514 1155 2687 1219 uxori,
2714 1154 2828 1224 ejus
2857 1169 3016 1209 suasu
3045 1156 3303 1225 loquenti,
3334 1172 3395 1212 os
3424 1156 3714 1213 obstruxit.

2206 1244 2257 1298 5.
2294 1243 2348 1298 Id
2375 1244 2517 1313 quod
2548 1244 2709 1299 etiam
2740 1260 2836 1299 nos
2861 1245 3035 1301 facere
3057 1248 3335 1312 convenit;
3364 1248 3572 1303 etiamsi
3608 1249 3714 1301 fra-

2137 1333 2248 1398 tris,
2282 1334 2488 1391 etiamsi
2531 1335 2722 1401 amici,
2752 1339 2850 1390 etsi
2896 1338 3077 1391 uxoris
3107 1338 3186 1392 vel
3215 1339 3438 1394 alterius
3462 1339 3716 1411 cujusque

2135 1440 2414 1494 personam
2439 1426 2684 1492 induens,
2713 1441 2816 1480 non
2845 1430 3186 1496 congruentia
3218 1428 3482 1499 loquatur,
3519 1447 3619 1485 non
3647 1447 3712 1485 ex

2133 1533 2358 1586 persona
2413 1518 2679 1588 loquentis
2717 1519 2999 1572 consilium
3040 1521 3315 1588 excipere,
3356 1522 3449 1576 sed
3503 1523 3708 1577 ratione

2130 1611 2413 1680 perniciosi
2440 1611 2650 1665 consilii
2698 1610 2812 1663 haec
2856 1609 3121 1665 dicentem
3164 1614 3398 1666 aversari
3431 1613 3709 1670 debemus.

2129 1702 2401 1771 Siquidem
2434 1717 2577 1756 nunc
2622 1702 2783 1755 etiam
2812 1700 3009 1756 similia
3042 1702 3201 1756 multa
3237 1702 3380 1770 facit,
3411 1713 3712 1762 etcomnn~

2127 1793 2408 1847 serationis
2430 1793 2627 1847 larvam
2647 1793 2897 1851 assumit:
2928 1807 2992 1846 ac
3015 1792 3138 1846 dum
3168 1794 3460 1851 benevolus
3483 1797 3710 1863 videtur,

2131 1884 2426 1952 perniciosa
2460 1893 2513 1937 et
2559 1884 2746 1952 quovis
2775 1898 2980 1936 veneno
3006 1883 3268 1940 deteriora
3312 1887 3481 1942 fundit
3522 1888 3710 1946 verba.

2125 1974 2255 2029 Nam
2297 1974 2361 2027 ad
2415 1985 2790 2029 nocumentum
2822 1973 3060 2041 adulari,
3114 1976 3347 2042 diaboli;
3389 1979 3455 2033 ad
3512 1982 3705 2037 bonum

2127 2064 2481 2135 praestandum
2506 2066 2797 2134 corripere,
2827 2068 2916 2121 Dei
2937 2079 3036 2122 est.
3068 2068 3143 2123 Ne
3165 2069 3342 2138 itaque
3357 2070 3703 2141 decipiamur,

2126 2173 2295 2224 neque
2329 2172 2421 2224 per
2452 2170 2667 2211 omnem
2699 2160 2911 2211 modum
2945 2160 3278 2228 tranqmllam
3307 2170 3574 2216 sectemur
3616 2165 3700 2215 vi-

2124 2256 2250 2300 tam.
2284 2246 2449 2314 Quem
2476 2250 2614 2302 enim
2644 2249 2809 2318 diligit
2838 2249 2970 2303 Dens
2994 2290 3010 2316 ,
3043 2252 3255 2321 castigat
3294 2250 3473 2321 (Prov.
3501 2254 3554 2308 5.
3591 2254 3702 2324 12),

2122 2339 2309 2411 inquit.
2340 2339 2471 2396 Cum
2495 2342 2671 2411 itaque
2702 2340 2941 2410 improbe
2969 2341 3203 2396 viventes
3234 2342 3393 2397 rebus
3436 2347 3704 2412 prosperis

2118 2431 2375 2497 fruimur,
2438 2440 2562 2486 tunc
2605 2430 2831 2484 maxime
2880 2430 3153 2485 doleamus
3187 2450 3198 2481 :
3234 2440 3511 2500 peccantes
3559 2437 3700 2489 enim

2119 2540 2328 2595 semper
2355 2525 2545 2579 timere
2574 2531 2819 2592 oportet:
2849 2532 2955 2575 tum
2985 2537 3110 2577 vero
3139 2524 3369 2578 maxime
3397 2540 3517 2579 cum
3550 2526 3701 2583 triste

2121 2619 2249 2671 nihil
2288 2617 2537 2688 patimur.
2585 2614 2806 2682 Quando
2837 2615 2979 2668 enim
3009 2629 3105 2682 per
3146 2624 3321 2683 partes
3350 2614 3484 2669 Deus
3516 2632 3700 2685 ptenas

2114 2710 2295 2779 exigit,
2325 2708 2576 2762 leviorem
2620 2716 2770 2776 parat
2794 2705 3115 2769 vindictam;
3149 2704 3360 2775 quando
3383 2717 3557 2761 autem
3583 2723 3703 2763 sce-

2115 2801 2223 2856 lera
2246 2798 2448 2870 singula
2467 2798 2570 2852 fert
2593 2799 2867 2867 patienter,
2886 2796 2935 2850 in
2960 2811 3201 2866 magnam
3227 2811 3324 2852 nos
3352 2796 3404 2851 in
3432 2797 3497 2852 iis
3519 2814 3701 2868 perse-

2112 2900 2360 2948 verantes
2390 2898 2627 2946 reservat
2656 2889 2931 2943 ultionem.
2962 2887 3093 2942 Nam
3122 2888 3166 2942 si
3197 2888 3374 2958 probis
3397 2892 3694 2946 necessaria

2111 2994 2192 3040 est
2221 2983 2437 3039 afﬂictio
2459 3024 2473 3049 ,
2503 2983 2669 3037 multo
2713 2982 2879 3051 magis
2910 2981 3270 3050 peccantibus.
3301 2980 3435 3036 Vide
3465 2998 3693 3050 namque

2110 3084 2359 3146 quantam
2392 3075 2479 3128 Dei
2511 3074 2819 3143 patientiam
2847 3083 3105 3141 expertus
3131 3072 3355 3137 Pharao,
3393 3083 3689 3130 extremum

2108 3169 2336 3237 denique
2368 3183 2462 3236 pro
2490 3166 2738 3219 onmibns
2769 3165 2863 3219 luit
2892 3163 3229 3233 supplicium;
3253 3173 3381 3233 qnot
3408 3164 3688 3219 criminum

2109 3274 2230 3315 rens
2256 3255 2743 3312 Nabuchodonosor
2763 3294 2803 3318 ,,
2832 3254 3069 3306 omnium
3101 3252 3310 3307 tandem
3343 3267 3526 3321 poenas
3556 3255 3684 3318 luit;

2106 3353 2254 3407 dives
2293 3351 2416 3403 item
2458 3348 2579 3417 quia
2626 3346 2756 3399 nihil
2800 3346 2883 3399 hic
2915 3360 3273 3398 mrumnarunt
3309 3359 3492 3413 passus
3540 3355 3685 3408 erat,

2107 3443 2223 3498 ideo
2252 3440 2478 3495 maxime
2530 3439 2689 3491 miser
2716 3436 2848 3499 fuit;
2873 3435 2995 3503 quia
3022 3437 3071 3488 in
3115 3435 3210 3488 hac
3234 3436 3336 3489 vita
3374 3436 3646 3491 deliciatus
3667 3478 3682 3502 ,

2105 3535 2229 3589 illuc
2251 3533 2379 3587 abiit
2401 3530 2634 3584 omnium
2668 3543 2851 3597 poenas
2876 3527 3116 3592 daturus,
3150 3526 3235 3580 ubi
3266 3528 3460 3581 nullam
3489 3527 3538 3582 in
3572 3545 3686 3582 ma-

2105 3626 2168 3680 lis
2194 3623 2608 3679 consolationem
2633 3621 2865 3690 reperire
2892 3630 3026 3674 erat.
3056 3620 3303 3673 Attamen
3330 3620 3542 3690 quidam
3560 3631 3684 3675 sunt

2102 3719 2173 3772 ita
2206 3716 2376 3786 frigidi
2408 3724 2461 3770 et
2489 3714 2656 3776 stulti,
2681 3722 2736 3765 nt
2766 3713 3043 3781 praesentia
3067 3719 3268 3764 tantum
3298 3725 3508 3780 semper
3532 3726 3675 3781 qna:-

2102 3819 2237 3869 rant,
2258 3817 2310 3862 et
2328 3807 2441 3859 lucc
2466 3804 2683 3858 ridicula
2705 3803 2862 3857 verba
2892 3803 3184 3870 proferant:
3210 3802 3420 3854 Interim
3441 3816 3677 3871 praesen-

2102 3903 2239 3957 tibus
2268 3899 2411 3954 fruar
2432 3897 2696 3961 omnibus;
2718 3906 2842 3948 tunc
2860 3894 2927 3948 de
2952 3894 3168 3948 incertis
3191 3890 3530 3961 prospiciam;
3551 3907 3680 3948 ven-

2100 3994 2164 4049 tri
2193 3990 2497 4062 indulgebo,
2527 3986 2881 4056 voluptatibus
2906 3984 3166 4049 serviam,
3199 3983 3388 4037 abutar
3430 3985 3677 4054 praesenti

2099 4088 2223 4140 vita.
2283 4085 2357 4139 Da
2412 4082 2539 4136 mihi
2600 4080 2910 4134 hodiernum
2943 4077 3106 4141 diem,
3154 4086 3207 4129 et
3247 4076 3429 4145 accipe
3488 4077 3678 4131 crasti-

2100 4194 2243 4233 litin).
2287 4176 2331 4231 Ο
2369 4176 2636 4244 ingentem
2691 4170 3003 4225 stultitiam!
3053 4167 3105 4222 ln
3150 4183 3257 4238 quo
3307 4167 3376 4223 ab
3423 4167 3584 4224 hircis
3626 4180 3681 4223 et

2099 4271 2271 4340 porcis
2310 4267 2561 4323 differunt
2597 4265 2682 4335 qui
2730 4263 2851 4317 talia
2889 4261 3212 4331 loquuntur?
3264 4261 3394 4316 Nam
3448 4261 3496 4315 si
3543 4276 3675 4326 eos,

2096 4363 2181 4431 qui
2222 4361 2286 4415 ad
2336 4373 2555 4415 uxorem
2607 4356 2829 4425 proximi
2858 4355 2935 4409 sui
2969 4354 3233 4418 hinniunt,
3267 4369 3371 4408 non
3399 4354 3523 4408 sinit
3551 4367 3678 4423 pro-

2098 4456 2254 4523 pheta
2303 4452 2547 4505 homines
2574 4447 2809 4518 reputari
2840 4444 2969 4517 (Jer.
3002 4447 3054 4501 5.
3078 4444 3133 4512 8)
3157 4488 3171 4506 .
3213 4446 3332 4516 quis
3371 4459 3468 4499 nos
3492 4446 3676 4514 culpa-

2098 4546 2169 4598 Ιιὶι
2199 4544 2241 4597 si
2270 4543 2369 4597 hos
2397 4542 2597 4605 hircos,
2628 4554 2818 4607 porcos
2845 4547 2899 4593 et
2947 4538 3109 4592 asinis
3140 4537 3530 4605 insipientiores
3558 4550 3678 4590 esse

2094 4636 2480 4700 existimemus,
2530 4633 2617 4702 qui
2663 4631 2884 4685 clariora
2914 4630 3007 4692 iis,
3051 4644 3169 4699 qua:
3199 4628 3366 4686 oculis
3409 4625 3673 4690 videntur.

2097 4729 2297 4783 incerta
2327 4740 2445 4781 esse
2474 4723 2700 4793 putant?
2723 4720 2780 4777 Si
2807 4723 2945 4776 enim
2981 4720 3104 4774 nulli
3137 4719 3224 4773 alii
3256 4717 3450 4783 Credis,
3475 4717 3677 4772 daemo—

2096 4818 2248 4871 nibus
2283 4816 2470 4871 saltem
2498 4814 2647 4868 adsta
2682 4813 2806 4867 dum
2845 4812 3220 4873 verberantur;
3259 4810 3323 4861 iis
3346 4809 3547 4863 scilicet
3584 4808 3673 4879 qui

2095 4911 2147 4965 in
2181 4908 2467 4978 perniciem
2500 4916 2733 4960 nostram
2773 4904 2899 4958 nihil
2930 4919 3033 4956 non
3062 4902 3244 4956 dicunt
3283 4910 3337 4955 et
3362 4908 3541 4971 agunt.
3567 4900 3673 4955 Ne-

2092 5017 2196 5072 que
2224 4999 2364 5054 cnim
2392 4998 2495 5052 hoc
2536 5002 2822 5064 negaturus
2856 5009 2933 5058 es,
2963 4993 3107 5063 ipSos
3161 5005 3353 5138 nemp:
3389 4990 3519 5045 nihil
3566 5004 3671 5045 non

2093 5107 2250 5138 annm
2277 5104 2333 5138 ut.
2353 5088 2611 5138 desidiam
2641 5097 2875 5138 nostram
2904 5096 3151 5138 augeant.
3178 5085 3311 5138 ttehe
3354 5098 3436 5138 nte
3470 5090 3669 5136 metum

2093 5107 2250 5163 agere
2277 5104 2333 5146 ut
2353 5088 2611 5145 desidiam
2641 5097 2875 5143 nostram
2904 5096 3151 5156 augeant,
3178 5085 3436 5156 gehéhnte
3470 5090 3669 5136 metum

2091 5183 2355 5247 auferant,
2389 5180 2727 5253 efﬁciamque
2757 5187 2813 5234 ut
2863 5177 3042 5234 futuro
3062 5177 3263 5250 judicio
3307 5174 3467 5231 fidem
3506 5187 3664 5241 nesc-

2093 5292 2229 5331 mus.
2279 5277 2526 5329 Attamen
2558 5264 2648 5344 qui
2676 5273 2789 5343 haec
2832 5271 3070 5342 cupiunt,
3110 5269 3398 5323 clamantes
3450 5271 3505 5318 et
3548 5261 3666 5315 ulu-

2093 5366 2263 5421 lantes
2305 5378 2446 5434 smpe
2471 5405 2486 5428 ,
2516 5372 2777 5417 tormenta
2827 5361 2934 5416 illic
2979 5360 3210 5415 adhibita
3235 5353 3562 5428 praedicantf
3581 5354 3666 5424 (ι).

2091 5455 2243 5512 Unde
2285 5454 2445 5525 igitur
2490 5453 2606 5508 hac
2635 5451 2838 5519 dicunt,
2896 5462 2949 5506 et
2974 5458 3156 5505 contra
3201 5458 3357 5518 quam
3386 5443 3564 5499 volunt
3592 5444 3662 5497 lo

2152 5589 2226 5700 (ιῖ)
2258 5597 2370 5649 Qua:
2402 5589 2478 5639 hic
2509 5587 2572 5638 de
2605 5585 2915 5659 daemoniacis
2943 5583 3194 5639 dicuntur,
3217 5542 3496 5629 ‘abserratu
3518 5571 3665 5637 diana

2152 5666 2223 5700 n.

2091 5666 2223 5701 sunt.
