4076 6150
391 246 496 300 915

391 356 660 428 quatitur?
705 353 817 408 Non
871 351 971 406 alia
1027 351 1093 405 de
1138 364 1337 415 causa,
1389 361 1546 417 quam
1593 343 1732 414 quod
1788 342 1974 412 majori

389 453 627 508 cruciatu
672 457 949 520 cogantur.
982 446 1162 515 Neque
1193 445 1332 497 enim
1384 441 1580 496 vellem
1608 446 1799 507 sponte
1848 451 1976 491 con-

392 547 570 609 fiteri,
618 545 700 598 vel
754 557 813 597 se
865 557 894 595 a
945 540 1168 594 mortuis
1222 534 1523 590 hominibus
1576 529 1850 600 torqueri,
1891 527 1977 584 vel

387 656 446 692 se
493 637 712 692 omnino
745 649 904 705 grave
935 631 1205 701 quidpiam
1238 630 1364 698 pati.
1393 624 1505 692 Qua
1545 636 1674 691 ergo
1719 619 1786 675 de
1816 631 1974 674 causa

390 733 504 785 haec
551 745 580 784 a
613 746 699 785 me
736 728 874 783 dicta
929 723 1091 780 sunt?
1131 721 1262 790 Quia
1309 719 1603 783 daemones,
1650 714 1741 786 qui
1790 711 1976 766 uolunt

385 823 535 880 credi
583 822 902 894 gehennam,
953 804 1125 871 tinnen
1178 814 1476 884 gehennam
1522 809 1883 866 confitentur:
1919 813 1975 860 tu

390 931 518 970 vero
563 915 653 984 qui
700 923 842 968 tanto
873 908 1106 980 dignaris
1154 906 1376 968 honore,
1408 905 1602 974 quique
1631 898 1974 956 ineﬂ'abilittm

390 1021 614 1062 consors
656 1019 714 1058 es
752 1002 1162 1074 mysteriorum,
1221 1011 1318 1051 nec
1389 996 1508 1048 illos
1552 993 1810 1058 imitaris,
1880 989 1974 1044 sed

391 1100 552 1152 etiam
605 1097 708 1151 illis
753 1093 987 1150 deterior
1030 1091 1198 1145 factus
1247 1104 1324 1143 es.
1377 1087 1589 1156 Ecquis,
1624 1084 1850 1154 inquies,
1908 1081 1977 1136 ab

392 1191 599 1246 inferno
642 1191 806 1250 venit,
857 1195 911 1241 et
955 1185 1071 1240 haec
1115 1181 1417 1237 nuntiavit?
1463 1178 1568 1234 Sed
1611 1186 1674 1248 et
1717 1175 1786 1230 de
1828 1173 1976 1229 cretis

391 1282 508 1351 quis
554 1281 716 1345 venit,
745 1279 987 1348 dixitque
1036 1278 1202 1331 Deum
1239 1289 1360 1330 esse
1405 1273 1495 1343 qui
1526 1270 1703 1326 omnia
1734 1266 1976 1324 creavit?

387 1371 542 1439 Quod
593 1381 768 1425 autem
829 1369 1061 1423 animam
1115 1367 1402 1420 habeamus
1441 1363 1583 1417 unde
1627 1361 1800 1430 palam
1851 1359 1976 1413 est?

391 1463 447 1520 Si
478 1463 620 1518 enim
665 1462 751 1517 illa
801 1461 972 1516 solum
1015 1474 1134 1528 qua:
1181 1457 1281 1513 sub
1320 1465 1593 1524 aSpectum
1624 1452 1822 1507 cadunt
1853 1465 1976 1506 cre-

389 1557 599 1610 diturus
640 1570 717 1620 es,
770 1567 833 1607 ac
856 1552 922 1607 de
955 1552 1083 1615 Deo,
1115 1550 1183 1604 de
1229 1549 1452 1618 angelis,
1505 1547 1571 1601 de
1611 1554 1789 1601 mente
1833 1543 1978 1600 etde

393 1649 567 1701 anima
597 1647 826 1710 dubitas,
857 1645 935 1699 sic
977 1644 1066 1698 tibi
1088 1642 1272 1697 omnia
1303 1641 1538 1695 veritatis
1579 1639 1824 1709 dogmata
1857 1653 1978 1708 pes-

392 1747 510 1785 sum
613 1731 784 1786 ibuut.
831 1728 990 1798 Atqui
1018 1729 1064 1784 si
1110 1727 1209 1783 sub
1250 1742 1464 1782 sensum
1497 1725 1809 1780 cadentibus
1857 1735 1974 1778 tan-

391 1833 505 1876 tum
547 1823 626 1875 vis
646 1821 886 1886 credere,
916 1818 1269 1875 invisibilibus
1294 1819 1460 1888 magis
1488 1833 1646 1888 quam
1679 1815 1976 1871 visibilibus

393 1914 580 1969 credas
620 1922 847 1983 oportet.
878 1912 1029 1980 Quod
1068 1913 1110 1968 si
1143 1911 1458 1981 stupendum
1491 1911 1733 1966 videatur
1757 1911 1808 1964 id
1838 1909 1978 1980 quod

393 2005 520 2071 dixi,
552 2013 783 2059 attamen
811 2019 993 2059 verum
1033 2012 1088 2058 et
1126 2002 1265 2073 apud
1300 2012 1478 2057 mente
1504 2001 1756 2071 praeditos
1779 2003 1830 2056 in
1850 2017 1980 2057 con-

391 2097 536 2153 fesso
553 2108 654 2151 est.
677 2096 827 2152 Oculi
845 2097 986 2151 enim
1015 2111 1156 2166 saepe
1179 2095 1453 2160 falluntur,
1478 2111 1582 2150 non
1618 2096 1668 2150 in
1702 2095 1978 2151 invisibili-

394 2189 491 2244 hus
508 2197 710 2243 tantum
733 2187 873 2260 (huic
890 2192 1085 2259 quippe
1114 2203 1218 2244 non
1241 2191 1483 2258 norunt),
1505 2188 1600 2244 sed
1617 2190 1669 2243 in
1693 2190 1795 2243 illis
1817 2190 1976 2243 etiam

388 2297 511 2350 -qu:e
566 2296 788 2336 cernere
849 2281 947 2335 sibi
1001 2280 1286 2345 videntur;
1338 2280 1586 2336 obstante
1632 2280 1834 2335 scilicet
1887 2290 1980 2335 aut

391 2368 678 2434 distan:ia,
734 2375 825 2421 aut
872 2381 1032 2430 aere,
1089 2375 1180 2420 aut
1228 2377 1407 2420 mente
1457 2367 1565 2420 alio
1597 2367 1833 2432 intenta,
1887 2375 1979 2421 aut

395 2459 494 2523 ira,
546 2467 636 2511 aut
683 2457 1073 2521 sollicitudine,
1112 2466 1204 2509 aut
1247 2457 1511 2511 sexcentis
1560 2457 1679 2511 aliis
1737 2457 1979 2512 obicibus

393 2547 789 2602 accurationem
844 2547 1153 2601 tollentibus
1209 2565 1221 2598 :
1285 2547 1477 2601 animm
1539 2557 1714 2602 autem
1774 2547 1978 2618 cogita-

393 2639 504 2704 tio,
550 2639 592 2692 si
645 2638 942 2691 divinarum
993 2637 1387 2706 Scripturarum
1441 2639 1554 2690 luce
1601 2637 1976 2707 perfundatur,

393 2733 690 2786 accuratius
717 2745 780 2787 ac
825 2731 1020 2786 cert-ius
1070 2746 1246 2786 rerum
1288 2730 1543 2800 judicium
1586 2730 1738 2787 feret.
1785 2731 1860 2787 Ne
1877 2735 1978 2788 ita-

392 2840 496 2892 que
519 2838 615 2878 nos
641 2823 785 2892 ipsos
809 2823 997 2878 frustra
1020 2823 1365 2894 decipiamus,
1383 2840 1514 2880 neve
1537 2835 1726 2895 praeter
1745 2825 1867 2880 vitae
1897 2840 1981 2881 se-

391 2917 608 2985 gnitiem
628 2915 932 2985 ’hujusmodi
951 2916 1285 2986 dogmatibus
1303 2926 1527 2986 partam,
1560 2918 1718 2971 etiam
1738 2931 1834 2987 pro
1852 2917 1979 2986 ipsis

391 3007 728 3077 dogmatibus
754 3009 1054 3077 graviorem
1089 3007 1240 3062 nobis
1269 3009 1376 3062 vim
1406 3007 1540 3077 ignis
1560 3007 1974 3062 accumulemus.

392 3100 551 3156 Certe
584 3101 628 3155 si
670 3099 926 3170 judicium
985 3117 1088 3156 non
1133 3113 1247 3167 est»,
1298 3117 1470 3171 neque
1507 3115 1692 3171 pcenas
1735 3100 1980 3156 dabimus

393 3197 678 3262 scelerum,
713 3213 885 3267 neque
912 3198 1152 3252 laborum
1169 3199 1386 3268 praemia
1409 3213 1821 3268 consequemur.
1853 3199 1981 3254 Per-

392 3287 630 3355 pendite,
660 3303 861 3357 qumso,
886 3305 991 3360 quo
1023 3289 1238 3343 tendant
1259 3288 1603 3357 blaSphemia:
1625 3301 1834 3356 vestra},
1859 3305 1978 3344 cum

387 3380 585 3445 dicitis,
623 3380 790 3435 Deum
818 3380 1040 3450 justum,
1065 3381 1266 3445 mitem,
1301 3389 1376 3435 tot
1415 3380 1624 3438 labores
1652 3382 1980 3452 sudoresque

395 3471 691 3540 deSpicere.
727 3472 794 3526 Et
818 3471 1087 3542 quomodo
1111 3473 1230 3526 haec
1258 3473 1447 3527 rationi
1479 3489 1714 3529 consona
1745 3473 1980 3530 fuerint?

469 3562 852 3617 Dentonstratur
898 3565 1172 3616 mercedem
1225 3563 1394 3617 virtuti
1440 3574 1485 3617 et
1533 3566 1649 3619 vitio
1690 3583 1887 3636 pwnam
1928 3567 1981 3620 in

394 3653 555 3705 altera
582 3653 682 3704 vita
710 3654 970 3706 reservari.
1013 3684 1082 3691 —
1121 3653 1232 3708 Etsi
1261 3655 1402 3709 cnim
1443 3669 1547 3709 non
1591 3656 1804 3711 aliunde
1829 3699 1842 3720 ,
1871 3657 1980 3711 sal-

397 3756 500 3799 tem
540 3758 606 3797 ex
639 3743 702 3796 iis
731 3760 846 3811 qua:
867 3743 925 3796 in
952 3742 1112 3798 domo
1143 3753 1229 3798 tua
1275 3753 1533 3814 geruntur
1578 3745 1693 3801 hare
1724 3746 1938 3816 explora
1961 3789 1976 3814 ,

395 3845 451 3890 ct
479 3845 600 3889 tunc
622 3850 778 3904 quam
811 3834 1036 3888 absurda
1069 3837 1183 3890 haec
1201 3837 1307 3890 sint
1334 3836 1724 3906 deprehendes.
1759 3839 1977 3894 Etiamsi

393 3928 536 3982 enim
568 3927 853 3982 admodum
881 3926 1202 3982 inhumanus
1230 3928 1303 3982 sis
1333 3943 1394 3983 ac
1413 3927 1647 3984 crudelis
1674 3973 1687 3995 ,
1722 3930 1829 3983 imo
1852 3930 1980 4000 ipsis

398 4021 526 4076 feris
551 4021 852 4087 immanior,
882 4021 1052 4076 nolles
1076 4033 1220 4077 certe
1248 4037 1457 4077 servum
1489 4032 1636 4079 tuum
1660 4023 1979 4078 benevolum

398 4113 488 4167 tibi
512 4113 743 4169 moriens
766 4114 880 4169 sine
919 4115 1139 4184 pra-mio
1165 4115 1496 4184 relinquere,
1519 4115 1613 4170 sed
1654 4123 1708 4170 et
1737 4114 1981 4170 libertate

395 4207 562 4262 donas
583 4249 598 4274 ,
623 4217 677 4262 et
696 4207 934 4277 pecunia:
955 4223 1176 4261 munere
1201 4224 1214 4270 ;
1247 4216 1299 4260 et
1327 4208 1448 4277 quia
1475 4217 1527 4262 tu
1555 4207 1820 4263 decedens
1849 4207 1981 4262 nihil

398 4311 546 4373 potes
578 4299 712 4356 ultra
754 4301 851 4366 ipsi
879 4301 1123 4356 conferre
1143 4300 1266 4355 boui
1289 4343 1302 4366 ,
1355 4301 1406 4354 id
1433 4299 1571 4370 apud
1605 4300 1833 4357 heredes
1861 4311 1981 4357 tuos

395 4409 571 4454 curas,
600 4407 792 4464 rogans
818 4391 1052 4462 nihilque
1084 4408 1187 4447 non
1217 4407 1400 4461 agens,
1430 4400 1568 4447 utne
1597 4392 1683 4448 ille
1706 4395 1819 4448 sine
1846 4409 1980 4448 mer-

393 4485 525 4557 cede
548 4494 778 4539 maneat.
803 4483 961 4554 Atqui
987 4483 1030 4538 si
1064 4491 1114 4536 tu
1147 4499 1374 4552 nequam
1398 4485 1556 4538 homo
1577 4525 1592 4551 ,
1620 4485 1692 4539 ita
1720 4485 1982 4540 humanus

395 4563 759 4646 benignusque
780 4589 838 4629 es
867 4589 993 4644 erga
1033 4572 1318 4638 famulum,
1347 4590 1414 4628 an
1457 4575 1715 4630 immensa
1761 4575 1855 4631 Dei
1881 4577 1977 4630 bo-

395 4668 562 4731 nitas,
609 4665 891 4723 inell'abilis
933 4665 1234 4736 benignitas
1255 4707 1267 4730 ,
1299 4675 1441 4720 tanta
1473 4665 1557 4719 illa
1589 4667 1941 4722 mansuetudo
1964 4712 1978 4734 ,

396 4758 622 4831 lautulos
665 4773 820 4823 suos,
858 4758 1103 4822 Petrum,
1139 4756 1377 4823 Paulum,
1423 4756 1678 4811 Jacobum
1723 4768 1775 4812 et
1821 4758 1980 4813 Joan-

397 4865 557 4912 nem,
602 4851 836 4918 quotidie
883 4860 1099 4920 prepter
1154 4850 1303 4904 illum
1357 4850 1689 4916 esurientes,
1735 4851 1980 4916 vinctos,

397 4940 692 5011 llagellatos
712 4985 726 5007 ,
760 4943 1008 4999 fluctibus
1033 4945 1337 5011 demersos,
1372 4943 1497 5000 feris
1524 4943 1763 5015 objectos
1782 4986 1796 5010 ,
1827 4949 1982 5001 morti

399 5034 654 5100 traditos,
682 5033 890 5106 aliaque
921 5038 1194 5093 innumera
1224 5054 1430 5109 passos.
1455 5039 1796 5095 incoronatos
1827 5039 1985 5093 relin-

397 5127 566 5199 quet?
597 5128 927 5200 Agonotlteta
958 5145 1086 5184 sane
1111 5131 1365 5185 victorem
1391 5131 1442 5186 in
1472 5133 1763 5205 Olympicis
1795 5134 1985 5202 pracdi-

398 5233 484 5290 cat
506 5232 560 5276 et
581 5217 834 5285 coronat,
871 5213 1031 5302 hierth
1057 5235 1267 5276 servum
1290 5265 1305 5288 ,
1338 5238 1430 5278 rex
1471 5224 1690 5279 militem
1720 5225 1982 5287 honorat,

399 5238 484 5290 cat
506 5238 560 5276 et
581 5238 834 5285 coronat,
872 5238 902 5273 ιι
925 5238 1031 5302 grus
1057 5238 1267 5276 servum
1290 5265 1305 5288 ,
1338 5238 1430 5278 rex
1471 5238 1690 5279 multem
1720 5238 1944 5278 nonorat
1968 5265 1982 5287 ,

399 5325 454 5369 et
479 5315 705 5385 quisque
731 5238 1112 5400 demuét‘illum
1141 5311 1230 5385 qui
1257 5314 1356 5370 sibi
1389 5315 1766 5371 ministraverit
1796 5319 1987 5386 quibus

403 5419 579 5480 potest
607 5408 761 5463 bouis
792 5408 1095 5481 remunerat
1127 5427 1140 5462 :
1171 5407 1415 5478 Deosque
1445 5409 1618 5475 solus,
1662 5419 1781 5478 post
1811 5419 1986 5465 tantos

401 5500 626 5555 sudores
654 5510 708 5556 et
747 5499 983 5568 labores,
1030 5516 1129 5556 nec
1171 5499 1390 5570 pa‘rvum
1421 5516 1519 5555 nec
1569 5517 1815 5572 maguum
1860 5503 1986 5572 ipsis

401 5591 597 5646 bonum
640 5593 881 5661 confert,
911 5595 1004 5651 sed
1045 5595 1173 5664 justi
1216 5594 1291 5649 illi
1331 5609 1393 5649 ac
1419 5594 1490 5665 pii
1524 5594 1659 5661 viri,
1687 5596 1779 5666 qui
1828 5609 1987 5652 omne

404 5685 610 5740 virtutis
648 5701 816 5756 genus
875 5680 1150 5756 adierunt,
1203 5687 1389 5744 eadem
1439 5698 1594 5745 erunt
1641 5687 1984 5758 conditione,

1103 235 1165 291 s.
1206 233 1480 290 JDANNIS
1518 225 1994 287 CIIItYSUS'lOMl
2037 220 2351 285 AlltllltEP.
2393 227 2949 288 CONSTANTINOP.

3552 223 3657 284 ais

2081 360 2187 412 qua
2240 346 2460 410 tuaac-hi,
2507 344 2823 414 parricidae,
2883 343 3171 399 homicida:
3215 343 3659 413 tumulorumque

2080 436 2446 491 eﬂ'ussores‘?
2478 437 2658 506 Ecqua
2690 437 2818 491 insit
2843 438 2895 490 in
2940 437 3022 491 his
3062 437 3233 491 ratio?
3270 438 3324 491 Si
3356 437 3504 490 enim
3524 437 3662 491 nihil

2084 533 2222 586 ultra
2241 542 2322 586 est
2344 539 2463 602 post
2497 532 2798 587 discessum
2816 547 2880 587 ex
2911 531 3013 586 hac
3045 533 3176 593 vita,
3197 532 3309 586 etsi
3347 540 3534 586 nostra
3553 533 3664 586 sint

2083 626 2367 693 pra-sentis
2384 626 2506 680 vitae
2521 627 2782 681 limitibus
2799 627 3231 694 circumscripta,
3259 627 3310 679 in
3327 627 3517 680 eodem
3535 635 3665 681 sunt

2080 715 2220 759 statu
2245 715 2299 759 et
2330 706 2457 760 hiet
2481 705 2553 759 illi
2581 723 2594 770 ;
2626 706 2732 760 imo
2757 721 2862 760 non
2901 705 3090 760 eodem
3130 707 3182 760 in
3209 714 3369 760 statu.
3412 706 3470 761 Si
3498 707 3668 773 enim,

2080 799 2368 854 secundum
2401 808 2451 853 te
2471 839 2485 862 ,
2540 799 2760 868 posthac
2789 798 2976 853 eodem
3007 799 3058 853 in
3097 807 3238 854 statu
3266 799 3374 853 sint
3403 816 3416 853 :
3447 808 3502 854 at
3537 799 3624 854 hic
3649 837 3668 867 ,

2082 892 2152 945 illi
2186 893 2236 945 in
2268 892 2666 962 tranquillitate,
2689 893 2742 946 hi
2766 893 2816 946 in
2846 891 3108 961 supplicio
3134 899 3246 946 toto
3273 900 3516 960 tempore
3543 909 3666 946 ver-

2080 984 2177 1036 sati
2203 992 2344 1037 sunt.
2377 984 2571 1052 Ecquis
2600 996 2853 1055 tyrannus
2879 983 3159 1050 immanis,
3205 983 3324 1053 quis
3354 983 3516 1039 homo
3540 999 3666 1039 cru-

2080 1075 2214 1130 delis
2243 1083 2297 1130 et
2318 1076 2635 1130 inhumanus
2658 1089 2844 1128 servos
2871 1074 3220 1144 subditosque
3243 1089 3372 1129 suos
3399 1078 3477 1129 sic
3501 1091 3670 1130 exce-

2083 1169 2200 1238 pit?
2231 1168 2410 1222 Viden‘
2456 1169 2721 1239 ingentem
2768 1166 3147 1222 absurditatem
3173 1207 3187 1231 ,
3221 1176 3274 1222 et
3312 1169 3402 1237 qui
3451 1168 3571 1222 finis
3599 1170 3667 1222 sit

2083 1260 2201 1315 talis
2229 1259 2531 1315 ratiocinii?
2556 1259 2738 1329 Itaque
2758 1259 2804 1313 si
2831 1258 2975 1313 nullo
3001 1259 3125 1324 alio,
3154 1258 3258 1312 hoc
3283 1259 3474 1313 saltem
3499 1260 3666 1314 ratio-

2080 1351 2221 1406 cinio
2248 1351 2515 1416 eruditus,
2565 1351 2701 1405 hanc
2740 1350 3024 1420 pessimam
3071 1349 3377 1419 opinionem
3409 1352 3668 1419 repudia,

2081 1443 2201 1513 fuge
2226 1442 2477 1496 malitiam
2499 1483 2514 1508 ,
2539 1449 2593 1496 et
2617 1441 2828 1496 labores
2857 1456 2952 1510 pro
2977 1441 3168 1496 virtute
3192 1443 3402 1512 suscipe
3423 1482 3436 1506 ,
3461 1452 3512 1496 et
3543 1451 3670 1496 tunc

2080 1536 2217 1589 scies
2244 1544 2422 1589 nostra
2448 1551 2552 1588 non
2573 1549 2695 1589 esse
2723 1535 2999 1603 praesentis
3018 1533 3140 1588 vita:
3164 1534 3420 1588 limitibus
3444 1536 3670 1590 circum.

2083 1625 2300 1694 scripta.
2355 1624 2408 1680 Si
2457 1625 2576 1694 quis
2629 1635 2808 1680 autem
2859 1634 3063 1694 quaerat
3103 1640 3133 1678 a
3179 1633 3272 1680 te:
3303 1625 3500 1695 Ecquis
3543 1626 3668 1680 inde

2083 1718 2298 1772 veniens
2324 1717 2408 1771 illa
2432 1716 2732 1772 nuntiavit?
2778 1716 3042 1787 responde
3080 1716 3154 1771 illi
3187 1737 3198 1772 :
3232 1717 3404 1772 Homo
3450 1717 3662 1788 quidem

2082 1811 2293 1864 nullus:
2326 1825 2448 1864 nam
2485 1810 2531 1864 si
2560 1808 2720 1864 homo
2763 1817 2936 1874 esset,
2980 1823 3087 1863 non
3117 1807 3190 1862 illi
3218 1807 3479 1863 creditum
3523 1824 3668 1878 smpe

2082 1902 2288 1971 fuisset,
2321 1911 2502 1974 utpote
2535 1901 2626 1973 qui
2654 1917 2741 1957 res
2767 1909 3112 1971 exaggeraret
3150 1901 3605 1971 ampliticaretque
3647 1919 3661 1954 :

2082 1994 2392 2065 angelorum
2421 2009 2549 2049 vero
2578 1993 2834 2048 Dominus
2862 1994 2949 2047 illa
2971 1993 3148 2048 omnia
3173 2001 3421 2047 accurate
3448 1993 3664 2047 nuntia-

2082 2086 2175 2140 vit.
2229 2083 2368 2153 Quid
2419 2099 2546 2155 ergo
2576 2100 2710 2156 opus
2734 2083 2981 2150 homine,
3023 2099 3146 2138 cum
3195 2083 3240 2137 is
3269 2082 3360 2152 qui
3406 2097 3590 2152 pmnas
3633 2097 3664 2137 a

2084 2174 2238 2230 nobis
2284 2184 2567 2230 exacturus
2602 2184 2720 2240 est,
2749 2173 2984 2245 quotidie
3027 2173 3222 2229 clamet
3259 2187 3320 2229 se
3367 2174 3664 2244 gehennam

2083 2268 2351 2337 paravisse
2373 2308 2386 2332 ,
2417 2274 2470 2321 et
2499 2281 2719 2336 regnum
2768 2280 3146 2320 concessurum
3174 2279 3326 2332 esse,
3371 2265 3668 2336 horumque

2083 2361 2236 2415 nobis
2256 2369 2564 2430 argumenta
2589 2359 2731 2413 clara
2763 2357 3040 2428 praebeat?
3088 2356 3219 2412 Nam
3247 2356 3292 2412 si
3325 2373 3429 2411 non
3455 2356 3663 2426 judica-

2084 2460 2233 2508 turus
2256 2459 2418 2517 esset,
2442 2467 2510 2506 ne
2538 2450 2622 2505 hic
2649 2449 2862 2520 quidem
2887 2464 3134 2518 umquam
3163 2462 3348 2517 poenas
3377 2447 3663 2516 exegisset.

2085 2545 2292 2600 Etenim
2322 2544 2372 2598 id
2394 2559 2604 2614 quoque
2633 2542 2898 2612 quomodo
2925 2556 3044 2597 cum
3067 2543 3273 2597 ratione
3292 2550 3570 2606 consonet,
3599 2555 3664 2594 ex

2083 2638 2397 2694 facinorosis
2422 2638 2557 2692 alios
2586 2636 2792 2706 puniri,
2826 2636 2960 2690 alios
2989 2635 3251 2689 minime?
3287 2633 3417 2690 Nam
3447 2635 3492 2688 si
3528 2634 3666 2689 Deus

2083 2745 2339 2802 personas
2362 2744 2471 2784 non
2492 2729 2704 2798 accipit,
2729 2725 2872 2796 quod
2898 2741 3082 2780 verum
3109 2733 3257 2779 certe
3286 2733 3388 2790 est,
3412 2739 3507 2779 cur
3527 2725 3669 2778 hunc

2085 2823 2224 2878 ultus
2251 2831 2331 2876 est
2356 2863 2370 2888 ,
2403 2820 2545 2876 hunc
2581 2820 2798 2890 impune
2825 2818 2974 2873 abire
3003 2816 3164 2872 sivit?
3193 2816 3304 2872 Hoc
3330 2816 3475 2872 enim
3501 2817 3669 2886 majo-

2083 2931 2198 2971 rem
2242 2929 2400 2984 quam
2444 2927 2603 2984 supra
2648 2912 2787 2968 dicta
2825 2909 3189 2966 difficultatem
3234 2916 3432 2964 movet.
3477 2909 3580 2964 Sed
3620 2909 3664 2964 si

2084 3007 2225 3064 bono
2254 3023 2339 3062 me
2378 3007 2554 3061 animo
2584 3006 2769 3060 aud-ire
2795 3004 3070 3060 volueritis
3089 3044 3104 3068 ,
3138 3002 3274 3058 hanc
3303 3017 3514 3074 quoque
3558 3002 3668 3057 sol-

2086 3116 2270 3156 vemus
2320 3100 2686 3170 quaastionem.
2721 3098 2975 3164 Qumnam
3005 3112 3134 3167 ergo
3161 3097 3355 3151 solutio
3392 3098 3516 3152 est?
3558 3095 3668 3151 Nec

2084 3196 2152 3250 ab
2201 3195 2447 3249 omnibus
2494 3194 2578 3248 hic
2607 3208 2792 3264 ptenas
2830 3193 3031 3262 exigit,
3059 3205 3126 3246 ne
3165 3191 3230 3246 de
3274 3191 3669 3246 resurrectione

2085 3287 2335 3358 deSperes
2361 3294 2412 3341 et
2438 3285 2504 3340 de
2531 3284 2722 3350 futuro,
2730 3283 2951 3353 judicio,
2971 3282 3121 3352 quasi
3149 3297 3336 3336 omnes
3362 3282 3449 3336 hic
3476 3295 3663 3350 poenas

2085 3379 2328 3435 dederint
2353 3397 2366 3432 :
2397 3393 2567 3446 neque
2589 3391 2776 3430 omnes
2808 3374 3024 3444 impune
3050 3373 3177 3428 sinit
3201 3373 3384 3438 abire;
3415 3386 3483 3427 ne
3512 3381 3664 3442 putes

2084 3470 2260 3524 omnia
2309 3470 2423 3523 sine
2466 3467 2572 3522 ulla
2623 3465 2952 3536 providentia
2979 3463 3093 3536 geri
3129 3481 3141 3516 :
3180 3463 3273 3518 sed
3313 3472 3367 3518 et
3396 3463 3583 3533 punit,
3611 3470 3665 3516 et

2085 3580 2190 3619 non
2215 3565 2382 3635 punit.
2411 3563 2545 3618 Cum
2581 3563 2727 3632 punit
2752 3573 2968 3625 autent,
2997 3557 3266 3626 ostendit,
3301 3573 3359 3613 se
3401 3557 3560 3612 etiam
3599 3556 3671 3611 ab

2083 3659 2188 3713 illis
2212 3658 2302 3728 qui
2347 3657 2432 3713 hic
2462 3657 2602 3728 plcxi
2631 3665 2752 3710 sunt
2782 3669 2966 3722 poenas
3009 3653 3118 3708 illic
3163 3662 3469 3707 exacturum
3512 3665 3668 3716 esse;

2084 3767 2205 3806 eum
2234 3767 2362 3807 vero
2394 3766 2497 3805 non
2529 3750 2717 3822 punit,
2747 3759 2798 3802 te
2834 3747 2898 3801 ad
2929 3745 3252 3802 credendum
3295 3744 3525 3808 inducit,
3551 3759 3672 3799 esse

2085 3851 2206 3913 post
2256 3857 2534 3898 excessum
2578 3858 2640 3895 ex
2688 3841 2786 3894 hac
2814 3841 2916 3893 vita
2942 3838 3171 3894 tribunal
3216 3835 3560 3892 horrendum.
3611 3834 3669 3889 Si

2084 3950 2245 4005 porro
2271 3934 2446 4004 priora
2474 3933 2692 3987 omnino
2734 3931 3022 4002 negligeret
3043 3971 3057 3994 ,
3099 3929 3273 3983 nullos
3304 3928 3390 3982 hic
3417 3928 3624 3998 puniret
3651 3967 3668 3992 ,

2086 4025 2260 4081 nullos
2301 4025 2574 4080 beneﬁciis
2612 4025 2851 4079 afficeret
2882 4041 2895 4077 :
2937 4037 3074 4076 nunc
3112 4030 3288 4076 autem
3327 4021 3474 4075 vides
3520 4020 3669 4074 illum

2085 4127 2304 4189 propter
2329 4126 2379 4172 te
2405 4124 2460 4172 et
2484 4117 2672 4171 cadum
2697 4115 3006 4172 extendisse
3024 4157 3038 4180 ,
3063 4123 3114 4168 et
3147 4114 3312 4169 solem
3341 4112 3670 4179 accendisse,

2086 4220 2141 4264 et
2175 4219 2369 4266 terram
2399 4209 2650 4265 fundasse
2669 4250 2684 4276 ,
2714 4219 2767 4265 et
2797 4225 2941 4262 mare
2968 4207 3168 4263 fudisse
3193 4248 3207 4272 ,
3235 4216 3289 4262 et
3330 4221 3508 4262 aerem
3537 4221 3672 4275 pan-

2085 4303 2228 4358 disse
2248 4345 2263 4370 ,
2291 4313 2343 4358 et
2373 4302 2511 4357 lunae
2531 4317 2717 4357 cursus
2745 4301 3095 4369 disposuisse,
3137 4308 3188 4353 et
3230 4298 3355 4352 anni
3385 4305 3676 4366 tempesta-

2090 4396 2230 4450 tibus
2286 4396 2534 4450 immotas
2586 4393 2837 4449 statuisse
2888 4392 3066 4462 leges,
3132 4400 3434 4459 eteteraque
3492 4388 3674 4444 omnia

2089 4487 2254 4560 ipsius
2276 4497 2406 4541 nutu
2432 4495 2676 4542 accurate
2701 4501 2917 4540 cursum
2951 4499 3103 4538 suum
3135 4481 3408 4554 perlicere.
3433 4483 3501 4535 At
3529 4481 3674 4535 enim

2089 4590 2272 4636 natura
2293 4588 2493 4646 nostra,
2521 4589 2706 4634 natura
2729 4591 2936 4647 quoque
2965 4573 3431 4639 irrationabilium,
3453 4586 3677 4643 serpen-

2091 4674 2218 4727 tium
2246 4713 2260 4739 ,
2321 4672 2653 4742 gradentium
2679 4713 2692 4733 ,
2737 4669 3022 4723 Volantium
3046 4710 3061 4732 ,
3114 4667 3405 4721 natantium
3428 4706 3443 4730 ,
3489 4680 3676 4719 eorum

2087 4782 2208 4837 qua:
2231 4767 2280 4820 in
2307 4766 2505 4835 stagnis
2530 4807 2544 4829 ,
2571 4766 2620 4817 in
2664 4763 2894 4817 fantibus
2918 4802 2931 4827 ,
2953 4761 3009 4816 in
3045 4760 3371 4826 ﬂuminibus,
3401 4759 3453 4813 in
3482 4757 3678 4812 monti-

2091 4857 2224 4920 bus,
2260 4874 2312 4911 ιιι
2339 4857 2563 4912 .altibus
2585 4898 2598 4922 ,
2646 4856 2699 4910 in
2728 4853 2975 4909 domibus
3000 4895 3014 4920 ,
3067 4853 3117 4906 in
3155 4867 3280 4906 aere
3302 4893 3316 4917 ,
3347 4851 3400 4906 in
3437 4849 3640 4919 campis
3660 4889 3679 4916 ,

2093 4953 2286 5022 plantae
2306 4993 2320 5016 ,
2363 4952 2565 5006 semina
2583 4991 2596 5014 ,
2625 4947 2844 5004 arbores
2870 4962 2962 5002 seu
2994 4943 3269 5002 silvestres
3287 4986 3303 5012 ,
3331 4959 3427 4999 seu
3453 4944 3632 4998 sativaa
3656 4981 3672 5007 ,

2093 5049 2376 5102 fructuosae
2397 5046 2482 5101 vel
2501 5043 2862 5109 infructuosa,
2882 5042 3059 5098 omnia
3081 5041 3293 5096 demum
3315 5039 3383 5094 ab
3406 5035 3669 5092 indefessa

2096 5139 2182 5193 illa
2209 5153 2370 5193 manu
2393 5145 2535 5194 mota
2565 5137 2725 5189 vitam
2770 5143 3005 5190 nostram
3037 5135 3243 5198 fovent,
3295 5146 3403 5186 non
3429 5130 3494 5185 ad
3527 5144 3682 5185 usum

2093 5239 2324 5306 tantum,
2349 5230 2444 5285 sed
2471 5230 2629 5284 etiam
2657 5228 2721 5283 ad
2750 5229 3123 5284 liberalitatem
3150 5225 3507 5282 exercendam
3533 5232 3586 5279 et
3613 5223 3680 5277 ad

2096 5315 2403 5377 famulatum
2448 5321 2800 5377 ministerium
2825 5336 2980 5375 suum
3009 5319 3163 5375 nobis
3192 5317 3503 5390 praebentia.
3535 5315 3681 5370 Tan-

2097 5421 2207 5466 tum
2235 5415 2414 5483 itaque
2433 5413 2618 5466 videns
2647 5426 2824 5466 rerum
2847 5410 3086 5464 ordinem
3115 5410 3214 5464 etsi
3243 5409 3485 5479 exiguam
3508 5406 3684 5463 solum

2095 5507 2210 5574 ejus
2237 5488 2456 5575 'partem
2507 5503 2800 5560 referamus
2824 5544 2839 5572 ,
2868 5502 3047 5558 dicere
3086 5501 3251 5556 audes
3275 5543 3291 5568 ,
3323 5514 3444 5556 eum
3474 5497 3566 5569 qui
3613 5505 3692 5555 tot

2098 5605 2348 5668 tantaque
2401 5606 2615 5670 propter
2646 5608 2697 5653 te
2721 5603 2971 5667 operatus
2997 5603 3097 5663 est,
3132 5596 3184 5651 in
3207 5593 3462 5652 extremis
3492 5601 3544 5648 te
3590 5607 3689 5649 ne-

2162 5701 2178 5732 I
2217 5697 2330 5762 Alii,
2382 5712 2729 5765 murorumque
2771 5697 3037 5762 aliorsum.
