4076 6150
431 295 535 348 ⁸217

429 409 659 463 ἀνύοντα
699 406 921 478 δρόμον.
947 410 1059 462 Kal
1088 409 1196 482 γάρ
1224 413 1253 483 ή
1285 411 1449 484 φύσις
1480 415 1513 482 ή
1548 410 1812 481 ἡμετέρα,
1857 408 1953 462 καί
1978 411 2013 479 ή

429 491 537 544 τῶν
579 490 814 559 ἀλόγων,
843 490 954 546 τῶν
1003 495 1303 565 ἑρπόντων,
1363 496 1472 548 τῶν
1527 492 1872 564 βαδιζόντων,
1904 491 2015 546 τῶν

429 575 769 646 πετομένων,
797 574 907 632 τῶν
937 579 1278 650 νηχομένων,
1308 581 1414 632 τῶν
1449 582 1506 632 ἐν
1538 577 1778 648 λίμναις,
1808 577 1917 630 τῶν
1956 578 2014 628 ἐν

430 662 658 731 πηγαῖς,
688 659 801 716 τῶν
828 665 888 717 ἐν
918 666 1203 734 ποταμοῖς,
1229 663 1339 716 τῶν
1381 665 1441 716 ἐν
1485 662 1657 734 ὄρεσι,
1688 661 1797 714 τῶν
1831 663 1888 714 ἐν
1921 661 2013 715 νά-

429 762 583 810 παις,
622 745 733 800 τῶν
758 747 816 800 ἐν
845 747 1064 812 οἰκίαις,
1121 746 1233 800 τῶν
1265 749 1324 801 ἐν
1371 747 1514 820 ἀέρι,
1549 747 1659 800 τῶν
1689 747 1748 798 ἐν
1790 746 2012 810 πεδίοις,

429 829 527 882 καὶ
556 828 718 898 φυτά,
761 830 857 884 καὶ
899 830 1212 900 σπέρματα,
1265 830 1359 883 καὶ
1392 830 1606 901 δένδρα,
1640 828 1710 882 τά
1738 845 1798 882 τε
1824 829 2011 900 ἄγρια,

427 913 500 966 τά
537 929 596 964 τε
624 912 830 984 ἥμερα,
853 913 924 966 τά
945 931 1000 966 τε
1020 913 1276 986 ἔγκαρπα
1304 915 1398 968 καὶ
1421 913 1648 986 ἄκαρπα
1668 913 1816 980 ’,καὶ
1836 913 2014 967 πάντα.

427 993 618 1057 ἁπλῶς
645 994 750 1049 ὑπὸ
773 996 872 1066 τῆς
900 996 1185 1067 ἀκαμάτου
1215 995 1511 1067 κινούμενα
1556 997 1738 1068 χειρὸς
1773 994 2010 1066 ἐκείνης,

435 1075 538 1145 τήν
556 1077 833 1149 ἡμετέραν
861 1080 1135 1151 οἰκονομεῖ
1156 1080 1323 1151 ζωὴν,
1341 1083 1401 1134 οὐ
1431 1078 1566 1152 πρὸς
1603 1080 1796 1151 χρείαν
1831 1078 2012 1149 μόνον,

428 1160 566 1214 ἀλλὰ
589 1162 681 1215 καὶ
712 1160 850 1232 πρὸς
885 1162 1199 1232 φιλοτιμίαν
1225 1163 1325 1235 τὴν
1352 1163 1627 1217 διακονίαν
1664 1164 1796 1234 ήμῖν
1827 1161 1888 1225 ἐξ
1915 1163 2012 1215 αύ-

426 1242 535 1297 τῶν
598 1245 970 1316 παρεχόμενα.
1046 1245 1330 1318 Τοσαύτην
1389 1247 1567 1300 τοίνυν
1642 1245 1785 1318 ὁρῶν
1855 1247 2012 1298 εὐτα-

427 1326 568 1392 ξίαν,
603 1328 849 1397 καίτοιγε
895 1328 1017 1382 οὐδὲ
1073 1330 1135 1382 τὸ
1181 1330 1474 1383 πολλοστὸν
1544 1329 1772 1396 εἴπομεν
1822 1327 2008 1399 μέρος,

425 1409 630 1480 τολμᾷς
660 1413 855 1478 εἰπεῖν,
879 1412 960 1465 δτι
991 1414 1020 1464 6
1043 1412 1282 1466 τοσαῦτα
1312 1413 1408 1467 καὶ
1440 1410 1744 1483 τηλικαῦτα
1775 1411 2010 1482 ἐργασάο

428 1510 590 1561 μενος
615 1487 712 1548 sm“
729 1495 810 1563 σέ,
836 1496 894 1548 ἐν
910 1497 1024 1558 τοῖς
1041 1495 1277 1567 καιρίοις
1301 1513 1360 1548 σε
1384 1494 1710 1566 παρόψεται,
1744 1495 1840 1548 καὶ
1872 1492 2010 1562 μετά

423 1577 536 1630 τῶν
587 1577 726 1632 δνων
781 1580 877 1632 καὶ
921 1579 1032 1632 τῶν
1077 1581 1275 1650 χοίρων
1327 1581 1529 1652 ἀφήσει
1557 1579 2008 1649 ⁴’τελευτήσαντα

426 1661 660 1728 κεῖσθαι,
692 1665 788 1717 καὶ
808 1663 968 1736 δώρῳ
997 1681 1057 1716 σε
1081 1666 1320 1736 τιμήσας
1344 1663 1606 1734 τοσούτῳ,
1634 1662 1711 1734 τῷ
1729 1662 1829 1729 τῆς
1853 1661 2006 1714 εὐσε-

427 1747 602 1816 βείας,
625 1743 670 1817 ᾦ
694 1749 790 1802 καὶ
821 1747 930 1801 τῶν
961 1749 1210 1818 ἀγγέλων
1229 1749 1483 1820 ἐποίησεν
1512 1748 1646 1814 ἴσον,
1683 1744 2006 1818 περιόψεταί

427 1847 486 1883 σε
517 1831 655 1900 μετά
684 1832 810 1896 τοὺς
846 1833 1074 1904 μυρίους
1098 1833 1296 1896 πόνους
1327 1833 1423 1884 καὶ
1452 1832 1709 1902 ἱδρῶτας;
1741 1831 1852 1884 Καὶ
1889 1828 2005 1893 πῶς

1104 292 1160 350 S.
1203 293 1486 352 JOANNIS
1524 287 2016 350 CHRYSOSTOMI
2056 288 2381 346 ARCHIEP.
2418 289 2969 349 CONSTANTINOP.

3590 279 3698 337 218

2116 407 2319 479 ἀνέχοι
2346 407 2519 462 ταῦτα
2549 409 2741 478 λόγονς
2790 405 2980 462 Ταῦτα
3011 403 3140 473 γὰρ.
3183 398 3309 454 ’κᾶν
3349 397 3512 468 ἡμεῖς
3543 395 3704 467 σιγή·

2119 508 2319 560 σωμεν,
2342 493 2391 545 οἱ
2420 492 2557 546 λίθοι
2603 491 2993 564 κεκράξονταιο
3029 484 3173 539 οὕτω
3213 482 3364 552 σαφῆ
3399 480 3494 535 καί⁵
3536 479 3695 564 δῆλα,

2116 573 2209 626 καὶ
2229 573 2326 645 τῆς
2353 575 2568 639 ἀκτῖνος
2600 560 2772 645 αὐτῆς
2824 574 2940 625 ἐστι
2982 569 3254 640 φανότερα
3303 568 3346 620 ⁵.
3385 564 3552 618 Ταῦτ’
3603 560 3701 619 οὖν

2115 656 2332 710 ἅπαντα
2352 657 2722 728 λογισάμενοι,
2763 656 2857 709 καὶ
2889 653 3177 715 πείσαντες
3203 650 3302 720 τὴν
3337 648 3552 703 ἐαυτῶν
3589 646 3694 716 qm.

2115 740 2237 811 χὴν,
2269 740 2350 794 δτι
2382 741 2519 812 μετά
2545 739 2644 812 τὴν
2690 738 2938 793 ἐντεῦθεν
2972 734 3284 806 ἀποδημίαν
3339 733 3432 787 καὶ
3489 731 3697 802 βήματι

2115 823 2581 894 παραστησόμεθα
2609 821 2844 894 φοϐερῷ,
2875 821 2970 875 καὶ
3003 819 3159 888 λόγον
3179 817 3421 887 δώσομεν
3458 813 3569 868 τῶν
3594 830 3694 867 πε-

2115 905 2448 976 πραγμένων
2505 907 2780 970 ἁπάντων,
2833 905 2926 958 καὶ
2976 902 3206 966 εὐθύνας
3257 900 3552 970 ύφέξομεν,
3602 896 3700 950 καὶ

2112 988 2266 1061 δίκην
2309 989 2748 1061 ὑποστησόμεθα,
2802 988 2870 1043 ἀν
2922 989 3173 1059 μένωμεν
3222 981 3696 1055 πλημμελοῦντες,

2113 1074 2209 1127 καὶ
2257 1073 2536 1143 στεφάνων
2583 1071 3004 1142 ἀπολαυσόμεθα
3051 1070 3146 1124 καί
3185 1067 3405 1136 ἀγαθῶν
3456 1065 3698 1135 ἀπορρή-

2110 1174 2240 1220 των,
2271 1157 2338 1210 ἂν
2373 1157 2568 1229 μικρὸν
2610 1157 2823 1220 ἑαυτοῖς
2841 1155 3127 1227 προσέχειν
3157 1151 3532 1224 βουληθῶμεν,
3567 1147 3695 1212 τούς

2109 1259 2171 1295 τε
2229 1242 2608 1312 ἀντιλέγοντας
2648 1241 2742 1295 ἐπὶ
2779 1241 3026 1302 τούτοις⁶
3077 1235 3541 1309 ἐπιστομίζωμεν,
3599 1231 3695 1288 καὶ

2111 1326 2265 1380 αὐτοὶ
2329 1327 2429 1397 τὴν
2481 1328 2577 1398 τῆς
2645 1325 2848 1396 ἀρετῆς
2903 1324 3021 1378 ὁδὸν
3075 1321 3348 1393 ἑλώμεθα,
3407 1321 3496 1374 ἵνα
3555 1316 3695 1390 μετά

2110 1409 2423 1482 παρρησίας
2453 1409 2553 1478 τῆς
2596 1407 2984 1480 προσηκούσης
3014 1409 3094 1470 εἰς
3135 1409 3313 1460 ἐκεῖνο
3339 1404 3402 1458 τὸ
3437 1403 3695 1473 δικαστή-

2112 1512 2226 1564 ριον
2248 1494 2595 1565 ἀπελθόντες,
2622 1493 2968 1565 ἐπιτύχωμεν
2983 1491 3092 1545 τῶν
3111 1487 3540 1560 ἐπηγγελμένων
3560 1487 3694 1556 ήμῖν

2111 1577 2261 1650 [178]
2290 1564 2532 1646 ἀγαθῶν,
2565 1577 2747 1648 χάριτι
2788 1564 2889 1630 καὶ
2919 1573 3302 1645 φιλανθρωπία
3349 1571 3446 1625 τοῦ
3479 1570 3690 1641 Κυρίου

2109 1661 2266 1733 ήμῶν
2319 1659 2492 1731 Ἰησοῦ
2517 1659 2779 1731 Χριστοῦ,
2816 1652 2861 1727 ᾧ
2887 1661 2921 1730 ή
2955 1657 3084 1722 δόξα
3113 1657 3209 1711 καὶ
3236 1656 3298 1709 τὸ
3333 1656 3557 1727 κράτος,
3593 1652 3692 1708 νῦν

2111 1746 2204 1798 καὶ
2229 1744 2313 1798 ἀεὶ
2345 1744 2439 1797 καὶ
2475 1745 2556 1807 είς
2582 1745 2708 1806 τοὺς
2732 1743 2937 1806 αἰῶνας
2969 1741 3078 1796 τῶν
3106 1740 3341 1796 αἰώνων.
3387 1739 3582 1810 Ἀμήν.

498 1925 517 1956 ³
544 1924 636 1978 καὶ
659 1927 1104 1998 ἀκαρπαΔιεειιιιι
1124 1929 1176 1981 in
1199 1929 1356 1992 meis,
1390 1928 1526 1998 eljn
1552 1926 1695 1998 Edd,
1720 1935 1847 1998 ante
1864 1923 1998 1998 Be_n.

2108 1932 2335 1998 noscunt
2356 1921 2591 1992 lnterpp.
2649 1923 2671 1954 ‘
2697 1919 2974 1993 ἀφίησιΙ).
3006 1919 3068 1976 Ε.
3087 1919 3258 1990 ἄφησι
3281 1915 3344 1973 F.
3391 1915 3413 1948 '
3441 1912 3691 1987 ἀνώτερα

424 1994 484 2048 D.
513 1994 866 2068 φανερώτερα
882 1995 943 2053 F.
979 1997 1334 2070 λαμπρότερα
1362 1999 1427 2052 Δ.
1455 1997 1517 2053 Β.
1540 1997 1604 2052 C.
1681 1997 1701 2028 ⁸
1736 1997 1828 2049 ἐπὶ
1857 1994 2065 2057 τούτοις
2083 1994 2196 2048 Om.
2229 1995 2298 2049 A.

1900 2179 2145 2231 ΟΜΙΛΙΑ
2188 2179 2286 2236 ῙΔ’.

435 2248 722 2318 Ἀκούσας
752 2251 822 2306 δὲ
851 2255 885 2308 ό
919 2253 1176 2320 Ἰησοῦς,
1214 2253 1304 2306 ὅτι
1345 2252 1628 2320 Ἰωάννης
1678 2248 1999 2319 παρεδόθη,

691 2322 1081 2393 ἀνεχώρησεν
1108 2325 1197 2388 είς
1221 2322 1337 2389 τὴν
1364 2323 1718 2377 Γαλιλαίαν.

492 2404 565 2459 α’.
591 2405 749 2470 Τίνος
770 2406 957 2461 ἐνεκεν
973 2407 1248 2476 ἀναχωρεῖ
1267 2406 1311 2471 ";
1338 2404 1508 2458 Πάλιν
1533 2404 1805 2458 παιδεύων
1833 2403 2000 2475 ἡμᾶς,

425 2489 502 2561 μὴ
557 2489 723 2562 ὁμόσε
769 2491 967 2562 χωρεῖν
1019 2491 1133 2552 τοῖς
1180 2490 1526 2559 πειρασμοῖς,
1565 2487 1679 2542 ἀλλ’
1712 2488 1878 2540 εἴκειν
1909 2487 2004 2540 καὶ

420 2573 792 2646 παραχωρεῖν.
860 2571 938 2625 Οὐ
972 2572 1081 2644 γὰρ
1120 2571 1374 2642 ἔγκλημα
1412 2570 1474 2624 τὸ
1509 2570 1585 2642 μὴ
1627 2571 1840 2641 ῥίπτειν
1884 2571 2006 2624 ἐαυ-

418 2657 512 2710 τδν
544 2658 622 2720 εἰς
661 2656 925 2719 κίνδυνον,
960 2654 1096 2709 ἀλλά
1118 2655 1180 2708 τδ
1208 2653 1518 2726 ἐμπεσόντα
1545 2652 1621 2725 μὴ
1655 2654 1847 2724 στῆναι
1874 2669 2002 2722 γεν-

420 2738 606 2803 ναίως.
657 2738 830 2794 Τοῦτο
884 2738 1065 2793 τοίνυν
1112 2739 1401 2804 διδάσκων,
1451 2737 1660 2792 καὶτὸν
1687 2737 1879 2808 φθόνον
1911 2735 2004 2790 τὸν

433 2822 722 2876 Ἰουδαϊκὸν
739 2821 1254 2894 παραμυθούμενος,
1273 2823 1549 2894 ἀναχωρεῖ
1569 2821 1648 2886 εἰς
1666 2821 1764 2892 τὴν
1786 2823 2004 2892 Καπερ-

420 2905 618 2978 ναοὺμ,
644 2905 780 2976 ὁμοῦ
811 2907 912 2977 μὲν
940 2905 1163 2978 πληρῶν
1191 2906 1290 2978 τὴν
1332 2907 1354 2938 ⁸
1389 2906 1748 2978 προφητείαν,
1776 2905 1910 2976 ὁμοῦ
1946 2905 2004 2959 δὲ

421 2992 516 3044 καὶ
549 2991 676 3054 τοὺς
695 2988 1048 3054 διδασκάλους
1069 2991 1169 3061 τῆς
1196 2990 1519 3062 οἰκουμένης
1543 2989 1792 3044 ἀλιεῦσαι
1835 2988 2004 3042 σπεύ-

419 3075 548 3139 δων,
589 3073 892 3144 ἐπειδήπερ
919 3075 1038 3126 ἐκεῖ
1081 3073 1351 3144 διέτριϐον
1395 3077 1461 3145 τῇ
1499 3073 1662 3145 τέχνῃ
1707 3073 2000 3145 χρώμενοι.

419 3159 492 3210 Σὺ
521 3157 577 3211 δέ
614 3173 703 3228 μοι
735 3156 944 3221 σκόπει,
977 3157 1098 3220 πῶς
1125 3157 1397 3227 πανταχοῦ
1433 3157 1639 3227 μέλλων
1663 3157 1757 3210 ἐπὶ
1786 3157 1852 3210 τὰ
1875 3157 2003 3229 ἔθνη

417 3245 657 3305 ἀπιέναι,
695 3244 844 3315 παρά
889 3243 1156 3298 Ἰουδαίων
1192 3244 1458 3316 λαμϐάνει
1501 3245 1600 3307 τὰς
1631 3245 1831 3308 αἰτίας.
1893 3245 2004 3298 Kal

416 3326 526 3399 γὰρ
547 3326 781 3381 ἐνταῦθα
803 3326 1288 3391 ἐπιϐουλεύσαντες
1322 3326 1398 3398 τῷ
1431 3327 1765 3398 Προδρόμῳ,
1797 3329 1892 3381 καὶ
1923 3329 2004 3393 εἰς

415 3410 788 3484 δεσμωτήριον
812 3410 1162 3483 ἐμϐαλόντες,
1212 3409 1443 3465 ὠθοῦσιν
1479 3411 1638 3464 αὐτὸν
1670 3413 1750 3475 εἰς
1775 3412 1875 3481 τήν
1899 3412 2003 3464 Γα-

417 3493 626 3548 λιλαίαν
652 3495 760 3548 τῶν
784 3494 972 3548 ἐθνῶν.
1015 3494 1140 3548 Ὅτι
1167 3494 1277 3566 γὰρ
1309 3493 1435 3547 οὕτε
1473 3495 1581 3547 ἀπὸ
1632 3495 1830 3566 μέρους
1855 3495 2003 3563 λέγει

417 3579 480 3631 τδ
512 3579 662 3642 ἔθνος
698 3578 761 3631 τὸ
805 3578 1117 3643 Ἰουδαϊκὸν,
1160 3577 1284 3631 οὔτε
1342 3578 1521 3641 πάσας
1567 3579 1862 3632 αἰνίττεται
1904 3579 2004 3644 τάς

419 3659 612 3729 φυλάς,
646 3659 836 3713 σκόπει
867 3660 986 3721 πῶς
1030 3660 1252 3731 διορίζει
1284 3659 1342 3714 τὸ
1377 3660 1576 3730 χωρίον
1605 3662 1782 3714 ἐκεῖνο
1810 3662 1838 3714 6
1868 3679 2002 3734 προ-

420 3745 619 3814 φήτης,
648 3741 793 3796 οῦτω
823 3741 1029 3810 λέγων’
1061 3741 1151 3811 Γῆ
1185 3743 1525 3813 Νεφθαλείμ
1549 3744 1591 3806 ³,
1623 3743 1769 3797 ὁδὸν
1788 3746 2006 3800 θαλάσ-

419 3842 540 3894 σης
565 3826 754 3895 πέραν
783 3825 891 3881 τοῦ
927 3825 1246 3895 Ἰορδάνου,
1287 3827 1587 3881 Γαλιλαία
1622 3827 1740 3879 τῶν
1775 3829 1966 3882 ἐθνῶν
1985 3846 1999 3859 ο

419 3914 454 3965 ό
477 3909 630 3977 λαὸς
680 3913 714 3964 ό
740 3911 1078 3980 καθήμενος
1128 3911 1199 3964 ἐν
1229 3911 1455 3975 σκότει,
1487 3909 1613 3980 φῶς
1654 3907 1778 3964 εἶδε
1812 3912 1999 3982 μέγαο

421 3992 611 4057 σκότος
639 3993 875 4048 ἐνταῦθα
907 3993 968 4048 ού
989 3993 1052 4048 τὸ
1066 3993 1321 4064 αἰσθητὸν
1351 3992 1552 4058 καλῶν,
1581 3993 1716 4047 ἀλλά
1744 3995 1841 4065 τὴν
1864 3996 2001 4050 πλά-

418 4095 519 4148 νην
548 4078 642 4131 καὶ
673 4076 771 4146 τὴν
804 4076 1080 4132 ἀσέϐειαν.
1129 4077 1218 4130 Διὸ
1257 4078 1352 4130 καὶ
1388 4077 1639 4147 ἐπήγαγε
1659 4093 1672 4108 ·
1717 4078 1846 4145 Τοῖς
1875 4082 2004 4133 καθ-

417 4160 659 4233 ημένοις
678 4160 750 4214 ἐν
770 4159 930 4229 χώρᾳ
950 4159 1050 4214 καί
1074 4158 1219 4227 σκιᾷ
1244 4160 1524 4225 θανάτου,
1547 4161 1671 4231 φῶς
1699 4163 2006 4218 ἀνέτειλεν

416 4242 644 4310 αὐτοῖς.
672 4243 792 4298 Ἵνα
821 4243 929 4314 γὰρ
983 4243 1160 4314 μάθῃς
1197 4245 1278 4297 ὅτι
1313 4243 1436 4298 οὔτε
1480 4246 1626 4314 φῶς,
1662 4245 1786 4299 οὔτε
1815 4247 2004 4312 σκότος

417 4327 677 4400 αἰσθητόν
727 4343 859 4399 φησι
889 4367 904 4390 ,
945 4327 1073 4397 περὶ
1113 4327 1212 4398 μὲν
1241 4326 1334 4382 τοῦ
1369 4330 1545 4398 φωτὸς
1579 4329 1958 4401 διαλεγόμενος
1985 4373 2002 4399 ,

415 4415 519 4486 οὐχ
543 4412 730 4476 ἀπλῶς
757 4411 873 4481 φῶς
899 4411 1178 4479 ἐκάλεσεν,
1218 4413 1354 4469 ἀλλὰ
1377 4415 1494 4483 φῶς
1523 4415 1688 4484 μέγα,
1717 4414 1746 4468 ὃ
1779 4415 1821 4447 ¹⁰
1844 4415 2002 4470 ἀλλαο

419 4497 516 4569 χοῦ
541 4495 795 4568 ἀληθινόν
821 4513 986 4566 φησιν
1041 4496 1082 4528 ¹¹
1104 4513 1116 4525 ’
1168 4497 1230 4550 τὸ
1262 4497 1317 4551 δὲ
1367 4498 1558 4561 σκότος
1603 4497 1963 4569 ἐξηγούμενος
1987 4541 2002 4563 ,

419 4581 580 4635 σκιὰν
608 4579 841 4635 θανάτου
871 4579 1176 4651 ὠνόμασεν.
1215 4577 1349 4634 Εἶτα
1376 4581 1590 4642 δεικνὺς
1613 4581 1694 4634 ὄτι
1719 4581 1819 4633 οὐκ
1851 4583 2006 4635 αὐτοὶ

417 4661 752 4734 ζητήσαντες
773 4657 952 4735 εὗρον,
986 4663 1101 4716 ἀλλ’
1131 4666 1160 4718 6
1192 4663 1322 4728 Θεὸς
1353 4665 1536 4726 αὐτοῖς
1559 4663 1766 4718 ἀνωθεν
1802 4664 2008 4734 ἐπεφά.

417 4763 507 4816 νη,
534 4747 689 4817 φησὶ,
721 4746 852 4815 Φῶς
880 4747 1188 4803 ἀνέτειλεν
1205 4746 1433 4813 αὐτοῖς,
1461 4748 1758 4811 τουτέστιν,
1793 4748 1922 4801 αὐτὸ
1943 4749 2005 4802 τὸ

418 4831 537 4902 φῶς
570 4831 808 4885 ἀνέτειλε
855 4834 950 4888 καὶ
997 4832 1266 4904 ἔλαμψεν·
1307 4833 1409 4885 οὐκ
1447 4831 1603 4885 αὐτοὶ
1638 4831 1892 4904 πρότεροι
1930 4832 2007 4902 τῷ

419 4917 559 4984 φωτὶ
593 4915 989 4986 προσέδραμον.
1023 4918 1132 4972 Kal
1163 4920 1272 4989 γὰρ
1311 4918 1368 4972 ἐν
1402 4917 1652 4987 ἐσχάτοις
1693 4915 1762 4969 τὰ
1791 4915 2005 4986 ἀνθρώ-

421 5015 552 5052 πινα
584 4992 652 5069 ἦν
683 4997 788 5068 πρὸ
815 4999 917 5068 τῆς
945 4999 1184 5069 Χριστοῦ
1215 5000 1534 5073 παρουσίας.
1565 5000 1700 5055 Οὐδέ
1738 4999 1846 5071 γὰρ
1878 4999 2006 5053 ἐϐά-

417 5085 563 5152 διζον
591 5086 652 5138 ἐν
684 5083 886 5151 σκότει,
921 5086 1036 5138 ἀλλ’
1066 5087 1334 5159 ἐκάθηντο
1372 5090 1430 5143 ἐν
1462 5089 1675 5142 σκότει·
1719 5089 1855 5159 ὅπερ
1905 5105 2000 5157 σηο

422 5171 573 5242 μεῖον
609 5163 680 5239 ἦν
710 5167 807 5221 τοῦ
855 5168 989 5239 μηδέ
1016 5169 1256 5234 ἐλπίζειν
1289 5173 1484 5234 αὐτοὺς
1529 5171 2000 5226 ἀπαλλάττεσθαι·

417 5255 608 5326 ῶσπερ
634 5252 744 5322 γὰρ
770 5252 891 5308 οὐδέ
922 5253 1144 5319 εἰδότες,
1166 5254 1268 5309 ποῦ
1306 5256 1388 5310 δεῖ
1414 5253 1702 5326 προϐῆναι,
1726 5253 1870 5308 οὕτω
1895 5273 1996 5310 καη-

416 5337 785 5412 ταληφθέντες
823 5337 928 5392 ὑπὸ
953 5335 1048 5391 τοῦ
1072 5337 1294 5402 σκότους
1333 5337 1618 5409 ἐκάθηντο,
1663 5335 1738 5407 μὴ
1767 5337 2000 5409 δυνάμει.

419 5440 499 5475 νοι
533 5423 668 5495 μηδέ
701 5422 893 5494 στῆναι
925 5421 1130 5479 λοιπόν.

505 5508 643 5562 Ἀπὸ
675 5509 815 5564 τότε
839 5507 1065 5578 ἤρξατο
1084 5509 1118 5562 ό
1152 5507 1392 5576 Ἰησοῦς
1425 5509 1760 5579 κηρύσσειν
1781 5508 1876 5566 καί
1899 5509 1999 5565 λέ-

2104 2265 2262 2319 γειν·
2303 2247 2661 2303 Μετανοεῖτε
2681 2264 2694 2278 ·
2719 2246 2928 2319 ἤγγικε
2973 2245 3086 2318 γὰρ
3118 2247 3161 2278 ¹²
3181 2247 3220 2314 ἡ
3238 2245 3545 2311 ,βασιλεία
3569 2242 3692 2298 τῶν

2104 2330 2395 2400 οὐρανῶν.
2436 2329 2570 2384 Ἀπὸ
2597 2332 2732 2384 τότε
2753 2347 2768 2361 ·
2806 2331 2971 2397 πότε;
3027 2329 3118 2395 Ἐξ
3148 2324 3208 2384 οὗ
3226 2327 3489 2400 ἐνεϐλήθη
3507 2327 3690 2381 Ἰωάν-

2104 2431 2224 2485 νης.
2253 2413 2366 2468 Καὶ
2397 2413 2539 2467 διατί
2567 2415 2641 2484 μὴ
2680 2415 2739 2481 ἐξ
2772 2414 2946 2485 ἀρχῆς
2965 2413 3148 2476 αὐτοῖς
3179 2413 3222 2443 ⁸³
3255 2409 3517 2484 ἐκήρυξε;
3550 2409 3604 2463 τί
3631 2409 3689 2463 δέ

2103 2496 2241 2559 ὅλως
2281 2496 2527 2550 Ἰωάννου
2554 2496 2683 2560 ἔδει,
2709 2496 2808 2566 τῆς
2833 2494 2944 2548 τῶν
2977 2495 3156 2566 ἔργων
3197 2493 3346 2566 [179]
3383 2493 3690 2564 μαρτυρίας

2103 2580 2268 2633 αὑτὸν
2290 2596 2358 2652 κη
2369 2578 2700 2650 ρυττούσης;
2736 2577 2851 2633 Ἵνα
2879 2576 3173 2631 κάντεῦθεν
3218 2574 3381 2630 αὑτοῦ
3406 2575 3502 2646 τὴν
3531 2574 3689 2640 ἀξίαν

2107 2664 2319 2736 μάθῃς,
2353 2664 2434 2717 ὅτι
2472 2662 2730 2733 καθάπερ
2759 2663 2789 2715 6
2815 2660 3023 2732 Πατὴρ,
3058 2659 3202 2714 οὕτω
3242 2659 3336 2713 καὶ
3363 2659 3526 2722 αὐτὸς
3552 2675 3688 2730 προ-

2105 2751 2284 2820 φήτας
2321 2747 2434 2818 εχει
2459 2764 2474 2780 ⁸
2520 2749 2659 2818 ὅπερ
2706 2745 2801 2800 καὶ
2832 2746 2861 2798 6
2894 2744 3171 2815 Ζαχαρίας
3198 2743 3352 2811 ἔλεγε
3375 2759 3390 2774 ·
3423 2743 3535 2797 Καὶ
3582 2741 3690 2807 σὺ,

2104 2831 2368 2895 παιδίον,
2404 2829 2726 2899 Προφήτης
2777 2828 3065 2897 Ὑψίστου
3104 2825 3390 2895 κληθήσῃ
3411 2841 3424 2856 °
3472 2823 3569 2878 καὶ
3601 2825 3690 2878 ἵνα

2107 2914 2377 2986 μηδεμίαν
2400 2917 2513 2979 τοῖς
2533 2913 2910 2983 ἀναισχύντοις
2947 2913 3124 2966 αἰτίαν
3171 2910 3448 2982 καταλίπῃ
3475 2909 3521 2943 ιδ
3556 2907 3692 2962 Ἰουα

2103 2999 2274 3064 δαίοις
2293 3017 2307 3031 ·
2339 3001 2478 3070 ὅπερ
2505 2994 2597 3053 οὖν
2625 2999 2718 3053 καὶ
2746 2997 2911 3061 αὐτὸς
2956 2997 3172 3052 τέθεικε
3211 2995 3386 3064 λέγων
3404 3011 3420 3027 ’
3459 2989 3690 3050 *Ηλθεν

2117 3083 2393 3151 Ἰωάννης
2410 3082 2562 3153 μήτε
2591 3082 2832 3146 ἐσθίων,
2854 3080 3008 3150 μήτε
3031 3080 3243 3145 πίνων,
3276 3078 3374 3132 καί
3403 3078 3688 3147 λέγουσι’

2105 3167 2420 3235 Δαιμόνιον
2463 3164 2610 3234 ἔχει.
2669 3159 2892 3220 Ἦλθεν
2947 3167 2980 3218 ό
3028 3162 3161 3230 Υἱὸς
3213 3162 3321 3217 τοῦ
3371 3159 3690 3231 ἀνθρώπου

2104 3249 2324 3304 ἐσθίων
2345 3248 2445 3302 καὶ
2474 3249 2688 3312 πίνων,
2718 3247 2817 3302 καί
2838 3247 3128 3316 λέγουσιν
3149 3263 3162 3276 ³
3201 3246 3354 3303 Ἰδοὺ
3379 3245 3691 3314 ἄνθρωπος

2105 3333 2295 3402 φάγος
2317 3333 2415 3387 καὶ
2456 3334 2798 3401 οἰνοπότης,
2847 3333 3027 3401 φίλος
3063 3330 3341 3387 τελωνῶν
3371 3329 3471 3384 καί
3501 3329 3688 3398 ἁμαρ-

2104 3415 2332 3470 τωλῶν.
2366 3415 2474 3470 Καὶ
2519 3415 2832 3483 ἐδικαιώθη
2864 3418 2901 3486 ὴ
2937 3416 3126 3485 σοφία
3167 3415 3285 3470 ἀπὸ
3316 3412 3433 3468 τῶν
3463 3411 3692 3466 τέκνων

2105 3496 2313 3566 αὐτῆς.
2342 3498 2547 3562 ’Ἄλλως
2576 3498 2632 3552 δὲ
2658 3498 2752 3552 καὶ
2773 3499 3069 3566 ἀναγκαῖον
3094 3493 3161 3570 ἦν
3190 3497 3316 3569 παρ’
3345 3497 3530 3567 ἐτέρου
3554 3494 3692 3566 πρό-

2105 3600 2259 3654 τερον
2293 3581 2548 3653 λεχθῆναι
2571 3581 2639 3636 τά
2667 3583 2795 3652 περί
2816 3583 3111 3644 αὐτοῦ,καί
3144 3581 3219 3653 μὴ
3247 3581 3374 3653 παρ’
3406 3577 3592 3633 αὐτοῦ.
3625 3578 3690 3630 Et

2104 3666 2214 3736 γὰρ
2244 3666 2336 3718 καὶ
2363 3666 2502 3735 μετὰ
2529 3663 2795 3728 τοσαύτας
2821 3666 2916 3719 καὶ
2944 3665 3273 3736 τηλικαύτας
3305 3661 3608 3736 μαρτυρίας
3628 3679 3688 3715 τε

2106 3749 2198 3802 καὶ
2223 3748 2522 3816 ἀποδείξεις
2545 3747 2727 3817 ἔλεγον
2747 3764 2760 3776 ·
2791 3749 2874 3802 Σὺ
2894 3747 3212 3818 μαρτυρεῖς
3240 3748 3371 3815 περὶ
3402 3743 3689 3800 σεαυτοῦ·

2104 3832 2142 3897 ἡ
2169 3833 2464 3902 μαρτυρία
2494 3847 2610 3885 σου
2636 3835 2749 3887 οὐκ
2782 3833 2959 3886 ἐστιν
2977 3832 3209 3897 ἀληθής
3227 3847 3240 3860 ο
3262 3832 3318 3908 εἰ.
3349 3829 3514 3900 μηδὲν
3539 3831 3690 3897 εξρη-

2106 3915 2262 3979 κότος
2307 3914 2552 3968 Ἰωάννου
2577 3914 2868 3986 παρελθὼν
2905 3917 2986 3977 εἰς
3035 3915 3234 3986 μέσους
3264 3913 3484 3986 πρῶτος
3526 3911 3688 3974 αὐτὸς

2105 3996 2477 4069 ἐμαρτύρησε,
2505 3997 2556 4050 τί
2587 3998 2688 4051 οὐκ
2715 3999 2782 4052 ἂν
2816 3997 3178 4068 ἐφθέγξαντο;
3220 3999 3319 4052 Διά
3365 3997 3523 4050 τοῦτο
3563 3994 3687 4050 οὔτε

2107 4080 2339 4154 ἐκήρυξε
2370 4081 2475 4153 πρὸ
2522 4081 2753 4147 ἐκείνου,
2806 4081 2931 4135 οὔτε
2988 4081 3525 4152 ἐθαυματούργησεν,
3583 4079 3690 4142 ἕως

2105 4166 2357 4218 ἐνέπεσεν
2397 4167 2478 4229 εἰς
2516 4166 2576 4218 τὸ
2607 4165 2983 4236 δεσμωτήριον
3023 4165 3250 4228 ἐκεῖνος,
3283 4165 3368 4217 ἵνα
3411 4163 3486 4233 μὴ
3515 4162 3688 4231 ταύτῃ

2104 4249 2166 4302 τὸ
2201 4247 2404 4318 πλῆθος
2440 4248 2712 4319 σχίζηται.
2771 4248 2871 4301 Διά
2903 4247 3061 4301 τοῦτο
3111 4247 3232 4300 οὐδέ
3277 4249 3501 4317 σημεῖον
3538 4243 3690 4297 οὐδὲν

2108 4331 2364 4402 ἐποίησεν
2430 4331 2702 4401 Ἰωάννης,
2745 4331 2835 4386 ἵνα
2868 4332 2964 4384 καὶ
3013 4329 3259 4384 ἐντεῦθεν
3289 4329 3352 4382 τὸ
3384 4327 3584 4398 πλῆθος
3610 4324 3692 4396 τῷ

2120 4413 2293 4483 Ἰησοῦ
2324 4413 2572 4488 παραδῷ,
2607 4415 2714 4466 τῶν
2745 4414 3039 4485 θαυμάτων
3081 4414 3218 4484 πρὸς
3261 4413 3470 4466 ἐκεῖνον
3501 4410 3692 4464 ἐλκόν-
3734 4483 3742 4489 _

2105 4514 2215 4552 των
2265 4498 2481 4560 αὐτούς.
2521 4498 2580 4550 Εἰ
2609 4497 2716 4570 γὰρ
2751 4498 2846 4551 καὶ
2882 4498 3153 4551 τοσούτων
3203 4495 3690 4567 οἰκονομηθέντων,

2107 4584 2202 4636 καὶ
2224 4581 2331 4652 πρὸ
2359 4581 2452 4634 τοῦ
2483 4581 2884 4653 δεσμωτηρίου,
2919 4584 3013 4635 καὶ
3045 4581 3186 4653 μετὰ
3208 4582 3269 4635 τὸ
3291 4582 3687 4652 δεσμωτήριον,

2109 4663 2423 4734 ζηλοτύπως
2472 4665 2608 4734 πρὸς
2637 4666 2799 4718 αὐτὸν
2833 4661 2978 4735 εἰχον
3026 4666 3076 4717 οἱ
3117 4665 3356 4735 μαθηταὶ
3398 4663 3645 4717 Ἰωάννου
3672 4676 3689 4692 °

2109 4748 2202 4804 καὶ
2246 4750 2294 4800 οί
2334 4747 2520 4802 πολλοὶ
2558 4747 2615 4803 δὲ
2653 4749 2773 4819 οὐχὶ
2798 4749 2981 4814 αὑτὸν,
3013 4749 3150 4803 ἀλλά
3172 4749 3263 4803 τὸν
3297 4748 3550 4817 Ἰωάννην
3587 4747 3686 4799 ὑπ-

2102 4831 2347 4890 ώπτευον
2365 4826 2504 4884 εἶναι
2523 4831 2612 4883 τὸν
2633 4832 2868 4903 Χριστόν
2891 4832 2954 4864 "‘-
2975 4834 3025 4885 εἰ
3044 4831 3209 4903 μηδὲν
3231 4831 3436 4885 τούτων
3452 4831 3690 4898 ἐγένετο,

2103 4917 2155 4969 τί
2185 4918 2286 4969 οὐκ
2309 4915 2375 4970 ἂν
2415 4914 2645 4987 συνέϐη;
2678 4915 2778 4970 Διά
2807 4915 2966 4970 τοῦτο
2991 4917 3086 4970 καὶ
3125 4920 3155 4971 6
3184 4916 3463 4980 Ματθαῖος
3495 4917 3695 4984 ἐπιση-

2105 5001 2375 5072 μαίνεται,
2397 5002 2479 5055 ὄτι
2506 5001 2617 5055 ἀπὸ
2643 5000 2765 5058 τότε
2794 5000 2999 5073 ἤρξατο
3039 5001 3338 5073 κηρύσσειν
3365 5019 3377 5032 ο
3415 5006 3510 5054 καὶ
3530 4999 3695 5070 695a-

2109 5103 2268 5154 μενος
2301 5085 2362 5139 τὸ
2391 5085 2652 5156 κήρυγμα
2675 5125 2692 5152 ,
2741 5083 2770 5137 δ
2797 5084 3003 5149 ἐκεῖνος
3035 5086 3306 5157 ἐκήρυττε
3331 5123 3346 5144 ,
3391 5082 3549 5137 τοῦτο
3597 5083 3694 5137 καὶ

2103 5169 2267 5232 αὐτὸς
2289 5168 2554 5233 ἐδίδασκε,
2587 5168 2680 5224 καὶ
2709 5168 2860 5223 οὐδὲν
2906 5169 3120 5224 οὐδέπω
3151 5170 3278 5241 περὶ
3322 5166 3520 5222 ἐαυτοῦ
3552 5167 3613 5219 τὸ
3650 5167 3694 5198 ⁶⁶

2109 5254 2371 5325 κήρυγμα
2390 5252 2420 5306 δ
2461 5253 2728 5324 ἐκήρυττε
2759 5252 2928 5322 λέγει.
2972 5253 3082 5308 Καὶ
3110 5253 3218 5324 γὰρ
3245 5254 3338 5308 καί
3367 5251 3526 5306 τοῦτο
3557 5252 3692 5314 τέως

2108 5339 2390 5410 ἀγαπητὸν
2410 5333 2480 5409 ἦν
2510 5337 2939 5410 παραὰχθῆναι,
2975 5339 3098 5394 ἐπεὶ
3129 5338 3356 5411 μηδέπω
3392 5337 3490 5408 τὴν
3519 5351 3692 5407 προσ-

2110 5426 2348 5496 ήκουσαν
2379 5423 2508 5495 περὶ
2531 5422 2702 5477 αὑτοῦ
2723 5422 2880 5490 δόξαν
2900 5421 3065 5494 εἶχον.

2181 5508 2248 5578 β’.
2269 5508 2368 5562 Διά
2386 5507 2543 5561 τοῦτο
2569 5507 2661 5562 καὶ
2682 5507 2984 5580 ἀρχόμενος
3005 5509 3156 5562 οὐδὲν
3172 5506 3482 5579 ¹⁷φορτικὸν
3509 5504 3692 5575 τίθησι

498 5603 852 5729 ἒβιέξέιὲἓιέἒε
889 5606 950 5709 Ιξῖ
1027 5605 1050 5638 ⁸
1077 5604 1197 5680 τήν]
1221 5605 1389 5661 καίΛ.
1411 5604 1474 5662 Β.
1504 5605 1565 5662 C.
1585 5608 1682 5680 τήν
1699 5623 1808 5704 οιη.
1848 5606 1946 5678 Ep.
1965 5621 2005 5709 p-

848 5715 863 5729 .
988 5677 1176 5729 φησιν]
1207 5677 1354 5729 λέγει
1375 5675 1443 5729 Α.
1476 5675 1535 5729 Β.
1566 5678 1628 5729 C.
1661 5694 1784 5729 mm
1819 5677 1989 5729 ἐπέξη

2108 5603 2654 5729 utam-Mm
2685 5599 3685 5729 ξεξῖιιεςιιοεξςιηειεθο.

427 5674 471 5704 ’θ
502 5673 710 5806 δὲξπερ

428 5745 528 5795 αὐτ
607 5742 703 5806 Ep.

428 5742 589 5806 αὐτός
607 5742 703 5811 Ep;

747 5675 863 5731 Edd.
910 5677 950 5709 “
988 5675 1354 5750 φησινῘλέγει
1375 5675 1443 5732 Α.
1476 5675 1535 5730 Β.
1566 5675 1784 5733 ϐ.ἠιοκ
1819 5675 2005 5798 ἐπέξὶς

781 5747 824 5777 ¹³
845 5748 1208 5798 καταλίπηται
1244 5747 1379 5798 D.F.
1404 5748 1799 5798 καταλείπηται
1814 5749 1879 5798 Ε.
1919 5750 1961 5780 ’⁸
2003 5796 2005 5798 .

2108 5693 2258 5748 μενος
2273 5675 2334 5730 Ε.
2399 5675 2440 5708 ⁸³
2457 5676 2654 5798 ἓγγικε
2685 5675 2819 5746 γάρ]
2847 5675 2928 5727 ὄτι
2944 5675 3174 5745 ἤγγικεν
3206 5675 3338 5753 Ειξό.
3403 5675 3450 5703 ¹⁸
3481 5675 3528 5752 α]

2108 5745 2343 5798 ιτόνίὸἰο
2375 5745 2435 5798 Β.
2507 5762 2560 5798 ο.
2594 5743 2690 5798 Ge.
2724 5743 2879 5798 Arm.
2911 5745 3074 5798 vulao
3115 5745 3340 5798 Ἰησουν.
3375 5742 3420 5774 ⁸⁸
3445 5743 3528 5798 τόι

845 5739 1208 5820 καταλίπηται
1231 5739 1302 5820 β’.
1319 5747 1379 5805 F.
1404 5748 1799 5820 καταλείπηται
1814 5749 1879 5804 Ε.
1916 5739 2005 5820 εδ)

2108 5739 2343 5820 ἓεόνίεὶο
2374 5745 2435 5820 £3-
2461 5739 2560 5820 Ebl
2594 5739 2879 5820 Gp-Qé's'm-
2911 5739 3074 5820 ιῖιὶῐεο
3115 5741 3340 5820 Ἰησοῦν
3375 5742 3420 5774 ’⁸
3442 5739 3528 5820 :6]
3550 5739 3690 5820 ἐέἓάε

2589 5668 2654 5746 5εέ
2685 5672 2819 5746 γᾲρί
2847 5668 3338 5746 δτιῆγγικενειὲἀὲ
3378 5671 3450 5746 ,ξ’
3481 5668 3688 5746 ειδῖρξς]

431 5812 492 5894 τό
525 5807 665 5867 Mor;
686 5812 813 5869 Ben.
843 5817 904 5868 τὸ
935 5807 1116 5888 κήρυγ
1160 5818 1244 5870 αθ
1278 5821 1539 5890 ἐκήρυττε
1573 5807 1754 5891 λέγεί]
1791 5819 2005 5892 κηρύττι

438 5881 555 5935 ουδέ
581 5881 717 5938 Ειιάο
755 5885 956 5947 τίθησιι
989 5889 1079 5945 Sic
1198 5888 1348 5945 Ann.
1381 5891 1542 5947 vulgo
1584 5890 1635 5944 τί
1667 5907 1818 5947 φησι.

2108 5807 2246 5888 λέγεῖ
2273 5817 2337 5871 Α.
2373 5815 2432 5870 Β.
2475 5807 2601 5871 δἐιο.
2631 5813 2658 5865 ὅ
2687 5811 2736 5884 [ὁ
2750 5809 2800 5886 ?]
2815 5807 3097 5887 κηρύτῖων
3126 5807 3272 5883 λέγει
3301 5811 3361 5866 C.
3440 5812 3482 5844 "
3512 5807 3687 5880 οὐδέν]

438 5881 555 5935 οὐδέ
581 5881 717 5938 Edd.
755 5885 956 5957 τίθησι]
989 5881 1163 5947 ςίεῒ,
1198 5881 1542 5959 Αιπιξνυίεο
1584 5881 1818 5961 τί’φη’σι.

2535 6009 2617 6017 ---—.
2633 6012 2636 6015 .

2567 6020 2587 6028 ο
2616 6023 2619 6025 -
2664 6022 2698 6032 -ο
