4076 6150
385 294 493 354 217

374 427 668 495 glecturum
700 439 821 481 esse
844 463 858 488 ,
878 429 930 478 et
958 438 1078 477 eum
1104 421 1269 475 asinis
1295 427 1349 473 et
1376 418 1548 487 porcis
1574 426 1839 471 mortuum
1870 414 1955 469 di-

369 520 661 574 missurum
703 516 1004 586 iacentem;
1038 530 1099 569 ac
1129 522 1406 582 postquam
1434 519 1486 564 te
1513 517 1658 563 tanto
1686 508 1955 578 religionis

366 610 517 665 dono
542 608 841 674 honoravit,
870 624 976 679 quo
1004 616 1055 663 te
1076 605 1277 673 angelis
1305 602 1561 674 aequalem
1586 600 1729 665 fecit,
1758 608 1810 653 te
1838 608 1958 668 pust

373 709 654 756 sexcentos
700 700 912 754 labores
959 708 1012 753 et
1044 698 1265 752 sudores
1305 692 1721 763 despectui-um?
1755 688 1954 757 Ecquid

376 790 565 845 rationi
597 790 772 843 minus
813 787 1152 843 oonsouum?
1185 786 1308 840 Haec
1351 784 1578 854 quippe,
1605 780 1707 834 etsi
1756 794 1857 833 nos
1879 788 1957 832 ta-

373 895 619 945 ceamus,
660 879 863 949 lapides
892 878 1229 943 clamabunt,
1272 877 1341 930 ita
1373 882 1496 929 sunt
1532 873 1672 928 clara
1702 880 1756 925 et
1787 870 1956 925 mani-

375 975 529 1037 festa,
561 971 733 1040 magis
758 986 916 1040 quam
950 971 1047 1040 ipsi
1074 970 1276 1024 solares
1315 966 1465 1021 radii.
1498 956 1629 1019 Haec
1655 963 1815 1033 igitur
1842 976 1959 1015 omo

375 1067 458 1117 nia
485 1063 807 1131 cogitantes,
842 1068 893 1115 et
922 1063 971 1115 in
1000 1061 1191 1114 animis
1218 1058 1418 1113 nostris
1446 1066 1589 1112 certa
1613 1061 1910 1108 statuentes
1933 1095 1948 1119 ,

381 1167 572 1220 nempe
603 1161 723 1219 post
746 1151 1020 1206 decessum
1051 1167 1123 1205 ex
1143 1150 1241 1205 hac
1278 1151 1409 1215 vita,
1442 1164 1541 1202 nos
1566 1145 1832 1201 horrendo
1859 1144 1956 1198 tri-

375 1244 559 1299 bunali
601 1245 867 1301 sistendos
892 1260 1010 1299 esse.
1030 1285 1045 1307 ,
1079 1244 1337 1297 rationem
1369 1240 1670 1295 reddituros
1699 1237 1765 1292 de
1793 1237 1957 1307 gestis

1518 302 1582 355 ΙΝ
1623 298 2024 355 MATTII/EUM
2067 298 2290 353 IJOMIL.
2338 298 2452 353 XIV

3542 304 3645 361 2i8

2061 415 2332 480 omnibus,
2366 430 2550 484 pennas
2573 416 2790 473 daturos
2810 460 2823 483 ,
2851 427 2911 474 et
2937 421 3189 478 ultionem
3220 435 3567 494 experturos,
3597 430 3642 484 si

2064 506 2373 579 iii-peccatis
2403 522 2744 573 maneamus;
2774 519 2955 564 contra
2984 527 3112 567 vero
3137 516 3350 570 coronis
3380 525 3433 571 et
3459 517 3643 571 ineﬂ‘a-

2062 595 2255 650 bilibus
2286 597 2439 651 bonis
2483 597 2789 664 donandus,
2812 601 2855 653 si
2885 616 3048 670 parvo
3076 611 3316 673 tempore
3342 607 3495 662 nobis
3522 608 3648 678 ipsis

2062 688 2336 743 attendere
2366 690 2723 755 voluerimus;
2743 705 2927 746 eorum
2957 694 3045 762 qui
3070 693 3153 748 his
3177 698 3440 751 contraria
3469 697 3650 754 dicere

2062 779 2275 835 audent
2302 796 2394 835 ora
2425 782 2762 838 obstruamus
2787 826 2801 849 ,
2834 796 2889 840 et
2919 786 3017 856 ipsi
3046 789 3283 841 veritatis
3312 789 3446 842 viam
3480 790 3646 860 eliga-

2064 887 2183 927 mus
2203 915 2218 939 ,
2252 881 2308 927 ut
2332 889 2452 927 cum
2483 874 2672 929 ﬁducia
2694 878 3015 945 competenti
3042 878 3107 933 ad
3143 879 3373 933 tribunal
3405 881 3543 935 illud
3557 898 3647 937 ac-

2062 963 2342 1031 cedentes,
2384 965 2521 1020 bona
2545 966 2699 1021 nobis
2728 970 3403 1040 promissa-consequamur
3425 1016 3439 1038 ,
3474 975 3640 1043 gratia

2064 1064 2117 1107 et
2145 1054 2469 1124 benignitate
2497 1055 2702 1110 Domini
2734 1059 2900 1113 nostri
2938 1058 3066 1113 Jesu
3104 1058 3333 1127 Christi,
3366 1063 3448 1116 cui
3481 1061 3648 1132 gloria

2063 1155 2116 1198 et
2148 1145 2426 1214 imperimn
2450 1188 2464 1213 ,
2498 1162 2637 1200 nunc
2673 1156 2726 1201 et
2754 1163 2997 1219 semper,
3028 1152 3171 1204 et-in
3201 1152 3392 1207 saecula
3425 1153 3648 1208 sacculo—

2066 1250 2206 1288 rum.
2245 1239 2438 1291 Amen.

375 1350 3626 1392 ———-————J——————-—————~——————————-————————————-—————-——-—-—————

1715 1437 2063 1501 HOMILIA
2110 1437 2281 1498 XIV.

378 1571 510 1628 Car.
544 1574 601 1629 4.
652 1572 827 1628 v.12.
878 1571 1002 1627 Cum
1048 1571 1267 1625 audisset
1316 1567 1495 1631 Jesus,
1545 1565 1678 1635 quod
1733 1561 1957 1615 Joannes

585 1664 798 1719 traditus
827 1672 970 1729 esset,
999 1663 1197 1718 secessit
1224 1663 1277 1715 in
1302 1659 1567 1715 Galilwam
1586 1698 1613 1724 ,,
1632 1666 1740 1711 etc.

448 1755 498 1808 1,
539 1754 650 1809 Cur
677 1769 890 1809 rursum
916 1754 1179 1809 secessit?
1221 1751 1286 1807 Ut
1315 1766 1411 1805 nos
1441 1750 1693 1811 doceret,
1732 1763 1798 1803 ne
1822 1746 1959 1801 ultro

378 1846 699 1901 tentationes
725 1844 977 1900 adeamus
996 1888 1012 1911 ,
1036 1845 1130 1899 sed
1157 1845 1408 1899 cedamus
1439 1843 1612 1912 potius
1638 1857 1699 1897 ac
1723 1841 1960 1896 decline-

377 1951 516 1990 mus.
544 1936 727 2008 Neque
753 1937 897 1991 enim
922 1936 1123 1992 crimen
1156 1945 1269 2000 est,
1301 1952 1404 1991 non
1433 1950 1553 1991 sese
1584 1935 1634 1988 in
1663 1933 1955 2004 periculum

376 2029 674 2097 conjicere,
725 2029 819 2084 sed
867 2030 920 2084 in
952 2030 1189 2100 periculo
1237 2044 1340 2084 non
1386 2030 1594 2083 fortiter
1636 2038 1801 2083 stare.
1849 2028 1962 2082 Hoc

377 2119 534 2190 igitur
558 2118 757 2174 docens
776 2160 792 2187 ,
823 2128 877 2175 et
895 2119 1127 2174 Judaica:
1153 2120 1361 2174 invidiae
1394 2120 1609 2188 paulum
1637 2119 1959 2183 concedens,

378 2209 579 2264 secedit
607 2210 659 2265 in
685 2211 1019 2280 Capernaum
1038 2252 1053 2277 ,
1077 2211 1232 2267 simul
1256 2211 1590 2281 prophetiam
1616 2211 1842 2281 implens
1864 2251 1877 2272 ,
1906 2220 1961 2265 et

377 2302 626 2358 doctores
654 2303 798 2359 orbis
837 2304 990 2375 quasi
1025 2304 1231 2375 piscatu
1274 2319 1466 2374 capere
1504 2303 1763 2358 festinans
1793 2322 1806 2356 :
1838 2304 1959 2373 quia

380 2394 453 2449 ibi
502 2394 661 2451 sedes
708 2395 975 2451 habebant
1016 2410 1111 2451 sua
1154 2404 1367 2450 utentes
1387 2404 1517 2449 arte.
1551 2395 1630 2449 Tu
1660 2409 1788 2449 vero
1832 2394 1959 2448 mihi

380 2486 682 2557 perpendas
707 2487 889 2552 velim,
918 2487 1188 2559 quomodo
1214 2496 1399 2558 gentes
1425 2488 1686 2553 aditurus,
1710 2503 1739 2541 a
1763 2487 1961 2543 Judaais

380 2589 593 2645 semper
617 2576 928 2633 occasiones
954 2578 1198 2646 accipiat.
1226 2576 1362 2631 Nam
1388 2577 1475 2632 hic
1501 2577 1797 2632 Prodromo
1827 2577 1958 2633 insi-

381 2666 498 2722 dias
546 2677 857 2736 struentes,
912 2679 1231 2741 captumque
1281 2671 1482 2726 carceri
1546 2671 1911 2741 mancipantes
1940 2714 1956 2738 ,

383 2758 553 2826 ipsum
586 2758 637 2813 in
667 2757 944 2815 Galilaeam
962 2760 1199 2830 gentium
1226 2760 1571 2830 compellunt.
1602 2760 1753 2829 Quod
1780 2770 1962 2817 autem

381 2864 482 2904 nec
525 2847 799 2906 Judaicam
837 2858 1050 2921 gentem
1095 2866 1160 2907 ex
1204 2860 1353 2922 parte
1400 2863 1811 2916 commemoret,
1864 2869 1963 2908 nec

383 2954 571 2994 omnes
598 2940 897 2996 subindicet
925 2940 1126 3008 tribus,
1152 2941 1271 2997 vide
1299 2943 1564 3012 quomodo
1610 2944 1782 2998 locum
1816 2945 1961 2999 illum

381 3028 671 3099 distinguat
697 3030 952 3100 prepheta
983 3032 1065 3087 his
1093 3033 1267 3088 verbis
1295 3049 1310 3087 :
1342 3034 1428 3090 t5.
1464 3033 1618 3088 Terra
1657 3035 1889 3088 Zabuton
1916 3045 1963 3090 et

383 3130 514 3174 terra
542 3119 899 3187 Nephthalim,
924 3123 1005 3176 via
1033 3124 1189 3178 maris
1229 3133 1369 3178 trans
1411 3124 1692 3179 Jordanem
1711 3167 1725 3190 ,
1750 3126 1964 3182 Catilina

382 3213 603 3281 gentium
634 3229 654 3267 :
688 3212 776 3269 16.
813 3215 1032 3285 papulas
1075 3217 1161 3283 qui
1201 3216 1401 3270 sedebat
1444 3218 1497 3270 in
1541 3219 1753 3273 tenebris
1785 3260 1799 3286 ,
1844 3220 1964 3273 vidit

385 3303 541 3357 lucem
568 3322 803 3376 magnam
832 3304 991 3379 (Isai.
1023 3307 1076 3362 9.
1111 3307 1235 3376 1.2)
1265 3326 1277 3361 :
1313 3308 1563 3363 tenebras
1590 3309 1674 3363 hic
1704 3325 1807 3364 non
1837 3326 1963 3366 seu:

384 3398 510 3453 siles
534 3398 649 3453 illas
678 3414 895 3465 vocans,
915 3399 1007 3455 sed
1029 3415 1265 3455 errorem
1296 3401 1742 3473 impietatemque.
1769 3404 1965 3470 Quam-

386 3488 569 3544 obrem
616 3489 794 3544 intulit
842 3512 856 3544 ε
905 3489 1260 3545 Habitantibus
1322 3493 1374 3546 in
1445 3495 1647 3565 regione
1689 3504 1735 3549 et
1788 3497 1965 3550 umbra

384 3581 558 3634 mortis
576 3623 591 3648 ,
614 3581 702 3635 lux
727 3590 837 3635 orta
865 3593 937 3636 est
964 3584 1053 3637 eis.
1081 3582 1148 3639 Ut
1173 3584 1316 3638 enim
1338 3583 1570 3641 disceres
1591 3627 1605 3651 ,
1630 3602 1753 3642 eum
1792 3604 1965 3658 neque

383 3670 451 3726 de
480 3671 631 3738 luce,
664 3688 833 3743 neque
863 3673 929 3728 de
972 3674 1202 3729 tenebris
1249 3677 1533 3732 sensilibus
1564 3678 1741 3747 loqui,
1789 3679 1961 3735 lucem

385 3778 717 3830 memorans,
740 3779 844 3818 non
876 3766 1185 3834 simpliciter
1213 3767 1386 3822 lucem
1420 3770 1643 3834 vocavit,
1666 3771 1758 3824 sed
1792 3772 1961 3825 lucem

386 3869 653 3923 magnam,
679 3869 838 3923 quam
868 3855 995 3909 alibi
1027 3872 1205 3911 veram
1234 3858 1494 3927 appellat;
1525 3860 1593 3915 de
1621 3861 1852 3915 tenebris
1879 3877 1965 3915 au-

385 3952 490 3998 tem
513 3943 671 3999 verba
696 3943 896 3999 faciens
924 3986 939 4011 ,
987 3947 1230 4002 umbram
1260 3950 1447 4003 mortis
1493 3952 1717 4005 vocavit.
1763 3952 1964 4007 Deinde

384 4035 672 4091 ostendens
696 4052 801 4091 non
829 4037 971 4105 ipsos
999 4048 1299 4107 qumrentes
1348 4040 1643 4107 invenisse,
1674 4042 1767 4098 sed
1795 4043 1964 4100 Deum

386 4126 513 4194 ipsis
553 4140 782 4196 superne
820 4128 1131 4197 apparuisse
1150 4169 1166 4194 ,
1197 4129 1271 4182 ait
1297 4147 1311 4183 :
1341 4129 1456 4184 Lua:
1485 4142 1596 4185 orta
1620 4144 1693 4188 est
1722 4134 1791 4188 eis
1814 4174 1830 4200 ,
1863 4133 1965 4189 hoc

386 4225 466 4269 est
485 4255 498 4281 ,
532 4215 641 4286 ipsa
669 4216 755 4271 lux
784 4227 898 4272 orta
925 4226 1081 4274 estet
1108 4219 1315 4274 refulsit
1344 4236 1356 4273 :
1388 4237 1492 4276 non
1526 4222 1624 4292 ipsi
1661 4223 1865 4293 priores
1895 4225 1961 4279 ad

387 4306 558 4363 lucem
587 4318 949 4365 accurrerunt.
981 4311 1189 4366 Etenim
1227 4323 1351 4369 ante
1373 4313 1571 4369 Christi
1595 4314 1880 4371 adventum
1912 4317 1962 4372 in

387 4401 639 4456 extremis
679 4401 795 4457 sitae
836 4417 926 4458 res
950 4401 1224 4460 hominum
1250 4417 1421 4462 erant.
1452 4405 1637 4476 Neque
1663 4407 1804 4463 enim
1846 4423 1963 4463 am-

384 4489 635 4546 bulabant
671 4492 725 4547 in
761 4494 1029 4563 tenebris,
1060 4495 1153 4550 sed
1177 4495 1434 4553 sedebant
1474 4497 1527 4552 in
1571 4500 1802 4554 tenebris
1836 4497 1910 4571 (a)
1947 4518 1960 4552 :

383 4579 524 4649 quod
549 4580 757 4653 signum
787 4591 902 4638 erat
925 4584 1070 4653 ipsos
1094 4599 1194 4640 nec
1219 4600 1464 4655 sperasse
1486 4588 1698 4657 quidem
1740 4602 1799 4644 se
1825 4589 1960 4644 libe-

385 4670 581 4727 randos
608 4687 730 4728 esse
762 4692 777 4729 :
804 4675 954 4743 quasi
996 4676 1140 4731 enim
1181 4678 1482 4747 nescirent,
1527 4696 1634 4750 quo
1664 4682 1954 4749 proceden-

385 4761 511 4817 dum
531 4772 694 4831 esset,
718 4764 797 4821 sic
815 4780 844 4819 a
868 4767 1100 4823 tenebris
1126 4770 1497 4841 comprehensi
1527 4773 1803 4841 sedebant,
1837 4791 1959 4830 cum

385 4868 453 4909 ne
480 4861 626 4909 stare
654 4855 865 4926 quidem
894 4868 1129 4925 possent.

453 4945 556 5001 Cur
578 4944 805 5000 Joannes
829 4956 943 5001 ante
959 4948 1210 5005 Christum
1228 4954 1536 5022 medicauit.
1560 4986 1631 5001 -
1652 4958 1737 5013 17.
1760 4958 1963 5015 Exinde

383 5039 531 5107 capit
571 5037 725 5093 Iesus
761 5039 1038 5108 prtedicare
1073 5051 1121 5095 et
1157 5043 1321 5098 dicere
1349 5061 1369 5099 :
1398 5045 1752 5103 Paenitentiam
1788 5052 1956 5122 agite,

383 5129 806 5200 apprOpinquavit
832 5131 966 5184 enim
1001 5146 1210 5201 regnum
1241 5135 1498 5190 cartorum.
1533 5137 1765 5205 Exinde,
1793 5155 1961 5210 quan-

383 5219 621 5275 donam?
649 5222 725 5276 Ex
749 5237 856 5293 quo
880 5222 1111 5278 Joannes
1142 5226 1195 5279 in
1219 5240 1486 5283 carcerem
1520 5237 1696 5287 trusus
1724 5241 1823 5288 est.
1852 5234 1960 5289 Cur

384 5322 558 5368 autem
587 5329 693 5371 non
724 5330 752 5370 a
780 5316 1039 5387 principio
1079 5319 1384 5387 praedicavit
1420 5322 1561 5377 illis?
1589 5335 1644 5380 et
1669 5327 1799 5396 quid
1825 5343 1959 5398 opus

442 5468 514 5531 (a)
545 5469 691 5534 Atqui
742 5474 792 5522 in
834 5472 1072 5523 Hebraico
1117 5472 1297 5537 legitur
1339 5488 1352 5523 :
1391 5482 1557 5557 Tum
1584 5459 1787 5539 culpari
1808 5491 1954 5554 733:1,

381 5568 432 5631 et
453 5559 660 5631 Vulgata
682 5569 821 5616 recte
844 5566 995 5614 vertit
1019 5579 1031 5614 :
1053 5565 1261 5629 Populus
1278 5566 1359 5631 qui
1376 5569 1645 5623 arnbulabat
1668 5574 1719 5625 in
1737 5579 1957 5629 tenebris.

381 5622 417 5690 Ii
425 5622 571 5692 erum
582 5623 969 5692 Chrysostomus,
988 5622 1378 5679 concionatorhm
1401 5644 1555 5692 more,
1577 5622 1726 5685 verba
1738 5622 1811 5691 ut
1818 5622 1961 5691 erant

376 5685 559 5800 thx
582 5684 805 5748 discutit,
832 5693 882 5738 et
913 5689 970 5738 ad
995 5699 1335 5753 argumentum
1360 5705 1501 5745 suum
1523 5684 1610 5758 pro
1642 5684 1958 5755 lublto'usur:

2071 1564 2187 1612 erat
2210 1556 2434 1624 Joanne,
2462 1575 2582 1615 cum
2613 1576 2834 1633 operum
2868 1565 3165 1620 testimonia
3196 1568 3365 1637 ipsum
3399 1572 3655 1640 mendica.

2068 1648 2230 1702 rent?
2257 1648 2324 1704 Ut
2359 1650 2480 1705 inde
2506 1653 2664 1707 etiam
2695 1653 2869 1708 discas
2898 1654 3013 1724 ejus
3041 1655 3373 1725 dignitatem,
3403 1662 3653 1728 quoniam

2068 1741 2514 1809 quemadmodum
2543 1744 2717 1809 Pater,
2748 1747 2863 1815 ipse
2889 1763 3099 1818 quoque
3131 1750 3416 1819 prophetas
3456 1753 3613 1807 habet
3638 1772 3652 1807 :

2070 1834 2208 1901 quod
2238 1845 2287 1887 et
2317 1834 2599 1891 Zacharias
2627 1837 2834 1893 dicebat
2868 1858 2879 1892 :
2912 1840 2975 1895 Et
2999 1849 3078 1909 tu,
3107 1860 3250 1912 puer,
3281 1843 3539 1917 PrOpheta
3566 1849 3655 1902 Αι-

2069 1925 2249 1979 tissimi
2273 1928 2523 1983 vocaberis
2547 1929 2695 1999 (Luc.
2729 1934 2777 1986 1.
2808 1932 2895 2003 76)
2921 1951 2935 1997 ;
2967 1944 3019 1988 et
3060 1943 3113 1989 ut
3144 1937 3342 1991 nullam
3373 1939 3655 2009 impuden-

2071 2016 2209 2072 tibus
2241 2018 2437 2075 Judaiis
2479 2036 2662 2075 ansam
2709 2024 3033 2095 relinqueret
3067 2045 3079 2080 :
3112 2030 3257 2098 quod
3297 2031 3409 2099 ipse
3446 2048 3656 2104 quoque

2071 2108 2321 2163 indicavit
2343 2111 2523 2166 dicens
2547 2130 2559 2166 :
2598 2112 2743 2168 Venit
2770 2113 3180 2187 Joannesneque
3208 2122 3539 2187 manducans,
3570 2142 3656 2177 ne-

2068 2214 2162 2267 que
2200 2198 2366 2254 bibens
2386 2242 2401 2264 ,
2429 2212 2475 2254 et
2505 2203 2676 2258 dicunt
2705 2221 2723 2258 :
2750 2204 3069 2262 Harmoniam
3109 2210 3272 2265 habet.
3314 2211 3456 2266 Venit
3490 2214 3655 2269 Filius

2069 2291 2285 2345 hominis
2305 2295 2616 2349 manducans
2637 2306 2683 2350 et
2706 2297 2893 2364 bibens,
2911 2308 2969 2358 ,ει
2996 2301 3167 2354 dicunt
3196 2317 3214 2356 :
3240 2301 3373 2357 Ecce
3399 2306 3547 2359 homo
3570 2323 3656 2359 vo-

2069 2400 2165 2437 rax
2185 2392 2229 2438 et
2252 2385 2353 2438 viui
2378 2395 2596 2456 potator,
2611 2389 3006 2457 publicanorum
3028 2402 3074 2446 et
3099 2404 3416 2463 peccatorum
3441 2400 3651 2453 amicus.

2069 2472 2136 2526 Et
2166 2475 2448 2545 justi/icata
2475 2487 2546 2531 est
2574 2480 2823 2548 sapientia
2851 2499 2883 2535 a
2908 2482 3028 2548 ﬁliis
3056 2484 3160 2538 suis
3191 2484 3413 2554 (Matth.
3446 2489 3531 2543 11.
3568 2491 3655 2546 18.

2069 2564 2194 2635 19).
2242 2567 2490 2638 Alioquin
2539 2572 2897 2627 necessarium
2941 2582 3090 2640 erat,
3136 2585 3195 2631 ut
3229 2591 3289 2631 ea
3332 2594 3448 2648 qua:
3485 2581 3654 2650 ipsum

2069 2658 2413 2727 spectabant,
2443 2662 2509 2718 ab
2536 2663 2638 2718 alio
2676 2664 2823 2734 prius
2860 2665 3198 2734 dicerentur,
3233 2685 3391 2741 quam
3422 2673 3488 2727 ab
3519 2675 3653 2743 ipso.

2071 2745 2126 2801 Si
2172 2749 2313 2802 enim
2363 2761 2481 2820 post
2521 2761 2596 2806 tot
2637 2763 2886 2824 tantaque
2927 2759 3227 2814 testimonia
3263 2768 3317 2815 et
3344 2776 3655 2833 argumenta

2070 2840 2318 2896 dicebant
2348 2863 2359 2896 :
2392 2844 2467 2897 ’l’u
2498 2846 2831 2901 testimonium
2866 2850 3094 2917 perhibes
3116 2852 3181 2905 de
3206 2854 3362 2923 teipso
3386 2897 3400 2920 ,
3433 2857 3657 2910 testimo-

2070 2932 2210 2984 nium
2236 2943 2374 2987 tuum
2402 2951 2501 2989 non
2527 2945 2601 2990 est
2626 2952 2795 2991 verum
2828 2937 3005 3010 (Joan.
3034 2940 3088 2996 8.
3120 2940 3209 3015 l3)
3239 2960 3251 2996 :
3285 2944 3329 2998 si
3358 2944 3483 2999 nihil
3514 2948 3658 3015 prius

2071 3020 2292 3077 dixisset
2316 3023 2571 3091 Joannes,
2602 3037 2653 3080 et
2685 3028 2797 3097 ipse
2826 3030 2877 3083 in
2911 3031 3142 3086 medium
3183 3049 3517 3103 progressus,
3546 3040 3655 3106 pri-

2073 3130 2189 3166 mus
2218 3114 2283 3169 de
2309 3131 2366 3170 se
2396 3118 2754 3173 testimonium
2785 3120 3309 3193 perhibuisset,quid
3337 3140 3440 3179 non
3465 3128 3658 3183 dicturi

2071 3214 2222 3257 erant
2240 3204 2262 3255 ’ἶ
2290 3204 2578 3274 Propterea
2609 3225 2780 3278 neque
2807 3210 3116 3279 praedicavit
3142 3222 3266 3270 ante
3292 3215 3460 3281 illum,
3486 3233 3658 3288 neque

2071 3294 2216 3362 signa
2240 3294 2431 3361 edidit,
2451 3296 2621 3351 donec
2648 3299 2698 3352 in
2725 3314 2996 3356 carcerem
3028 3302 3115 3358 ille
3140 3304 3459 3372 truderetur,
3488 3323 3555 3360 ne
3578 3309 3659 3364 sic

2072 3384 2354 3439 multitudo
2398 3387 2729 3443 scinderetur
2767 3391 2819 3444 in
2862 3402 3059 3460 partes.
3104 3392 3308 3451 Idcirco
3344 3397 3547 3451 nullum
3578 3400 3655 3453 si...

2069 3492 2229 3548 gnum
2266 3478 2389 3533 fecit
2424 3478 2655 3537 Joannes
2680 3524 2695 3547 ,
2724 3491 2781 3538 ut
2809 3482 2909 3539 hac
2936 3484 3141 3541 ratione
3170 3488 3558 3546 multitudinem
3587 3493 3659 3547 ad

2070 3569 2247 3624 Jesmn
2275 3571 2545 3639 alliceret,
2574 3573 2699 3629 dum
2726 3577 2979 3631 miracula
3017 3578 3082 3633 ad
3122 3580 3293 3650 ipsum
3337 3582 3540 3637 turbam
3570 3592 3654 3637 at-

2072 3660 2359 3717 traherent.
2392 3663 2448 3718 Si
2479 3665 2619 3718 enim
2668 3675 2788 3735 post
2822 3676 2898 3722 tot
2928 3676 3297 3739 tantarumque
3322 3686 3500 3726 rerum
3541 3673 3656 3729 dis-

2072 3755 2433 3821 pensationem
2456 3797 2469 3821 ,
2501 3765 2553 3811 et
2582 3772 2705 3811 ante
2733 3767 2785 3812 et
2816 3768 3093 3829 postquam
3119 3759 3353 3817 Joannes
3383 3764 3434 3817 in
3475 3779 3653 3820 carce-

2069 3860 2181 3899 rem
2206 3854 2383 3902 trusus
2411 3856 2516 3913 est,
2540 3847 2784 3917 discipuli
2811 3849 3039 3905 Joannis.
3058 3852 3250 3907 invidia
3277 3854 3504 3923 quadam
3527 3872 3657 3927 erga
3680 3900 3681 3903 η

2067 3933 2248 3989 Jcsum
2289 3936 2416 3989 moti
2460 3937 2808 4003 ridebantur;
2839 3940 2883 3993 si
2914 3941 3064 3995 multi
3094 3956 3256 4010 porro
3291 3959 3397 3999 non
3437 3943 3608 4014 ipsum
3637 3989 3657 4010 ,

2078 4016 2171 4070 sed
2199 4015 2461 4073 Joannem
2477 4019 2755 4079 Christum
2786 4042 2909 4083 esse
2933 4030 3341 4092 arbitrabantur
3372 4056 3385 4092 :
3428 4042 3474 4095 si
3505 4045 3669 4101 nihil.

2079 4107 2270 4162 horum
2304 4109 2504 4165 factum
2527 4125 2692 4177 esset.
2715 4118 2844 4186 quid
2863 4135 2972 4175 non
3005 4134 3321 4183 eventurum
3340 4136 3500 4188 erat?
3524 4134 3657 4194 Ideo,

2078 4202 2359 4260 Matthaeus
2376 4206 2645 4276 signiﬁcat
2662 4210 2839 4280 ipsum
2867 4229 2931 4269 eo
2944 4222 3186 4287 tempore
3209 4224 3503 4290 praedicare
3531 4245 3646 4286 coe-

2076 4297 2239 4363 pisse,
2257 4306 2311 4351 et
2325 4299 2479 4353 initio
2498 4301 2731 4371 idipsum
2749 4306 2936 4363 docuit
2960 4312 3105 4380 quod
3125 4311 3362 4373 Joannes
3390 4322 3650 4388 praedica-

2076 4396 2245 4455 verat,
2271 4405 2371 4445 nec
2400 4394 2698 4465 quidquam
2733 4398 2800 4454 de
2823 4400 3005 4472 seipso
3040 4404 3093 4459 in
3133 4422 3241 4462 sua
3262 4411 3647 4477 praedicatione

2074 4476 2329 4546 loquitur.
2406 4480 2541 4538 Nam
2568 4488 2864 4556 optandum
2895 4502 3011 4549 erat
3042 4508 3100 4550 ut
3131 4476 3271 4553 illud
3302 4500 3516 4557 interim
3552 4506 3649 4559 ad-

2073 4569 2397 4638 mitteretur,
2429 4577 2869 4649 quandoquidem
2896 4585 3136 4639 nondum
3162 4602 3551 4660 congruentem
3579 4596 3647 4652 de

2072 4658 2187 4730 ipso
2219 4664 2488 4721 habebant
2517 4669 2846 4737 opinionem.

2135 4752 2190 4806 2.
2238 4752 2467 4825 Ideoque
2509 4759 2560 4812 in
2607 4760 2866 4829 principio
2909 4761 3039 4816 nihil
3081 4764 3362 4819 molestum
3398 4774 3456 4820 et
3490 4782 3652 4839 grave

2064 4842 2233 4912 dixit,
2263 4855 2319 4900 ut
2343 4846 2467 4912 ille,
2498 4863 2602 4901 non
2628 4849 2892 4916 securim,
2926 4866 3032 4904 non
3060 4851 3257 4921 lignum
3284 4862 3514 4925 sectum,
3545 4873 3657 4914 non

2064 4936 2440 5002 ventilabrum,
2468 4954 2648 4993 aream
2672 4940 2757 4993 vel
2797 4940 2972 5010 ignem
3011 4942 3494 5016 inexstinguibilem
3534 4966 3651 5006 me-

2065 5027 2320 5094 moravit;
2344 5028 2441 5083 sed
2459 5044 2488 5082 a
2514 5029 2664 5083 bonis
2686 5044 2860 5097 orsus,
2884 5032 3044 5087 caelos
3065 5046 3326 5092 memorat
3350 5047 3406 5094 et
3428 5055 3651 5111 regnum

2067 5116 2172 5171 illic
2199 5128 2437 5188 paratum
2465 5118 2821 5174 audientibus.
2852 5122 2938 5177 18.
2968 5122 3034 5177 Ει
3058 5125 3322 5183 ambulans
3340 5130 3495 5201 juxta
3514 5148 3653 5185 mare

2066 5205 2293 5261 Galilaza:
2311 5249 2325 5273 ,
2358 5208 2479 5265 vidit
2507 5210 2637 5264 duos
2670 5210 2851 5279 fratres
2870 5254 2885 5279 ,
2925 5212 3184 5270 Simonem
3209 5219 3297 5287 qui
3321 5222 3650 5290 cognomina-

2065 5297 2212 5352 batur
2238 5297 2421 5357 Petrus
2440 5342 2455 5366 ,
2492 5310 2537 5355 et
2571 5302 2826 5366 Andream
2855 5310 3065 5376 fratrem
3092 5310 3237 5379 ejus,
3266 5313 3515 5369 mittentes
3550 5320 3652 5366 rete

2065 5393 2118 5444 in
2147 5408 2285 5447 mare
2311 5408 2329 5448 :
2355 5403 2497 5448 erant
2526 5396 2657 5449 enim
2686 5398 2981 5467 piscatores,
3015 5400 3101 5456 19.
3133 5411 3182 5456 et
3203 5403 3276 5455 ait
3300 5402 3404 5457 illis
3430 5417 3451 5456 :
3480 5399 3665 5463 Venite,

2068 5495 2178 5552 post
2208 5501 2301 5546 me,
2335 5496 2384 5538 et
2412 5487 2596 5554 faciam
2624 5504 2709 5543 vos
2738 5491 3010 5560 piscatores
3040 5493 3316 5549 hominum.
3344 5493 3433 5549 20.
3468 5493 3540 5547 Ili
3559 5510 3655 5551 au:

2068 5585 2163 5626 tem
2200 5573 2386 5627 relictis
2426 5576 2607 5630 retibus
2633 5618 2646 5643 ,
2677 5581 2871 5649 sequuti
2900 5589 3015 5634 sunt
3042 5596 3177 5634 eum.
3216 5582 3375 5650 Atqui
3415 5581 3656 5643 Joannes.

2067 5668 2140 5721 ait
2179 5682 2272 5722 eos
2318 5668 2425 5722 alio
2470 5672 2628 5725 modo
2668 5673 2829 5727 fuisse
2868 5680 3080 5727 vocatos
3116 5690 3127 5723 :
3157 5673 3296 5733 unde
3328 5675 3501 5747 palam
3529 5686 3609 5730 est
3632 5718 3663 5739 ,,

2069 5764 2205 5817 hanc
2227 5763 2511 5823 secundum
2552 5766 2713 5821 fuisse
2744 5767 3118 5821 vocationem:
3150 5765 3491 5840 idipsumque
