4076 6150
408 285 512 340 ΞΙΞ)

410 393 592 450 videre
617 399 716 446 est.
745 387 819 443 lbi
848 397 1076 454 namque
1109 381 1321 445 dicitur,
1351 395 1470 433 cum
1502 377 1731 433 nondum
1759 375 1990 432 Joannes

408 484 678 555 conjectus
720 481 908 535 luisset
949 477 1002 532 in
1041 489 1344 537 carcerem,
1378 474 1520 541 ipsos
1549 470 1874 532 accessisse;
1909 467 1994 522 hic

407 592 554 642 vero,
580 584 858 645 postquam
878 569 1151 638 conjectus
1173 565 1362 619 fuerat.
1383 563 1496 618 Illic
1517 561 1756 616 Andreas
1775 559 1996 615 vocabat

407 670 663 726 l’etrum;
704 665 790 718 hic
828 661 1015 716 ambos
1050 659 1224 714 Jesus.
1262 657 1328 710 Et
1364 655 1596 709 Joannes
1624 651 1836 721 quidem
1875 653 1948 705 ait
1977 669 1991 707 :

418 758 452 811 V
461 759 603 812 idem
633 756 784 811 Jesus
816 753 1073 809 Simonem
1103 749 1393 812 venientem,
1425 747 1552 800 dixit
1578 761 1596 800 :
1626 745 1701 798 Tu
1730 762 1781 799 es
1815 744 1994 798 Simon

407 853 546 919 ﬁlius
584 849 774 912 Jome;
815 857 864 900 tu
904 845 1157 899 vocaberis
1195 841 1424 910 Cophes,
1465 840 1599 910 quod
1641 839 1996 906 interpretatur

411 942 592 995 Petrus
618 939 794 1012 (Jouu.
826 940 876 992 1.
901 938 1015 1005 42).
1039 934 1318 989 Μθιιιιτιξιιδ
1340 947 1465 986 vero
1488 931 1581 991 ait.
1604 930 1712 997 jam
1736 929 1811 982 sic
1831 926 1992 982 fuisse

409 1042 651 1087 vocatum
685 1049 696 1083 :
738 1029 946 1090 Videtis,
977 1026 1164 1095 inquit,
1199 1024 1479 1086 Simonem,
1504 1021 1588 1088 qui
1617 1019 1872 1074 dicebatur
1895 1016 1996 1070 Pe-

412 1134 537 1176 trus.
567 1122 669 1177 Sed
693 1123 851 1174 etiam
875 1134 902 1172 a
929 1119 1066 1183 loco,
1089 1132 1153 1171 ex
1178 1131 1282 1185 qun
1305 1113 1474 1167 vocati
1498 1120 1642 1175 sunt,
1668 1109 1808 1179 quod
1831 1109 1992 1164 etiam

407 1214 530 1266 alibi
564 1227 706 1279 saepe
745 1209 926 1262 videre
952 1216 1034 1261 est
1063 1223 1076 1258 :
1109 1205 1231 1258 hinc
1260 1204 1422 1272 liquet
1449 1202 1607 1256 etiam
1631 1242 1646 1267 ,
1673 1200 1814 1269 quod
1845 1198 1994 1252 facile

406 1298 676 1362 obediant,
701 1305 754 1350 et
779 1294 956 1349 omnia
987 1293 1291 1362 relinquant
1315 1308 1329 1354 ;
1355 1289 1464 1358 jam
1490 1288 1630 1342 enim
1660 1286 1824 1356 probe
1852 1288 1994 1354 prius

408 1390 599 1444 eruditi
643 1389 873 1443 fuerant.
915 1385 1029 1439 Illic
1057 1386 1197 1438 enim
1240 1381 1520 1436 exhibetur
1548 1379 1786 1432 Andreas
1817 1379 1867 1431 in
1894 1376 1993 1430 do-

407 1499 552 1537 mum
582 1480 824 1544 veniens,
854 1490 907 1533 et
937 1477 1100 1530 multa
1131 1473 1385 1532 audiens;
1416 1472 1500 1524 hic
1537 1480 1736 1535 autem,
1768 1484 1872 1522 uno
1897 1483 1961 1521 au

407 1575 519 1628 dito
543 1573 727 1636 verbo,
759 1569 934 1623 statim
965 1565 1172 1635 sequuti
1202 1572 1342 1617 sunt.
1375 1561 1670 1616 Verisimile
1695 1559 1886 1629 quippe
1913 1568 1994 1612 est

409 1668 528 1720 illos
546 1679 663 1718 cum
687 1679 716 1714 a
745 1659 1004 1731 principio
1031 1655 1237 1726 sequuti
1271 1653 1513 1717 fuissent,
1539 1651 1785 1704 dimissos
1813 1657 1994 1719 postea

411 1761 611 1824 fuisse;
653 1772 772 1812 cum
819 1763 997 1808 autem
1039 1750 1295 1804 vidissent
1333 1747 1589 1801 Joannem
1631 1745 1682 1798 iu
1724 1758 1992 1797 carcerem

412 1868 617 1909 trusum
651 1851 813 1905 fuisse
838 1891 852 1914 ,
887 1849 1028 1916 ipsos
1058 1854 1181 1898 tunc
1212 1841 1498 1897 recessisse
1518 1881 1532 1906 ,
1565 1847 1723 1908 atque
1747 1837 1812 1891 ad
1844 1852 1992 1890 suam

411 1955 580 2000 artem
607 1941 848 1997 rediisse.
872 1937 962 1993 Sic
989 1937 1166 2004 itaque
1194 1933 1310 1986 illos
1337 1933 1602 2000 piscantes
1630 1928 1851 1983 invenit.
1876 1927 1994 1996 Ipse

410 2050 539 2091 vero
567 2048 740 2103 neque
776 2030 893 2084 illos
919 2043 1043 2083 cum
1071 2026 1219 2096 abire
1258 2022 1453 2077 vellent
1499 2020 1648 2074 initio
1691 2018 1992 2088 prohibuit,

414 2142 584 2196 neque
624 2139 745 2180 cum
791 2119 1136 2176 recessissent
1175 2129 1342 2185 usque
1369 2113 1420 2166 in
1450 2112 1604 2165 linem
1632 2109 1868 2174 dimisit;
1902 2107 1993 2162 sed

413 2229 689 2288 postquam
729 2210 984 2268 recedere
1013 2209 1258 2271 sivisset,
1290 2205 1438 2259 venit
1474 2219 1684 2257 rursum
1727 2203 1869 2272 ipsos
1909 2216 1994 2254 re.

412 2313 672 2381 petiturus
704 2327 717 2362 :
745 2306 830 2375 qui
860 2303 1103 2373 egregius
1129 2309 1210 2354 est
1239 2296 1548 2368 piscatiouis
1576 2295 1782 2349 modus.

482 2401 682 2458 Christo
711 2399 816 2450 sine.
843 2413 984 2448 mora
1014 2389 1473 2458 obtemperantium.
1507 2419 1578 2426 -—
1608 2384 1880 2453 Perpendo
1906 2400 1993 2438 au-

413 2507 521 2550 tem
550 2493 756 2547 illorum
785 2503 837 2544 et
862 2487 1016 2542 fidem
1041 2497 1091 2539 et
1114 2481 1488 2538 obedientiam.
1520 2475 1723 2533 Etenim
1748 2479 1799 2532 iu
1823 2477 1997 2531 medio

413 2601 580 2656 opere
607 2583 776 2649 (scitis
801 2589 976 2634 autem
1007 2591 1162 2646 quam
1191 2573 1340 2627 avida
1370 2589 1454 2626 res
1483 2572 1551 2625 sit
1581 2570 1821 2640 piscatio)
1853 2569 1997 2623 illmn

414 2678 687 2748 iubentem
717 2672 994 2726 audientes
1016 2711 1029 2734 ,
1057 2683 1160 2721 non
1189 2665 1541 2729 distulerunt,
1569 2676 1740 2731 neque
1769 2670 1998 2718 cunctati

415 2779 573 2824 stmt:
600 2783 704 2820 non
728 2765 997 2826 dixerunt,
1025 2759 1240 2814 Reversi
1267 2757 1506 2820 dommn,
1533 2754 1856 2824 propinquos
1879 2753 2000 2805 allo-

415 2873 643 2929 quemur
672 2873 686 2910 :
718 2855 811 2910 sed
849 2853 1046 2908 relictis
1089 2849 1334 2905 omnilms
1377 2847 1584 2915 sequuti
1622 2854 1777 2911 sunt,
1807 2859 1997 2914 quem-

415 2947 700 3003 admodum
736 2954 790 3000 et
827 2944 1049 2998 Elis-.eus
1093 2941 1214 2994 fecit
1251 2953 1370 2993 cum
1416 2936 1552 2990 Elia.
1589 2935 1770 2990 Talem
1807 2935 2001 3005 quippe

416 3040 660 3096 Christus
686 3035 1042 3092 obedientiam
1068 3031 1259 3102 quaerit
1295 3043 1324 3082 a
1366 3029 1518 3083 nobis
1543 3072 1556 3094 ,
1585 3029 1653 3081 ita
1696 3039 1751 3080 ut
1785 3042 1850 3080 ne
1882 3043 1998 3081 mo-

416 3145 599 3190 mento
633 3130 848 3203 quidem
883 3128 1138 3197 temporis
1176 3122 1483 3178 differamus
1504 3164 1517 3187 ,
1548 3121 1754 3175 etiamsi
1782 3119 1906 3188 quid
1935 3135 1998 3173 ex

417 3223 704 3280 admodum
745 3218 1066 3276 necessariis
1105 3230 1293 3286 urgere
1321 3213 1580 3268 videatur.
1611 3211 1811 3266 Idcirco
1841 3209 1999 3263 alium

417 3317 719 3374 venientem
761 3323 815 3368 et
859 3317 1130 3381 rogantem
1167 3307 1264 3361 sibi
1305 3306 1488 3360 liceret
1531 3304 1757 3372 sepelire
1798 3311 1996 3370 patrem

417 3423 594 3468 suum.
623 3420 690 3460 ne
717 3403 843 3458 illud
873 3401 1084 3470 quidem
1105 3397 1280 3453 facere
1309 3396 1566 3466 permisit,
1591 3393 1895 3455 ostendens,
1921 3407 2004 3445 se-

417 3498 613 3570 quendi
660 3495 926 3550 Christum
971 3491 1204 3545 officium
1251 3503 1370 3542 esse
1413 3485 1662 3540 omnibus
1704 3478 2006 3538 anteferen-

419 3594 543 3648 dum
572 3589 781 3658 (Matth.
812 3587 865 3641 8.
895 3586 957 3638 21
991 3584 1107 3654 22).
1136 3583 1190 3636 Si
1222 3597 1347 3634 vero
1374 3579 1572 3634 dixeris
1604 3596 1616 3630 :
1650 3577 1871 3631 Maxima
1891 3583 2007 3628 erat

423 3680 706 3753 promissio
738 3698 750 3732 :
782 3677 903 3730 ideo
933 3675 1161 3728 maxime
1187 3673 1352 3726 miror
1378 3671 1518 3728 illos.
1543 3669 1683 3738 quod
1722 3683 1840 3722 eum
1875 3683 2005 3719 non-

422 3774 546 3828 dum
587 3770 796 3839 signum
835 3766 1126 3830 vidissent,
1158 3770 1315 3816 tanta:
1356 3759 1692 3831 promissioni
1723 3757 1878 3812 tidem
1908 3758 2005 3810 ha-

424 3863 636 3919 buerint
659 3903 673 3925 ,
701 3869 755 3915 et
779 3858 958 3913 omnia
998 3855 1392 3926 postposnerint
1420 3863 1477 3907 ut
1504 3851 1773 3906 Christum
1815 3865 2006 3920 seque-

425 3966 612 4012 rentur
641 3972 653 4005 :
682 3966 800 4007 nam
831 3949 1175 4007 crediderunt
1204 3961 1262 4001 se
1291 3961 1449 4016 posse
1478 3961 1571 4014 per
1593 3943 1780 3999 eadem
1811 3945 1966 3996 verba
1991 3985 2004 4007 ,

424 4048 578 4122 queis
612 4048 749 4117 capti
797 4045 1036 4112 fuerant,
1083 4044 1216 4098 alios
1262 4042 1472 4112 piscari.
1518 4039 1611 4096 His
1657 4041 1832 4110 itaque
1879 4038 2005 4093 illud
2062 4091 2072 4102 ,

426 4141 669 4214 promisit
701 4158 715 4194 :
742 4138 944 4194 Jacobo
978 4145 1152 4190 autem
1181 4141 1237 4192 et
1265 4133 1456 4188 Joanni
1490 4131 1620 4187 nihil
1654 4132 1827 4187 simile
1855 4131 2005 4184 dixit.

425 4235 555 4289 Nam
587 4233 823 4303 priorum
857 4227 1202 4296 obsequentia
1233 4226 1315 4278 his
1342 4225 1480 4278 viam
1510 4224 1732 4293 paravit.
1766 4223 2008 4292 Alioquin

427 4341 554 4381 vero
575 4324 684 4393 jam
710 4320 933 4390 plurima
959 4318 1026 4372 de
1057 4317 1172 4386 ipso
1197 4315 1492 4370 audierant.
1519 4313 1651 4368 Vide
1677 4329 1834 4384 porro
1854 4328 2008 4382 quam

427 4427 674 4475 accurate
717 4412 869 4468 nobis
909 4411 1118 4464 illorum
1161 4415 1522 4477 paupertatem
1554 4406 1768 4460 indicet.
1813 4404 2013 4458 Invenit

428 4509 570 4565 enim
602 4508 723 4562 illos
749 4502 1051 4559 reﬁcientes
1086 4499 1219 4555 retia
1261 4515 1374 4553 sua.
1406 4499 1572 4554 Tanta
1617 4506 1733 4553 erat
1769 4507 1974 4566 egestas
1995 4537 2008 4560 ,

428 4609 489 4656 ut
516 4607 696 4654 vetera
722 4599 1105 4658 restaurarent,
1138 4589 1276 4662 quod
1308 4605 1410 4644 non
1439 4597 1659 4660 possent
1684 4587 1782 4640 alia
1813 4603 2008 4640 sumere.

429 4693 539 4747 Nec
576 4689 796 4744 minima
836 4683 1047 4740 interim
1091 4683 1205 4738 hmc
1240 4689 1322 4737 est
1362 4681 1571 4734 virtutis
1600 4677 2011 4739 demonstratio,

432 4791 793 4856 paupertatem
828 4780 897 4834 ita
940 4778 1095 4833 facile
1132 4775 1272 4830 ferre
1297 4816 1312 4839 ,
1339 4788 1405 4826 ex
1444 4770 1603 4838 justis
1641 4768 1906 4824 laboribus
1937 4769 2014 4821 vi-

430 4886 574 4932 ctum
598 4887 805 4942 parare,
831 4879 1010 4925 mutua
1036 4868 1261 4924 invicem
1287 4864 1508 4920 caritate
1527 4861 1790 4924 connecti,
1816 4868 2014 4928 patrem

430 4977 612 5020 secum
640 4960 857 5026 habere,
881 4961 1086 5029 ipsique
1112 4954 1373 5012 famulari.
1402 4953 1688 5022 Postquam
1716 4950 1873 5020 igitur
1900 4949 2018 5003 illos

435 5058 674 5127 piscatus
697 5053 902 5117 fuisset,
925 5061 1050 5105 tunc
1074 5052 1236 5118 cmpit
1262 5047 1366 5101 illis
1393 5045 1745 5116 praesentibus
1766 5041 2018 5095 miracula

434 5149 597 5205 edere
621 5191 636 5213 ,
667 5159 866 5216 perque
895 5159 956 5197 ea
986 5157 1103 5210 quae
1132 5156 1160 5193 a
1189 5139 1391 5194 Joanne
1415 5137 1480 5192 de
1511 5137 1624 5205 ipso
1653 5135 1788 5189 dieta
1816 5135 2022 5187 fuerant

435 5235 808 5294 conﬁrmabat.
840 5233 1144 5304 Synagogas
1171 5243 1331 5297 porro
1363 5226 1750 5294 frequentabat,
1784 5223 1907 5277 hinc
1930 5222 2023 5277 Ju-

437 5333 584 5387 daaos
613 5329 812 5384 docens
837 5340 896 5380 se
924 5339 1026 5378 non
1059 5333 1177 5375 esse
1205 5320 1313 5373 Deo
1339 5317 1694 5370 adversarium
1714 5357 1726 5380 ,
1755 5315 1837 5369 vel
1867 5315 2022 5368 sedu-

439 5436 665 5489 ctorem,
688 5421 780 5478 sed
803 5436 923 5476 cum
954 5418 1110 5472 Patre
1131 5414 1550 5470 consentientem
1572 5409 1868 5465 advenisse.
1890 5410 2021 5465 Cum

439 5530 616 5571 autem
646 5516 697 5570 in
729 5514 862 5568 locis
896 5517 1221 5576 versaretur,
1247 5521 1350 5560 non
1382 5501 1540 5559 modo
1567 5499 1906 5572 praedicabat,
1930 5501 2022 5556 sed

443 5609 603 5664 etiam
635 5609 782 5677 signa
815 5605 1023 5659 edebat.

515 5699 570 5755 5.
602 5697 804 5767 Ubique
833 5697 994 5760 enim,
1027 5695 1070 5749 si
1096 5689 1308 5765 quando
1330 5705 1417 5746 res
1447 5686 1658 5744 insolita
1679 5698 1731 5746 et
1755 5689 2019 5759 inopinata

1219 265 1578 322 S.JO.\1\’NIS
1616 261 2087 319 CllliYSOSTOIll
2128 260 2440 318 ARClllEP.
2481 264 3012 321 CONSTANTINOP.

3584 265 3689 324 29.0

2099 374 2337 440 accidat,
2369 376 2414 431 si
2458 390 2651 431 novum
2692 377 2972 432 inducatur
3010 379 3130 432 vita:
3171 378 3467 433 institutum
3492 420 3506 442 ,
3539 381 3687 450 signa

2099 467 2234 520 Solet
2265 467 2402 522 Deus
2430 467 2604 524 facere
2624 511 2638 533 ,
2672 469 2921 538 potentiae
2951 484 3062 523 sua:
3095 469 3310 539 pignora
3353 471 3596 533 pra-heus
3625 475 3690 526 iis

2098 557 2188 627 qui
2228 558 2372 628 leges
2401 559 2695 628 suscepturi
2727 569 2868 613 sunt.
2910 559 2997 614 Sic
3037 561 3213 628 itaque
3254 575 3373 614 cum
3418 561 3688 616 hominem

2099 648 2332 702 facturus
2359 659 2512 713 erat,
2548 650 2799 704 mundum
2840 659 3006 704 totum
3042 650 3277 712 creavit,
3312 660 3544 719 hincque
3584 652 3682 719 ipsi

2098 739 2266 809 legem
2312 740 2452 794 illam
2478 742 2494 772 ¹
2534 743 2584 795 in
2630 741 2873 810 paradiso
2910 742 3076 796 dedit.
3117 743 3180 796 Et
3217 758 3338 796 cum
3383 743 3510 797 Non:
3544 743 3690 813 leges

2101 831 2365 898 positurus
2394 842 2528 898 erat,
2559 847 2745 902 magna
2779 849 2986 886 rursum
3019 833 3260 888 exhibuit
3289 835 3563 899 miracula,
3594 853 3690 904 per

2099 937 2216 991 qua:
2249 931 2408 976 totam
2439 926 2752 978 restauravit
2777 935 3096 991 creaturam,
3121 937 3174 981 et
3200 926 3234 981 h
3275 927 3527 982 rrcndum
3559 929 3686 983 illud

2100 1015 2314 1084 pelagus
2346 1031 2438 1084 per
2463 1032 2659 1070 annum
2692 1027 2856 1072 totum
2895 1019 3136 1074 obtinere
3165 1021 3405 1087 curavit,
3438 1037 3534 1092 per
3560 1040 3679 1093 qua:

2099 1104 2260 1158 etiam
2305 1105 2506 1172 justum
2563 1108 2708 1161 illum
2764 1108 2815 1161 iu
2869 1117 3010 1163 tanta
3066 1119 3383 1180 tempestate
3429 1116 3680 1171 servavit.

2101 1195 2328 1250 Abrahre
2358 1213 2567 1265 quoque
2598 1201 2763 1254 n'uilta
2809 1201 2956 1271 signa
3000 1203 3281 1270 praestitit;
3311 1205 3458 1259 verbi
3490 1220 3647 1262 causa
3667 1247 3682 1271 ,

2102 1289 2376 1344 victoriam
2405 1290 2456 1343 in
2485 1291 2646 1357 bello,
2677 1293 2884 1362 plagam
2913 1294 3174 1348 Pharaoni
3208 1295 3518 1363 immissum,
3546 1312 3574 1352 τι
3605 1314 3686 1366 pe-

2101 1380 2278 1433 riculis
2314 1383 2659 1449 ereptionem.
2695 1383 2936 1453 Cumque
2977 1377 3174 1439 Judmis
3214 1386 3358 1455 leges
3392 1396 3686 1443 statuturos

2098 1479 2259 1532 esset,
2291 1469 2541 1522 miracula
2571 1471 2656 1522 illa
2689 1470 2834 1534 fecit,
2862 1481 2916 1524 et
2943 1474 3179 1543 prodigia
3222 1491 3431 1546 magna,
3462 1485 3684 1545 tuncque

2101 1559 2270 1629 legem
2303 1559 2465 1613 dedit.
2496 1561 2568 1614 lla
2602 1571 2652 1614 et
2681 1577 2819 1616 nunc
2847 1563 3115 1618 excelsum
3152 1566 3436 1635 quodpiam
3470 1567 3684 1622 instit-

2102 1662 2208 1704 tum
2254 1653 2566 1706 inducturus
2589 1695 2601 1716 ,
2635 1669 2803 1722 eaque
2836 1654 3074 1709 dicturus
3115 1655 3216 1710 illis
3243 1672 3361 1726 qua:
3397 1673 3685 1729 numquam

2098 1745 2412 1810 audierant,
2437 1746 2754 1799 mirabilium
2779 1747 3088 1815 opera'ione
3108 1747 3243 1802 dicta
3267 1763 3357 1802 sua
3380 1749 3680 1804 confirmat.

2100 1836 2360 1903 Quoniam
2386 1837 2527 1891 enim
2558 1851 2775 1905 regnum
2806 1837 2951 1890 illud.
2977 1837 3115 1906 quod
3147 1837 3551 1907 praedicabatur,
3577 1857 3683 1893 non

2099 1927 2421 1995 apparebat,
2459 1942 2527 1980 ex
2569 1927 2630 1980 iis
2668 1943 2788 1997 qum
2835 1927 2932 1981 Sub
2980 1938 3251 1998 aspectum
3300 1931 3589 1995 c'debant,
3637 1932 3687 1985 id

2099 2017 2236 2087 quod
2277 2018 2542 2072 occultum
2579 2029 2692 2072 erat
2732 2017 3065 2073 manifestum
3113 2022 3254 2075 fecit.
3287 2020 3356 2076 Et
3396 2023 3516 2077 vide
3558 2025 3688 2078 mihi

2101 2119 2354 2179 quantum
2401 2109 2665 2179 superflua
2706 2111 2836 2163 vitet
2873 2113 3194 2179 evangelism
3223 2154 3236 2174 ,
3274 2113 3544 2182 quomodo
3581 2131 3686 2167 non

2101 2200 2340 2270 singulos
2385 2214 2570 2254 eorum
2615 2201 2703 2270 qui
2750 2202 2918 2254 sanati
2964 2212 3087 2255 sunt
3133 2216 3554 2268 commemoret,
3595 2206 3689 2259 sed

2103 2293 2248 2347 brevi
2271 2307 2517 2346 sermone
2540 2291 2814 2345 innumera
2838 2291 2982 2360 signa
3009 2303 3400 2360 praztercurrat.
3425 2293 3554 2347 Nam
3578 2295 3685 2349 ait:

2101 2383 2191 2437 24.
2230 2382 2527 2436 Obtulerunt
2558 2383 2600 2434 ei
2631 2398 2801 2435 omnes
2830 2382 2960 2434 unite
2989 2382 3220 2435 habentes
3246 2383 3395 2437 rariis
3425 2384 3687 2454 fmtguori-

2105 2475 2194 2526 bus
2214 2515 2228 2538 ,
2254 2483 2300 2527 et
2332 2474 2588 2526 tormentis
2613 2483 2868 2542 correptos
2886 2515 2900 2538 ,
2931 2472 3180 2526 (immania
3203 2473 3438 2528 habentes
3457 2517 3468 2535 ,
3501 2474 3687 2528 lunatia

2103 2583 2206 2629 cos,
2227 2566 2550 2636 paralyticos,
2574 2574 2619 2618 et
2635 2567 2829 2619 sanavit
2850 2581 2952 2623 eos.
2975 2563 3170 2619 Verum
3192 2565 3258 2619 ab
3281 2565 3368 2619 illo
3386 2567 3686 2636 inquiritur,

2103 2673 2200 2711 cur
2225 2672 2253 2710 a
2282 2656 2428 2711 nullo
2452 2671 2635 2711 eorum
2669 2655 2824 2711 fidem
2853 2657 3063 2726 exegit?
3088 2655 3271 2725 Neque
3296 2657 3435 2709 enim
3459 2657 3613 2722 dixit,
3640 2655 3688 2710 id

2102 2749 2245 2818 quod
2287 2754 2470 2817 postea
2511 2746 2710 2802 dixisse
2747 2755 2995 2801 narratur
3025 2766 3036 2798 :
3063 2747 3292 2801 Creditis
3323 2763 3408 2802 me
3450 2746 3575 2800 illud
3616 2745 3692 2801 fa-

2102 2850 2226 2894 cere
2265 2854 2421 2910 posse
2449 2837 2673 2911 (Matth.
2703 2838 2756 2893 9.
2796 2837 2947 2909 38)?
2981 2838 3102 2907 quia
3144 2838 3376 2892 nondum
3421 2839 3694 2907 potestatis

2104 2949 2214 2989 suae
2237 2934 2553 2988 documenta
2583 2930 2822 2986 dederat.
2850 2931 3096 3001 Alioquin
3127 2946 3251 2984 vero
3277 2945 3341 2985 ex
3371 2946 3436 2985 eo
3459 2931 3598 3000 quod
3617 2929 3690 2986 ad

2108 3042 2228 3080 cum
2260 3025 2612 3087 accederent,
2644 3023 2885 3092 aliosque
2912 3022 3256 3085 inducerent,
3291 3038 3394 3076 nou
3428 3023 3689 3076 modicam

2106 3116 2430 3172 exhibebant
2466 3113 2643 3168 fidem.
2688 3112 2819 3166 Nam
2860 3128 2924 3166 ex
2965 3113 3252 3183 longinquo
3292 3127 3462 3182 aegros
3497 3113 3692 3168 affere-

2107 3207 2267 3270 baut,
2299 3223 2403 3260 nou
2430 3205 2669 3270 allaturi,
2705 3203 2804 3257 nisi
2836 3219 3078 3272 magnam
3107 3203 3174 3257 de
3206 3203 3292 3257 illo
3322 3204 3696 3273 concepissent

2107 3299 2431 3368 opinionem.
2458 3297 2526 3350 Et
2549 3311 2645 3351 nos
2669 3309 2878 3365 quoque
2899 3295 3044 3348 illum
3073 3309 3358 3364 sequamur
3383 3313 3395 3347 :
3422 3310 3541 3349 nam
3566 3295 3697 3348 mul-

2114 3392 2179 3446 tis
2203 3390 2366 3445 animi
2394 3387 2595 3443 morbis
2621 3387 2944 3452 laboramus,
2977 3397 3030 3441 et
3058 3385 3152 3439 hos
3180 3386 3268 3440 ille
3297 3387 3562 3456 prmcipue
3586 3387 3699 3440 vult

2109 3499 2316 3537 curare.
2349 3481 2471 3536 Ideo
2494 3482 2635 3535 enim
2667 3480 2754 3534 illa
2787 3480 2922 3533 mala
2947 3487 3119 3544 curat,
3149 3487 3206 3532 ut
3231 3479 3347 3533 haec
3373 3479 3601 3548 expellat
3632 3495 3696 3533 ex

2109 3574 2386 3629 animabus
2415 3571 2630 3626 nostris.
2660 3569 2988 3625 Accedamus
3017 3569 3174 3639 igitur
3196 3569 3261 3623 ad
3292 3585 3434 3630 eum,
3463 3568 3698 3639 nihilque

2109 3666 2361 3722 saeculare
2389 3673 2630 3734 petamus
2651 3705 2665 3727 ,
2695 3663 2786 3718 sed
2813 3662 3179 3716 remissionem
3211 3672 3546 3730 peccatonuu
3581 3680 3594 3715 :
3617 3671 3698 3716 et-

2111 3761 2253 3816 enim
2278 3758 2436 3813 eliam
2467 3770 2604 3810 nunc
2626 3755 2733 3819 dat,
2760 3755 2803 3809 si
2825 3753 3105 3823 diligenter
3123 3767 3358 3823 agamus.
3383 3753 3529 3806 'l‘unc
3550 3754 3693 3807 enim

2113 3849 2164 3903 in
2207 3848 2414 3920 Syriam
2455 3846 2570 3914 ejus
2612 3849 2747 3899 farina
2777 3844 3014 3907 volarat;
3049 3858 3188 3896 nunc
3222 3858 3349 3896 vero
3393 3857 3486 3912 per
3528 3851 3697 3897 totum

2111 3941 2314 3995 urbem.
2351 3940 2416 3993 Et
2455 3938 2525 3992 illi
2563 3936 2774 4006 quidem
2805 3935 3080 3989 audientes
3104 3977 3117 3999 ,
3149 3934 3320 4004 ipsum
3348 3933 3702 3988 dzeinoniacos

2112 4032 2404 4094 curavisse,
2435 4027 2826 4084 commrrebant
2857 4043 2870 4079 :
2902 4034 2956 4079 tu
2980 4040 3106 4080 vero
3135 4025 3300 4078 multo
3329 4025 3580 4092 majorem
3607 4040 3702 4093 po-

2115 4123 2316 4178 teStatis
2363 4121 2526 4190 ipsius
2566 4119 2946 4188 experientiam
2989 4125 3173 4171 nactus
3210 4133 3313 4170 non
3356 4117 3560 4188 surgis,
3595 4133 3700 4170 non

2113 4214 2316 4269 curris?
2341 4212 2445 4267 Sed
2475 4211 2547 4265 illi
2575 4209 2786 4280 quidem
2810 4219 2861 4264 et
2889 4208 3113 4277 patriam
3145 4207 3475 4275 reliquerunt
3500 4216 3553 4260 et
3576 4207 3704 4259 ami-

2114 4322 2205 4360 cos
2235 4315 2289 4360 et
2319 4312 2606 4374 Cognatos;
2636 4309 2688 4355 tu
2716 4315 2844 4354 vero
2871 4314 2936 4353 ne
2975 4298 3135 4352 domo
3173 4298 3383 4368 quidem
3409 4299 3554 4353 exire
3585 4313 3704 4352 sns-

2118 4399 2258 4452 tines
2277 4438 2291 4459 ,
2319 4405 2376 4450 ut
2403 4394 2626 4449 accedas
2649 4434 2662 4456 ,
2691 4401 2744 4444 et
2770 4392 2923 4459 longe
2950 4389 3166 4444 meliora
3191 4389 3570 4459 consequaris?
3592 4388 3706 4443 lmo

2119 4504 2222 4543 non
2253 4488 2352 4541 hoc
2377 4501 2403 4538 a
2434 4495 2486 4539 te
2527 4483 2890 4554 postulamus;
2921 4480 3013 4534 sed
3053 4481 3242 4534 malam
3285 4480 3455 4534 solum
3495 4478 3707 4548 depone

2117 4575 2586 4638 consuetudinem,
2625 4581 2679 4627 et
2711 4573 2854 4626 domi
2897 4583 3118 4625 manens
3161 4583 3283 4623 cum
3333 4571 3434 4624 tuis
3478 4569 3705 4623 salutem

2121 4668 2270 4722 facile
2307 4665 2561 4735 consequi
2601 4663 2818 4731 poteris.
2846 4660 2962 4716 Jam
2995 4675 3122 4715 vero
3151 4661 3194 4713 si
3235 4659 3423 4713 morbo
3447 4674 3710 4728 corporeo

2119 4760 2458 4821 laboremus,
2491 4754 2668 4809 omnia
2709 4753 2927 4807 facimus
2947 4793 2961 4817 ,
2992 4751 3172 4805 omnia
3211 4765 3488 4806 movemus
3511 4792 3524 4814 ,
3558 4758 3614 4803 ut
3643 4751 3711 4805 ab

2122 4851 2210 4905 illa
2239 4848 2479 4905 molestia
2505 4860 2754 4902 eruamur
2777 4863 2790 4899 :
2813 4844 2988 4897 anima
3014 4857 3141 4898 vero
3161 4852 3344 4898 nostra
3373 4827 3513 4897 male
3534 4854 3592 4896 se
3619 4841 3714 4893 ha-

2123 4943 2317 5008 bente,
2349 4937 2666 4995 cunctamur
2699 4943 2754 4990 et
2795 4933 3106 5005 refugimus.
3144 4933 3268 4989 ldco
3305 4948 3478 5003 neque
3508 4932 3576 4986 ab
3609 4931 3715 4986 illis

2123 5033 2451 5097 liberamur;
2497 5029 2746 5098 quoniam
2788 5042 2907 5096 qua-
2949 5027 3243 5080 necessaria
3289 5035 3446 5090 sunt,
3489 5025 3715 5080 minoris

2123 5126 2378 5180 momenti
2408 5123 2647 5184 facimus,
2675 5135 2793 5191 quae
2818 5135 2946 5175 vero
2977 5121 3196 5173 minoris
3224 5119 3501 5184 momenti,
3526 5133 3709 5173 neces-

2126 5217 2264 5271 saria
2307 5214 2552 5269 ducimus
2583 5232 2596 5267 :
2631 5220 2684 5279 et
2727 5210 2988 5265 malorum
3033 5209 3179 5265 fonte
3213 5209 3435 5264 dimisso
3461 5250 3477 5274 ,
3518 5209 3716 5262 rivulos

2130 5322 2354 5379 purgare
2380 5306 2642 5361 volumus.
2665 5302 2818 5372 Quod
2848 5303 2988 5359 enim
3017 5302 3327 5358 morborum
3350 5302 3590 5371 corporis
3613 5301 3717 5354 ani-

2131 5416 2230 5454 ma:
2258 5397 2557 5468 malignitas
2585 5410 2746 5451 causa
2778 5395 2867 5461 sit,
2898 5395 3222 5466 paralyticos
3251 5393 3338 5449 ille
3365 5393 3575 5464 triginta
3597 5403 3719 5446 octo

2131 5506 2393 5547 annorum
2426 5489 2620 5559 (Joan.
2652 5487 2755 5557 5),
2791 5487 2883 5541 ille
2917 5486 3053 5541 alius
3091 5501 3188 5555 per
3225 5494 3423 5540 tectum
3455 5483 3721 5539 demissus

2131 5581 2293 5653 (Luc.
2323 5582 2666 5653 5).anteillos
2697 5595 2824 5633 vero
2848 5577 2977 5633 Cain
3003 5576 3390 5632 demonstravit
3423 5593 3438 5631 :
3463 5588 3719 5644 saepeque

2201 5695 2230 5749 ι,
2251 5691 2441 5752 Quidam
2459 5697 2588 5751 Mss.,
2613 5698 2814 5752 tuncque
2831 5688 2924 5752 ipsi
2945 5689 3177 5738 mundum
3200 5686 3358 5747 illum;
3384 5687 3544 5736 minus
3554 5689 3712 5734 recte.
