4076 6150
391 278 492 332 2‘21

393 391 451 446 δὲ
483 385 659 458 ψυχῆς
711 382 868 455 ήμῶν
923 383 1108 448 κακῶς
1139 382 1505 453 διακειμένης,
1557 379 1819 451 μέλλομεν
1874 382 1968 431 καὶ

397 468 755 539 ἀναδυόμεθα.
788 467 886 520 Διὰ
907 467 1062 520 τοῦτο
1090 467 1210 520 οὐδέ
1243 465 1463 520 ἐκείνων
1490 460 1966 530 ἀπαλλασσόμεθα⁸

396 555 583 624 ἐπειδὴ
615 553 684 604 τὰ
717 552 816 622 μὲν
845 551 1120 618 ἀναγκαῖα
1162 551 1297 621 ἡμῖν
1348 547 1598 618 πάρεργα
1630 545 1860 613 γίνεται,
1903 543 1970 596 τὰ

394 635 449 690 δὲ
477 637 727 706 πάρεργα
764 635 1069 698 ἀναγκαῖα·
1126 633 1220 686 καὶ
1264 631 1362 702 τὴν
1395 629 1576 699 πηγὴν
1624 627 1734 680 τῶν
1783 626 1970 680 κακῶν

395 720 645 788 ἀρέντες,
680 720 805 781 τοὺς
853 718 1061 789 ῥύακας
1113 715 1461 786 ἐκκαθαίρειν
1521 712 1798 782 ἐθέλομεν.
1845 712 1969 764 ’Ότι

396 808 504 872 γὰρ
527 803 635 854 τῶν
674 804 729 855 έν
754 802 832 872 τῷ
860 800 1071 870 σώματι
1110 799 1294 853 κακῶν
1330 800 1364 870 ή
1405 796 1636 867 πονηρία
1668 799 1766 866 τῆς
1793 793 1971 865 ψυχῆς

397 888 564 950 αἰτία,
600 888 693 940 καὶ
719 887 746 938 ὁ
775 883 1209 957 παραλελυμένος
1236 883 1530 953 τριάκοντα
1560 882 1653 934 καὶ
1672 880 1816 933 ὀκτὼ
1849 880 1967 948 ἐτη,

398 972 492 1024 καὶ
517 972 544 1024 ό
564 970 651 1023 διὰ
675 969 766 1022 τοῦ
796 969 1016 1036 στέγους
1042 967 1348 1039 χαλασθεὶς,
1380 966 1472 1018 καὶ
1517 965 1623 1034 πρὸ
1660 963 1864 1016 τούτων
1912 961 1970 1014 δὲ

395 1057 424 1106 ὁ
459 1055 598 1107 Κάῖν
629 1053 863 1123 ἐδήλωσε
893 1069 906 1082 ·
941 1055 1034 1106 καὶ
1073 1050 1399 1121 πολλαχόθεν
1426 1049 1482 1101 δὲ
1526 1047 1790 1117 ἑτέρωθεν
1812 1045 1973 1099 τοῦτο

395 1136 461 1190 ἄν
497 1154 579 1199 τις
601 1135 806 1188 κατίδοι
846 1135 912 1192 ³⁸.
951 1134 1255 1206 Ἀνέλωμεν
1298 1133 1474 1185 τοίνυν
1507 1131 1614 1183 τῶν
1657 1128 1843 1183 κακῶν
1871 1128 1970 1198 τὴν

396 1225 601 1295 πηγὴν,
635 1223 726 1275 καὶ
763 1222 939 1276 πάντα
972 1223 1223 1294 στήσεται
1249 1220 1357 1274 τῶν
1385 1218 1706 1290 νοσημάτων
1737 1217 1806 1269 τὰ
1846 1215 1971 1288 ῥεύ-

397 1325 563 1378 ματα.
598 1307 672 1359 υύ
702 1305 811 1377 γὰρ
843 1305 903 1358 τὸ
932 1304 1332 1377 τιαραλελύσθαι
1363 1303 1522 1373 μόνον
1551 1301 1783 1371 νόσημα,
1837 1298 1972 1352 ἀλλά

394 1392 486 1443 καὶ
516 1389 573 1443 τὺ
608 1389 940 1460 ἁμαρτάνειν
962 1405 975 1416 ·
1010 1389 1104 1440 καὶ
1139 1386 1298 1439 τοῦτο
1330 1385 1528 1455 μᾶλλον
1562 1385 1595 1455 ἢ
1631 1386 1827 1445 ἐκεῖνο,
1861 1383 1972 1453 ὅσῳ

394 1474 487 1527 καὶ
541 1473 687 1543 ψυχὴ
743 1470 992 1542 σώματος
1038 1471 1294 1539 ἀμείνων.
1354 1467 1744 1539 Προσέλθωμεν
1791 1466 1969 1518 τοίνυν

393 1555 542 1627 αὐτῷ
573 1556 666 1610 καὶ
687 1553 804 1620 νῦν,
831 1553 1299 1624 παρακαλέσωμεν
1327 1552 1370 1582 ³⁷
1406 1553 1494 1605 ἵνα
1523 1551 1726 1623 σφίγξῃ
1751 1549 1848 1620 τὴν
1869 1550 1971 1618 ψυ-

393 1640 493 1711 χὴν
517 1638 672 1710 ήμῶν
702 1636 1166 1708 παραλελυμένην,
1215 1636 1309 1688 καὶ
1358 1635 1426 1687 τά
1473 1634 1699 1703 βιωτικά
1738 1633 1970 1701 ἀφέντες

394 1724 572 1777 πάντα
609 1721 718 1774 τῶν
751 1721 795 1752 ³⁸
824 1720 1206 1790 πνευματικῶν
1258 1719 1414 1788 μόνον
1460 1715 1741 1786 ποιώμεθα
1789 1715 1966 1783 λόγον.

394 1807 457 1860 Εἰ
477 1807 533 1860 δὲ
560 1805 876 1860 καὶτούτων
896 1805 1114 1877 ἀντέχῃ,
1149 1805 1265 1873 μετ’
1291 1804 1472 1855 ἐκεῖνα
1501 1801 1677 1854 αὐτῶν
1698 1800 1965 1870 φρόντιζε.

393 1890 531 1961 Μηδ’
561 1891 605 1922 ³³
635 1891 716 1944 ὃτι
748 1889 846 1942 οὐκ
869 1889 1052 1956 ἀλγεῖς
1084 1886 1414 1958 ἁμαρτάνων
1453 1886 1799 1956 καταφρόνει,
1834 1885 1968 1938 ἀλλὰ

389 1975 459 2026 δι’
485 1973 614 2027 αὐτὸ
643 1973 742 2044 μὲν
775 1968 866 2026 οὖν
888 1971 1045 2026 τοῦτο
1082 1971 1313 2042 μάλιστα
1355 1969 1624 2036 στέναξον,
1656 1969 1843 2040 ἐπειδὴ
1871 1969 1968 2023 οὐκ

391 2055 622 2128 αἰσθάνῃ
653 2055 754 2126 τῆς
798 2054 991 2126 ὀδύνης
1032 2054 1139 2107 τῶν
1190 2053 1694 2125 πλημμελημάτων.
1737 2052 1812 2104 Ού
1859 2052 1969 2122 γὰρ

391 2140 540 2209 παρά
581 2140 640 2192 τὸ
701 2137 777 2210 μὴ
813 2138 1028 2193 δάκνειν
1076 2138 1176 2209 τὴν
1213 2136 1488 2207 ἁμαρτίαν
1549 2135 1706 2188 τοῦτο
1738 2134 1965 2204 γίνεται,

391 2222 525 2276 ἀλλά
559 2221 711 2293 παρά
761 2221 822 2275 τὸ
867 2220 1190 2291 ἀναίσθητον
1233 2215 1370 2274 εἶναι
1406 2220 1506 2290 τὴν
1543 2217 1967 2288 πλημμελοῦσαν

391 2307 590 2375 ψυχήν.
636 2303 916 2374 Ἐννόησον
956 2301 1086 2372 γοῦν
1121 2303 1246 2365 τοὺς
1294 2301 1714 2370 αἰσθανομένους
1741 2301 1847 2352 τῶν
1886 2301 1966 2352 οἰ-

393 2387 553 2440 κείων
581 2385 1013 2458 ἁμαρτημάτων,
1048 2385 1165 2448 πῶς
1188 2383 1295 2438 τῶν
1331 2383 1679 2454 τεμνομένων
1705 2383 1798 2434 καὶ
1814 2399 1966 2434 καιο-

395 2473 569 2541 μένων
589 2471 909 2543 πικρότερον
940 2469 1270 2534 όλολύζουσι,
1307 2467 1446 2520 πόσα
1474 2465 1789 2536 πράττουσι,
1827 2465 1968 2518 πόσα

392 2556 678 2625 πάσχουσι.
704 2555 846 2609 πόσα
863 2552 1116 2607 πενθοῦσι
1132 2553 1226 2607 καὶ
1253 2549 1702 2623 όδύρονται,ὧστε
1723 2549 1967 2602 ἀπαλλαο

391 2643 550 2710 γῆναι
595 2637 687 2692 τοῦ
721 2639 957 2710 πονηροῦ
994 2637 1319 2700 συνειδότος·
1354 2636 1490 2707 ὅπερ
1531 2635 1630 2688 οὐκ
1677 2633 1743 2688 ἂν
1783 2633 1969 2704 ἐποίη-

390 2741 510 2792 σαν,
537 2724 587 2778 εἰ
622 2723 699 2794 μὴ
733 2721 937 2794 σφόδρα
958 2721 1155 2793 ’ήλγουν
1182 2718 1322 2776 κατὰ
1346 2719 1546 2790 ψυχήν.

459 2873 502 2928 δ’
509 2915 523 2929 .
551 2873 626 2928 Τδ
660 2874 758 2945 μὲν
781 2868 874 2928 οὖν
898 2873 1144 2946 ἁμεινον,
1177 2871 1238 2926 τὸ
1274 2871 1409 2943 μηδὲ
1444 2870 1580 2934 ὅλως
1602 2870 1962 2942 ἁμαρτάνεινο

389 2961 450 3015 τὸ
487 2959 542 3013 δὲ
580 2959 696 3030 μετ’
725 2960 902 3012 ἐκεῖνο
921 3000 936 3026 ,
970 2957 1030 3012 τὸ
1057 2957 1470 3029 ἁμαρτάνοντας
1499 2955 1846 3009 αἰσθάνεσθαι
1873 2957 1966 3008 καὶ

387 3041 748 3115 διορθοῦσθαι.
784 3041 849 3095 Εἰ
873 3040 929 3094 δὲ
965 3040 1039 3112 μὴ
1064 3039 1224 3093 τοῦτο
1251 3039 1488 3111 ἔχοιμεν,
1526 3037 1642 3102 πῶς
1661 3037 1966 3108 δεησόμεθα

387 3125 481 3180 τοῦ
505 3123 660 3190 Θεοῦ,
693 3125 788 3179 καὶ
809 3125 1002 3194 ἄφεσιν
1046 3121 1383 3192 αἰτησόμεθα
1433 3121 1864 3192 ἁμαρτημάτων,
1915 3123 1963 3174 οἰ

388 3207 592 3262 τούτων
627 3207 830 3279 μηδένα
869 3203 1181 3276 ποιούμενοι
1210 3204 1364 3273 λόγον
1389 3221 1404 3272 ;
1433 3205 1600 3258 Ὅταν
1622 3202 1730 3274 γὰρ
1761 3205 1827 3256 σύ
1867 3206 1966 3259 αὐ-

386 3294 479 3357 τὸς
500 3295 528 3347 ὁ
553 3289 1032 3364 πεπλημμεληκὼς
1067 3289 1199 3361 μηδὲ
1226 3288 1355 3342 αὐτὸ
1385 3289 1562 3356 τοῦτο,
1584 3290 1666 3342 ὅτι
1691 3289 1963 3360 ἥμαρτες,

387 3376 584 3429 ειδέναι
623 3375 812 3446 ἐθέλῃς
838 3415 852 3439 ,
885 3374 1024 3443 ὑπὲρ
1073 3373 1240 3426 ποίων
1285 3371 1689 3442 παρακαλέσεις
1712 3372 1802 3425 τὸν
1833 3371 1964 3424 Θεὸν

389 3458 906 3530 πλημμελημάτων;
939 3457 1080 3528 ὑπὲρ
1109 3450 1184 3510 ὧν
1208 3457 1308 3510 οὐκ
1333 3453 1517 3520 οἶδας;
1555 3456 1650 3510 καὶ
1694 3455 1810 3519 πῶς
1843 3455 1964 3527 εἴσῃ

386 3543 486 3613 τῆς
514 3541 834 3613 εὐεργεσίας
858 3540 918 3593 τὸ
945 3538 1172 3610 μέγεθος
1191 3555 1206 3604 ;
1225 3539 1358 3592 Εἰπέ
1375 3539 1552 3591 τοίνυν
1574 3555 1666 3591 σου
1690 3539 1757 3592 τὰ
1786 3537 1965 3608 πλημ-

391 3624 683 3694 μελήματα
738 3623 857 3677 κατ’
891 3619 1050 3686 εἶδος,
1109 3623 1196 3674 ἵνα
1225 3621 1404 3693 μάθῃς
1454 3621 1615 3674 τίνων
1672 3621 1965 3690 λαμϐάνεις

391 3705 759 3777 συγχώρησιν,
792 3705 857 3757 ἵν’
878 3703 1051 3766 οὕτως
1073 3702 1368 3774 εὐγνώμων
1395 3703 1526 3774 γένῃ
1548 3702 1675 3773 περὶ
1701 3702 1788 3756 τὸν
1812 3702 1966 3774 εὐερ-

389 3787 578 3856 γέτην.
613 3788 683 3841 Σύ
713 3787 768 3840 δὲ
816 3786 1104 3859 ἄνθρωπον
1137 3787 1233 3857 μὲν
1283 3785 1620 3857 παροξύνων,
1655 3786 1750 3838 καὶ
1779 3783 1964 3854 φίλους

391 3871 485 3926 καὶ
516 3870 764 3938 γείτονας
797 3871 890 3923 καὶ
915 3869 1195 3942 θυρωροὺς
1219 3870 1568 3941 παρακαλεῖς,
1588 3869 1680 3922 καὶ
1708 3870 1965 3940 χρήματα

388 3953 654 4024 δαπανᾷς,
685 3953 778 4006 καὶ
803 3953 1005 4016 πολλὰς
1036 3952 1346 4016 ἀναλίσκεις
1365 3952 1574 4024 ἡμέρας
1608 3952 1847 4024 προσιὼν
1871 3954 1965 4005 καὶ

387 4037 660 4108 δεόμενος,
690 4037 794 4090 κᾶν
826 4034 994 4101 ἅπαξ,
1027 4035 1130 4090 κᾶν
1158 4036 1272 4103 δὶς,
1307 4037 1410 4089 κᾶν
1446 4037 1705 4108 μυριάκις
1753 4052 1813 4087 σε
1846 4034 1964 4088 δια-

391 4119 688 4191 κρούσηται
721 4120 750 4172 ό
785 4118 1139 4190 παροξυνθεὶς
1164 4158 1180 4184 ,
1212 4119 1312 4173 οὐκ
1346 4119 1702 4187 ἁναπίπτεις,
1736 4117 1849 4172 ἀλλ’
1879 4120 1964 4171 ὲν-

389 4203 620 4272 αγώνιος
649 4203 848 4273 μᾶλλον
876 4201 1182 4272 γενόμενος.
1207 4202 1422 4255 πλείονα
1452 4202 1549 4272 τὴν
1581 4203 1858 4272 ἱκετηρίαν
1886 4200 1965 4253 τί-

393 4286 490 4356 ίιης
523 4285 568 4317 ⁸⁸
585 4303 600 4318 ·
626 4285 719 4338 τοῦ
745 4285 803 4338 δὲ
825 4284 934 4337 τῶν
964 4283 1114 4356 [185]
1155 4285 1289 4338 ὅλων
1315 4284 1450 4337 Θεοῦ
1503 4284 1960 4356 παροξυνομένου,

390 4367 748 4439 χασμώμεθα,
797 4368 890 4419 καὶ
941 4368 1339 4436 ἀναπίπτομεν,
1391 4367 1485 4420 καὶ
1513 4369 1826 4439 τρυφῶμεν,
1869 4368 1964 4421 καὶ

393 4451 685 4522 μεθύομεν,
723 4449 815 4504 καὶ
839 4449 906 4502 τά
936 4448 1077 4503 κατὰ
1106 4449 1389 4520 συνήθειαν
1425 4450 1601 4503 πάντα
1629 4452 1960 4522 πράττομεν.

394 4537 500 4590 Καὶ
532 4536 662 4590 πότε
693 4533 852 4588 αὐτὸν
881 4532 1222 4604 δυνησόμεθα
1263 4533 1419 4587 ἵλεων
1466 4535 1722 4603 ποιῆσαι;
1759 4533 1874 4596 πῶς
1906 4533 1964 4586 δέ

389 4621 491 4674 οὐκ
518 4618 666 4691 αὐτῷ
707 4617 880 4690 τούτῳ
930 4615 1190 4688 μειζόνως
1240 4616 1684 4688 παροξυνοῦμεν;
1722 4616 1827 4670 Τοῦ
1858 4618 1964 4689 γὰρ

392 4704 725 4774 ἁμαρτάνειν
762 4702 821 4756 τὸ
871 4701 1007 4774 μηδέ
1057 4700 1242 4771 ἀλγεῖν
1296 4701 1710 4773 ἁμαρτάνοντας
1765 4701 1963 4771 μᾶλλον

393 4777 718 4854 ἀγανακτεῖν
747 4786 908 4841 αὐτὸν
961 4787 1105 4839 ποιεῖ
1129 4787 1223 4840 καὶ
1250 4784 1582 4857 ὀργίζεσθαι.
1640 4785 1839 4857 Διόπερ
1884 4787 1963 4848 εἰς

393 4868 567 4939 αὐτὴν
603 4868 785 4922 λοιπὸν
811 4869 956 4936 ἀξιον
986 4867 1281 4924 καταδῦναι
1311 4869 1408 4942 τὴν
1434 4871 1558 4940 γῆν,
1588 4870 1681 4923 καὶ
1709 4869 1844 4940 μηδὲ
1874 4869 1964 4920 τὸν

393 4953 544 5024 ἣλιον
591 4953 722 5022 όρᾷν
759 4952 964 5020 τοῦτον,
1002 4953 1136 5024 μηδέ
1184 4955 1440 5009 ἀναπνεῖν
1470 4955 1627 5018 ὅλως,
1680 4955 1761 5007 ὅτι
1793 4951 1966 5016 οὕτως

393 5034 826 5090 εὐκατάλλακτον
877 5037 1149 5106 Δεσπότην
1189 5038 1420 5108 ἔχοντες,
1487 5036 1859 5109 παροξύνομέν
1906 5054 1965 5090 τε

393 5119 577 5184 αὐτὸν,
613 5120 707 5171 καὶ
739 5119 1126 5189 παροξύνοντες
1147 5122 1266 5173 οὐδὲ
1297 5122 1658 5192 μετανοοῦμεν
1683 5136 1696 5150 ·
1725 5120 1966 5188 καίτοιγε

393 5203 578 5267 αὐτὸς,
627 5200 747 5255 οὐδὲ
779 5201 907 5254 ὃταν
932 5200 1237 5271 ὀργίζηται,
1276 5203 1447 5272 μισῶν
1487 5205 1579 5256 καὶ
1631 5202 1966 5272 ἀποστρεφό-

398 5304 555 5356 μενος
584 5286 731 5357 ἡμᾶς
758 5285 914 5338 τοῦτο
943 5286 1103 5350 ποιεῖ,
1142 5285 1255 5338 ἀλλ’
1291 5285 1376 5338 ἵνα
1405 5284 1504 5338 κᾶν
1539 5285 1582 5316 ’⁸³
1608 5285 1782 5350 οὕτως
1821 5288 1968 5356 ἡμᾶς

394 5371 765 5441 ἐπισπάσηται
796 5368 930 5440 πρὸς
957 5368 1166 5422 ἑαυτόν.
1194 5367 1382 5439 Εἰγάρ
1411 5365 1763 5437 ὑϐριζόμενος
1794 5369 1968 5439 διηνε-

396 5455 506 5519 κῶς
539 5454 846 5526 εὐηργέτει,
891 5451 1090 5525 μᾶλλον
1146 5452 1213 5505 ἂν
1261 5451 1688 5521 κατεφρόνησας.
1741 5450 1837 5503 Ἴν’
1875 5449 1967 5508 οὖν

1084 271 1142 327 S.
1184 265 1468 324 JOANNIS
1505 259 1998 321 CHRYSOSTOMI
2037 258 2362 316 ARCHIEP.
2405 254 2954 313 CONSTANTINOP.

3551 251 3659 307 222

2075 379 2149 446 μὴ
2179 375 2337 428 τοῦτο
2383 372 2628 444 γένηται,
2683 368 3085 439 ἀποστρέφεται
3145 363 3282 435 πρὸς
3333 362 3660 446 ὀλίγονηῖνα

2070 442 2360 518 διαπαντός
2412 472 2472 507 σε
2504 442 2606 526 ἔχῃ
2637 452 2756 524 μεθ’
2807 448 3024 504 ἑαυτοῦ.
3073 447 3452 518 Θαρῤήσωμεν
3477 442 3658 495 τοίνυν

2071 539 2234 594 αὐτοῦ
2256 541 2322 612 τῇ
2353 525 2753 609 φιλανθρωπίᾳ,
2796 536 2890 587 καὶ
2931 533 3216 604 μετάνοιαν
3258 525 3658 612 ἐπιδειξάψεθα

2074 610 2581 695 μεμεριμνημένην,
2612 621 2742 690 πρὶν
2773 619 2804 690 ἢ
2854 619 2952 689 τὴν
2982 617 3193 688 ἡμέραν
3224 613 3511 695 ἐπιστῆναι
3557 610 3656 695 τὴν

2071 693 2172 760 οὐκ
2197 693 2374 760 ἐῶσαν
2398 708 2544 777 ἡμᾶς
2571 703 2830 775 κερδᾶναι
2855 703 2920 754 ἐκ
2943 699 3154 754 τούτου.
3181 695 3295 749 Νῦν
3317 693 3414 766 μὲν
3437 693 3546 764 γὰρ
3568 693 3652 777 ἐφ’

2071 795 2204 864 ἡμῖν
2235 793 2295 845 τὸ
2329 776 2449 845 πᾶν
2468 792 2676 843 κεῖται·
2731 789 2853 842 τότε
2904 786 2961 839 δὲ
3009 787 3037 837 ὁ
3079 781 3315 846 δικάζων
3349 779 3509 864 μόνος
3553 776 3654 864 τῆς

2069 861 2251 946 ψήφου
2308 873 2512 943 γίνεται
2575 871 2780 944 κύριος.
2859 865 3304 938 Προφθὰσωμεν
3344 863 3527 946 τοίνυν
3585 861 3652 913 τὸ
3746 929 3750 932 η

2070 945 2392 1027 πρόσωπον
2445 955 2631 1010 αὐτοῦ
2681 954 2751 1007 ἐν
2798 947 3254 1021 ἐξομολογήσει,
3306 945 3651 1027 κλαύσωμεν,

2072 1026 2452 1112 θρηνήσωμεν.
2489 1039 2584 1090 Ἂν
2628 1035 2737 1106 γὰρ
2781 1033 3097 1105 δυνηθῶμεν
3133 1027 3511 1100 παρακαλέσαι
3560 1026 3653 1112 τόν

2069 1111 2326 1195 δικαστὴν
2377 1123 2483 1193 πρὸ
2533 1121 2634 1191 τῆς
2668 1119 2863 1190 κυρίας
2894 1119 3112 1186 ἀφεῖναι
3137 1116 3271 1184 ἡμῖν
3299 1113 3366 1195 τά
3397 1111 3647 1195 ἁμαρτήξ

2073 1227 2238 1281 ματα,
2272 1191 2391 1262 οὐδὲ
2411 1191 2616 1260 εἰσόδου
2649 1204 2808 1276 χρεία
2835 1201 3022 1256 λοιπόν
3044 1214 3056 1228 ’
3091 1199 3281 1268 ὥσπερ
3309 1191 3402 1249 οὖν
3447 1195 3540 1281 ἐὰν
3574 1193 3654 1264 μὴ

2070 1277 2228 1345 τοῦτο
2282 1291 2528 1362 γένηται,
2586 1287 2821 1359 δημοσίᾳ
2870 1285 2970 1354 τῆς
3017 1281 3340 1350 οἰκουμένης
3371 1277 3652 1362 παρούσης

2072 1375 2228 1446 ἡμῶν
2256 1360 2548 1430 ἀκούσεται
2575 1372 2618 1404 ⁵⁸
2643 1412 2657 1437 ,
2698 1371 2792 1424 καὶ
2844 1368 3066 1439 οὐδεμία
3119 1367 3247 1437 ἡμῖν
3280 1365 3431 1416 ἔσται
3467 1360 3650 1415 λοιπὸν

2073 1444 2398 1528 συγγνώμης
2425 1457 2602 1519 ἐλπίς,
2629 1455 2817 1516 Οὐδεὶς
2843 1453 2952 1524 γὰρ
2974 1451 3081 1505 τῶν
3110 1448 3345 1502 ἐνταῦθα
3375 1447 3448 1519 μὴ
3467 1444 3651 1498 διαλυ-

2072 1544 2322 1613 σαμένων
2353 1541 2400 1571 "
2423 1542 2490 1593 τὰ
2517 1541 2912 1610 ἁμαρτήματα,
2934 1535 3182 1591 ἀπελθὼν
3215 1536 3331 1587 ἐκεῖ
3362 1532 3668 1608 δυνήσεται*

2068 1609 2167 1688 τάς
2208 1624 2301 1676 ἐπὶ
2347 1623 2558 1686 τούτοις
2588 1609 2816 1686 εὐθύνας
2869 1621 3151 1689 διαφυγεῖν
3173 1637 3184 1650 ·
3235 1617 3347 1672 ἀλλ’
3379 1616 3567 1685 ὥσπερ
3598 1609 3710 1666 οἱΧ

2070 1708 2178 1760 ἀπὸ
2221 1708 2328 1760 τῶν
2376 1706 2764 1777 δεσμωτηρίων
2821 1705 3024 1758 τούτων
3065 1702 3202 1775 μετὰ
3247 1701 3352 1754 τῶν
3406 1697 3650 1752 ἁλύσεων

2071 1790 2436 1861 προσάγονται
2489 1789 2569 1851 είς
2609 1789 2670 1841 τὺ
2702 1788 3068 1858 δικαστήριον,
3123 1785 3294 1847 οὓτως
3321 1784 3374 1836 αἱ
3407 1781 3454 1813 ’⁸⁵
3480 1779 3650 1850 ψυχαὶ

2071 1875 2265 1936 πᾶσαι,
2290 1873 2416 1926 ὅταν
2443 1872 2691 1926 ἐντεῦθεν
2726 1871 3020 1934 ἀπέλθωσι,
3076 1870 3170 1934 τάς
3218 1867 3464 1928 ποικίλας
3495 1880 3650 1931 περι-

2069 1956 2311 2026 κείμενοι
2347 1956 2533 2026 σειράς
2591 1956 2700 2009 τῶν
2761 1955 3195 2026 ἁμαρτημάτων,
3249 1951 3341 2004 ἐπὶ
3388 1949 3448 2001 τὸ
3496 1946 3649 2017 βῆμα

2068 2041 2292 2107 ἄγονται
2344 2041 2406 2094 τὸ
2462 2041 2711 2112 φοϐερόν.
2762 2041 2872 2093 Καὶ
2926 2039 3032 2108 γὰρ
3073 2033 3444 2106 δεσμωτηρίου
3497 2030 3647 2084 οὐδὲν

2069 2123 2289 2192 ἄμεινον
2318 2124 2346 2175 ό
2378 2123 2566 2194 παρὼν
2603 2123 2714 2193 βίος
2744 2123 3014 2176 διάκειται
3037 2137 3053 2152 ’
3093 2119 3204 2172 ἀλλ’
3240 2118 3427 2187 ὥσπερ
3469 2117 3549 2181 εἰς
3587 2115 3650 2166 τὸ

2069 2206 2275 2275 οἴκημα
2323 2206 2652 2270 εἰσελθόντες
2685 2208 2880 2269 ἐκεῖνο,
2925 2205 3130 2266 πάντας
3171 2201 3386 2273 ὁρῶμεν
3429 2198 3646 2260 ἁλύσεις

2069 2289 2503 2359 περικειμένους
2529 2289 2670 2342 οὕτω
2711 2289 2805 2342 καὶ
2851 2287 2963 2352 νῦν,
2997 2286 3064 2340 ἂν
3089 2287 3185 2356 τῆς
3212 2284 3508 2354 φαντασίας
3546 2281 3647 2351 τῆς

2068 2371 2265 2435 ἔξωθεν
2311 2373 2534 2436 ἑαυτοὺς
2571 2374 2997 2443 ἀποστήσαντες,
3047 2371 3126 2433 είς
3155 2369 3245 2421 τὸν
3270 2368 3500 2422 ἑκάστου
3534 2365 3647 2434 βίον

2069 2454 2417 2523 εἰσέλθωμεν,
2440 2457 2518 2518 εἰς
2542 2456 2640 2526 τὴν
2673 2457 2904 2509 ἑκάστου
2931 2453 3130 2524 ψυχὴν,
3160 2449 3402 2521 ὀψόμεθα
3427 2449 3646 2520 σιδήρου

2070 2537 2425 2608 χαλεπώτερα
2455 2539 2628 2608 δεσμὰ
2652 2538 3042 2610 περικειμένην
3062 2554 3074 2567 ·
3105 2539 3198 2590 καὶ
3221 2535 3454 2605 μάλιστα
3478 2533 3542 2586 ἀν
3564 2533 3644 2594 εἰς

2067 2621 2167 2684 τὰς
2190 2621 2298 2675 τῶν
2336 2622 2708 2677 πλουτούντων
2762 2622 3008 2692 εἰσέλθῃς
3049 2620 3225 2690 ψυχάς
3245 2635 3260 2650 '
3295 2619 3404 2689 ὅσῳ
3436 2616 3543 2688 γὰρ
3575 2614 3643 2668 ἂν

2071 2705 2288 2759 πλείονα
2335 2699 2436 2759 ὦσι
2488 2705 2964 2778 περιϐεϐλημένοι,
3015 2703 3253 2774 τοσούτῳ
3291 2701 3488 2773 μᾶλλόν
3534 2701 3642 2753 είσι

2068 2787 2362 2858 δεδεμένοι.
2399 2790 2606 2860 Ὠσπερ
2629 2785 2720 2842 οὖν
2746 2789 2838 2841 τὸν
2853 2786 3136 2858 δεσμώτην
3163 2785 3383 2839 ἐπειδὰν
3411 2785 3526 2857 ῐδῃς
3548 2782 3644 2836 καί¹

2068 2873 2162 2926 ἐπὶ
2201 2871 2295 2924 τοῦ
2325 2871 2495 2926 νώτου
2524 2873 2592 2937 ⁸³,
2631 2873 2724 2927 καὶ
2756 2873 2981 2925 ἐπὶτῶν
3019 2872 3240 2944 χειρῶν,
3282 2869 3540 2931 πολλάκις
3582 2865 3642 2920 δὲ

2067 2955 2160 3009 καὶ
2181 2955 2275 3008 ἐπὶ
2301 2954 2409 3009 τῶν
2439 2955 2615 3008 ποδῶν
2640 2955 3090 3026 σεσιδηρωμένον,
3113 2956 3201 3008 διὰ
3227 2953 3386 3007 τοῦτο
3409 2951 3642 3022 μάλιστα

2065 3039 2373 3104 ταλανίζεις
2393 3057 2404 3069 ·
2440 3039 2583 3094 οὕτω
2616 3041 2711 3094 καὶ
2741 3040 2833 3094 τὸν
2866 3039 3140 3103 πλούσιον,
3176 3040 3305 3094 ὅταν
3337 3037 3506 3108 θεάσῃ
3542 3052 3643 3107 μυ-

2069 3122 2160 3194 ρία
2187 3121 2650 3193 περιϐεϐλημένον
2685 3124 2984 3194 πράγματα
3006 3162 3022 3187 ,
3060 3123 3133 3194 μὴ
3163 3122 3252 3175 διὰ
3275 3120 3446 3174 ταῦτα
3475 3118 3642 3172 πλού-

2069 3222 2204 3270 σιον,
2235 3205 2370 3259 ἀλλὰ
2389 3205 2455 3258 δι’
2477 3207 2612 3258 αύτά
2641 3206 2737 3277 μὲν
2757 3203 2850 3260 οὖν
2871 3206 3044 3259 ταῦτα
3063 3206 3245 3260 ἄθλιον
3265 3200 3406 3258 εἶναι
3432 3202 3638 3273 νόμιζεο

2068 3289 2208 3361 μετὰ
2239 3289 2346 3360 γὰρ
2373 3289 2482 3342 τῶν
2515 3288 2728 3359 δεσμῶν
2760 3289 2962 3342 τούτων
2989 3290 3082 3342 καὶ
3111 3287 3494 3360 δεσμοφύλακα
3529 3279 3668 3356 ἔχεί

2066 3374 2318 3446 χαλεπὸν,
2343 3373 2432 3427 τὸν
2468 3372 2703 3444 πονηρὸν
2737 3373 2912 3444 ἔρωτα
2943 3373 3051 3426 τῶν
3077 3375 3371 3452 χρημάτων
3392 3391 3405 3403 ·
3453 3372 3508 3434 ὃς
3542 3373 3643 3424 οὐκ
3677 3377 3682 3432 τ’

2066 3459 2289 3528 ἀφίησιν
2308 3457 2606 3530 ὑπερϐῆναι
2621 3457 2778 3510 τοῦτο
2798 3457 2856 3510 τὸ
2871 3458 3257 3529 δεσμωτήριον,
3283 3456 3419 3510 ἀλλὰ
3440 3455 3640 3526 μυρίας
3681 3455 3683 3458 ⁴

2066 3541 2214 3610 αὐτῷ
2253 3540 2648 3605 κατασκευάζει
2703 3540 2869 3604 πέδας
2914 3541 3010 3594 καὶ
3052 3540 3297 3610 φύλακας
3346 3541 3437 3594 καὶ
3473 3541 3642 3612 θύρας

2065 3626 2159 3678 καὶ
2192 3624 2440 3694 μοχλοὺς,
2479 3625 2573 3678 καὶ
2598 3627 2676 3687 εἰς
2720 3625 2818 3695 τὴν
2856 3624 3138 3694 ἐνδοτέραν
3181 3625 3342 3678 αὐτὸν
3386 3623 3640 3694 ἐμϐαλὼν

2066 3710 2332 3781 φυλακὴν,
2363 3708 2537 3762 πείθει
2559 3710 2653 3762 καὶ
2680 3708 2905 3779 ἥδεσθαι
2931 3711 3043 3772 τοῖς
3064 3710 3282 3778 δεσμοῖς
3303 3707 3531 3772 τούτοις,
3555 3708 3644 3761 ἵνα

2068 3793 2203 3864 μηδέ
2225 3791 2414 3846 ἐλπίδα
2448 3791 2598 3864 [184]
2630 3791 2751 3844 τινά
2784 3791 3104 3861 ἀπαλλαγῆς
3133 3791 3266 3862 εὕρῃ
3298 3792 3406 3843 τῶν
3429 3793 3642 3844 ἐπικει-

2069 3877 2244 3946 μένων
2277 3874 2483 3931 κακῶν.
2512 3875 2630 3928 Κᾶν
2664 3873 3020 3946 ἀποκαλύψῃς
3040 3874 3118 3944 τῷ
3148 3874 3392 3945 λογισμῷ
3419 3875 3517 3944 τὴν
3545 3869 3660 3944 ψυῖ

2066 3959 2166 4029 χὴν
2187 3957 2417 4021 ἐκείνου,
2445 3956 2506 4009 οὐ
2533 3955 2822 4028 δεδεμένην
2841 3957 3024 4028 μόνον,
3053 3957 3188 4010 ἀλλὰ
3219 3959 3311 4010 καὶ
3340 3957 3647 4027 αὐχμῶσαν

2065 4042 2160 4095 καὶ
2191 4042 2450 4111 ῥυπῶσαν
2487 4041 2581 4093 καὶ
2609 4041 2844 4112 φθειρῶν
2873 4042 3144 4112 γέμουσαν
3170 4041 3312 4111 ἆψει.
3341 4041 3503 4094 Οὐδὲν
3533 4043 3643 4111 γὰρ

2066 4125 2288 4178 ἐκείνων
2341 4123 2593 4194 ἀμείνους
2645 4124 2701 4177 αἱ
2744 4125 2845 4194 τῆς
2891 4126 3100 4196 τρυφῆς
3145 4125 3348 4196 ήδοναί,
3379 4123 3513 4177 ἀλλὰ
3543 4124 3639 4175 καὶ

2069 4205 2367 4278 βδελυρώτε
2377 4223 2486 4277 ραι,
2502 4207 2597 4259 καὶ
2625 4207 2825 4277 μᾶλλον
2841 4207 2903 4260 τὸ
2922 4207 3080 4277 σῶμα
3102 4207 3280 4261 αὐτῶν
3297 4206 3341 4238 ’⁸⁸
3361 4206 3424 4258 λυ
3431 4205 3642 4275 μαίνον-

2063 4306 2151 4342 ται
2190 4289 2327 4358 μετά
2361 4290 2458 4342 καὶ
2479 4292 2578 4361 τῆς
2601 4289 2802 4361 ψυχῆς,
2839 4293 2932 4344 καὶ
2964 4289 3137 4361 τούτῳ
3174 4289 3401 4361 κάκείνῃ
3437 4289 3639 4360 μυρίας

2065 4373 2386 4443 ἐπιφέρουσι
2408 4372 2451 4404 ⁸⁷
2471 4374 2795 4444 νοσημάτων
2814 4374 3047 4444 πληγάς.
3068 4375 3164 4427 Διὰ
3181 4372 3246 4444 δὴ
3267 4372 3438 4427 ταῦτα
3465 4375 3639 4426 πάντα

2063 4454 2154 4508 τὸν
2189 4457 2481 4527 Λυτρωτήν
2508 4457 2614 4509 τῶν
2646 4456 2833 4527 ψυχῶν
2858 4457 2965 4511 τῶν
3002 4460 3284 4530 ἡμετέρων
3326 4456 3640 4528 παρακαλέ-

2067 4555 2272 4608 σωμεν,
2301 4539 2388 4591 ἴνα
2415 4539 2595 4593 καὶτὰ
2625 4539 2800 4610 δεσμά
2834 4541 3119 4615 διαρῤήξῃ,
3155 4541 3247 4595 καὶ
3282 4541 3372 4594 τὸν
3405 4541 3640 4612 χαλεπόν

2067 4620 2222 4692 ήμῶν
2249 4621 2438 4675 τοῦτον
2475 4624 2758 4696 ἀποστήσῃ
2788 4624 3022 4694 φύλακα,
3051 4625 3259 4679 καὶτοῦ
3282 4627 3501 4698 φορτίου
3530 4625 3640 4680 τῶν

2071 4703 2302 4776 σιδηρῶν
2332 4705 2555 4760 ἐκείνων
2592 4707 2834 4761 ἁλύσεων
2851 4708 3182 4775 ἀπαλλάξας,
3213 4709 3413 4781 πτεροῦ
3439 4709 3638 4780 κουφό-

2067 4803 2222 4859 τερον
2254 4789 2382 4857 ἡμῖν
2408 4789 2610 4860 ποιήσῃ
2624 4790 2684 4842 τὸ
2697 4792 2971 4863 φρόνημα.
2993 4792 3443 4863 Παρακαλοῦντες
3466 4793 3523 4846 δὲ
3549 4794 3638 4846 αὐ-

2067 4871 2178 4935 τὸν,
2205 4870 2300 4923 καὶ
2327 4870 2398 4923 τὰ
2423 4875 2555 4944 παρ’
2577 4873 2783 4926 ἐαυτῶν
2819 4875 3242 4946 εἰσενέγκωμεν,
3285 4875 3518 4946 σπουδὴν
3545 4878 3640 4930 καὶ

2066 4953 2289 5025 γνώμην
2318 4955 2413 5008 καὶ
2460 4955 2769 5026 προθυμίαν
2821 4958 3053 5028 ἀγαθήν.
3083 4959 3239 5013 Οὐτω
3271 4959 3376 5030 γάρ
3419 4959 3641 5028 δυνησό-

2071 5037 2208 5106 μεθα
2253 5039 2344 5090 καὶ
2379 5039 2435 5090 ἐν
2467 5037 2661 5108 βραχεῖ
2714 5038 2890 5112 καιρῷ
2944 5040 3052 5094 τῶν
3109 5043 3446 5112 κατεχόντων
3495 5043 3641 5114 ἡμᾶς

2067 5119 2443 5190 ἀπαλλαγῆναι
2483 5122 2689 5184 κακῶν,
2725 5123 2820 5174 καὶ
2853 5123 3042 5192 μαθεῖν
3067 5126 3124 5176 ἐν
3151 5123 3233 5187 οἷς
3254 5121 3394 5194 ἦμεν
3423 5124 3483 5177 τὸ
3506 5127 3641 5194 πρό-

2067 5220 2244 5274 τερον,
2264 5203 2470 5272 καὶτῆς
2497 5205 2879 5275 προσηκούσης
2903 5205 3282 5260 ἀντιλαϐέσθαι
3308 5207 3639 5278 ἐλευθερίας·

2066 5281 2135 5357 ἧς
2162 5287 2369 5355 γένοιτο
2393 5286 2596 5350 πάντας
2626 5289 2772 5358 ἡμᾶς
2801 5292 3096 5359 ἐπιτυχεῖν,
3120 5291 3300 5362 χάριτι
3329 5293 3424 5344 καὶ
3457 5292 3639 5360 φιλαν-

2069 5368 2284 5438 θρωπίᾳ
2316 5368 2410 5422 τοῦ
2445 5369 2650 5441 Κυρίου
2670 5369 2827 5441 ήμῶν
2867 5373 3040 5443 Ἰησοῦ
3073 5373 3333 5445 Χριστοῦ,
3368 5370 3412 5442 ᾧ
3449 5378 3482 5444 ή
3517 5375 3640 5440 δόξα

2071 5454 2162 5504 καὶ
2186 5452 2246 5504 τὸ
2285 5455 2482 5523 κράτος
2508 5455 2588 5516 εἰς
2615 5455 2740 5518 τούς
2767 5455 2966 5518 αἰῶνας
2989 5456 3097 5508 τῶν
3126 5457 3357 5511 αἰώνων.
3416 5459 3608 5526 Ἀμήν.

453 5671 500 5702 ³⁸
546 5670 749 5754 κατίδοι
765 5669 922 5793 hmo:
975 5669 1108 5726 Edd.
1142 5670 1184 5702 "
1209 5669 1304 5725 καὶ
1338 5669 1802 5793 παρακαλέσωμεν
1840 5667 1900 5721 D.
1933 5668 1966 5722 E

477 5739 640 5793 τιθεις
673 5739 731 5792 Β.
829 5779 840 5792 .
873 5740 1040 5793 τιθείς
1086 5745 1150 5793 Λ.
1192 5740 1252 5793 F.
1332 5741 1374 5772 “
1408 5740 1530 5793 κάν]
1571 5741 1664 5793 καί
1747 5777 1760 5791 .
1811 5739 1870 5792 Β.
1896 5739 1958 5793 C.

2070 5683 2117 5721 e.
2202 5666 2247 5698 ³⁸
2276 5665 2408 5739 τῶν]
2433 5668 2573 5741 ὑπὲρ
2620 5669 2727 5723 τῶν
2755 5668 2816 5724 D.
2854 5670 2913 5724 Ε.
2951 5670 3011 5724 F.
3092 5671 3136 5703 "
3169 5672 3222 5726 M
3263 5671 3332 5743 δ’]
3369 5671 3458 5740 Μή
3489 5672 3551 5722 Α.
3577 5671 3634 5724 Β.

2068 5739 2078 5766 '
2121 5736 2276 5793 ἡμῶν
2316 5737 2630 5793 ἀκούσεται]
2667 5740 2760 5793 Sic
2791 5741 2853 5793 D.
2889 5741 3044 5793 ἡμῶν
3081 5690 3487 5793 εἰσανῖθιξσεται.
3518 5741 3634 5793 sine

396 5745 440 5774 ⁵ο
477 5739 640 5800 τιθεῖς
673 5739 731 5792 Β.

394 5817 621 5870 Exacto;
655 5809 716 5862 ί).

399 5883 462 5940 1".
517 5879 561 5910 ⁵⁷
590 5879 928 5951 ἐπιφέρουσι]
947 5878 1296 5951 ἐπεισάγουσι
1321 5880 1381 5935 D.
1415 5879 1474 5935 Ε.
1503 5878 1562 5935 ιτ.

818 5755 840 5792 ι.
873 5740 1040 5804 τιθείς
1086 5745 1150 5794 Λ.
1192 5740 1252 5795 F.
1332 5741 1374 5772 ⁸¹
1408 5736 1530 5812 κᾶν]
1571 5741 1664 5793 καί
1694 5736 1760 5794 Ᾱ.
1811 5739 1870 5792 Β.
1896 5739 1958 5793 C.
2034 5738 2078 5768 δ’
2121 5736 2276 5808 ἡμῶν
2316 5736 2631 5810 ἀκούσεται]
2667 5740 2760 5795 Sic
2791 5741 2853 5794 D.
2889 5741 3044 5826 ήμῶν
3081 5742 3203 5796 εἱσα

818 5810 942 5840 ιρι..
984 5810 1020 5840 Ω
1081 5813 1241 5840 ...ιιηη
1270 5811 1656 5840 mnu-1...“.--
1716 5810 1757 5840 ιι
1787 5809 1866 5840 -n
1899 5808 1983 5840 ...Α
2024 5808 2076 5840 ..ι
2114 5806 2151 5840 1.·
2246 5808 2289 5840 ιι
2319 5808 2510 5840 ...τυ--..1
2534 5810 2796 5840 “mum-..
2821 5810 2857 5840 ι’
2912 5813 2929 5840 ι
2960 5827 2988 5840 ,ι
3039 5812 3143 5840 αι...

794 5810 944 5882 "Sig:
982 5810 1042 5864 F.
1081 5813 1243 5880 vulgo
1268 5806 1677 5882 διαλυσάμενος.
1716 5810 1757 5840 ⁸³
1787 5809 1867 5879 αἱ]
1899 5826 1966 5864 κα

2068 5808 2079 5860 ἰ
2112 5806 2174 5863 Ε.
2246 5808 2289 5840 ⁸⁸
2319 5808 2510 5882 νώτου]
2534 5806 2797 5882 τράχηλου
2819 5810 2876 5866 Ε.
2909 5806 3008 5867 Cc.
3039 5812 3161 5867 Sav.

3277 5741 3487 5811 ήσεται,
3518 5741 3634 5795 sine

3250 5813 3269 5843 ⁶
3287 5810 3489 5882 αὐτῶν]
3510 5810 3642 5865 αὐτὸ
