4076 6150
386 292 485 352 2‘2!

392 412 516 469 alibi
542 411 717 484 quivis
741 409 843 467 hoc
874 410 1045 482 ipsum
1078 411 1273 468 videat.
1303 410 1574 466 Tollamus
1608 411 1783 482 itaque
1812 408 1979 466 malo-

390 519 509 559 rum
540 503 764 569 fontem,
787 512 844 559 et
864 503 1167 558 morborum
1198 502 1393 559 ﬂuenta
1419 504 1597 559 statim
1618 503 1974 558 siccabuntur.

391 597 506 653 Non
538 597 799 669 paralysis
823 597 993 652 solum
1022 598 1216 651 malum
1241 605 1340 663 est,
1366 596 1459 651 sed
1485 597 1645 651 etiam
1670 606 1974 666 peccatum;

392 688 499 742 imo
525 688 627 745 hoc
653 689 827 759 majus
851 705 1010 761 quam
1042 688 1191 754 illud,
1219 699 1418 759 quanto
1442 688 1643 743 scilicet
1668 688 1843 741 anima
1866 701 1979 742 me-

388 779 487 834 lior
513 789 596 836 est
622 794 862 852 corpore.
910 782 1240 837 Accedamus
1267 780 1425 851 igitur
1446 791 1499 835 et
1526 796 1665 834 nunc
1685 779 1751 833 ad
1779 779 1972 848 ipsum,

396 888 643 942 rogemus
672 883 729 928 ut
759 874 1045 928 resolutam
1083 874 1315 928 animam
1347 882 1581 927 nostram
1612 872 1972 941 constringat,

392 972 446 1017 et
474 963 819 1019 szecularibus
854 965 1031 1018 missis
1060 965 1306 1019 omnibus
1329 1005 1345 1028 ,
1378 963 1731 1032 spiritualium
1771 972 1974 1017 tantum

397 1055 657 1109 rationem
692 1054 1000 1110 habeamus.
1029 1054 1082 1110 Si
1112 1071 1237 1110 vero
1265 1055 1379 1110 bare
1404 1054 1679 1119 obtineas,
1708 1055 1795 1108 illa
1823 1068 1977 1108 cures

396 1156 597 1213 postea.
629 1146 739 1203 Nec
766 1149 888 1218 quia
921 1148 973 1202 in
1004 1148 1275 1218 peccando
1304 1163 1408 1203 non
1435 1148 1608 1212 doles,
1642 1148 1762 1204 ideo
1789 1158 1975 1202 conle-

395 1252 569 1305 mnas,
600 1238 694 1294 sed
723 1249 998 1309 propterea
1028 1242 1259 1296 maxime
1285 1241 1591 1311 ingemisce,
1619 1243 1742 1311 quia
1768 1241 1973 1297 nullum

396 1328 561 1384 babes
595 1328 662 1385 de
707 1331 937 1400 peccatis
971 1330 1233 1387 dolorem.
1265 1332 1395 1387 Illud
1436 1349 1562 1387 vero
1600 1334 1724 1388 inde
1761 1335 1971 1397 evenit,

395 1434 500 1473 non
528 1420 669 1490 quod
702 1430 977 1490 peccatum
1017 1437 1123 1477 non
1162 1423 1434 1488 mordeat,
1474 1424 1567 1478 sed
1610 1424 1750 1493 quod
1797 1424 1973 1479 anima

396 1510 683 1567 sceleribus
712 1522 920 1569 assueta
974 1529 1190 1569 sensum
1237 1528 1342 1569 non
1379 1513 1591 1570 habeat.
1622 1515 1804 1585 Cogita
1846 1530 1975 1583 ergo

396 1600 514 1655 illos
540 1602 629 1672 qui
661 1604 870 1673 propria
897 1615 1109 1674 peccata
1144 1605 1396 1671 sentiunt,
1429 1604 1695 1675 quomodo
1728 1605 1973 1660 acerbius

393 1692 595 1761 ejulent
618 1709 776 1764 quam
807 1695 839 1748 ii
867 1696 957 1766 qui
996 1706 1245 1751 secantur
1270 1697 1353 1752 vel
1382 1705 1638 1761 urttntur,
1669 1705 1974 1766 quantaque

395 1783 677 1849 patiantur,
707 1795 962 1855 quantum
990 1786 1204 1857 lugeant
1228 1796 1281 1842 et
1309 1787 1675 1857 ingemiscant,
1700 1798 1806 1842 uta
1833 1788 1969 1841 mala

391 1875 717 1930 conscientia
744 1877 1055 1944 liberentur,
1082 1877 1222 1947 quod
1253 1892 1539 1948 numquam
1566 1878 1799 1934 facerent
1822 1922 1836 1947 ,
1869 1879 1971 1933 nisi

391 1964 570 2020 animo
593 1965 878 2023 admodum
907 1968 1168 2027 dolerent.

460 2057 515 2111 ι.
539 2056 756 2111 Peccata
771 2061 953 2115 sentire
977 2072 1024 2115 et
1050 2062 1301 2131 corrigere
1318 2079 1513 2118 necesse
1536 2072 1628 2117 est.
1651 2062 1772 2117 Non
1799 2063 1970 2116 dolere

390 2148 453 2202 de
478 2161 678 2218 peccato
699 2154 859 2223 magis
886 2154 1054 2208 irritat
1079 2154 1267 2220 Deum,
1300 2172 1454 2225 quam
1482 2156 1650 2225 ipsum
1683 2166 1965 2225 peccatum.

390 2241 586 2295 Anim
610 2245 901 2313 peccatricis
926 2245 1239 2314 deformitas.
1290 2276 1361 2286 —
1389 2246 1583 2317 Utique
1613 2247 1801 2302 melius
1829 2258 1972 2303 esset

389 2349 677 2403 numquam
705 2352 956 2407 peccare;
981 2339 1121 2409 quod
1143 2340 1384 2409 sequitur
1412 2349 1588 2393 autem
1618 2350 1720 2404 est,
1752 2352 1968 2410 peccata

387 2427 587 2481 sentire
608 2436 662 2482 et
691 2429 978 2498 corrigere.
1013 2427 1068 2484 Si
1111 2446 1238 2485 vero
1284 2430 1335 2484 id
1368 2447 1472 2485 non
1504 2431 1792 2485 habeamus
1815 2473 1828 2496 ,
1860 2445 1967 2501 quo

388 2528 542 2585 pacto
567 2518 676 2574 Deo
703 2522 1122 2592 supplicabimus
1147 2532 1203 2578 et
1232 2533 1568 2592 peccatorum
1597 2526 1965 2581 remissionem

390 2608 792 2676 postulahimus,
822 2612 908 2681 qui
932 2611 1120 2667 horum
1152 2613 1351 2668 nullam
1384 2615 1642 2676 rationem
1668 2616 1968 2671 habemus?

385 2697 520 2753 Cum
546 2700 688 2756 enim
719 2710 772 2757 tu
799 2703 914 2773 ipse
950 2705 1039 2773 qui
1081 2706 1339 2775 praeusti,
1372 2720 1441 2761 ne
1485 2706 1711 2776 idipsum
1751 2707 1966 2778 quidem

386 2788 526 2857 quod
554 2793 857 2860 peccaveris
873 2794 1011 2849 scire
1032 2795 1181 2863 velis,
1206 2811 1302 2865 pro
1326 2796 1518 2867 quibus
1540 2798 1769 2867 peccatis
1800 2800 1966 2855 Deum

387 2878 596 2947 rogabis
616 2920 632 2945 ,
665 2896 784 2952 qua:
829 2898 897 2939 ne
922 2884 1136 2954 quidem
1168 2887 1349 2941 nosti?
1378 2896 1430 2942 et
1455 2889 1722 2958 quomodo
1749 2891 1966 2947 noveris

390 2969 634 3029 beneﬁcii
663 2975 1128 3045 magnitudinem?
1156 2979 1249 3034 Dic
1277 2980 1454 3050 itaque
1484 2991 1699 3050 peccata
1728 2992 1815 3037 tua
1845 2999 1963 3053 spe-

384 3062 564 3118 ciatim
588 3106 604 3133 ,
652 3075 709 3121 ut
747 3067 922 3124 discas
950 3085 1299 3140 quarumnam
1329 3073 1701 3130 remissionem
1732 3076 1963 3145 accipis,

392 3165 449 3206 ut
474 3153 547 3208 ita
571 3171 695 3226 erga
718 3157 1016 3215 beneﬁcum
1051 3170 1233 3231 gratus
1263 3162 1359 3217 sis.
1382 3162 1461 3217 Tu
1488 3179 1617 3218 vero
1644 3179 1764 3219 eum
1802 3166 1967 3222 homi-

393 3258 516 3298 nem
536 3244 860 3315 oﬁenderis,
891 3250 1128 3317 amicos,
1160 3252 1365 3309 vicinos
1394 3263 1448 3308 et
1474 3255 1726 3310 ostiarius
1772 3272 1929 3327 rogas
1948 3299 1963 3323 ,

388 3337 639 3403 pecunias
678 3341 957 3409 expendis,
987 3342 1288 3412 multosque
1316 3344 1432 3399 dies
1461 3345 1683 3400 insumis
1728 3348 1778 3401 in
1809 3364 1967 3405 acce-

384 3424 561 3481 deudo
584 3438 638 3484 et
662 3432 1031 3501 supplicando,
1061 3435 1269 3490 etiamsi
1296 3437 1482 3499 semel,
1515 3438 1616 3503 bis,
1643 3440 1967 3495 sexcenties-

385 3532 489 3587 que
517 3519 583 3573 ab
621 3520 826 3576 oﬁ‘enso
869 3523 1135 3592 repulsam
1166 3525 1347 3580 tuleris
1370 3567 1384 3590 ,
1412 3542 1515 3581 non
1551 3530 1789 3584 concidis
1809 3573 1824 3596 ,
1871 3532 1966 3585 sed

386 3609 554 3679 magis
594 3611 888 3679 sollicitus,
920 3616 1335 3685 supplicationes
1360 3618 1592 3689 adauges
1624 3639 1637 3674 :
1670 3636 1791 3689 cum
1835 3637 1967 3677 vero

387 3700 751 3757 universorum
774 3704 910 3760 Deus
927 3705 1159 3762 oﬂ‘ensus
1179 3718 1283 3775 est,
1305 3711 1611 3775 oscitamus,
1628 3714 1962 3785 negligimus,

384 3788 717 3859 deliciamur,
744 3795 1085 3864 inebriamur,
1114 3811 1167 3854 et
1198 3816 1295 3870 pro
1323 3802 1480 3856 solito
1506 3818 1654 3877 more
1678 3806 1853 3859 omnia
1886 3806 1963 3860 fa-

385 3881 557 3936 cimus
584 3904 597 3937 :
626 3894 680 3939 et
699 3885 1035 3955 quandonam
1058 3889 1205 3944 illum
1232 3890 1446 3961 placare
1472 3895 1767 3962 poterimus
1786 3897 1809 3950 ?
1828 3912 1965 3965 quo-

387 3972 546 4028 modo
567 3991 671 4029 non
694 3991 761 4032 eo
789 3980 903 4047 Ipso
924 3979 1082 4036 modo
1104 3982 1271 4052 magis
1300 3983 1565 4039 irritemus
1592 3986 1615 4039 ?
1643 3986 1758 4042 Non
1782 3988 1968 4044 dolere

387 4066 529 4121 enim
554 4068 623 4124 de
644 4082 865 4139 peccato
904 4075 1071 4144 magis
1096 4075 1164 4129 ad
1194 4076 1606 4146 indignationem
1635 4091 1688 4135 et
1717 4081 1849 4135 iram
1883 4083 1964 4151 ip-

386 4171 503 4210 sum
528 4171 808 4228 provocat,
836 4178 992 4232 quam
1025 4164 1196 4234 ipsum
1226 4175 1523 4233 peccatum.
1551 4169 1884 4240 Quapropter
1913 4173 1964 4225 in

387 4246 555 4315 ipsam
598 4259 792 4305 terram
836 4267 958 4309 sese
985 4254 1275 4311 detrudere
1320 4265 1612 4326 oporteret,
1660 4275 1761 4314 nec
1797 4264 1964 4317 solem

386 4338 642 4409 aspicere,
670 4342 757 4398 vel
777 4344 1285 4415 respirare,quando
1314 4355 1419 4401 tam
1449 4347 1761 4416 placabilem
1786 4351 1965 4406 Domi-

387 4443 512 4483 num
542 4430 818 4499 habentes,
848 4433 998 4489 illum
1020 4434 1312 4502 irritamus,
1336 4445 1391 4493 et
1418 4438 1687 4495 irritantes
1709 4456 1812 4495 non
1844 4458 1962 4512 pm-

388 4523 664 4579 nitentiam
689 4526 895 4596 agimus
925 4545 939 4581 :
971 4527 1182 4583 etiamsi
1206 4529 1294 4585 ille
1322 4544 1493 4600 neque
1518 4545 1639 4585 cum
1667 4531 1832 4587 iratus
1860 4545 1960 4598 est,

386 4630 483 4669 nos
506 4614 629 4669 odio
655 4615 845 4672 habeat
875 4618 957 4673 vel
1000 4630 1298 4686 aversetur,
1328 4620 1422 4675 sed
1453 4620 1617 4675 iratus
1655 4621 1755 4688 sit,
1783 4631 1842 4677 ut
1868 4640 1965 4679 nos

382 4704 461 4760 vel
488 4705 564 4760 sic
593 4706 659 4761 ad
682 4720 740 4759 se
762 4707 1054 4776 pertrahat.
1071 4708 1201 4763 Nam
1222 4711 1267 4765 si
1292 4710 1376 4765 vel
1402 4714 1719 4767 contumelia
1747 4714 1967 4771 aﬂ'ectus

384 4804 646 4864 perpetuo
670 4795 922 4853 beneﬁcia
963 4800 1257 4866 conferret,
1296 4802 1468 4871 ipsum
1498 4805 1666 4873 magis
1711 4803 1964 4873 despice-

385 4902 492 4942 res.
520 4884 599 4942 Ne
622 4892 802 4942 autem
829 4887 883 4943 id
924 4891 1152 4957 eveniat,
1182 4891 1249 4947 ad
1292 4902 1498 4963 tempus
1527 4895 1722 4949 avertit
1744 4894 1928 4950 faciem
1946 4938 1962 4962 ,

383 4989 441 5033 ut
464 4988 516 5037 te
567 4993 781 5050 semper
822 4993 1002 5035 secum
1048 4981 1257 5039 haheat.
1286 4985 1414 5055 Ejus
1444 4985 1619 5057 itaque
1650 4986 1965 5057 benignitati

385 5069 634 5139 ﬁdamus,
661 5078 716 5127 et
753 5071 1115 5141 pmoitentiam
1141 5074 1365 5131 sollicite
1390 5076 1764 5142 exhibeamus,
1791 5077 1965 5147 prius-

386 5176 543 5233 quam
589 5160 704 5219 dies
743 5161 834 5219 ille
862 5162 1061 5231 veniat,
1088 5163 1140 5219 in
1170 5180 1275 5235 quo
1304 5166 1436 5221 nihil
1465 5168 1616 5223 nobis
1653 5168 1963 5239 poenitentia

1529 295 1593 353 IN
1630 276 2035 355 Murmura
2075 294 2297 357 nomn
2344 300 2481 358 xw.

3557 288 3660 325 οειο

3562 324 3660 343 ἀει-ἀι

2085 413 2338 481 proderit.
2364 415 2516 470 Nunc
2552 416 2694 471 enim
2738 416 2790 471 in
2818 416 2974 471 nobis
3003 426 3108 473 tota
3141 434 3228 475 res
3258 422 3356 476 sita
3388 430 3470 477 est
3496 438 3511 478 ;
3542 430 3666 476 tunc

2083 518 2211 557 vero
2232 502 2401 561 Judex
2440 506 2586 561 solus
2611 507 2712 562 erit
2746 507 2931 577 iudicii
2956 517 3010 562 et
3038 510 3223 563 calculi
3254 510 3457 565 ferendi
3490 509 3665 567 domi-

2085 610 2204 649 nus.
2230 593 2649 668 Pueoccupemus
2686 599 2847 671 igitur
2875 600 3059 671 faciem
3099 603 3208 670 ejus
3262 605 3315 655 in
3353 606 3664 674 confessione

2087 684 2258 755 (Psal.
2291 686 2382 743 94.
2408 690 2514 761 2.),
2544 690 2785 755 ﬂeamus,
2808 692 3099 763 lugeamus.
3132 693 3187 749 Si
3210 696 3351 747 enim
3374 698 3663 764 poterimus

2084 789 2208 835 ante
2238 781 2512 837 deﬁnitam
2543 783 2685 838 illam
2713 785 2855 841 diem
2888 785 3098 855 placare
3122 787 3388 853 Judicem,
3421 797 3480 840 ut
3508 788 3663 842 nobis

2080 882 2297 941 peccata
2324 876 2593 944 remittat,
2624 894 2727 933 non
2754 878 2894 934 ultra
2921 880 3140 934 introitu
3169 881 3323 934 nobis
3353 896 3487 949 opus
3516 882 3617 934 erit
3647 900 3661 936 :

2081 974 2139 1018 ut
2163 978 2193 1019 e
2213 979 2493 1035 converso,
2521 968 2564 1023 si
2592 984 2700 1023 non
2729 969 2829 1026 hoc
2850 971 2917 1025 ita
2948 973 3057 1034 ﬁat,
3082 981 3195 1026 toto
3223 971 3354 1027 orbe
3377 984 3659 1040 praesente,

2084 1058 2258 1125 palam
2314 1075 2414 1113 nos
2465 1059 2770 1128 judicabit,
2845 1069 2899 1112 et
2953 1059 3098 1111 nulla
3148 1060 3303 1112 nobis
3363 1060 3500 1112 ultra
3533 1074 3653 1124 spes

2083 1150 2255 1203 venia:
2287 1151 2571 1221 supererit.
2642 1148 2836 1205 Nullus
2872 1150 3018 1205 enim
3075 1165 3263 1204 eorum
3312 1151 3402 1219 qui
3433 1150 3651 1214 adsunt,

2084 1241 2177 1309 qui
2251 1250 2473 1311 peccata
2545 1258 2644 1297 sua
2721 1258 2829 1297 non
2896 1242 3146 1305 abluerit,
3216 1258 3340 1295 cum
3389 1242 3515 1296 illuc
3553 1243 3707 1317 ad-x

2081 1333 2325 1396 venerit,
2375 1334 2577 1404 poterit
2625 1349 2815 1404 poenas
2867 1335 2934 1388 iis
2977 1334 3189 1390 debitas
3232 1334 3500 1405 effugere:
3558 1334 3654 1390 sed

2078 1421 2521 1490 quemadmodum
2552 1424 2624 1476 illi
2657 1425 2744 1492 qtti
2785 1440 2852 1478 ex
2875 1425 3182 1479 carceribus
3218 1425 3299 1478 bis
3326 1424 3390 1478 ad
3427 1425 3655 1478 tribunal

2078 1512 2280 1566 catenis
2303 1514 2477 1568 onusti
2508 1513 2863 1579 adducuntur,
2888 1515 2966 1569 sic
2994 1524 3048 1569 et
3075 1515 3267 1569 animm
3296 1530 3502 1580 omnes,
3534 1531 3655 1568 cum

2078 1601 2201 1656 hinc
2222 1602 2479 1671 abierint,
2520 1604 2682 1659 variis
2712 1614 3048 1674 peccatorum
3099 1619 3318 1659 suorum
3352 1606 3657 1659 constrictae

2076 1694 2281 1749 catenis
2300 1735 2316 1760 ,
2343 1695 2409 1749 ad
2440 1695 2675 1751 terribile
2705 1696 2831 1750 illud
2865 1694 3093 1750 tribunal
3141 1695 3492 1750 adducentur.
3523 1695 3655 1751 Nam

2076 1782 2191 1838 hcce
2212 1784 2317 1839 vita
2354 1800 2570 1841 carcere
2611 1786 2776 1841 nibilo
2806 1786 2994 1841 melior
3018 1795 3103 1842 est
3132 1785 3263 1851 ;sed
3295 1787 3429 1840 sicut
3452 1802 3571 1841 cum
3603 1787 3655 1840 in

2075 1874 2400 1930 domicilium
2444 1876 2570 1931 illud
2608 1878 2889 1932 introimus
2909 1918 2923 1940 ,
2970 1893 3158 1931 onmes
3185 1877 3427 1932 videmus
3455 1878 3658 1933 catenis

2075 1965 2463 2020 circumdatos:
2495 1968 2566 2022 ita
2600 1977 2651 2021 et
2680 1983 2820 2023 nunc
2840 2010 2853 2031 ,
2888 1969 2932 2022 si
2959 1968 3163 2035 abjecta
3196 1968 3283 2021 illa
3315 1978 3655 2023 externarum

2075 2072 2255 2111 rerum
2301 2058 2708 2126 imaginatione,
2744 2062 2793 2114 in
2824 2061 3150 2130 singulorum
3177 2062 3339 2115 vitam
3388 2062 3653 2131 ingredia-

2075 2163 2215 2213 mur,
2240 2149 2473 2218 ipsorum
2496 2151 2699 2205 animas
2724 2151 3018 2205 videbimus
3045 2152 3188 2206 ferro
3212 2152 3516 2207 durioribus
3538 2153 3654 2206 vin-

2075 2239 2207 2294 culis
2250 2242 2563 2296 constrictas
2590 2260 2602 2295 :
2633 2244 2862 2296 maxime
2887 2259 3013 2298 vero
3042 2244 3087 2299 si
3126 2244 3175 2295 in
3200 2243 3405 2297 animas
3434 2244 3654 2298 divitum

2073 2332 2391 2387 intraveris:
2435 2349 2557 2388 nam
2595 2343 2792 2403 quanto
2814 2334 3052 2402 pluribus
3076 2336 3194 2388 illos
3219 2334 3415 2389 videris
3460 2335 3657 2388 divitiis

2072 2422 2455 2485 circumdatos,
2494 2434 2640 2478 tanto
2679 2425 2845 2494 magis
2889 2433 3014 2481 suut
3053 2425 3270 2493 alligati.
3302 2425 3657 2493 Quemadmo-

2072 2513 2196 2567 dum
2232 2515 2389 2584 igitur
2414 2515 2457 2569 si
2488 2516 2722 2570 vinctum
2750 2516 2948 2571 videris
2978 2516 3223 2571 manibus
3247 2558 3263 2583 ,
3286 2516 3447 2571 dorso
3465 2558 3481 2583 ,
3510 2531 3654 2584 saepe

2072 2608 2231 2661 etiam
2258 2607 2482 2678 pedibus
2507 2608 2775 2680 alligatum
2795 2608 2981 2664 ferreis
3004 2609 3227 2676 catenis,
3253 2609 3398 2664 illum
3421 2608 3655 2663 maxime

2072 2699 2342 2753 miseraris
2363 2715 2375 2751 :
2400 2700 2478 2754 sic
2496 2699 2716 2754 divitem
2737 2714 2857 2754 cum
2877 2698 3070 2755 videris
3083 2699 3263 2754 multis
3282 2697 3654 2753 circumﬂuen-

2072 2798 2179 2843 tcm
2208 2790 2400 2857 rebus,
2423 2807 2490 2846 ne
2520 2791 2640 2846 ideo
2662 2790 2901 2856 divitem,
2930 2790 3024 2846 sed
3056 2791 3229 2860 potius
3252 2789 3371 2845 ideo
3399 2790 3653 2844 miserum

2071 2860 2375 2938 existimato
2400 2898 2414 2935 :
2448 2898 2569 2937 nam
2597 2898 2722 2937 cum
2749 2880 2830 2937 his
2861 2881 3087 2937 vinculis
3115 2896 3314 2936 saavum
3338 2880 3500 2935 habet
3527 2895 3650 2934 car-

2071 2971 2210 3025 ceris
2239 2972 2558 3037 custodem,
2606 2987 2822 3041 pravum
2871 2971 3212 3041 pecuniarum
3247 2985 3483 3025 amorem
3519 2989 3531 3025 :
3562 2969 3654 3044 qui

2073 3080 2176 3119 non
2207 3065 2464 3132 permittit
2488 3065 2563 3119 illi
2588 3080 2651 3119 ex
2676 3066 2777 3119 isto
2803 3079 3017 3120 carcere
3037 3064 3253 3119 exsilire
3271 3104 3286 3127 ,
3310 3062 3403 3120 sed
3434 3078 3655 3121 sexcen-

2075 3165 2153 3208 tos
2182 3155 2280 3224 ipsi
2304 3164 2454 3224 parat
2481 3154 2773 3225 compedes
2796 3196 2811 3222 ,
2836 3153 3085 3209 custodes
3118 3196 3135 3219 ,
3173 3161 3357 3223 portas
3379 3198 3395 3220 ,
3438 3167 3616 3211 vectes
3635 3195 3653 3221 ,

2071 3256 2124 3301 et
2152 3247 2203 3300 in
2237 3247 2539 3301 interiorem
2568 3262 2837 3301 carcerem
2869 3244 3110 3311 trudens,
3139 3247 3330 3301 suadet
3358 3247 3431 3301 illi
3460 3257 3518 3301 ut
3542 3248 3657 3301 istis

2075 3338 2301 3391 vinculis
2326 3337 2637 3401 delectetur,
2673 3347 2731 3392 ut
2756 3354 2822 3392 ne
2844 3337 3057 3406 quidem
3084 3338 3344 3395 evadendi
3367 3340 3433 3395 ab
3456 3342 3658 3394 instan-

2074 3428 2212 3482 libus
2236 3428 2389 3482 malis
2415 3442 2565 3499 spem
2594 3428 2757 3482 ullam
2789 3426 3000 3481 habeat.
3034 3429 3103 3483 Et
3127 3430 3171 3484 si
3203 3430 3528 3500 cogitatione
3567 3437 3655 3482 tua

2071 3520 2300 3573 animam
2332 3520 2473 3573 illius
2499 3518 2851 3573 denudaveris
2872 3559 2885 3582 ,
2918 3535 3024 3575 non
3054 3522 3283 3575 vinctam
3312 3520 3468 3573 modo
3503 3520 3653 3574 vide-

2072 3611 2152 3664 bis
2171 3651 2186 3675 ,
2213 3610 2305 3665 sed
2344 3612 2503 3665 etiam
2534 3610 2865 3681 squalentem
2886 3653 2902 3678 ,
2934 3612 3167 3682 putidam
3190 3655 3203 3675 ,
3231 3613 3487 3683 pediculis
3515 3629 3650 3667 onu-

2071 3712 2226 3756 stam.
2250 3702 2388 3756 Nihil
2412 3703 2553 3757 enim
2578 3703 2680 3757 illis
2704 3706 2954 3761 Incliores
2967 3715 3090 3759 sunt
3118 3705 3402 3772 voluptatis
3420 3705 3647 3769 delicia),

2071 3793 2178 3847 imo
2206 3793 2607 3857 borribiliores;
2636 3804 2799 3865 atque
2828 3796 2985 3849 ctiam
3019 3811 3211 3865 corpus
3252 3812 3373 3850 cum
3403 3797 3512 3865 ipsa
3531 3796 3647 3849 ani-

2072 3900 2155 3937 ma
2186 3883 2546 3950 labefactant,
2592 3895 2648 3940 et
2686 3885 2808 3939 huic
2838 3894 2892 3939 et
2939 3885 3012 3938 illi
3056 3887 3362 3939 innumeras
3410 3884 3652 3954 inﬂigunt

2072 3975 2376 4027 morborum
2410 3972 2611 4044 plagas.
2648 3974 2871 4043 Propter
2901 3973 3014 4027 hanc
3042 3975 3219 4027 oumia
3242 3974 3654 4042 Rcdcmptorent

2070 4064 2364 4118 animarum
2408 4075 2711 4119 nostrarum
2759 4080 3069 4135 precemur,
3114 4073 3170 4116 ut
3196 4073 3248 4118 et
3274 4064 3479 4118 vincula
3513 4080 3655 4117 runt-

2072 4165 2180 4225 pat,
2208 4166 2261 4212 et
2291 4172 2491 4211 smvum
2519 4156 2660 4211 hunc
2681 4155 2953 4210 custodem
2980 4171 3007 4206 a
3040 4155 3193 4209 nobis
3213 4164 3475 4220 amoveat,
3497 4164 3655 4223 atque

2071 4264 2100 4301 a
2135 4248 2368 4318 pondere
2399 4249 2690 4304 ierrearutn
2721 4260 3033 4303 catenarum
3058 4247 3294 4303 liberatis
3314 4290 3331 4315 ,
3362 4248 3461 4301 alis
3488 4248 3654 4302 levio-

2072 4356 2185 4395 rem
2234 4342 2286 4396 in
2318 4342 2472 4396 nobis
2518 4350 2753 4397 mentem
2796 4339 3061 4411 perﬁciat.
3096 4342 3230 4395 Dum
3280 4351 3460 4395 autem
3505 4340 3653 4394 illum

2073 4433 2431 4503 precabimur,
2463 4449 2581 4503 quae
2608 4444 2788 4487 nostra
2815 4442 2939 4488 sunt
2967 4434 3126 4488 etiam
3159 4432 3475 4498 aﬂ‘eramus,
3506 4432 3654 4485 solli-

2071 4526 2382 4593 citudinem,
2414 4530 2673 4593 animum,
2698 4526 3048 4582 alacritatem.
3079 4526 3167 4581 Sic
3192 4526 3334 4580 enim
3362 4525 3655 4595 poterimus

2072 4618 2219 4672 brevi
2250 4628 2491 4688 tempore
2517 4634 2547 4672 a
2593 4618 2745 4673 malis
2765 4661 2780 4687 ,
2808 4619 3001 4689 quibus
3031 4618 3333 4673 detinemur
3356 4660 3372 4685 ,
3399 4618 3573 4686 eripi,
3601 4629 3656 4674 et

2071 4709 2311 4765 ediscere
2330 4726 2436 4781 quo
2467 4710 2516 4764 in
2547 4718 2691 4765 statu
2725 4711 2872 4781 prius
2897 4724 3132 4775 eramus,
3165 4718 3656 4780 congruentemque

2073 4800 2227 4854 nobis
2256 4802 2494 4870 recipere
2518 4800 2821 4854 libertatem
2851 4818 2864 4854 :
2895 4813 3054 4870 quam
3082 4799 3283 4853 utinam
3308 4814 3494 4855 omnes
3520 4814 3654 4855 con-

2072 4908 2391 4962 sequamur,
2418 4892 2587 4963 gratia
2623 4900 2678 4948 et
2710 4892 3037 4962 benignitate
3084 4892 3292 4946 Domini
3325 4894 3492 4947 nostri
3528 4893 3655 4949 Jesu

2072 4982 2267 5038 Christi
2294 5025 2310 5051 ,
2342 4984 2427 5039 cui
2448 4984 2613 5053 gloria
2635 4993 2690 5039 et
2711 4983 2995 5054 imperium
3019 4983 3070 5039 in
3093 4983 3287 5041 sarcula
3307 4983 3652 5042 saeculorum.

2074 5082 2265 5136 Amen.

1532 5480 2548 5555 mmmam»
