4076 6150
377 235 486 295 223

1101 234 1158 291 8.
1197 233 1475 291 JOANNIS
1511 231 1984 288 CHRYSOSTOMI
2026 230 2338 286 ARCHIEP.
2370 231 2902 289 CONSTANTINOP.

3544 239 3614 293 ea

3621 240 3652 294 4

1723 434 2072 497 HOMILIA
2115 429 2257 497 XV.

377 585 504 642 CAP.
536 586 590 641 5.
623 601 674 638 v.
699 586 750 639 1.
786 582 970 637 Videas
1017 590 1184 635 autem
1233 579 1383 634 Jcsus
1431 582 1624 643 turbas,
1652 579 1877 632 ascendit
1904 580 1958 633 in

449 689 684 733 montem.
719 676 786 731 Et
815 693 928 730 cum
965 674 1193 738 sedisset,
1224 684 1535 727 accesserunt
1565 673 1632 726 ad
1661 689 1772 725 eum
1800 673 1955 725 disci-

449 770 559 842 puli
584 771 690 842 ejus
707 787 725 822 :
745 770 799 822 2.
828 779 877 821 et
913 768 1136 837 aperiens
1161 782 1217 818 os
1245 782 1388 818 suum
1414 765 1617 818 docebat
1647 780 1728 817 eos
1747 763 1846 834 (a),
1878 764 1958 816 di-

447 879 563 917 cens
586 878 605 916 :
637 861 775 914 Beati
805 875 1050 930 pauperes
1076 857 1295 926 spiritu,
1342 857 1579 926 quoniam
1628 856 1855 926 ipsorum
1881 863 1956 908 est

446 971 657 1025 regnum
685 954 942 1007 cazlorum.

447 1135 500 1188 ί.
558 1131 744 1186 Christi
771 1130 1016 1184 modestia
1037 1130 1202 1200 qualis
1229 1138 1275 1183 et
1299 1128 1549 1198 quomodo
1579 1128 1842 1182 imitanda.
1875 1127 1957 1182 Ea:

375 1223 556 1293 agendi
576 1222 772 1276 ratione
796 1221 980 1275 Christi
1006 1220 1276 1275 Manio/uni
1294 1221 1450 1274 obiter
1469 1220 1786 1288 refelluntur.
1809 1219 1959 1274 Chri-

372 1325 478 1367 stus
516 1312 796 1382 discipulos
837 1313 1098 1383 alloquens
1146 1323 1306 1365 totum
1356 1312 1522 1365 orbem
1563 1311 1856 1380 alloquitur.
1885 1339 1958 1352 —-

378 1403 507 1459 Vide
531 1419 688 1473 quam
716 1419 745 1457 a
793 1404 931 1458 fastu
974 1412 1028 1458 et
1054 1403 1346 1458 ambitione
1386 1402 1457 1458 sit
1496 1402 1724 1457 alienus.
1769 1401 1955 1472 Neque

373 1496 514 1551 enim
540 1511 722 1551 secum
749 1496 1106 1551 circumduxit
1132 1510 1247 1561 eos,
1271 1495 1362 1551 sed
1389 1511 1512 1550 eum
1535 1495 1708 1550 morbi
1731 1495 1955 1551 curandi

374 1593 548 1651 erant,
573 1590 686 1657 ipse
715 1586 976 1642 circuibat
1008 1586 1274 1657 undique,
1306 1594 1362 1642 et
1401 1587 1561 1642 urbes
1589 1595 1644 1643 et
1670 1587 1788 1642 loca
1825 1587 1955 1642 visio

375 1691 530 1734 tans:
559 1679 770 1750 quando
799 1690 978 1735 autem
1005 1680 1156 1734 turba
1200 1679 1405 1744 aderat,
1437 1694 1542 1734 uno
1579 1681 1632 1732 in
1660 1679 1780 1734 loco
1811 1693 1957 1734 cam-

375 1772 536 1840 pestri
582 1771 728 1826 sedet
755 1812 767 1833 ,
810 1786 914 1824 non
941 1772 991 1824 in
1020 1770 1150 1826 urbe
1177 1779 1269 1826 aut
1297 1771 1351 1825 in
1377 1770 1556 1826 medio
1585 1770 1701 1825 foro
1724 1812 1738 1834 ,
1775 1771 1870 1826 sed
1901 1770 1954 1824 in

380 1875 581 1926 monte,
620 1863 670 1915 in
703 1861 936 1928 deserto,
969 1871 1026 1916 ut
1052 1862 1242 1917 doceat
1266 1876 1364 1917 nos
1391 1862 1523 1916 nihil
1549 1861 1617 1916 ad
1643 1861 1957 1917 ostentatio-

299 2025 312 2036 _
375 1973 494 2012 nem
519 1956 810 2012 faciendum
847 1970 984 2020 esse,
1027 1963 1082 2010 et
1127 1969 1157 2008 a
1188 1954 1378 2009 mediis
1408 1954 1725 2009 tumultibus
1766 1954 1954 2009 absce-

372 2049 635 2115 dendum,
666 2066 787 2105 cum
839 2049 1066 2104 maxime
1095 2048 1456 2121 philosophari
1503 2055 1747 2118 oportet,
1780 2047 1956 2117 deque

373 2143 688 2198 necessariis
715 2142 873 2196 rebus
921 2141 1209 2196 disserere.
1243 2141 1376 2195 Cum
1413 2138 1737 2193 ascendisset
1776 2149 1953 2193 autem

371 2245 529 2303 atque
557 2233 804 2296 sedisset,
835 2231 1463 2308 accesseruntdiscipnli.
1485 2230 1668 2286 Videu’
1689 2245 1874 2283 eorum
1901 2230 1952 2283 in

374 2327 564 2380 virtute
591 2324 905 2392 profectum,
929 2334 982 2378 et
1002 2323 1271 2391 quomodo
1305 2331 1525 2392 repente
1553 2325 1804 2376 meliores
1831 2329 1955 2373 sunt

370 2416 579 2470 allecti?
601 2414 747 2469 Mulli
771 2429 996 2483 namque
1017 2413 1393 2468 miraculorum
1417 2421 1742 2482 spectatores
1764 2419 1915 2465 erant
1937 2426 1950 2475 ;

372 2509 424 2562 bi
459 2522 586 2564 vero
616 2521 860 2576 magnum
888 2505 1154 2575 quidpiam
1183 2512 1238 2559 et
1257 2503 1530 2560 excelsum
1555 2503 1738 2558 audire
1760 2508 1945 2573 cupie-

372 2602 534 2655 bant:
566 2599 704 2668 quod
733 2598 895 2652 etiam
925 2598 1069 2651 illum
1097 2595 1162 2650 ad
1195 2596 1496 2651 docendum
1527 2596 1756 2664 induxit,
1790 2606 1951 2666 utque

371 2695 469 2749 hos
505 2695 770 2749 ordiretur
797 2707 1072 2748 sermones
1100 2692 1297 2747 ell'ecit.
1340 2689 1524 2762 Neque
1553 2693 1693 2746 enim
1725 2707 1949 2761 corpora

370 2780 569 2840 tantum
611 2785 863 2849 curabat,
893 2784 984 2838 sed
1035 2785 1193 2837 etiam
1241 2784 1446 2837 animas
1483 2783 1843 2849 emendabat,
1889 2798 1950 2840 ac

369 2892 578 2930 rursum
609 2877 675 2931 ab
721 2876 818 2930 hac
847 2887 972 2930 cura
1002 2874 1068 2929 ad
1099 2875 1240 2929 illam
1275 2874 1506 2939 redibat,
1557 2875 1636 2930 sic
1683 2875 1832 2930 utilia
1861 2891 1952 2929 va-

369 2972 540 3035 rians,
571 2977 625 3024 et
653 2968 933 3023 verborum
965 2967 1219 3021 doctrinae
1245 2981 1472 3036 operum
1499 2966 1821 3020 documenta
1855 2966 1953 3020 mi-

365 3075 541 3127 seens,
564 3060 744 3131 sicque
771 3058 1094 3128 impudentia
1123 3060 1494 3113 hrereticorum
1517 3058 1803 3113 obstruens
1835 3073 1949 3127 ora,

365 3155 490 3208 dum
519 3155 794 3222 utriusque
816 3152 1129 3206 substantiae
1150 3166 1334 3205 curam
1355 3159 1585 3220 gereret,
1607 3151 1948 3206 ostenderet-

363 3262 467 3316 que
493 3259 551 3300 se
571 3244 818 3299 animalis
848 3243 1009 3298 totius
1025 3257 1146 3297 esse
1172 3243 1501 3297 Creatorem.
1527 3242 1652 3297 ldeo
1676 3244 1951 3314 utriusque

363 3349 565 3394 natura!
595 3338 982 3407 providentiam
1006 3337 1258 3408 gerebat,
1285 3353 1426 3391 nunc
1451 3337 1609 3404 hanc,
1639 3352 1780 3392 nunc
1807 3338 1948 3392 illam

363 3431 672 3488 emendatis.
698 3429 850 3498 Quod
883 3440 1007 3485 tunc
1036 3432 1196 3484 etiam
1229 3429 1475 3486 faciebat.
1510 3429 1641 3484 Nam
1670 3430 1910 3499 Aperiens
1933 3471 1947 3494 ,

365 3524 552 3594 inquit,
572 3540 627 3578 os
646 3541 791 3578 suum
816 3524 1023 3577 docebat
1044 3539 1146 3576 eos.
1175 3523 1244 3576 Et
1263 3539 1364 3592 qua
1391 3523 1456 3576 de
1482 3537 1642 3578 causa
1667 3523 1753 3576 hic
1775 3522 1945 3588 addit,

364 3617 608 3686 Aperiens
637 3631 691 3668 os
715 3615 902 3668 suum?
925 3614 992 3670 Ut
1016 3615 1191 3668 discas
1220 3629 1340 3668 eum
1367 3615 1526 3667 etiam
1556 3622 1818 3668 tacentem
1848 3613 1949 3668 do-

364 3707 560 3771 cuisse,
594 3721 692 3759 nec
723 3704 882 3759 modo
909 3706 1242 3775 loquentem;
1271 3704 1365 3758 sed
1392 3719 1532 3758 nunc
1557 3719 1618 3758 os
1642 3705 1914 3774 aperuisse
1934 3747 1948 3769 ,

365 3811 502 3851 nunc
535 3809 625 3865 per
651 3810 810 3865 opera
837 3795 947 3865 ipsa
978 3809 1161 3849 vocem
1188 3794 1448 3850 emisisse.
1479 3795 1609 3849 Cum
1631 3795 1780 3850 audis
1800 3811 1948 3864 vero,

365 3887 584 3941 Docebat
610 3903 713 3954 eos,
743 3902 810 3942 ne
829 3896 982 3956 putes
1010 3887 1181 3957 ipsum
1207 3887 1348 3941 solos
1385 3887 1673 3956 discipulos
1709 3887 1906 3958 alloqui
1932 3905 1946 3953 ;

363 3979 456 4033 sed
490 3993 582 4048 per
611 3977 748 4042 illos,
777 3979 908 4031 alios
939 3992 1144 4032 omnes.
1171 3978 1302 4045 Quia
1331 3977 1474 4032 enim
1505 3977 1658 4032 turba
1683 3978 1950 4049 popularis

363 4084 477 4127 erat
502 4114 517 4138 ,
550 4088 613 4127 ex
640 4087 822 4127 eorum
853 4087 1077 4127 numero
1106 4072 1195 4142 qui
1229 4071 1371 4126 humi
1402 4072 1692 4142 repebant,
1721 4072 1950 4142 discipu-

363 4165 533 4218 lorutn
560 4163 784 4219 chorum
808 4174 932 4217 ante
955 4177 1014 4218 se
1033 4163 1382 4228 constituens,
1405 4163 1471 4216 ad
1494 4164 1615 4218 illos
1645 4178 1947 4218 sermonem

362 4254 560 4324 dirigit,
589 4253 750 4308 verba
779 4268 872 4306 sua
906 4253 974 4306 ita
1003 4262 1330 4321 temperans,
1360 4261 1416 4306 ut
1439 4255 1648 4308 caeteris
1677 4253 1945 4320 omnibus,

361 4348 452 4418 qui
478 4347 528 4400 in
554 4345 633 4399 his
656 4343 941 4399 admodum
965 4344 1121 4397 rudes
1141 4353 1311 4406 erant,
1333 4342 1685 4413 philosophia:
1707 4344 1947 4399 doctrina

363 4453 467 4492 non
498 4436 720 4490 molesta
745 4444 906 4488 esset.
939 4433 1091 4500 Quod
1122 4433 1279 4488 etiam
1307 4433 1478 4488 Lucas
1502 4435 1844 4489 subindieans
1868 4435 1948 4488 di-

361 4529 546 4593 cebat,
574 4530 745 4598 ipsum
776 4540 1078 4581 sermonem
1110 4523 1176 4578 ad
1205 4539 1299 4577 eos
1324 4526 1651 4578 convertisse
1695 4524 1858 4594 (Luc.
1889 4525 1941 4580 6.

361 4620 473 4692 27)
512 4641 524 4675 :
557 4630 611 4676 et
641 4619 922 4676 Matthtcus
950 4617 1178 4687 idipsum
1210 4615 1533 4687 significans,
1563 4616 1697 4670 dixit
1728 4634 1740 4669 :
1769 4617 1948 4670 Acces-

361 4723 534 4768 serant
567 4715 634 4766 ad
663 4729 775 4766 eum
805 4709 1040 4783 discipuli
1087 4709 1220 4780 ejus,
1258 4719 1303 4762 et
1331 4708 1538 4761 docebat
1571 4723 1672 4760 eos.
1703 4707 1777 4761 Ita
1803 4708 1944 4762 enim

358 4805 538 4862 caeteri
579 4805 829 4859 attentius
865 4801 1094 4858 audituri
1121 4808 1311 4862 erant,
1358 4813 1514 4869 quam
1563 4799 1608 4853 si
1652 4799 1718 4853 ad
1761 4813 1948 4854 omnes

359 4895 522 4952 verba
557 4895 856 4950 direxisset.
891 4895 1040 4950 Unde
1065 4909 1194 4964 ergo
1219 4892 1396 4961 incipit
1423 4934 1436 4956 ,
1473 4901 1526 4947 et
1564 4906 1685 4961 qua:
1710 4890 1831 4944 novi
1862 4891 1946 4944 iu-

360 4988 531 5045 stituti
560 4985 900 5041 fundamenta
931 4987 1084 5041 nobis
1119 4986 1309 5056 ponit?
1338 4985 1627 5039 Audiamus
1667 4984 1948 5054 diligenter

358 5095 425 5137 ea
451 5094 569 5151 qua!
597 5077 844 5132 dicuntur
871 5093 884 5128 :
918 5076 1024 5130 illis
1051 5091 1278 5144 namque
1319 5075 1459 5130 dicta
1488 5086 1640 5140 sunt,
1670 5087 1723 5129 et
1752 5075 1946 5144 scripta

359 5183 483 5230 sunt
535 5187 630 5244 pro
683 5169 930 5224 omnibus
959 5177 1079 5238 post
1123 5167 1334 5221 futuris.
1383 5166 1584 5221 Idcirco
1625 5168 1947 5222 concionans

358 5263 573 5335 quidem
622 5259 914 5331 discipulos
952 5258 1272 5327 alloquitur;
1325 5271 1498 5327 neque
1539 5266 1714 5312 tamen
1747 5258 1797 5310 in
1842 5258 1947 5312 illis

357 5356 500 5409 dicta
536 5351 967 5416 circumscribit,
1015 5349 1108 5404 sed
1141 5348 1550 5404 indeterminale
1592 5348 1946 5405 beatitudines

358 5462 546 5502 omnes
576 5445 793 5514 prol‘ett.
839 5443 954 5498 Non
986 5442 1124 5497 enim
1156 5440 1332 5509 dixit,
1376 5439 1523 5496 Beati
1572 5441 1702 5497 estis
1729 5455 1826 5497 vos
1854 5481 1869 5507 ,
1900 5441 1946 5496 si

425 5661 501 5726 (ο)
534 5661 587 5712 in
604 5663 708 5714 haec
729 5665 896 5727 verba,
923 5661 1123 5716 docebat
1145 5675 1242 5726 eos,
1263 5661 1432 5715 titulus
1453 5660 1638 5713 desinit
1656 5661 1778 5724 apud
1803 5669 1879 5709 sax
1893 5658 1941 5709 il.

2066 590 2330 650 pauperes
2353 579 2593 646 fueritis;
2635 583 2727 638 sed
2752 623 2766 649 ,
2798 583 2944 638 Beati
2967 603 3232 655 pauperes.
3265 587 3420 644 Certe
3445 591 3654 649 etiamsi

2063 671 2170 725 illis
2216 672 2494 741 speciatim
2542 673 2805 742 dixisset,
2855 681 3154 732 communia
3207 688 3382 735 tamen
3431 685 3651 738 consilia

2063 762 2233 816 futura
2265 773 2436 816 erant.
2469 763 2678 820 Etenim
2702 781 2821 820 cum
2849 766 3052 822 diceret
3086 787 3098 822 :
3134 769 3265 823 Ecce
3287 787 3377 841 ego
3399 773 3654 827 vobiscum

2060 868 2173 906 sum
2201 853 2432 908 onmibus
2475 854 2648 908 diebus
2677 873 2832 926 usque
2861 859 2930 911 ad
2956 864 3440 916 consummationem
3479 866 3652 918 seaculi

2062 943 2288 1016 (Matth.
2321 947 2408 1000 28.
2436 945 2541 1016 20)
2577 965 2589 1000 :
2624 961 2728 1002 non
2761 949 2880 1003 illos
2909 951 3080 1004 solum
3121 951 3442 1022 alloquitur,
3473 955 3566 1008 sed
3598 965 3654 1011 et

2065 1049 2159 1104 per
2199 1035 2319 1090 illos
2348 1045 2515 1090 totum
2543 1039 2730 1092 orbem
2763 1055 2777 1092 :
2805 1049 2859 1093 et
2886 1054 3008 1094 cum
3039 1042 3156 1095 illos
3180 1042 3367 1096 beatos
3399 1044 3650 1113 praedicat

2061 1125 2528 1194 persequutionem
2572 1127 2832 1195 patientes
2870 1169 2884 1194 ,
2916 1131 3101 1198 pulsos
3127 1171 3143 1198 ,
3189 1141 3244 1185 et
3293 1132 3647 1189 intolerabilia

2061 1214 2416 1282 sustinentes;
2441 1231 2546 1271 non
2573 1218 2676 1272 illis
2703 1227 2927 1286 tantum,
2952 1221 3047 1276 sed
3070 1224 3229 1277 etiam
3256 1225 3504 1280 omnibus
3527 1225 3648 1281 talia

2062 1307 2274 1361 fortiter
2321 1309 2613 1364 terentibus
2663 1313 2920 1365 cortinam
2974 1314 3158 1368 nectit.
3187 1315 3449 1371 Caatcrutn
3500 1327 3556 1371 ut
3595 1319 3648 1372 id

2058 1397 2253 1453 clarius
2280 1399 2506 1464 evadat,
2539 1410 2592 1454 et
2620 1400 2795 1456 discas
2824 1418 2888 1456 ea
2914 1420 3032 1472 qua:
3056 1405 3193 1460 dicta
3215 1417 3339 1462 sunt
3377 1409 3469 1462 tibi
3496 1389 3647 1463 com;-

2058 1490 2237 1543 munia
2259 1503 2402 1557 esse,
2431 1506 2636 1545 necnon
2664 1494 2758 1547 toti
2783 1494 3028 1550 humanas
3051 1507 3273 1562 naturae,
3297 1499 3341 1554 si
3369 1500 3648 1556 attendere

2059 1581 2325 1636 voluerint
2349 1624 2364 1649 ,
2392 1584 2513 1637 audi
2542 1586 2808 1654 quomodo
2838 1588 2979 1642 hunc
3007 1589 3301 1645 mirabilem
3344 1607 3644 1648 sermonem

2057 1671 2313 1726 ordiatur.
2348 1673 2402 1727 5.
2431 1672 2577 1728 Beati
2619 1691 2866 1747 pauperes
2903 1681 3082 1749 spiritu
3107 1720 3122 1746 ,
3151 1683 3392 1752 quoniam
3419 1688 3644 1755 ipsorum

2060 1772 2131 1816 est
2160 1779 2370 1834 regnum
2413 1766 2672 1819 cartorum.
2703 1768 2802 1836 Qui
2835 1780 2960 1824 sunt
2989 1769 3248 1842 Pauperes
3275 1775 3454 1844 spiritu
3479 1777 3506 1830 .9
3534 1777 3642 1830 llu-

2058 1853 2251 1921 miles,
2282 1864 2337 1910 et
2383 1856 2564 1910 animo
2603 1859 2839 1914 contriti.
2883 1860 3140 1930 Spiritum
3190 1865 3332 1918 enim
3380 1864 3465 1920 hic
3515 1867 3645 1923 dicit

2059 1946 2291 2000 animam
2335 1955 2390 2002 et
2421 1949 2706 2004 voluntatis
2747 1953 3097 2021 propositum.
3129 1954 3259 2022 Quia
3304 1956 3447 2011 enim
3490 1959 3642 2013 multi

2059 2045 2183 2090 sunt
2211 2037 2461 2106 humiles,
2491 2055 2596 2094 non
2628 2051 2818 2110 sponte
2841 2057 2936 2098 sua
2958 2085 2973 2111 ,
3002 2044 3096 2099 sed
3122 2060 3301 2101 rerum
3327 2049 3644 2106 necessitate

2059 2129 2226 2182 coacti
2252 2169 2267 2191 ,
2298 2129 2421 2183 illos
2447 2133 2664 2186 mittens
2691 2133 2710 2202 (
2733 2149 2904 2204 neque
2931 2136 3071 2190 enim
3101 2137 3153 2191 id
3186 2138 3328 2193 laudi
3360 2149 3442 2195 est
3461 2138 3507 2214 ),
3549 2157 3641 2198 eos

2057 2219 2145 2287 qui
2189 2234 2254 2273 ex
2284 2221 2576 2276 voluntatis
2604 2226 2880 2294 proposito
2916 2241 3034 2281 sese
3062 2227 3344 2284 bumiliant
3369 2245 3433 2286 ac
3457 2232 3642 2301 depri-

2058 2318 2241 2375 munt,
2275 2311 2478 2378 primos
2498 2313 2682 2368 beatos
2707 2317 2958 2384 appellat.
2986 2317 3056 2372 Et
3079 2335 3176 2373 cur
3203 2335 3306 2374 non
3333 2321 3496 2390 dixit,
3533 2324 3641 2378 Hu-

2056 2404 2208 2457 miles
2233 2445 2249 2471 ,
2277 2405 2395 2471 sed,
2431 2405 2737 2476 Pauperes?
2761 2409 2895 2476 Quia
2923 2411 3022 2465 hoc
3051 2413 3142 2466 illo
3170 2416 3506 2482 prarstantius
3535 2427 3637 2471 est.

2057 2493 2186 2546 Nam
2218 2494 2303 2550 hic
2323 2495 2456 2551 dicit
2485 2511 2602 2564 eos,
2634 2500 2722 2568 qui
2757 2501 2848 2554 Dei
2877 2511 3140 2572 pra-cepta
3168 2515 3407 2559 metuunt
3431 2513 3486 2560 et
3507 2521 3642 2561 eun-

2061 2588 2373 2642 tremiscunt
2401 2604 2416 2643 :
2446 2604 2581 2659 quos
2617 2602 2669 2646 et
2702 2608 2795 2661 per
2821 2591 3008 2648 Isaiam
3042 2595 3356 2666 pr0phetam
3387 2612 3446 2652 se
3485 2598 3640 2655 valde

2054 2687 2304 2749 acceptus
2335 2679 2532 2736 habere
2565 2683 2703 2737 Deus
2729 2683 2966 2740 declarat
2996 2705 3008 2739 :
3044 2689 3124 2740 Ad
3149 2705 3293 2758 quem
3325 2691 3590 2759 respiciam
3617 2733 3632 2756 ,

2053 2775 2153 2828 nisi
2185 2773 2257 2825 ad
2279 2785 2598 2829 mansuetum
2619 2787 2666 2831 et
2685 2783 2935 2850 quietum,
2958 2789 3003 2833 et
3026 2791 3322 2837 trementem
3353 2785 3498 2838 verba
3525 2799 3636 2836 mea

2054 2866 2218 2936 (Isai.
2255 2867 2340 2921 66.
2371 2867 2406 2920 2
2435 2870 2493 2938 )'.’

2123 2959 2178 3013 2.
2220 2959 2375 3014 Multi
2417 2964 2719 3018 humilitatis
2764 2965 2920 3020 modi.
2958 2997 3028 3008 —
3061 2969 3271 3026 Etenim
3314 2976 3466 3030 multi
3513 2989 3640 3034 sunt

2055 3051 2364 3108 humilitatis
2383 3055 2526 3109 modi
2552 3076 2566 3110 :
2594 3066 2646 3110 et
2669 3058 2803 3112 alius
2824 3059 3037 3129 quidem
3059 3072 3141 3117 est
3166 3067 3439 3122 moderate
3463 3069 3639 3124 humi-

2056 3144 2152 3208 lis,
2185 3144 2320 3198 alius
2349 3160 2476 3200 vero
2505 3161 2664 3215 supra
2693 3149 2930 3204 modum.
2977 3151 3125 3209 Hanc
3171 3171 3332 3224 porro
3365 3158 3636 3215 humilita-

2056 3245 2160 3292 tem
2188 3237 2366 3293 laudat
2400 3241 2586 3295 beatus
2615 3242 2872 3312 propheta
2894 3285 2909 3310 ,
2941 3261 3046 3300 non
3077 3247 3391 3317 depressum
3429 3254 3638 3324 simpli-

2053 3331 2188 3386 citer
2229 3332 2466 3387 animum
2513 3333 2854 3404 describens,
2899 3339 2993 3392 sed
3039 3342 3260 3396 omnino
3313 3348 3635 3412 contritum,

2054 3439 2173 3477 cum
2209 3425 2319 3478 ait:
2357 3423 2681 3493 Sacriﬁcium
2722 3426 2831 3482 Deo
2869 3431 3078 3499 spiritus
3125 3436 3508 3505 contribulatus,
3551 3458 3641 3493 τον

2054 3515 2326 3568 contritum
2349 3525 2397 3569 et
2419 3516 2776 3588 humiliatum,
2823 3519 2992 3587 Deus,
3042 3539 3144 3578 non
3184 3527 3424 3598 despicies
3461 3529 3636 3600 (Psal.

2055 3607 2144 3661 50.
2188 3607 2301 3676 l9).
2339 3607 2486 3662 Hanc
2525 3617 2580 3664 et
2624 3619 2732 3665 tres
2777 3613 2927 3681 pueri
2978 3629 3077 3685 pro
3128 3633 3319 3689 magno
3370 3623 3634 3678 sacriﬁcio

2057 3699 2166 3754 Deo
2193 3699 2443 3767 oll'erunt,
2472 3700 2710 3757 dicentes
2736 3721 2747 3756 :
2780 3704 2886 3759 Sed
2925 3706 2977 3758 in
3019 3708 3189 3761 anima
3215 3711 3449 3778 contrita,
3477 3723 3522 3767 et
3542 3718 3642 3784 spi-

2053 3793 2152 3845 ritu
2174 3793 2438 3848 Itumiliato
2457 3796 2794 3866 suscipiamur
2822 3796 2988 3868 (Dan.
3016 3799 3072 3854 5.
3102 3801 3214 3874 59).
3242 3802 3387 3858 Hauc
3409 3814 3462 3859 et
3485 3805 3641 3861 Chri-

2054 3893 2168 3937 stus
2197 3884 2406 3939 beatam
2433 3901 2574 3939 nunc
2604 3887 2874 3956 praedicat.
2906 3889 3040 3956 Quia
3070 3891 3212 3946 enim
3243 3896 3471 3949 maxima
3501 3898 3638 3951 mala

2053 3991 2172 4044 qua:
2225 3984 2390 4030 totum
2440 3979 2627 4033 orbem
2675 3979 2993 4036 labefactant
3040 3998 3105 4038 ex
3151 3986 3396 4054 superbia
3425 3988 3640 4056 prodie-

2054 4077 2212 4134 runt;
2253 4070 2683 4141 quandoquidem
2729 4073 3009 4144 diabolus,
3057 4076 3148 4146 qui
3197 4078 3316 4133 talis
3359 4089 3482 4134 ante
3531 4097 3638 4136 non

2056 4161 2259 4228 fuerat,
2289 4164 2367 4218 sic
2399 4165 2640 4219 diabolus
2667 4165 2890 4221 ell'ectus
2919 4179 3001 4222 est
3033 4187 3046 4223 :
3077 4168 3216 4238 quod
3252 4171 3414 4225 etiam
3447 4172 3639 4227 Paulus

2053 4256 2298 4314 dicebat:
2324 4257 2376 4311 Ν
2381 4275 2408 4312 e
2430 4261 2640 4329 inflatus
2661 4260 2711 4312 in
2727 4261 2978 4330 judicium
3001 4262 3188 4315 incidat
3210 4264 3399 4318 diaboli
3421 4265 3466 4336 (Ι
3483 4265 3636 4320 .Tim.

2052 4349 2108 4404 5.
2141 4349 2215 4418 6).
2247 4349 2456 4405 Primus
2481 4365 2694 4422 quoque
2719 4351 2878 4407 homo
2907 4351 3008 4408 hac
3034 4354 3289 4409 adiabolo
3315 4355 3526 4410 inllatus
3545 4372 3640 4428 spe

2051 4441 2414 4511 pra-cipitatus
2454 4450 2509 4497 et
2539 4442 2780 4497 mortalis
2824 4443 2992 4500 factus
3023 4454 3105 4500 est
3131 4463 3146 4501 :
3177 4449 3297 4503 cum
3329 4447 3470 4502 enim
3512 4464 3638 4519 spe-

2054 4544 2224 4590 rasset
2248 4550 2306 4590 se
2336 4534 2493 4590 deum
2539 4534 2691 4601 fore,
2719 4535 2877 4590 etiam
2920 4536 2972 4591 id
3017 4536 3158 4606 quod
3205 4537 3435 4594 habebat
3464 4539 3646 4609 perdi-

2051 4627 2154 4681 dit.
2182 4625 2332 4693 Quod
2375 4635 2430 4680 et
2479 4627 2619 4682 Deus
2668 4626 2767 4698 ipsi
2799 4630 3153 4700 exprobrans,
3186 4638 3240 4684 et
3281 4630 3638 4699 insipientiam

2052 4717 2167 4787 ejus
2207 4718 2490 4772 traducens
2511 4758 2526 4783 ,
2567 4718 2815 4773 dicebat:
2849 4717 2984 4771 Ecce
3015 4720 3179 4773 Adam
3222 4722 3385 4791 [actus
3411 4730 3484 4774 est
3509 4721 3639 4774 sicut

2052 4825 2186 4864 unus
2209 4825 2274 4863 ex
2298 4809 2441 4863 nobis
2479 4807 2636 4879 (Gen.
2679 4809 2731 4864 5.
2773 4807 2889 4880 Ἡ).
2937 4808 3142 4880 Singuli
3187 4821 3364 4866 autem
3396 4812 3485 4882 qui
3521 4821 3641 4882 post

2051 4901 2298 4970 fuerunt,
2347 4901 2472 4957 hinc
2500 4902 2552 4956 in
2600 4903 2926 4973 impietatem
2974 4904 3192 4972 collapsi
3236 4912 3394 4971 sunt,
3434 4919 3492 4960 se
3531 4903 3640 4960 Deo

2051 4994 2283 5063 mquales
2326 4993 2697 5064 imaginantes.
2742 4992 3003 5059 Quoniam
3044 4995 3204 5067 igitur
3233 4996 3347 5051 haec
3375 4997 3638 5052 malorum

2051 5101 2146 5141 arx
2190 5097 2333 5155 erat,
2368 5088 2605 5158 itemque
2647 5087 2802 5142 radix
2855 5095 2911 5142 et
2956 5087 3074 5142 fons
3119 5089 3293 5144 omnis
3346 5090 3637 5160 nequitire:

2052 5182 2241 5234 morbo
2266 5193 2565 5249 congruens
2596 5178 2894 5234 remedium
2925 5194 3190 5249 apparans
3209 5221 3224 5243 ,
3255 5183 3403 5250 quasi
3433 5181 3644 5236 funda—

2053 5283 2290 5329 mentum
2323 5274 2533 5328 lirmum
2557 5283 2612 5327 et
2635 5280 2806 5326 tutum
2837 5272 2972 5326 hanc
2999 5273 3226 5340 primam
3247 5274 3420 5342 posuit
3445 5275 3638 5343 legem.

2053 5366 2164 5423 Hac
2204 5366 2349 5422 enim
2392 5365 2593 5434 posita,
2627 5373 2742 5419 tuto
2768 5377 2960 5420 caetera
2990 5365 3167 5420 omnia
3197 5365 3511 5434 superponit
3550 5381 3638 5418 ar-

2051 5461 2314 5517 chitectus
2343 5477 2357 5514 :
2390 5459 2489 5514 hac
2536 5473 2664 5513 vero
2712 5458 2956 5523 sublata,
3011 5459 3056 5513 si
3106 5459 3226 5528 quis
3273 5473 3343 5512 ex
3392 5457 3640 5512 instituto

2051 5556 2174 5610 vitae
2201 5553 2284 5607 vel
2312 5552 2379 5606 ad
2403 5551 2593 5608 caelum
2623 5553 2921 5623 pertingat,
2958 5552 3137 5606 omnia
3178 5549 3333 5606 facile
3359 5560 3553 5616 ruunt,
3584 5557 3639 5605 et

2053 5645 2106 5702 in
2134 5645 2422 5717 pessimum
2446 5642 2604 5700 linem
2631 5643 2903 5700 desinunt.
2931 5642 3039 5698 Etsi
3067 5642 3360 5713 jejunium,
3387 5639 3485 5697 etsi
3518 5655 3639 5695 ora-
