4076 6150
464 220 574 276 225

465 347 564 401 νην
589 369 605 394 ,
636 328 738 383 κᾶν
762 327 874 381 ἀλλ’
901 324 1080 379 ὁτιοῦν
1115 328 1429 400 συναγάγῃς
1461 327 1507 360 ⁸⁸
1535 325 1760 395 ἀγαθὸν,
1802 343 2048 380 ταπεινο-

465 406 739 478 φροσύνης
793 401 984 476 χωρὶς,
1034 402 1250 475 διαρρεῖ
1306 407 1400 459 καὶ
1455 404 1751 458 ἀπόλλυται
1811 405 2047 459 ἅπαντα.

467 489 647 558 Ὅπερ
679 481 770 538 οὖν
802 484 897 538 καὶ
944 482 1040 537 ἐπὶ
1087 482 1182 536 τοῦ
1217 485 1513 555 Φαρισαίου
1549 483 1760 552 γέγονε.
1793 483 1902 536 Kal
1939 484 2049 553 γάρ

469 566 609 638 μετά
665 564 719 618 τὸ
754 563 958 633 φθάσαι
996 565 1075 626 εἰς
1109 565 1276 632 αὐτὴν
1302 563 1399 633 τὴν
1433 559 1700 632 κορυφὴν,
1737 561 1913 615 πάντα
1946 563 2050 614 ἀπ-

464 647 658 708 ολέσας
685 644 912 712 κατέϐη,
945 641 1132 712 ἐπειδὴ
1169 641 1266 710 τὴν
1295 642 1509 712 μητέρα
1557 641 1666 694 τῶν
1693 641 1910 708 ἀγαθῶν
1940 641 2042 693 οὐκ

465 722 631 794 εἶχεν.
657 724 872 792 Ὠσπερ
906 722 1016 792 γὰρ
1066 723 1098 790 η
1130 721 1358 773 ἀπόνοια
1399 719 1551 791 πηγὴ
1600 721 1797 783 κακίας
1832 720 2049 790 ἀπάσης

465 803 615 855 ἐστὶν
639 843 654 866 ,
691 799 862 861 οὓτως
955 796 1422 867 ταπεινοφροσύνη
1484 797 1799 866 φιλοσοφίας
1832 799 2049 867 ἀπάσης

466 881 629 951 ἀρχή.
663 878 752 931 Διὸ
783 877 877 930 καὶ
897 875 1146 929 ἐντεῦθεν
1184 874 1429 945 ἄρχεται,
1466 875 1755 948 πρόρριζον
1790 876 2049 930 ἀνασπῶν

465 960 564 1028 τὴν
586 956 898 1020 ἀλαζονείαν
928 957 991 1007 ἐκ
1015 955 1110 1025 τῆς
1140 953 1247 1007 τῶν
1278 955 1585 1008 ἀκουόντων
1605 955 1802 1024 ψυχῆς.
1839 956 1950 1007 Kal
1995 954 2048 1007 τί

466 1037 622 1090 τοῦτο
651 1035 782 1106 πρὸς
813 1035 938 1096 τοὺς
960 1034 1228 1104 μαθητάς,
1261 1034 1415 1104 φησί,
1441 1035 1567 1096 τοὺς
1599 1034 1861 1087 πάντοθεν
1889 1034 2048 1097 ὂντας

465 1114 751 1176 ταπεινούς
777 1129 792 1178 ;
826 1112 958 1165 Οὐδὲ
981 1113 1090 1182 γὰρ
1119 1108 1264 1180 εἶχον
1318 1112 1570 1181 ἀφορμὴν
1617 1113 1874 1176 ἀπονοίας
1905 1114 2047 1179 τινὰ,

467 1201 636 1262 ἁλιεῖς
663 1198 754 1250 καὶ
783 1197 1016 1264 πένητες
1049 1195 1222 1258 ὄντες,
1255 1195 1348 1246 καὶ
1387 1195 1589 1266 ἄσημοι
1615 1196 1707 1248 καὶ
1733 1194 1958 1248 ἰδιῶται.
1984 1197 2048 1248 Εἰ

465 1285 560 1336 καί.
596 1282 671 1351 μὴ
705 1279 838 1350 πρὸς
887 1280 1012 1340 τοὺς
1047 1277 1291 1349 μαθητὰς
1327 1277 1500 1330 ταῦτα
1543 1279 1609 1342 ⁸⁵,
1651 1277 1787 1331 ἀλλά
1813 1279 1950 1348 πρός
1984 1295 2048 1346 γε

463 1368 590 1430 τοὺς
619 1365 894 1435 παρόντας
921 1363 1062 1424 τότε,
1106 1362 1202 1414 καὶ
1224 1364 1348 1424 τοὺς
1378 1361 1516 1431 μετά
1548 1361 1723 1414 ταῦτα
1755 1361 2049 1431 μέλλοντας

465 1451 662 1512 αὐτοὺς
691 1445 1066 1516 ὑποδέχεσθαι,
1111 1445 1196 1497 ἵνα
1232 1444 1305 1513 μὴ
1355 1445 1442 1498 διὰ
1477 1445 1650 1496 ταῦτα
1678 1444 1855 1497 αὐτῶν
1884 1463 2047 1498 κατα·

467 1531 742 1602 φρονῶσι·
776 1529 974 1598 μᾶλλον
996 1527 1053 1578 δὲ
1078 1526 1330 1596 καὶπρὸς
1373 1528 1498 1588 τοὺς
1543 1525 1810 1597 μαθητάς,
1846 1525 1909 1579 Εἰ
1939 1525 2045 1598 γὰρ

467 1617 561 1669 καὶ
593 1613 667 1684 μὴ
695 1613 837 1674 τότε,
869 1610 981 1663 ἀλλ’
1017 1610 1240 1679 ὕστερον
1278 1607 1499 1678 ἔμελλον
1529 1608 1734 1662 δεῖσθαι
1773 1611 1873 1680 τῆς
1903 1609 2047 1677 ὠφε-

465 1699 615 1761 λείας
636 1696 840 1766 ταύτης
871 1696 939 1758 ⁶⁶,
967 1693 1102 1764 μετὰ
1127 1694 1195 1745 τά
1216 1695 1417 1762 σημεῖα
1451 1691 1542 1744 καὶ
1563 1691 1632 1745 τὰ
1657 1691 1932 1762 θαύματα,
1958 1692 2049 1746 καὶ

465 1781 564 1852 τὴν
589 1781 688 1848 τῆς
718 1777 867 1850 [187]
893 1777 1215 1846 οἰκουμένης
1248 1775 1412 1845 τιμὴν
1431 1815 1444 1835 ,
1481 1775 1575 1827 καὶ
1617 1775 1714 1847 τὴν
1753 1775 1889 1847 πρὸς
1917 1775 2049 1829 Θεὸν

467 1863 798 1936 παρρησίαν.
837 1859 972 1914 Οὔτε
1007 1859 1116 1928 γὰρ
1156 1857 1402 1919 πλοῦτος,
1434 1857 1555 1909 οὕτε
1592 1857 1901 1923 δυναστεία,
1948 1859 2049 1910 οὐκ

467 1935 602 2015 αὑτὴ
631 1947 662 2014 ἡ
695 1943 939 2014 βασιλεία
973 1940 1143 2002 οὕτως
1177 1941 1377 2010 ἐπᾶραι
1402 1935 1470 2009 ἦν
1503 1941 1681 2010 ἱκανὴ,
1713 1941 1788 2004 ὡς
1813 1941 1880 1993 τὰ
1909 1941 2050 1994 ἐκεί-

463 2046 575 2091 νοις
628 2026 962 2098 ὑπάρξαντα.
1009 2023 1215 2084 Ἀλλως
1263 2023 1319 2076 δὲ
1374 2024 1467 2075 καὶ
1515 2024 1620 2092 πρὸ
1663 2024 1770 2076 τῶν
1806 2024 2047 2094 σημείων

464 2112 608 2174 εἰκὸς
628 2106 693 2180 ἦν
715 2110 910 2170 αὐτοὺς
942 2107 1036 2160 καὶ
1057 2105 1176 2159 τότε
1207 2106 1534 2176 ἐπαρθῆναι,
1562 2106 1622 2160 τὸ
1654 2107 1856 2179 πλῆθος
1877 2108 2048 2179 ὁρῶν-

463 2212 560 2257 τας
591 2194 685 2247 καί.
719 2192 776 2246 τὸ
800 2191 1026 2261 θέατρον
1055 2192 1229 2242 ἐκεῖνο
1275 2189 1335 2241 τὸ
1368 2191 1732 2262 περιεστηκὸς
1775 2191 1865 2245 τὸν
1905 2191 2048 2244 διδά-

467 2278 682 2341 σκαλον,
714 2276 808 2328 καὶ
830 2274 1021 2326 παθεῖν
1043 2289 1093 2324 τι
1127 2270 1487 2341 ἀνθρώπινον.
1519 2273 1719 2344 Διόπερ
1748 2273 1924 2326 αὐτῶν
1954 2274 2045 2325 εὐ-

466 2362 601 2423 θέως
630 2357 982 2412 καταστέλλει
1013 2356 1072 2408 τὸ
1123 2356 1397 2425 φρόνημα.
1451 2357 1561 2408 Kal
1605 2356 1705 2408 οὐκ
1754 2356 1963 2424 εἰσάγει
1989 2359 2046 2410 ἐν

463 2444 614 2510 τάξει
642 2440 1012 2514 παραινέσεων
1043 2440 1086 2470 ⁸⁷
1108 2439 1174 2491 τὰ
1208 2439 1476 2509 λεγόμενα
1508 2439 1602 2492 καὶ
1631 2439 2044 2509 ἐπιταγμάτων,

465 2530 578 2583 ἀλλ’
605 2531 663 2581 ἐν
700 2526 850 2592 τάξει
878 2523 1251 2596 μακαρισμοῦ,
1284 2523 1751 2595 ἀνεπαχθέστερον
1775 2524 1866 2577 τὸν
1890 2525 2048 2593 λόγον

465 2614 656 2678 ποιῶν,
691 2611 784 2664 καὶ
829 2609 994 2661 πᾶσιν
1022 2606 1252 2675 ἀνοίγων
1300 2606 1361 2659 τὸ
1413 2607 1513 2676 τῆς
1541 2607 1887 2670 διδασκαλίας
1918 2607 2046 2661 στά-

462 2696 592 2750 διον.
613 2695 688 2747 Οὐ
706 2693 814 2764 γὰρ
836 2686 1008 2753 εἶπεν,
1039 2689 1098 2741 '0
1120 2687 1262 2741 δεῖνα
1286 2689 1379 2741 καὶ
1395 2691 1423 2742 ό
1441 2688 1611 2753 δεῖνα,
1631 2689 1767 2755 ἀλλ’,
1791 2691 1854 2743 Ol
1874 2689 2047 2744 ταῦτα

466 2779 744 2840 ποιοῦντες
777 2775 1033 2846 μακάριοι
1058 2773 1277 2836 πάντες.
1306 2773 1469 2825 Ὥστε
1494 2772 1598 2826 κᾶν
1625 2773 1809 2838 δοῦλος
1833 2770 1920 2847 ᾖς,
1943 2774 2046 2829 κᾶν

466 2861 700 2931 πτωχὸς,
733 2859 837 2912 κᾶν
858 2858 902 2890 ⁵⁸
931 2857 1120 2927 πένης,
1151 2853 1252 2908 κᾶν
1283 2854 1452 2922 ξένος,
1485 2855 1589 2909 κᾶν
1626 2856 1857 2927 ἰδιώτης,
1893 2858 2044 2910 οὐδέν

464 2947 579 2999 ἐστι
602 2943 658 2996 τὸ
687 2941 893 2995 κωλύον
923 2956 982 2992 σε
1021 2938 1235 2991 ἔσεσθαι
1269 2939 1536 3009 μακάριον
1561 2980 1574 3002 ,
1610 2938 1676 2992 ἂν
1709 2941 1805 3010 τὴν
1844 2941 2044 3012 ἀρετὴν

463 3029 665 3100 ταύτην
711 3023 980 3098 ζηλώσῃς.
1050 3022 1380 3092 Ἀρξάμενος
1410 3022 1587 3074 τοίνυν
1619 3023 1885 3088 ἐντεῦθεν,
1922 3025 2045 3078 ὃθεν

467 3115 700 3187 μάλιστα
720 3111 908 3183 ἐχρῆν,
940 3107 1185 3180 πρόεισιν
1213 3107 1296 3175 ἐφ’
1324 3108 1516 3176 ἑτέραν
1537 3108 1776 3178 ἐντολὴν,
1811 3110 2048 3162 άπεναν-

463 3202 584 3264 ,πίας
635 3200 679 3231 σο
731 3195 995 3250 δοκοῦσαν
1046 3190 1184 3246 εἶναι
1218 3195 1282 3262 τῇ
1333 3192 1429 3263 τῆς
1488 3192 1811 3261 οἰκουμένης
1857 3193 2038 3264 ψήφῳ,

471 3284 754 3338 Ἀπάντων
776 3281 884 3350 γὰρ
917 3279 1044 3340 τοὺς
1071 3276 1359 3348 χαίροντας
1404 3275 1676 3342 ζηλωτοὺς
1723 3273 1860 3330 εἶναι
1885 3295 2042 3348 νομι-

462 3369 684 3432 ζόντων,
733 3365 859 3427 τοὺς
911 3362 966 3414 δέ
1017 3364 1073 3414 ἐν
1118 3360 1328 3430 ἀθυμίᾳ.
1377 3360 1470 3412 καὶ
1517 3360 1676 3430 πενίᾳ
1721 3360 2043 3414 καὶτπένθει

463 3453 700 3515 ἀθλίους,
724 3449 886 3510 αὐτὸς
915 3444 1136 3508 τούτους
1159 3444 1273 3498 ἀντ’
1297 3445 1520 3497 ἐκείνων
1539 3443 1854 3515 μακαρίζει,
1872 3445 2044 3512 λέγων

460 3536 630 3590 οὕτω·
667 3532 956 3600 Μακάριοι
984 3533 1037 3584 οὶ
1067 3529 1449 3593 πενθοῦντες.
1495 3529 1754 3598 Καίτοιγε
1806 3530 2043 3596 ἅπαντες

463 3620 658 3681 αὐτοὺς
706 3614 1069 3678 ταλανίζουσι.
1108 3612 1204 3663 Διὰ
1234 3610 1342 3680 γὰρ
1376 3612 1421 3641 ⁷⁰
1455 3611 1612 3663 τοῦτο
1661 3612 1948 3683 προλαϐὼν
1977 3613 2044 3667 τὰ

465 3701 666 3771 σημεῖα
695 3696 1010 3768 εἰργάσατο,
1034 3694 1118 3745 ἵνα
1144 3692 1366 3745 τοιαῦτα
1392 3693 1701 3762 νομοθετῶν
1731 3695 2041 3761 ἀξιόπιστος

461 3782 518 3856 ᾖ.
547 3783 656 3837 Καὶ
685 3779 918 3834 ἐνταῦθα
954 3778 1010 3830 δὲ
1034 3776 1194 3830 πάλιν
1223 3777 1319 3846 οὐχ
1343 3777 1526 3840 ἁπλῶς
1560 3779 1687 3840 τοὺς
1712 3777 2042 3844 πενθοῦντας

463 3867 728 3930 τέθεικεν,
750 3862 887 3917 ἀλλά
908 3864 1034 3925 τοὺς
1054 3861 1195 3930 ὑπὲρ
1215 3860 1629 3932 ἁμαρτημάτων
1649 3861 1807 3915 τοῦτο
1827 3863 2040 3917 ποιοῦν-

462 3967 592 4014 τας’
619 3949 694 4013 ὡς
738 3949 797 4002 τό
845 3964 907 4016 γε
951 3947 1136 4017 ἕτερον
1179 3947 1273 3998 καὶ
1321 3945 1527 4015 σφόδρα
1563 3946 1678 3998 ἐστὶ
1728 3947 2042 4017 κεκωλυμέ-

462 4054 571 4099 νον,
603 4033 665 4087 τὸ
699 4033 788 4087 ἐπί
818 4050 923 4084 τινι
943 4030 1048 4083 τῶν
1078 4028 1346 4100 βιωτικῶν
1368 4029 1604 4101 θρηνεῖν.
1633 4031 1810 4102 Ὅπερ
1832 4026 1923 4085 οὖν
1947 4033 2042 4086 καὶ

458 4122 488 4173 ὁ
539 4117 747 4180 Παῦλος
796 4115 982 4184 ἐδήλου
1022 4114 1230 4182 λέγων,
1273 4114 1357 4167 ὅτι
1405 4113 1476 4167 Ἦ
1518 4113 1635 4182 μὲν
1666 4112 1770 4166 τοῦ
1809 4115 2042 4184 κόσμου

459 4204 650 4268 λύπη,
679 4201 936 4254 θάνατον
974 4195 1408 4265 κατερ’νάξεται⁸
1447 4196 1485 4263 ἠ
1517 4197 1586 4250 δὲ
1624 4196 1773 4252 κατὰ
1803 4197 1953 4252 Θεὸν
1971 4199 2039 4264 τι,

457 4285 780 4356 μετάνοιαν
821 4285 909 4347 εἰς
941 4280 1242 4349 σωτηρίαν
1279 4279 1728 4350 ἀμεταμέλητον
1757 4281 2041 4351 κατεργά-

462 4369 634 4432 ζεται.

530 4460 600 4506 ν’.
621 4450 854 4513 Τούτους
869 4447 1046 4502 τοίνυν
1069 4447 1162 4500 καὶ
1177 4446 1334 4508 αὐτὸς
1355 4446 1587 4501 ἐνταῦθα
1609 4447 1899 4519 μακαρίζει
1919 4450 2044 4514 τοὺς

460 4537 602 4590 οῦτω
625 4531 996 4603 λυπουμένους
1015 4547 1027 4560 ·
1053 4531 1147 4583 καὶ
1175 4528 1293 4581 οὐδὲ
1323 4528 1506 4591 ἁπλῶς
1527 4531 1652 4591 τοὺς
1674 4530 2043 4601 λυπουμένους

461 4619 723 4682 τέθεικεν,
751 4615 887 4672 ἀλλά
915 4616 1041 4676 τοὺς
1072 4612 1188 4684 μετ’
1219 4613 1542 4675 ἐπιτάσεως.
1576 4611 1774 4684 Διόπερ
1817 4615 1936 4668 οὐδὲ
1964 4613 2042 4669 εἴ-

463 4723 582 4766 πεν,
615 4706 676 4758 Οἱ
694 4696 1212 4772 λυπούμενοι,ἀλλά,
1245 4699 1309 4750 Οἱ
1329 4695 1708 4764 πενθοῦντες.
1741 4700 1850 4751 Kal
1869 4699 1977 4772 γάρ
1993 4703 2039 4732 ⁷³

462 4787 598 4857 αῦτη
634 4787 792 4841 πάλιν
824 4788 856 4856 ἡ
887 4783 1073 4854 ἐντολὴ
1105 4781 1286 4853 πάσης
1315 4781 1431 4834 ἐστὶ
1454 4780 1767 4850 φιλοσοφίας
1791 4781 2042 4837 διδάσκα-

461 4871 572 4934 λος.
606 4871 668 4924 Εἰ
695 4870 803 4941 γὰρ
830 4873 878 4922 οἰ
910 4869 1124 4932 παῖδας,
1177 4866 1210 4937 ἢ
1264 4867 1312 4897 ⁷³
1345 4867 1579 4934 γυναῖκα
1605 4904 1618 4924 .
1668 4865 1702 4936 ἢ
1735 4865 1892 4919 ἄλλον
1921 4869 2042 4922 τινὰ

460 4952 570 5008 τῶν
608 4954 991 5024 προσηκόντων
1019 4949 1324 5005 ἀπελθόντα
1358 4947 1678 5012 πενθοῦντες
1704 4949 1772 5014 ⁷⁵,
1807 4949 1868 5002 οὐ
1907 4967 2043 5021 χρη-

1158 211 1218 269 S.
1253 210 1538 268 JOANNIS
1575 207 2063 268 CHRYSOSTOMI
2104 208 2421 267 ARCHIEP.
2463 209 3013 268 CONSTANTINOP.

3621 215 3732 271 226

2154 329 2362 398 μάτων,
2392 330 2454 381 οὐ
2502 330 2770 399 σωμάτων
2814 328 2980 399 ἐρῶσι
3010 325 3132 382 κατ’
3158 326 3368 382 ἐκεῖνον
3395 325 3494 397 τῆς
3537 328 3736 400 ὀδύνης

2149 407 2240 458 τὸν
2273 407 2486 477 καιρὸν,
2507 409 2566 460 οὐ
2598 405 2755 478 δόξης
2781 406 3048 475 ἐφίενται.
3069 406 3166 476 οὐχ
3188 403 3379 477 ὕϐρεσι
3399 406 3735 477 παροξύνον-

2150 505 2258 548 ται,
2294 487 2391 557 οὐχ
2422 487 2527 540 ὑπὸ
2569 486 2868 557 βασκανίας
2916 487 3250 549 ἁλίσκονται,
3307 485 3404 555 οὐχ
3437 486 3541 539 ὑπὸ
3569 487 3733 541 ἀλλου

2152 563 2560 634 πολιορκοῦνταί
2594 583 2738 628 τινος
2774 564 3010 629 πάθους,
3050 564 3144 617 τοῦ
3181 565 3226 596 ⁷⁵
3260 563 3490 628 πένθους
3520 565 3739 637 γινόμε-

2149 661 2228 697 νοι
2255 645 2416 713 μόνου
2437 661 2452 676 ο
2478 643 2658 715 πολλῷ
2688 643 2888 714 μᾶλλον
2903 647 2952 697 οἰ
2976 644 3045 698 τά
3071 644 3447 715 ἁμαρτήματα
3474 643 3737 699 πενθοῦνο

2149 740 2238 786 τες
2258 723 2326 776 τά
2351 723 2580 788 ἐαυτῶν,
2607 725 2683 786 ὼς
2703 723 2923 777 πενθεῖν
2949 723 3119 790 ἀξιον,
3143 722 3367 793 μείζονα
3387 723 3592 795 ταύτης
3620 726 3734 777 ἐπι-

2149 800 2411 866 δείξονται
2446 801 2781 871 φιλοσοφίαν.
2811 798 2968 864 Εῐτα,
3000 802 3051 855 τί
3082 801 3142 854 τὸ
3175 801 3410 855 ἔπαθλον
3445 802 3628 864 αὐτοῖς
3652 804 3732 868 ης

2152 880 2281 933 Ὅτι
2296 881 2464 934 αὐτοί
2488 881 3081 948 παρακληθήσονται,
3110 881 3295 950 φησίν.
3318 880 3424 933 Ποῦ
3448 881 3736 953 παρακλη-

2151 959 2404 1029 θήσονται
2434 960 2478 991 ⁷⁷
2504 976 2518 1024 ;
2559 959 2681 1012 εἰπέ
2707 977 2818 1030 μοι.
2847 962 2954 1014 Kal
2977 959 3210 1014 ἐνταῦθα
3239 960 3333 1013 καὶ
3361 961 3733 1032 ἐκεῖ.Ἐπειδὴ

2151 1036 2259 1106 γὰρ
2296 1037 2356 1089 τὸ
2389 1037 2667 1107 ἐπίταγμα
2711 1038 2916 1108 σφόδρα
2949 1033 3017 1108 ἦν
3056 1037 3312 1108 φορτικὸν
3345 1038 3441 1090 καὶ
3475 1038 3732 1107 ἐπαχθὲς.

2150 1116 2178 1168 ὃ
2209 1115 2445 1186 μάλιστα
2483 1115 2614 1169 αὐτὸ
2645 1115 2845 1184 κοῦφον
2892 1116 3105 1185 ἐποίει,
3136 1115 3294 1171 τοῦτο
3340 1115 3606 1187 ὑπέσχετο
3631 1116 3737 1170 δώ-

2154 1212 2284 1248 σειν.
2314 1195 2477 1248 Ὥστε
2505 1197 2552 1247 εἰ
2586 1195 2758 1259 θέλεις
2811 1194 2960 1267 [188]
3011 1195 3490 1268 παρακαλεῖσθαι,
3523 1197 3733 1251 πένθει.

2150 1275 2259 1327 Kal
2289 1275 2362 1345 μὴ
2398 1275 2625 1344 νομίσῃς
2657 1275 2887 1344 αἴνιγμα
2941 1269 3080 1328 εἶναι
3107 1275 3168 1328 τὸ
3217 1274 3524 1346 εἰρημένον.
3565 1274 3736 1330 Ὅταν

2151 1357 2257 1430 γὰρ
2289 1360 2317 1411 ό
2342 1358 2472 1421 Θεὸς
2506 1358 2820 1431 παρακαλῇ,
2852 1358 2952 1413 κᾶν
2988 1360 3179 1432 μυρίαι
3199 1360 3420 1428 νιφάδες
3463 1358 3734 1414 ἐπέλθωσι

2150 1440 2430 1512 λυπηρῶν,
2457 1443 2674 1496 πάντων
2697 1440 2965 1514 ἀνώτερος
2991 1444 3109 1514 ἔσῃ.
3145 1443 3254 1497 Kal
3273 1441 3382 1514 γὰρ
3409 1444 3590 1516 πολλῷ
3609 1445 3733 1515 μεί-

2153 1524 2273 1589 ζους
2299 1525 2385 1576 ἀεὶ
2410 1523 2518 1576 τῶν
2545 1525 2720 1578 πόνων
2753 1525 2931 1579 δίδωσι
2962 1525 3062 1588 τὰς
3095 1526 3327 1597 ἀμοιϐὰς
3363 1529 3391 1580 ὁ
3419 1527 3550 1592 Θεός
3574 1546 3587 1558 ·
3617 1529 3646 1582 ὃ
3666 1529 3734 1600 δὴ

2151 1607 2245 1661 καὶ
2273 1607 2505 1661 ἐνταῦθα
2544 1608 2832 1678 πεποίηκε,
2887 1609 3187 1680 μακαρίους
3232 1610 3548 1678 ἀποφαίνων
3606 1614 3733 1677 τοὺς

2152 1690 2498 1756 πενθοῦντας,
2521 1693 2582 1744 οὐ
2617 1691 2757 1745 κατὰ
2780 1693 2878 1762 τὴν
2905 1692 2999 1745 τοῦ
3033 1695 3358 1764 πράγματος
3387 1694 3562 1758 ἀξίαν,
3595 1697 3734 1750 ἀλλά

2151 1774 2292 1827 κατά
2321 1775 2420 1846 τὴν
2443 1775 2609 1828 αὑτοῦ
2647 1775 3141 1846 φιλανθρωπίαντθ.
3170 1777 3232 1829 Ol
3255 1776 3365 1848 γάρ
3385 1777 3731 1844 πενθοῦντες,

2152 1856 2598 1929 πλημμελήματα
2619 1857 2875 1910 πενθοῦσι
2896 1875 2908 1887 ·
2935 1860 3049 1920 τοῖς
3067 1859 3124 1911 δὲ
3147 1859 3404 1923 τοιούτοις
3424 1862 3586 1931 ἀρκεῖ
3608 1863 3666 1915 τὸ
3683 1865 3732 1895 ⁷⁸

2152 1939 2481 2012 συγγνώμης
2529 1939 2832 1995 ἀπολαῦσαι
2886 1941 2977 1994 καὶ
3019 1941 3312 2012 ἀπολογίας
3341 1948 3541 2014 τυχεῖν.
3591 1945 3734 1999 Ἀλλ’

2151 2023 2339 2094 ἐπειδὴ
2370 2023 2528 2088 αὐτὸς
2563 2024 2764 2094 σφόδρα
2787 2024 2902 2076 ἐστὶ
2929 2023 3330 2095 φιλάνθρωπος,
3359 2028 3479 2080 οὐδὲ
3497 2028 3546 2059 ⁸⁸
3579 2030 3640 2081 ἐν
3661 2032 3732 2101 τῇ

2151 2106 2258 2160 τῶν
2285 2107 2561 2159 κολάσεων
2585 2106 2883 2178 ἀναιρέσει,
2919 2107 3041 2160 οὐδὲ
3077 2111 3134 2161 ἐν
3167 2110 3232 2179 τῇ
3267 2113 3374 2163 τῶν
3402 2112 3734 2183 ἁμαρτημά-

2149 2207 2256 2243 των
2285 2190 2574 2261 ἀπαλλαγῇ
2605 2192 2704 2261 τὴν
2738 2190 3003 2246 ἀντίδοσιν
3042 2191 3273 2263 ἵστησιν,
3325 2193 3461 2249 ἀλλά
3494 2195 3587 2248 καὶ
3621 2214 3730 2268 μα⁹

2150 2274 2375 2344 καρίους
2400 2276 2564 2337 ποιεῖ,
2605 2273 2701 2326 καὶ
2735 2273 2934 2344 πολλῆς
2965 2274 3286 2344 μεταδίδωσι
3309 2278 3729 2348 παρακλήσεως.

2150 2357 2371 2411 Πενθεῖν
2400 2358 2456 2411 δὲ
2483 2359 2630 2429 ἡμᾶς
2656 2359 2755 2429 οὐχ
2786 2358 2926 2430 ὑπὲρ
2965 2358 3076 2412 τῶν
3116 2360 3331 2413 οἰκείων
3367 2361 3548 2432 μόνον,
3589 2362 3730 2418 ἀλλά

2149 2443 2246 2496 καὶ
2297 2443 2438 2512 ὑπὲρ
2469 2442 2578 2496 τῶν
2613 2442 2908 2513 ἀλλοτρίων
2945 2441 3156 2495 κελεύει
3199 2443 3492 2517 πλημμελη
3503 2445 3726 2516 μάτων·

2147 2520 2258 2578 οἷαι
2290 2525 2397 2579 τῶν
2432 2526 2602 2594 ἁγίων
2634 2521 2775 2596 ἦσαν
2813 2526 2870 2578 αἰ
2899 2526 3069 2598 ψυχαί
3093 2543 3107 2556 ο
3139 2527 3223 2579 οἶα
3244 2522 3312 2599 ἧν
3358 2530 3390 2599 ἡ
3427 2529 3521 2582 τοῦ
3560 2530 3728 2585 Μωῦ-

2150 2608 2325 2672 σέως·
2351 2608 2439 2662 οἵα
2491 2610 2525 2678 ἡ
2556 2608 2650 2660 τοῦ
2705 2608 2922 2662 Παύλου
2948 2650 2964 2676 ,
2991 2611 3024 2679 ἠ
3065 2609 3109 2642 ³⁸
3140 2608 3232 2662 τοῦ
3262 2611 3452 2664 Δαυῒδ·
3494 2613 3588 2664 καὶ
3617 2615 3729 2685 γάρ

2150 2694 2243 2746 καὶ
2267 2687 2412 2748 οῦτοι
2438 2692 2639 2758 πάντες
2667 2692 2926 2763 ἀλλότρια
2954 2693 3214 2757 πολλάκις
3230 2695 3536 2766 ἐπένθησαν
3558 2697 3726 2752 κακά.

2149 2775 2443 2844 Μακάριοι
2480 2778 2535 2829 οί
2579 2776 2808 2844 πραεῖς,
2853 2776 2943 2830 ὅτι
2979 2777 3149 2830 αὐτοὶ
3193 2779 3728 2849 κληρονομήσουσι

2148 2859 2262 2928 τὴν
2291 2858 2427 2930 γῆν.
2463 2858 2629 2912 Ποίαν
2667 2859 2804 2930 γῆν;
2833 2859 2953 2912 εἰπέ
2984 2876 3094 2930 μοι.
3133 2860 3288 2924 Τινές
3312 2863 3509 2931 νοητήν
3540 2880 3727 2932 φασιν.

2161 2944 2298 2997 Ἀλλ’
2332 2944 2432 2997 οὐκ
2461 2941 2576 2996 ἐστι
2597 2941 2786 2996 τοῦτο·
2814 2942 3048 3014 οὐδαμοῦ
3072 2943 3181 3015 γάρ
3211 2945 3540 3018 εὑρίσκομεν
3576 2949 3633 3000 ἐν
3659 2950 3728 3020 τῇ

2147 3028 2335 3100 Γραφῇ
2371 3027 2476 3097 γῆν
2507 3027 2727 3096 νοητήν.
2764 3025 2924 3080 Ἀλλά
2955 3027 3008 3080 τί
3041 3029 3171 3081 ποτέ
3199 3028 3245 3060 ⁸³
3273 3030 3388 3083 ἐστι
3413 3031 3475 3083 τὸ
3504 3033 3730 3102 εἰρημέ-

2147 3128 2270 3179 νον;
2307 3109 2571 3180 Αἰσθητὸν
2599 3109 2810 3179 τίθησιν
2841 3109 3094 3177 ἔπαθλον,
3115 3111 3302 3185 ῶσπερ
3329 3113 3375 3145 ⁸³
3403 3114 3494 3168 καὶ
3523 3118 3550 3167 ὁ
3585 3115 3730 3168 Παῦ-

2146 3194 2256 3256 λος.
2285 3192 2470 3246 Εἰπὼν
2493 3193 2624 3264 γὰρ,
2653 3193 2797 3261 Τίμα
2821 3192 2928 3246 τὸν
2952 3194 3178 3263 πατέρα
3206 3211 3322 3250 σου
3355 3197 3454 3250 καὶ
3481 3197 3596 3266 τὴν
3613 3217 3730 3268 μη-

2146 3278 2285 3346 τέρα
2305 3291 2442 3342 σου,
2474 3277 2773 3347 ἐπήγαγεν,
2808 3276 2972 3348 οὕτω
3008 3275 3118 3347 τὰρ
3149 3277 3268 3347 ἔσῃ
3288 3283 3729 3350 μακροχρόνιος

2145 3362 2243 3414 ἐπὶ
2273 3361 2383 3429 τῆς
2425 3359 2558 3429 γῆς.
2589 3361 2698 3413 Καὶ
2727 3360 2886 3424 αὐτὸς
2914 3360 2991 3431 τῷ
3019 3359 3190 3434 λῃστῇ
3223 3363 3385 3416 πάλιν
3412 3382 3425 3395 ·
3459 3365 3732 3434 Σήμερον

2141 3448 2268 3517 μετ’
2284 3445 2430 3514 ἐμοῦ
2455 3447 2569 3513 ἔσῃ
2603 3445 2672 3498 ἐν
2694 3445 2774 3511 τῷ
2800 3444 3163 3512 παραδείσῳ.
3195 3446 3332 3501 Οῦτε
3365 3449 3472 3521 γὰρ
3493 3451 3599 3503 ἀπὸ
3619 3450 3730 3505 τῶν

2149 3530 2448 3601 μελλόντων
2481 3528 2698 3597 ἀγαθῶν
2731 3528 3028 3599 προτρέπει
3062 3530 3252 3600 μόνον,
3292 3531 3428 3586 ἀλλά
3476 3534 3571 3587 καὶ
3618 3533 3732 3588 ἀπὸ

2145 3617 2252 3668 τῶν
2281 3613 2586 3684 παρόντων.
2615 3612 2702 3665 διά
2722 3613 2847 3676 τοὺς
2875 3615 3215 3683 παχυτέρους
3234 3615 3338 3668 τῶν
3360 3618 3731 3688 ἀκροωμένων

2146 3698 2240 3750 καὶ
2274 3698 2379 3769 πρὸ
2417 3696 2524 3749 τῶν
2563 3695 2862 3766 μελλόντων
2891 3697 3076 3750 ἐκεῖνα
3104 3696 3421 3769 ζητοῦντας.
3448 3701 3548 3755 Διά
3569 3702 3731 3755 τοῦτο

2144 3783 2274 3851 γοῦν
2304 3785 2398 3838 καὶ
2419 3781 2622 3854 προῖὼν
2645 3781 2829 3850 ἔλεγεν
2849 3797 2863 3810 ·
2903 3780 3063 3838 Ἰσθι
3084 3783 3315 3838 εὐνοῶν
3344 3784 3423 3850 τῷ
3445 3786 3731 3854 ἀντιδίκῳ

2144 3881 2281 3920 σου.
2313 3861 2446 3918 Εἶτα
2478 3866 2573 3935 τῆς
2605 3863 2861 3935 τοιαύτης
2882 3865 3202 3935 φιλοσοφίας
3231 3866 3291 3920 τὸ
3324 3867 3555 3922 ἔπαθλον
3575 3869 3730 3941 τίθη-

2147 3967 2219 4012 σι,
2250 3950 2343 4002 καί
2376 3966 2538 4021 φησι·
2570 3948 2666 4015 Μή
2701 3947 2847 4002 ποτέ
2872 3963 2945 4002 σε
2970 3948 3216 4018 παραδῷ
3248 3954 3281 4004 ό
3318 3952 3620 4017 ἀντίδικος
3647 3953 3729 4019 τῷ

2145 4031 2336 4100 κριτῇ,
2366 4033 2465 4086 καί
2495 4035 2527 4086 ὀ
2561 4031 2764 4100 κριτὴς
2789 4031 2869 4097 τῷ
2893 4031 3178 4102 ὑπηρέτῃ.
3225 4035 3386 4106 Ὁρᾷς
3411 4035 3574 4089 πόθεν
3598 4037 3731 4105 ἐφό-

2145 4115 2350 4186 ϐησεν;
2389 4115 2522 4168 Ἀπὸ
2575 4115 2683 4170 τῶν
2730 4116 3026 4186 αἰσθητῶν,
3091 4117 3196 4170 ἀπὸ
3227 4117 3336 4170 τῶν
3374 4119 3522 4189 παρὰ
3558 4119 3730 4184 πόδας

2147 4198 2573 4271 συμϐαινόντων.
2602 4199 2713 4253 Καὶ
2734 4197 2894 4252 πάλιν
2916 4217 2929 4230 ο
2960 4201 3056 4266 Ὃς
3082 4200 3190 4254 ἐὰν
3213 4201 3355 4271 εἴπῃ
3378 4201 3457 4267 τῷ
3487 4201 3728 4270 ἁδελφῷ

2143 4283 2352 4349 αὐτοῦ,
2389 4281 2594 4348 Ῥακά,
2634 4283 2851 4353 ἔνοχος
2887 4283 3058 4337 ἔσται
3089 4282 3169 4349 τῷ
3213 4284 3528 4353 συνεδρίῳ.
3567 4285 3671 4340 Kal
3698 4290 3728 4340 ό

2146 4367 2356 4430 Παῦλος
2401 4365 2457 4419 δέ
2501 4365 2738 4437 αἰσθητά
2790 4365 2958 4430 τιθεὶς
2999 4366 3206 4420 ἔπαθλα
3250 4366 3414 4431 πολύς
3447 4370 3585 4432 ἐστι,
3630 4370 3727 4422 καὶ

2145 4450 2253 4502 ἀπὸ
2276 4449 2384 4501 τῶν
2417 4448 2696 4520 παρόντων
2722 4449 3046 4520 προτρέπων
3069 4451 3141 4482 ⁸⁵·
3178 4444 3290 4504 οἷον
3321 4451 3394 4513 ὡς
3427 4452 3554 4505 ὅταν
3586 4454 3716 4522 περὶ

2148 4532 2445 4602 παρθενίας
2471 4531 2821 4602 διαλέγηται·
2855 4532 3006 4586 οὒδέν
3035 4531 3144 4604 γάρ
3171 4534 3298 4605 περὶ
3339 4533 3449 4586 τῶν
3481 4535 3726 4606 οὐρανῶν

2145 4614 2316 4668 εἰπὼν
2341 4617 2474 4678 ἐκεῖ,
2504 4614 2645 4677 τέως
2672 4615 2780 4668 ἀπὸ
2794 4615 2839 4647 ⁸⁵
2867 4615 2975 4668 τῶν
2996 4616 3276 4687 παρόντων
3301 4617 3504 4685 ἐνάγει,
3528 4617 3724 4686 λέγων·

2145 4701 2249 4752 Διά
2267 4699 2382 4766 τὴν
2401 4697 2752 4751 ἐνεστῶσαν
2769 4696 3042 4767 ἀνάγκην
3059 4715 3072 4728 ·
3100 4699 3190 4752 καὶ
3207 4740 3222 4764 ,
3264 4702 3411 4769 Ἐγὼ
3453 4701 3521 4754 δὲ
3559 4702 3727 4770 ὑμῶν

2144 4783 2417 4852 φείδομαι
2438 4798 2451 4810 ·
2500 4782 2614 4846 καὶ,
2667 4782 2829 4836 Θέλω
2851 4782 2919 4834 δὲ
2965 4781 3119 4852 ὑμᾶς
3151 4784 3510 4854 ἀμερίμνους
3543 4782 3722 4842 εἰναι.

2144 4865 2299 4918 Οῦτω
2326 4863 2503 4935 δήκαὶ
2530 4866 2557 4917 ὁ
2587 4865 2820 4934 Χριστὸς
2845 4867 2958 4927 τοῖς
2983 4869 3371 4936 πνευματικοῖς
3393 4867 3461 4921 τὰ
3491 4869 3725 4940 αἰσθητά

2142 4948 2414 5020 ἀνέμιξεν.
2476 4948 2691 5018 Ἐπειδὴ
2725 4948 2833 5020 γάρ
2888 4948 3163 5021 νομίζεται
3203 4953 3231 5004 ὀ
3275 4953 3449 5017 πρᾶος
3507 4952 3725 5009 ἅπαντα

532 5077 992 5153 ξξσυνάγῇςξὲςιιιίἑ
1044 5074 1276 5153 εξταῦτα
1301 5075 1495 5153 οηικᾼ.
1591 5072 1793 5153 ταῦτα]
1813 5071 1978 5153 αὑτοῦ
1993 5073 2045 5153 [ε’ἶ

2167 5073 2400 5153 ταύτημςῖι
2416 5073 2630 5153 ἐκείνης
2829 5077 2872 5153 ⁸]
2891 5077 3266 5153 παραθέσεως
3365 5077 3462 5147 Ep.
3591 5081 3721 5153 κᾶν]

459 5149 552 5206 καί
576 5149 642 5201 Α.
670 5146 730 5198 Β.
775 5142 817 5176 ’δί’
843 5144 936 5214 Sic
956 5143 1050 5214 Εξιι.
1075 5145 1400 5214 ἀπεναντίαν
1422 5145 1480 5214 l).
1513 5144 1571 5214 Ε.
1591 5143 1650 5198 F.
1676 5142 2000 5214 ὑπεναντίαν
2024 5147 2045 5199 1

2148 5156 2169 5200 ι.
2193 5147 2254 5200 C.
2305 5142 2352 5177 ’δ
2376 5142 2476 5197 Διά
2501 5142 2608 5214 γάρ

1123 5214 1297 5286 ⁷1Καί
1315 5213 1449 5286 γάρ]
1474 5213 1566 5267 καί
1583 5214 1713 5286 Εόό.
1782 5213 1931 5286 "ﬁl
1943 5216 2036 5286 καί

2148 5217 2208 5270 D.
2227 5218 2488 5283 γυναῖκας
2513 5213 2700 5286 Ρ.
2718 5213 2880 5270 Eulh.
2956 5218 3004 5249 "'
3030 5213 3350 5285 πενθοῦντες

461 5291 557 5360 Ep.
593 5281 612 5291 ’
633 5288 681 5320 ’⁸
697 5283 821 5407 τοῦξ
852 5281 1107 5338 ἀλλάῖιοῦ
1139 5283 1276 5337 Mor.
1313 5281 1448 5366 Βεὴῖ
1478 5298 1602 5372 p.p.
1627 5281 1966 5363 ,μόνον-αἰ).
1994 5285 2054 5339 Ε.

461 5361 595 5407 Edrl-
669 5357 715 5391 ’³⁸
739 5374 798 5407 ιοι
819 5353 1170 5407 ,ανθοωπίανί
1199 5354 1326 5407 add.
1352 5353 1490 5407 όπεο
1510 5371 1571 5406 ου
1592 5370 1692 5407 της
1718 5370 1810 5406 του
1833 5355 2054 5407 ποάγμα

458 5217 613 5291 Θεόν]
636 5213 940 5291 ιιόά.-λύςιτη
960 5213 1057 5291 Ep.

2661 5145 2930 5221 aqua“:
3049 5149 3110 5202 Β.
3134 5149 3232 5221 Διά
3257 5149 3372 5221 γάρ
3392 5145 3474 5202 τοι
3496 5147 3631 5221 Edd.
3677 5145 3720 5186 ’ί

3399 5219 3720 5292 θρηνοῦντες

2140 5217 2208 5272 1).
2227 5218 2488 5283 γυναῖκας
2513 5217 2573 5269 F.
2607 5217 2700 5285 Ep.
2718 5217 2880 5270 Eulh.
2956 5218 3004 5249 "'
3030 5217 3720 5365 πενθοῦντες]]θρηνοῦντες

2134 5286 2198 5365 ⁷⁸·
2217 5285 2654 5365 ἀὑτοῐςιρςηκῆ
2713 5287 2778 5365 _"
2806 5289 3363 5365 εταρςικαληθήσονται
3409 5291 3542 5365 pdd_.
3571 5285 3721 5365 οῦτρι

461 5353 595 5416 ΕΜ,
659 5357 715 5430 ξε
739 5353 1170 5430 φιλανθρωπίαν]
1199 5354 1326 5430 αείό.
1352 5353 1490 5422 ὅπερ
1495 5353 1571 5430 ὀὐ
1592 5353 1692 5420 τῆς
1709 5353 1810 5430 Ατοῦ
1833 5355 2162 5430 πράγματος
2175 5353 2350 5430 ἀξίας,
2385 5355 2520 5430 ἀλλά
2539 5357 2648 5430 ’τῇς
2669 5356 2835 5430 αὐτοῦ
2865 5353 3278 5430 φιλανθρωπίας
3304 5353 3469 5416 ἐστίν.
3489 5358 3552 5415 C.
3576 5360 3638 5416 D.
3657 5361 3718 5416 E.

460 5422 899 5502 F.Ge.ilne‘pla_m
927 5422 1316 5502 διττογρᾶφίαν
1343 5438 1467 5502 gum
1493 5423 1590 5502 Ep.
1610 5433 1666 5502 ςι
1695 5424 1848 5502 Arn}.
1876 5422 2101 5502 's_u¥si_u_li.
2130 5422 2662 5502 qulplojeratgilibr
2686 5436 2777 5502 εει
2803 5422 2963 5502 lgclio
2983 5422 3234 5502 qodiclym
3258 5422 3345 5486 Ἀ.
3378 5431 3438 5486 Β.
3466 5432 3561 5502 qui
3594 5443 3721 5502 post

458 5493 789 5595 Ὓνθξὲγταξ
811 5498 892 5579 83°
919 5493 1384 5595 εθιἮίἾίὲῗῗίέξζῗ.
1399 5493 2045 5595 Ξέἷά.“ξῗὲ⁰ἶξξὲἷ³ἒῗυθέ

2155 5495 2284 5595 δελλζ
2300 5495 2626 5595 θπδεέιτέτιν
2651 5497 2712 5595 ιδ
2735 5499 2966 5595 me“

457 5572 558 5641 τῆς
586 5570 742 5635 ἀξίας
763 5567 856 5622 τοῦ
889 5567 1234 5652 πράγματος,
1251 5563 1386 5617 ἀλλά
1405 5563 1504 5633 τῆς
1533 5563 1696 5652 αὺτρῦ
1733 5565 2045 5668 φιλανθρωηπ

457 5642 544 5695 οῐα
570 5643 604 5708 ἡ
621 5641 681 5695 Ι).
703 5637 765 5694 F.
841 5639 888 5670 ιι
919 5637 1079 5708 Ἀλλά
1100 5653 1151 5708 τι
1184 5632 1338 5706 ποτε]
1353 5633 1418 5686 Τί
1436 5650 1566 5708 ποτε
1581 5635 1850 5708 ρων-ιςᾌῆ
1954 5635 2045 5708 ,ῳ1

2168 5565 2336 5618 ἐστίν.
2410 5563 2458 5595 ’⁸
2480 5563 2565 5637 τό]
2593 5568 2687 5620 καὶ
2718 5563 2934 5624 τόἘᾶἰι.
3015 5570 3062 5603 ⁸⁸
3087 5563 3232 5642 οὐδέ]
3251 5563 3437 5626 ούκἈ.
3454 5571 3514 5627 Β.
3589 5574 3634 5606 ⁸³
3658 5563 3719 5648 ἦ]

2148 5653 2178 5706 ρ
2200 5634 2270 5708 ⁸δὴ
2291 5637 2383 5689 καὶ
2401 5635 2458 5708 ἐν
2474 5638 2551 5708 τῇ
2567 5637 2774 5708 παλαιᾷ
2798 5639 2866 5691 Α.
2895 5639 2955 5692 Β.
2976 5638 3216 5696 Alteram
3245 5642 3532 5696 lectionem
3559 5651 3722 5698 tuen-

457 5629 554 5695 οῑιῖ
570 5643 604 5711 ἡ
621 5629 681 5695 [δ.
703 5629 765 5694 F.
841 5639 895 5711 ’ᾗ
919 5629 1079 5711 ’Ἀλλά
1100 5636 1151 5711 τί
1184 5632 1338 5706 ποτε]
1353 5633 1418 5686 Τί
1436 5629 1566 5711 ποτε
1581 5629 1683 5711 ρῦν

2995 5499 3230 5573 δεικνύςξ
3257 5502 3394 5573 ὅπερ
3422 5499 3523 5573 οὲξι
3549 5499 3724 5573 “his

2546 5564 2565 5637 J
2593 5568 2687 5648 καὶ
2718 5564 2934 5648 cyma;
2991 5570 3062 5648 ,ξι
3087 5569 3232 5642 οὐδέ]
3247 5564 3437 5648 ρικςΑ.
3454 5571 3514 5627 n.
3589 5574 3634 5606 ιι
3658 5564 3719 5648 ιζ]

460 5722 550 5789 Iul:
573 5703 808 5789 [lugu-pp.
860 5709 907 5740 ³⁸
926 5706 1226 5789 αἰσθητὰ...
1253 5703 1612 5789 προτρέπωνλ
1625 5704 1883 5789 πολλάκις
1899 5705 2045 5789 αἰσθι

2148 5703 2370 5789 ’τίθησιν
2395 5703 2628 5789 ἔπαέλαο
2666 5703 2760 5789 κυεῖ
2785 5708 2894 5789 de”?
2913 5710 3416 5789 τῶγ.πρρτρέῖιεεαι
3435 5709 3718 5789 Ρςβιειεμι

461 5780 555 5849 καὶ
576 5779 684 5830 ἀπὸ
704 5775 809 5830 τῶν
826 5775 1109 5849 παρόντων
1133 5776 1456 5849 προτρέπων
1470 5775 1648 5849 ⁸πολύς
1682 5776 1818 5837 ἐστι,
1837 5775 2183 5849 καίγαίσθητά
2208 5775 2375 5840 τιθεὶς
2393 5775 2623 5849 ἔπαθλα.
2645 5777 2762 5849 καί]
2798 5779 2886 5831 ἀεὶ
2903 5781 3080 5849 νκαίΕ.
3098 5775 3152 5834 ἐι
3184 5775 3278 5835 καί
3310 5783 3372 5837 υ.
3399 5781 3615 5846 πολλοῖς
3646 5787 3717 5840 Δ.

472 5848 767 5913 πολύςιστι
790 5842 994 5903 om.'C.
1022 5842 1243 5905 καίού).
1276 5842 1342 5901 λ.
1373 5843 1434 5899 Β.
1461 5842 1524 5900 C.
1546 5842 1836 5916 Vulgalum
1867 5848 2040 5902 haben

2148 5857 2334 5916 ucrpp.
2400 5846 2445 5877 ⁸⁸
2465 5845 2593 5920 ἀπό]
2633 5842 2875 5901 ἀλλ”ἀπό
2893 5848 3044 5906 D.E.
3091 5921 3093 5924 φ
3381 5851 3389 5854 ’
