4076 6150
396 244 501 301 225

400 363 603 416 tionem
630 402 645 425 ,
699 360 803 415 etsi
846 358 1247 433 eIeemosynam
1277 401 1290 427 ,
1340 360 1443 415 etsi
1490 362 1788 416 castitatem
1882 364 1984 417 etsi

396 449 543 505 aliud
588 450 799 521 quidvis
836 452 1034 506 bonum
1066 450 1379 520 collegeris,
1423 451 1625 523 absque
1653 453 1984 520 humilitate,

401 542 652 597 difﬂuunt
679 543 887 609 omnia,
921 551 975 596 et
1005 551 1246 613 pereunt.
1275 541 1328 596 Id
1356 543 1515 597 etiam
1551 543 1818 598 Pharismo
1848 545 1987 598 acci-

395 634 473 688 dit
499 633 652 703 (Luc.
685 633 808 705 I8).
837 634 966 689 Nam
999 649 1122 689 cum
1163 633 1229 688 ad
1270 636 1440 705 ipsum
1483 635 1694 689 culmen
1736 636 1984 707 pertigis-

396 734 511 791 set,
545 726 795 782 omnibus
824 729 1038 782 amissis
1067 728 1317 797 delapsus
1348 738 1449 793 est,
1483 732 1604 799 quia
1632 740 1857 784 matrem
1886 730 1983 784 bo-

398 835 589 875 norum
635 836 740 874 non
787 820 988 875 habuit.
1036 819 1495 887 Quemadmodum
1547 823 1690 877 enim
1735 823 1981 892 superbia

395 912 515 967 fous
555 913 731 967 omnis
776 914 1026 982 nequitiae
1068 923 1183 976 est,
1229 914 1306 967 sic
1339 913 1608 968 humilitas
1636 915 1982 985 philosophiae

393 1005 569 1059 omnis
615 1004 960 1074 principium.
1004 1004 1363 1070 Quamobrem
1395 1004 1519 1060 hinc
1550 1007 1763 1077 incipit,
1792 1023 1855 1060 ex
1887 1023 1981 1062 au-

390 1099 625 1154 ditorum
664 1098 858 1154 animis
902 1099 1260 1169 arrogantiam
1302 1099 1542 1154 evellens
1574 1100 1847 1155 radicitus.
1881 1101 1981 1154 Ec-

391 1192 517 1261 quid
546 1191 646 1247 hoc
671 1190 737 1246 ad
760 1191 1081 1260 discipulos,
1113 1192 1321 1261 inquies
1342 1233 1355 1257 ,
1386 1193 1475 1262 qui
1500 1195 1719 1247 omnino
1749 1193 1979 1249 humiles

390 1284 586 1338 erant?
629 1281 837 1337 Nullam
880 1284 1021 1337 enim
1072 1284 1391 1353 arrogantia:
1436 1300 1619 1339 ansam
1671 1285 1974 1353 habebant,

392 1379 683 1447 piscatores
704 1391 823 1431 cum
848 1386 1024 1431 essent
1049 1418 1064 1439 ,
1094 1392 1356 1445 pauperes
1376 1418 1392 1442 ,
1423 1376 1669 1441 obscuri,
1702 1386 1752 1430 et
1772 1378 1970 1432 idintm.

393 1468 503 1522 Etsi
536 1467 649 1521 haec
692 1468 761 1521 ad
803 1467 1092 1535 discipulos
1136 1483 1241 1520 non
1290 1478 1628 1537 spectarent,
1664 1470 1754 1522 sed
1786 1470 1850 1523 ad
1882 1486 1974 1525 eos

388 1561 477 1628 qui
510 1568 801 1629 prmsentes
828 1568 979 1613 erant
1007 1557 1124 1612 haec
1151 1560 1423 1627 pertinere
1454 1568 1701 1628 poterant
1720 1601 1733 1622 ,
1766 1576 1971 1615 necnon

387 1652 451 1704 ad
474 1664 567 1704 eos
593 1651 679 1720 qui
704 1659 887 1719 postea
918 1650 1061 1719 ipsos
1093 1650 1367 1718 excepturi
1390 1660 1563 1713 erant,
1599 1666 1664 1705 ne
1691 1661 1971 1721 propterea

393 1740 537 1808 ipsos
567 1740 937 1809 despicerent;
972 1739 1078 1793 imo
1109 1754 1239 1793 vero
1268 1739 1333 1793 ad
1365 1740 1656 1811 discipulos
1688 1742 1804 1796 lucc
1834 1743 1969 1796 dicta

387 1840 556 1885 erant.
590 1831 809 1885 Etiamsi
850 1830 993 1883 enim
1032 1846 1137 1884 non
1181 1840 1339 1896 tunc,
1369 1842 1423 1884 at
1455 1843 1634 1900 postea
1664 1848 1792 1900 opus
1823 1832 1971 1887 habi-

386 1924 488 1977 turi
528 1932 680 1977 erant
728 1923 811 1975 illa
853 1923 965 1976 utili
1011 1924 1287 1985 cautione,
1339 1932 1457 1992 post
1501 1924 1649 1993 signa
1697 1941 1886 1994 nempe
1916 1936 1969 1980 et

384 2017 637 2072 miracula
661 2059 674 2081 ,
705 2026 825 2086 post
874 2027 1076 2070 tantum
1112 2016 1164 2069 in
1196 2018 1324 2071 urbe
1355 2016 1615 2072 honorem
1636 2059 1652 2083 ,
1682 2027 1736 2072 et
1767 2029 1965 2073 tantam

386 2110 438 2163 in
479 2111 588 2164 Deo
616 2109 882 2162 ﬁduciam.
926 2108 1107 2177 Neque
1148 2111 1287 2163 enim
1317 2109 1545 2175 divitize,
1579 2126 1749 2179 neque
1783 2118 1968 2180 poten-

384 2203 491 2262 tia,
522 2216 693 2270 neque
736 2217 953 2270 regnum
1011 2202 1076 2255 ita
1116 2204 1419 2271 quempiam
1467 2213 1713 2271 pote.ant
1750 2204 1963 2269 ciTerre,

386 2302 443 2345 ut
486 2306 549 2345 ea
598 2293 775 2346 omnia
826 2308 943 2360 qua:
988 2293 1251 2362 apostolis
1295 2294 1667 2362 suppetebant.
1718 2296 1962 2365 Alioquin

383 2393 559 2437 autem
594 2383 704 2438 fieri
738 2392 946 2452 poterat
974 2385 1217 2436 utetiam
1258 2397 1383 2438 ante
1422 2384 1677 2438 miracula
1709 2385 1966 2440 ell‘erren-

381 2482 489 2540 tur,
539 2483 737 2527 tantam
784 2472 1176 2527 multitudinem
1228 2486 1544 2540 cernentes,
1596 2485 1651 2528 et
1698 2476 1960 2530 theatrum

380 2565 505 2619 illud
534 2565 673 2635 quod
713 2564 988 2619 doctorem
1029 2580 1186 2619 suum
1232 2565 1633 2630 circumdabat;
1680 2578 1825 2621 certe
1867 2566 1960 2621 hu-

380 2672 593 2712 manum
650 2656 917 2725 quidpiam
963 2657 1069 2725 pati
1128 2666 1393 2725 poterant.
1440 2657 1638 2711 Idcirco
1684 2658 1802 2713 illos
1848 2669 1958 2713 sta-

378 2751 471 2802 tim
503 2748 745 2818 reprimit
783 2762 850 2801 ne
900 2748 1064 2802 altum
1111 2749 1339 2817 sapiant.
1368 2747 1551 2818 Neque
1580 2749 1718 2804 dicta
1746 2765 1836 2804 sua
1868 2752 1960 2805 ad-

376 2840 688 2895 monitionis
715 2839 795 2892 vel
830 2849 1220 2908 praeceptorum
1248 2854 1399 2894 more
1427 2839 1649 2910 profert,
1695 2842 1788 2896 sed
1832 2860 1955 2910 pro-

377 2932 561 3001 posita:
609 2931 952 2985 beatitudinis
1010 2930 1212 2996 forma,
1270 2931 1350 2986 sic
1406 2933 1695 3001 gratiorem
1741 2934 1958 2990 ordiens

376 3038 717 3087 sermonem,
761 3033 815 3076 et
852 3021 1109 3077 doctrina:
1149 3022 1376 3078 stadium
1415 3024 1661 3080 omnibus
1685 3031 1953 3096 aperiens.

381 3114 495 3168 Non
541 3114 682 3167 enim
713 3114 868 3179 dixit,
904 3113 1000 3167 Hic
1037 3114 1121 3167 vel
1152 3114 1259 3181 ille,
1288 3117 1380 3169 sed
1400 3153 1420 3182 ,
1448 3116 1548 3182 Qui
1577 3116 1693 3172 haec
1724 3118 1953 3185 faciunt,

377 3206 519 3260 beati
542 3221 730 3260 omnes
760 3216 937 3261 erunt.
972 3204 1046 3259 Ita
1072 3214 1128 3258 ut
1152 3207 1266 3261 sive
1292 3221 1480 3263 servus
1508 3209 1583 3263 sis
1603 3251 1617 3274 ,
1658 3212 1772 3264 sive
1808 3226 1957 3266 men-

375 3294 561 3359 dictis,
608 3297 722 3349 sive
776 3310 997 3365 pauper,
1042 3296 1155 3349 sive
1201 3297 1550 3366 peregrinus,
1601 3300 1714 3354 sive
1754 3300 1952 3366 idiota,

379 3387 507 3440 nihil
540 3396 590 3440 te
620 3387 873 3455 impediat
915 3391 1041 3456 quin
1084 3386 1159 3440 sis
1202 3386 1420 3451 beatus,
1466 3389 1508 3441 si
1540 3388 1677 3442 hanc
1708 3391 1952 3444 virtutem

379 3479 629 3531 colueris.
663 3479 796 3532 Hinc
826 3479 1001 3547 itaque
1030 3491 1185 3532 orsus
1204 3518 1218 3541 ,
1250 3479 1390 3533 unde
1418 3482 1649 3534 maxime
1681 3497 1773 3549 par
1799 3493 1953 3551 erat,

381 3569 445 3621 ad
478 3568 616 3622 aliud
650 3568 952 3622 mandatum
983 3570 1250 3638 procedit,
1283 3570 1422 3637 quod
1453 3571 1661 3625 videtur
1688 3575 1847 3628 totius
1868 3590 1954 3628 or-

376 3661 456 3716 bis
480 3677 783 3731 0ppugnare
810 3664 1147 3717 sententiam.
1191 3664 1323 3716 Cum
1368 3665 1511 3717 enim
1554 3681 1739 3719 omnes
1772 3675 1957 3735 putent

373 3768 467 3807 eos
492 3755 578 3823 qui
610 3753 841 3822 gaudent
865 3765 919 3806 et
945 3754 1194 3806 lzetantur
1219 3768 1338 3808 esse
1366 3755 1569 3820 beatos,
1598 3771 1689 3811 eos
1714 3773 1841 3811 vero
1864 3758 1954 3827 qui

376 3846 427 3898 in
469 3859 733 3910 maerore,
777 3854 1087 3914 paupertate
1117 3855 1170 3898 et
1198 3845 1340 3899 luctu
1369 3857 1675 3912 versantur,
1706 3863 1824 3903 esse
1852 3850 1953 3902 mi—

374 3950 544 3999 seros,
579 3935 674 3987 hos
711 3937 798 3988 ille
826 3950 933 4003 pra:
963 3935 1081 3989 aliis
1111 3935 1294 3989 beatos
1326 3936 1576 4005 praedicat
1600 3978 1613 3998 ,
1648 3938 1829 3993 dicens
1856 3959 1867 3994 :

375 4025 516 4079 Beati
542 4028 625 4095 qui
656 4027 848 4096 lugent.
880 4027 1037 4094 Atqui
1083 4025 1151 4079 ab
1197 4028 1443 4081 omnibus
1480 4028 1532 4080 hi
1571 4027 1810 4084 infelices
1839 4045 1957 4087 esse

374 4118 659 4169 dicuntur:
691 4116 785 4170 sed
826 4115 946 4169 ideo
975 4115 1063 4169 ille
1089 4116 1237 4183 signa
1269 4119 1558 4185 prmmisit,
1603 4130 1658 4173 ut
1700 4121 1844 4190 leges
1870 4122 1953 4175 af-

377 4208 550 4262 ferens
590 4209 722 4262 tales
757 4207 861 4262 ﬁde
888 4206 1080 4276 dignus
1109 4216 1272 4262 esset.
1305 4209 1401 4262 Hic
1425 4220 1600 4264 autem
1634 4229 1818 4267 rursus
1850 4230 1955 4268 non

374 4299 686 4366 simpliciter
713 4299 953 4366 lugentes
995 4300 1206 4368 posuit,
1254 4298 1348 4353 sed
1393 4314 1487 4354 eos
1514 4303 1601 4370 qui
1627 4302 1695 4358 de
1723 4306 1953 4373 peccatis

380 4390 621 4459 lugerent
657 4408 669 4443 :
702 4399 755 4443 ut
784 4399 837 4442 et
869 4389 1012 4442 aliud
1041 4404 1253 4459 quoque
1280 4391 1453 4445 luctus
1483 4406 1650 4460 genus
1671 4393 1955 4450 admodum

379 4482 711 4550 prohibetur,
753 4497 945 4550 nempe
972 4480 1040 4536 de
1069 4498 1245 4537 rerum
1289 4484 1629 4540 saecularium
1674 4486 1957 4557 dispendio

376 4573 577 4641 lugere.
607 4572 757 4640 Quod
799 4572 1133 4642 significabat
1161 4583 1215 4627 et
1243 4574 1436 4629 Paulus
1456 4575 1639 4630 dicens
1668 4595 1679 4629 :
1713 4578 1843 4642 Quia
1863 4596 1959 4634 sie-

375 4666 480 4719 culi
518 4667 718 4735 quidem
767 4665 970 4717 tristitia
1006 4676 1217 4719 mortem
1251 4678 1664 4737 aperaturmaa:
1687 4682 1851 4725 autem
1875 4689 1948 4725 se-

373 4756 598 4809 rundum
625 4754 788 4807 Deum
807 4765 879 4809 est
912 4758 1113 4810 tristitia
1134 4801 1147 4825 ,
1177 4759 1516 4827 paenitentiam
1540 4762 1592 4815 in
1615 4762 1829 4817 salutem
1850 4774 1957 4818 sta-

371 4848 522 4900 bilem
550 4855 783 4912 operatur
804 4844 877 4915 (‘2.
903 4844 1020 4899 Cor.
1046 4847 1097 4899 7.
1125 4847 1238 4916 10).

446 4940 498 4993 5.
549 4935 733 4990 Beatos
768 4936 1042 5005 praedicare
1070 4939 1155 5007 qui
1185 4938 1371 5009 lugent,
1400 4942 1719 5011 philosophia
1756 4944 1959 5013 plenum

368 5043 459 5086 est.
496 5029 785 5085 Consolatio
811 5045 842 5081 a
866 5028 973 5082 Deo
994 5033 1213 5100 profecta
1227 5044 1433 5103 quanta.
1459 5035 1648 5090 —Hos
1673 5036 1831 5107 igitur
1850 5038 1958 5106 ille,

372 5123 466 5188 qui
512 5122 591 5176 sic
621 5121 841 5191 lugent,
888 5121 1072 5174 beatos
1117 5123 1367 5190 prtedicat
1396 5141 1408 5177 :
1442 5141 1611 5195 neque
1650 5129 1962 5197 simpliciter

377 5216 617 5283 lugentes
640 5212 790 5281 ponit
812 5253 827 5275 ,
872 5209 967 5265 sed
995 5211 1082 5280 qui
1127 5213 1363 5282 impense
1402 5215 1601 5285 lugent.
1630 5218 1963 5288 Quapropter

380 5321 484 5355 non
521 5303 655 5356 dixit
680 5343 693 5367 ,
722 5303 823 5369 Qui
851 5311 1081 5357 mmrent
1103 5343 1119 5368 ,
1151 5304 1244 5358 sed
1270 5347 1283 5369 ,
1315 5305 1414 5370 Qui
1440 5308 1609 5378 lugent
1635 5326 1654 5362 :
1687 5324 1811 5363 nam
1859 5309 1962 5365 hoc

382 5405 706 5466 prmceptum
753 5396 915 5449 totius
956 5402 1041 5449 cst
1083 5394 1431 5464 philosophice
1482 5400 1864 5469 magisterium.
1906 5402 1962 5456 Si

381 5488 521 5542 enim
552 5484 640 5555 qui
671 5486 837 5551 ﬁlios,
873 5501 1116 5551 uxorem,
1144 5486 1225 5540 vel
1251 5487 1413 5541 alium
1439 5492 1738 5561 quempiam
1764 5507 1963 5563 cogna-

382 5587 494 5631 tum
514 5575 822 5633 defunctum
854 5579 1066 5648 lugent,
1098 5593 1202 5632 non
1232 5579 1573 5647 pecuniarum
1594 5623 1610 5647 ,
1642 5598 1745 5637 non
1772 5599 1965 5654 corpo-

375 5684 503 5722 rum
529 5680 710 5721 amore
734 5676 974 5722 tenentur
994 5668 1083 5724 illo
1102 5667 1305 5723 doloris
1328 5677 1589 5738 tempore,
1612 5686 1716 5727 non
1738 5673 1961 5743 gloriam

1554 246 1620 301 IN
1660 246 2062 305 ΜΑΤΤΗᾹΞΠΜ
2108 248 2334 304 HOMIL.
2376 248 2491 304 XV.

3586 287 3690 341 226

2100 372 2357 433 appetunt
2382 406 2397 431 ,
2428 378 2535 418 non
2569 364 2776 433 injuriis
2801 375 3084 423 moventur
3104 411 3119 433 ,
3150 385 3253 425 non
3286 373 3479 430 invidia
3517 384 3688 434 corri-

2094 454 2329 521 piantur,
2355 470 2527 525 neque
2549 455 2653 509 alio
2679 458 2928 526 quopiam
2951 459 3114 513 animi
3136 464 3324 519 morbo
3344 466 3685 525 obsidentur:

2093 543 2185 597 sed
2216 559 2434 613 prorsus
2456 546 2617 601 luctui
2646 547 2841 601 addicti
2869 558 2993 603 sunt
3022 567 3033 602 :
3062 552 3227 608 multo
3249 557 3416 627 magis
3444 560 3534 628 qui
3567 576 3685 628 pec-

2091 646 2209 689 cata
2236 650 2331 690 sua
2358 637 2561 706 lugent,
2593 639 2728 693 sicut
2756 654 2816 694 ea
2848 640 3075 710 lugenda
3104 655 3229 699 sunt
3252 687 3265 708 .
3302 645 3400 703 hac
3428 651 3682 719 majorem

2090 725 2420 781 exhibebunt
2446 730 2855 799 philosophiam.
2888 732 3085 788 Deinde
3105 774 3121 799 ,
3152 736 3293 804 quod
3326 754 3512 794 eorum
3540 756 3677 810 prae-

2089 818 2253 871 mium
2277 820 2424 873 erit?
2471 822 2721 884 Quoniam
2750 823 2851 893 ipsi
2874 825 3273 881 consolabuntur
3296 871 3311 896 ,
3344 829 3535 899 inquit.
3579 833 3681 888 Uhi

2088 925 2245 974 vero,
2270 910 2358 966 dic
2387 913 2516 967 mihi
2534 956 2548 978 ,
2581 916 3029 970 consolabuntur?
3058 918 3124 971 Et
3149 918 3269 986 hic,
3302 931 3357 975 et
3386 921 3514 977 illic.
3544 924 3675 991 Quia

2086 1004 2228 1057 enim
2259 1014 2579 1074 przeccptum
2611 1022 2773 1075 grave
2799 1008 3083 1063 admodum
3112 1020 3228 1064 erat
3253 1021 3305 1066 et
3335 1025 3624 1069 onerosum
3648 1054 3664 1079 ,

2086 1092 2189 1147 hoc
2236 1109 2295 1149 se
2340 1097 2583 1165 promisit
2628 1097 2876 1152 daturum
2904 1140 2917 1161 ,
2952 1100 3091 1169 quod
3121 1100 3248 1155 illud
3290 1104 3518 1160 maxime
3561 1105 3677 1160 leve

2084 1191 2264 1252 posset
2284 1183 2512 1240 efﬁcere.
2540 1185 2721 1257 Itaque
2746 1189 2788 1240 si
2814 1189 2944 1242 velis
2968 1191 3389 1247 consolationem
3410 1195 3671 1265 accipere,

2083 1276 2224 1347 luge.
2267 1278 2335 1332 Et
2362 1295 2430 1335 ne
2462 1290 2616 1349 putes
2662 1283 2886 1351 aenigma
2916 1298 3036 1338 esse
3064 1285 3113 1339 id
3149 1286 3289 1355 quod
3338 1287 3535 1344 dictum
3569 1300 3669 1346 est.

2081 1365 2211 1420 Cum
2239 1370 2380 1423 enim
2409 1370 2548 1424 Deus
2572 1373 2900 1437 consolatur,
2931 1375 3141 1429 etiamsi
3171 1378 3315 1432 mille
3340 1381 3504 1435 tristia
3534 1385 3673 1438 acci-

2079 1457 2226 1520 dant,
2258 1461 2506 1514 omnibus
2534 1464 2779 1530 superior
2818 1466 2946 1518 eris.
2981 1466 3190 1522 Etenim
3236 1470 3402 1525 multo
3440 1473 3671 1544 majores

2078 1548 2170 1602 dat
2198 1564 2411 1620 semper
2437 1553 2576 1607 Deus
2620 1553 2859 1607 laborum
2899 1556 3174 1610 mercedes
3202 1576 3214 1610 :
3246 1558 3295 1612 id
3339 1561 3478 1629 quod
3508 1565 3668 1617 etiam

2079 1642 2164 1694 hic
2203 1643 2325 1697 fecit
2350 1684 2365 1709 ,
2394 1659 2513 1697 cum
2541 1645 2674 1698 dixit
2698 1644 2883 1699 beatos
2912 1661 3032 1701 esse
3059 1662 3152 1701 eos
3192 1650 3282 1718 qui
3315 1650 3493 1718 lugent
3519 1692 3534 1719 ,
3562 1670 3666 1709 non

2078 1733 2369 1787 secundum
2401 1735 2476 1787 rei
2501 1736 2771 1801 meritum,
2804 1736 2897 1791 sed
2925 1737 3214 1791 secundum
3240 1740 3402 1807 ipsius
3423 1741 3669 1811 benigni-

2077 1832 2235 1877 tatem
2264 1840 2277 1888 ;
2312 1839 2416 1878 non
2447 1841 2510 1879 ex
2539 1826 2718 1895 operis
2743 1827 2949 1881 scilicet
2994 1827 3248 1897 dignitate
3273 1871 3286 1894 ,
3310 1831 3402 1885 sed
3444 1846 3510 1887 ex
3553 1833 3668 1902 ejus

2072 1929 2197 1984 erga
2228 1914 2475 1970 homines
2514 1931 2717 1971 amore.
2764 1917 2896 1971 Nam
2930 1918 3016 1987 qui
3048 1919 3267 1989 lugent,
3314 1933 3528 1991 peccata
3571 1937 3664 1977 sua

2072 2005 2292 2075 lugent;
2321 2005 2406 2061 his
2435 2022 2562 2061 vero
2588 2008 2784 2062 sufﬁcit
2805 2012 2848 2063 si
2876 2012 3087 2064 veniam
3116 2011 3404 2081 impetrent
3425 2024 3479 2068 et
3504 2031 3667 2069 excu-

2075 2098 2358 2152 sationem.
2406 2097 2668 2163 Quoniam
2697 2108 2873 2154 autem
2904 2101 2995 2155 ille
3024 2116 3218 2172 magno
3258 2117 3381 2172 erga
3414 2103 3663 2161 homines

2070 2204 2254 2244 amore
2294 2197 2525 2257 tenetur,
2556 2206 2727 2260 neque
2753 2191 2804 2244 iu
2833 2193 3078 2262 supplicii
3106 2195 3422 2250 remissione
3447 2237 3462 2261 ,
3495 2214 3665 2268 neque

2070 2280 2121 2334 in
2146 2291 2481 2350 peccatorum
2501 2284 2652 2338 venia
2683 2285 2980 2339 mercedem
3005 2286 3163 2345 sistit.
3184 2288 3275 2341 sed
3300 2290 3459 2341 etiam
3482 2290 3665 2345 beatos

2068 2372 2248 2437 efficit,
2280 2383 2333 2427 et
2364 2373 2583 2426 multam
2609 2374 2762 2428 affert
2788 2376 3227 2430 consolationem.
3254 2376 3459 2449 Lugere
3484 2392 3661 2436 autem

2072 2479 2170 2518 nos
2199 2465 2370 2534 jubet,
2396 2482 2500 2521 nou
2528 2467 2594 2521 de
2622 2468 2853 2535 peccatis
2885 2476 3085 2521 tantum
3118 2470 3341 2533 nostris,
3379 2470 3471 2525 sed
3500 2473 3657 2528 etiam

2064 2558 2131 2613 de
2159 2558 2371 2613 alienis.
2405 2559 2715 2628 Ilujusmodi
2747 2574 2876 2614 vero
2911 2569 3065 2614 erant
3091 2570 3396 2616 sanctorum
3429 2564 3656 2629 animze,

2063 2661 2120 2706 ut
2144 2651 2359 2723 Moysis,
2391 2663 2448 2705 ut
2475 2652 2644 2717 Pauli,
2672 2661 2727 2707 ut
2750 2653 2962 2708 Davidis
2992 2673 3005 2708 :
3035 2670 3157 2709 nam
3187 2655 3238 2709 hi
3267 2657 3491 2711 aliorum
3515 2673 3658 2729 ωορδ

2064 2753 2274 2813 peccata
2302 2744 2574 2799 luxerunt.
2602 2746 2656 2799 4.
2686 2744 2828 2799 Beati
2851 2745 3012 2810 mites,
3046 2749 3282 2816 quoniam
3310 2748 3410 2819 ipsi
3434 2750 3659 2819 posside-

2071 2835 2194 2889 bunt
2216 2845 2425 2891 terram.
2457 2836 2553 2891 Dic
2578 2836 2729 2904 mihi,
2753 2852 2911 2907 quam
2938 2838 3173 2892 terram?
3199 2837 3417 2894 Terram
3443 2839 3655 2910 quidem

2062 2927 2452 2999 intelligibiiem
2499 2928 2700 2983 dicunt.
2746 2929 2938 2984 Verum
2983 2914 3089 2984 non
3138 2930 3207 2984 ita
3239 2945 3296 2985 se
3341 2946 3427 2987 res
3468 2930 3651 2988 habet.

2060 3017 2331 3089 Nusquam
2359 3021 2502 3074 enim
2544 3020 2595 3074 in
2627 3019 2896 3089 Scriptura
2936 3021 3231 3090 reperimus
3274 3033 3467 3076 terram
3497 3023 3654 3077 intel-

2062 3110 2315 3181 ligibiiem
2344 3112 2443 3183 (a).
2470 3112 2576 3168 Sed
2604 3112 2729 3182 quid
2757 3112 2858 3167 sibi
2889 3113 2999 3167 vult
3024 3113 3193 3167 illud?
3223 3112 3488 3170 Sensibile
3514 3131 3653 3185 prie-

2061 3204 2223 3256 mium
2271 3204 2454 3258 statuit
2483 3244 2498 3268 ,
2547 3204 2685 3258 sicut
2710 3214 2764 3259 et
2794 3204 3012 3260 Paulus.
3041 3206 3170 3260 Cum
3210 3206 3434 3261 dixisset
3460 3210 3602 3261 enim
3631 3250 3648 3274 ,

2067 3292 2282 3346 Honora
2312 3304 2504 3363 patrem
2533 3305 2675 3348 luunt
2695 3305 2741 3348 et
2784 3307 2991 3349 matrem
3032 3306 3168 3349 luant
3190 3338 3204 3360 ,
3236 3298 3526 3366 subjunxit,
3561 3298 3652 3352 Sic

2059 3387 2189 3439 enim
2214 3386 2309 3439 eris
2343 3388 2598 3455 longtevus
2641 3402 2792 3454 super
2819 3394 3000 3439 terram
3029 3385 3260 3456 (Epltes.
3294 3387 3346 3441 6.
3378 3387 3431 3440 2.
3458 3389 3491 3442 5
3515 3393 3552 3457 ).
3585 3387 3651 3441 Et

2060 3478 2173 3546 ipse
2204 3478 2458 3531 Dominus
2488 3477 2677 3531 latroni
2709 3495 2721 3530 :
2759 3477 2927 3532 IIodie
2966 3495 3154 3531 mecum
3196 3481 3292 3532 eris
3321 3481 3373 3533 in
3414 3482 3651 3549 paradiso

2064 3567 2081 3639 (
2118 3568 2247 3622 Luc.
2278 3569 2367 3624 25.
2402 3570 2470 3623 45
2494 3567 2537 3641 ).
2590 3569 2770 3639 Neque
2801 3572 2944 3624 enim
2977 3570 3046 3624 ob
3087 3570 3260 3625 futura
3293 3571 3465 3625 solum
3511 3572 3649 3626 boiia

2059 3660 2388 3724 cohortatur,
2418 3659 2513 3714 sed
2538 3660 2697 3714 etiam
2721 3660 2790 3713 ob
2814 3661 3088 3729 prmsentia
3125 3672 3341 3730 propter
3364 3662 3480 3715 illos
3500 3662 3650 3715 audi-

2060 3762 2227 3817 tores,
2257 3752 2347 3820 qui
2375 3752 2667 3806 crassiores
2692 3752 2802 3805 hzec
2828 3752 2976 3822 prius
3005 3767 3161 3822 quam
3193 3753 3361 3807 futura
3384 3764 3645 3823 quarrunt.

2060 3841 2184 3896 Ideo
2214 3854 2267 3896 et
2298 3843 2348 3895 in
2377 3843 2721 3912 sequentibus
2741 3842 2860 3897 dicit
2887 3860 2899 3895 :
2925 3842 3044 3896 Esto
3070 3844 3384 3897 consentiens
3407 3844 3649 3897 adverso-

2058 3931 2135 3985 rio
2155 3940 2239 3984 tuo
2272 3931 2483 4000 (Matth.
2512 3933 2564 3986 5.
2595 3932 2722 4003 25).
2751 3931 2951 3986 Deinde
2974 3932 3274 4000 hujusmodi
3300 3935 3649 4003 philoSOphim

2059 4021 2334 4089 pr.emium
2352 4023 2553 4087 statuit,
2571 4031 2625 4076 et
2640 4025 2712 4076 ait
2733 4040 2747 4077 ι
2770 4021 2850 4074 Ne
2876 4022 3041 4075 tradat
3062 4032 3108 4075 te
3128 4024 3447 4077 adversarius
3459 4026 3644 4095 judict,

2060 4123 2105 4167 et
2135 4114 2301 4184 judea:
2340 4114 2589 4168 ministro.
2624 4113 2810 4168 Viden’
2837 4112 2979 4167 unde
3008 4112 3235 4167 terruit?
3284 4115 3328 4167 Α
3364 4115 3646 4169 sensilibus

2061 4204 2283 4270 scilicet,
2313 4215 2365 4259 et
2390 4220 2510 4273 qua:
2540 4219 2682 4273 srepe
2710 4204 3044 4274 contingunt.
3075 4203 3140 4258 Et
3165 4218 3383 4259 rursus:
3410 4206 3649 4270 Quicm

2060 4310 2155 4362 que
2174 4294 2356 4348 dixerit
2385 4296 2531 4365 fratri
2554 4311 2665 4360 suo,
2686 4294 2848 4361 Raca,
2870 4310 2983 4348 reus
3002 4295 3094 4348 erit
3111 4296 3325 4350 concilio
3345 4294 3449 4365 (Ib.
3467 4313 3514 4350 υ.
3529 4296 3648 4366 22.)

2062 4383 2257 4440 Paulus
2287 4401 2497 4456 quoque
2540 4385 2972 4456 frequentissime
3015 4387 3115 4439 sub
3159 4401 3373 4441 sensum
3404 4387 3649 4442 cadentia

2062 4484 2278 4554 prietnia
2314 4480 2581 4551 pr0ponit,
2607 4489 2660 4534 et
2688 4495 2718 4533 a
2752 4479 3107 4547 praesentibus
3132 4478 3410 4545 hortatur;
3440 4493 3497 4533 ut
3527 4495 3647 4534 cum

2061 4574 2130 4629 de
2156 4573 2458 4643 virginitate
2486 4570 2699 4626 disserit
2725 4590 2738 4625 :
2769 4570 2901 4624 nihil
2922 4570 3121 4640 quippe
3149 4569 3214 4625 de
3236 4571 3381 4624 cualis
3408 4586 3649 4625 comme-

2064 4676 2256 4731 morat,
2285 4666 2378 4720 sed
2406 4680 2471 4718 ex
2499 4663 2858 4735 praisentibus
2887 4664 3131 4718 hortatur
3160 4664 3241 4717 his
3268 4664 3445 4718 verbis
3470 4704 3484 4729 ,
3522 4664 3651 4719 Pro.

2063 4767 2173 4827 pter
2193 4758 2462 4810 instantem
2500 4756 2842 4809 necessitatem
2885 4754 2903 4824 (
2927 4755 2977 4807 I.
3005 4754 3123 4808 Cor.
3153 4755 3206 4807 7.
3236 4753 3306 4808 26
3330 4752 3349 4824 )
3375 4772 3388 4818 ;
3415 4763 3470 4809 et
3493 4797 3505 4821 ,
3540 4754 3651 4825 Ego

2062 4859 2229 4903 autem
2248 4850 2383 4903 vobis
2406 4864 2557 4917 parco
2578 4847 2736 4919 (Ibid.
2762 4863 2808 4901 v.
2828 4845 2921 4917 28)
2946 4862 2960 4911 ;
2995 4855 3067 4912 et,
3098 4845 3223 4900 Volo
3245 4856 3413 4901 autem
3434 4865 3519 4903 vos
3545 4851 3652 4904 sine

2062 4939 2400 4995 sollicitudine
2426 4955 2532 4992 esse
2571 4936 2746 5008 (Ibid.
2779 4953 2826 4989 υ.
2853 4938 2922 4991 5‘2
2948 4942 2985 5005 ).
3018 4938 3106 4991 Sic
3132 4938 3288 5007 igitur
3313 4949 3367 4992 et
3389 4938 3640 4994 Christus

2065 5030 2428 5101 spiritualibus
2450 5029 2723 5084 seusibilia
2752 5029 2981 5083 miscuit.
3012 5029 3145 5095 Quia
3174 5031 3316 5085 enim
3339 5032 3482 5087 mitis
3504 5033 3650 5103 quis-

2066 5137 2170 5192 que
2196 5130 2383 5190 putare
2411 5121 2579 5190 possit
2606 5134 2665 5174 se
2706 5134 2798 5174 sua
2826 5120 3003 5174 omnia
3032 5122 3256 5190 perdere
3275 5164 3290 5189 ,
3321 5124 3648 5178 contrarium

2066 5215 2157 5270 ille
2186 5213 2467 5283 pollicetur
2490 5211 2673 5267 dicens
2695 5254 2709 5278 ,
2740 5212 2880 5267 hunc
2904 5212 3077 5283 ipsum
3117 5228 3236 5268 esse
3258 5215 3345 5281 qui
3375 5229 3467 5268 sua
3492 5213 3647 5266 tutis-

2067 5305 2201 5361 sime
2228 5301 2536 5373 possideat,
2563 5304 2652 5373 qui
2688 5317 2786 5358 nec
2808 5303 2980 5358 audax
3005 5343 3021 5370 ,
3066 5319 3165 5359 nec
3207 5313 3504 5359 ostentator
3531 5304 3601 5356 sit
3629 5319 3643 5355 :

2132 5438 2204 5501 (α)
2238 5438 2404 5486 Nescio
2422 5449 2507 5486 cur
2528 5436 2656 5501 dicat
2678 5436 3060 5501 Chrysostomus,
3084 5450 3318 5498 nusquam
3340 5437 3388 5483 in
3410 5435 3650 5501 scriptura

2068 5497 2298 5567 reperiri,
2326 5506 2507 5567 terram
2534 5497 2868 5567 spiritualem,_
2894 5500 3148 5567 siquidem.
3167 5497 3296 5546 terra
3320 5497 3647 5567 protiiissionis

2071 5556 2360 5623 intelligitur
2377 5556 2707 5623 spiritualiter,
2729 5561 2819 5610 nisi
2840 5556 2970 5610 forte
2991 5559 3263 5623 signiﬁcare
3289 5556 3405 5604 velit
3423 5557 3545 5605 hanc
3571 5572 3646 5606 vo-

2072 5635 2199 5681 cem,
2221 5621 2418 5690 terram;
2444 5621 2597 5690 solam
2623 5635 2882 5690 numquam
2907 5623 2955 5669 in
2987 5622 3224 5690 Scriptura
3261 5631 3519 5666 occurrere
3544 5631 3648 5682 pro,

2073 5690 2255 5735 terram
2273 5681 2589 5737 spiritualem.
2613 5685 2743 5744 Quod
2757 5681 2937 5733 verum
2961 5694 3072 5731 esse
3101 5681 3308 5729 videtur.
