4076 6150
397 251 499 308 2ὲῖ
1103 241 1158 296 8.
1197 235 1475 295 JOANNIS
1498 227 1972 292 CHRYSOSTOMI
2003 225 2322 284 ARCIIIEP.
2353 226 2886 286 CONSTANTINOP.
3552 223 3656 282 23’s

395 380 516 420 nam
547 361 637 433 qui
663 359 781 414 talis
812 354 1006 418 fuerit,
1038 354 1271 422 paternis
1300 351 1459 405 etiam
1485 346 1640 403 bonis
1665 359 1807 414 sa-pe
1833 343 1976 396 exci-

393 457 487 512 det
508 496 526 522 ,
553 463 608 508 et
632 453 798 522 ipsius
825 449 1017 502 animm
1041 445 1301 514 jacturam
1327 443 1500 495 faciet.
1533 437 1777 507 Alioquin
1801 444 1979 489 autem

393 549 515 617 quia
562 545 614 598 in
648 540 827 597 Veteri
869 539 1213 593 Testamento
1250 531 1506 603 propheta
1549 528 1802 584 dixerat:
1832 524 1980 578 Mites

392 648 559 692 autem
596 633 940 689 hereditabant
977 641 1158 683 terram
1201 635 1218 696 (
1250 625 1391 679 I’sal.
1431 623 1519 678 '56.
1562 623 1620 676 ll
1648 624 1702 692 ),
1741 636 1771 674 a
1803 619 1979 672 verbis

394 729 501 800 jam
530 725 875 781 futniliarihus
901 734 1202 776 sermonem
1234 717 1384 780 texit,
1416 723 1466 768 ut
1498 727 1600 766 non
1631 711 1825 779 ubique
1863 709 1982 762 inu-

395 823 567 876 sitatis
595 829 772 874 utatur
797 816 994 871 verbis.
1028 813 1151 867 Ha'c
1183 825 1342 880 porro
1367 809 1512 870 dicit,
1550 821 1652 858 nou
1677 804 1724 858 in
1751 816 1982 873 praesen-

397 917 536 970 tibus
559 912 773 982 przemia
804 905 1269 966 circumscriheus,
1301 900 1394 955 sed
1415 914 1535 953 eum
1558 898 1641 952 his
1661 897 1748 950 illa
1769 907 1981 964 quoque

398 1005 757 1076 suppeditans.
788 1001 916 1057 Nam
944 999 990 1052 si
1026 996 1295 1067 quidpiam
1347 991 1619 1062 spirituale
1661 988 1842 1052 dicat,
1875 1000 1978 1040 non

395 1101 567 1154 aufert
607 1109 779 1152 tamen
812 1092 1088 1163 praesentia
1124 1106 1137 1154 ;
1184 1089 1228 1142 si
1262 1102 1388 1141 vero
1411 1082 1608 1154 aliquid
1638 1098 1688 1135 m
1735 1079 1980 1148 przesenti

398 1191 504 1243 vita
533 1188 832 1256 promittat.
869 1198 972 1236 non
1007 1181 1088 1234 his
1127 1189 1332 1232 tantum
1365 1174 1769 1244 promiSsiouem
1798 1171 1975 1224 sistit:

399 1294 518 1338 nam
553 1277 774 1342 Quterite
800 1315 815 1340 ,
857 1273 1060 1342 inquit,
1091 1285 1298 1339 regnum
1327 1267 1460 1330 Dei,
1496 1275 1540 1318 et
1572 1265 1678 1318 haec
1703 1262 1871 1316 omnia
1887 1261 1983 1313 ad-

397 1369 628 1443 jiciantur
648 1367 784 1422 vobis
807 1370 822 1433 (
852 1365 1040 1417 Matth.
1068 1363 1122 1417 6.
1149 1362 1216 1416 35
1239 1360 1280 1431 ).
1309 1360 1374 1412 Et
1399 1372 1610 1412 rursum
1633 1372 1646 1407 :
1675 1355 1983 1421 Quicumque

393 1459 645 1513 dimiserit
679 1459 905 1518 domum,
935 1463 1022 1506 aut
1049 1458 1251 1523 fratres,
1284 1461 1371 1502 aut
1393 1457 1607 1519 patrem,
1641 1455 1727 1498 aut
1750 1455 1976 1508 matrem,

397 1565 481 1606 aut
503 1566 731 1611 uxorem,
764 1559 850 1601 aut
873 1549 1027 1616 ﬁlios,
1055 1554 1144 1597 aut
1173 1559 1323 1612 agros
1368 1551 1571 1610 prapter
1596 1554 1772 1592 nomen
1794 1551 1978 1600 meum,

397 1644 686 1712 centuplum
711 1641 923 1709 accipiet
967 1640 1019 1690 in
1050 1638 1234 1691 sa'calo
1267 1637 1361 1688 isto
1383 1676 1397 1699 ,
1445 1647 1493 1687 et
1524 1634 1574 1685 in
1616 1636 1788 1701 futuro
1831 1630 1982 1682 vitam

399 1745 638 1786 a-ternam
688 1729 955 1800 possidebit
1003 1726 1130 1799 (Id.
1182 1727 1266 1782 l9.
1323 1725 1412 1779 29.
1465 1733 1510 1777 et
1560 1723 1724 1776 Marc.
1768 1720 1852 1774 10.
1888 1719 1976 1773 29.

397 1824 470 1880 50
494 1826 530 1893 ).
563 1825 616 1880 6.
651 1823 793 1878 Beati
817 1823 902 1891 qui
937 1823 1163 1874 esuriant
1206 1830 1253 1873 et
1282 1818 1456 1870 sitiunt
1492 1817 1766 1886 justitiam.
1813 1815 1982 1881 Quam

395 1915 699 1986 jusdtiam?
729 1916 834 1968 Aut
861 1913 1112 1967 virtutem
1143 1912 1281 1964 illam
1316 1910 1366 1963 in
1387 1923 1602 1978 genere,
1631 1917 1723 1960 aut
1747 1905 1981 1972 Speciem

402 2009 541 2060 illam
569 2005 787 2074 iustitia:
810 2003 1001 2063 innuit,
1030 2017 1151 2071 quze
1180 2000 1418 2053 avaritia:
1447 1998 1690 2067 opposita
1719 2006 1818 2051 est.
1843 1997 1976 2061 Quia

397 2100 540 2153 enim
561 2098 626 2152 dc
645 2097 982 2165 eleemosyna
1006 2105 1323 2163 perceptum
1340 2091 1559 2144 daturus
1572 2089 1833 2151 est,docet
1849 2101 1984 2154 quo-

401 2189 562 2244 modo
589 2189 730 2242 illam
766 2201 1022 2241 exercere
1046 2192 1322 2253 Oportcat;
1351 2181 1628 2246 videlicet,
1660 2196 1763 2233 non
1794 2195 1858 2234 ex
1901 2194 1985 2233 ra-

401 2281 546 2349 pina,
579 2295 684 2334 non
711 2295 776 2332 ex
801 2278 1018 2331 avaritia
1043 2276 1226 2330 beatos
1247 2273 1493 2342 pricdicat
1521 2287 1635 2337 eos,
1658 2273 1744 2340 qui
1769 2271 1986 2340 justitia:

401 2371 530 2426 dant
557 2384 796 2439 operam.

475 2463 531 2516 4.
573 2460 698 2514 Ηιεε
727 2458 872 2514 verba
898 2500 913 2523 ,
960 2458 1156 2511 esurire
1189 2468 1233 2510 et
1265 2457 1404 2509 sitire
1431 2455 1684 2525 justitiam
1705 2496 1718 2516 .
1749 2468 1988 2518 quantum

405 2557 502 2612 rint
529 2551 761 2606 habeant.
798 2549 896 2614 Qui
915 2551 1013 2603 sint
1039 2547 1401 2613 misericordes,
1435 2541 1622 2600 mundo
1646 2549 1815 2609 corde,
1845 2547 1989 2616 paci-

407 2645 520 2712 ﬁci;
535 2653 728 2712 quanta
742 2659 912 2695 eorum
933 2657 1137 2694 merces.
1157 2640 1324 2693 Virtus
1335 2650 1436 2692 tota
1449 2639 1630 2692 aninne
1647 2638 1984 2706 philosophia.

407 2764 478 2776 --
502 2736 564 2790 Et
600 2734 993 2789 animadvertas
1031 2733 1188 2788 velim
1249 2747 1373 2786 cum
1413 2740 1607 2799 (planta
1654 2729 1990 2785 vehementia

409 2830 458 2884 id
487 2829 830 2897 expresserit.
879 2826 994 2882 Non
1024 2827 1163 2882 enim
1201 2825 1369 2888 dixit,
1417 2825 1558 2878 Beati
1602 2824 1691 2893 qui
1723 2823 1990 2891 justitiam

407 2929 714 2982 sectantur;
738 2918 852 2978 sed.
887 2918 1032 2972 Beati
1072 2919 1158 2984 qui
1187 2918 1409 2971 esuriant
1439 2925 1484 2970 et
1517 2915 1688 2968 sitiunt
1705 2916 1953 2983 justitiam
1972 2954 1988 2978 ,

411 3023 467 3066 ut
493 3029 598 3066 non
627 3011 989 3082 perfunctorie
1007 3051 1023 3076 ,
1051 3010 1143 3066 sed
1171 3024 1290 3063 cum
1319 3008 1460 3062 omni
1498 3007 1784 3076 cupiditate
1823 3008 1992 3076 ipsam

409 3104 684 3157 adeamus.
710 3103 841 3169 Quia
870 3103 1013 3156 enim
1047 3101 1172 3155 illud
1200 3100 1434 3154 avaritiae
1459 3101 1692 3152 maxime
1721 3101 1992 3168 proprium

405 3206 520 3257 est,
553 3211 725 3264 neque
756 3196 824 3248 ita
863 3195 1038 3250 cibum
1070 3205 1228 3262 atque
1275 3203 1455 3261 potum
1484 3191 1851 3245 desideramus
1872 3233 1888 3258 ,
1939 3200 1998 3245 ut

412 3288 636 3355 plurima
672 3286 944 3356 possidere
972 3295 1026 3341 et
1055 3285 1334 3354 acquirere
1359 3324 1372 3346 ,
1421 3282 1578 3336 talem
1619 3283 1992 3352 cupiditatem,

409 3377 464 3431 in
528 3377 853 3432 contrariam
910 3376 1145 3430 avaritiae
1192 3376 1439 3430 virtutem
1491 3377 1776 3430 transferre
1815 3374 1992 3444 jUSsil.

412 3468 613 3523 Deinde
665 3483 848 3522 rursus
896 3467 1149 3521 sensibile
1208 3465 1484 3535 pt'IBmillm
1533 3465 1718 3519 deﬁnit
1765 3465 1993 3520 dicens:

416 3561 668 3625 Quoniam
715 3558 812 3628 ipsi
845 3557 1221 3612 satarabantnr.
1251 3557 1385 3624 Quia
1412 3561 1553 3612 enim
1585 3565 1801 3626 putatur
1825 3557 1998 3612 avari-

416 3654 483 3704 lia
518 3653 712 3704 multos
759 3651 949 3704 divites
992 3652 1163 3704 facere
1189 3691 1204 3713 ,
1236 3650 1365 3703 dicit
1403 3651 1728 3703 contrarium
1778 3650 2000 3704 omnino

413 3759 534 3796 esse
563 3759 576 3792 :
608 3743 658 3796 id
681 3743 830 3796 enim
880 3752 1092 3810 prmsmt
1121 3740 1344 3808 iustitia.
1379 3740 1453 3794 Ne
1496 3741 1670 3810 itaque
1698 3756 1818 3794 cum
1854 3740 1997 3810 justa

411 3832 676 3901 mereris,
709 3840 1076 3902 paupertatem
1108 3832 1296 3885 timeas
1320 3872 1336 3895 ,
1370 3847 1504 3884 neve
1535 3830 1726 3886 famem
1768 3843 1992 3886 metuas.

415 3923 548 3978 Nam
578 3923 665 3993 qui
699 3923 871 3978 aliena
905 3922 1136 3990 rapiunt.
1169 3921 1220 3975 hi
1245 3921 1472 3975 maxime
1490 3922 1556 3978 ab
1578 3922 1824 3977 omnibus
1849 3922 2000 3976 exci-

410 4019 579 4080 dunt;
612 4025 666 4071 ut
693 4017 780 4088 qui
808 4016 1065 4084 justitiam
1098 4024 1276 4081 amat,
1306 4015 1483 4069 omnia
1515 4025 1628 4069 tuto
1659 4015 1912 4084 possidet.
1941 4015 2000 4070 Si

416 4121 593 4166 autem
629 4111 660 4165 ii
689 4110 777 4180 qui
806 4111 976 4164 aliena
1007 4124 1111 4163 non
1132 4109 1373 4178 cupiunt,
1407 4119 1483 4162 tot
1509 4108 1752 4163 frmmtur
1779 4109 1998 4175 divitiis,

417 4204 583 4256 multo
599 4203 766 4271 magis
788 4201 820 4254 ii
839 4201 925 4271 qui
947 4215 1041 4254 sua
1063 4200 1374 4271 largiuntur.
1397 4201 1448 4255 7.
1475 4199 1618 4255 Beati
1634 4201 2000 4254 misericordes.

417 4297 516 4350 ilie
543 4311 646 4349 non
672 4305 878 4348 tantum
909 4295 1146 4362 pecunia:
1175 4294 1458 4362 largitores
1484 4293 1663 4348 dicere
1694 4294 1822 4348 mihi
1852 4293 2002 4348 vide-

419 4399 506 4442 tur
525 4429 540 4448 ,
570 4386 663 4441 sed
692 4386 851 4439 etiam
875 4399 972 4438 eos
998 4385 1085 4453 qui
1117 4385 1368 4453 operibus
1397 4384 1814 4439 misericordiam
1842 4400 2001 4440 exer-

417 4490 562 4534 cent.
596 4478 737 4531 Varii
775 4477 920 4532 enim
947 4484 1070 4528 sunt
1111 4475 1395 4530 miserendi
1428 4475 1602 4538 modi,
1634 4485 1690 4531 et
1720 4477 1882 4530 latum
1923 4484 2006 4531 est

424 4579 768 4641 pmccptum.
798 4565 948 4634 Quod
979 4567 1135 4634 igitur
1166 4566 1376 4619 illorum
1401 4576 1483 4619 est
1515 4566 1832 4634 prmunium?
1864 4566 2004 4633 Qua-

417 4669 562 4719 niam
587 4661 688 4730 ipsi
715 4660 1112 4717 misericordiam
1146 4668 1528 4728 consequentur.
1559 4659 1623 4712 Et
1652 4657 1861 4712 videtur
1882 4659 2003 4728 qui-

417 4757 541 4810 dem
577 4755 797 4824 asqualis
820 4767 940 4808 esse
969 4751 1281 4807 retributio:
1313 4750 1406 4804 sed
1428 4760 1510 4804 est
1534 4750 1648 4820 ipso
1677 4751 1816 4806 bono
1843 4767 2007 4821 opere

419 4848 582 4916 longe
626 4846 812 4913 major.
855 4843 959 4913 Ipsi
996 4857 1225 4912 namque
1265 4842 1586 4895 miserentur
1631 4850 1688 4896 ut
1726 4842 2004 4907 homines,

419 4940 512 4994 scd
553 4936 970 4991 misericordiam
992 4943 1388 5004 consequuntur
1407 4933 1849 4988 ahuniversorum
1875 4935 2004 4989 Deo.

421 5032 536 5087 Non
574 5036 698 5084 sunt
723 5037 899 5082 autem
925 5029 1158 5096 aequales
1190 5027 1415 5080 humana
1442 5026 1711 5080 miseratio
1733 5035 1784 5078 et
1808 5025 2005 5089 divina,

421 5123 515 5180 sed
553 5129 811 5192 quantum
856 5119 994 5172 inter
1035 5118 1286 5172 malitiam
1308 5127 1366 5171 et
1404 5116 1693 5172 bonitatem
1720 5117 2006 5172 discrimen

423 5225 530 5280 cst,
563 5219 766 5267 tantum
796 5211 934 5264 inter
960 5208 1062 5262 hoc
1086 5217 1136 5262 et
1165 5207 1312 5262 illud.
1333 5207 1391 5262 8.
1420 5205 1563 5261 Beati
1601 5209 1789 5262 mundo
1816 5210 1970 5262 corde
1990 5250 2006 5274 ,

424 5307 667 5378 quoniam
701 5303 801 5373 ipsi
837 5299 1000 5355 Deum
1045 5298 1297 5354 videbunt.
1341 5298 1478 5353 Ecce
1527 5314 1707 5354 rursus
1737 5299 2011 5368 Spirituale

429 5401 733 5470 pra-mium.
766 5396 990 5452 Mundos
1020 5405 1195 5448 autem
1225 5393 1311 5449 hic
1339 5403 1492 5449 vocat
1535 5409 1628 5449 eos
1656 5395 1744 5464 qui
1791 5395 2007 5449 univer-

425 5494 596 5549 salem
627 5492 874 5546 virtutem
896 5488 1191 5560 possident,
1217 5488 1516 5555 nulliusque
1545 5488 1644 5542 sibi
1669 5488 1790 5542 mali
1810 5488 2009 5543 conscii

429 5598 575 5652 Sum,
598 5587 710 5640 sive
743 5601 835 5640 eos
874 5584 964 5655 qui
1004 5583 1057 5636 in
1101 5583 1422 5637 continentia
1447 5583 1623 5634 vivunt
1660 5598 1672 5634 :
1709 5581 1847 5633 nulla
1867 5581 2009 5634 enim

433 5678 587 5732 nobis
623 5677 692 5732 ita
721 5691 855 5748 opus
881 5686 966 5733 est
989 5676 1053 5730 ad
1078 5676 1242 5731 Deum
1270 5673 1575 5740 videndum,
1599 5683 1656 5727 ut
1681 5673 1767 5727 illa
1795 5675 2005 5730 virtute.

2093 338 2218 393 Ideo
2244 349 2298 394 et
2323 339 2515 394 Paulus
2537 341 2777 397 dicebat:
2808 344 2988 396 Pacem
3017 347 3276 399 sectamini
3298 364 3409 401 cum
3437 353 3665 409 omnibus

2085 441 2132 482 et
2144 431 2546 492 sanctimoniam.
2570 434 2677 486 sine
2695 450 2792 501 qua
2817 451 2961 487 neruo
2981 436 3161 490 videbit
3191 436 3463 493 Dominum
3479 441 3664 511 (Hebr.

2084 519 2174 575 12.
2211 521 2337 591 14).
2378 522 2643 577 \‘isioncm
2677 540 2834 592 porro
2867 526 2953 579 hic
2997 526 3160 590 dicit,
3206 544 3324 598 qua:
3370 531 3570 588 homini
3600 537 3668 591 sit

2085 613 2371 680 possibilis.
2405 614 2534 680 Quia
2562 617 2705 668 enim
2739 616 2889 669 undti
2919 627 3044 671 sunt
3072 620 3159 688 qui
3191 621 3543 690 miserentur,
3573 641 3670 683 nec

2086 705 2299 772 rapiunt
2327 747 2342 771 ,
2377 723 2474 762 nec
2501 709 2736 761 avaritim
2762 709 2977 763 student
2996 751 3009 770 .
3039 711 3132 764 scd
3166 711 3491 770 fornicautur
3517 727 3571 772 et
3611 721 3673 774 li-

2087 796 2250 851 bidini
2290 813 2349 852 se
2378 799 2580 855 dedunt
2604 839 2618 864 ,
2647 801 2937 854 ostendens
2980 802 3107 857 illud
3134 805 3360 873 primum
3400 824 3506 863 non
3545 812 3675 866 satis

2085 903 2205 944 esse
2225 930 2240 952 ,
2271 891 2369 944 hoc
2399 891 2558 944 ctiam
2589 891 2812 945 addidit.
2840 893 2990 957 Quod
3022 895 3180 948 etiam
3210 896 3401 952 Paulus
3425 899 3667 958 Macedo

2086 980 2239 1034 nibus
2265 983 2574 1036 testificatus
2601 991 2684 1038 est
2709 985 2758 1036 in
2793 983 3026 1051 Epistula
3057 987 3121 1038 ad
3149 988 3454 1046 Corinthios
3479 1032 3494 1056 ,
3529 997 3670 1062 quod

2086 1086 2188 1124 non
2217 1071 2374 1126 modo
2398 1074 2735 1144 eleemosyua
2765 1076 2954 1130 divites
2977 1089 3174 1140 essent.
3209 1082 3302 1134 sed
3347 1084 3504 1137 etiam
3548 1087 3669 1143 aliis

2085 1161 2406 1217 virtutibus:
2440 1165 2685 1232 loquutus
2725 1167 2866 1220 enim
2912 1165 2981 1220 de
3029 1167 3346 1226 liberalitate
3386 1188 3570 1230 eorum
3614 1179 3671 1232 in

2085 1254 2365 1322 erogandis
2390 1257 2644 1323 pecuniis,
2677 1257 2858 1322 addit,
2891 1259 3006 1312 illos
3031 1275 3149 1314 sese
3178 1261 3392 1317 dedisse
3419 1265 3668 1326 Domino.

2085 1345 2153 1397 Et
2196 1346 2335 1400 nobis
2386 1346 2614 1419 (2.Cor.
2651 1348 2702 1402 8.
2729 1349 2830 1419 5).
2859 1350 2912 1404 9.
2961 1349 3106 1404 Beati
3151 1355 3370 1420 paciﬁci.
3417 1355 3513 1410 llic
3557 1373 3663 1412 non

2087 1440 2245 1490 modo
2278 1437 2635 1492 dissensiones
2675 1450 2883 1493 mutuas
2905 1482 2920 1505 ,
2951 1452 3000 1495 et
3045 1444 3348 1499 inimicitias
3379 1449 3622 1514 prohibet
3657 1491 3671 1512 ,

2085 1525 2179 1580 sed
2205 1527 2344 1580 aliud
2375 1528 2640 1597 quidpiam
2673 1529 2887 1599 insuper
2913 1533 3074 1601 exigit
3098 1573 3113 1597 ,
3163 1544 3218 1586 ut
3256 1547 3308 1588 et
3350 1538 3479 1589 alim
3505 1538 3667 1592 dissi-

2085 1618 2271 1672 dt-ntcs
2299 1619 2363 1672 ad
2387 1619 2722 1674 οοιιριινιίίιιιιι
2748 1637 3077 1690 revoccmus,
3104 1639 3165 1678 ac
3193 1641 3376 1681 rursus
3396 1630 3668 1698 spirituale

2089 1710 2360 1777 praemium
2407 1711 2584 1765 ofl'crt.
2618 1714 2782 1778 Quale
2829 1715 2956 1768 illud
3001 1717 3121 1770 est?
3151 1717 3401 1782 Quoniam
3447 1723 3542 1791 ipsi
3571 1723 3668 1793 [iiii

2086 1803 2181 1857 Dei
2206 1804 2529 1858 vocabantur.
2560 1807 2830 1873 Siquidem
2874 1808 3137 1878 Unigeniti
3181 1828 3312 1879 opus
3361 1813 3487 1866 illud
3523 1815 3619 1868 fuit
3647 1858 3662 1881 ,

2087 1894 2346 1962 disjuncta
2392 1898 2642 1966 copulare
2665 1939 2678 1959 ,
2716 1901 2998 1967 pugnantia
3042 1903 3345 1958 conciliare.
3377 1906 3572 1960 Deinde
3602 1926 3670 1964 ne

2088 1998 2240 2053 putes
2285 2002 2466 2054 pacem
2519 1989 2714 2058 ubique
2765 2005 2886 2046 esse
2933 1992 3169 2059 bonum,
3219 1996 3530 2062 subjuuxit:
3578 2001 3666 2055 lt).

2085 2073 2229 2129 Beati
2255 2078 2339 2145 qui
2388 2081 2817 2148 persequationem
2849 2083 3110 2149 patiantur
3140 2097 3342 2154 propter
3371 2090 3668 2156 justitiam;

2090 2165 2189 2220 hoc
2213 2177 2314 2234 est,
2348 2167 2560 2222 virtutis
2589 2185 2746 2224 causa
2771 2211 2787 2236 ,
2820 2188 2912 2240 pro
2940 2173 3164 2227 aliorum
3195 2176 3499 2234 defensione
3527 2223 3539 2242 ,
3572 2198 3668 2251 pro

2089 2257 2304 2324 pietate.
2355 2257 2616 2314 Virtutem
2661 2264 2802 2316 enim
2844 2280 3055 2333 semper
3084 2268 3219 2322 solet
3267 2285 3455 2324 vocare
3507 2283 3671 2328 totam

2089 2350 2280 2404 anima:
2313 2352 2720 2423 pliilOSophiam.
2752 2357 2837 2410 ll.
2869 2355 3010 2410 Beati
3037 2361 3169 2421 estis,
3203 2378 3314 2413 cum
3343 2365 3671 2431 exprobrave-

2089 2445 2189 2497 rint
2213 2444 2348 2498 vobis
2372 2445 2620 2509 homines.
2653 2458 2698 2500 et
2721 2451 3002 2518 persequuti
3026 2467 3110 2505 vos
3135 2452 3323 2520 fuerint
3345 2495 3359 2519 ,
3385 2466 3429 2508 et
3456 2457 3672 2511 dixerint

2091 2551 2237 2588 omne
2268 2537 2457 2589 malum
2483 2539 2682 2592 verbum
2709 2542 2973 2593 adversum
3016 2559 3100 2597 vos
3126 2545 3434 2608 mentientes,
3469 2558 3672 2615 propter

2093 2644 2188 2680 me.
2226 2627 2308 2682 12.
2355 2627 2582 2683 Gaudete
2623 2641 2670 2684 et
2713 2633 2976 2686 exsatiate.
3021 2635 3098 2688 Ac
3136 2636 3179 2689 si
3211 2637 3410 2690 diceret
3440 2655 3456 2693 :
3485 2637 3539 2693 Si
3576 2655 3674 2696 vos

2093 2719 2504 2788 przestigiatores
2524 2764 2539 2787 ,
2568 2723 2611 2774 si
2647 2722 2954 2778 seductores
2973 2767 2988 2790 ,
3021 2727 3064 2780 si
3096 2728 3393 2797 maleficos,
3422 2733 3464 2785 si
3488 2734 3675 2801 quovis

2094 2813 2197 2868 alio
2227 2816 2442 2870 nomine
2481 2827 2712 2882 vocent,
2746 2818 2886 2872 beati
2923 2821 3072 2874 estis.
3106 2820 3242 2888 Quid
3273 2821 3356 2876 bis
3397 2830 3676 2896 praeceptis

2095 2907 2408 2962 insolentius
2438 2907 2632 2972 fuerit,
2662 2924 2781 2964 cum
2825 2912 2938 2966 haec
2962 2911 3315 2968 desideranda
3359 2915 3524 2982 dicit,
3556 2935 3676 2988 qua:

2093 2999 2212 3052 aliis
2255 2999 2496 3069 fugienda
2528 3002 2812 3070 putantur?
2841 3001 3040 3072 Nempe
3085 3005 3386 3061 mendicare
3407 3047 3423 3072 ,
3454 3008 3634 3079 lugere
3655 3051 3672 3074 ,

2096 3091 2557 3158 persequutionem
2593 3093 2696 3160 pati
2720 3135 2734 3155 ,
2768 3093 2903 3148 mala
2946 3095 3147 3151 audire.
3172 3097 3418 3152 Attamen
3442 3108 3498 3152 et
3521 3100 3674 3163 dixit,

2094 3191 2148 3235 et
2177 3183 2381 3247 suasit,
2416 3199 2519 3236 non
2547 3183 2750 3236 duobus
2775 3225 2790 3248 ,
2826 3185 2910 3239 vel
2938 3187 3122 3241 decem
3150 3227 3165 3252 ,
3197 3189 3279 3240 vel
3326 3189 3506 3258 viginti
3533 3232 3549 3256 ,
3592 3193 3675 3246 vel

2096 3280 2338 3335 centum,
2369 3273 2448 3326 vel
2479 3273 2623 3328 mille
2657 3273 2959 3330 hominibus
2980 3317 2994 3339 .
3045 3277 3139 3332 sed
3168 3279 3419 3334 universo
3447 3282 3585 3335 orbi.
3615 3284 3681 3336 Et

2096 3364 2372 3418 audientes
2405 3364 2490 3418 illa
2517 3381 2766 3433 onerosa,
2794 3369 3013 3422 molesta
3039 3409 3054 3430 ,
3088 3369 3286 3440 vulgari
3312 3373 3680 3428 consuetudini

2097 3459 2382 3516 contraria,
2407 3457 2687 3524 stupebant
2709 3459 2892 3512 turlne.
2917 3459 3083 3514 Tanta
3104 3472 3223 3516 erat
3243 3461 3470 3520 dicentis
3487 3466 3679 3519 virtus.

2170 3551 2222 3604 5.
2252 3547 2387 3601 Male
2401 3550 2576 3602 audire
2592 3567 2690 3602 non
2711 3552 2889 3620 stt/ﬁcit
2914 3551 2981 3604 ad
3005 3552 3172 3608 beatos
3191 3555 3500 3624 afﬁciendos;
3530 3574 3680 3612 unam

2100 3639 2420 3707 eandemque
2436 3643 2706 3694 mercedem
2729 3643 2877 3696 variis
2893 3642 3121 3698 Christus
3143 3646 3423 3700 nominibus
3449 3651 3675 3715 protulit.

2103 3731 2270 3786 Filias
2307 3732 2452 3786 Patri
2481 3737 2690 3802 teqnalis
2728 3737 2934 3789 honore.
2975 3767 3046 3778 —-
3082 3735 3346 3794 Caeterum
3383 3756 3448 3795 ne
3489 3752 3673 3810 putes.

2101 3825 2238 3880 male
2265 3825 2451 3881 audire
2479 3828 2648 3882 solum
2683 3827 2864 3884 beatos
2884 3829 3116 3896 efficere,
3143 3831 3274 3887 duas
3303 3835 3548 3902 apposuit
3573 3837 3679 3892 dis-

2104 3916 2405 3981 tiuctiones,
2429 3919 2640 3985 quando
2660 3921 2864 3975 scilicet
2885 3921 2965 3975 vel
2989 3934 3203 3992 propter
3241 3925 3410 3994 ipsum
3454 3927 3676 3994 prolata,

2104 4009 2183 4061 vel
2215 4009 2486 4064 mendacia
2520 4010 2713 4066 fuerint
2738 4011 2878 4067 dicta
2909 4013 3014 4067 illa.
3045 4014 3174 4068 Nam
3206 4017 3247 4068 si
3290 4016 3403 4071 haec
3445 4034 3547 4072 non
3576 4018 3675 4074 ad-

2103 4099 2242 4161 sint.
2273 4116 2376 4155 non
2410 4102 2566 4155 modo
2611 4118 2714 4157 non
2746 4104 2929 4159 beatus
2949 4145 2965 4168 ,
3013 4107 3105 4159 sed
3135 4107 3296 4161 etiam
3341 4109 3502 4163 miser
3526 4118 3609 4165 est
3639 4110 3682 4164 is

2104 4195 2191 4263 qui
2223 4195 2360 4248 male
2385 4195 2548 4248 audit.
2585 4196 2784 4251 Deinde
2816 4197 2935 4253 vide
2974 4214 3157 4252 rursus
3189 4202 3462 4267 pra-mium
3489 4221 3502 4256 :
3537 4203 3679 4269 Quo-

2105 4286 2243 4339 niam
2265 4303 2450 4340 merces
2471 4297 2631 4340 vestra
2653 4289 2811 4342 multa
2836 4299 2910 4342 est
2935 4290 2984 4342 in
3012 4291 3169 4344 cadis.
3196 4291 3273 4345 Tu
3297 4307 3425 4345 vero
3448 4295 3546 4347 etsi
3576 4311 3680 4347 non

2105 4377 2171 4429 ad
2201 4377 2438 4446 singulas
2465 4378 2816 4435 heatitmlines
2842 4395 3062 4450 regnum
3090 4382 3202 4436 dari
3232 4384 3416 4437 audias
3437 4427 3451 4448 ,
3486 4401 3552 4436 ne
3570 4386 3684 4439 ani-

2108 4484 2197 4524 mo
2220 4469 2456 4524 deficias.
2508 4471 2725 4526 Etiamsi
2763 4473 2904 4525 enim
2953 4475 3164 4542 przcmia
3205 4475 3416 4530 divorso
3454 4478 3686 4548 appellet

2108 4563 2350 4626 nomine,
2396 4573 2572 4620 tamen
2610 4581 2795 4623 omnes
2833 4567 2899 4622 ad
2939 4584 3157 4634 regnum
3207 4571 3508 4624 introducit.
3552 4570 3682 4626 Nam

2109 4668 2229 4708 cum
2260 4654 2417 4717 dicit,
2452 4653 2720 4724 Lngentes
2747 4658 3170 4713 consolationem
3192 4700 3205 4724 ,
3235 4673 3291 4714 ct
3316 4663 3687 4718 misericordes

2109 4745 2528 4800 misericordiam
2559 4756 2982 4816 consequentur,
3011 4760 3068 4804 et
3097 4749 3278 4804 numdi
3317 4752 3481 4805 corde
3518 4752 3687 4808 Deum

2112 4838 2398 4902 videbunt,
2431 4847 2486 4893 et
2518 4839 2718 4906 pacifici
2745 4839 2836 4893 filii
2868 4840 2956 4893 Dei
2989 4843 3352 4903 voCaInmlur,
3387 4844 3516 4897 nihil
3544 4844 3688 4897 aliud

2113 4947 2208 4999 per
2234 4933 2346 4985 haec
2385 4931 2560 4985 omnia
2590 4932 2817 4996 indicat,
2843 4948 3001 5002 quam
3034 4948 3253 5003 regnum
3283 4937 3573 4994 cmlorum:
3601 4937 3689 5004 qui

2110 5025 2254 5078 enim
2283 5023 2363 5078 his
2405 5023 2650 5078 fruuntur
2669 5066 2685 5089 ,
2719 5023 2771 5078 id
2800 5036 3197 5092 consequentur
3220 5027 3457 5081 omnino.
3488 5026 3564 5082 Ne
3595 5027 3694 5098 igi-

2115 5126 2200 5170 tur
2240 5116 2538 5170 mercedem
2578 5115 2720 5169 illam
2762 5126 2917 5184 putes
2942 5115 3008 5169 ad
3035 5116 3181 5170 solos
3220 5132 3477 5187 pauperes
3503 5118 3693 5187 spiritu

2116 5209 2384 5278 pertinere
2405 5249 2419 5272 ,
2451 5207 2544 5262 sed
2575 5208 2735 5261 etiam
2766 5207 2831 5262 ad
2859 5208 3155 5263 esurientes
3173 5208 3463 5278 justitiam.
3494 5209 3559 5262 ad
3594 5211 3696 5262 mi-

2119 5311 2197 5356 tcs
2223 5311 2276 5355 et
2306 5300 2369 5355 ad
2419 5301 2553 5354 alios
2581 5315 2787 5354 omnes.
2834 5299 2957 5354 Ideo
3008 5301 3151 5355 enim
3181 5301 3230 5353 in
3258 5301 3480 5369 singulis
3529 5300 3695 5354 beati-

2119 5395 2354 5447 tudinem
2380 5393 2659 5460 apposuit.
2684 5404 2739 5445 ut
2763 5407 2829 5446 ne
2851 5391 2976 5460 quid
2999 5391 3250 5445 sensibile
3270 5401 3567 5459 exspectes.
3595 5389 3695 5444 Ne-

2116 5503 2220 5556 que
2243 5487 2386 5540 enim
2421 5487 2604 5540 beatus
2629 5485 2732 5540 erit
2757 5485 2848 5538 ille
2875 5485 2961 5551 qui
2996 5484 3059 5537 iis
3087 5485 3427 5538 coronabitur
3450 5524 3464 5547 ,
3497 5498 3615 5552 quae
3646 5484 3695 5536 in

2119 5577 2367 5648 persenti
2393 5578 2496 5630 vita
2525 5575 2912 5637 dissolvuntur,
2937 5584 2989 5627 et
3019 5575 3202 5627 umbra
3223 5573 3451 5628 celerius
3478 5584 3697 5642 praeter-

2119 5680 2358 5724 currunt.
2392 5667 2524 5724 Cum
2566 5668 2788 5723 dixisset
2815 5676 2991 5722 autem
3015 5709 3027 5730 ,
3053 5667 3238 5721 Μαι-σεδ
3290 5674 3454 5717 vestra
3509 5661 3696 5721 multa,
