4076 6150
397 263 502 320 2‘27

405 375 694 433 ἀπολλύναι
722 377 789 431 τὰ
815 373 1030 438 ἐαυτοῦ,
1060 373 1122 429 16
1149 374 1388 430 ἐναντίον
1413 376 1750 446 ὑπισχνεῖται
1772 376 1970 444 λέγων,

401 465 482 514 ὅτι
513 454 668 525 οὗτος
723 461 821 532 μὲν
850 456 944 514 οὖν
971 461 1118 512 ἐστιν
1148 461 1176 512 6
1230 458 1368 530 μετὰ
1400 458 1694 527 ἀσφαλείας
1732 459 1800 510 τὰ
1847 459 1973 511 ὅντα

401 546 758 616 κεκτημένος,
783 547 810 597 6
844 544 918 616 μὴ
954 542 1179 614 Θρασὺς,
1209 542 1340 614 μηδὲ
1372 541 1584 605 ἀλαζών
1609 558 1621 570 ο
1659 543 1686 592 6
1718 540 1772 592 δέ
1798 541 1973 592 τοιοῦ-

401 647 493 693 τος
524 628 749 682 καὶτῶν
778 626 1048 696 πατρῴων
1095 627 1420 696 ἐκστήσεται
1451 624 1728 690 πολλάκις,
1760 626 1852 677 καὶ
1887 624 1975 676 αύ-

400 714 498 784 τῆς
521 715 617 782 τῆς
639 711 835 781 ψυχῆς.
871 709 1077 770 Ἄλλως
1122 709 1177 761 δέ
1208 709 1300 762 καὶ
1328 708 1512 779 ἐπειδὴ
1551 710 1607 760 ἐν
1660 711 1720 778 τῇ
1762 707 1973 777 Παλαιᾷ

404 795 642 866 συνεχῶς
674 797 703 848 6
733 791 883 866 [189]
917 794 1226 864 Προφήτης,
1266 794 1329 845 Οἱ
1352 792 1460 860 γὰρ
1504 791 1708 860 πραεῖς
1755 792 1802 824 ⁸⁸
1835 795 1976 858 κλη-

366 914 383 928 .
397 879 811 949 ρονομήσουσι
834 875 976 944 γῆν,
1005 876 1209 943 ἔλεγεν,
1245 874 1352 928 ἀπὸ
1395 875 1502 926 τῶν
1543 874 1851 944 συντρόφων
1880 874 1972 926 αῦ-

401 966 511 1019 τοῖς
551 961 811 1032 ῥημάτων
841 959 1114 1028 ἐνυφαίνει
1145 959 1235 1011 τὸν
1268 957 1443 1025 λόγον,
1493 957 1631 1010 ὥστε
1669 956 1744 1027 μὴ
1776 973 1974 1010 παντα-

404 1043 496 1116 χοῦ
527 1041 960 1112 ξενοφωνεῖσθαι.
997 1041 1180 1094 Ταῦτα
1235 1040 1290 1092 δέ
1329 1041 1496 1108 λέγει,
1547 1042 1607 1092 ού
1663 1041 1824 1110 μέχρι
1864 1037 1974 1091 τῶν

403 1128 685 1196 παρόντων
724 1125 874 1188 ίστάς
898 1125 997 1188 τὰς
1024 1123 1277 1190 ἀμοιϐὰς,
1313 1123 1448 1176 ἀλλά
1479 1123 1616 1193 μετὰ
1644 1121 1848 1174 τούτων
1874 1121 1974 1174 κά-

403 1213 558 1263 κεῖνα
584 1208 857 1280 παρέχων.
891 1208 990 1258 'Av
1013 1223 1072 1259 τε
1095 1205 1204 1275 γάρ
1231 1207 1591 1276 πνευματικὸν
1612 1205 1742 1274 εἴπῃ
1770 1222 1841 1267 τι,
1873 1203 1974 1257 οὐκ

403 1295 716 1364 ἀφαιρεῖται
747 1291 816 1344 τά
851 1294 907 1344 ἐν
933 1289 1012 1361 τῷ
1038 1289 1263 1360 παρόντι
1299 1289 1397 1359 βίῳ
1417 1305 1430 1318 ’
1464 1289 1528 1342 ἄν
1558 1305 1618 1340 τε
1659 1288 1767 1340 τῶν
1797 1289 1854 1340 ἐν
1895 1287 1973 1358 τῷ

408 1378 506 1448 βίῳ
533 1395 585 1430 τι
619 1377 780 1428 πάλιν
812 1373 1115 1444 ὑπόσχηται
1141 1413 1154 1437 ,
1197 1373 1254 1424 ού
1290 1372 1450 1443 μέχρι
1486 1371 1676 1424 τούτου
1713 1370 1808 1441 τὴν
1843 1369 1974 1422 ὑπό-

409 1477 590 1530 σχεσιν
622 1460 820 1529 ἵστησι.
851 1456 1086 1524 Ζητεῖτε
1119 1455 1256 1525 γὰρ,
1304 1455 1438 1524 φησὶ
1463 1493 1477 1517 ,
1510 1453 1622 1520 τὴν
1648 1453 1976 1516 ,βασιλείαν

405 1545 511 1598 τοῦ
537 1541 704 1607 Θεοῦ,
733 1542 828 1596 καὶ
851 1541 1037 1594 ταῦτα
1064 1539 1260 1594 πάντα
1299 1537 1770 1606 προστεθήσεται
1799 1536 1940 1604 ὑμῖν
1959 1552 1970 1564 ·

410 1629 500 1680 καὶ
529 1627 689 1679 πάλιν
714 1642 727 1655 ’
768 1627 975 1689 Ὅστις
1001 1621 1235 1691 ἀφῆκεν
1275 1621 1485 1686 οίκιάς,
1519 1620 1555 1689 ἢ
1581 1618 1886 1687 ἀδελφοὺς
1907 1617 1974 1682 ⁸⁷,

405 1709 1002 1764 ἑκατονταπλασίονα
1045 1705 1304 1773 λήψεται
1335 1705 1406 1757 ἐν
1442 1702 1520 1768 τῷ
1563 1702 1729 1757 αίῶνι
1766 1703 1974 1768 τούτῳ,

407 1793 506 1845 καὶ
533 1793 603 1845 ἐν
626 1791 705 1857 τῷ
731 1790 1021 1860 μέλλοντι
1052 1787 1204 1855 ζωὴν
1239 1786 1476 1840 αἰώνιον
1514 1785 1974 1854 κληρονομήσει.

408 1909 474 1918 ——
487 1874 770 1943 Μακάριοι
793 1876 845 1926 οἱ
864 1873 1182 1936 πεινῶντες
1204 1870 1301 1922 καί
1315 1869 1606 1938 διψῶντες
1624 1866 1738 1936 τὴν
1755 1868 1976 1922 δικαιο-

406 1961 624 2024 σύνην.
663 1958 826 2010 Ποίαν
863 1952 1236 2022 δικαιοσύνην;
1273 1953 1343 2003 Ἢ
1389 1951 1488 2020 τὴν
1535 1951 1758 2004 καθόλου
1811 1952 1976 2021 φησιν

407 2041 627 2111 ἀρετὴν,
670 2039 702 2107 ἢ
751 2039 848 2108 τὴν
886 2036 1116 2106 μερικὴν
1143 2033 1344 2104 ταύτην
1398 2032 1496 2103 τὴν
1529 2033 1858 2095 ἀπεναντίας
1907 2037 1974 2103 τῇ

407 2121 689 2190 πλεονεξίᾳ
727 2120 1005 2189 κειμένην.
1051 2117 1270 2186 Ἐπειδὴ
1305 2116 1412 2183 γάρ
1442 2115 1622 2186 μέλλει
1673 2117 1802 2186 περὶ
1823 2116 1978 2186 ἐλεη-

409 2205 646 2275 μοσύνης
675 2202 1003 2262 ἐπιτάττειν,
1031 2199 1243 2261 δεικνὺς
1271 2199 1318 2235 ⁸³
1341 2197 1456 2260 πῶς
1489 2198 1659 2250 ἐλεεῖν
1692 2197 1819 2268 χρὴ,
1867 2194 1977 2250 οἷον

405 2291 484 2342 ὅτι
514 2291 614 2341 οὐκ
637 2285 695 2351 ἐξ
743 2286 1016 2356 ἁρπαγῆς,
1053 2282 1172 2335 οὐδὲ
1200 2283 1264 2334 ἐκ
1292 2280 1634 2345 πλεονεξίας,
1684 2281 1977 2352 μακαρίζοι

405 2374 528 2434 τοὺς
560 2369 904 2439 δικαιοσύνης
935 2365 1413 2436 ἀντιποιουμένους
1437 2365 1502 2420 ⁸³,

476 2455 536 2508 δ’.
553 2456 660 2508 Καὶ
675 2454 776 2524 ὅρα
794 2450 910 2522 μεθ’
927 2452 1057 2519 ὅσης
1076 2450 1205 2502 αὐτὸ
1219 2447 1428 2519 τίθησιν
1443 2449 1542 2500 ὑπε
1552 2446 1762 2516 ρόολῆς.
1778 2447 1851 2500 Οὐ
1869 2449 1978 2518 γαρ

407 2533 546 2600 εἷπε,
592 2537 866 2606 Μακάριοι
911 2534 959 2586 οἱ
999 2531 1342 2602 δικαιοσύνης
1388 2529 1770 2599 ἀντεχόμενοι,
1821 2530 1974 2593 ἀλλὰ,

406 2620 694 2688 Μακάριοι
723 2621 776 2673 οἱ
816 2615 1135 2680 πεινῶντες
1165 2614 1260 2666 καὶ
1292 2613 1583 2680 διψῶντες
1613 2611 1726 2680 τὴν
1758 2612 1978 2667 δικαιο-

405 2705 625 2770 σύνην·
657 2703 744 2754 ἵνα
768 2701 840 2770 μὴ
870 2698 1073 2762 ἁπλῶς,
1105 2697 1238 2751 ἀλλὰ
1268 2696 1404 2766 μετά
1438 2695 1734 2763 ἐπιθυμίας
1760 2697 1979 2767 ἀπάσης

407 2786 574 2856 αὐτὴν
617 2786 906 2855 μετίωμεν.
945 2780 1160 2849 Ἐπειδὴ
1193 2779 1301 2849 γὰρ
1352 2779 1510 2832 τοῦτο
1561 2779 1795 2848 μάλιστα
1849 2781 1977 2834 ἴδιον

405 2871 506 2940 τῆς
545 2867 853 2933 πλεονεξίας
895 2867 1029 2928 ἐστὶ,
1062 2865 1157 2916 καὶ
1205 2863 1303 2932 οὐχ
1339 2862 1509 2925 οὕτως
1546 2863 1760 2934 ἐρῶμεν
1795 2865 1976 2918 σιτίων

406 2956 500 3006 καὶ
533 2953 730 3016 ποτῶν,
759 2951 832 3013 ὡς
865 2949 957 3002 τοῦ
985 2949 1032 2979 ⁹⁰
1067 2947 1286 3000 πλείονα
1324 2945 1559 2999 κτᾶσθαι
1599 2947 1690 2999 καὶ
1718 2948 1978 3017 περιϐάλ-

407 3037 616 3090 λεσθαιο
644 3034 741 3106 τὴν
762 3032 1050 3102 ἐπιθυμίαν
1067 3029 1265 3099 ταύτην
1291 3031 1418 3099 περὶ
1442 3029 1502 3081 16
1531 3028 1605 3101 μὴ
1637 3029 1978 3084 πλεονεκτεῖν

409 3120 716 3192 μεταθεῖναι
755 3115 1056 3169 ἐκέλευσεν.
1084 3108 1216 3164 Εἶτα
1270 3111 1427 3164 πάλιν
1465 3113 1720 3184 αἰσθητὸν
1779 3113 1839 3166 16
1877 3113 1975 3166 ἐπ-

405 3189 564 3262 αθλον
616 3189 808 3278 ὁρίζει,
843 3200 1040 3268 λέγων·
1069 3198 1188 3251 ’Ότι
1231 3194 1401 3250 αὐτοὶ
1438 3197 1974 3268 χορτασθήσονται.

405 3293 503 3344 Διὰ
553 3289 662 3359 γὰρ
720 3288 781 3340 16
827 3283 1143 3354 νομίζεσθαι
1189 3283 1286 3352 τὴν
1348 3280 1658 3346 πλεονεξίαν
1714 3282 1978 3356 εὐπόρους

406 3376 574 3428 ποιεῖν
619 3373 743 3434 τοὺς
789 3370 1037 3431 πολλοὺς,
1082 3366 1227 3434 λέγει
1271 3367 1352 3420 ὅτι
1391 3365 1694 3421 τούναντίον
1749 3369 1846 3439 μέν
1885 3366 1978 3423 οὖν

405 3459 549 3510 ἐστιν
583 3457 661 3487 ⁸³·
709 3456 742 3522 ἡ
789 3453 897 3522 γάρ
943 3450 1253 3518 δικαιοσύνη
1308 3448 1465 3502 τοῦτο
1527 3452 1836 3521 ἐργάζεται.
1886 3453 1976 3525 Μὴ

405 3540 578 3592 τοίνυν
614 3537 792 3590 δίκαια
816 3534 1071 3604 πράττων
1102 3532 1265 3601 φοϐοῦ
1297 3534 1506 3595 πενίαν,
1539 3534 1674 3603 μηδέ
1697 3535 1865 3604 τρέμε
1893 3535 1974 3588 λιο

408 3621 524 3691 μόν.
555 3621 616 3672 (ιὶ
645 3619 752 3689 γὰρ
780 3615 1136 3688 ἁρπάζοντες,
1163 3611 1303 3670 οῦτοι
1337 3615 1570 3685 μάλιστά
1606 3618 1741 3670 εἰσιν
1762 3619 1810 3670 οί
1842 3618 1977 3672 πάν-

404 3721 510 3758 των
544 3703 928 3764 ἐκπίπτοντες·
978 3702 1052 3763 ὼς
1088 3700 1132 3732 θ’
1173 3703 1200 3754 6
1234 3697 1364 3768 γοῦν
1417 3700 1762 3771 δικαιοσύνης
1811 3702 1971 3772 ἐρῶν,

403 3787 472 3841 τὰ
514 3786 731 3839 πάντων
768 3785 814 3818 ’³
847 3783 1006 3845 αὐτὸς
1031 3783 1147 3852 ἔχει
1181 3783 1318 3853 μετὰ
1355 3783 1670 3851 ἀσφαλείας.
1721 3784 1782 3835 Εί
1824 3783 1881 3836 δέ
1924 3786 1975 3836 οί

404 3869 509 3922 τῶν
542 3867 833 3937 ἀλλοτρίων
869 3867 942 3936 μὴ
979 3865 1251 3936 ἐφιέμενοι
1303 3867 1568 3936 τοσαύτης
1614 3865 1974 3921 ἀπολαύουσιν

404 3950 684 4021 εὐπορίας,
712 3947 888 4018 πολλῷ
921 3947 1120 4018 μᾶλλον
1144 3949 1193 4000 οί
1220 3947 1288 4000 τά
1319 3947 1524 4002 ἑαυτῶν
1558 3947 1606 3979 ³³
1638 3951 1967 4020 προϊέμενοι.

403 4033 688 4102 Μακάριοι
727 4035 780 4085 οὶ
811 4029 1157 4099 ἐλεήμονες.
1196 4031 1457 4084 Ἐνταῦθα
1489 4032 1550 4084 οὐ
1576 4034 1702 4096 τοὺς
1725 4033 1812 4086 διά
1837 4051 1973 4104 χρη-

409 4119 592 4188 μάτων
619 4115 900 4176 ἐλεοῦντας
950 4114 1108 4184 μόνον
1136 4114 1259 4183 ἐμοὶ
1288 4115 1436 4167 δοκεῖ
1471 4114 1668 4183 λέγειν,
1708 4116 1842 4171 ἀλλά
1881 4119 1974 4172 καὶ

402 4205 528 4267 τοὺς
560 4199 648 4255 διὰ
672 4197 1016 4270 πραγμάτων
1037 4199 1104 4250 ³⁵.
1138 4197 1385 4260 Ποικίλος
1417 4197 1524 4271 γάρ
1552 4200 1581 4251 6
1624 4199 1723 4269 τῆς
1746 4199 1971 4271 ἐλεημο.

406 4285 570 4353 σύνης
597 4283 815 4354 τρόπος,
849 4282 943 4334 καὶ
980 4279 1208 4334 πλατεῖα
1233 4279 1370 4350 αὕτη
1401 4283 1433 4350 ή
1474 4281 1681 4350 ἐντολή.
1708 4282 1772 4334 Τί
1803 4279 1893 4335 οὖν
1928 4283 1975 4315 ’⁸

403 4367 574 4436 αὐτῆς
602 4367 663 4420 τὸ
707 4364 966 4430 ἔπαθλον;
994 4365 1114 4417 Ὅτι
1150 4363 1318 4418 αὐτοὶ
1371 4363 1823 4430 ἐλεηθήσονται.
1866 4366 1976 4419 Καὶ

400 4449 548 4504 δοκεῖ
581 4450 678 4519 μὲν
708 4450 972 4512 ἀντίδοσις
1009 4443 1148 4502 εἷναί
1176 4464 1259 4510 τις
1293 4447 1411 4518 ίση·
1445 4446 1560 4499 ἔστι
1592 4447 1648 4500 δὲ
1675 4447 1806 4501 πολὺ
1853 4452 1974 4518 μεῖ-

405 4536 492 4598 ζον
519 4535 563 4565 ³⁷
586 4533 680 4586 τοῦ
714 4530 1156 4602 κατορθώματος.
1187 4531 1351 4584 Αὐτοὶ
1379 4529 1476 4600 μὲν
1497 4529 1605 4600 γὰρ
1628 4529 1866 4584 ἐλεοῦσιν
1894 4531 1970 4596 ὡς

404 4617 498 4670 ἄνθ
510 4633 700 4686 ρωποι,
722 4615 996 4667 ἐλεοῦνται
1018 4614 1075 4666 δὲ
1099 4613 1248 4684 παρά
1273 4611 1366 4666 τοῦ
1392 4613 1500 4665 τῶν
1519 4612 1654 4666 ὅλων
1676 4612 1830 4667 Θεοῦ.
1855 4616 1969 4669 Ούκ

405 4700 517 4752 ἔστι
551 4699 607 4752 δέ
636 4699 748 4759 ἴσος
777 4699 822 4729 ⁸⁸
847 4695 1183 4767 ἀνθρώπινος
1216 4695 1361 4758 ἕλεος
1391 4695 1484 4748 καὶ
1517 4695 1678 4758 θεῖος,
1710 4695 1824 4748 ἀλλ’
1849 4698 1972 4750 ὅσον

406 4781 670 4851 πονηρίας
710 4779 803 4831 καὶ
843 4779 1176 4848 ἁγαθότητος
1210 4778 1269 4831 τὸ
1314 4778 1498 4848 μέσον,
1543 4777 1792 4831 τοσοῦτον
1819 4774 1971 4843 οὗτος

403 4865 610 4918 ἐκείνου
646 4861 914 4929 διέστηκε.
947 4861 1226 4927 Μακάριοι
1268 4864 1321 4915 οἱ
1359 4861 1603 4930 καθαροὶ
1636 4860 1710 4930 τῇ
1738 4863 1968 4930 καρδίᾳ,

403 4947 489 5000 ὅτι
520 4943 690 5001 αὐτοὶ
729 4944 836 4994 τὸν
874 4943 1022 4996 Θεὸν
1055 4943 1320 5010 ὄψονται.
1363 4943 1492 4996 Ἰδοὺ
1531 4943 1692 4996 πάλιν
1724 4961 1970 5014 πνευμα-

399 5031 548 5084 τικὸν
577 5029 638 5081 τὸ
667 5025 919 5079 ἔπαθλον.
959 5024 1245 5096 Καθαροὺς
1273 5025 1330 5077 δὲ
1366 5025 1600 5079 ἐνταῦθά
1630 5043 1815 5096 φησιν,
1849 5028 1966 5097 ἦτοι

400 5114 525 5176 τοὺς
555 5110 846 5179 καθολικὴν
873 5107 1072 5179 ἀρετὴν
1096 5107 1479 5178 κεκτημένους,
1509 5109 1603 5162 καὶ
1629 5109 1793 5178 μηδὲν
1818 5107 1964 5182 [190]

403 5195 612 5257 ἑαυτοῖς
664 5192 970 5253 συνειδότας
1005 5187 1260 5259 πονηρὸν,
1306 5189 1338 5259 ἢ
1390 5191 1514 5252 τοὺς
1547 5192 1605 5242 ἐν
1645 5190 1965 5263 σωφροσύνη

400 5277 712 5344 διάγοντας
747 5274 956 5336 οὐδενὸς
995 5272 1104 5342 γὰρ
1142 5273 1272 5340 ἡμῖν
1301 5271 1442 5325 οὕτω
1481 5273 1562 5325 δεῖ
1598 5275 1743 5344 πρὸς·
1774 5275 1834 5327 τὸ
1877 5275 1968 5326 τὸν

402 5358 532 5412 Θεὸν
567 5359 713 5420 ἰδεῖν,
739 5358 813 5420 ὡς
838 5357 932 5425 τῆς
963 5353 1161 5424 ἀρετῆς
1194 5352 1411 5424 ταύτης.
1435 5354 1526 5407 Διὸ
1561 5356 1652 5408 καὶ
1683 5358 1712 5408 6
1757 5355 1964 5419 Παῦλος

1591 261 1656 318 ιΝ
1697 263 2107 320 ΜΛΤἸῊᾹΞΠΜ
2137 263 2368 322 HOMIL.
2412 264 2526 321 XV.

3532 263 3636 316 “223

2074 377 2285 446 ἔλεγεψ
2336 368 2598 446 Εἰρήνην
2637 375 2873 429 διώκετε
2903 377 3054 443 μετὰ
3108 376 3368 442 πάντων,
3398 377 3491 430 καί
3528 382 3634 432 τόν

2071 461 2385 530 ἁγιασμόν,
2431 456 2502 515 οὗ
2547 460 2726 528 χωρὶς
2767 457 2963 524 οὐδεὶς
3008 457 3216 524 ὄψεται
3256 460 3363 512 τὸν
3398 462 3632 527 Κύριον.

2078 543 2236 611 Ὄψιν
2265 542 2320 596 δέ
2351 543 2582 596 ἐνταῦθά
2626 560 2810 613 φησιν,
2843 543 2907 614 ἢν
2935 539 3206 612 ἀνθρώπῳ
3234 543 3456 597 δυνατὸν
3493 544 3639 598 ἰδεῖν.

2086 625 2302 698 Ἐπειδὴ
2333 626 2438 697 γὰρ
2471 626 2654 680 πολλοὶ
2689 625 2896 679 ἐλεοῦσι
2929 625 3049 696 μέν,
3101 627 3192 678 καὶ
3229 627 3326 696 οὐχ
3369 629 3639 698 ἁρπάζου-

2076 725 2180 772 σιν,
2220 709 2339 761 ούδέ
2370 707 2768 774 πλεονεκτοῦσι,
2813 707 3135 780 πορνεύουσι
3178 709 3232 761 δὲ
3267 709 3361 762 καὶ
3393 709 3641 777 ἀσελγαί-

2075 807 2224 844 νουσι
2253 808 2267 822 ο
2298 791 2513 852 δεικνὺς
2540 791 2620 844 ὅτι
2654 792 2752 844 οὐκ
2781 794 2940 862 ἀρκεῖ
2969 793 3030 844 τὸ
3059 793 3339 862 πρότερον,
3367 793 3460 844 καὶ
3488 792 3642 844 τοῦτο

2074 873 2619 946 προσέθηκεν.”οπερ
2647 875 2710 946 δὴ
2737 877 2831 927 καὶ
2852 878 2880 928 6
2906 875 3116 938 Παῦλος
3142 874 3446 928 Μακεδόσιν
3475 875 3642 944 ἐμαρ-

2071 955 2294 1026 τύρησε,
2333 957 2638 1028 Κορινθίοις
2690 958 3040 1025 ἐπιστέλλων,
3091 959 3172 1011 ὅτι
3206 959 3263 1010 ού
3307 958 3463 1028 μόνον
3497 958 3554 1010 ἐν
3599 957 3642 990 ³³

2072 1039 2412 1114 ἐλεημοσύνη
2447 1041 2758 1104 ἐπλούτουν,
2797 1043 2933 1095 ἀλλὰ
2965 1044 3058 1096 καὶ
3089 1045 3146 1094 ἐν
3180 1045 3243 1112 τῇ
3275 1042 3408 1114 ἄλλῃ
3435 1043 3604 1112 ἀρετῇ
3627 1055 3639 1069 ’

2074 1124 2244 1176 εἰπὼν
2278 1124 2388 1195 γὰρ
2423 1127 2551 1197 περὶ
2596 1127 2694 1195 τῆς
2735 1125 3043 1196 φιλοτιμίας
3078 1126 3257 1180 αὐτῶν
3293 1125 3392 1194 τῆς
3431 1127 3487 1178 ἐν
3532 1127 3643 1186 τοῖς

2072 1206 2335 1276 χρήμασι,
2359 1208 2542 1276 φησὶν,
2574 1208 2656 1262 ὅτι
2692 1209 2784 1263 καὶ
2809 1208 3085 1276 Ἑαυτοὺς
3102 1209 3333 1264 ἔδωκαν
3357 1203 3438 1274 τῷ
3449 1207 3644 1277 Κυρίῳ

2073 1290 2171 1342 καί
2212 1289 2374 1359 ἡμῖν.
2395 1321 2463 1330 —-
2483 1291 2766 1358 Μακάριοι
2793 1295 2845 1344 οί
2875 1295 3254 1359 εἰρηνοποιοί.
3295 1293 3555 1346 Ἐνταῦθα
3583 1293 3644 1346 οὑ

2071 1369 2132 1420 16
2170 1371 2242 1441 μὴ
2282 1373 2294 1402 ¹
2329 1373 2634 1435 στασιάζειν
2666 1373 2894 1435 αὐτοῦς²
2937 1375 3096 1444 μόνον
3124 1375 3216 1428 καὶ¹
3247 1375 3646 1446 ἀπεχθάνεσθαι

2074 1454 2206 1522 πρὸς
2263 1453 2520 1524 ἀλλήλους
2571 1457 2801 1526 ἀναιρεῖ,
2837 1456 2971 1509 ἁλλά
3018 1457 3110 1508 καὶ
3143 1457 3327 1528 ἔτερόν
3377 1475 3430 1511 τι
3485 1459 3646 1511 πλέον

2075 1535 2341 1606 ἐπιζητεῖ,
2375 1538 2460 1590 ἵνα
2499 1540 2592 1590 καὶ
2626 1539 2842 1608 ἐτέρους
2873 1539 3260 1604 στασιάζοντας
3289 1542 3606 1611 συνάγωμεν
3630 1561 3642 1570 ·

2077 1620 2168 1672 καὶ
2193 1618 2354 1672 πάλιν
2379 1620 2400 1649 ³
2428 1621 2794 1691 πνευματικὸν
2821 1621 3013 1690 ἐπάγει
3035 1623 3094 1674 16
3121 1623 3372 1676 ἔπαθλον.
3402 1624 3557 1675 Ποῖον
3583 1624 3646 1695 δὴ

2075 1700 2263 1766 τοῦτο;
2290 1702 2408 1755 ’Ότι
2436 1703 2601 1756 αὐτοὶ
2635 1702 2752 1756 υἱοί
2788 1704 2934 1758 Θεοῦ
2960 1705 3386 1772 κληθήσονται.
3407 1706 3514 1758 Καὶ
3538 1707 3646 1779 γὰρ

2076 1782 2169 1835 τοῦ
2219 1785 2551 1852 Μονογενοῦς
2594 1785 2752 1858 ἔργον
2791 1787 3005 1854 ἐγένετο
3051 1787 3228 1850 τοῦτο,
3277 1793 3599 1858 συναγαγεῖν
3627 1800 3648 1821 ⁸

2077 1868 2145 1921 τὰ
2175 1868 2456 1931 διεστῶτα,
2504 1871 2595 1922 καὶ
2637 1869 2968 1934 καταλλάξαι
3013 1871 3082 1924 τὰ
3124 1873 3646 1944 ἐκπεπολεμωμένα.

2078 1947 2210 2008 Εἶτα
2241 1952 2327 2003 ἵνα
2369 1951 2442 2021 μὴ
2475 1952 2723 2022 νομίσῃς,
2754 1954 2835 2005 ὅτι
2863 1954 3136 2023 πανταχοῦ
3171 1956 3203 2025 ἡ
3232 1957 3420 2026 εἰρήνη
3463 1957 3646 2021 καλὸν,

2079 2034 2324 2103 ἐπήγαγε
2345 2053 2356 2065 ·
2393 2034 2681 2102 Μακάριοι
2717 2039 2771 2090 οἱ
2796 2037 3174 2106 δεδιωγμένοι
3197 2037 3406 2091 ἕνεκεν
3433 2039 3648 2093 δικαιοο

2079 2118 2302 2182 σύνηςο
2343 2118 2608 2178 τουτέστι,
2651 2121 2750 2188 τῆς
2802 2120 3003 2189 ἀρετῆς
3052 2120 3256 2181 ἐνεκεν,
3295 2124 3395 2193 τῆς
3449 2124 3469 2154 ⁵
3511 2125 3650 2196 ὑπὲρ

2080 2201 2279 2269 ἐτέρων
2311 2202 2663 2270 προστασίας,
2693 2201 2792 2270 τῆς
2828 2202 3126 2267 εὐσεϐείας.
3160 2206 3517 2278 Δικαιοσύνην
3541 2209 3650 2280 γὰρ

2080 2281 2268 2334 είωθεν
2300 2283 2318 2312 ⁸
2352 2284 2438 2335 ἀεὶ
2483 2284 2579 2354 τὴν
2617 2284 2831 2338 ἃπασαν
2877 2284 3057 2352 λέγειν
3085 2286 3184 2355 τῆς
3221 2289 3398 2358 ψυχῆς
3436 2291 3650 2358 φιλοσο-

2081 2365 2226 2431 φίαν.
2254 2365 2543 2432 Μακάριοί
2568 2365 2727 2430 ἐστε,
2767 2365 2913 2420 ὅταν
2941 2368 3321 2423 ὀνειδίσωσιν
3360 2371 3517 2442 ὑμᾶς
3551 2378 3647 2428 καὶ

2079 2445 2350 2510 διώξωσι,
2403 2447 2498 2502 καὶ
2551 2448 2762 2501 εἴπωσι
2818 2449 2944 2503 ,πᾶν
2991 2453 3258 2519 πονηρόν
3305 2452 3472 2524 ῥῆμα
3521 2458 3651 2512 καθ’

2078 2530 2245 2598 ὑμῶν
2263 2531 2639 2610 ψευδόμενοι,
2663 2533 2870 2587 ἕνεκεν
2894 2534 3057 2603 ἐμοῦ.
3085 2538 3327 2606 Χαίρετε
3347 2540 3439 2591 καί
3467 2540 3651 2610 ἀγαλ-

2077 2610 2310 2668 λιᾶσθε.
2367 2608 2511 2676 Οἷον,
2557 2613 2677 2668 Κᾶν
2703 2616 2922 2686 γόητας,
2972 2616 3073 2670 κᾶν
3117 2618 3370 2684 πλάνους,
3403 2608 3524 2676 κᾶν.
3558 2623 3651 2676 λυ-

2082 2695 2315 2766 μεῶνας,
2345 2697 2445 2750 κᾶν
2473 2696 2651 2752 ὁτιοῦν
2682 2699 2866 2770 ἕτερον
2893 2700 3184 2764 καλέσωσι,
3217 2705 3473 2775 μακάριοί
3506 2707 3649 2772 ἐστε,

2081 2781 2232 2850 φησί.
2268 2780 2331 2832 Τί
2361 2779 2567 2834 τούτων
2608 2783 2921 2854 καινότερον
2965 2786 3162 2853 γένοιτ’
3211 2789 3275 2840 ἂν
3317 2789 3426 2842 τῶν
3467 2793 3656 2846 ἐπιτα-

2081 2863 2324 2932 γμάτων,
2357 2863 2482 2917 ὅταν
2511 2864 2577 2918 τὰ
2604 2867 2714 2928 τοῖς
2743 2865 2922 2929 ἄλλοις
2962 2869 3190 2936 φευκτὰ,
3233 2871 3402 2925 ταῦτα
3432 2874 3654 2928 ποθεινὰ

2080 2939 2215 2996 εἶναι
2254 2944 2417 3016 λέγῃ·
2470 2947 2532 3000 16
2585 2949 2888 3019 πτωχεύειν
2933 2950 3094 3019 λέγω,
3145 2955 3241 3007 καὶ
3280 2956 3513 3022 πενθεῖν,
3559 2958 3654 3011 καὶ
3692 2944 3695 2945 ν

2079 3027 2389 3092 διώκεσθαι,
2422 3030 2516 3083 καὶ
2546 3031 2730 3095 κακῶς
2768 3032 3007 3099 ἀκούειν;
3039 3035 3177 3086 Ἀλλ’
3209 3037 3356 3105 ὅμως
3387 3043 3478 3093 καὶ
3509 3040 3651 3108 εἶπε,

2080 3112 2174 3163 καὶ
2202 3111 2437 3174 ἔπεισεν,
2465 3111 2587 3184 οὐχὶ
2617 3115 2710 3168 δύο
2739 3117 2830 3169 καὶ
2854 3117 2984 3170 δέκα
3013 3120 3107 3172 καὶ
3134 3119 3305 3173 εἴκοσι
3335 3125 3429 3176 καὶ
3461 3128 3653 3184 ἑκατὸν

2080 3194 2175 3245 καὶ
2204 3194 2406 3264 χιλίους
2440 3195 2780 3266 ἀνθρώπους,
2815 3199 2950 3252 ἀλλὰ
2996 3201 3094 3271 τὴν
3143 3203 3469 3276 οἰκουμένην
3508 3211 3654 3266 ἄπα-

2081 3293 2199 3332 σαν.
2266 3278 2374 3334 Καὶ
2419 3279 2709 3346 ἀκούοντες
2756 3281 2822 3336 τὰ
2874 3285 3106 3355 φορτικά
3157 3287 3248 3341 καί
3303 3290 3512 3366 ἐπαχθῆ
3562 3302 3655 3352 καὶ

2079 3363 2406 3425 ἀπεναντίας
2442 3366 2508 3434 τῇ
2537 3364 2646 3416 τῶν
2684 3365 2894 3419 πολλῶν
2938 3369 3216 3440 συνηθείᾳ,
3263 3363 3654 3448 ἐξεπλήττοντο

2078 3448 2126 3498 οί
2154 3446 2320 3529 δχλοι.
2357 3445 2606 3517 Τοσαύτη
2637 3449 2671 3518 ἡ
2695 3448 2787 3500 τοῦ
2815 3449 3065 3517 λέγοντος
3094 3452 3320 3524 δύναμις
3351 3453 3436 3529 ἦν.

2149 3528 2209 3581 ε’.
2229 3529 2375 3600 Πλὴν
2401 3529 2514 3582 ἀλλ’
2543 3531 2629 3582 ἴνα
2655 3529 2728 3602 μὴ
2750 3531 2997 3603 νομίσῃς,
3019 3534 3102 3587 ὅτι
3135 3536 3194 3588 τὸ
3216 3528 3399 3606 κακῶς
3435 3545 3650 3600 ἀκούειν

2079 3612 2262 3676 ἁπλῶς
2291 3613 2590 3684 μακαρίους
2623 3616 2784 3677 ποεῖ,
2813 3613 2906 3694 δύο
2923 3615 3132 3672 τέθεικε
3161 3621 3492 3694 διορισμοὺς,
3524 3630 3652 3684 ὅταν

2079 3697 2172 3749 καὶ
2210 3696 2276 3749 δι’
2325 3697 2507 3760 αὐτὸν,
2543 3697 2636 3749 καὶ
2668 3695 2835 3768 ψευδῆ
2942 3700 3010 3752 τὰ
3042 3693 3524 3775 λεγόμεναξῈπεὶ
3557 3715 3652 3767 ἐὰν

2081 3779 2155 3849 μὴ
2190 3778 2362 3832 ταῦτα
2397 3785 2596 3850 προσῇ,
2632 3781 2693 3833 οὐ
2745 3780 2905 3860 μόνον
2946 3784 3005 3834 οὐ
3063 3789 3349 3860 μακάριος,
3381 3793 3516 3848 ἀλλά
3561 3803 3652 3852 καὶ

2076 3861 2259 3925 ἄθλιος
2287 3865 2315 3914 6
2341 3863 2525 3924 κακῶς
2551 3862 2783 3915 ἁκούων.
2815 3859 2948 3917 Εἶτα
2977 3867 3076 3938 ὅρα
3105 3869 3166 3922 16
3201 3871 3431 3929 ἔπαθλον
3466 3879 3648 3933 πάλινο

2079 3945 2198 3996 ’Ότι
2231 3943 2263 3996 ὀ
2304 3945 2521 4014 μισθὸς
2553 3945 2718 4013 ὑμῶν
2762 3947 2955 4013 πολὺς
2985 3949 3053 4001 ἐν
3079 3951 3203 4017 τοῖς
3247 3957 3544 4026 οὐρανοῖς.
3577 3963 3649 4016 Σὺ

2077 4029 2152 4091 δέ,
2170 4031 2217 4080 εί
2239 4029 2330 4081 καὶ
2354 4029 2428 4100 μὴ
2457 4028 2578 4082 καθ’
2605 4029 2832 4082 ἕκαστον
2853 4031 2959 4085 τῶν
2984 4039 3347 4106 μακαρισμῶν
3375 4042 3649 4110 βασιλείαν

2077 4111 2292 4197 ἀκούεις
2323 4112 2690 4197 δωρουμένην,
2727 4114 2802 4197 μὴ
2831 4113 3050 4183 ἀθύμει.
3093 4119 3155 4170 Εἰ
3202 4120 3310 4192 γὰρ
3343 4125 3435 4178 καὶ
3461 4127 3650 4197 διαφό..

2081 4194 2470 4281 ρους-ὀνομάζει
2491 4195 2876 4281 τὰς-ἀμοιβὰς,
2909 4197 3042 4250 ἀλλὰ
3074 4201 3280 4264 πάντας
3310 4207 3389 4268 είς
3418 4207 3516 4280 τὴν
3549 4194 3649 4281 βα-

2079 4279 2282 4363 σιλείαν
2307 4279 2537 4363 εἰσάγει.
2566 4278 2671 4332 Καὶ
2711 4279 2818 4351 γάρ
2847 4281 2974 4334 ὅταν
3003 4283 3152 4355 εἴπῃ,
3187 4278 3650 4363 Παρακληθήσον-

2076 4379 2164 4415 ται
2202 4361 2252 4415 οἱ
2299 4361 2648 4428 πενθοῦντες,
2699 4364 2792 4416 καὶ
2831 4363 3210 4435 ἐλεηθήσονται
3255 4373 3302 4423 οξ
3350 4361 3650 4444 ἐλεοῦντες,

2075 4448 2167 4500 καὶ
2194 4447 2286 4500 τὸν
2313 4445 2444 4500 Θεὸν
2477 4447 2695 4514 ὄψονται
2733 4450 2782 4501 οἱ
2815 4450 3042 4518 καθαροὶ
3075 4455 3139 4524 τῇ
3173 4456 3385 4527 καρδίᾳ,
3419 4461 3511 4514 καὶ
3542 4464 3648 4517 υἱοὶ

2072 4527 2208 4581 Θεοῦ
2239 4528 2598 4600 κληθήσονται
2634 4533 2680 4583 οἱ
2739 4532 3088 4603 εἰρηνοποιοί,
3132 4536 3283 4590 οὐδὲν
3317 4539 3444 4594 ἄλλο
3480 4543 3512 4614 ἦ
3548 4546 3646 4617 τὴν

2075 4612 2352 4682 βασιλείαν
2381 4613 2470 4666 διὰ
2498 4614 2704 4667 τούτων
2752 4613 2898 4686 [l9’]
2936 4616 3189 4670 ἁπάντων
3232 4612 3527 4680 αίνίττεται
3549 4646 3561 4657 ·
3593 4612 3642 4682 οἱ

2073 4697 2182 4768 γάρ
2211 4696 2415 4753 τούτων
2449 4698 2829 4762 ἀπολαύοντες,
2868 4700 3081 4769 ἐκείνης
3113 4703 3480 4771 ἐπιτεύξονται
3507 4713 3642 4768 πάν-

2071 4799 2198 4843 τως.
2223 4783 2315 4851 Μὴ
2336 4782 2512 4836 τοίνυν
2539 4783 2646 4834 τῶν
2677 4781 2756 4850 τῷ
2793 4781 3061 4852 πνεύματι
3094 4786 3323 4855 πτωχῶν
3360 4791 3536 4860 μόνων
3561 4797 3646 4850 νό-

2075 4863 2200 4934 μιζε
2229 4862 2367 4918 εἶναι
2396 4866 2456 4917 τὸ
2483 4864 2736 4930 ἔπαθλον,
2764 4864 2898 4918 ἀλλὰ
2926 4867 3018 4918 καὶ
3050 4867 3158 4919 τῶν
3203 4873 3512 4930 πεινώντων
3543 4881 3642 4952 τὴν

2071 4947 2438 5017 δικαιοσύνην,
2473 4949 2566 5001 καὶ
2599 4947 2706 5000 τῶν
2743 4947 2953 5018 πράων,
2995 4951 3087 5002 καὶ
3119 4952 3228 5006 τῶν
3255 4955 3428 5012 ἄλλων
3471 4947 3644 5016 ἀπάν-

2072 5046 2180 5082 των
2205 5029 2557 5094 ἁπαξαπλῶς.
2601 5029 2699 5082 Διά
2731 5029 2838 5101 γὰρ
2866 5031 3024 5085 τοῦτο
3053 5035 3143 5086 ἐπὶ
3171 5036 3384 5094 πάντων
3417 5043 3508 5096 τὸν
3537 5063 3642 5114 μα-

2073 5111 2340 5196 καρισμδν
2398 5112 2624 5196 ἔθηκεν,
2677 5113 2763 5167 ἵνα
2833 5114 2995 5184 μηδὲν
3049 5116 3304 5189 αἰσθητὸν
3345 5111 3638 5196 ἀναμένῃς.

2073 5193 2204 5246 Οὐδὲ
2238 5195 2346 5276 γάρ
2393 5192 2458 5247 ἂν
2493 5195 2578 5262 εἴη
2617 5196 2884 5273 μακάριος
2917 5198 2945 5250 6
2989 5200 3047 5251 ἐν
3086 5201 3294 5267 τούτοις
3343 5192 3639 5276 στεφανού-

2073 5291 2250 5343 μενος,
2283 5275 2319 5330 ἃ
2351 5276 2426 5345 τῷ
2459 5277 2684 5348 παρόντι
2713 5279 3143 5345 συγκαταλύεται
3190 5284 3307 5356 βίςρ,
3345 5275 3456 5340 καὶν
3481 5291 3639 5354 σκιᾶς

2068 5358 2362 5430 ταχύτερον
2407 5361 2760 5432 παρατρέχει.
2832 5363 3014 5419 Εἰπὼν
3050 5365 3128 5428 δὲ,
3173 5365 3299 5420 Ὅτι
3347 5373 3380 5422 ὁ
3418 5373 3638 5438 μισθὸς

463 5466 509 5498 ⁸⁸
527 5463 762 5534 συνεχῶς
777 5463 962 5529 ἔλεγεν
976 5462 1055 5514 ὅτι
1075 5462 1123 5512 οί
1147 5463 1337 5529 πραεῖς
1350 5461 1414 5513 Δ.
1432 5461 1487 5514 Β.
1503 5471 1556 5514 οι
1576 5476 1697 5515 mox
1711 5461 1893 5528 ἔλεγεν
1907 5477 1980 5516 0n

463 5534 690 5588 ιιητέοα.
710 5534 740 5588 ἢ
760 5535 1011 5588 γυναῖκα.
1028 5531 1060 5588 ἦ
1081 5530 1264 5588 τέκνα.
1285 5529 1317 5588 ἢ
1339 5531 1558 5588 ἀγροὺς,
1578 5532 1761 5583 ἕνεκεν
1776 5531 1869 5583 τοῦ
1891 5531 1978 5584 ὀνό

2081 5466 2223 5517 :lem.
2241 5464 2354 5516 οίδέ
2371 5467 2562 5535 πραεῖς
2578 5463 2640 5518 C.
2665 5463 2725 5518 F.
2739 5464 2833 5520 Ge.
2855 5466 2898 5497 ⁸⁷
2917 5465 3334 5588 ἀδελφούςὲαιίά.
3353 5468 3383 5537 ἢ
3401 5475 3633 5544 πατέρα,

2076 5533 2146 5588 τός
2165 5550 2264 5588 μου
2283 5533 2414 5588 Edd.
2453 5535 2745 5588 ⁸⁸δείκνυσι
2763 5534 2824 5588 C.
2842 5535 2903 5588 Ι).
2929 5535 2990 5588 F.
3013 5535 3149 5588 πως]
3205 5553 3321 5588 πως
3338 5538 3397 5588 Ε.
3445 5540 3492 5572 ⁸⁸
3511 5545 3633 5588 ἀντ-

400 5537 435 5608 ἢ
460 5529 690 5616 μηῖέράὲ
707 5534 745 5616 ﬂ
760 5535 1011 5612 Win.»
1028 5529 1324 5616 ἥ.τέκνειν,ῆ
1339 5531 1761 5616 ἀτρρὲδςνὲνεκεγ
1776 5531 2146 5616 3961190161.

2164 5550 2264 5608 μου
2453 5535 2498 5566 ⁸³
2509 5534 2824 5608 δείκνυσεϐ.
2842 5535 2903 5588 D.
3013 5533 3321 5608 1154161192;
3338 5533 3397 5591 E'.
3445 5540 3492 5572 "
3511 5533 3638 5598 ἀλιτᾷ

401 5599 688 5701 ξ’χοιὲἐνοιές
707 5599 779 5655 '1".
799 5617 921 5701 plgp.
943 5601 1041 5701 151;
1059 5601 1156 5701 2115
1170 5599 1361 5701 9631?);
1378 5599 1490 5701 Eds
1500 5601 1604 5701 Lat"
1631 5599 1748 5701 τοῦὲ
1971 5621 1980 5655 ι

2076 5605 2150 5656 eri
2165 5599 2249 5656 τό.
2293 5605 2336 5636 ⁹¹
2360 5607 2505 5657 ἐστιν
2523 5619 2633 5658 om.
2654 5603 2796 5658 A.B.
2845 5607 2889 5638 ⁹²
2916 5607 2991 5668 ὡς
3016 5599 3203 5659 οιη.Ἁ.
3226 5604 3288 5659 F.
3305 5599 3463 5682 γοῦν]
3484 5629 3545 5680 γε
3570 5617 3636 5676 Β,

2079 5689 2142 5701 ηιι
2191 5674 2366 5701 -.⁹ι-.⁶ἰη
2479 5675 2526 5701 II
2557 5675 2835 5701 _-_.....'._.
2853 5674 2919 5701 ...Ἰ
2949 5674 3202 5701 3....λ.-.νηι
3237 5675 3260 5701 Α
3326 5675 3366 5701 D
3411 5680 3493 5701 οε-
3531 5685 3570 5701 n

403 5668 570 5736 ³ἴτ’ἀς
597 5668 887 5728 πάντωνσ
919 5668 1191 5724 τάπάντα
1217 5668 1281 5722 Ε.
1318 5668 1412 5725 Ge.
1451 5671 1601 5723 Arm.
1696 5672 1717 5702 ⁸

406 5815 421 5845 ⁸
461 5815 544 5883 μήν
562 5828 671 5867 om.

687 5977 960 6044 Pauor"
993 5981 1110 6042 Gn.
1137 5976 1350 6041 LVII.

794 5670 887 5726 6C.
919 5671 988 5723 τὰ
1017 5670 1191 5724 πάντα
1217 5670 1281 5722 Ε.
1318 5670 1412 5725 Ge.
1451 5671 1601 5723 Arm.
1696 5670 1746 5702 "
1767 5670 1857 5723 Sic
1885 5671 1946 5726 F.
1983 5674 2143 5742 vulgo
2188 5674 2384 5727 αὐτῶν.

794 5743 920 5772 5-.-“.
946 5741 993 5771 06
1024 5742 1209 5772 ηιίοΑῗρ
1252 5745 1278 5772 Δ
1384 5741 1428 5772 97
1461 5741 1660 5772 ...ιγιηη
1698 5739 1724 5772 Δ
1789 5739 1830 5772 Il
1883 5741 1958 5772 Ii".
2053 5743 2100 5772 II
2133 5743 2245 5772 I'.-..
2271 5744 2312 5772 Ρ
2369 5743 2384 5772 I

404 5745 495 5799 sed
515 5759 598 5812 pr.
625 5741 993 5864 χρημάτωνμ⁵
1023 5742 1209 5823 αὐτοῖς
1243 5745 1306 5791 Α.
1384 5741 1428 5772 ⁸⁷
1460 5741 1660 5819 μείζων
1691 5739 1848 5820 A._B.
1883 5741 1980 5810 Ep.
2053 5739 2100 5775 ⁸⁵
2133 5743 2245 5797 ἴσον
2271 5744 2333 5798 C.
2367 5743 2428 5800 Β.
2505 5747 2552 5779 ⁸⁸
2582 5739 2639 5798 ἐν
2667 5739 2849 5798 άὰόιόὶ
2873 5739 2953 5800 ek'

406 5815 421 5896 ξ
461 5815 671 5896 piem.
718 5846 757 5896 ..ε
831 5811 1093 5896 ζαύτρύςι
1117 5812 1209 5866 Slc
1237 5811 1296 5865 E.
1326 5809 1734 5896 faj'egtenhulh;
1756 5809 1876 5896 ιίίοξ
1898 5811 1994 5896 ίῖιιιἔ
2030 5813 2349 5896 ἑαυτρύςμϐ.
2376 5813 2437 5870 D.
2464 5815 2526 5869 F.
2558 5819 2864 5896 ἐαυτοῖςᾉἔ
2893 5819 2953 5875 Β.

404 5879 636 5939 ἐνταῦθα
661 5883 820 5936 πάλιν
837 5879 895 5933 F.
972 5880 993 5911 ⁸
1008 5882 1067 5948 16
1081 5879 1422 5950 ’συναγαγεῖν
1444 5882 1506 5939 F.
1535 5879 1634 5952 Ep.
1712 5879 1870 5952 ⁸τῆς]
1905 5882 1980 5941 καί

2076 5884 2129 5956 ῆς
2156 5883 2216 5942 F.
2245 5883 2340 5956 Ep.
2361 5899 2415 5960 p.
2439 5901 2494 5960 p.
2523 5888 2622 5964 τῆς
2652 5879 2928 5955 εὐσεϐείας
2958 5903 3066 5946 om.
3090 5888 3198 5960 Fu
3211 5891 3244 5962 ξ
3269 5892 3368 5948 sub

2479 5675 2526 5708 η
2556 5674 2920 5745 πραγμάτων]
2944 5674 3202 5744 ῥημάτων
3226 5675 3292 5729 Α.
3324 5675 3385 5731 Β.
3411 5674 3506 5738 εἷς’
3529 5685 3573 5742 Ε

2505 5747 2552 5779 θ’
2582 5749 2639 5798 ἐν
2667 5745 2849 5798 εαόιόί
2873 5760 2939 5800 ex
2982 5744 3044 5798 Β.
3064 5748 3292 5803 alterum
3324 5753 3403 5806 ἐν.
3428 5768 3542 5812 om.
3566 5703 3631 5812 lg.

2053 5743 2100 5775 ⁸⁸
2133 5743 2245 5814 ἴσον
2271 5744 2333 5798 C.
2367 5743 2428 5814 Ι).
2505 5747 2552 5779 ⁸⁵
2582 5743 2639 5798 ἐν
2667 5745 2849 5798 εαόιόί
2873 5743 2954 5800 ei:
2982 5743 3044 5798 Β.
3064 5748 3292 5803 alterum
3324 5753 3403 5806 ἐν.
3428 5768 3542 5814 om.

3045 5818 3070 5848 ‘
3098 5819 3191 5871 καὶ
3215 5821 3400 5950 πάλινᾶ
3431 5827 3512 5882 διὸ
3541 5834 3639 5887 καὶ

3052 5928 3066 5943 .
3090 5888 3189 5953 Γ..
3220 5891 3244 5927 ⁸
3269 5893 3368 5948 clm
3402 5900 3628 5953 αμενΑ.

3402 5912 3596 5970 αμενιει
3609 5942 3628 5959 .

3253 5973 3328 6031 10
3549 6003 3554 6006 ~
