4076 6150
358 288 464 343 2‘29

357 405 514 457 aliam
542 400 817 470 subjunxit
859 397 1278 452 consolationem
1325 396 1408 450 his
1437 396 1611 450 verbis
1637 415 1651 450 :
1685 395 1774 450 Sic
1804 396 1936 450 enim

359 492 647 566 persequuti
671 501 783 544 sunt
805 499 849 543 et
871 491 1141 561 prophetas
1161 532 1173 551 ,
1199 489 1283 557 qui
1309 493 1513 559 fuerunt
1536 499 1654 541 ante
1679 505 1781 541 vos.
1805 489 1934 554 Quia

355 587 500 640 enim
521 593 798 637 venturum
824 591 939 635 crat
959 595 1197 650 regnum,
1223 589 1275 634 et
1298 580 1346 632 in
1366 594 1458 647 spe
1480 580 1767 647 repositum
1788 585 1934 631 erat:

357 676 480 730 hinc
505 674 608 728 illis
629 673 1048 727 consolationem
1076 671 1296 740 przebet,
1315 685 1379 723 ex
1409 671 1662 724 societate
1689 669 1934 722 nimirum

357 783 540 821 eorum
565 806 578 832 ,
604 766 690 834 qui
715 774 838 818 ante
860 765 1003 832 ipsos
1026 763 1162 816 male
1189 763 1327 830 passi
1355 761 1581 814 fuerant.
1606 760 1680 814 Ne
1710 761 1902 829 putetis
1921 802 1935 823 ,

358 858 563 926 inquit,
593 871 688 909 vos
735 855 848 908 haec
895 855 1012 907 ideo
1039 857 1144 924 pali
1171 895 1184 913 ,
1235 853 1356 922 quia
1386 853 1648 906 contraria
1681 851 1855 903 dicitis
1885 859 1938 904 et

358 951 472 1020 lege
517 949 794 1012 statuitis;
843 947 924 1000 vel
969 962 1060 998 vos
1104 947 1250 1014 quasi
1303 960 1583 1014 pravorum
1631 943 1935 1011 dogmatum

360 1042 640 1111 magistros
669 1039 736 1092 ab
761 1040 863 1092 illis
897 1037 1167 1106 pellendos
1193 1051 1332 1091 esse.
1364 1035 1478 1090 Non
1509 1035 1649 1089 enim
1679 1049 1742 1088 ex
1771 1034 1937 1087 dicto-

357 1148 476 1188 rum
499 1132 728 1200 nequitia
746 1174 758 1193 ,
789 1131 879 1183 sed
909 1146 970 1182 ex
996 1129 1325 1198 malignitate
1346 1127 1670 1182 audientium
1690 1167 1702 1190 ,
1735 1125 1937 1179 insidia:

361 1235 415 1277 et
445 1224 674 1292 pericula
708 1221 1012 1292 prodibant.
1045 1222 1220 1285 Quare
1255 1235 1361 1274 non
1389 1220 1540 1274 vobis
1570 1219 1708 1272 male
1737 1219 1937 1286 patien-

360 1319 500 1370 tibus
529 1315 873 1377 ma’lediccnt,
905 1313 997 1366 scd
1043 1313 1147 1366 illis
1177 1313 1312 1366 male
1339 1312 1636 1380 agentibus.
1668 1309 1762 1362 llis
1792 1307 1939 1363 testi-

362 1409 598 1464 monium
644 1406 844 1476 prazbet
891 1413 1057 1459 totum
1107 1404 1431 1472 praeteritum
1478 1411 1705 1471 tempus.
1755 1400 1937 1467 Neque

361 1503 501 1556 enim
533 1497 818 1568 prophetas
850 1496 916 1550 de
957 1497 1232 1565 iniquitate
1273 1495 1352 1549 vel
1384 1494 1450 1547 de
1497 1494 1654 1561 impia
1699 1492 1936 1546 doctrina

362 1589 716 1650 accusabant,
743 1603 862 1641 cmn
911 1587 1044 1640 alios
1089 1583 1380 1654 lapidarent
1410 1626 1424 1647 ,
1461 1584 1592 1637 alios
1635 1583 1935 1651 pellerent,

363 1681 496 1735 alios
522 1679 787 1734 sexcentis
816 1678 932 1731 aliis
982 1677 1256 1730 allicerent
1311 1675 1463 1728 malis
1509 1674 1704 1744 (Hebr.
1733 1675 1820 1728 Η.
1846 1673 1942 1726 55-

365 1773 484 1843 57).
532 1770 609 1824 Ne
655 1770 830 1838 itaque
855 1768 960 1822 hoc
983 1782 1077 1821 vos
1103 1766 1393 1836 perturbet.
1421 1765 1549 1818 Nam
1599 1765 1786 1819 eodem
1827 1765 1940 1818 ani-

369 1881 456 1918 mo
484 1864 640 1917 etiam
669 1876 807 1915 nunc
836 1861 1012 1914 omnia
1046 1868 1368 1929 perpetrant.
1399 1858 1642 1912 Vidistin’
1673 1855 1941 1928 quomodo

364 1969 550 2010 eorum
573 1966 762 2007 sensus
787 1952 1032 2007 excitarit
1053 1993 1065 2014 ,
1098 1950 1214 2004 illos
1233 1965 1401 2019 prope
1422 1948 1633 2019 Moysen
1656 1957 1710 2003 et
1737 1947 1939 2002 lleliam

367 2045 732 2102 constituens?
762 2042 850 2098 Sic
876 2053 927 2097 et
951 2041 1144 2095 Paulus
1174 2041 1241 2095 ad
1269 2040 1777 2094 Thessalonicenses
1804 2038 1941 2091 scri-

363 2137 497 2191 beus
533 2135 642 2188 ait:
686 2133 784 2187 Vos
811 2133 943 2186 enim
981 2133 1254 2185 imitatores
1287 2132 1411 2200 facti
1451 2131 1567 2184 estis
1599 2129 1942 2183 Ecclesiarum

365 2225 459 2280 Dei
485 2267 501 2292 ,
546 2240 658 2294 quae
685 2233 800 2276 sunt
828 2223 882 2275 in
911 2221 943 2274 J
950 2222 1114 2274 udam.
1159 2219 1359 2274 Etenim
1386 2231 1431 2275 et
1459 2236 1544 2273 vos
1586 2220 1763 2273 eadem
1808 2219 1942 2287 passi

366 2317 485 2370 estis
510 2332 541 2368 a
567 2315 786 2387 prapriis
810 2311 1169 2366 contribulibus
1187 2353 1202 2378 ,
1233 2311 1359 2364 sicut
1381 2320 1425 2364 et
1451 2311 1527 2363 illi
1553 2327 1584 2362 a
1611 2308 1826 2372 Judazis,
1856 2309 1943 2378 qui

366 2394 655 2461 occiderunt
693 2403 964 2458 Dominum
1007 2401 1182 2455 Jesum
1210 2410 1255 2455 et
1285 2401 1516 2470 proprios
1555 2399 1823 2468 prophetas
1846 2439 1863 2474 ξ
1896 2407 1943 2450 ct

369 2515 459 2552 nos
513 2499 794 2568 persequuti
823 2504 974 2560 sunt,
1007 2503 1053 2546 et
1085 2493 1190 2547 Deo
1219 2509 1320 2546 non
1361 2493 1585 2562 placent,
1621 2501 1666 2544 et
1712 2491 1942 2545 omnibus

371 2587 649 2642 hominibus
694 2586 1021 2639 adversantur
1064 2583 1152 2656 (Ι.
1205 2581 1378 2636 Thess.
1423 2581 1597 2635 2.14.
1634 2582 1759 2650 15).
1792 2581 1940 2646 Quod

367 2680 455 2733 hie
480 2692 688 2747 quoque
709 2675 949 2730 Christus
979 2673 1225 2728 instituit.
1269 2672 1333 2725 Et
1357 2671 1408 2725 in
1435 2671 1554 2725 aliis
1579 2670 1792 2739 quidem
1819 2671 1942 2725 bea-

369 2770 681 2826 titudinibus
699 2768 932 2833 dicebat,
954 2766 1096 2820 Beati
1121 2780 1384 2836 pauperes,
1411 2764 1536 2817 beati
1560 2763 1909 2818 misericordes
1932 2785 1948 2822 :

369 2861 459 2917 hic
479 2876 608 2917 vero
628 2875 735 2914 non
759 2857 1027 2912 indeﬁnite
1051 2855 1257 2924 posuit;
1280 2853 1373 2906 sed
1403 2851 1468 2907 ad
1499 2852 1616 2906 illos
1640 2865 1944 2907 sermonem

369 2953 631 3007 convertit
659 2951 842 3005 dicens
867 2967 880 3003 :
909 2947 1051 3002 Beati
1073 2947 1188 3001 estis
1214 2960 1326 2998 cum
1356 2943 1492 2997 vobis
1515 2940 1950 3012 exprobraverint,

373 3053 420 3098 et
441 3041 723 3113 persequuti
741 3055 826 3093 vos
847 3039 1053 3108 fuerint,
1077 3044 1125 3089 et
1146 3028 1361 3088 dixerint
1381 3049 1524 3086 omne
1542 3033 1730 3085 malum
1744 3033 1944 3085 verbum

370 3141 546 3187 contra
571 3147 654 3184 vos
675 3147 694 3182 .'
722 3127 1008 3183 ostendens
1030 3124 1132 3178 hoc
1160 3125 1210 3178 in
1235 3123 1338 3177 illis
1359 3137 1478 3177 esse
1504 3121 1824 3191 principuum
1846 3161 1860 3185 ,
1892 3128 1946 3173 et

373 3223 679 3279 doctoribus
701 3235 809 3288 pra:
833 3219 952 3273 aliis
972 3215 1218 3271 omnibus
1239 3214 1289 3268 id
1313 3228 1430 3267 esse
1458 3211 1751 3280 proprium.
1774 3209 1946 3264 Simul

375 3315 535 3370 etiam
564 3311 651 3367 hic
678 3307 992 3378 dignitatem
1020 3320 1170 3360 suam
1186 3300 1832 3369 subindicat,etaequalem
1848 3299 1946 3352 sibi

377 3421 498 3461 cum
519 3404 677 3458 Patre
693 3401 970 3454 honorem.
991 3391 1446 3462 Quemadmodum
1470 3391 1614 3444 enim
1639 3390 1710 3444 illi
1734 3399 1949 3458 propter

377 3496 588 3551 Patrem
610 3535 624 3556 ,
651 3490 852 3560 inquit,
877 3489 946 3541 ita
970 3495 1024 3542 et
1043 3499 1137 3538 vos
1158 3491 1374 3554 prepter
1400 3497 1485 3536 me
1512 3480 1623 3535 haec
1653 3478 1944 3549 patiemini.

377 3589 508 3643 Cum
532 3595 706 3640 autem
735 3583 894 3646 dicit,
925 3577 1204 3648 Pmphetas
1227 3577 1311 3646 qui
1341 3579 1543 3646 fuerunt
1569 3583 1684 3626 ante
1708 3588 1794 3626 vos
1815 3614 1828 3635 ,
1858 3571 1951 3625 de-

381 3681 548 3734 clarat
578 3677 720 3744 ipsos
744 3673 849 3742 jam
883 3669 1170 3740 prophetas
1200 3665 1363 3720 fuisse
1393 3665 1578 3719 factos.
1611 3663 1743 3718 l-linc
1772 3671 1948 3716 osten-

380 3773 512 3826 dens
535 3769 663 3824 illud
691 3765 918 3820 maxime
945 3764 1074 3833 ipsis
1100 3762 1228 3816 utile
1257 3776 1394 3823 esse,
1427 3771 1478 3813 et
1507 3759 1842 3828 splendorem
1869 3757 1948 3810 af-

377 3867 517 3918 ferre
537 3903 553 3927 ,
583 3875 687 3914 non
713 3857 844 3911 dixit
864 3897 877 3918 ,
912 3853 1224 3908 Maledicent
1246 3851 1398 3905 vobis
1423 3859 1474 3904 et
1501 3864 1594 3903 vos
1625 3863 1948 3918 persequen-

379 3966 464 4009 tur
489 3995 505 4018 ,
534 3950 626 4006 sed
669 3964 768 4019 ego
812 3947 941 4002 illud
973 3944 1291 4014 impediam;
1324 3958 1428 3995 non
1459 3941 1602 3996 enim
1641 3939 1782 4010 quod
1812 3939 1950 3993 male

377 4059 485 4099 non
509 4041 754 4102 audiant,
780 4036 874 4091 sed
899 4035 1038 4105 quod
1068 4035 1206 4088 male
1231 4031 1494 4085 audiendo
1520 4029 1728 4084 fortiter
1749 4029 1948 4091 ferant,

377 4143 434 4189 et
461 4149 554 4203 per
583 4145 742 4200 opera
773 4131 917 4198 ipsos
941 4133 1194 4195 arguant,
1225 4124 1340 4175 vult
1363 4137 1456 4175 eos
1491 4123 1540 4174 in
1573 4129 1684 4174 tuto
1708 4118 1910 4174 versari
1938 4136 1950 4170 :

378 4228 482 4282 hoc
507 4224 701 4295 quippe
729 4221 820 4275 illo
848 4221 1002 4287 longe
1025 4216 1195 4285 majus
1216 4223 1298 4268 est
1321 4231 1334 4267 :
1365 4210 1810 4281 quemadmodum
1839 4225 1956 4278 pcr-

380 4316 512 4380 cuti,
535 4323 588 4368 et
609 4312 736 4365 nihil
762 4323 1069 4378 percussum
1099 4305 1240 4374 pati,
1268 4303 1433 4358 multo
1456 4301 1625 4371 majus
1645 4311 1727 4355 est
1750 4339 1765 4365 ,
1797 4313 1954 4368 quam

381 4426 486 4464 non
521 4406 741 4476 percuti.
774 4403 873 4457 Hic
902 4401 1060 4471 igitur
1087 4398 1214 4452 dicit
1240 4415 1254 4462 ;
1288 4395 1482 4448 Merces
1507 4402 1671 4448 vestra
1697 4391 1856 4446 multa
1883 4400 1954 4444 est

379 4503 432 4556 in
461 4499 598 4554 caelis
615 4512 632 4561 ;
661 4496 831 4551 Lucas
852 4508 978 4547 vero
1005 4493 1177 4560 ipsum
1208 4500 1261 4543 et
1289 4487 1549 4542 intensius
1570 4527 1584 4552 ,
1614 4493 1668 4540 et
1693 4499 1813 4539 cum
1837 4498 1953 4536 ma-

378 4591 482 4663 jori
504 4584 886 4642 consolationis
920 4581 1131 4636 cumulo
1174 4580 1274 4634 hoc
1314 4578 1513 4632 dixisse
1555 4583 1752 4630 narrat.
1775 4572 1957 4641 Neque

385 4682 526 4734 enim
554 4685 754 4730 tantum
777 4689 868 4727 eos
889 4673 975 4740 qui
1003 4679 1215 4740 propter
1243 4669 1408 4723 Deum
1433 4667 1571 4721 male
1592 4666 1811 4720 audiunt
1837 4664 1962 4717 bea-

387 4789 468 4826 IOS
498 4767 750 4838 prmdicat
770 4806 784 4829 ,
812 4762 904 4818 sed
927 4763 1084 4817 etiam
1109 4775 1202 4815 eos
1221 4760 1308 4829 qui
1338 4758 1406 4812 ab
1432 4757 1679 4811 omnibus
1709 4756 1842 4809 bene
1867 4768 1960 4806 au-

388 4863 541 4917 diunt
566 4900 580 4922 ,
615 4855 839 4909 miseros
889 4851 1054 4910 dicit:
1087 4865 1208 4904 nam
1258 4849 1366 4912 ait,
1407 4846 1496 4901 Va:
1537 4847 1671 4899 vobis
1701 4861 1814 4897 cum
1841 4843 1962 4897 bene

389 4953 525 5008 vobis
547 4946 765 5003 dixerint
785 4959 954 4997 omnes
969 4942 1192 4995 homines
1220 4939 1383 5013 (Luc.
1407 4937 1459 4994 6.
1483 4938 1612 5005 26).
1642 4935 1802 5004 Atqui
1829 4948 1959 5003 apo-

389 5044 543 5099 stolis
569 5034 988 5098 benedicebant;
1019 5032 1114 5086 sed
1140 5047 1246 5086 non
1274 5043 1479 5084 omnes.
1509 5028 1631 5082 ldeo
1659 5041 1764 5079 non
1792 5023 1960 5088 dixit,

394 5135 532 5189 Cum
558 5132 693 5184 bene
717 5126 865 5180 vobis
891 5123 1127 5178 dixerint
1152 5122 1398 5176 homines
1421 5137 1436 5185 ;
1467 5119 1581 5182 sed,
1615 5117 1740 5172 Cum
1769 5130 1959 5168 omnes.

392 5225 576 5294 Neque
612 5219 753 5276 enim
801 5215 916 5270 fieri
961 5222 1136 5284 potest
1173 5223 1231 5266 ut
1260 5214 1292 5266 ii
1323 5213 1412 5282 qui
1456 5212 1701 5263 virtutem
1747 5206 1961 5268 colunt,

393 5315 533 5386 apud
559 5326 746 5366 omnes
781 5310 918 5365 bene
942 5306 1173 5362 audiant.
1209 5305 1542 5372 Rursumque
1571 5301 1644 5355 ait
1671 5319 1684 5354 :
1715 5299 1841 5354 Cum
1866 5299 1965 5367 eje-

396 5407 553 5461 cerint
578 5417 756 5456 nomen
784 5408 1000 5454 vestrum
1029 5406 1282 5465 tamquam
1319 5392 1508 5447 malum
1529 5434 1541 5456 ,
1566 5391 1777 5462 gaudete
1801 5398 1847 5442 et
1874 5404 1964 5442 eat-

395 5497 575 5553 sultate
591 5493 610 5567 (
627 5492 759 5546 Ibid.
777 5507 823 5544 v.
839 5489 932 5545 22.
954 5488 1026 5542 25
1045 5491 1084 5556 ).
1110 5486 1290 5557 Neque
1307 5485 1446 5539 enim
1471 5491 1673 5536 tantum
1693 5478 1962 5551 periculis,

395 5601 516 5657 quae
540 5585 816 5648 subibant,
846 5581 936 5637 sed
965 5580 1126 5635 etiam
1157 5575 1452 5632 maledictis
1471 5616 1486 5641 ,
1515 5587 1758 5644 magnam
1786 5570 1968 5625 statuit

394 5674 716 5730 mercedem.
741 5672 868 5727 ideo
891 5687 994 5725 non
1018 5670 1149 5726 dixit
1170 5712 1184 5736 ,
1211 5667 1344 5723 Cum
1371 5679 1464 5720 vos
1485 5664 1783 5735 expulerint
1802 5671 1856 5716 et
1878 5674 1969 5715 oc-

1489 283 1549 336 IN
1591 279 1997 336 MATTHJSUM
2039 282 2268 338 HOMIL.
2311 283 2424 338 XV.

3516 289 3619 342 eno

2043 397 2306 462 ciderint;
2337 398 2432 454 sed
2454 441 2467 463 ,
2516 399 2641 454 Cum
2682 400 3093 470 exprobraverint
3115 445 3129 471 ,
3157 411 3202 455 et
3231 403 3447 458 dixerint
3474 420 3617 457 omne

2043 486 2250 540 malum.
2281 488 2412 542 Nam
2441 489 2719 544 maledicta
2749 490 2993 544 acerbius
3025 492 3310 558 mordent,
3342 509 3498 563 quam
3531 510 3616 548 res

2044 578 2188 646 ipsm.
2222 577 2276 632 ln
2310 581 2554 646 periculis
2585 581 2725 634 enim
2760 580 2921 635 multa
2954 592 3078 636 sunt
3114 598 3232 650 qua:
3264 584 3498 637 laborem
3544 584 3622 636 la-

2043 671 2181 723 eiant
2210 670 2461 726 leviorem
2488 690 2501 739 ;
2533 674 2674 727 verbi
2703 689 2860 726 causa
2888 716 2900 735 ,
2953 690 3070 727 cum
3101 675 3168 729 ab
3195 675 3445 729 omnibus
3473 677 3618 730 exci-

2045 774 2219 816 tamur
2241 804 2254 828 ,
2289 772 2341 818 et
2369 765 2564 819 multos
2595 764 2852 820 habemus
2879 766 3192 835 plaudentes
3215 808 3229 830 ,
3258 777 3576 822 coronantes
3602 810 3615 829 ,

2045 852 2417 920 praedicantes.
2453 855 2549 909 llic
2591 871 2718 909 vero
2749 856 2798 909 in
2846 857 3142 911 maledictis
3171 857 3286 911 hzec
3325 858 3621 912 consolatio

2045 954 2340 999 amovetur.
2361 946 2474 999 Non
2494 947 2634 1000 enim
2654 963 2841 1016 magna
2861 963 2980 1003 esse
2999 949 3164 1003 virtus
3189 958 3416 1018 putatur,
3435 949 3624 1003 etiarn-

2043 1034 2087 1087 si
2115 1035 2280 1105 magis
2310 1036 2423 1090 lucc
2453 1053 2608 1106 quam
2642 1040 2875 1106 pericula
2905 1049 3200 1096 certantem
3228 1052 3619 1096 commoveant.

2043 1125 2188 1179 Multi
2218 1143 2444 1196 namque
2473 1129 2537 1181 ad
2582 1130 2826 1198 laqueum
2872 1142 3256 1197 occurrerunt,
3291 1133 3484 1186 malam
3519 1150 3621 1186 non

2047 1215 2277 1272 ferentes
2306 1218 2522 1274 famam.
2560 1220 2625 1274 Et
2653 1221 2778 1290 quid
2809 1221 2908 1276 hoc
2938 1223 2988 1276 in
3022 1223 3140 1278 aliis
3170 1223 3411 1278 mireris?
3437 1224 3624 1278 Prodi-

2047 1317 2212 1361 torem
2243 1310 2388 1362 illum
2418 1311 2776 1378 impudentem
2795 1320 2847 1394 et
2864 1314 3273 1379 exsecrandum,
3306 1315 3391 1383 qui
3418 1313 3482 1366 (ιι-
3507 1314 3621 1366 nul-

2048 1399 2092 1451 la
2118 1414 2173 1452 rc
2204 1400 2553 1453 erubescebat
2573 1441 2586 1462 ,
2623 1401 2721 1454 hoc
2747 1403 2977 1456 maxime
3006 1402 3071 1457 ad
3105 1404 3349 1472 laqueum
3380 1406 3455 1458 ire
3480 1421 3624 1458 com-

2048 1491 2194 1558 pulit.
2220 1491 2320 1544 Job
2342 1507 2550 1561 quoque
2576 1492 2687 1560 ipse
2709 1493 2928 1548 adamas
2947 1538 2960 1558 ,
2984 1503 3038 1549 ct
3067 1507 3214 1564 petra
3240 1497 3442 1550 ﬁrmior
3460 1537 3475 1561 ,
3501 1512 3623 1553 cum

2045 1597 2174 1650 epes
2197 1583 2375 1636 amisit
2403 1593 2455 1638 et
2485 1583 2813 1638 intoleranda
2846 1601 3032 1653 passus
3059 1596 3169 1651 est,
3197 1587 3318 1640 tiliis
3341 1589 3504 1641 orbus
3535 1603 3624 1644 tte--

2048 1684 2202 1742 peme
2227 1675 2393 1729 factus
2409 1717 2421 1738 ,
2448 1691 2567 1730 cum
2593 1676 2797 1730 videret
2817 1692 3008 1746 corpus
3031 1695 3183 1732 suum
3214 1680 3488 1733 vermibus
3508 1695 3626 1735 sca~

2049 1776 2186 1828 tore,
2218 1765 2610 1836 instantemque
2632 1783 2883 1832 uxorem,
2907 1770 3084 1822 omnia
3114 1769 3268 1823 facile
3300 1785 3487 1838 passus
3509 1779 3620 1835 est;

2046 1872 2164 1908 cum
2206 1865 2382 1910 autem
2415 1857 2544 1911 vidit
2589 1859 2788 1912 amicos
2818 1859 2918 1912 sibi
2963 1858 3347 1927 exprobrantes
3379 1859 3629 1912 insultan-

2049 1956 2232 2015 tesque
2253 1988 2266 2010 ,
2301 1961 2626 2018 pravamque
2653 1949 2717 2002 tle
2745 1964 2803 2003 se
2849 1949 3298 2004 existimationem
3329 1949 3586 2005 habentes
3609 1992 3624 2015 ,

2046 2035 2389 2107 (licentesque
2422 2039 2592 2106 ipsum
2618 2048 2835 2109 propter
2868 2049 3080 2107 peccata
3112 2055 3203 2094 sua
3235 2040 3351 2096 hare
3381 2041 3582 2110 perpeti
3609 2083 3624 2104 ,

2047 2136 2100 2179 et
2130 2129 2377 2196 nequitiae
2423 2145 2534 2183 sua:
2582 2145 2767 2199 poenas
2794 2130 2921 2185 dare
2945 2172 2961 2196 ,
2994 2140 3119 2186 tunc
3162 2132 3404 2186 turbatus
3433 2143 3515 2187 est
3547 2133 3629 2184 \ir

2048 2216 2136 2270 ille
2168 2218 2314 2271 fortis
2345 2229 2396 2274 et
2425 2235 2644 2287 n‘tagnus
2671 2221 2710 2273 ¹.

2118 2311 2171 2364 6.
2204 2311 2365 2363 David
2393 2327 2603 2381 quoque
2628 2313 2842 2366 mittens
2870 2314 3047 2367 onrnia
3076 2329 3192 2382 qua:
3221 2328 3406 2382 passus
3428 2313 3620 2377 fuerat,

2047 2414 2144 2468 pro
2185 2400 2465 2453 maledicto
2504 2401 2902 2456 retributionem
2948 2417 2977 2456 a
3028 2403 3136 2456 Deo
3174 2402 3386 2471 petebat
3417 2420 3430 2455 :
3465 2401 3590 2456 Sine
3613 2443 3628 2465 .

2048 2491 2255 2560 inquit,
2283 2492 2427 2546 illum
2454 2493 2751 2546 maledicere
2780 2492 2966 2546 Doridi
2984 2536 2996 2557 ,
3026 2509 3145 2565 quia
3177 2493 3418 2547 Dominus
3437 2509 3629 2564 prwce-

2049 2586 2120 2654 pit
2150 2583 2259 2649 illi,
2291 2593 2342 2637 ut
2369 2586 2534 2638 videat
2561 2583 2810 2639 Dominus
2832 2587 3230 2639 lmmiliationem
3256 2603 3415 2639 meam
3442 2629 3456 2648 ,
3489 2595 3534 2640 et
3556 2603 3630 2639 re-

2050 2675 2229 2727 tribuat
2252 2676 2372 2727 miln'
2401 2675 2529 2727 bona
2557 2693 2647 2745 pro
2674 2676 2938 2729 maledicto
2968 2677 3019 2728 in
3046 2677 3126 2729 die
3152 2677 3246 2729 hac
3273 2677 3349 2748 (2.
3381 2677 3514 2747 Reg.
3542 2677 3630 2731 16.

2051 2769 2138 2822 Η.
2173 2766 2296 2835 l2).
2341 2767 2405 2820 Et
2443 2767 2636 2820 Paulus
2681 2783 2783 2819 non
2831 2767 3192 2836 periclitantes
3235 2767 3424 2832 modo,
3460 2782 3634 2838 neque

2049 2859 2202 2912 bonis
2232 2858 2517 2927 spoliatos,
2548 2857 2640 2911 sed
2671 2859 2829 2911 etiam
2862 2857 3138 2912 rnaledicta
3170 2857 3398 2912 ferentes
3425 2857 3634 2927 praedi-

2051 2957 2135 3000 cat
2178 2947 2260 3002 his
2287 2948 2462 3003 verbis
2491 2965 2503 2999 :
2536 2947 2893 3002 Recordamini
2920 2950 3113 3002 dierum
3144 2951 3370 3012 priorum
3393 2990 3406 3012 ,
3438 2950 3490 3002 in
3518 2949 3632 3019 qui-

2051 3037 2140 3090 bus
2163 3037 2434 3090 illuminati
2457 3055 2692 3106 magnum
2714 3049 2962 3092 certamen
2980 3040 3286 3092 sustinuistis
3308 3040 3595 3108 passiontun
3622 3055 3630 3065 ·

2051 3138 2096 3181 et
2129 3129 2181 3181 in
2213 3128 2371 3182 altero
2395 3132 2595 3199 quidem
2621 3131 2903 3200 appr-obriis
2929 3141 2974 3184 et
3004 3130 3407 3185 tribulationibus
3434 3143 3619 3201 specta-

2053 3221 2219 3273 culum
2253 3221 2405 3291 facti,
2435 3223 2489 3275 in
2527 3221 2684 3275 altero
2713 3231 2879 3275 autem
2909 3223 3033 3276 socii
3056 3223 3223 3277 taliter
3240 3225 3637 3278 conversantium

2053 3308 2213 3376 effecti
2254 3309 2440 3380 (Hebr.
2474 3311 2560 3366 10.
2592 3311 2679 3364 52.
2707 3311 2778 3366 55
2800 3313 2842 3380 ).
2871 3311 3156 3380 Propterea
3186 3315 3485 3368 mercedem
3515 3330 3632 3368 ma-

2052 3416 2206 3466 gnam
2239 3400 2413 3469 posuit
2437 3400 2697 3456 Christus.
2731 3401 2930 3456 Deinde
2958 3417 3025 3456 nc
3051 3403 3167 3471 quis
3195 3402 3332 3457 dicat
3353 3422 3366 3457 :
3388 3404 3483 3458 llic
3506 3419 3634 3474 ergo

2055 3508 2158 3547 non
2191 3492 2426 3546 vindicas
2447 3534 2462 3559 ,
2490 3508 2664 3562 neque
2689 3507 2874 3547 eorum
2898 3508 2990 3546 ora
3013 3494 3247 3560 consuis,
3278 3493 3374 3550 sed
3396 3495 3465 3548 ibi
3489 3509 3630 3548 mer—

2055 3584 2236 3638 cedem
2279 3583 2420 3639 das?
2458 3583 2746 3654 prephetas
2775 3587 3116 3650 memoravit,
3149 3587 3438 3642 ostendens
3463 3602 3636 3657 neque

2056 3683 2179 3727 tunc
2213 3673 2356 3744 ipsos
2387 3675 2550 3729 Deum
2583 3675 2752 3729 ultum
2779 3691 2914 3730 esse.
2943 3677 2998 3730 Si
3029 3691 3156 3731 vero
3184 3685 3308 3731 tunc
3329 3692 3447 3732 cum
3471 3692 3640 3747 prope

2055 3775 2208 3820 erant
2252 3765 2657 3832 retributiones,
2710 3781 2805 3834 spe
2857 3764 3153 3820 futurorum
3204 3766 3414 3821 fovebat
3465 3768 3632 3821 illos:

2058 3859 2224 3910 multo
2262 3858 2430 3923 magis
2475 3871 2648 3918 nunc,
2699 3857 2910 3924 quando
2953 3872 3074 3926 spes
3119 3857 3205 3909 illa
3230 3857 3424 3910 clarior
3449 3857 3634 3910 eli‘ccta

2059 3956 2157 4009 est,
2192 3958 2244 4001 et
2265 3948 2595 4017 philosophia
2624 3949 2813 4015 major.
2845 3948 2974 4001 Vide
3000 3957 3174 4000 autent
3203 3957 3322 4016 post
3340 3955 3469 4015 quot
3489 3961 3638 4000 mau-

2058 4039 2179 4093 datu
2213 4039 2313 4092 hoc
2349 4046 2560 4091 statuat.
2591 4037 2704 4090 Non
2742 4038 2883 4090 enim
2914 4052 3037 4090 casu
3069 4039 3312 4106 quo-piam
3344 4038 3447 4092 hoc
3475 4036 3634 4098 fecit;

2060 4132 2151 4185 Sed
2198 4140 2256 4185 ut
2298 4130 2572 4195 ostendat,
2615 4142 2722 4182 non
2769 4144 2925 4199 posse
2965 4144 3120 4191 eum,
3160 4129 3248 4199 qui
3284 4145 3386 4182 non
3429 4129 3495 4182 ad
3524 4129 3637 4182 hmo

2061 4225 2238 4278 Omnia
2286 4233 2498 4292 paratus
2540 4231 2594 4275 et
2642 4222 2928 4276 instructus
2969 4222 3068 4284 sit,
3113 4223 3162 4275 in
3211 4223 3322 4277 lucc
3347 4222 3638 4277 certamina

2062 4315 2292 4384 prodire.
2333 4313 2454 4368 Ideo
2495 4329 2527 4368 a
2565 4313 2724 4382 priori
2753 4329 2963 4381 semper
2986 4312 3051 4366 ad
3079 4327 3306 4382 sequens
3334 4314 3636 4368 mandatum

2062 4409 2200 4460 viam
2243 4419 2468 4474 parans,
2520 4414 2758 4459 catenam
2808 4404 2961 4459 nobis
3006 4419 3222 4458 auream
3272 4405 3459 4459 texuit.
3504 4403 3638 4457 Cum

2063 4496 2203 4550 enim
2253 4496 2372 4564 quis
2417 4495 2631 4550 humilis
2671 4496 2827 4549 fuerit
2847 4536 2862 4560 ,
2892 4496 3050 4549 etiam
3078 4511 3172 4550 sua
3200 4497 3418 4548 omnino
3444 4494 3640 4564 lugebit

2063 4599 2278 4660 peccata
2307 4606 2321 4655 ;
2367 4589 2454 4658 qui
2501 4587 2732 4657 lugebit,
2767 4589 2907 4641 mitis
2933 4589 3034 4641 erit
3055 4628 3068 4651 ,
3100 4587 3371 4642 modestus
3400 4597 3453 4640 et
3483 4586 3640 4640 misc-

2063 4682 2266 4744 ricors;
2309 4679 2612 4733 misericors
2652 4693 2808 4742 vero,
2842 4678 3015 4746 justus
3045 4680 3178 4742 erit,
3212 4685 3559 4746 compunctus
3589 4688 3643 4732 et

2066 4774 2293 4827 mundus
2313 4772 2474 4827 corde
2509 4790 2519 4823 :
2552 4772 2640 4840 qui
2667 4771 2787 4825 talis
2811 4773 2910 4825 erit
2931 4811 2946 4835 ,
2979 4772 3136 4825 etiam
3167 4772 3415 4838 paciﬁcus
3437 4771 3643 4826 futurus

2066 4872 2168 4920 est.
2214 4864 2314 4930 Qui
2355 4877 2514 4931 porro
2545 4861 2658 4915 haec
2683 4861 2858 4914 omnia
2889 4868 3202 4928 assequutus
3230 4859 3421 4927 fuerit,
3448 4861 3514 4915 ad
3545 4877 3639 4932 pe~

2068 4955 2230 5009 ricula
2275 4954 2435 5008 etiam
2467 4959 2679 5020 paratus
2725 4953 2861 5017 erit,
2892 4966 3062 5021 neque
3101 4952 3239 5006 male
3268 4953 3487 5008 audiens
3524 4962 3624 5007 tur»

2072 5047 2316 5110 habitur,
2367 5059 2538 5110 neque
2588 5043 2632 5098 si
2679 5043 2957 5098 innumera
3008 5045 3233 5114 patiatur
3286 5046 3441 5099 mala.
3488 5046 3639 5098 Post'

2070 5153 2228 5210 quam
2254 5151 2382 5206 ergo
2406 5151 2500 5191 eos
2524 5136 2588 5190 ad
2615 5152 2675 5190 ea
2703 5152 2818 5205 qua:
2843 5145 3198 5192 consentanea
3229 5146 3382 5192 erant
3405 5138 3646 5190 hortatus

2071 5242 2150 5288 est
2169 5274 2184 5298 ,
2236 5243 2418 5285 rursus
2444 5244 2536 5283 eos
2565 5229 2805 5283 laudibus
2832 5231 3048 5285 solatur.
3077 5230 3209 5298 Quia
3235 5231 3374 5284 enim
3400 5227 3642 5282 sublimia

2075 5332 2339 5394 praecepta
2383 5331 2569 5386 erant,
2615 5321 2885 5390 multoque
2935 5323 3134 5390 majora
3188 5335 3344 5390 quam
3403 5318 3455 5370 in
3480 5317 3646 5369 veteri

2073 5417 2226 5488 lege,
2269 5430 2335 5470 ne
2377 5414 2715 5469 turbarentur
2758 5430 2821 5468 ac
2864 5415 3223 5483 trepidarent,
3256 5412 3644 5478 dicerentque:

2074 5507 2350 5577 Quomodo
2393 5505 2506 5560 hmc
2551 5505 2772 5574 implere
2810 5503 3137 5574 poterimus?
3170 5499 3289 5554 audi
3314 5497 3442 5568 quid
3468 5498 3649 5552 dicat:

2141 5666 2158 5695 ί
2193 5659 2411 5713 Nonnulli
2431 5661 2632 5721 habent,
2653 5657 2836 5710 .4tlrleta
2856 5655 2938 5708 ille
2966 5653 3104 5717 fortis
3119 5656 3166 5704 et
3180 5660 3402 5711 magnus.
