4076 6150
420 298 514 352 231

418 416 503 467 t3.
550 412 647 465 Vos
704 411 821 465 estis
848 412 926 465 sal
957 420 1139 476 terrm,
1175 410 1460 465 ostendens
1483 424 1541 463 se
1565 408 1867 463 necessario
1895 407 2008 462 luce

419 514 678 573 praecepta
695 504 843 558 dare.
867 504 980 557 Non
1005 504 1144 557 enim
1170 518 1265 572 pro
1293 512 1462 557 vestra
1496 503 1620 567 vita,
1652 502 1744 555 sed
1779 517 1871 572 pro
1898 511 2008 556 toto

418 599 565 661 urbe,
593 599 780 665 inquit,
802 597 1021 652 verbum
1039 596 1186 651 vobis
1215 596 1579 651 committitur.
1601 596 1783 665 Neque
1801 596 1853 648 in
1876 594 2008 649 duas

413 692 582 746 urbes
606 705 699 744 vos
728 690 897 756 mitto,
918 689 999 744 vel
1026 689 1211 743 decem
1240 688 1322 742 vel
1340 688 1519 757 viginti
1546 702 1561 753 ;
1588 702 1756 757 neque
1784 687 1833 741 in
1850 700 2006 740 unam

424 798 521 832 vos
550 784 702 836 mitto
721 792 956 851 gentem,
982 784 1115 837 sicut
1140 780 1420 849 pr0phetas
1432 781 1581 845 olim,
1608 781 1699 835 sed
1718 781 1769 834 in
1788 790 2004 847 terram,

416 874 469 926 in
516 889 659 929 mare
689 885 741 929 et
773 876 822 928 in
848 876 1151 929 universum
1179 875 1360 929 orbem
1388 914 1403 939 ,
1430 882 1484 927 et
1509 873 1647 928 hunc
1680 873 1905 942 pessime
1932 872 2009 926 af-

418 965 635 1021 fectum.
653 967 784 1021 Cum
801 967 932 1021 dixit
948 967 1109 1033 enim,
1125 966 1223 1020 Vos
1235 970 1349 1021 estis
1369 966 1449 1022 sal
1465 967 1863 1034 terrw,ostendit
1886 967 2006 1021 uni-

417 1071 623 1112 versam
644 1059 913 1112 hominum
940 1066 1178 1112 naturam
1199 1058 1585 1125 infatuatam,et
1600 1072 1627 1110 a
1647 1058 1876 1127 peccatis
1899 1072 2012 1111 cor-

418 1159 624 1219 ruptam
656 1164 795 1203 esse.
824 1148 947 1203 Ideo
964 1149 1061 1202 has
1078 1149 1129 1203 in
1148 1149 1251 1203 illis
1269 1149 1498 1203 maxime
1522 1149 1743 1203 virtutes
1767 1148 2006 1218 requirit,

411 1256 534 1309 qum
557 1250 680 1294 sunt
707 1241 772 1295 ad
806 1242 1090 1295 multorum
1115 1241 1517 1296 sollicitudinem
1535 1241 1817 1311 gerendam
1846 1240 2011 1310 magis

419 1332 732 1385 necessarize
772 1340 823 1385 et
870 1333 1042 1386 utiles.
1071 1331 1277 1386 Etenim
1300 1333 1387 1402 qui
1421 1332 1563 1385 mitis
1588 1340 1689 1391 est,
1713 1330 2011 1395 modestus,

419 1422 721 1476 misericors
771 1432 825 1476 et
866 1423 1061 1492 justus,
1093 1438 1195 1477 non
1243 1423 1293 1476 in
1334 1438 1392 1477 se
1438 1430 1640 1476 tantum
1673 1422 1807 1476 bona
1850 1436 2011 1492 opera

410 1513 717 1577 concludit,
752 1514 845 1568 sed
873 1515 1031 1568 etiam
1057 1513 1108 1568 id
1131 1524 1282 1569 curat
1305 1524 1363 1567 ut
1404 1514 1603 1583 egregii
1645 1513 1719 1567 illi
1749 1512 1921 1566 fontes
1947 1511 2011 1566 ad

417 1605 647 1658 aliorum
694 1616 912 1659 manent
953 1606 1254 1659 utilitatem.
1300 1606 1529 1660 Rursum
1559 1605 1647 1675 qui
1676 1604 1903 1660 mundus
1931 1613 2015 1659 est

419 1696 582 1750 corde
604 1739 617 1760 ,
667 1698 915 1766 pacilicus
955 1707 1007 1751 et
1053 1712 1146 1767 pro
1175 1699 1398 1752 veritate
1426 1698 1640 1767 pulsus,
1669 1698 1830 1751 vitam
1862 1712 2011 1751 suam

423 1787 487 1839 ad
531 1803 869 1843 communem
898 1789 1176 1843 utilitatem
1205 1790 1402 1859 dirigit.
1436 1789 1512 1844 Ne
1541 1790 1732 1859 putetis
1753 1832 1766 1856 ,
1802 1790 1966 1859 inquit
1995 1831 2009 1856 ,

424 1894 516 1930 vus
557 1879 621 1931 ad
671 1880 800 1933 levia
829 1880 1071 1947 quaedam
1102 1882 1393 1935 certamina
1424 1881 1600 1948 trahi,
1630 1896 1802 1951 neque
1827 1882 1893 1935 de
1923 1897 2009 1936 re-

424 1974 520 2023 bus
567 1971 771 2040 exiguis
804 1972 940 2040 apud
980 1988 1072 2026 vos
1112 1973 1193 2043 agi
1235 1992 1248 2027 :
1284 1972 1385 2027 Vos
1427 1974 1542 2027 estis
1571 1974 1649 2027 sal
1687 1983 1847 2026 terraz.
1878 1971 2012 2041 Quid

425 2062 626 2127 igitur?
673 2078 799 2116 num
841 2063 915 2117 illi
962 2064 1172 2132 putrida
1200 2067 1613 2118 restaurarunt?
1644 2061 2009 2133 Nequaquam.

428 2153 540 2205 Non
594 2163 817 2222 possunt
858 2156 1001 2209 enim
1043 2156 1152 2225 jam
1186 2155 1477 2225 putrefacta
1506 2157 1631 2211 salis
1658 2157 2014 2226 permixtione

418 2244 626 2311 juvare.
654 2245 770 2299 Non
803 2246 903 2301 hoc
932 2257 1079 2302 certe
1109 2246 1347 2302 fecerunt
1380 2267 1392 2301 :
1422 2248 1514 2302 sed
1547 2259 1796 2302 renovata
1822 2250 1968 2317 prius
1992 2289 2008 2313 ,

422 2347 475 2388 et
528 2336 623 2390 sibi
679 2336 865 2390 tradita
889 2380 901 2400 ,
954 2347 1008 2392 et
1047 2354 1075 2391 a
1122 2337 1311 2393 foetore
1348 2339 1439 2393 illo
1465 2339 1715 2406 liberata,
1747 2350 1868 2393 tunc
1893 2356 2012 2395 cum

424 2429 534 2481 sale
579 2429 910 2493 miscebant,
961 2441 1121 2500 atque
1171 2432 1221 2485 in
1268 2432 1355 2485 illa
1406 2433 1639 2487 novitate
1684 2433 1963 2487 servabant
1994 2474 2011 2498 ,

422 2538 579 2590 quam
624 2537 653 2576 a
698 2523 921 2577 Domino
960 2533 1298 2594 acceperant.
1341 2524 1471 2578 Nam
1514 2525 1728 2580 liberari
1767 2540 1793 2580 a
1825 2525 2015 2583 fanore

426 2625 759 2679 peccatorum
782 2657 797 2679 ,
829 2614 1029 2671 Christi
1076 2616 1286 2671 virtutis
1316 2631 1453 2687 opus
1478 2617 1575 2671 fuit
1601 2633 1615 2682 ;
1644 2627 1700 2672 at
1727 2633 1831 2673 non
1859 2620 1922 2674 ad
1953 2620 2016 2673 il-

426 2705 533 2757 lum
562 2703 806 2759 ﬁctorem
841 2707 1071 2773 reverti,
1102 2708 1153 2762 id
1186 2709 1397 2762 illorum
1425 2708 1712 2779 diligentite
1740 2720 1794 2765 et
1818 2710 2015 2765 laboris

418 2810 557 2864 opus
597 2806 734 2851 erat.
779 2797 964 2852 Viden‘
1001 2800 1270 2869 quomodo
1322 2800 1571 2870 paulatim
1614 2801 1847 2856 ostendit
1873 2804 2015 2872 ipsos

425 2888 696 2957 prophetis
720 2905 839 2944 esse
867 2890 1159 2946 meliores?
1184 2891 1298 2946 Non
1329 2893 1470 2947 enim
1500 2893 1792 2949 Palaestinae
1820 2895 2007 2949 ducto-

422 2997 511 3034 res
533 2996 651 3035 esse
673 2982 781 3048 ait,
815 2983 908 3037 sed
940 2983 1099 3037 totius
1124 2983 1268 3039 orbis
1296 2994 1451 3039 terra:
1476 3003 1490 3051 ;
1520 3002 1619 3041 nec
1648 2986 1806 3043 modo
1828 2987 2011 3042 docto-

422 3087 509 3125 res
527 3113 542 3135 ,
570 3073 662 3127 sed
688 3072 844 3126 etiam
863 3072 1112 3128 doctores
1135 3075 1454 3130 tremendos.
1478 3076 1629 3144 Quod
1651 3077 1790 3133 enim
1819 3079 2009 3132 mirum

428 3173 511 3216 est
529 3206 544 3229 ,
576 3180 678 3217 non
707 3163 986 3219 adulantes
1004 3206 1020 3231 ,
1046 3181 1217 3234 neque
1241 3167 1533 3236 palpantes,
1557 3167 1651 3222 sed
1670 3183 1860 3239 aspere
1880 3170 2005 3224 acri-

430 3265 615 3325 terque
653 3265 872 3325 agentes
913 3257 1049 3311 sicut
1085 3258 1196 3323 sal,
1244 3258 1321 3312 sic
1359 3258 1738 3315 desiderabiles
1769 3262 2015 3318 omnibus

426 3348 660 3403 fuerunt.
707 3347 882 3403 Nolite
918 3364 1046 3419 ergo
1074 3348 1253 3403 mirari
1281 3392 1295 3416 ,
1330 3349 1525 3419 inquit,
1554 3351 1598 3405 si
1628 3351 1753 3406 aliis
1776 3353 1975 3407 relictis
1994 3394 2010 3420 ,

426 3456 519 3493 vos
539 3441 858 3511 alloquar,et
874 3441 937 3495 ad
957 3450 1098 3496 tanta
1122 3457 1214 3495 vos
1239 3442 1469 3511 pericula
1494 3443 2013 3511 pertraham.Consi-

424 3531 606 3585 derate
627 3532 767 3585 enim
781 3543 906 3601 quot
932 3533 1247 3602 quantisque
1269 3534 1595 3601 civitatibus,
1624 3536 1850 3605 populis,
1879 3552 2015 3607 gen-

429 3622 565 3675 tibus
581 3636 675 3675 vos
694 3620 968 3691 praefectos
989 3623 1246 3677 missurus
1269 3625 1388 3677 sim.
1405 3623 1634 3695 Ideoque
1655 3642 1762 3680 non
1784 3642 1876 3681 vos
1894 3637 2012 3685 tan-

428 3721 536 3765 tum
570 3711 856 3780 prudentes
879 3728 999 3767 esse
1026 3715 1146 3768 volo
1163 3756 1177 3780 ,
1207 3714 1301 3770 sed
1326 3724 1380 3769 ut
1400 3715 1535 3771 alios
1559 3716 1761 3773 similes
1784 3718 2009 3775 faciatis.

430 3802 551 3857 Illos
593 3810 770 3857 autem
807 3803 897 3873 qui
938 3802 1239 3872 hujusmodi
1287 3811 1439 3869 sunt,
1481 3806 1766 3863 admodum
1793 3824 2013 3881 sagaces

424 3908 544 3949 esse
574 3902 817 3963 oportet,
846 3896 896 3949 in
925 3897 1117 3966 quibus
1143 3911 1333 3967 nempe
1362 3906 1414 3954 et
1440 3900 1664 3955 aliorum
1695 3902 1839 3957 salus
1866 3906 2011 3973 peri-

425 3986 671 4053 clitatur,
720 3996 775 4041 et
816 3996 1013 4042 tantam
1059 3989 1113 4042 in
1156 3989 1259 4044 illis
1287 3991 1460 4046 inesse
1491 3991 1774 4058 virtutem,
1809 4003 1867 4048 ut
1890 4010 2007 4050 eam

424 4078 489 4133 ad
520 4078 748 4132 aliorum
798 4080 1079 4134 utilitatem
1135 4081 1405 4157 impertire
1450 4084 1675 4153 possint.
1716 4084 1826 4139 Nisi
1866 4087 2006 4141 enim

426 4171 555 4227 tales
577 4173 799 4239 fueritis,
825 4190 892 4228 ne
913 4173 1059 4229 vobis
1084 4174 1297 4244 quidem
1330 4162 1456 4245 ipsis
1480 4176 1725 4233 sufﬁcere
1743 4180 2005 4249 poteritis.

495 4264 547 4317 7.
596 4263 675 4318 Ne
720 4268 897 4334 itaque
938 4281 1080 4335 aegre
1126 4266 1341 4331 feratis,
1379 4268 1528 4337 quasi
1558 4269 1782 4325 molesta
1812 4273 1919 4327 siut
1943 4290 2004 4329 ea

420 4374 541 4430 qua:
584 4358 855 4413 dicuntur.
883 4358 1014 4413 Nam
1042 4360 1132 4413 alii
1165 4360 1378 4430 quidem
1410 4362 1679 4430 infatuati,
1708 4365 2006 4423 ministerio

420 4461 603 4508 vestro
647 4450 959 4520 resipiscere
1004 4461 1227 4521 possunt
1278 4470 1291 4506 :
1338 4468 1431 4507 vos
1472 4463 1681 4519 autem,
1719 4455 1765 4509 si
1792 4457 1843 4511 in
1876 4457 2004 4513 illud

420 4546 617 4599 malum
643 4541 914 4608 incidatis,
937 4544 1068 4599 alios
1092 4543 1361 4598 vobiscum
1387 4545 1439 4598 in
1462 4546 1748 4614 perniciem
1774 4548 2000 4606 trahitis.

420 4634 603 4704 Itaque
650 4640 850 4705 quanto
898 4633 1097 4703 majora
1142 4634 1292 4689 vobis
1316 4636 1719 4691 committuntur
1745 4641 1951 4709 negotia
1983 4683 1999 4708 ,

356 4738 358 4740 '
418 4736 570 4780 tanto
609 4726 811 4795 majore
864 4724 1041 4779 studio
1097 4739 1230 4794 opus
1261 4724 1490 4780 habetis.
1518 4725 1851 4798 Quapropter
1877 4731 1949 4784 ait
1982 4751 1997 4788 :

421 4820 482 4874 Si
510 4830 676 4873 autem
705 4820 784 4874 sal
808 4820 1112 4891 infamatum
1135 4819 1283 4889 fuerit
1309 4861 1324 4887 ,
1356 4818 1410 4873 in
1428 4836 1525 4889 quo
1551 4821 1798 4874 salietur?
1822 4822 1902 4875 Ad
1922 4825 1973 4878 ni
1987 4854 2000 4867 -

418 4912 578 4965 hilum
606 4911 735 4966 valet
764 4911 898 4965 ultra
916 4954 931 4978 ,
954 4912 1051 4966 nisi
1071 4922 1123 4965 ut
1152 4912 1379 4966 mittatur
1407 4912 1545 4981 [oras
1564 4953 1579 4978 ,
1608 4923 1655 4969 et
1679 4915 1998 4971 conculcetur

415 5005 479 5057 ab
517 5003 818 5057 hominibus.
851 5003 982 5057 Nam
1008 5005 1097 5057 alii
1126 5003 1336 5073 quidem
1364 5004 1409 5058 si
1433 5008 1736 5062 sexcenties
1762 5007 1994 5077 cedant,

416 5095 625 5151 veniam
669 5094 925 5163 consequi
964 5103 1186 5164 possunt
1216 5113 1230 5148 :
1258 5095 1445 5150 doctor
1472 5106 1647 5153 autem
1678 5098 1721 5152 si
1751 5098 1800 5153 id
1831 5100 1996 5168 patia-

415 5198 503 5244 tur
527 5230 542 5255 ,
584 5187 728 5242 omni
759 5185 1071 5241 defensioue
1098 5187 1333 5257 privatur
1351 5228 1366 5249 ,
1398 5197 1452 5243 et
1475 5199 1715 5247 extremo
1736 5192 1996 5249 afﬁcietur

412 5278 693 5350 supplicio.
724 5277 802 5333 Ne
828 5278 970 5334 enim
996 5278 1292 5341 audientes,
1320 5278 1446 5333 Cum
1474 5284 1883 5351 exprobraverint
1907 5301 1994 5341 vos

411 5384 458 5425 et
498 5370 784 5442 persequuti
814 5385 901 5423 vos
929 5369 1151 5439 fuerint,
1184 5381 1230 5422 et
1253 5371 1472 5424 dixerint
1496 5388 1641 5427 omne
1670 5375 1858 5428 malum
1883 5391 1996 5429 uer-

409 5463 527 5516 bum
550 5463 815 5516 adversum
835 5477 922 5514 vos
946 5502 960 5526 ,
987 5460 1039 5514 in
1070 5459 1301 5514 medium
1326 5461 1535 5529 prodire
1564 5464 1802 5531 timeant,
1828 5463 1989 5521 dicit:

409 5552 521 5607 Nisi
558 5553 625 5607 ad
666 5553 780 5607 hac
819 5551 987 5623 parati
1014 5548 1249 5617 fueritis,
1294 5550 1486 5605 frustra
1511 5553 1666 5608 electi
1695 5555 1843 5609 estis.
1874 5554 1990 5610 Non

401 5644 553 5696 enim
602 5643 879 5698 maledicta
920 5653 1044 5709 sunt
1074 5641 1308 5696 timenda
1328 5682 1342 5707 ,
1371 5652 1427 5695 at
1451 5643 1792 5699 metuendqu
1824 5660 1891 5699 ne
1920 5645 1991 5699 si-

413 5730 706 5783 mulatores
744 5732 1026 5787 videamini
1077 5749 1091 5785 :
1147 5742 1271 5787 tunc
1314 5732 1455 5787 enim
1494 5731 1730 5787 infatuati
1756 5733 1905 5788 eritis
1935 5742 1988 5790 et

1159 293 1221 348 S.
1261 292 1537 348 JOANNIS
1575 288 2041 347 CIIRYSOSTOMI
2084 290 2396 347 ARCIIIEP.
2438 294 2968 352 CONSTANTINOP.

3586 303 3691 359 93‘!

2112 409 2421 465 conculcati.
2444 411 2496 467 Si
2521 423 2695 468 autem
2716 417 3063 484 perseveretis
3087 431 3275 487 aspere
3295 434 3416 473 cum
3440 419 3546 476 illis
3571 437 3693 493 age-

2113 516 2171 555 rc
2191 544 2204 565 ,
2244 504 2285 556 si
2318 513 2498 570 postea
2528 506 2666 559 male
2693 506 2918 561 audiatis
2941 548 2956 574 ,
2987 507 3231 577 gaudete.
3268 509 3399 564 Illud
3430 512 3572 566 enim
3602 529 3684 567 sa-

2113 590 2177 644 lis
2225 601 2307 646 est
2352 610 2518 663 opus,
2567 607 2624 649 ut
2673 597 2860 651 molles
2902 598 3145 653 mordeat
3190 608 3240 654 et
3268 611 3485 671 pungat.
3512 603 3696 674 Itaque

2121 683 2400 738 maledicta
2453 688 2755 741 necessario
2808 700 3131 758 sequuntur,
3189 706 3361 759 neque
3414 693 3462 745 in
3514 694 3695 764 aliquo

2132 790 2224 830 vos
2256 777 2483 842 hrdunt,
2517 779 2607 834 sed
2637 791 2866 835 vestram
2894 782 3241 836 tesﬁﬁcantur
3288 782 3609 840 ﬁrmitatem.
3638 788 3693 842 Si

2112 880 2239 919 vero
2270 867 2354 920 illa
2386 877 2683 925 metuentes
2707 912 2722 938 ,
2768 871 2837 925 ab
2876 871 2964 925 illa
2993 873 3143 927 vobis
3170 884 3498 944 congruente
3525 876 3683 931 vehe-

2113 962 2313 1013 mentia
2343 960 2655 1017 destiteritis
2685 1005 2699 1029 ,
2753 965 2923 1018 multo
2962 966 3206 1035 graviora
3261 970 3467 1035 passuri
3515 972 3649 1025 estis
3673 1011 3691 1034 ,

2111 1050 2249 1120 apud
2279 1066 2467 1107 omnes
2515 1055 2654 1108 male
2682 1054 2949 1121 audituri,
2983 1068 3036 1111 et
3082 1059 3325 1115 omnibus
3365 1065 3694 1131 contemptui

2112 1142 2262 1196 eritis
2293 1161 2305 1197 :
2335 1143 2462 1198 illud
2491 1146 2631 1199 enim
2658 1157 2739 1201 est
2760 1148 3078 1203 conculcari.
3110 1149 3308 1205 Deinde
3332 1151 3397 1206 ad
3426 1153 3568 1205 aliud
3599 1171 3693 1206 su-

2113 1233 2327 1289 blimius
2369 1238 2537 1306 pergit
2583 1241 2903 1307 exemplum.
2957 1242 3042 1295 l4.
3089 1241 3183 1295 Vos
3222 1242 3337 1297 estis
3380 1246 3471 1297 lux
3496 1246 3692 1302 mundi.

2114 1324 2306 1379 lterum
2357 1328 2574 1393 mundi,
2620 1345 2723 1383 non
2759 1331 2928 1398 gentis
2971 1338 3155 1397 unius,
3188 1334 3271 1387 vel
3300 1334 3478 1402 viginti
3506 1337 3695 1389 civita-

2115 1424 2224 1469 tum
2251 1459 2267 1483 ,
2311 1418 2403 1472 sed
2455 1420 2613 1473 totius
2639 1421 2782 1475 orbis
2810 1440 2823 1475 :
2857 1423 2948 1477 lux
2981 1424 3360 1493 iutelligihilis,
3394 1426 3475 1479 his
3503 1428 3695 1482 solari-

2114 1509 2212 1564 bus
2253 1511 2417 1566 radiis
2460 1517 2826 1580 prtestantior,
2869 1516 3314 1584 quemadmodum
3347 1527 3399 1571 et
3428 1519 3506 1571 sal
3539 1520 3699 1589 spiri-

2116 1602 2276 1657 tuale.
2319 1602 2499 1657 Primo
2524 1604 2634 1669 sal,
2676 1605 2868 1660 deinde
2915 1607 3000 1660 lux
3022 1647 3037 1672 ,
3066 1616 3121 1661 ut
3147 1608 3321 1663 discas
3348 1620 3601 1680 quantum
3629 1628 3697 1667 ex

2114 1693 2224 1746 acri
2268 1708 2515 1749 sermone
2543 1697 2741 1750 lucrum
2771 1698 3072 1766 proveniat,
3104 1712 3296 1768 quanta
3326 1717 3388 1756 ex
3419 1704 3564 1771 gravi
3596 1705 3692 1757 do-

2114 1783 2280 1837 ctrina
2327 1784 2544 1838 utilitas.
2588 1787 2807 1857 Stringit
2846 1789 3023 1855 enim,
3066 1807 3163 1844 nec
3193 1792 3317 1845 sinit
3343 1794 3613 1860 difﬂuere,
3644 1806 3699 1851 et

2112 1872 2179 1926 ad
2207 1874 2456 1929 virtutem
2484 1876 2683 1931 ducens
2720 1879 3034 1948 respiciendi
3064 1882 3168 1936 vim
3208 1884 3356 1937 indit.
3387 1884 3507 1939 Non
3535 1897 3697 1956 potest

2112 1966 2284 2019 civitas
2304 1968 2543 2022 abscondi
2569 1987 2725 2040 supra
2754 1981 2971 2026 montem
2992 1975 3156 2043 positu
3186 1991 3206 2027 :
3232 1976 3299 2031 13
3346 1993 3500 2046 neque
3520 1996 3701 2033 accen-

2113 2059 2239 2113 dunt
2285 2060 2569 2127 lucernam,
2608 2074 2655 2117 et
2681 2077 2873 2135 ponunt
2898 2083 3007 2119 eam
3033 2067 3124 2120 sub
3153 2068 3341 2121 modio.
3370 2068 3573 2124 Rursus
3605 2086 3702 2140 per

2115 2149 2229 2205 hzec
2252 2151 2371 2206 illos
2396 2153 2460 2206 ad
2485 2164 2788 2208 accuratam
2817 2156 2939 2210 vita:
2958 2159 3218 2211 rationem
3247 2159 3473 2225 excitat,
3500 2159 3700 2217 docens

2114 2259 2206 2297 eos
2227 2285 2239 2305 ,
2272 2254 2327 2297 ut
2356 2246 2581 2301 sollicite
2607 2247 2705 2302 sibi
2730 2258 2980 2312 caveant,
3014 2258 3194 2317 utpote
3224 2250 3311 2319 qui
3340 2251 3439 2304 sub
3460 2253 3699 2307 omnium

2114 2335 2279 2387 oculis
2310 2344 2619 2403 versentur,
2651 2348 2701 2391 et
2730 2338 2779 2390 in
2814 2339 2988 2393 medio
3013 2342 3172 2393 totius
3202 2341 3349 2394 orbis
3378 2341 3585 2395 theatro
3607 2343 3699 2396 de-

2114 2437 2340 2482 certenl.
2387 2428 2588 2494 Nolite,
2630 2431 2832 2499 inquit,
2867 2431 2918 2485 id
2946 2439 3191 2500 reputare
3218 2433 3433 2499 animo,
3469 2450 3562 2486 vos
3587 2434 3698 2503 jam

2116 2516 2202 2571 hic
2245 2518 2471 2584 sedere,
2519 2528 2573 2574 et
2617 2520 2666 2572 in
2708 2522 2894 2591 exigua
2944 2523 3119 2593 anguli
3164 2532 3315 2593 parte
3353 2526 3551 2578 versari
3585 2547 3596 2575 ;
3629 2525 3697 2579 ita

2115 2608 2255 2661 enim
2302 2609 2574 2679 conspicui
2620 2611 2865 2667 omnibus
2903 2613 3081 2681 eritis,
3126 2625 3183 2668 ut
3207 2618 3397 2670 civitas
3424 2615 3475 2670 in
3505 2618 3698 2672 montis

2115 2702 2387 2756 cacumine
2430 2703 2619 2771 posita,
2656 2712 2714 2759 ut
2751 2705 2965 2759 lucerna
2999 2706 3050 2759 in
3078 2706 3239 2761 domo
3263 2722 3421 2778 supra
3450 2708 3700 2764 candela-

2117 2791 2269 2846 brum
2294 2795 2496 2849 lucens.

2186 2882 2371 2939 Christi
2399 2887 2618 2955 potentia
2646 2888 2906 2942 asserilur.
2929 2920 3000 2928 —
3027 2889 3127 2946 Ubi
3158 2899 3283 2945 sunt
3325 2905 3464 2944 nunc
3502 2890 3581 2945 illi
3609 2890 3699 2957 qui

2114 2973 2310 3031 Christi
2343 2978 2594 3045 potentia:
2634 2995 2739 3033 non
2770 2979 3033 3035 credunt?
3077 2981 3203 3036 ﬂare
3230 2982 3480 3048 audiant,
3533 2992 3588 3036 et
3629 2984 3700 3036 de

2118 3069 2409 3137 prophetiae
2440 3070 2489 3122 vi
2532 3080 2849 3140 stupentes,
2892 3073 3116 3127 adorent
3160 3074 3282 3143 ejus
3309 3074 3697 3129 fortitudinem.

2120 3159 2396 3228 Perpende
2435 3160 2578 3215 enim
2607 3171 2804 3233 quanta
2838 3163 3147 3233 polliceatur
3182 3165 3247 3218 iis
3275 3166 3364 3235 qui
3404 3181 3473 3220 ne
3514 3166 3566 3220 in
3601 3181 3698 3222 sua

2100 3250 2331 3320 quidem
2363 3253 2581 3322 regione
2606 3255 2714 3308 noti
2741 3264 2928 3319 erant;
2960 3255 3207 3310 videlicet
3234 3256 3377 3325 ipsos
3407 3257 3460 3309 in
3484 3266 3624 3312 terra
3644 3267 3698 3312 et

2117 3343 2169 3396 in
2202 3344 2337 3398 mari
2378 3345 2749 3412 celebrandas,
2780 3355 2835 3401 et
2862 3346 2997 3400 fama
3028 3347 3093 3401 ad
3124 3348 3378 3402 terminos
3405 3348 3550 3403 orbis
3572 3364 3699 3418 per—

2115 3443 2368 3490 venturos
2396 3452 2549 3501 esse;
2580 3437 2686 3492 imo
2712 3453 2815 3492 non
2840 3438 2976 3492 fama
3002 3448 3228 3505 tantum,
3251 3439 3344 3495 sed
3367 3449 3421 3495 et
3452 3442 3698 3498 beneficii

2115 3528 2371 3584 efﬁcacia.
2398 3528 2513 3585 Non
2540 3531 2681 3585 enim
2712 3530 2832 3585 illos
2875 3531 3009 3585 fama
3044 3531 3230 3586 volans
3271 3541 3423 3587 notos
3468 3532 3698 3588 reddidit

2115 3621 2333 3691 ubique,
2356 3621 2449 3677 sed
2476 3623 2586 3692 ipsa
2609 3637 2827 3693 operum
2849 3623 3153 3677 celebritas.
3177 3622 3307 3676 Nam
3332 3638 3429 3677 ceu
3452 3623 3698 3678 volucres

2114 3713 2348 3768 velocius
2374 3729 2530 3784 quam
2559 3713 2686 3768 solis
2707 3712 2840 3767 radii
2871 3721 3065 3767 terram
3086 3727 3297 3768 omnem
3322 3725 3695 3784 peragrarunt.

2114 3805 2216 3875 piae
2244 3806 2519 3876 religionis
2561 3807 2734 3860 lucem
2766 3805 3088 3861 emittentes.
3131 3805 3229 3860 llic
3253 3816 3428 3859 autem
3458 3806 3587 3860 mihi
3620 3808 3696 3860 vi-

2111 3896 2268 3952 detur
2313 3899 2432 3953 illos
2460 3898 2525 3952 ad
2574 3898 2820 3953 ﬁduciam
2871 3897 3183 3952 sumendam
3232 3896 3541 3951 cohortari:
3571 3914 3694 3951 cum

2110 3989 2251 4043 enim
2285 3989 2432 4054 dicit,
2478 3988 2598 4043 Non
2628 3999 2785 4061 potest
2812 3990 2983 4043 civitas
3013 3989 3254 4043 abscondi
3278 4004 3435 4059 supra
3471 3999 3694 4043 montem

2111 4081 2294 4150 posita,
2324 4081 2615 4151 potentiam
2659 4081 2893 4136 declarat
2920 4096 3106 4145 suam;
3159 4080 3297 4134 sicut
3325 4080 3467 4135 enim
3497 4080 3584 4133 illa
3614 4080 3693 4134 ci-

2109 4172 2243 4226 vitas
2285 4172 2539 4228 abscondi
2565 4173 2769 4243 nequit,
2798 4172 2874 4226 sic
2917 4172 3219 4241 praedicatio
3251 4171 3413 4226 taceri
3443 4181 3496 4227 et
3523 4171 3693 4225 latere

2108 4279 2217 4319 non
2242 4273 2435 4333 potest.
2463 4263 2596 4332 Quia
2622 4264 2763 4319 enim
2800 4263 3050 4332 loquutus
3079 4271 3194 4317 erat
3222 4262 3289 4316 de
3321 4263 3691 4331 persequutio-

2108 4358 2286 4425 nibus,
2319 4358 2385 4413 de
2414 4357 2730 4421 maledictis,
2773 4356 2839 4410 de
2866 4356 3091 4421 insidiis,
3129 4356 3193 4409 de
3222 4355 3407 4420 bellis;
3437 4369 3505 4409 ne
3531 4363 3685 4423 puta-

2108 4458 2225 4504 rent
2248 4449 2362 4504 hzec
2383 4449 2489 4503 illis
2518 4462 2675 4518 posse
2696 4462 2756 4502 os
2777 4447 3075 4510 obstruere,
3101 4446 3347 4500 ﬁduciam
3368 4446 3471 4500 illis
3495 4444 3690 4499 iudens

2103 4542 2197 4608 ait,
2226 4541 2656 4611 praadicationem
2703 4555 2810 4594 non
2844 4540 3001 4593 modo
3038 4554 3141 4593 non
3173 4538 3336 4593 latere
3366 4552 3555 4607 posse,
3590 4538 3685 4593 sed

2102 4641 2157 4686 et
2182 4640 2347 4686 totum
2378 4631 2562 4686 orbem
2589 4629 2969 4685 illustraturam
2997 4644 3133 4684 esse.
3168 4627 3392 4698 Ideoque
3418 4628 3489 4681 illi
3521 4628 3683 4682 etiam

2101 4731 2259 4778 erunt
2303 4723 2571 4792 conspicui
2611 4730 2663 4775 et
2710 4721 2964 4791 insignes.
3013 4720 3145 4773 Hinc
3191 4720 3348 4788 igitur
3390 4718 3681 4788 potentiam

2101 4827 2250 4868 suam
2278 4813 2543 4876 ostendit;
2584 4828 2649 4868 cx
2678 4811 3023 4881 sequentibus
3050 4825 3176 4865 vero
3208 4809 3452 4863 ﬁduciam
3482 4809 3549 4863 ah
3578 4809 3685 4862 illis

2100 4905 2263 4976 exigit
2295 4905 2378 4959 his
2406 4905 2581 4960 verbis
2610 4923 2623 4959 :
2668 4902 2847 4971 Neque
2871 4902 3147 4957 accendunt
3177 4902 3451 4964 lucernam,
3493 4909 3540 4953 et
3582 4918 3681 4968 po-

2099 5008 2227 5052 nunt
2254 5014 2365 5052 eam
2387 4997 2478 5052 sub
2504 4996 2690 5060 modio,
2716 4996 2802 5049 sed
2827 5010 2981 5064 super
3016 4992 3390 5058 candelabrum,
3422 5000 3473 5043 ut
3514 4990 3681 5044 luceat

2099 5090 2329 5144 omnibus
2356 5090 2443 5160 qui
2482 5090 2535 5142 in
2578 5088 2726 5142 domo
2760 5097 2896 5141 sunt.
2948 5086 3033 5141 l6.
3084 5085 3173 5139 Sic
3215 5084 3374 5137 luceat
3402 5084 3492 5138 luas
3516 5092 3681 5136 uestra

2096 5198 2266 5237 coram
2295 5181 2598 5247 hominibus,
2624 5188 2678 5232 ut
2706 5179 2900 5233 videant
2925 5193 3076 5246 opera
3114 5184 3275 5230 uestra
3304 5176 3453 5240 bona,
3491 5181 3535 5227 et
3562 5175 3677 5244 glo—

2094 5276 2290 5344 riﬁcent
2336 5274 2544 5328 Patrem
2592 5283 2805 5327 uestrum
2833 5271 2920 5343 qui
2961 5272 3013 5324 in
3041 5270 3177 5324 cazlis
3224 5278 3313 5323 est.
3369 5267 3480 5337 Ego
3509 5267 3675 5327 cnim,

2096 5369 2284 5438 inquit,
2316 5368 2487 5422 lucem
2517 5366 2733 5422 accendi
2762 5383 2774 5418 :
2808 5373 2866 5418 ut
2889 5379 3018 5420 vero
3050 5368 3355 5431 perseveret
3380 5359 3597 5423 ardens,
3625 5358 3675 5411 id

2093 5460 2158 5514 ad
2189 5470 2419 5513 vestram
2455 5458 2779 5529 diligentiam
2809 5456 3076 5526 pertinet;
3108 5468 3213 5508 non
3257 5451 3419 5507 vestri
3471 5459 3675 5504 tantum

2093 5566 2275 5617 causa,
2307 5550 2401 5605 sed
2438 5560 2493 5605 et
2531 5550 2743 5605 illorum
2780 5547 2951 5618 gratia
2980 5545 3069 5615 qui
3101 5544 3200 5599 hac
3230 5544 3500 5613 potientur
3530 5539 3674 5607 luce,

2092 5651 2147 5697 et
2186 5641 2251 5696 ad
2298 5643 2575 5697 veritatem
2606 5639 2956 5694 deducentur.
3002 5635 3187 5706 Neque
3233 5634 3376 5689 enim
3426 5642 3681 5702 poterunt

2094 5732 2372 5789 maledicta
2426 5741 2661 5787 vestrum
2711 5730 2998 5785 obscurare
3046 5727 3383 5799 Splendorem
3429 5741 3443 5777 :
3492 5726 3540 5779 si
3573 5738 3671 5778 vos
