4076 6150
391 322 492 380 251

396 436 882 506 κατανενυγμένος,
919 437 1132 498 πάντως
1167 437 1258 488 καὶ
1287 435 1521 507 καθαρὸς
1551 442 1614 508 τῇ
1649 443 1844 512 καρδίᾳ
1885 444 1959 474 ⁸³·

392 522 424 574 ὁ
449 519 504 571 δέ
533 514 790 579 τοιοῦτος,
833 515 927 567 καὶ
967 515 1322 584 εἰρηνοποιός.
1361 515 1420 568 '0
1465 517 1522 568 δὲ
1569 519 1743 573 ταῦτα
1788 521 1967 573 πάντα

394 588 795 662 κατωρθωκὼς,
855 591 947 643 καὶ
984 590 1118 659 πρὸς
1158 589 1432 652 κινδύνους
1459 591 1612 646 ἔσται
1654 612 1966 666 παρατεταο

397 672 616 740 γμένος,
649 669 741 721 καὶ
787 668 848 719 οὐ
895 667 1298 738 ταραχθήσεται
1349 670 1561 723 ἀκούων
1607 673 1816 738 κακῶς,
1874 677 1968 728 καὶ

400 748 564 818 μυρία
587 746 632 778 ’⁸
652 747 875 815 πάσχων
893 747 1057 799 δεινά.
1084 746 1422 816 Παραινέσας
1438 747 1614 800 τοίνυν
1643 749 1678 803 ἆ
1703 753 1963 821 προσῆκε,

401 826 559 878 πάλιν
586 823 854 877 ἀναπαύει
896 825 1008 884 τοῖς
1038 823 1334 893 ἐγκωμίοις
1364 824 1580 888 αὐτούς.
1615 828 1827 898 Ἐπειδὴ
1861 828 1968 897 γὰρ

397 901 576 970 ὑψηλά
606 902 673 954 τά
704 901 1049 970 ἐπιτάγματα
1080 898 1168 969 ἧν,
1193 901 1285 953 καὶ
1315 901 1493 972 πολλῷ
1526 903 1746 972 μείζονα
1777 906 1884 957 τῶν
1911 907 1967 957 ἐν

395 983 462 1049 τῇ
495 979 724 1048 Παλαιᾷ,
757 979 842 1030 ἵνα
873 977 947 1048 μὴ
979 979 1306 1049 θορυϐῶνται
1332 982 1426 1032 καὶ
1450 981 1841 1051 ταράττωνται,
1873 985 1968 1037 καὶ

397 1059 615 1125 λέγωσι·
651 1057 774 1119 Πῶς
811 1055 1148 1126 δυνησόμεθα
1178 1057 1348 1110 ταῦτα
1383 1059 1709 1132 κατορθοῦν;
1742 1062 1967 1116 ἄκουσον

395 1138 447 1189 τί
488 1150 667 1205 φησιν’
706 1133 881 1202 Ὑμεῖς
923 1133 1063 1186 ἐστε
1110 1135 1176 1187 τὸ
1227 1135 1380 1201 ἅλας
1411 1137 1522 1205 τῆς
1562 1136 1704 1206 γῆς’
1753 1139 1966 1204 δεικνὺς

395 1219 477 1270 ὅτι
511 1214 821 1283 ἀναγκαίως
861 1213 1031 1266 ταῦτα
1065 1216 1360 1270 ἐπιτάττει.
1407 1219 1480 1270 Οὐ
1525 1219 1632 1290 γὰρ
1675 1219 1815 1292 ὑπὲρ
1867 1223 1966 1292 τῆς

399 1295 517 1348 καθ’
543 1295 766 1356 ἑαυτοὺς
800 1292 965 1362 ζωῆς,
997 1293 1110 1346 ἀλλ’
1136 1294 1276 1364 ὑπὲρ
1295 1295 1393 1364 τῆς
1416 1297 1756 1368 οἰκουμένης,
1780 1301 1968 1368 φησὶν,

395 1372 608 1441 ἁπάσης
641 1375 669 1425 ό
689 1371 846 1438 λόγος
874 1370 1024 1424 ἔσται
1054 1372 1199 1442 ὑμῖν.
1239 1374 1373 1427 Οὐδὲ
1403 1374 1512 1445 γὰρ
1542 1378 1622 1439 εἰς
1646 1377 1736 1430 δύο
1761 1379 1963 1446 πόλεις,

397 1451 490 1503 καὶ
523 1451 569 1481 ’⁸
599 1449 751 1511 δέκα,
778 1450 873 1502 καὶ
896 1449 1119 1516 εἴκοσιν,
1146 1451 1264 1504 οὐδὲ
1293 1454 1371 1514 είς
1401 1454 1458 1504 ἒν
1483 1452 1631 1517 ἔθνος
1664 1457 1808 1524 ὑμᾶς
1837 1458 1969 1510 ἀπο-

397 1527 618 1589 στέλλω,
657 1526 906 1597 καθάπερ
939 1527 1064 1590 τοὺς
1119 1531 1419 1599 προφήτας,
1469 1531 1583 1583 ἀλλ’
1621 1534 1701 1595 είς
1735 1535 1838 1602 γῆν
1872 1537 1964 1590 καὶ

395 1606 662 1660 θάλατταν
703 1607 796 1659 καὶ
842 1605 940 1675 τὴν
974 1607 1296 1684 οἰκουμένην
1341 1608 1575 1672 ἅπασαν,
1623 1613 1717 1664 καὶ
1761 1613 1963 1684 ταύτην

395 1684 576 1746 κακῶς
605 1684 968 1754 διακειμένην.
1000 1685 1042 1735 Τ
1044 1683 1089 1754 ᾦ
1130 1683 1238 1753 γὰρ
1287 1688 1479 1750 εἰπεῖν,
1512 1687 1694 1757 Ὑμεῖς
1721 1690 1861 1744 ἐστε
1893 1683 1961 1744 τὸ

393 1763 546 1829 ἅλας
571 1762 682 1831 τῆς
713 1761 843 1831 γῆς,
883 1761 1046 1826 ἔδειξε
1084 1765 1457 1834 μωρανθεῖσαν
1489 1766 1704 1820 ἅπασαν
1728 1769 1827 1838 τὴν
1865 1772 1961 1823 ἀνι·

395 1841 667 1912 θρωπίνην
691 1842 869 1911 φύσιν,
903 1843 996 1895 καὶ
1027 1847 1430 1896 κατασαπείσαν
1457 1843 1560 1898 ὑπὸ
1584 1846 1690 1898 τῶν
1720 1847 1962 1917 ἁμαρτη-

395 1922 597 1993 μάτων.
630 1924 728 1975 Διά
769 1939 851 1974 τοι
893 1920 1048 1973 τοῦτο
1075 1921 1276 1985 ταύτας
1321 1923 1450 1991 παρ’
1489 1925 1666 1977 αὐτῶν
1714 1926 1963 1996 ἐπιζητεῖ

391 2001 490 2064 τὰς
524 2003 746 2073 ἀρετὰς,
785 2001 840 2054 αἳ
877 1999 1110 2069 μάλιστα
1143 2000 1277 2071 πρὸς
1309 2002 1406 2072 τὴν
1439 2002 1546 2055 τῶν
1589 2004 1798 2058 πολλῶν
1836 2009 1960 2059 ἐπι-

394 2079 612 2148 μέλειάν
663 2082 802 2133 εἰσιν
847 2079 1136 2147 ἀναγκαῖαι
1169 2081 1264 2133 καὶ
1313 2081 1591 2151 χρήσιμοι.
1627 2082 1693 2136 ’⁸0
1737 2100 1796 2135 τε
1852 2085 1962 2155 γὰρ

393 2162 560 2230 πρᾶος
617 2161 712 2214 καὶ
749 2157 994 2228 ἐπιεικής
1043 2157 1139 2210 καὶ
1181 2158 1426 2227 ἐλεήμων
1467 2161 1560 2211 καὶ
1601 2159 1828 2226 δίκαιος,
1861 2164 1963 2216 οὐκ

389 2241 469 2300 εἰς
500 2239 658 2292 αὐτὸν
689 2235 960 2305 συγκλείει
983 2236 1050 2288 τὰ
1074 2235 1467 2306 κατορθώματα
1503 2237 1681 2306 μόνον,
1706 2239 1839 2294 ἀλλά
1867 2243 1963 2295 καὶ

389 2320 468 2380 είς
494 2319 591 2388 τήν
624 2316 824 2387 ἐτέρων
859 2316 906 2347 ³⁸
939 2315 1207 2384 ὠφέλειαν
1236 2315 1332 2378 τὰς
1362 2315 1530 2379 καλὰς
1562 2317 1766 2380 ταύτας
1792 2319 1962 2390 ὐπερ-

390 2397 598 2465 χεῖσθαι
628 2395 1033 2466 παρασκευάζει
1068 2393 1269 2465 πηγάς.
1315 2394 1373 2446 '0
1415 2393 1459 2446 δ’
1485 2391 1550 2447 αὖ
1583 2396 1820 2465 καθαρὸς
1862 2399 1962 2467 τὴν

390 2474 614 2544 καρδίαν
646 2473 740 2526 καὶ
774 2472 1129 2542 είρηνοποιὸς,
1158 2472 1250 2524 καὶ
1300 2471 1655 2542 ἐλαυνόμενος
1685 2474 1824 2544 ὑπὲρ
1862 2477 1960 2545 τῆς

388 2551 669 2621 ἀληθείας.
717 2551 878 2603 πάλιν
920 2549 1056 2621 πρὸς
1091 2550 1152 2602 τὸ
1194 2553 1344 2620 κοινῇ
1395 2551 1672 2620 συμφέρον
1711 2553 1802 2604 τὸν
1847 2553 1961 2622 βίον

390 2628 731 2683 καθίσταται.
777 2629 867 2698 Μὴ
913 2628 1090 2682 τοίνυν
1130 2627 1408 2698 νομίσητε,
1462 2629 1648 2698 φησὶν,
1695 2631 1788 2682 ἐπὶ
1835 2634 1962 2708 τοὺς

388 2708 649 2778 τυχόντας
683 2707 900 2776 ἀγῶνας
934 2706 1207 2769 ἕλκεσθαι,
1237 2706 1370 2777 μηδὲ
1402 2707 1539 2778 ὑπὲρ
1567 2709 1780 2778 μικρῶν
1802 2706 1964 2763 τινων

387 2782 528 2840 εἶναι
555 2788 644 2839 τὸν
667 2786 821 2855 λόγον
846 2786 992 2855 ὑμῖν·
1027 2785 1211 2854 Ὑμεῖς
1238 2786 1379 2839 ἐστε
1409 2785 1472 2838 τὸ
1501 2787 1654 2854 ἅλας
1683 2787 1789 2855 τῆς
1823 2788 1958 2858 γῆς.

388 2865 454 2916 Τί
490 2860 616 2928 οὗνς
664 2863 734 2916 τὰ
785 2864 1058 2933 σεσηπότα
1100 2863 1252 2916 αὐτοὶ
1293 2861 1642 2932 διώρθωσαν;
1676 2865 1958 2934 Οὐδαμῶς.

388 2940 524 2994 Οὔτε
550 2946 594 2978 '7
628 2939 736 3010 γὰρ
777 2940 996 2993 δυνατὸν
1041 2939 1111 2992 τὰ
1150 2940 1470 3010 διεφθορότα
1501 2942 1600 3012 ήδη
1634 2945 1966 2999 ἐπιπάσσοι-

387 3037 486 3082 τας
510 3019 642 3082 ἅλας
668 3017 916 3086 ὠφελεῖν.
941 3019 1016 3070 Οὐ
1040 3018 1104 3088 δὴ
1125 3018 1282 3072 τοῦτο
1311 3019 1547 3072 ἐποίουν
1573 3019 1708 3073 ἀλλὰ
1736 3023 1967 3080 ἀνανεω-

388 3096 550 3149 θέντα
595 3096 855 3166 πρότερον
905 3094 998 3148 καὶ
1047 3094 1420 3164 παραδοθέντα
1471 3095 1669 3159 αὐτοῖς,
1723 3100 1816 3152 καὶ
1864 3101 1968 3170 τῆς

386 3175 648 3239 δυσωδίας
699 3174 1077 3242 ἀπαλλαγέντα
1111 3175 1363 3245 ἐκείνης,
1415 3173 1536 3227 τότε
1571 3175 1775 3244 ἥλιζον,
1835 3195 1968 3230 κατ-

388 3254 601 3323 ἔχοντες
641 3254 734 3306 καὶ
767 3252 914 3324 [194]
941 3251 1321 3322 διατηροῦντες
1349 3253 1406 3304 ἐν
1428 3254 1493 3321 τῇ
1520 3253 1799 3323 νεαρότητι
1827 3257 1962 3310 ταύ-

386 3347 476 3405 τῃ,
514 3331 580 3403 ἣν
606 3330 757 3399 παρά
806 3329 898 3384 τοῦ
928 3331 1194 3383 Δεσπότου
1240 3328 1564 3398 παρέλασον.
1606 3330 1678 3381 Τὸ
1728 3332 1824 3402 μὲν
1855 3335 1965 3402 γὰρ

387 3409 764 3481 ἀπαλλαγῆναι
797 3411 894 3480 τῆς
925 3407 1213 3479 σηπεδόνος
1249 3407 1358 3460 τῶν
1393 3409 1826 3478 ἁμαρτημάτων,
1861 3409 1960 3463 τοῦ

386 3489 621 3560 Χριστοῦ
661 3487 991 3560 κατόρθωμα
1034 3488 1246 3556 γέγονε’
1276 3487 1337 3540 τὸ
1380 3487 1424 3540 δ’
1457 3484 1524 3540 αὖ
1567 3489 1728 3542 πάλιν
1764 3492 1961 3560 μηκέτι

388 3569 474 3620 ἐπ’
509 3568 722 3637 ἐκείνην
754 3567 1087 3633 ἐπανελθεῖν,
1110 3570 1208 3638 τῆς
1235 3566 1437 3620 τούτων
1473 3569 1708 3639 σπουδῆς
1741 3571 1833 3623 καὶ
1864 3588 1961 3624 τα-

389 3648 688 3720 λαιπωρίας
719 3647 878 3718 ἔργον
903 3644 992 3719 ἦν.
1010 3646 1170 3718 Ὁρᾷς
1198 3647 1312 3710 πῶς
1339 3646 1478 3700 κατὰ
1501 3650 1693 3720 μικρὸν
1721 3650 1958 3706 δείκνυσι

393 3728 489 3781 καὶ
517 3727 625 3780 τῶν
656 3726 950 3798 προφητῶν
977 3725 1137 3788 ὄντας
1176 3725 1448 3795 βελτίους;
1481 3729 1556 3780 Οὐ
1583 3728 1690 3799 γὰρ
1717 3732 1815 3798 τῆς
1851 3731 1961 3784 Πα-

387 3805 662 3877 λαιστίνης
709 3805 1058 3868 διδασκάλους
1106 3802 1242 3858 εἶναί
1292 3823 1477 3875 φησιν,
1525 3807 1658 3860 ἀλλὰ
1709 3809 1808 3878 τῆς
1857 3811 1960 3881 γῆς

387 3885 624 3954 ἁπάσης
657 3883 750 3936 καὶ
780 3884 879 3953 οὐχ
907 3883 1094 3948 ἁπλῶς
1119 3884 1494 3948 διδασκάλους,
1522 3885 1658 3940 ἀλλά
1683 3887 1780 3941 καὶ
1806 3889 1960 3957 (906s-

389 3963 535 4032 ρούς.
562 3961 632 4014 Τὸ
658 3960 766 4032 γὰρ
810 3961 874 4031 δὴ
923 3961 1229 4031 θαυμαστὸν
1256 3963 1414 4016 τοῦτό
1456 3965 1622 4030 ἐστιν,
1659 3965 1742 4017 ὅτι
1780 3967 1839 4019 οὐ
1868 3984 1960 4019 κο-

386 4039 723 4103 λακεύοντες,
785 4040 904 4092 οὐδὲ
945 4039 1359 4111 θεραπεύοντες,
1411 4043 1524 4095 ἀλλ’
1572 4043 1958 4112 ἐπιστύφοντες

386 4120 572 4191 ὥσπερ
606 4118 668 4172 τὸ
717 4118 871 4181 ἆλας,
909 4117 1052 4171 οὕτω
1092 4119 1331 4173 ποθεινοί
1363 4123 1496 4174 πᾶσι
1542 4125 1815 4191 γεγόνασι.
1865 4125 1956 4197 Μὴ

389 4200 564 4252 τοίνυν
594 4198 930 4268 θαυμάσητε,
964 4201 1125 4268 φησὶν
1145 4237 1160 4262 ,
1201 4200 1249 4250 εί
1275 4197 1400 4262 τοὺς
1429 4199 1621 4262 ἄλλους
1641 4202 1799 4270 ἀφεὶς
1832 4203 1959 4272 ὑμῖν

386 4279 722 4347 διαλέγομαι,
771 4278 867 4330 καὶ
927 4279 1065 4348 πρὸς
1128 4277 1416 4340 τοσούτους
1479 4278 1621 4333 ἕλκω
1662 4280 1956 4346 κινδύνους.

401 4359 714 4427 Ἐννοήσατε
749 4358 858 4427 γάρ
893 4359 1047 4422 ὅσαις
1078 4357 1262 4410 πόλεσι
1309 4357 1400 4410 καὶ
1428 4357 1618 4429 δήμοις
1652 4362 1745 4413 καὶ
1783 4361 1959 4415 ἔθνεσι

393 4436 569 4505 μέλλω
599 4435 834 4505 πέμπειν
869 4437 1012 4507 ὑμᾶς
1037 4437 1355 4500 ἐπιστάτας.
1383 4438 1480 4490 Διὰ
1507 4438 1664 4492 τοῦτο
1694 4441 1790 4510 οὐχ
1819 4443 1961 4512 ὑμᾶς

387 4512 526 4568 εἶναι
552 4513 811 4585 βούλομαι
841 4517 1136 4586 φρονίμους
1188 4517 1369 4585 μόνον,
1424 4518 1558 4572 ἀλλά
1608 4519 1703 4573 καὶ
1743 4521 1962 4593 ἐτέρους

385 4593 659 4657 τοιούτους
683 4596 873 4648 ποιεῖν.
901 4595 1039 4657 Τοὺς
1057 4597 1113 4648 δὲ
1133 4597 1410 4658 τοιούτους
1443 4597 1577 4651 πολὺ
1607 4597 1688 4651 δεῖ
1706 4602 1963 4666 συνετοὺς

388 4669 544 4734 εἶναι,
576 4674 633 4724 ἐν
663 4667 744 4734 οἷς
768 4675 800 4742 ή
826 4673 933 4726 τῶν
976 4673 1146 4726 ἀλλων
1174 4673 1538 4728 κινδυνεύεται
1574 4677 1833 4750 σωτηρία,
1867 4683 1962 4734 καὶ

387 4749 652 4819 τοσαύτην
683 4750 865 4812 αὐτοῖς
910 4750 1008 4821 τὴν
1055 4753 1370 4823 περιουσίαν
1416 4751 1556 4807 εἶναι
1591 4758 1690 4825 τῆς
1730 4749 1957 4829 ἀρετῆς,

386 4828 461 4893 ὼς
509 4829 603 4881 καὶ
657 4827 835 4891 ἀλλοις
883 4828 1218 4899 μεταδιδόναι
1267 4831 1366 4899 τῆς
1411 4831 1701 4898 ὠφελείας.
1764 4827 1827 4887 Et
1853 4827 1962 4905 γάρ

388 4908 622 4962 τοιοῦτοι
655 4907 728 4976 μὴ
757 4907 996 4973 γένοισθε
1021 4910 1086 4971 ’⁸,
1121 4910 1240 4962 οὐδέ
1264 4910 1393 4980 ὑμῖν
1427 4910 1608 4973 αὐτοῖς
1642 4912 1922 4983 ἀρκέσετε.

441 4987 505 5050 ζ’.
541 4986 633 5057 Μὴ
655 4985 830 5038 τοίνυν
851 4987 1238 5057 δυσχεράνητε,
1269 4989 1344 5050 ὠς
1379 4990 1630 5058 ἐπαχθῶν
1667 4991 1836 5043 ὄντων
1854 4991 1960 5043 τῶν

387 5066 714 5137 λεγομένων.
752 5064 877 5127 Τοῖς
910 5065 1008 5132 μὲν
1035 5066 1142 5136 γὰρ
1166 5066 1345 5130 ἄλλοις
1379 5069 1710 5137 μωρανθεῖσι
1736 5069 1961 5123 δυνατὸν

389 5145 704 5200 ἐπανελθεῖν
735 5144 800 5196 δι’
842 5144 994 5213 ὐμῶν
1023 5147 1068 5176 ²⁹
1093 5159 1104 5172 ·
1139 5146 1297 5213 ὑμεῖς
1326 5145 1403 5208 δὲ,
1435 5149 1484 5198 εἰ
1518 5146 1679 5199 τοῦτο
1711 5147 1956 5213 πάθοιτε,

393 5226 509 5296 μεθ’
540 5222 748 5278 ἑαυτῶν
797 5223 890 5276 καὶ
929 5222 1147 5293 ἐτέρους
1177 5225 1593 5294 προσαπολείτε.
1628 5226 1791 5280 Ὥστε
1851 5229 1960 5299 ὅσῳ

393 5305 598 5374 μεγάλα
620 5302 991 5376 ἐγχειρίζεσθε
1026 5302 1327 5374 πράγματα
1353 5303 1419 5366 ³ο,
1453 5305 1692 5375 τοσούτῳ
1723 5307 1816 5359 καὶ
1849 5309 1959 5377 μεί-

391 5383 541 5448 ζονος
575 5382 752 5454 δεῖσθε
786 5381 1044 5452 σπουδῆς.
1071 5380 1162 5433 Διό
1187 5397 1351 5449 φησιν
1381 5397 1394 5412 ο
1442 5381 1552 5436 Ἂν
1575 5383 1644 5437 δὲ
1699 5385 1766 5438 τὸ
1805 5385 1958 5454 ἅλας

385 5453 688 5531 μωρανθῇ,
716 5463 786 5517 ἐν
811 5462 927 5515 τίνι
965 5459 1394 5522 ἁλισθήσεται;
1421 5463 1526 5527 Εἰς
1557 5462 1738 5517 οὐδὲν
1759 5453 1955 5533 ἰσχύει

389 5540 495 5604 ἔτι,
542 5543 596 5593 εί
635 5539 721 5609 μὴ
766 5539 1080 5610 βληθῆναι
1127 5539 1264 5604 ἕξω,
1335 5540 1434 5594 καὶ
1488 5545 1954 5601 καταπατεῖσθαι

491 5652 537 5724 ξι
569 5656 666 5723 τὴν
704 5653 929 5724 καρδίαν
957 5651 1092 5707 Edd.
1137 5652 1427 5724 i“ﬂp.up£a]
1450 5653 1516 5706 τά
1548 5655 1716 5724 μυρία
1738 5653 1876 5710 Edd.

1509 323 1575 378 IN
1616 325 2031 381 MATTIIASUM
2067 326 2299 385 ΗΟΜΙΙ..
2350 331 2461 387 XV.

3525 337 3628 391 ‘25‘2

2064 448 2182 500 ὑπὸ
2220 447 2334 500 τῶν
2361 447 2706 517 ἀνθρώπων.
2754 448 2822 502 Οί
2855 447 2954 517 μὲν
3007 448 3114 519 γὰρ
3167 450 3317 504 ἄλλοι
3370 450 3627 520 μυριάκις

2066 521 2374 586 πίπτοντες,
2407 523 2659 576 δύνανται
2698 525 2881 592 τυχεῖν
2912 523 3242 596 συγγνώμης
3263 542 3275 554 '
3332 529 3361 580 ό
3403 527 3459 578 δὲ
3489 527 3630 580 διδάσ-

2067 596 2286 674 σκαλος,
2327 600 2420 649 ἐὰν
2448 600 2605 652 τοῦτο
2627 599 2794 672 πάθῃ,
2825 601 3003 672 πάσης
3033 603 3402 674 ἀπεστέρηται
3448 606 3632 658 ἀπολο-

2063 673 2206 754 γίας,
2236 677 2329 728 καὶ⁸
2344 675 2441 746 τὴν
2481 679 2713 747 ἐσχάτην
2743 677 2905 730 δώσει
2935 673 3377 750 τιμωρίανζἼνα
3417 682 3526 751 γὰρ
3558 685 3631 754 μὴ

2047 751 2349 817 ίλκούοντες
2363 756 2429 820 ³³,
2452 755 2640 808 ’Ὅταν
2659 755 3039 810 ὀνειδίσωσιν
3059 757 3213 827 ὑμᾶς
3233 758 3332 810 καί
3357 751 3632 822 διώξωσι,

2063 844 2094 879 ἡ
2111 829 2162 881 ,ιὶ
2176 835 2387 884 εἴπωσι
2407 831 2529 886 πᾶν
2561 835 2827 902 πονηρὸν
2851 835 3018 904 ῥῆμα
3046 836 3175 889 καθ’
3216 835 3403 906 ὑμῶν,
3434 836 3633 889 δειλιάη

2067 923 2230 987 σωσιν
2243 913 2322 973 εἰς
2337 911 2499 980 μέσον
2513 913 2814 982 προελθεῖν,
2829 913 2996 982 λέγει,
3012 916 3093 968 ὅτι
3111 917 3208 968 Ἂν
3225 917 3300 986 μὴ
3314 915 3449 987 πρὸς
3463 915 3633 968 ταῦτα

2065 981 2163 1055 ἦτε
2180 981 2676 1058 παρατεταγμένοι,
2694 991 2819 1060 είκῆ
2831 981 3138 1061 ἐξελέγητε.
3156 981 3424 1064 υίίγάρτὸ
3447 993 3633 1052 κακῶς

2065 1067 2279 1118 ἀκούειν
2294 1069 2398 1139 χρὴ
2410 1069 2722 1135 δεδοικέναι,
2739 1069 2872 1124 ἀλλά
2883 1072 2943 1124 τὸ
2954 1072 3507 1144 συνυποκρινομένους
3519 1074 3634 1139 φαί-

2064 1147 2270 1198 νεσθαυ
2285 1149 2402 1200 τότε
2421 1151 2529 1219 γὰρ
2546 1149 2964 1221 μωρανθήσεσθε
2982 1151 3076 1204 καὶ
3091 1149 3630 1224 καταπατηθήσεσθε.

2078 1226 2200 1280 Ἐὰν
2227 1227 2280 1279 δὲ
2309 1228 2507 1298 μένητε
2530 1229 2724 1291 αὐτοὺς
2764 1231 2809 1259 ³³
2856 1229 3266 1297 ἐπιστύφοντες,
3288 1225 3406 1281 εἶτα
3449 1229 3634 1289 κακῶς

2064 1307 2319 1378 ἀκούητε,
2389 1309 2624 1380 χαίρετε.
2677 1308 2846 1361 Τοῦτο
2876 1308 2984 1380 γὰρ
3017 1310 3144 1373 ἁλὸς
3196 1309 3353 1380 ἔργον
3400 1310 3542 1375 ἐστὶ,
3574 1307 3634 1359 τὸ

2063 1388 2278 1441 δάκνειν
2296 1388 2390 1440 καὶ
2412 1389 2600 1440 λυπεῖν
2627 1389 2755 1451 τούς
2771 1387 3023 1457 χαύνους.
3049 1389 3214 1441 Ὥστε
3255 1387 3570 1455 ἀναγκαίως
3601 1387 3636 1453 ἡ

2064 1467 2372 1537 κακηγορία
2402 1468 2612 1531 ἕπεται,
2644 1460 2794 1520 οὐδὲν
2820 1467 2962 1537 ὑμᾶς
2986 1467 3318 1536 βλάπτουσα,
3360 1465 3495 1518 ἀλλὰ
3539 1465 3634 1518 καὶ⁵

2067 1545 2420 1616 μαρτυροῦσα
2450 1546 2603 1616 ὑμῶν
2633 1549 2698 1616 τῇ
2736 1547 3075 1617 στερρότητι.
3105 1546 3202 1599 Ἂν
3222 1546 3280 1598 δέ
3305 1543 3631 1613 φοϐηθέντες

2064 1625 2254 1695 αὐτὴν,
2287 1624 2531 1695 προδῶτε
2585 1625 2686 1694 τὴν
2747 1626 3124 1695 προσήκουσαν
3146 1626 3272 1692 ύμῖν
3309 1625 3353 1654 ³³
3413 1623 3633 1692 σφοδρό-

2065 1720 2222 1774 τητα,
2287 1703 2464 1774 πολλῷ
2525 1702 2880 1774 χαλεπώτερα
2949 1702 3222 1769 πείσεσθε,
3290 1702 3384 1755 καὶ
3449 1702 3632 1765 κακῶς

2063 1781 2352 1844 ἀκούοντες
2385 1787 2479 1836 καὶ
2501 1783 2999 1853 καταφρονούμενοι
3030 1784 3181 1855 παρὰ
3199 1782 3436 1834 πάντων.
3464 1779 3634 1834 Τοῦτο

2063 1863 2171 1934 γάρ
2194 1863 2331 1926 ἐστι,
2353 1863 2782 1916 καταπατεῖσθαι
2809 1863 2874 1917 ³⁸.
2915 1859 3050 1916 Εἶτα
3080 1864 3164 1930 ἐφ’
3197 1864 3383 1932 ἕτερον
3434 1859 3632 1929 ὑψηλό-

2061 1957 2220 2012 τερον
2249 1942 2370 2008 ἀγει
2393 1941 2741 2011 παράδειγμα
2763 1957 2778 1970 ο
2847 1940 3041 2010 Ὑμεῖς
3087 1943 3228 1994 ἐστε
3259 1941 3324 1993 τὸ
3350 1936 3475 2008 φῶς
3528 1939 3633 1991 τοῦ

2063 2023 2316 2088 κόσμου.
2347 2019 2512 2072 Πάλιν
2542 2021 2633 2073 τοῦ
2668 2019 2896 2090 κόσμου,
2953 2019 3053 2072 οὐκ
3095 2019 3282 2079 ἔθνους
3328 2018 3466 2080 ἐνὸς,
3511 2016 3631 2069 οὐδέ

2064 2101 2235 2152 εἰκοσι
2282 2099 2510 2164 πόλεων,
2562 2098 2700 2152 ἀλλά
2742 2103 2841 2171 τῆς
2881 2099 3205 2169 οἰκουμένης
3253 2097 3499 2166 ἁπάσης·
3540 2098 3632 2147 καὶ

2066 2178 2214 2250 [195]
2265 2178 2627 2250 φῶςινοητὸν,
2684 2179 2778 2238 καὶ
2837 2181 2936 2250 τῆς
2995 2180 3210 2239 ἀκτῖνος
3251 2174 3452 2244 ταύτης
3498 2174 3630 2227 πολὺ

2066 2259 2290 2329 βέλτιον,
2320 2259 2508 2329 ὥσπερ
2541 2255 2634 2311 οὖν
2662 2260 2757 2312 καὶ
2794 2259 2928 2322 an;
2958 2256 3343 2329 πνευματικόν.
3374 2255 3481 2308 Καὶ
3509 2256 3633 2324 πτό-

2063 2355 2219 2409 τερον
2267 2339 2422 2400 ἃλας,
2458 2341 2550 2392 καὶ
2587 2341 2707 2393 τότε
2759 2338 2906 2405 φῶς·
2943 2338 3027 2388 ἵνα
3080 2337 3254 2406 μάθῃς
3289 2333 3471 2403 ἡλίκον
3525 2333 3632 2384 τῶν

2063 2419 2523 2488 κατεστυμμένων
2558 2419 2816 2489 ῥημάτων
2841 2416 2901 2468 τὸ
2938 2415 3146 2484 κέρδος,
3190 2415 3283 2465 καί
3305 2412 3400 2480 τῆς
3429 2415 3631 2481 σεμνῆς

2063 2495 2406 2559 διδασκαλίας
2455 2498 2516 2549 τὸ
2562 2497 2770 2566 ὄφελος.
2823 2498 2932 2548 Καὶ
2978 2499 3086 2564 γάρ
3134 2493 3374 2562 σφίγγει,
3404 2509 3496 2544 και
3533 2495 3632 2544 οὐκ

2064 2577 2258 2646 ἀφίησι
2322 2576 2661 2647 διαρῥεῦσαι,
2714 2576 2808 2628 καὶ⁹
2835 2575 3136 2643 ’διαϐλέψαι
3169 2577 3314 2626 ποιεῖ
3333 2579 3469 2645 πρὸς
3509 2575 3632 2646 ἀρε-

2066 2660 2165 2728 τὴν
2195 2656 2629 2728 χειραγωγούσα.
2687 2657 2769 2709 Οί)
2814 2654 3062 2708 δύναται
3113 2655 3292 2719 πόλις
3345 2653 3631 2722 κρυϐῆναι

2062 2739 2260 2795 ἐπάνω
2281 2740 2458 2807 ὄρους
2483 2737 2724 2806 κειμένη
2752 2755 2762 2767 ·
2795 2736 2937 2790 οὐδὲ
2969 2737 3210 2790 καίουσι
3254 2737 3489 2805 λύχνον
3535 2737 3630 2789 καὶ

2064 2821 2328 2878 τιθέασιν
2383 2819 2502 2874 ὑπὸ
2548 2819 2655 2872 τὸν
2687 2817 2919 2892 μόδιον.
2964 2819 3130 2871 Πάλιν
3165 2818 3358 2881 αὐτοὺς
3396 2819 3481 2871 διὰ
3512 2820 3632 2871 τού-

2064 2920 2171 2958 των
2210 2905 2290 2966 εἰς
2329 2900 2612 2973 ἀκρίϐειαν
2641 2901 2764 2968 ἄγει
2795 2900 2932 2968 βίου,
2991 2897 3258 2952 παιδεύων
3309 2899 3632 2967 ἐναγωνίους

2065 2979 2221 3046 εἶναι,
2264 2981 2339 3045 ὡς
2382 2981 2488 3036 ὑπὸ
2523 2983 2638 3043 τοῖς
2673 2979 2925 3033 ἁπάντων
2975 2978 3271 3049 ὀφθαλμοῖς
3323 2980 3630 3049 κειμένους,

2066 3063 2159 3115 καὶ
2190 3064 2246 3115 ἐν
2281 3061 2427 3132 μέσῳ
2451 3061 2530 3129 τῷ
2557 3062 2656 3130 τῆς
2692 3057 3014 3127 οἰκουμένης
3034 3059 3464 3128 ἀγωνιζομένους
3503 3058 3630 3112 θεά-

2063 3156 2196 3210 τρῳ.
2230 3141 2322 3209 Μὴ
2355 3141 2461 3210 γάρ
2483 3139 2549 3208 δὴ
2578 3137 2736 3190 τοῦτο
2767 3138 2908 3206 ίδητε
2945 3137 3011 3199 ³⁵,
3045 3137 3231 3206 φησὶν,
3271 3136 3354 3189 ὅτι
3398 3139 3632 3191 ἐνταῦθα

2065 3217 2351 3288 καθήμεθα
2411 3217 2528 3281 νῦν,
2557 3217 2650 3269 καὶ
2683 3218 2741 3268 ἐν
2777 3215 2955 3286 μικρῷ
2984 3217 3186 3282 γωνίας
3219 3217 3384 3286 ἐσμὲν
3437 3219 3627 3290 μέρει·

2063 3294 2205 3349 οὕτω
2261 3296 2368 3367 γὰρ
2423 3295 2713 3366 κατάδηλοι
2755 3296 2942 3348 ἔσεσθε
2990 3295 3175 3360 πᾶσιν,
3223 3295 3419 3350 ὡσανεὶ
3479 3300 3629 3364 πόλις

2065 3380 2204 3452 ὑπὲρ
2228 3377 2472 3450 κορυφῆς
2503 3377 2660 3448 ὅρους
2687 3378 2933 3448 κειμένη,
2956 3375 3154 3430 ὡσανεὶ
3180 3378 3369 3448 λύχνος
3397 3381 3455 3433 ἐν
3487 3383 3636 3454 οἰκίᾳ,

2065 3460 2206 3530 ὐπέρ
2228 3461 2272 3491 ⁸⁸
2315 3459 2412 3528 τῆς
2452 3457 2668 3527 λυχνίας
2701 3459 2924 3526 φαίνων.

2137 3537 2246 3592 Ποῦ
2298 3538 2394 3592 νῦν
2425 3539 2467 3570 ³⁷
2524 3539 2572 3590 οἱ
2618 3541 2684 3608 τῇ
2735 3539 2960 3608 δυνάμει
3015 3539 3108 3592 τοῦ
3166 3542 3402 3612 Χριστοῦ
3447 3545 3629 3597 διαπι-

2064 3619 2318 3682 στοῦντες
2346 3634 2360 3683 ;
2407 3618 2774 3670 Ἀκουέτωσαν
2811 3619 3004 3684 ταῦτα,
3035 3622 3129 3673 καὶ
3164 3621 3264 3692 τῆς
3297 3625 3632 3694 προφητείας

2058 3699 2158 3770 τὴν
2213 3697 2440 3768 δύναμιν
2501 3698 2884 3768 ἐκπλαγέντες,
2944 3703 3422 3770 προσκυνείτωσαν
3463 3706 3629 3761 αὐτοῦ

2061 3779 2159 3850 τὴν
2194 3777 2368 3848 ἰσχύν.
2408 3777 2690 3848 Ἐννόησον
2712 3779 2821 3848 γάρ
2846 3780 3010 3850 ἡλίκα
3050 3781 3317 3852 ὑπέσχετο
3348 3787 3460 3850 τοῖς
3508 3789 3632 3842 οὐδέ

2059 3861 2119 3912 ἐν
2143 3861 2211 3929 τῇ
2245 3857 2399 3929 χώρεε⁵
2420 3859 2718 3928 γνωρίμοις
2748 3855 2867 3911 οὖσι
2924 3863 2990 3930 τῇ
3032 3861 3214 3914 αὐτῶν
3235 3881 3248 3895 ·
3304 3866 3386 3918 ὅτι
3420 3870 3489 3938 γῆ
3535 3871 3629 3922 καὶ

2061 3943 2300 3996 θάλαττα
2349 3939 2542 4001 αὐτοὺς
2581 3940 2802 4003 εἵσεται,
2851 3940 2945 3991 καὶ
2990 3940 3126 4009 πρὸς
3177 3942 3245 3994 τὰ
3277 3945 3484 4015 πέρατα
3530 3948 3630 4016 τῆς

2058 4019 2384 4090 οἰκουμένης
2431 4017 2621 4087 ἥξουσι
2677 4019 2744 4086 τῇ
2787 4018 2975 4089 φήμῃ’
3033 4018 3231 4086 μᾶλλον
3277 4020 3333 4074 δὲ
3385 4023 3506 4076 οὐδέ
3561 4030 3626 4095 τῇ

2061 4102 2221 4172 φήμῃ
2264 4098 2330 4164 ³⁸,
2387 4097 2521 4149 ἀλλά
2568 4097 2660 4148 καὶ
2706 4099 2769 4166 τῇ
2830 4098 2927 4166 τῆς
2977 4095 3293 4166 εὐεργεσίας
3355 4101 3625 4174 ἐνεργείᾳ.

2061 4181 2197 4236 Οὐδὲ
2231 4178 2340 4251 γὰρ
2360 4180 2394 4250 ή
2426 4178 2584 4249 φήμη
2616 4176 2857 4246 φέρουσα
2889 4177 3164 4247 πανταχοῦ
3212 4179 3400 4249 δήλους
3432 4185 3630 4248 αὐτοὺς

2061 4261 2340 4330 ἐποίησεν,
2396 4257 2531 4311 ἀλλά
2557 4258 2651 4309 καὶ
2677 4257 2814 4323 αὐτὴ
2839 4255 2974 4327 ήδιὰ
3005 4256 3114 4309 τῶν
3141 4257 3316 4330 ἔργων
3349 4261 3625 4326 ἐπίδειξις.

2063 4341 2334 4410 Καθάπερ
2384 4339 2503 4409 γὰρ
2548 4338 2845 4406 ὑπόπτεροι
2893 4338 3193 4408 γενόμενοι,
3254 4341 3355 4410 τῆς
3412 4343 3630 4407 ἀκτῖνος

2064 4420 2418 4491 σφοδρότερον
2439 4419 2536 4489 τὴν
2563 4419 2664 4488 γῆν
2690 4415 2993 4486 ἐπέδραμον
3030 4417 3268 4484 ἃπασαν,
3317 4423 3629 4492 σπείροντες

2062 4502 2162 4570 τῆς
2195 4501 2475 4564 εὐσεϐείας
2506 4501 2565 4554 τὸ
2594 4499 2730 4568 φῶς.
2778 4495 3041 4550 Ἐνταῦθα
3083 4499 3140 4552 δέ
3180 4517 3270 4571 μοι
3305 4504 3501 4566 αὐτοὺς
3538 4505 3630 4556 καὶ

2061 4583 2199 4653 πρὸς
2227 4581 2538 4654 παρρησίαν
2571 4581 2809 4651 ἀλείφειν
2832 4581 3014 4635 δοκεῖ’
3063 4583 3125 4636 τὸ
3157 4585 3254 4653 μὲν
3283 4585 3391 4655 γὰρ
3425 4585 3626 4644 εἰπεῖν,

2064 4666 2148 4719 Οὐ
2197 4663 2448 4718 δύναται
2503 4663 2681 4725 πόλις
2715 4661 3004 4730 κρυϐῆναι
3050 4663 3250 4716 ἐπάνω
3280 4664 3457 4731 ὄρους
3495 4682 3629 4718 κει--

2056 4746 2231 4816 μένη,
2264 4743 2362 4814 τὴν
2397 4742 2560 4796 αὐτοῦ
2590 4740 2816 4811 δύναμίν
2844 4743 2990 4795 ἐστιν
3013 4742 3363 4812 ἐμφαίνοντος
3385 4761 3398 4774 ·
3431 4744 3624 4818 ὥσπερ

2060 4826 2168 4894 γὰρ
2200 4825 2413 4894 ἐκείνην
2445 4823 2713 4892 κρυϐῆναι
2753 4821 3048 4891 ἀμήχανον,
3090 4823 3232 4877 οὕτω
3276 4824 3336 4876 τὸ
3369 4828 3626 4898 κήρυγμα

2061 4905 2320 4958 ἀδύνατον
2354 4906 2397 4936 ³³
2445 4903 2736 4972 σιγηθῆναι
2767 4903 2859 4955 καὶ
2878 4901 3079 4958 λαθεῖν.
3121 4904 3335 4976 Ἐπειδὴ
3361 4909 3470 4978 γὰρ
3501 4904 3622 4962 εἷπε

2060 4985 2331 5053 διωγμοὺς
2362 4985 2455 5036 καὶ
2483 4983 2819 5053 κακηγορῖας
2860 4984 2956 5038 καὶ
2989 4983 3273 5049 ἐπιϐουλὰς
3320 4989 3414 5040 καὶ
3463 4989 3625 5041 πολέ-

2065 5081 2221 5136 μους,
2253 5065 2338 5115 ῖνα
2369 5063 2443 5133 μὴ
2469 5063 2765 5132 νομίσωσιν
2795 5063 2877 5115 ὅτι
2916 5061 3090 5116 ταῦτα
3112 5065 3307 5129 αὐτοὺς
3339 5068 3624 5137 ἐπιστομί-

2065 5162 2155 5198 σαι
2178 5143 2490 5213 δυνήσεται,
2519 5141 2804 5214 θαρρύνων
2830 5143 3024 5207 αὐτούς
3053 5161 3238 5216 φησιν,
3270 5149 3351 5202 ὄτι
3371 5150 3432 5202 οὐ
3465 5151 3624 5220 μόνον

2061 5226 2120 5278 οὐ
2144 5223 2388 5294 λήσεται,
2431 5223 2566 5275 ἀλλά
2615 5225 2708 5275 καὶ
2767 5224 3106 5295 καταλάμψει
3153 5227 3251 5297 τὴν
3300 5230 3622 5300 οἰκουμένην

2061 5306 2314 5360 ἅπασαν’
2350 5303 2444 5357 καὶ
2492 5303 2560 5355 δι’
2585 5302 2716 5356 αὐτὸ
2762 5305 2859 5372 μὲν
2900 5300 2992 5358 οῦν
3021 5305 3180 5359 τοῦτο
3216 5307 3431 5361 ἔσονται
3482 5308 3620 5376 λαμο

2060 5385 2191 5456 προὶ
2235 5385 2328 5438 καὶ
2359 5383 2636 5454 ἐπίσημοι.
2675 5383 2860 5454 Τούτῳ
2910 5385 3009 5453 μὲν
3041 5382 3133 5440 οὖν
3159 5387 3255 5456 τὴν
3289 5385 3482 5440 ἐαυτοῦ
3527 5385 3620 5437 δύο

2060 5482 2224 5536 ναμιν
2251 5465 2609 5518 ἐνδείκνυται·
2636 5463 2713 5533 τῷ
2735 5463 2790 5517 δὲ
2825 5464 2950 5535 ἑξῆς
2977 5466 3074 5536 τὴν
3102 5465 3412 5534 παρρησίαν
3457 5466 3620 5517 ἀπαι-

2058 5547 2145 5598 τεῖ
2194 5543 2293 5614 τὴν
2337 5545 2462 5614 παρ’
2511 5543 2712 5609 αὐτῶν,
2752 5543 2892 5596 οὕτω
2925 5544 3127 5611 λέγων’
3179 5542 3330 5596 Οὐδὲ
3380 5543 3621 5597 καίουσι

1981 5657 2028 5730 ξε
2057 5655 2173 5730 καί]
2202 5655 2322 5730 οὐδέ
2341 5653 2839 5730 -Ειίῄὼ-ᾖθέτέριον]
2870 5656 2987 5730 ⁸τῶν
3011 5655 3212 5730 ἐτέρων
3245 5654 3380 5730 βριί.
3403 5659 3466 5730 _"’
3488 5659 3621 5730 966?.

1197 5653 1217 5685 ι

491 5669 537 5725 ὲ·
569 5669 666 5723 την
704 5669 929 5721 καροιαν
957 5669 1092 5707 nua.
1171 5669 1427 5775 ’νὲιυριαι
1450 5669 1516 5706 τα
1548 5669 1716 5724 μύρια
1739 5669 1876 5710 non.

389 5721 449 5774 Β.
477 5721 534 5774 F.
566 5739 616 5796 ρ.
649 5737 701 5791 p.
736 5722 999 5796 ἐφθορότα
1025 5725 1090 5776 A.
1124 5723 1186 5779 C.
1242 5740 1308 5796 _p.
1388 5727 1431 5756 ³⁸
1455 5724 1545 5777 Sic
1569 5727 1631 5796 ᾼ.
1667 5724 1726 5776 Β.
1756 5727 1961 5796 vulgo:

2061 5669 2173 5728 καί]
2202 5669 2322 5710 ούδέ
2357 5669 2491 5710 Lua.
2558 5669 2839 5730 ὐἐτέρωη
2880 5674 2987 5709 των
3011 5669 3212 5726 ἐτέρων
3245 5669 3380 5710 una.
3423 5669 3464 5690 ²⁷
3488 5669 3620 5712 υῡδε

2061 5727 2187 5796 ισθε.
2264 5726 2474 5796 ²⁹ίύμᾶς
2494 5725 2629 5780 Mor.
2664 5727 2795 5779 Ben.
2867 5725 3375 5796 "ﬁtpdypatﬂSic
3400 5726 3459 5780 E.
3495 5727 3620 5782 Ρ.οι

387 5809 539 5865 σοι-ιε..
564 5794 629 5865 l)_._
641 5807 764 5845 cum
793 5792 1445 5865 Interppgzposzdypam
1478 5796 1548 5865 Α.
1575 5793 1634 5846 Β.
1659 5803 1815 5865 σιντ.
1845 5793 1907 5849 D.
1936 5792 1961 5865 τ

2061 5792 2267 5865 σταγμα
2296 5795 2358 5850 C.

381 5861 482 5935 ’διε
512 5859 686 5935 "LER.
720 5863 910 5935 calﬁeri
929 5859 1112 5935 ὖμῶνξ
1139 5933 1150 5935 _
1177 5865 1222 5898 “
1243 5859 1760 5935 καταπατηθήσεσθέ
1792 5863 1850 5916 Β.
1927 5864 1961 5935 _"

2061 5859 2345 5935 δῆτέξεάιι.
2375 5864 2581 5932 είδῆται
2609 5866 2670 5935 Ι).
2749 5867 2793 5896 ³⁸
2819 5865 2980 5934 ὑπὲρ]
3008 5864 3212 5935 ὲπίΕρ.

2470 5796 2513 5826 ³¹
2539 5797 2868 5858 ἀκούσαντες
2896 5795 3030 5848 Edd.
3106 5796 3150 5826 ³⁸
3181 5795 3403 5860 ἑαυτούς
3442 5797 3502 5850 ιε’.
3579 5799 3624 5827 ³³

3289 5868 3331 5898 ³⁷
3354 5866 3470 5934 νῦν]
3496 5867 3622 5922 add.

385 5933 523 5987 εἰσιν
553 5929 612 5984 Β.
639 5929 700 5986 F.
779 5932 824 5963 ³⁸
847 5929 1024 6004 φήμῃ]
1053 5933 1172 5989 add.
1202 5937 1362 6006 μόνον
1391 5934 1452 5990 F.
1488 5929 1538 6003 ν’.
1573 5929 1623 6004 ρ.
1663 5934 1750 5986 καί
1777 5948 1884 5988 om.
1909 5932 1954 5986 A

2061 5929 2123 5989 εξ
2182 5933 2228 5967 ³ο
2256 5929 2540 6002 σιγηθῆναι
2568 5934 2818 5987 ἀδύνατον
2840 5936 2904 5986 L2.
2930 5929 3188 5989 ἀδύνατον
3209 5953 3318 5992 om.
3344 5939 3406 5990 Α.
3443 5929 3504 5989 F.
