4076 6150
448 289 554 344 233

455 411 702 458 accurate
733 399 891 451 vitam
917 397 1404 467 instituatis.atque
1427 401 1710 464 illomodo,
1748 410 1808 454 ut
1831 399 1919 469 qui
1955 409 2033 452 to-

453 501 562 546 tum
595 490 778 545 orbem
805 498 1118 544 convertere
1145 487 1408 544 debeatis.
1440 488 1658 559 Dignam
1689 489 1848 559 igitur
1887 497 2030 541 tanta

425 581 623 652 gratia
649 581 900 636 exhibete
944 581 1128 645 vitam,
1159 587 1217 634 ut
1255 581 1392 634 sicut
1423 580 1510 634 illa
1539 579 1732 650 ubique
1782 579 2036 649 praedica-

1631 285 1695 343 lN
1732 284 2132 342 ΜᾹΤΤΙΙίΕυΜ
2172 286 2400 342 ΙΙΟΜιίυ.
2446 287 2556 342 κν.

3627 303 3731 358 234

2146 401 2326 456 minus
2371 412 2552 459 noster
2580 404 2978 474 blaSphemetur
3031 421 3249 481 propter
3284 416 3424 488 nos)
3448 457 3465 484 ,
3492 418 3610 474 sine
3649 421 3730 476 of—

2144 490 2389 548 fensione
2441 495 2608 548 simus
2645 505 2699 550 et
2725 495 2922 552 Judacis
2949 508 3004 552 et
3032 503 3279 570 gentibus
3305 547 3320 570 ,
3377 517 3432 562 et
3473 507 3729 566 Ecclesia:

2146 580 2263 646 Dei,
2298 585 2564 655 vitamque
2609 587 2722 642 sole
2763 590 3174 659 splendidiorem
3205 597 3572 671 exltibeamus,
3601 615 3656 659 et
3684 608 3727 660 si

402 710 413 769 ἧ
454 685 563 739 tur,
587 674 664 727 sic
683 681 738 727 et
767 673 882 727 haec
907 688 1028 728 cum
1059 673 1144 726 illa
1175 680 1476 726 concurrat.
1517 671 1719 727 Deinde
1744 671 1884 725 aliud
1917 679 2033 740 post

405 763 415 839 ᾖ
453 764 728 819 hominum
755 765 978 819 salutem
1009 764 1212 818 lucrum
1243 764 1411 834 ponit,
1439 763 1579 834 quod
1614 773 1796 833 posset
1825 764 1942 817 illos
1968 763 2033 816 ad

409 845 414 852 ’
451 857 706 925 majorem
744 854 1157 910 sollicitudinem
1185 856 1656 924 omnimodumque
1681 856 1912 910 studium
1940 871 2029 910 ex-

2146 676 2469 732 maledicere
2518 681 2636 748 quis
2665 682 2827 748 velit,
2859 699 2936 744 ne~
2966 684 3242 742 doleamus
3261 729 3275 752 ,
3306 689 3350 744 si
3384 694 3520 748 male
3547 696 3728 751 audia-

2143 783 2280 833 mus,
2309 769 2402 823 sed
2425 770 2470 824 si
2498 775 2688 826 merito
2719 775 2857 830 male
2884 777 3179 833 audiamus.
3206 780 3262 835 Si
3287 783 3430 838 enim
3460 785 3511 839 in
3537 791 3727 859 nequi-

2143 861 2212 914 tia
2245 862 2484 917 vivamus
2509 906 2524 929 ,
2556 867 2653 920 etsi
2688 883 2843 922 nemo
2896 870 2964 924 sit
3007 873 3094 941 qui
3142 873 3421 930 maledicat
3446 917 3460 942 ,
3490 882 3726 936 omnium

448 948 637 1003 citare.
665 947 798 1003 Nam
825 947 870 1001 si
911 957 1056 1002 recte
1078 947 1286 1011 vivatis,
1318 946 1511 1018 inquit,
1535 963 1641 1002 non
1674 947 1835 1002 modo
1863 957 2031 1003 totum

447 1039 633 1094 orbem
680 1039 1057 1104 emendabitis,
1087 1039 1180 1094 sed
1225 1039 1386 1094 etiam
1429 1039 1484 1094 id
1509 1037 1752 1095 efficietis
1792 1047 1850 1093 ut
1894 1040 2032 1094 Dens

446 1130 771 1200 glorificelur
795 1148 808 1182 :
841 1131 884 1185 si
914 1146 1045 1185 vero
1074 1139 1259 1185 contra
1288 1129 1543 1194 feceritis,
1563 1140 1618 1185 et
1647 1130 1890 1186 homines
1914 1146 2032 1200 per-

445 1219 603 1283 detis,
634 1220 791 1290 idque
816 1220 1061 1276 efficietis
1092 1231 1146 1274 ut
1172 1222 1310 1276 Deus
1339 1221 1758 1290 blasphemetur.

517 1311 573 1365 8.
613 1309 778 1365 Virtus
821 1312 973 1366 latere
1010 1313 1212 1383 nequit;
1254 1312 1395 1366 illam
1433 1313 1647 1382 improbi
1689 1314 1788 1383 ipsi
1815 1314 1865 1366 in
1906 1330 2032 1368 cono

445 1403 651 1456 scientia
679 1420 772 1457 sua
798 1405 1026 1457 laudant.
1059 1404 1224 1458 Filius
1267 1405 1477 1473 azqttalis
1508 1404 1674 1458 Patri.
1703 1436 1772 1445 —
1799 1406 1862 1460 Et
1892 1422 2026 1476 quo-

443 1495 624 1560 modo,
677 1495 902 1564 inquies,
960 1511 1054 1564 per
1085 1513 1180 1550 nos
1227 1497 1609 1566 glorificabitur
1665 1497 1925 1560 Christus,
1981 1500 2026 1553 si

444 1586 599 1640 nobis
626 1586 868 1640 homines
893 1587 1222 1641 maledicturi
1255 1587 1402 1640 sint?
1431 1587 1502 1640 At
1533 1602 1638 1641 non
1666 1602 1852 1642 omnes
1876 1605 1891 1649 ;
1921 1589 2028 1644 imo

448 1678 538 1742 qui
560 1677 610 1731 id
638 1677 849 1743 facient,
881 1678 931 1731 id
963 1694 1029 1732 ex
1050 1662 1252 1731 invidia
1284 1678 1514 1732 facient:
1540 1677 1700 1732 invidi
1734 1688 1915 1733 autem
1941 1679 2019 1733 illi

443 1769 496 1823 in
523 1771 854 1825 conscientia
896 1785 992 1825 sua
1020 1785 1113 1824 vos
1143 1771 1475 1825 mirabuntur
1502 1780 1660 1840 atque
1686 1771 1977 1840 suspicient
2006 1791 2018 1826 :

440 1862 886 1932 quemadmodum
926 1872 978 1916 ct
1009 1863 1040 1916 ii
1079 1863 1168 1932 qui
1199 1863 1373 1932 palam
1424 1863 1680 1933 improbis
1715 1863 2020 1931 adulantur,

443 1963 620 2010 tuente
653 1954 870 2009 eosdem
900 1955 1269 2009 criminantur.
1316 1953 1452 2022 Quid
1490 1971 1618 2025 ergo
1647 1957 1924 2026 praecipis?
1954 1974 2022 2010 an

442 2058 498 2102 ut
523 2047 590 2102 ad
615 2048 1023 2104 ostentationem
1052 2057 1106 2103 et
1144 2048 1364 2102 honoris
1402 2048 1686 2117 aucupium
1731 2050 2015 2102 vivamus?

439 2139 624 2203 Absit,
668 2155 775 2194 non
817 2138 870 2193 id
896 2138 1034 2194 dico.
1065 2137 1247 2208 Neque
1275 2139 1418 2194 enim
1446 2138 1577 2204 dixi,
1610 2138 1669 2193 ld
1699 2139 1930 2202 studetc,
1965 2149 2020 2192 ut

439 2233 577 2286 bona
607 2246 767 2301 opera
796 2242 968 2286 vestra
993 2232 1043 2284 in
1077 2231 1307 2285 medium
1337 2231 1619 2301 proferatis
1654 2250 1666 2286 :
1691 2247 1862 2302 neque
1887 2232 2019 2298 dixi,

442 2324 700 2379 Exhibete
716 2323 801 2377 illa
829 2339 844 2387 ;
867 2323 981 2386 sed,
1000 2321 1184 2376 Luceat
1212 2323 1301 2378 lux
1316 2332 1514 2387 vestra;
1542 2323 1705 2376 multa
1734 2324 1804 2377 sit
1828 2325 2016 2391 virtus,

438 2415 687 2485 cupiosus
709 2415 863 2485 ignis,
896 2415 992 2468 lux
1013 2412 1312 2468 ineffabilis.
1343 2411 1474 2469 Cum
1505 2414 1647 2468 enim
1676 2422 1822 2469 tanta
1844 2415 2014 2470 virtus

443 2506 530 2569 sit,
565 2504 679 2560 fieri
703 2521 807 2559 non
827 2514 1003 2575 potest
1029 2513 1085 2558 ut
1105 2504 1286 2570 lateat,
1315 2503 1526 2558 etiamsi
1548 2504 1592 2557 is
1612 2505 1702 2574 qui
1725 2503 1870 2560 illam
1896 2521 2020 2576 pos-

435 2596 574 2652 sidet
597 2637 612 2661 ,
644 2595 949 2650 omnimodo
976 2611 1092 2650 eam
1124 2594 1406 2649 obscuram
1435 2609 1556 2650 esse
1583 2595 1732 2652 velit.
1781 2595 2018 2666 lrrepre-

436 2686 750 2741 hensibilem
779 2687 937 2755 igitur
957 2686 1060 2740 illis
1085 2685 1333 2742 exhibete
1360 2686 1544 2752 vitam,
1583 2686 1887 2758 nullamque
1929 2704 2021 2742 ve-

435 2793 550 2832 ram
579 2777 807 2833 habeant
839 2777 1119 2832 accusandi
1145 2777 1480 2833 occasionem
1503 2795 1518 2843 ;
1541 2780 1748 2834 etiamsi
1777 2782 2018 2838 sexcenti

435 2879 773 2924 accusatores
793 2869 989 2932 adsint,
1018 2884 1176 2923 nemo
1205 2883 1300 2923 vos
1338 2868 1627 2925 obscurare
1653 2872 1864 2940 poterit.
1894 2872 2018 2927 Pul-

430 2960 559 3014 chre
581 2960 735 3024 dixit,
783 2957 917 3013 Lux.
949 2959 1090 3014 Nihil
1134 2961 1275 3014 enim
1333 2960 1604 3016 hominem
1629 2962 1706 3016 sic
1751 2963 2015 3020 illustrem

445 3051 628 3117 efficit,
656 3052 863 3106 etiamsi
895 3066 1110 3120 prorsus
1138 3052 1302 3107 latere
1325 3052 1471 3116 velit,
1511 3063 1570 3107 ut
1593 3054 1804 3109 virtutis
1830 3056 2014 3125 splen-

429 3143 549 3198 dor.
595 3142 744 3199 Sicut
768 3143 909 3198 enim
952 3144 1068 3213 ipso
1105 3144 1266 3199 solari
1316 3145 1465 3200 radio
1518 3146 1896 3214 circumdatus,
1943 3151 2014 3206 ita

432 3235 590 3289 etiam
616 3234 812 3288 clarius
844 3235 1086 3304 refulget,
1139 3251 1245 3288 non
1278 3236 1333 3290 in
1365 3245 1561 3292 terram
1604 3246 1806 3293 tantum
1837 3239 2014 3296 radios

433 3327 704 3392 cmittens,
733 3326 825 3382 sed
851 3325 1024 3396 ipsum
1054 3327 1242 3381 caelum
1289 3326 1696 3383 transcendens.
1727 3329 1860 3385 Hinc
1888 3331 2009 3388 illos

428 3417 713 3473 admodum
741 3418 1066 3472 consolatur.
1099 3417 1231 3472 Nam
1277 3418 1322 3471 si
1351 3418 1417 3474 de
1443 3419 1738 3476 maledictis
1757 3461 1773 3489 ,
1802 3422 2010 3492 inquit,

429 3509 647 3570 doletis,
683 3509 835 3563 multi
867 3509 1027 3564 etiam
1057 3519 1212 3564 erunt
1235 3510 1321 3579 qui
1348 3519 1564 3580 propter
1593 3527 1686 3566 vos
1716 3512 1880 3568 Deum
1908 3515 2025 3571 ad-i

427 3602 710 3655 mirentur.
761 3599 1020 3669 Utrinque
1065 3616 1191 3655 vero
1219 3601 1484 3671 colligitur
1531 3618 1772 3670 merces,
1803 3615 1857 3660 et
1884 3622 2006 3661 cum

425 3702 645 3760 propter
665 3704 760 3744 vos
791 3690 930 3744 Deus
959 3691 1287 3761 glorificatur
1311 3733 1326 3758 ,
1359 3699 1415 3746 et
1438 3707 1558 3747 cum
1591 3703 1810 3764 propter
1838 3696 2007 3752 Deum

429 3798 528 3836 vos
580 3781 878 3837 maledictis
916 3783 1262 3837 incessiinini.
1325 3785 1532 3838 Etenim
1561 3801 1630 3840 ne
1659 3787 1798 3842 male
1821 3790 2008 3846 audire

424 3875 731 3931 Studeamus
759 3915 776 3942 ,
817 3877 956 3944 quod
985 3875 1333 3932 didicerimus
1360 3876 1484 3933 hinc
1524 3879 1799 3948 praemium
1825 3897 2010 3950 reporc

425 3967 524 4021 tari
555 4007 570 4032 ,
599 3982 704 4021 non
737 3965 866 4020 illud
895 3966 1207 4035 simpliciter
1255 3968 1449 4037 posuit,
1501 3967 1595 4023 sed
1639 3985 1760 4024 cum
1803 3970 2008 4026 duabus

424 4057 852 4113 distinctionibus
876 4073 891 4123 ;
947 4073 1141 4126 nempe
1179 4074 1299 4113 cum
1328 4057 1458 4114 falsa
1487 4059 1736 4116 dicuntur
1759 4102 1774 4127 ,
1803 4071 1858 4118 et
1883 4078 2004 4118 cum

425 4159 640 4220 propter
694 4150 860 4204 Deum
905 4149 1274 4204 maledicimnr
1315 4149 1697 4221 :ostenditquc
1748 4168 1850 4206 non
1878 4153 2003 4208 illud

425 4253 648 4308 tantum,
689 4244 784 4299 sed
828 4244 987 4300 etiam
1034 4245 1170 4300 bene
1210 4245 1395 4299 audire
1440 4245 1664 4299 multum
1695 4245 1887 4302 afferre
1927 4248 2008 4302 lu-

421 4352 593 4402 crum,
624 4335 792 4405 gloria
816 4336 867 4389 in
899 4335 1066 4390 Deum
1094 4345 1449 4391 transeunte:
1482 4336 1726 4405 bonath
1764 4337 1882 4392 illus
1911 4355 2005 4408 spe

423 4431 589 4484 fulcit.
616 4429 732 4484 Non
759 4429 901 4484 enim
929 4439 1128 4483 tantam
1159 4429 1264 4483 vim
1291 4428 1492 4482 habent
1516 4468 1530 4492 ,
1563 4429 1753 4498 inquit,
1781 4430 1999 4500 iniquo-

423 4538 536 4576 rum
564 4520 868 4585 malcdicta,
901 4531 960 4574 ut
986 4519 1120 4574 alios
1151 4520 1218 4573 ita
1264 4519 1616 4574 obtenebrare
1650 4521 1892 4588 possint,
1945 4531 2003 4577 ut

421 4612 593 4665 lucem
625 4621 857 4666 vestram
885 4627 989 4664 non
1021 4609 1251 4664 videant.
1276 4608 1408 4664 Cum
1437 4611 1579 4664 enim
1611 4611 1851 4665 infatuati
1885 4613 2000 4667 fuc-

421 4703 538 4757 ritis
568 4745 584 4770 ,
614 4712 739 4756 tunc
782 4711 986 4755 tantum
1023 4717 1117 4756 vos
1145 4703 1528 4756 conculcabunt
1553 4719 1566 4767 ;
1597 4719 1700 4757 non
1729 4719 1854 4758 vero
1880 4720 1999 4758 cum

419 4805 564 4849 recta
599 4793 854 4846 facientes
882 4792 1224 4846 accusatnini.
1267 4791 1418 4846 Tunc
1464 4793 1606 4846 enim
1639 4795 1788 4848 inulti
1816 4806 1993 4859 erunt,

417 4886 508 4956 qui
543 4882 874 4938 mirabuntur
905 4899 1006 4936 non
1058 4899 1149 4938 vos
1196 4894 1396 4938 tantum
1419 4925 1434 4946 ,
1466 4885 1561 4940 sed
1585 4896 1799 4955 propter
1828 4901 1921 4940 vos
1947 4896 2001 4941 et

420 4979 632 5032 Patrem
659 4983 915 5030 vestrum.
945 4975 1054 5030 Nec
1082 4976 1234 5043 dixit,
1267 4977 1456 5042 Deum,
1479 4977 1591 5041 sed,
1625 4978 1858 5043 Patrem,
1885 4979 1996 5048 jam

416 5071 621 5124 semina
661 5067 869 5137 jaciens
915 5067 1203 5122 nobilitatis
1248 5067 1390 5122 illius
1443 5069 1576 5136 ipsis
1635 5068 1995 5124 conferendae.

421 5162 618 5218 Deinde
647 5159 866 5214 honoris
890 5159 1243 5228 aequalitatem
1269 5160 1568 5227 declarans,
1598 5176 1718 5215 cum
1749 5164 1998 5231 superius

417 5257 638 5310 dixisset
671 5272 684 5308 :
713 5252 792 5309 Ne
815 5253 1201 5308 contristemini
1231 5268 1352 5307 cum
1377 5253 1516 5308 male
1543 5253 1854 5320 audieritis;
1884 5258 1993 5310 suf-

420 5346 528 5400 ﬁcit
548 5347 689 5401 enim
712 5344 863 5399 vobis
901 5342 1044 5414 quod
1072 5351 1290 5412 propter
1318 5359 1404 5397 me
1457 5343 1553 5398 ista
1592 5345 1819 5400 audiatis
1851 5363 1866 5400 :
1894 5345 1998 5402 hoc

420 5441 537 5495 loco
583 5441 793 5495 Patrem
841 5439 1025 5509 ponit,
1059 5435 1414 5506 aequalitatem
1460 5437 1654 5508 ubique
1695 5439 1991 5496 declarans.

418 5534 551 5588 Cum
597 5533 755 5602 igitur
785 5532 1017 5586 sciamus
1046 5537 1300 5600 quantum
1330 5528 1462 5583 lucri
1505 5545 1571 5584 ex
1598 5530 1696 5585 hac
1725 5531 1994 5602 diligentia

418 5634 770 5693 reportamus,
797 5632 851 5679 et
877 5632 1132 5694 quantum
1159 5636 1226 5676 ex
1250 5619 1492 5675 socordia
1519 5621 1810 5689 periculum
1842 5639 1993 5678 cree-

420 5727 503 5772 tur
533 5717 733 5785 (nostra
757 5717 950 5787 quippe
979 5714 1211 5786 pernicie
1235 5713 1400 5769 multo
1427 5713 1575 5785 pejus
1599 5723 1697 5782 cst,
1728 5715 1867 5784 quod
1891 5716 1992 5771 Do-

2139 951 2422 1008 miserriini
2451 970 2670 1023 sumus;
2700 958 2743 1012 si
2763 968 2938 1014 autem
2962 962 3212 1018 virtutem
3233 964 3491 1036 colamus,
3517 971 3728 1028 etiamsi

2141 1050 2282 1098 totus
2310 1043 2456 1101 orbis
2495 1047 2648 1103 nobis
2674 1050 2955 1106 maledicat
2979 1093 2995 1119 ,
3027 1054 3228 1110 erimus
3256 1059 3495 1114 omnium
3524 1061 3727 1118 beatis-

2140 1136 2260 1189 simi
2292 1178 2308 1204 ,
2341 1148 2396 1194 et
2423 1154 2519 1196 eos
2547 1157 2735 1198 omnes
2764 1146 2852 1215 qui
2905 1147 3133 1203 salutem
3162 1155 3417 1223 consequi
3447 1155 3636 1222 velint,
3659 1160 3725 1214 ad

2136 1242 2233 1281 nos
2265 1231 2634 1298 pertrahemus
2666 1251 2679 1288 :
2709 1251 2816 1289 non
2854 1240 2996 1292 enim
3029 1241 3326 1298 maledictis
3355 1247 3718 1316 improborum

2133 1320 2366 1376 animum
2410 1324 2771 1394 adhibebunt,
2827 1331 2920 1384 sed
2973 1332 3094 1387 vitae
3154 1351 3272 1390 cum
3317 1340 3510 1396 virtute
3557 1353 3715 1399 actae.

2137 1413 2346 1469 Etenim
2370 1417 2490 1470 tuba
2521 1419 2744 1474 clariora
2801 1433 2924 1476 sunt
2954 1440 3115 1494 opera
3147 1428 3309 1496 bona,
3344 1430 3456 1500 ipsa
3499 1433 3615 1490 luce
3637 1437 3719 1492 lu-

2134 1503 2304 1557 cidior
2349 1505 2454 1560 vita
2487 1524 2650 1577 pura,
2681 1512 2889 1566 etiamsi
2938 1515 3201 1572 innumeri
3246 1521 3352 1574 sint
3395 1524 3429 1576 ii
3457 1529 3544 1594 qui
3575 1529 3709 1583 oblo

2131 1604 2379 1661 quantur.
2413 1599 2468 1652 Si
2493 1601 2636 1654 enim
2667 1604 2845 1657 omnia
2866 1607 3166 1672 supradicta
3201 1609 3511 1682 habeamus,
3543 1620 3584 1672 si
3615 1623 3721 1674 nii-

2132 1693 2230 1750 tes,
2257 1685 2486 1743 humiles
2514 1705 2577 1745 ac
2618 1692 2994 1751 misericordes
3039 1697 3208 1754 simus
3229 1739 3244 1764 ,
3297 1702 3340 1755 si
3373 1702 3501 1758 item
3526 1708 3641 1775 puri
3667 1719 3720 1763 et

2131 1778 2356 1846 pacifici,
2403 1795 2467 1834 ac
2497 1783 2636 1838 male
2681 1784 2963 1842 audientes
2991 1803 3096 1842 non
3126 1790 3420 1847 referamus
3447 1795 3716 1865 injuriam.

2131 1869 2237 1924 imo
2263 1872 2424 1926 etiam
2445 1875 2793 1943 gaudeamus,
2816 1893 2920 1934 non
2950 1881 3126 1936 minus
3154 1900 3310 1954 quam
3342 1903 3438 1955 per
3465 1889 3723 1949 miracula.

2128 1972 2459 2030 spectatores
2500 1967 2565 2022 ad
2593 1985 2690 2024 nos
2722 1972 3115 2041 pertrahemus,
3168 1977 3500 2050 libenterque
3529 1997 3717 2041 omnes

2127 2052 2195 2106 ad
2225 2070 2320 2108 nos
2369 2059 2665 2126 accedent,
2694 2063 2808 2118 sive
2837 2062 2946 2118 fera
2977 2066 3096 2134 quis
3125 2065 3303 2134 fuerit,
3337 2071 3449 2125 sive
3476 2071 3708 2141 daemon,

2127 2154 2218 2199 aut
2267 2147 2476 2216 quidvis
2505 2151 2667 2206 aliud.
2714 2153 2769 2208 Si
2812 2156 3028 2224 quidam
3072 2159 3426 2225 maledicam,
3478 2179 3546 2218 ne
3596 2164 3714 2221 ideo

2127 2235 2375 2301 turberis,
2401 2255 2572 2309 neque
2592 2257 2750 2298 cures
2769 2245 2813 2298 si
2841 2255 2890 2299 te
2913 2247 3081 2314 palam
3100 2251 3422 2306 contumelia
3445 2252 3709 2317 afficiant;

2125 2325 2219 2379 sed
2278 2340 2463 2382 eorum
2515 2333 2894 2388 conscientiam
2948 2337 3189 2406 explora,
3245 2351 3299 2395 et
3344 2341 3546 2399 videbis
3591 2345 3713 2402 illos

2125 2415 2456 2484 plaudentes,
2493 2421 2747 2478 mirantes
2769 2465 2784 2490 ,
2816 2434 2871 2480 et
2894 2426 3040 2482 mille
3077 2427 3219 2484 intus
3247 2430 3491 2489 laudibus
3512 2450 3710 2494 ornan-

2126 2516 2224 2561 tcs.
2278 2507 2409 2564 Vide
2455 2511 2612 2580 igitur
2655 2530 2760 2582 quo
2797 2525 2954 2585 pacto
2982 2517 3474 2579 Nabuchodonosor
3516 2542 3711 2594 pueros

2126 2598 2178 2652 in
2233 2599 2448 2657 fornace
2492 2605 2688 2670 laudet,
2738 2608 2946 2662 etiamsi
2979 2609 3147 2666 hostis
3178 2612 3526 2686 inimicusque
3567 2633 3709 2676 esset

2122 2689 2284 2760 (Dan.
2315 2693 2382 2765 5)
2414 2711 2428 2747 :
2460 2695 2552 2750 sed
2598 2697 2720 2766 quia
2751 2699 2881 2754 vidit
2927 2699 3137 2757 fortiter
3164 2713 3385 2773 stantes,
3421 2708 3538 2764 illos
3567 2725 3708 2780 pric-

2121 2779 2261 2836 dicat
2287 2794 2340 2836 et
2367 2795 2607 2852 coronat,
2643 2803 2747 2844 non
2775 2790 2877 2843 alia
2903 2790 2971 2847 de
2997 2807 3175 2856 causa,
3197 2795 3297 2850 nisi
3325 2799 3445 2866 quia
3476 2779 3581 2869 ipsi
3602 2818 3708 2859 non

2120 2869 2579 2944 obtemperantes,
2610 2878 2779 2948 legem
2807 2880 2899 2935 Dei
2925 2882 3225 2939 audierant.
3263 2885 3510 2944 Diabolus
3538 2892 3702 2959 enim,

2120 2976 2241 3016 cum
2275 2965 2419 3021 videt
2444 2983 2502 3022 sc
2524 2969 2654 3023 nihil
2674 2970 2958 3040 proficere,
2981 2972 3197 3030 demum
3221 2977 3483 3046 abscedit,
3515 2980 3706 3038 timens

2120 3071 2189 3110 ne
2219 3058 2397 3127 plures
2443 3061 2597 3118 nobis
2637 3077 2868 3119 coronas
2912 3068 3180 3122 conciliet.
3225 3069 3356 3125 Cum
3405 3085 3584 3130 autem
3619 3077 3705 3132 ille

2119 3145 2451 3218 discesserit,
2479 3157 2818 3222 quantumvis
2862 3154 3194 3214 facinorosus
3221 3170 3276 3215 et
3303 3164 3562 3219 scelestus
3587 3168 3706 3235 quis

2119 3237 2298 3304 fuerit,
2345 3242 2554 3298 sublata
2579 3244 2667 3299 illa
2697 3246 2922 3316 caligine
2965 3250 3214 3304 virtutem
3245 3265 3517 3321 agnoscet.
3548 3256 3702 3325 Quod

2119 3333 2162 3386 si
2193 3331 2434 3388 homines
2452 3351 2484 3390 a
2509 3346 2659 3392 recto
2690 3339 2970 3393 ratiocinio
2999 3340 3308 3410 dcflectant,
3334 3361 3364 3398 ει
3398 3346 3506 3401 Deo
3528 3351 3700 3419 majo-

2119 3439 2231 3478 rem
2258 3424 2664 3482 admirationem
2697 3429 3015 3500 laudemque
3042 3431 3262 3489 referes.

2193 3515 2255 3572 9.
2285 3515 2362 3573 Ne
2391 3517 2573 3574 doleas
2601 3520 2796 3591 itaque,
2834 3538 3006 3592 neque
3048 3525 3228 3580 animo
3255 3529 3506 3584 concidas
3534 3549 3546 3584 :
3579 3547 3702 3588 nam

2117 3617 2170 3663 ct
2190 3610 2417 3684 apostoli
2438 3611 2554 3664 aliis
2575 3611 2790 3681 quidem
2810 3623 2963 3668 erant
2989 3614 3124 3670 odor
3148 3618 3357 3683 mortis,
3381 3621 3501 3675 aliis
3521 3633 3699 3678 autem

2115 3700 2247 3754 odor
2272 3702 2394 3757 vita:
2425 3702 2500 3773 (2.
2529 3701 2647 3757 Cor.
2690 3704 2743 3756 2.
2781 3705 2846 3760 16
2873 3708 2909 3774 ).
2943 3705 3074 3760 Nam
3103 3708 3146 3761 si
3181 3717 3234 3763 tu
3266 3711 3464 3765 nullam
3507 3727 3698 3768 ansam

2115 3790 2348 3858 dederis,
2371 3793 2439 3848 ab
2458 3794 2603 3847 omni
2632 3794 2856 3850 crimine
2896 3796 3176 3862 liberaris;
3210 3800 3319 3853 imo
3347 3801 3552 3857 beatior
3573 3804 3702 3858 effe-

2114 3891 2230 3934 ctus
2260 3896 2339 3935 es.
2369 3881 2673 3952 Resplendc
2700 3885 2857 3955 igitur
2881 3885 2932 3939 in
2963 3887 3090 3952 vita,
3113 3896 3167 3942 et
3201 3889 3492 3946 maledicos
3513 3908 3580 3947 ne
3606 3908 3700 3948 cu-

2115 3987 2220 4027 res.
2255 3972 2369 4027 Non
2401 3984 2578 4043 potest
2606 3977 2746 4031 enim
2769 4021 2783 4043 ,
2812 3993 2916 4032 non
2946 3989 3117 4050 potest
3155 3996 3285 4038 sane
3307 3984 3394 4053 qui
3441 3975 3691 4041 virtutein

2115 4067 2242 4120 colit
2270 4082 2377 4120 non
2423 4068 2619 4123 multos
2651 4069 2848 4126 habere
2897 4072 3158 4127 inimicos.
3191 4073 3295 4129 Sed
3347 4075 3476 4130 nihil
3507 4077 3696 4134 borum

2114 4159 2281 4227 probo
2313 4175 2508 4215 nocere
2553 4171 2729 4230 potest
2756 4179 2770 4217 :
2822 4179 2916 4233 per
2947 4163 3060 4219 lucc
3100 4167 3242 4221 enim
3272 4167 3428 4239 longe
3455 4171 3695 4241 splendi-

2110 4248 2231 4304 dior
2259 4250 2379 4304 erit.
2413 4250 2537 4306 Harc
2565 4252 2741 4322 itaque
2769 4255 3084 4323 cogitantes,
3117 4271 3280 4310 unum
3334 4266 3535 4312 tantunt
3567 4241 3696 4316 sco--

2109 4355 2235 4410 pum
2267 4340 2591 4411 habeamus,
2637 4359 2757 4398 cum
2785 4344 3056 4416 diligentia
3104 4355 3341 4402 nostram
3382 4348 3696 4417 dispensare

2111 4433 2271 4487 vitam
2301 4451 2314 4486 ε
2346 4433 2422 4489 sic
2438 4435 2580 4489 enim
2606 4451 2701 4491 cos
2725 4436 2813 4506 qui
2842 4437 2892 4490 in
2921 4437 3155 4492 tenebris
3182 4439 3390 4504 sedent,
3414 4440 3480 4495 ad
3502 4456 3696 4511 super-

2110 4540 2233 4578 nam
2257 4526 2417 4579 vitam
2449 4527 2602 4596 quasi
2625 4543 2786 4582 manu
2805 4527 3078 4583 ducemus.
3110 4529 3275 4584 Tanta
3304 4531 3505 4586 scilicet
3538 4531 3695 4602 hujus

2109 4615 2243 4670 lucis
2275 4618 2354 4671 vis
2405 4626 2516 4680 est,
2562 4627 2618 4671 ut
2660 4633 2766 4672 non
2818 4617 2906 4674 hic
2955 4628 3154 4673 tantum
3209 4618 3442 4690 fulgeat,
3498 4622 3590 4676 sed
3642 4633 3695 4676 et

2107 4720 2392 4776 sequentes
2442 4724 2502 4764 se
2546 4709 2638 4763 illo
2673 4709 2918 4763 deducat.
2963 4709 3096 4764 Cum
3145 4712 3286 4765 enim
3330 4727 3429 4766 nos
3462 4713 3695 4770 viderint

2108 4801 2386 4867 praesentia
2433 4800 2610 4854 omnia
2666 4799 3020 4869 despicientes
3073 4809 3127 4856 et
3169 4802 3234 4856 ad
3271 4801 3444 4859 futura
3484 4821 3693 4877 prmpa-

2107 4897 2250 4944 ratos
2274 4932 2288 4956 ,
2336 4890 2588 4960 operibus
2625 4892 2791 4960 magis
2826 4907 2984 4961 quam
3013 4891 3192 4947 verbis
3224 4894 3690 4966 obtemperabunt.

2105 4980 2236 5046 Quis
2260 4982 2401 5034 enim
2432 4991 2515 5034 est
2541 4981 2610 5035 ita
2637 4981 2832 5035 stultus
2856 5024 2870 5047 ,
2914 4983 3002 5052 qui
3045 4983 3228 5040 videns
3273 4986 3542 5044 hominem
3577 4989 3690 5045 heri

2106 5081 2158 5125 et
2183 5071 2377 5125 nudius
2404 5072 2590 5126 tertius
2628 5072 2966 5128 deliciantem
2993 5085 3044 5130 et
3066 5076 3307 5142 divitem,
3333 5078 3445 5147 jam
3475 5092 3691 5134 exutum

2106 5163 2354 5218 omnibus
2405 5171 2460 5217 et
2504 5178 2605 5218 cett
2646 5163 2916 5220 volucrem
2947 5166 3196 5223 effectum
3217 5211 3232 5236 ,
3261 5169 3329 5223 ad
3375 5170 3564 5224 famem
3587 5211 3602 5235 ,
3637 5180 3692 5225 et

2107 5263 2491 5326 paupertatem,
2526 5255 2593 5310 ad
2622 5257 3035 5313 macerationeui
3065 5275 3301 5327 omnem,
3335 5261 3401 5313 ad
3429 5259 3687 5328 pericula,

2104 5347 2170 5401 ad
2191 5347 2500 5416 sanguinem
2534 5345 2879 5414 fundendum,
2913 5349 2982 5403 ad
3015 5365 3201 5404 necem
3233 5359 3393 5418 atque
3415 5349 3481 5402 ad
3508 5352 3687 5403 omnia

2103 5453 2224 5508 quae
2276 5437 2404 5491 dura
2458 5448 2774 5508 reputantur
2826 5449 3091 5510 paratutn,
3146 5455 3252 5494 non
3305 5438 3429 5493 hinc
3482 5439 3683 5494 clarum

2103 5529 2327 5598 accipiat
2376 5530 2667 5584 futurorum
2694 5536 3101 5601 argumentum?
3142 5531 3198 5583 Si
3235 5544 3363 5582 vero
3407 5534 3686 5598 praesenti-

2103 5624 2204 5679 bus
2231 5637 2328 5676 nos
2368 5622 2724 5692 implicemus,
2753 5621 2994 5691 atquein
3035 5620 3139 5674 illis
3167 5635 3266 5674 nos
3289 5620 3684 5690 immergamus,

2106 5715 2374 5784 quomodo
2405 5714 2625 5772 credere
2679 5722 2968 5784 poterunt,
3024 5726 3122 5768 nos
3146 5711 3212 5768 ad
3242 5712 3402 5769 aliam
3434 5713 3687 5774 festinare
