4076 6150
344 285 450 350 9.55

358 439 626 509 patriam?
672 438 802 506 Qua:
855 451 984 492 vero
1030 436 1184 491 nobis
1233 435 1446 490 demum
1493 432 1594 487 erit
1641 428 1928 489 excusatio,

350 545 471 586 cum
500 546 604 585 non
638 539 838 584 tantum
876 529 1053 582 valeat
1081 527 1220 597 apud
1261 541 1360 581 nos
1401 525 1493 579 Dei
1539 527 1728 586 timor,
1757 536 1930 591 quan-

354 633 465 674 tum
524 620 690 673 valuit
745 619 884 690 apud
946 619 1255 675 Grzrcorum
1304 615 1648 686 philosophos
1700 615 1930 666 humana

349 712 562 782 gloria?
587 711 718 766 Nam
747 712 957 766 illorum
986 710 1197 781 quidam
1240 708 1492 777 pecunias
1513 705 1818 775 abiecerunt
1842 745 1854 766 ,
1878 712 1933 759 et

354 817 583 860 mortem
625 811 1081 874 contempserunt,
1127 811 1182 856 ut
1220 816 1338 856 sese
1378 800 1680 854 hominibus
1707 806 1932 853 «steuta-

352 908 472 954 rent
511 917 524 953 ε
556 898 780 968 ideoque
806 914 937 952 vana
982 898 1074 950 fuit
1103 895 1315 949 illorum
1350 910 1491 963 spes.
1525 895 1777 962 Qumnam
1804 906 1931 961 ergo

353 1006 450 1046 nos
476 991 716 1046 defensio
753 991 1017 1055 liberabit,
1048 1005 1165 1044 cum
1197 997 1319 1058 post
1359 997 1502 1042 tanta
1543 988 1694 1042 nobis
1739 1000 1932 1055 propo-
1981 1040 1989 1044 _

350 1084 449 1136 sita
480 1089 619 1137 bona
640 1124 656 1149 ,
689 1092 742 1137 et
769 1093 885 1152 post
915 1091 1110 1135 tantam
1150 1081 1306 1135 nobis
1333 1090 1572 1150 apertam
1601 1079 1665 1133 ad
1697 1079 1932 1148 philoso—

351 1176 620 1243 phandum
652 1177 809 1240 viam,
843 1189 911 1229 ne
948 1175 1090 1243 paria
1119 1173 1332 1243 quidem
1376 1171 1482 1226 illis
1507 1170 1726 1240 exsequi
1759 1169 1932 1239 possi-

351 1281 489 1333 mus,
514 1265 608 1319 sed
637 1276 690 1320 et
717 1280 811 1319 nos
842 1275 895 1319 et
924 1267 1058 1320 alios
1095 1262 1540 1335 pessumdemus?
1569 1261 1753 1332 Neque
1782 1263 1924 1316 enim

349 1357 419 1409 ita
446 1355 832 1411 nocetGraecus
853 1356 1029 1426 inique
1052 1370 1232 1426 agens,
1262 1365 1318 1408 ut.
1338 1354 1670 1409 Christianus
1698 1353 1927 1421 idipsum

349 1447 586 1501 faciens:
622 1456 676 1501 et
712 1446 833 1514 jure
879 1446 1119 1515 quidem.
1173 1445 1386 1498 lllorutn
1418 1443 1559 1498 enim
1611 1443 1816 1512 putrida
1849 1451 1933 1496 est

347 1536 588 1590 doctrina
611 1545 666 1590 et
693 1537 871 1606 opinio
897 1551 912 1600 ;
941 1545 1120 1589 nostra
1143 1551 1270 1590 vero
1287 1550 1382 1604 per
1399 1535 1492 1588 Dei
1513 1535 1736 1604 gratiam
1763 1534 1923 1588 etiam

349 1628 488 1698 apud
548 1629 739 1697 impios
791 1628 1112 1682 venerabilis
1186 1637 1269 1683 est
1323 1637 1377 1682 et
1435 1628 1673 1682 illustris.
1727 1627 1929 1681 Idcirco

349 1720 562 1790 quando
583 1723 813 1774 maxime
840 1721 992 1774 nobis
1007 1721 1332 1789 exprobrare
1359 1721 1544 1774 volunt
1568 1727 1622 1773 et
1651 1719 1930 1774 maledicta

349 1828 570 1882 augere.
605 1813 657 1867 id
685 1813 1017 1882 subjungunt
1049 1856 1061 1874 ν
1091 1813 1426 1867 Christianus
1474 1812 1586 1883 (a);
1619 1827 1725 1867 non
1765 1813 1815 1866 id
1845 1813 1930 1866 di-

349 1905 487 1957 cturi
518 1913 684 1970 certe,
719 1904 818 1956 nisi
849 1921 1091 1974 magnam
1119 1906 1184 1958 de
1202 1903 1439 1957 doctrina
1464 1913 1645 1958 nostra
1673 1903 1932 1957 haberent

350 1997 676 2066 opinionem.
728 1996 840 2050 Non
893 1997 1085 2050 audisti
1131 1997 1302 2066 qualia
1347 2006 1402 2050 et
1443 2006 1636 2066 quanta
1690 1995 1931 2050 Christus

346 2086 607 2156 jusserit?
637 2087 859 2153 Quando
885 2101 1013 2156 ergo
1039 2088 1239 2157 peloris
1271 2087 1353 2141 vel
1380 2103 1542 2143 unum
1571 2087 1684 2156 ejus
1709 2087 1931 2156 implere

351 2187 672 2249 prmceptum
696 2221 711 2246 ,
752 2195 872 2234 cum
903 2181 1078 2236 missis
1106 2181 1374 2244 omnibus,
1419 2181 1713 2235 Circumeas
1742 2195 1929 2234 usuras

347 2271 623 2339 colligens,
654 2269 828 2324 foenus
858 2270 1047 2325 l'tenori
1073 2271 1277 2325 addens
1303 2311 1318 2335 ,
1351 2271 1737 2339 negotiationes
1778 2269 1930 2323 insti-

349 2371 523 2426 tuens,
572 2375 846 2415 servorum
872 2376 1061 2432 greges
1089 2378 1273 2416 emcns
1296 2405 1310 2426 ,
1335 2373 1584 2432 argentea
1628 2377 1751 2416 V353
1779 2378 1929 2417 0011]-

350 2467 562 2523 parans,
595 2467 771 2522 agros,
804 2453 991 2508 domos
1017 2496 1032 2520 ,
1061 2455 1446 2522 supellectilem
1477 2456 1836 2509 immensam?
1864 2457 1932 2510 Et

349 2545 551 2598 utinam
579 2543 629 2597 id
663 2544 834 2598 solum
867 2559 1074 2614 ageres.
1101 2545 1234 2600 Cum
1266 2561 1393 2602 vero
1433 2547 1515 2601 his
1547 2547 1931 2616 intempestivis

351 2637 665 2706 injustitiam
697 2653 908 2707 quoque
928 2639 1115 2706 addas,
1144 2648 1342 2694 terram
1367 2640 1603 2695 finitimis
1629 2642 1929 2708 abstrahas,

349 2730 538 2785 domos
583 2730 813 2799 spolies,
864 2745 1125 2800 pauperes
1171 2741 1401 2796 alteras,
1449 2731 1641 2786 famem
1695 2747 1928 2801 augeas,

351 2821 565 2890 quando
612 2820 808 2890 poteris
851 2821 915 2875 ad
971 2822 1086 2875 haec
1133 2821 1315 2876 limina
1369 2823 1666 2879 accedere?
1733 2822 1931 2878 Verum

351 2911 665 2981 quandoque
692 2925 978 2979 pauperum
1022 2912 1310 2967 misereris.
1336 2912 1390 2967 ld
1431 2922 1484 2966 et
1512 2929 1610 2984 ego
1640 2915 1759 2968 novi
1797 2935 1809 2969 :
1838 2914 1932 2968 sed

352 3004 438 3058 hic
468 3018 678 3073 quoque
700 3003 860 3056 multa
895 3004 1157 3072 pernicies
1187 3015 1291 3059 est.
1317 3005 1420 3059 Aut
1446 3006 1588 3060 enim
1617 3021 1738 3061 cum
1772 3007 1928 3074 fastu,

351 3105 442 3149 aut
470 3095 535 3149 ad
583 3111 767 3148 vanam
813 3096 1040 3166 gloriam
1076 3097 1126 3151 id
1159 3100 1272 3168 agis
1294 3139 1312 3167 ,
1344 3108 1401 3154 ut
1428 3116 1526 3155 nec
1554 3101 1604 3154 in
1636 3101 1786 3154 bonis
1818 3101 1934 3170 qui-

351 3187 473 3240 dem
508 3186 756 3254 operibus
809 3187 1005 3256 aliquid
1052 3188 1274 3243 lucreris
1329 3208 1341 3244 :
1381 3207 1485 3260 quo
1535 3191 1662 3261 quid
1705 3192 1932 3246 misera.

351 3280 512 3337 bilius
541 3295 788 3350 umquam
820 3281 1000 3348 fuerit,
1027 3297 1146 3338 cum
1172 3285 1223 3338 in
1256 3295 1411 3356 portu
1450 3288 1565 3356 ipso
1596 3288 1927 3358 naufragium

351 3370 607 3440 patiaris?
633 3370 709 3426 Ne
740 3372 898 3442 igitur
928 3372 977 3426 id
1009 3375 1240 3441 eveniat,
1273 3391 1394 3430 eum
1423 3376 1547 3432 boni
1574 3379 1771 3448 aliquid
1803 3395 1932 3449 ope-

351 3473 497 3517 ratus
521 3477 599 3530 es,
645 3478 712 3516 ne
742 3479 949 3533 qumras
995 3480 1024 3518 a
1050 3481 1136 3521 me
1168 3469 1426 3538 gratiam,
1459 3478 1514 3522 ut
1542 3470 1705 3524 Deum
1739 3471 1935 3527 habeas

352 3558 683 3624 debitorem,
711 3559 798 3630 qui
839 3558 912 3609 ait
946 3574 958 3608 :
988 3556 1222 3611 Mutuum
1253 3559 1369 3612 date
1417 3560 1478 3613 iis
1527 3578 1556 3612 (ι
1604 3563 1781 3628 quibus
1832 3579 1933 3617 non

353 3657 568 3724 speratis
592 3673 676 3710 vos
698 3667 990 3726 accepturos
1017 3658 1166 3728 (Luc.
1187 3659 1236 3713 6.
1268 3657 1380 3729 55).
1402 3658 1574 3712 llabes
1599 3659 1892 3714 debitorem
1919 3677 1934 3726 ;

355 3759 452 3797 cur
481 3745 570 3798 illo
601 3746 785 3800 relicto
811 3789 823 3811 ,
852 3763 883 3800 a
914 3763 1000 3802 me
1049 3750 1323 3816 exposcis,
1370 3747 1588 3803 homine
1618 3764 1847 3818 paupere
1885 3763 1940 3806 et

359 3838 598 3892 misero?
624 3838 760 3893 Num
817 3840 1120 3910 indignatur
1148 3842 1235 3896 hic
1258 3841 1498 3908 debitor,
1529 3859 1650 3898 cum
1701 3844 1934 3899 debitum

359 3931 628 4002 exigitur?
655 3948 780 3987 num
807 3949 1004 4004 pauper
1033 3934 1152 3988 est?
1181 3951 1305 3989 num
1327 3935 1532 3990 solvere
1554 3938 1802 3992 recusat?
1824 3937 1937 3991 Non

360 4023 513 4078 vides
532 4024 647 4093 ejus
679 4025 972 4080 ineffabiles
991 4026 1312 4082 thesauros?
1339 4044 1443 4083 non
1469 4029 1620 4085 vides
1662 4031 1802 4085 illam
1830 4032 1942 4086 iue-

361 4116 677 4171 narrabilem
734 4117 1145 4173 liberalitatem?
1194 4121 1274 4174 Ab
1325 4121 1415 4174 illo
1473 4121 1630 4191 igitur
1685 4122 1838 4192 exige
1887 4135 1940 4177 et

361 4225 613 4272 exposce.
661 4210 750 4264 Sic
801 4222 1016 4282 rogatus
1049 4211 1261 4282 gaudet.
1291 4213 1423 4268 Nam
1452 4213 1495 4268 si
1523 4214 1712 4269 viderit
1739 4217 1805 4270 ab
1831 4216 1940 4271 alio

363 4301 500 4370 exigi
532 4300 583 4355 id
606 4301 742 4370 quod
773 4303 883 4370 ipse
906 4303 1083 4367 debet,
1125 4306 1446 4358 contumelia
1477 4305 1722 4360 affectum
1755 4322 1814 4362 se
1841 4323 1939 4376 ptt-

363 4394 515 4457 tabit,
545 4408 642 4447 nec
675 4393 765 4447 tibi
799 4403 979 4462 postea
1009 4394 1226 4458 reddet,
1255 4395 1360 4448 imo
1389 4405 1440 4449 te
1476 4396 1618 4464 juste
1643 4397 1934 4452 accusabit.

365 4487 420 4541 In
447 4503 552 4558 quo
575 4502 662 4542 me
691 4487 976 4556 ingratum,
1026 4489 1262 4556 inquiet,
1295 4489 1737 4557 deprehendisti?
1786 4505 1942 4545 mene

363 4593 653 4648 pauperem
681 4587 851 4646 putas,
875 4578 962 4647 qui
988 4593 1074 4632 me
1094 4579 1453 4646 praetermisso
1477 4579 1608 4634 alios
1624 4578 1786 4634 adeas
1807 4580 1830 4632 ?
1854 4580 1942 4634 alii

364 4677 606 4722 mutuum
649 4669 863 4735 dedisti,
915 4679 969 4724 et
1020 4669 1087 4724 ab
1142 4669 1245 4722 alio
1295 4669 1505 4738 exigis?
1547 4669 1661 4724 Etsi
1717 4687 1946 4741 namque

364 4758 530 4812 homo
559 4767 840 4830 acceperit,
871 4761 1012 4816 Deus
1041 4761 1169 4816 dare
1193 4761 1354 4831 jussit
1388 4778 1401 4814 :
1432 4761 1542 4830 ipse
1568 4763 1771 4832 primus
1797 4761 1948 4818 debi-

363 4863 448 4907 tor
475 4862 530 4908 et
557 4867 781 4921 sponsor
821 4871 940 4911 esse
964 4856 1076 4910 vult
1095 4898 1107 4918 ,
1143 4856 1448 4910 innumeras
1478 4855 1569 4909 tibi
1617 4856 1858 4927 praebens
1880 4857 1948 4914 ab

364 4959 430 4999 eo
457 4943 670 5014 petendi
698 4947 1023 5004 occasiones.
1056 4948 1135 5003 Ne
1177 4949 1336 5019 igitur
1373 4959 1514 5004 tanta
1548 4948 1800 5004 facilitate
1831 4961 1946 5004 tan-

365 5049 527 5106 taque
549 5035 867 5092 abundantia
900 5042 1274 5108 praetermissa,
1306 5057 1336 5095 a
1363 5057 1447 5096 me
1473 5044 1717 5113 accipere
1737 5059 1947 5115 qureras

366 5128 456 5196 qui
485 5126 612 5180 nihil
646 5125 837 5182 habeo.
867 5128 979 5194 Qua
1003 5130 1067 5184 de
1094 5146 1253 5186 causa
1285 5141 1337 5186 te
1373 5134 1501 5187 mihi
1523 5143 1760 5190 ostentas
1779 5176 1795 5202 ,
1824 5152 1943 5191 cum

368 5220 586 5290 pauperi
608 5221 839 5290 erogas?
864 5220 997 5275 Num
1011 5237 1109 5292 ego
1134 5214 1242 5277 dixi
1273 5225 1385 5289 tibi,
1411 5225 1523 5279 Da?
1545 5243 1670 5281 num
1692 5242 1722 5281 a
1743 5244 1827 5283 me
1847 5245 1946 5283 au-

367 5314 514 5380 disti,
550 5322 604 5369 ut
631 5329 659 5370 a
691 5330 776 5369 me
806 5316 1029 5385 exigas?
1057 5315 1172 5385 lpse
1201 5317 1336 5371 dixit
1366 5335 1378 5370 :
1413 5317 1512 5384 Qui
1532 5321 1792 5374 miseretur
1819 5339 1950 5390 pau-

371 5425 480 5478 peri
507 5450 522 5470 ,
551 5408 824 5478 fwneratur
851 5407 959 5462 Deo
988 5406 1185 5480 (Prov.
1218 5393 1301 5464 l9.
1338 5408 1462 5480 17).
1519 5409 1628 5464 Deo
1653 5409 1948 5466 fceneratus

367 5500 460 5556 es?
487 5500 568 5555 Ab
595 5502 686 5556 illo
709 5502 883 5572 exige.
910 5502 980 5556 At
1005 5516 1108 5555 non
1143 5510 1311 5556 totum
1338 5517 1478 5558 nunc
1506 5502 1721 5559 reddit?
1752 5503 1948 5560 Verum

429 5634 506 5701 (ᾳ)
538 5641 658 5696 Ergo
681 5643 905 5701 tempore
938 5637 1258 5701 Cbrysostomi
1285 5640 1432 5688 etiam
1477 5637 1736 5691 Christiani
1769 5653 1948 5690 nomen

369 5696 550 5765 proan
567 5696 818 5765 eratapuil
841 5696 1074 5765 gentiles,
1100 5702 1501 5765 quemadmodum
1524 5703 1800 5755 Tertulliani
1826 5716 1948 5764 aevo,

370 5765 426 5809 ut
448 5760 513 5808 alt
535 5758 642 5818 ipse
669 5758 794 5810 libro
811 5758 963 5824 primo
985 5760 1058 5811 Ad
1088 5758 1328 5814 Nationes.

1093 301 1149 358 S.
1190 298 1466 354 JOANNIS
1504 290 1980 352 CllRYSOSTOMI
2017 293 2333 352 ARCHIEP.
2373 297 2908 359 CONSTANTINOP.

3523 307 3624 362 256

2045 425 2096 481 id
2123 429 2187 482 ad
2216 430 2497 487 utilitatem
2525 442 2668 488 tuam
2697 433 2843 490 facit.
2888 436 2983 490 Est
3008 435 3204 506 quippe
3237 436 3356 493 talis
3378 437 3623 509 debitor,

2039 517 2128 586 qui
2155 533 2258 574 non
2284 522 2457 576 solum
2486 523 2538 578 id
2556 526 2696 593 quod
2722 536 2907 582 mutuo
2932 528 3111 581 datum
3147 538 3246 595 est,
3280 539 3337 584 ut
3361 531 3513 586 multi
3541 533 3622 586 fa-

2038 611 2186 665 ciunt
2208 652 2224 678 ,
2254 614 2479 670 reddere
2513 615 2757 684 festinet;
2792 617 2884 674 sed
2915 620 3146 675 etiamid
3173 631 3310 693 agat,
3341 623 3466 678 utid
3483 626 3624 695 quod

2037 700 2218 756 datum
2238 715 2338 770 est,
2372 706 2424 760 in
2453 716 2566 762 tuto
2591 709 2887 779 depositum
2917 712 3004 766 sit.
3037 713 3160 769 ldeo
3183 731 3300 784 qua:
3332 715 3417 771 hic
3446 716 3621 772 debita

2037 805 2160 849 sunt
2190 797 2391 861 reddit;
2415 815 2532 868 qua:
2554 801 2682 867 illic,
2716 813 2971 858 reservat.

2110 887 2196 941 10.
2246 886 2371 943 Haec
2410 906 2528 943 cum
2555 893 2810 959 sciamus,
2846 897 3498 972 misericorditemagnam
3527 904 3622 959 de-

2037 990 2156 1030 mus
2182 991 2400 1046 operam
2449 980 2777 1052 multamque
2827 985 3206 1042 humanitatem
3238 1005 3581 1048 exerceamus
3603 1005 3628 1060 ,'

2038 1079 2092 1123 et
2123 1072 2360 1139 pecuniis
2385 1081 2439 1126 et
2464 1075 2732 1142 operibus.
2763 1077 2829 1132 Et
2853 1080 2897 1132 si
2925 1080 3198 1137 videamus
3227 1083 3454 1153 aliquem
3481 1087 3622 1142 male

2039 1162 2348 1218 muletatum
2379 1176 2432 1219 et
2471 1181 2667 1222 cmsum
2697 1171 2747 1223 in
2776 1171 2913 1238 foro,
2952 1174 2995 1226 si
3027 1184 3302 1244 argentum
3333 1193 3618 1246 possumus

2036 1251 2308 1322 deponere
2329 1295 2343 1321 ,
2372 1254 2702 1324 deponamus
2727 1277 2741 1326 ;
2769 1262 2811 1315 si
2839 1263 3015 1318 verbis
3058 1279 3172 1320 rem
3201 1283 3483 1336 possumus
3511 1281 3619 1326 ter-

2037 1343 2263 1410 minare,
2289 1361 2353 1399 ne
2383 1347 2577 1416 pigeat.
2604 1349 2703 1405 Est
2727 1353 2867 1406 enim
2897 1355 3056 1409 etiam
3088 1373 3183 1425 pro
3207 1373 3452 1416 sermone
3479 1378 3620 1416 mer-

2037 1450 2166 1502 ces;
2218 1436 2325 1491 imo
2378 1441 2536 1494 etiam
2583 1457 2677 1510 pro
2715 1445 3037 1512 gemitibus;
3090 1448 3247 1518 idque
3291 1451 3474 1507 beatus
3518 1453 3620 1509 Job

1992 1573 1999 1583 .
2037 1530 2248 1587 dicebat
2279 1551 2290 1586 :
2324 1532 2436 1605 Ego
2476 1547 2642 1589 autem
2677 1539 2858 1608 ﬂebant
2905 1558 3057 1610 super
3082 1560 3278 1598 onmem
3317 1546 3616 1613 inﬁrmum:

2035 1625 2258 1694 ingemui
2281 1637 2447 1680 autem
2487 1630 2660 1683 videns
2699 1631 2858 1685 virum
2880 1638 2931 1686 in
2959 1637 3330 1690 necessitatibus
3372 1637 3492 1708 (Job
3524 1641 3615 1696 50.

2036 1713 2166 1786 25).
2197 1716 2249 1770 Si
2277 1725 2453 1771 autem
2486 1733 2581 1788 pro
2607 1720 2857 1792 lacrymis
2886 1733 2938 1777 et
2964 1727 3247 1794 gemitibus
3274 1744 3482 1783 merces
3503 1741 3605 1794 est,

2036 1807 2249 1876 quando
2278 1809 2439 1863 etiam
2485 1826 2764 1867 sermones
2811 1824 2861 1867 et
2888 1815 3188 1870 sollicitudo
3221 1820 3488 1889 multaque
3513 1822 3614 1875 alia

2036 1896 2373 1964 adhibentur,
2419 1902 2590 1970 cogita
2633 1911 2828 1971 quanta
2869 1905 2939 1958 sit
2985 1907 3278 1961 retributio.
3311 1909 3518 1964 Etenim
3565 1922 3620 1966 et

2037 2006 2134 2046 nos
2160 1992 2354 2046 inimici
2373 1993 2464 2048 Dei
2484 2009 2694 2050 eramus
2721 2013 2735 2060 ;
2761 2005 2813 2050 ct
2843 1996 3154 2067 Unigenitus
3182 2015 3278 2054 nos
3309 2003 3620 2057 reconcilia-

2037 2083 2130 2147 vit,
2158 2097 2276 2137 scse
2309 2083 2540 2138 medium
2569 2086 2880 2152 conjiciens,
2902 2099 2953 2142 et
2982 2089 3160 2158 plagas
3185 2107 3278 2160 pro
3305 2093 3456 2146 nobis
3476 2097 3618 2148 exci-

2036 2175 2206 2244 piens,
2235 2186 2568 2247 morlemque
2597 2180 2820 2247 patiens.
2853 2180 3174 2237 Studeamus
3205 2184 3383 2254 itaque
3412 2197 3464 2240 et
3495 2202 3615 2254 nos,

2036 2281 2130 2321 eos
2156 2267 2246 2336 qui
2276 2267 2327 2322 in
2359 2267 2474 2322 haec
2514 2269 2751 2323 incidunt
2777 2283 2806 2323 a
2836 2272 2990 2325 malis
3021 2273 3313 2329 innumeris
3355 2276 3616 2342 liberare;

2035 2371 2140 2410 non
2163 2373 2312 2422 vero,
2337 2359 2477 2428 quod
2499 2375 2639 2414 nunc
2663 2359 2904 2425 facimus,
2936 2363 2986 2416 in
3011 2364 3147 2418 mala
3176 2380 3269 2420 eos
3290 2367 3575 2423 immittere
3601 2387 3616 2425 :

2035 2463 2154 2502 cum
2181 2450 2455 2518 quospiam
2483 2451 2721 2508 videmus
2746 2453 2797 2507 in
2819 2468 2877 2509 se
2907 2465 3092 2510 mutuo
3114 2458 3336 2523 irruere,
3359 2459 3618 2515 alterum-

2034 2554 2139 2608 que
2167 2539 2234 2592 ab
2259 2539 2428 2594 altero
2471 2542 2609 2596 male
2636 2543 2770 2597 afﬁci
2796 2561 2811 2610 ;
2841 2545 3113 2602 adstantes
3154 2547 3294 2602 enim
3327 2550 3619 2618 gaudemus

2039 2629 2107 2683 de
2147 2629 2372 2683 aliorum
2415 2630 2681 2687 dedecore
2707 2674 2720 2698 ,
2755 2635 3125 2706 theatrumque
3152 2637 3468 2693 diabolicum
3517 2643 3622 2696 cir-

2036 2734 2157 2773 cum
2179 2721 2460 2775 statuimus
2492 2740 2504 2774 :
2536 2738 2640 2792 quo
2677 2724 2800 2794 quid
2829 2726 3112 2782 immanius
3141 2745 3388 2800 umquam
3418 2731 3620 2788 fuerit?

2036 2810 2196 2866 Vides
2221 2814 2358 2867 male
2388 2814 2683 2881 audientes,
2712 2831 2769 2870 se
2798 2829 2980 2873 mutuo
3001 2820 3385 2890 discerpentes,
3415 2833 3618 2878 vestem

2037 2904 2411 2972 discindentcs,
2442 2906 2628 2962 faciem
2662 2910 2930 2966 euadentes
2951 2953 2964 2977 ,
2989 2922 3042 2968 et
3083 2915 3262 2983 quiete
3291 2926 3432 2971 Stare
3459 2919 3621 2972 susti-

2038 2999 2166 3052 nes?
2188 2999 2320 3054 Num
2349 3017 2504 3055 ursus
2533 3011 2614 3056 est
2661 3003 2706 3057 is
2732 3008 2819 3072 qui
2851 3006 3090 3075 pugnat?
3114 3023 3241 3062 num
3285 3008 3392 3063 fera
3418 3008 3442 3062 ?
3487 3027 3615 3065 num

2038 3096 2296 3164 serpens?
2355 3095 2526 3150 llomo
2580 3108 2662 3152 est
2703 3108 2876 3154 tecum
2930 3117 3143 3173 semper
3191 3107 3617 3174 communicatis,

2037 3181 2202 3237 frater
2228 3193 2329 3249 est,
2357 3187 2658 3242 membrum
2688 3198 2834 3244 tuum
2861 3203 2962 3246 est.
2994 3193 3071 3248 Ne
3094 3204 3362 3263 spectator
3388 3198 3482 3261 sis,
3515 3199 3612 3253 sed

2038 3274 2190 3329 solve
2210 3277 2411 3344 rixam;
2443 3294 2510 3333 ne
2539 3279 2736 3336 lmtcris
2761 3323 2775 3348 ,
2809 3283 2902 3338 sed
2931 3285 3176 3355 corripe;
3204 3303 3271 3341 ne
3309 3287 3443 3342 alios
3469 3289 3620 3343 exci-

2039 3373 2118 3420 tes
2139 3366 2205 3421 ad
2235 3376 2436 3422 tantum
2467 3369 2699 3426 dedecus
2728 3413 2742 3437 ,
2788 3375 2881 3428 sed
2909 3375 3260 3446 confligentes
3303 3394 3428 3433 arce
3462 3389 3516 3434 et
3535 3380 3622 3435 di-

2039 3457 2191 3513 rime.
2246 3457 2635 3528 lmpudentium
2677 3463 2818 3517 enim
2863 3475 2916 3520 et
2959 3468 3259 3524 otiosorum
3301 3479 3383 3524 est
3429 3471 3624 3528 talibus

2039 3549 2274 3619 gaudere
2305 3552 2699 3609 calamitatibus
2722 3597 2736 3619 ,
2784 3556 3111 3613 nefariorum
3136 3571 3190 3615 et
3237 3561 3624 3619 irrationalium

2043 3640 2338 3696 hominum.
2364 3643 2524 3699 Vides
2565 3645 2834 3702 hominem
2868 3651 3088 3720 turpiter
3109 3663 3372 3721 agentem,
3397 3671 3496 3710 nec
3524 3656 3624 3711 ad-

2041 3733 2203 3787 vertis
2233 3743 2284 3788 te
2335 3736 2493 3791 etiam
2544 3739 2771 3807 turpiter
2816 3742 3018 3810 agere?
3058 3759 3230 3814 neque
3289 3747 3343 3800 in
3388 3749 3621 3804 medium

2042 3827 2219 3892 irruis,
2240 3836 2297 3880 ut
2319 3827 2512 3882 diaboli
2538 3829 2848 3901 phalangem
2867 3833 3113 3903 dissipes,
3147 3847 3199 3890 et
3220 3836 3447 3893 humana
3477 3841 3618 3895 mala

2043 3917 2258 3969 solvas?
2303 3919 2390 3981 At,
2437 3919 2680 3988 inquies,
2725 3930 2781 3974 ut
2825 3931 2877 3976 et
2901 3939 3000 3993 ego
3026 3925 3204 3994 plagas
3242 3930 3519 3998 accipiam,
3551 3931 3621 3987 ita

2040 4005 2241 4074 jubes?
2268 4009 2427 4078 Atqui
2457 4009 2508 4062 id
2551 4019 2604 4064 tu
2649 4025 2754 4066 non
2783 4014 3036 4081 patieris;
3076 4017 3122 4071 si
3151 4032 3280 4074 vero
3307 4022 3542 4089 patiaris,
3571 4023 3623 4078 id

2047 4097 2138 4152 tibi
2178 4099 2414 4169 martyrii
2445 4099 2562 4154 loco
2587 4103 2733 4156 erit:
2775 4113 2991 4176 propter
3033 4107 3203 4163 Deum
3250 4111 3391 4165 enim
3435 4128 3625 4183 passus

2046 4204 2124 4246 es.
2159 4189 2215 4244 Si
2257 4206 2385 4246 vero
2435 4193 2616 4262 plagas
2645 4196 2888 4266 accipere
2916 4202 3201 4268 cunctaris,
3234 4205 3408 4273 cogita
3438 4206 3621 4262 Domi-

2048 4298 2174 4337 num
2207 4292 2350 4338 tuum
2379 4300 2590 4340 crucem
2622 4298 2838 4358 propter
2875 4299 2926 4346 te
2960 4307 3171 4361 passum
3200 4310 3340 4350 esse.
3376 4298 3453 4352 llli
3480 4301 3624 4354 enim

2048 4374 2196 4428 velut
2223 4376 2355 4431 ebrii
2383 4386 2435 4431 et
2457 4378 2792 4435 obtenebrati
2821 4391 2964 4444 sunt.
2994 4381 3173 4438 furore
3203 4388 3334 4443 duce
3358 4399 3412 4443 et
3440 4400 3623 4460 tyran-

2051 4465 2229 4519 nidem
2255 4477 2577 4534 exercente,
2618 4485 2750 4539 opus
2793 4484 2969 4527 autem
3002 4474 3196 4529 habent
3247 4492 3390 4532 sana:
3434 4491 3630 4537 mentis

2051 4555 2282 4621 homine,
2336 4561 2424 4628 qui
2470 4560 2598 4629 ipsis
2644 4565 2949 4632 auxilietur,
3003 4577 3107 4620 tam
3165 4586 3357 4640 nempe
3398 4571 3622 4640 lzedens,

2051 4663 2207 4717 quam
2241 4651 2445 4718 patiens
2474 4669 2487 4705 :
2514 4652 2599 4706 hic
2627 4655 2839 4723 quidem
2866 4697 2880 4722 ,
2923 4665 2980 4710 ut
3017 4660 3154 4714 male
3186 4662 3388 4728 patiens
3436 4663 3634 4720 libere-

2053 4749 2174 4806 tur;
2210 4741 2296 4796 ille
2316 4758 2464 4810 vero,
2493 4754 2550 4799 ut
2574 4746 2709 4800 mala
2741 4748 2938 4804 inferre
2964 4750 3188 4806 desinat.
3214 4756 3422 4811 Accede
3447 4757 3628 4828 igitur,

2052 4842 2105 4888 et
2165 4849 2377 4889 manum
2434 4839 2647 4908 porrige
2697 4841 2907 4898 sobrius
2950 4847 3264 4902 temulento.
3303 4847 3385 4903 lra
3435 4853 3635 4921 quippe

2051 4925 2360 4983 ebrietatem
2391 4931 2568 4999 parit,
2603 4933 2706 4986 vini
2755 4936 3059 4992 temulentia
3109 4939 3451 4997 deteriorem.
3511 4943 3630 4998 Non

2053 5023 2200 5079 vides
2221 5035 2428 5090 nautas,
2452 5041 2571 5081 eum
2599 5027 2805 5098 aliquos
2827 5042 3053 5087 cernunt
3084 5034 3318 5091 incidere
3337 5037 3388 5090 in
3417 5035 3634 5091 naufra-

2053 5115 2216 5185 gium,
2250 5117 2518 5186 quomodo
2542 5118 2657 5172 vela
2697 5121 3093 5189 expaudentes,
3133 5141 3252 5180 cum
3289 5143 3477 5198 magna
3510 5128 3632 5184 dili-

2052 5210 2225 5278 gentia
2257 5220 2578 5280 properent,
2609 5222 2668 5266 ut
2696 5215 2870 5268 socios
2915 5232 2984 5272 ex
3029 5217 3276 5275 fluctibus
3314 5223 3543 5276 eruant?
3569 5224 3626 5278 Si

2056 5314 2180 5354 vero
2204 5302 2335 5354 artis
2362 5300 2600 5370 ejusdem
2628 5316 2903 5362 consortes
2934 5317 3133 5363 tantum
3166 5310 3266 5363 sibi
3289 5322 3472 5366 mutuo
3495 5328 3634 5382 prte-

2055 5399 2196 5444 stant
2215 5391 2490 5458 auxilium,
2517 5394 2681 5448 multo
2713 5398 2879 5466 magis
2905 5398 3144 5468 ejusdem
3173 5417 3378 5456 natura:
3403 5418 3630 5459 consor-

2058 5493 2136 5538 tes
2165 5482 2278 5538 hzce
2297 5485 2473 5538 omnia
2512 5484 2691 5543 facere
2737 5505 2832 5558 par
2855 5499 2955 5544 est.
2986 5491 3114 5545 Nam
3146 5491 3234 5547 hic
3257 5510 3468 5564 quoque
3499 5513 3634 5552 nau-

2058 5573 2280 5643 fragium
2334 5587 2416 5631 cst
2468 5577 2558 5633 illo
2606 5581 2972 5648 perniciosius.
3031 5584 3138 5638 Aut
3165 5585 3307 5639 enim
3358 5587 3637 5644 tllelmsus

2058 5665 2479 5736 blasphemavit,
2535 5679 2590 5724 et
2622 5673 2801 5727 omnia
2857 5673 2991 5728 bona
3049 5678 3354 5742 evacuavit;
3403 5688 3493 5732 aut
3545 5696 3646 5748 pe-

2052 5761 2244 5830 jeravit
2264 5804 2279 5830 ,
2313 5761 2390 5818 ira
2421 5773 2662 5835 cogente,
2705 5773 2867 5833 atque
2905 5764 2955 5820 in
2982 5764 3279 5836 gehennam
3309 5769 3525 5841 incidit;
3557 5773 3641 5827 vel
