4076 6150
272 322 378 380 9.55

269 457 385 507 μις,
411 441 488 504 ὡς
516 440 592 512 μὴ
638 442 870 496 ἐνταῦθα
913 443 1072 513 μόνον
1102 444 1358 514 λάμπειν,
1404 444 1542 498 ἀλλά
1583 445 1679 496 καὶ
1723 443 1840 495 ἐκεῖ

266 519 552 589 ἐφοδηγεῖν
585 522 712 584 τοὺς
743 522 1062 592 ἑπομένους.
1097 523 1266 576 Ὅταν
1304 524 1412 592 γάρ
1445 523 1593 575 ἴδωσι
1625 522 1842 575 πάντων

265 598 378 650 τῶν
406 599 689 669 παρόντων
723 599 1219 670 καταφρονοῦντας,
1249 601 1342 653 καὶ
1380 600 1513 670 πρὸς
1551 600 1612 652 τὸ
1647 599 1840 670 μέλλον

265 679 875 748 παρασκευαζομένους,
923 677 1030 745 πρὸ
1073 677 1232 745 λόγου
1264 679 1461 742 παντὸς
1504 681 1616 741 τοῖς
1658 677 1841 747 ἔργοις

265 756 300 822 ἡ
310 754 426 822 μῶν
447 755 851 826 πεισθήσονται.
882 756 976 820 Τίς
1007 757 1116 827 γάρ
1136 756 1308 819 οὕτως
1330 757 1576 824 ἀνόητος,
1603 757 1677 819 ὡς
1702 757 1843 826 ὀρῶν

275 832 370 884 τὸν
391 833 516 902 χθὲς
542 835 840 908 καὶπρώην
862 836 1148 906 τρυφῶντα
1169 837 1264 890 καὶ
1288 835 1638 898 πλουτοῦντα,
1666 837 1844 888 πάντα

267 911 653 983 ἀποδυόμενον,
694 916 788 966 καὶ
816 914 1203 984 πτερούμενον,
1257 915 1351 968 καὶ
1396 915 1531 985 πρὸς
1564 914 1718 984 λιμὸν
1751 914 1844 966 καὶ

268 990 480 1054 πενίαν,
515 993 606 1044 καὶ
641 993 776 1062 πρὸς
812 994 1232 1064 σκληραγωγίαν
1277 994 1516 1056 ἅπασαν,
1563 994 1658 1046 καὶ
1706 993 1844 1063 πρὸς

267 1069 566 1136 κινδύνους,
585 1073 678 1124 καὶ
701 1073 837 1140 πρὸς
861 1069 1022 1141 αἷμα,
1051 1073 1144 1124 καὶ
1169 1072 1304 1144 πρὸς
1326 1074 1560 1142 σφαγὴν,
1589 1072 1683 1125 καὶ
1710 1071 1846 1142 πρὸς

266 1147 444 1201 πάντα
473 1148 542 1200 τά
583 1149 842 1203 δοκοῦντα
874 1146 1011 1201 εῖναι
1050 1149 1197 1202 δεινά
1230 1149 1730 1221 παρατεταγμένον,
1771 1149 1845 1218 μὴ

267 1227 416 1296 σαφῆ
445 1226 632 1280 λαϐεῖν
658 1227 768 1280 τῶν
801 1229 1103 1298 μελλόντων
1131 1229 1381 1283 ἐντεῦθεν
1411 1230 1715 1295 ἀπόδειξιν;
1748 1228 1846 1280 Ἂν

264 1305 324 1356 δὲ
353 1310 466 1369 τοῖς
495 1305 761 1376 παροῦσιν
791 1308 1017 1371 ἑαυτοὺς
1050 1308 1438 1380 ἐμπλέκωμεν,
1469 1309 1564 1362 καὶ
1587 1307 1848 1377 ἐνδοτέρω

263 1385 518 1453 ὠθῶμεν,
547 1385 663 1448 πῶς
683 1386 1000 1455 δυνήσονται
1022 1387 1333 1458 πεισθῆναι,
1363 1389 1444 1441 ὄτι
1479 1387 1613 1457 πρὸς
1643 1386 1848 1455 ἀποδη-

265 1464 399 1534 μίαν
422 1464 754 1534 ἐπειγόμεθα
775 1463 1000 1534 ἐτέραν;
1033 1465 1129 1528 Τίς
1149 1465 1207 1517 δὲ
1235 1469 1370 1536 ἡμῖν
1400 1464 1553 1518 ἔσται
1584 1463 1849 1531 ἀπολογία

262 1541 472 1604 λοιπὸν,
503 1544 630 1597 ὅταν
660 1544 784 1595 ὅσον
822 1545 1042 1611 ἴσχυσεν
1067 1545 1101 1612 ἡ
1153 1542 1470 1613 ἀνθρωπίνη
1517 1543 1642 1608 δόξα
1696 1540 1847 1611 παρά

261 1623 379 1683 τοῖς
426 1619 694 1690 Ἑλλήνων
723 1619 1056 1688 φιλοσόφοις,
1107 1619 1180 1689 μὴ
1222 1618 1379 1690 ίσχύῃ
1414 1619 1459 1649 ⁶⁹
1498 1620 1627 1688 παρ’
1658 1621 1790 1689 ἡμῖν
1820 1619 1848 1671 6

261 1697 359 1750 τοῦ
387 1697 520 1750 Θεοῦ
550 1699 747 1766 φόϐος;
777 1699 888 1751 Καὶ
917 1699 1026 1769 γὰρ
1057 1697 1280 1751 ἐκείνων
1309 1697 1454 1761 τινὲς
1474 1698 1568 1750 καὶ
1593 1701 1850 1767 χρήματα

263 1776 627 1840 ἁπεδύσαντο,
661 1778 754 1829 καὶ
783 1776 1016 1830 Θανάτου
1048 1776 1483 1848 κατεφρόνησαν,
1524 1776 1609 1828 ἵνα
1641 1773 1851 1844 ἀνθρώ-

264 1875 392 1920 ποις
421 1856 793 1920 ἐπιδείξωνται
818 1874 831 1887 ·
855 1857 936 1910 διὸ
963 1858 1058 1910 καὶ
1078 1857 1234 1910 κεναὶ
1266 1856 1555 1924 γεγόνασιν
1587 1855 1766 1908 αὐτῶν
1795 1855 1849 1906 αί

265 1937 499 1998 ἐλπίδες.
518 1937 614 1998 Τίς
642 1932 734 1988 οὐν
759 1938 790 2006 ή
803 1937 908 2006 μᾶς
924 1937 1277 2007 ἐξαιρήσεται
1297 1936 1474 2005 λόγος,
1503 1936 1630 1988 ὅταν
1658 1933 1850 1987 τοσού-

265 2035 376 2069 των
409 2015 810 2086 προκειμένων,
865 2015 956 2068 καὶ
991 2015 1264 2084 τοσαύτης
1294 2016 1338 2046 ⁶¹
1379 2013 1694 2083 φιλοσοφίας
1720 2014 1852 2082 ἡμῖν

266 2095 632 2166 ἀνοιχθείσης,
667 2093 804 2164 μηδὲ
825 2094 892 2147 τά
926 2094 1066 2148 αὐτά
1094 2095 1408 2165 δυνηθῶμεν
1435 2094 1684 2156 ἐκείνοις,
1717 2091 1854 2144 ἀλλὰ

267 2174 363 2224 καὶ
387 2173 611 2235 ἑαυτοὺς
631 2173 726 2224 καὶ
750 2171 972 2242 ἐτέρους
996 2172 1346 2243 προσαπόλλυ
1356 2189 1454 2242 μεν
1472 2174 1548 2238 ⁶¹;
1581 2171 1716 2224 Οὐδέ
1743 2169 1853 2240 γάρ

265 2251 412 2305 οὕτω
428 2251 654 2321 βλάπτει
675 2251 874 2320 Ἕλλην
892 2252 1184 2323 παράνομα
1202 2252 1482 2321 πράσσων,
1502 2250 1578 2310 ὼς
1594 2252 1854 2319 Χριστια-

273 2331 358 2394 νὸς
397 2331 569 2384 ταῦτα
613 2331 781 2382 ποιῶν
805 2346 818 2359 ·
860 2331 953 2382 καὶ
987 2330 1130 2400 μάλα
1169 2329 1414 2395 εἰκότως.
1461 2328 1714 2382 Ἐκείνων
1756 2325 1853 2398 μὲν

266 2413 380 2480 γὰρ
405 2411 778 2481 διεφθαρμένη
814 2413 846 2480 ἠ
881 2410 1007 2476 δόξα
1029 2428 1044 2443 ·
1073 2412 1106 2481 ἡ
1146 2411 1201 2464 δέ
1233 2410 1478 2482 ἡμετέρα
1509 2409 1596 2462 διά
1625 2409 1725 2477 τὴν
1757 2403 1852 2459 τοῦ

264 2490 404 2542 Θεοῦ
432 2490 594 2560 χάριν
623 2489 715 2542 καὶ
740 2490 888 2558 παρά
912 2492 1024 2552 τοῖς
1055 2489 1277 2540 ἀσεϐέσι
1300 2488 1472 2558 σεμνὴ
1498 2488 1592 2539 καὶ
1623 2501 1856 2556 περιφα-

268 2571 388 2642 νής.
422 2570 512 2623 Διὸ
532 2571 659 2623 ὅταν
693 2569 928 2639 μάλιστα
955 2571 1090 2638 ήμῖν
1125 2567 1379 2622 ὀνειδίσαι
1409 2566 1724 2638 βούλωνται,
1750 2562 1855 2642 καὶ

265 2636 370 2716 την
401 2636 734 2720 κατηγορίαν
762 2649 806 2680 ⁸³
835 2636 1090 2720 αὐξῆσαι,
1123 2647 1282 2701 τοῦτο
1319 2636 1682 2714 ἐπιλέγουσιν,
1721 2636 1851 2707 οἷον,

278 2730 343 2783 Ὀ
371 2731 721 2800 Χριστιανός⁸
756 2729 856 2782 οὐκ
883 2727 948 2781 ἂν
979 2727 1243 2791 εἰπόντες,
1273 2729 1322 2780 εί
1359 2728 1433 2798 μὴ
1467 2725 1708 2797 μεγάλην
1729 2723 1856 2793 περὶ

265 2808 365 2862 τοῦ
394 2808 661 2878 δόγματος
708 2807 864 2878 ἔσχον
909 2808 1165 2860 ὑπόνοιαν
1221 2808 1334 2860 Οὐκ
1383 2808 1622 2876 ἤκουσας
1656 2803 1796 2856 πόσα
1828 2803 1856 2854 6

268 2887 502 2956 Χριστὸς
535 2883 764 2948 ἐπέταξε
808 2885 903 2938 καὶ
937 2885 1133 2955 ﬂuxa;
1163 2885 1301 2937 Πότε
1329 2880 1423 2937 οὖν
1469 2884 1676 2954 δυνήσῃ
1727 2880 1855 2952 μίαν

269 2965 493 3019 ἐκείνων
520 2964 714 3017 ἀνύσαι
745 2963 853 3017 τῶν
879 2965 1127 3028 ἐντολῶν,
1159 2965 1286 3017 ὅταν
1336 2965 1512 3018 πάντα
1551 2963 1708 3031 ἀφεὶς
1755 2979 1852 3014 πε-

273 3045 468 3117 ριέρχῃ
511 3043 701 3106 τόκους
736 3044 1029 3112 συλλέγων,
1069 3044 1406 3112 δανείσματα
1439 3043 1681 3112 ράπτων,
1714 3057 1854 3110 πρα-

269 3124 540 3193 γματείας
576 3123 865 3184 συντιθεὶς,
897 3123 1102 3190 ἀγέλας
1132 3121 1481 3191 ἀνδραπόδων
1523 3119 1851 3188 ὠνούμενος,

274 3203 494 3272 αργυρᾶ
529 3202 697 3270 σκεύη
723 3202 1174 3265 κατασκευάζων,
1206 3201 1411 3271 ἀγροὺς
1435 3200 1530 3252 καὶ
1553 3199 1732 3260 οἰκίας
1761 3196 1854 3249 καὶ

271 3281 476 3334 ἔπιπλα
492 3281 778 3351 ἀγοράζων
804 3280 1005 3350 μυρίας
1030 3281 1139 3332 Καὶ
1159 3280 1270 3332 εἴθε
1286 3279 1443 3330 τοῦτο
1473 3277 1652 3346 μόνον.
1685 3276 1855 3327 Ὅταν

269 3362 328 3413 δὲ
357 3365 477 3424 ταῖς
507 3361 758 3430 ἀκαίροις
789 3359 1016 3421 ταύταις
1045 3359 1303 3422 σπουδαῖς
1336 3359 1430 3410 καὶ
1449 3355 1661 3408 ἀδικίαν
1688 3369 1856 3422 προσ-

269 3441 448 3510 τιθῇς,
477 3441 580 3509 γῆν
609 3438 1073 3508 ἀποτεμνόμενος,
1103 3439 1280 3500 οἰκίας
1318 3435 1609 3496 ἀποσπῶν,
1666 3432 1855 3485 πενίαν

271 3520 590 3591 ἐπιτρίϐων,
619 3519 776 3588 λιμὸν
805 3517 1003 3582 αὔξων,
1042 3518 1171 3570 πότε
1202 3518 1407 3587 δυνήσῃ
1432 3515 1538 3568 τῶν
1569 3512 1856 3585 προθύρων

269 3599 531 3669 ἐπιϐῆναι
553 3597 793 3660 τούτων;
830 3597 969 3650 Ἀλλ’
1002 3596 1148 3650 ἐστιν
1182 3597 1268 3650 ὅτε
1290 3597 1380 3649 καὶ
1405 3595 1640 3662 πένητας
1663 3593 1852 3654 ἐλεεῖς.

272 3677 406 3734 Οἶδα
441 3678 594 3748 κάγώ
615 3695 627 3709 ·
660 3678 798 3732 ἀλλά
827 3679 921 3731 καὶ
951 3679 1070 3730 ἐκεῖ
1100 3675 1272 3748 πολλὴ
1309 3674 1471 3728 πάλιν
1510 3676 1543 3744 ἡ
1580 3673 1748 3743 λύμη.
1784 3673 1856 3724 Ἦ

271 3760 383 3828 γὰρ
417 3757 555 3829 μετά
581 3756 772 3826 τύφου,
803 3757 835 3827 ἢ
873 3755 1010 3825 μετά
1033 3753 1337 3818 κενοδοξίας
1359 3753 1734 3829 τοῦτοῌποιεῖς,
1768 3750 1852 3802 ἵνα

273 3823 429 3909 [199]
479 3836 611 3907 μηδέ
651 3823 707 3888 ἐν
739 3823 852 3898 τοῖς
875 3823 1104 3902 ήάγαθοῖς
1149 3833 1416 3904 κερδάνης
1438 3848 1450 3861 ο
1479 3823 1540 3883 οὗ
1572 3829 1622 3883 τί
1657 3831 1855 3898 γένοιτ’

272 3919 340 3971 ἂν
375 3915 703 3986 ἀθλιώτερον
737 3913 803 3976 ⁸⁵,
837 3916 964 3966 ὅταν
993 3913 1088 3966 καὶ
1135 3913 1192 3963 ἐν
1237 3910 1314 3981 τῷ
1355 3910 1535 3981 λιμένι
1580 3912 1853 3979 ναυαγῇς;

273 3997 374 4049 ’Ὶν’
401 3993 495 4050 οὖν
526 3997 598 4067 μὴ
629 3994 785 4047 τοῦτο
807 3995 1050 4064 γένηται,
1071 3993 1306 4062 ποιήσας
1321 4009 1372 4043 τι
1390 3991 1576 4056 καλὸν,
1599 3992 1671 4061 μὴ
1703 3990 1856 4060 ζήτει

274 4077 408 4147 παρ’
437 4075 571 4144 ἐμοῦ
610 4075 708 4144 τὴν
738 4074 919 4144 χάριν,
957 4073 1044 4125 ἵνα
1087 4071 1180 4147 τόν
1213 4070 1345 4122 Θεὸν
1379 4070 1509 4141 ἔχῃς
1549 4070 1853 4139 ὀφειλέτην.

273 4144 573 4215 Axi-sitiam
593 4154 720 4222 γὰρ,
760 4153 915 4223 φησι,
951 4151 1086 4218 παρ’
1112 4144 1198 4202 ὧν
1221 4149 1305 4218 μὴ
1350 4147 1722 4212 προσδοκᾶτε
1743 4150 1854 4216 λή-

275 4239 520 4304 ψεσθαι.
567 4234 753 4303 Ἔχεις
809 4229 1120 4302 χρεώστηνο
1168 4228 1220 4280 τί
1269 4228 1475 4279 ἐκεῖνον
1521 4229 1697 4296 ἀφεὶς,
1756 4229 1857 4297 ἐμὲ

277 4319 552 4378 ἀπαιτεῖς,
587 4313 873 4384 ἄνθρωπον
909 4309 1116 4380 πένητα
1132 4307 1227 4359 καὶ
1247 4305 1620 4375 ταλαίπωρον;
1642 4305 1726 4376 Μὴ
1747 4306 1856 4378 γὰρ

277 4397 582 4464 ἀγανακτεῖ
606 4394 634 4444 6
665 4389 945 4461 χρεώστης
978 4386 1406 4456 ἀπαιτούμενος;
1443 4384 1515 4456 μὴ
1546 4385 1654 4456 γὰρ
1689 4387 1857 4456 πένης

277 4475 423 4538 ἐστί;
461 4472 535 4544 μὴ
573 4472 680 4541 γὰρ
706 4471 764 4522 οὐ
801 4467 1047 4537 βούλεται
1079 4465 1434 4527 καταθεῖναι;
1470 4465 1578 4532 Οὐχ
1606 4465 1736 4535 όρᾷς
1764 4465 1864 4517 αὐ-

277 4552 370 4605 τοῦ
403 4554 528 4614 τοὺς
560 4551 798 4619 ἀφάτους
822 4546 1164 4617 θησαυρούς;
1196 4545 1295 4614 οὐχ
1340 4545 1472 4614 ὁρᾷς
1509 4544 1609 4614 τὴν
1653 4545 1865 4598 ἀνεκδι-

279 4635 486 4702 ήγητον
520 4628 866 4698 φιλοτιμίαν;
907 4628 1078 4680 Αὐτὸν
1105 4625 1284 4679 τοίνυν
1315 4624 1554 4694 κάτασχε
1586 4627 1681 4678 καὶ
1704 4625 1869 4678 ἀπαί-

278 4728 443 4782 τησον
464 4727 476 4740 ·
509 4709 655 4763 οὕτω
692 4710 738 4740 ⁸⁵
773 4708 880 4777 γὰρ
913 4708 1314 4782 ἀπαιτούμενος
1341 4704 1540 4776 χαίρει.
1567 4707 1688 4759 Ὅτι
1719 4707 1786 4759 ἂν
1822 4706 1867 4738 ⁵⁸

281 4779 467 4862 ἓτερον
516 4787 921 4855 ἀπαιτούμενον
972 4786 1056 4858 ίδῃ
1091 4785 1208 4838 ἀνθ’
1244 4779 1318 4838 ὧν
1348 4785 1511 4847 αὐτὸς
1536 4785 1758 4854 ὀφείλει,
1791 4786 1868 4848 ὡς

282 4870 563 4940 ὑϐρισθεὶς
593 4867 734 4918 οὕτω
760 4865 1132 4918 διακείσεται·
1161 4865 1256 4917 καὶ
1278 4865 1461 4917 οὐκέτι
1484 4881 1565 4916 σοι
1600 4864 1865 4917 ἀποδίδω-

284 4967 365 5003 σιν
383 4951 451 5014 ⁸⁷,
467 4947 605 5002 ἀλλά
627 4947 721 4998 καὶ
741 4944 964 5012 ἐγκαλεῖ
991 4944 1234 5006 δικαίως.
1251 4944 1415 4996 Ποίαν
1431 4944 1539 5014 γάρ
1561 4961 1661 5013 μου
1691 4944 1868 5011 ἀγνω-

287 5029 524 5098 μοσύνην
548 5027 830 5093 κατέγνως
852 5041 866 5088 ;
889 5025 1021 5093 φησί
1042 5041 1055 5054 ·
1087 5025 1244 5075 ποίαν
1265 5041 1355 5092 μοι
1389 5023 1578 5075 πενίαν
1598 5022 1863 5088 σύνοιδας,

281 5111 363 5162 ὅτι
391 5104 772 5180 παραδραμὼν
793 5105 892 5174 ἐμὲ
914 5106 998 5170 ἐφ’
1027 5103 1246 5174 ἐτέρους
1266 5103 1432 5174 ἐρχῃ;
1465 5103 1644 5172 Ἀλλῳ
1666 5103 1869 5156 ἐδάνει-

284 5206 404 5252 σας,
456 5190 550 5242 καὶ
588 5187 749 5241 ἄλλον
785 5184 1076 5248 ἀπαιτεῖς;
1112 5183 1174 5235 Ei
1204 5183 1310 5252 γάρ
1359 5184 1452 5236 καὶ
1495 5182 1782 5251 ἄνθρωπος
1817 5182 1862 5213 ⁸⁸

282 5268 594 5333 ὑπεδέξατο,
627 5265 741 5320 ἀλλ’
759 5267 786 5318 ὁ
819 5264 950 5326 Θεὸς
979 5263 1234 5316 ἐκέλευσε
1263 5263 1590 5317 καταϐαλεῖν
1611 5279 1622 5292 ο
1655 5262 1748 5315 καὶ
1768 5265 1863 5314 αὐ-

283 5346 371 5410 τὸς
417 5347 509 5400 καὶ¹
543 5345 900 5417 πρωτότυπος
944 5341 1226 5412 ὀφειλέτης
1260 5343 1355 5395 καὶ
1404 5341 1676 5411 ἐγγυητὴς
1719 5335 1858 5392 εἶναι

285 5425 552 5494 βούλεται,
588 5423 786 5496 μυρίας
811 5441 892 5476 σοι
923 5421 1180 5494 παρέχων
1209 5421 1462 5491 ἀφορμάς
1479 5420 1570 5474 τοῦ
1595 5420 1859 5474 πάντοθεν

353 5519 400 5554 ⁸⁸
427 5521 597 5590 ἰσχύει
621 5519 679 5574 F.
712 5519 918 5589 ίσχύσει
950 5519 1013 5571 Ι).
1093 5517 1135 5548 ⁶¹
1159 5517 1392 5590 τοσαύτη

1440 319 1506 375 ΙΝ
1540 317 1953 375 ΜΔΤΤΗέΕϋΜ
1991 316 2227 374 HOMIL.
2271 321 2387 378 χν.

1398 5515 1448 5588 ς]
1483 5516 1737 5588 ειίςιίιητῆε
1763 5515 1898 5570 Eua.

3411 320 3520 373 236

1947 441 2108 494 αὐτὸν
2149 444 2421 498 ἀπαιτεῖν.
2457 446 2548 517 Μὴ
2586 446 2648 518 δὴ
2682 443 2774 500 οῦν
2825 445 3095 513 τοσαύτην
3143 440 3394 496 εὐκολίαν
3428 441 3524 494 καὶ

1943 519 2206 590 εὐπορίαν
2240 524 2420 591 ἀφεὶς,
2470 527 2600 594 παρ’
2634 523 2768 594 ἐμοῦ
2803 525 2956 594 ζήτει
2988 523 3172 575 λαϐεῖν
3216 520 3308 572 τοῦ
3357 519 3524 589 μηδὲν

1943 596 2178 667 ἔχοντος.
2213 600 2368 664 Τίνος
2397 601 2506 672 γὰρ
2556 604 2738 656 ἐνεκεν
2780 604 2902 674 ἐμοὶ
2951 601 3321 654 ἐπιδείκνυσαι
3356 599 3526 651 ἐλεῶν

1945 676 2187 746 πένητα;
2218 679 2309 749 Μὴ
2342 680 2452 750 γὰρ
2495 683 2606 748 ἐγώ
2637 699 2718 734 σοι
2752 679 2924 743 εἷπον,
2969 681 3100 744 Δός;
3142 677 3214 748 μὴ
3250 677 3358 746 γὰρ
3393 677 3524 745 παρ’

1946 755 2079 832 ἐμοῦ
2108 756 2368 825 ἤκουσας,
2405 758 2491 811 ἵνα
2526 760 2619 812 καὶ
2650 762 2780 832 παρ’
2808 760 2942 830 ἐμοῦ
2977 759 3322 828 ἀπαιτήσῃςς
3355 755 3527 817 Αὖτδς

1945 827 2098 886 εἶπεν
2120 850 2134 864 ο
2161 834 2224 887 '0
2247 835 2436 889 ἐλεῶν
2463 837 2713 905 πένητα,
2732 827 2990 900 δαῦείζει
3010 838 3148 902 Θεῷ.
3180 827 3296 905 Θεῷ
3323 833 3528 886 ἐδάνει-

1949 927 2068 974 σαςσ
2086 913 2235 983 αὐτῷ
2251 913 2472 985 περίθες
2497 917 2560 969 ⁸⁸.
2598 917 2738 970 Ἀλλ’
2762 918 2860 970 οὐκ
2883 916 3175 970 ἀποδίδωσι
3196 914 3256 966 τὸ
3284 915 3390 965 πᾶν
3407 911 3523 964 νῦν.

1946 991 2056 1042 Καὶ
2083 991 2238 1044 τοῦτο
2259 993 2394 1065 ὑπὲρ
2419 994 2512 1047 σοῦ
2546 999 2706 1048 ποιεῖ.
2733 996 2985 1059 Τοιοῦτος
3017 996 3122 1065 γάρ
3143 997 3290 1046 ἐστιν
3311 993 3356 1024 ⁷⁰
3374 991 3526 1060 ὄφει-

1946 1068 2127 1138 λέτης’
2159 1073 2256 1143 οὐχ
2286 1073 2360 1136 ὡς
2388 1073 2572 1126 πολλοὶ
2595 1075 2658 1127 τὸ
2683 1074 2957 1128 δανεισθὲν
2985 1073 3371 1135 σπουδάζουσιν
3395 1071 3528 1124 ἀπο·

1947 1148 2128 1202 δοῦναι
2150 1151 2329 1220 μόνον,
2348 1151 2462 1204 ἀλλ’
2482 1153 2623 1206 ὦστε
2645 1154 2741 1207 καὶ
2757 1154 2817 1206 τὺ
2839 1153 2988 1206 δοθὲν
3005 1154 3060 1205 ἐν
3079 1150 3345 1222 ἀσφαλείᾳ
3361 1166 3529 1202 κατα-

1949 1232 2138 1296 θεῖναι,
2165 1234 2340 1288 πάντα
2366 1237 2814 1308 πραγματεύεται
2831 1237 2926 1292 καὶ
2943 1239 3103 1292 ποιεῖ.
3130 1236 3226 1288 Διά
3244 1235 3381 1286 τοι⁷¹
3408 1231 3532 1284 τοῦ·

1946 1329 2008 1365 το
2024 1313 2090 1366 τὰ
2115 1313 2214 1383 μέν
2239 1314 2473 1368 ἐνταῦθα
2494 1316 2844 1379 καταϐάλλει,
2873 1316 2940 1369 τὰ
2965 1316 3020 1368 δέ
3042 1317 3158 1369 ἐκεῖ
3181 1311 3526 1383 ταμιεύεται.

2020 1389 2072 1443 ι’.
2107 1391 2276 1446 Ταῦτ’
2307 1389 2400 1446 οὖν
2422 1395 2622 1457 εἰδότες
2651 1396 2819 1448 πολὺν
2851 1395 3094 1462 ποιῶμεν
3115 1393 3205 1445 τὸν
3231 1391 3397 1451 ἔλεον,
3435 1389 3532 1442 καὶ

1950 1467 2147 1539 πολλὴν
2163 1469 2262 1540 τὴν
2283 1471 2698 1542 φιλανθρωπίαν
2726 1471 3143 1540 ἐπιδειξώμεθα,
3168 1471 3261 1522 καὶ
3284 1468 3369 1521 διὰ
3391 1484 3530 1537 χρη-

1954 1547 2140 1615 μάτων
2164 1549 2230 1611 ⁷³,
2269 1549 2365 1602 καὶ
2395 1550 2482 1602 διὰ
2514 1551 2879 1621 πραγμάτων.
2909 1550 3026 1603 Κᾶν
3061 1549 3260 1618 ἴδωμέν
3292 1563 3411 1598 τινα
3431 1563 3532 1597 κα-

1953 1624 2062 1687 κῶς
2081 1625 2357 1695 πάσχοντα
2379 1629 2472 1680 καὶ
2489 1630 2824 1698 τυπτόμενον
2838 1630 2895 1680 ἐν
2918 1628 3117 1697 ἀγορᾷ,
3143 1625 3244 1678 κᾶν
3269 1623 3532 1694 ἀργύριον

1949 1702 2170 1755 δυνατὸν
2201 1705 2550 1772 καταϐαλεῖν,
2584 1707 2829 1776 ποιῶμεν
2860 1706 2905 1738 ⁷³
2929 1724 2940 1736 ·
2973 1705 3076 1758 κᾶν
3104 1704 3285 1771 λόγοις
3308 1700 3530 1754 δυνατὸν

1950 1778 2218 1841 διαλῦσαι,
2251 1783 2323 1852 μὴ
2357 1784 2625 1855 ὀκνῶμεν.
2663 1786 2822 1838 Ἔστι
2851 1785 2960 1855 γάρ
2997 1784 3090 1837 καὶ
3118 1784 3276 1850 λόγου
3319 1778 3528 1850 μισθὸς,

1955 1857 2154 1927 μᾶλλον
2181 1858 2236 1912 δέ
2271 1861 2365 1912 καὶ
2401 1863 2722 1932 στεναγμῶν
2742 1862 2819 1895 ’⁷⁸⁸
2863 1865 2956 1916 καὶ
2997 1862 3156 1915 τοῦτο
3193 1862 3220 1912 ὁ
3264 1860 3532 1929 μακάριος

1964 1935 2083 1988 Ἰὼϐ
2108 1936 2292 2005 ἔλεγεν
2312 1953 2325 1966 °
2360 1940 2508 2009 Ἐγὼ
2527 1941 2594 1993 δὲ
2618 1943 2895 1995 ἔκλαυσα
2921 1942 3014 1994 ἐπὶ
3033 1940 3210 1993 παντὶ
3229 1937 3529 2001 ἀδυνάτῳ,

1951 2014 2249 2079 ἐστέναξα
2264 2017 2332 2069 δὲ
2351 2018 2494 2072 ἰδὼν
2509 2020 2698 2087 ἄνδρα
2717 2022 2785 2073 ἐν
2801 2020 3111 2089 ἀνάγκαις.
3128 2020 3191 2070 El
3207 2017 3263 2071 δέ
3285 2015 3534 2085 δακρύων

1953 2096 2048 2148 καὶ
2065 2096 2387 2166 στεναγμῶν
2410 2098 2524 2151 ἐστι
2545 2099 2756 2168 μισθὸς,
2776 2099 2902 2151 ὅταν
2922 2101 3016 2152 καὶ
3033 2097 3288 2166 λόγοικαὶ
3309 2095 3533 2164 σπουδὴ.

1953 2175 2048 2228 καὶ
2077 2175 2250 2228 πολλὰ
2278 2176 2442 2245 ἕτερα
2477 2181 2676 2248 προσῇ,
2730 2178 2982 2248 ἐννόησον
3014 2178 3174 2248 ἡλίκη
3203 2179 3235 2246 ή
3268 2175 3540 2235 ἀντίδοσις

1953 2254 2183 2322 γίνεται.
2214 2257 2325 2309 Καὶ
2353 2257 2461 2327 γὰρ
2486 2257 2581 2310 καὶ
2610 2259 2772 2328 ἡμεῖς
2801 2253 3142 2329 ἐχθροὶῆμεν
3169 2257 3246 2325 τῷ
3270 2254 3416 2324 Θεῷ·
3443 2254 3538 2307 καὶ

1954 2335 1982 2384 ὀ
2005 2333 2315 2404 Μονογενὴς
2331 2337 2363 2406 ἡ
2373 2336 2477 2405 μᾶς
2505 2334 2837 2404 κατήλλαξε,
2865 2334 3028 2404 μέσον
3051 2333 3239 2387 ἐαυτὸν
3263 2329 3536 2403 ἐμϐαλὼν,

1954 2413 2048 2464 καὶ
2089 2411 2302 2482 πληγάς
2351 2414 2490 2485 ὑπὲρ
2521 2413 2680 2483 ἡμῶν
2724 2413 3016 2484 δεξάμενος
3061 2415 3128 2478 ⁷⁸,
3167 2413 3262 2466 καὶ
3311 2412 3540 2466 θάνατον

1956 2489 2096 2559 ὑπὲρ
2125 2491 2156 2560 ἡ
2166 2489 2280 2560 μῶν
2300 2491 2618 2562 ὑπομείνας.
2644 2492 3042 2562 Σπουδάσωμεν
3071 2491 3249 2545 τοίνυν
3268 2491 3362 2544 καὶ
3381 2492 3541 2561 ἡμεῖς

1953 2567 2078 2630 τοὺς
2108 2567 2480 2638 ἐμπίπτοντας
2523 2571 2731 2640 μυρίων
2761 2570 3126 2624 ἀπαλλάττειν
3161 2567 3370 2626 κακῶν.
3404 2567 3541 2622 άλλά

1959 2644 2056 2715 μὴ,
2101 2645 2176 2708 ὡς
2203 2647 2295 2699 νῦν
2326 2648 2587 2718 ποιοῦμεν
2611 2650 2678 2710 ⁷⁸,
2712 2649 2930 2702 ἐπειδὰν
2982 2649 3180 2718 ἴδωμέν
3224 2665 3376 2710 τινας
3409 2663 3542 2714 συγ*

1958 2725 2318 2794 κρουομένους
2345 2728 2440 2779 καὶ
2484 2728 2958 2799 συρρηγνυμένους
3001 2727 3268 2797 ἀλλήλοις,
3307 2727 3541 2796 ἑστήκα-

1961 2820 2061 2872 μεν
2089 2805 2132 2834 ⁷⁷
2167 2806 2586 2875 εὐφραινόμενοι
2605 2810 2725 2868 ταῖς
2749 2809 2950 2877 ἐτέρων
2980 2804 3412 2874 ἀσχημοσύναις,
3450 2813 3544 2855 καί

1960 2882 2188 2953 θέατρον
2220 2885 2372 2956 [2-00]
2397 2886 2787 2957 περιιστῶντες
2814 2885 3122 2940 διαϐολικόν
3151 2902 3162 2913 '
3183 2879 3242 2937 οὐ
3268 2884 3322 2935 τί
3347 2882 3544 2950 γένοιτ’

1961 2959 2027 3014 ἂν
2056 2961 2367 3032 ὼμότερον;
2409 2964 2571 3034 Ὁρᾷς
2593 2965 2780 3028 κακῶς
2796 2966 3112 3026 ἀκούοντας,
3138 2959 3544 3034 διαρρηγνυμέ-

1962 3058 2104 3104 νους,
2135 3043 2577 3114 κατατέμνοντας
2604 3044 2699 3116 τὴν
2729 3046 2950 3114 ἐσθῆτα,
2982 3043 3456 3112 συγκοπτομένους
3485 3040 3547 3092 τὸ

1961 3121 2274 3190 πρόσωπον,
2330 3123 2425 3174 καὶ
2478 3125 2772 3192 ὑπομένεις
2807 3125 2983 3194 ἡσυχῆ
3041 3123 3414 3193 παρεστάναι;
3452 3119 3544 3188 Μὴ

1961 3196 2070 3286 γάρ
2095 3198 2328 3286 ..ἄρκτος
2356 3199 2504 3286 ἐστὶν
2528 3203 2563 3286 ό.
2588 3203 2928 3286 μαχόμενος
2964 3201 3038 3272 μὴ
3070 3203 3179 3286 γὰρ
3215 3200 3399 3270 θηρίον
3420 3215 3434 3262 ;
3456 3199 3545 3286 κμὴ

1962 3277 2070 3346 γὰρ
2093 3277 2214 3345 ὄφις
2232 3295 2258 3343 ;·
2276 3277 2766 3349 Ἀνθρωπόξὲστιν
2792 3285 2818 3335 ὁ
2839 3281 3116 3352 πανταχοῦ
3150 3298 3232 3333 σοι
3251 3279 3543 3340 κοινωνῶν,

1963 3357 2190 3424 ἀδελφός
2225 3358 2362 3421 ἐστι,
2400 3359 2561 3428 μέλος
2604 3360 2744 3416 ἐστί.
2770 3361 2861 3431 Μὴ
2892 3360 3107 3430 θεώρει,
3144 3359 3281 3412 ἀλλὰ
3322 3359 3542 3411 διάλυε’

1966 3434 2042 3504 μὴ
2072 3435 2296 3505 τέρπου,
2333 3437 2472 3490 ἀλλὰ
2494 3437 2706 3508 διόρθου
2727 3456 2739 3469 ·
2781 3440 2854 3510 μὴ
2887 3439 3107 3510 ἐτέρους
3136 3439 3428 3508 παρακίνει
3455 3438 3547 3490 ἐπὶ

1962 3513 2060 3584 τὴν
2081 3515 2488 3587 ἀσχημοσύνην,
2514 3516 2649 3568 ἀλλὰ
2680 3518 2772 3570 καὶ
2789 3519 2917 3580 τοὺς
2948 3517 3389 3587 συνειλεγμένους
3414 3518 3548 3568 ἀπο-

1967 3593 2114 3646 σόϐει
2148 3595 2240 3646 καὶ
2265 3595 2469 3648 διάλυε.
2519 3595 2918 3666 ’Λναισχύντων
2948 3595 3058 3665 γὰρ
3100 3596 3192 3648 καὶ
3225 3597 3547 3666 οἰκοτρίϐων

1964 3674 2024 3725 τὸ
2047 3674 2259 3744 χαίρειν
2296 3678 2416 3738 ταῖς
2449 3675 2728 3740 τοιαύταις
2764 3679 3092 3746 συμφοραῖς,
3128 3676 3221 3728 καὶ
3258 3676 3545 3746 καθαρμά-

1965 3769 2071 3804 των
2102 3754 2195 3806 καὶ
2225 3754 2362 3807 ὄνων
2392 3753 2439 3784 ⁷⁸
2481 3753 2710 3821 ἀλόγων.
2767 3755 2933 3826 Ὁρᾷς
2979 3753 3265 3824 ἄνθρωπον
3300 3755 3546 3823 ἀσχημο-

1964 3833 2179 3895 νοῦντα,
2216 3834 2310 3886 καὶ
2337 3833 2432 3902 οὐχ
2460 3835 2566 3902 ἡγῇ
2593 3833 2754 3896 αὐτὸς
2785 3834 3114 3902 ἀσχημονεῖν
3136 3850 3149 3898 ;
3175 3833 3292 3886 οὐδὲ
3327 3834 3545 3904 είσέρχῃ

1968 3912 2152 3982 μέσος,
2181 3914 2274 3965 καὶ
2313 3912 2684 3974 διασκεδάζεις
2718 3913 2812 3964 τοῦ
2836 3911 3080 3963 διαϐόλου
3127 3912 3223 3981 τὴν
3267 3913 3543 3979 φάλαγγα,

1967 3993 2062 4046 καὶ¹
2095 3993 2164 4044 τὰ
2206 3991 2523 4064 ἀνθρώπινα
2565 3992 2804 4054 διαλύεις
2851 3991 3032 4055 κακάς
3083 3992 3200 4043 Ἵνα
3247 3995 3339 4044 καὶ
3385 3991 3547 4053 αὐτὸς

1967 4071 2182 4139 πληγάς
2205 4071 2372 4130 λάϐω,
2408 4072 2574 4142 φησί’
2600 4072 2695 4124 καὶ
2723 4073 2785 4123 σὺ
2812 4071 2970 4122 τοῦτο
2991 4069 3234 4133 κελεύεις
3259 4087 3273 4134 ;
3303 4071 3548 4123 Μάλιστα

1970 4151 2067 4221 μὲν
2090 4149 2384 4202 οὐδὲτοῦτο
2416 4152 2605 4220 πείσῃ⁶
2636 4150 2700 4203 ἂν
2722 4149 2778 4200 δέ
2804 4148 2897 4201 καὶ
2922 4148 3079 4201 τοῦτο
3106 4148 3302 4221 πάθῃς,
3339 4149 3546 4218 μαρτύ-

1967 4229 2083 4299 ριόν
2112 4245 2194 4280 σοι
2233 4228 2294 4280 τὸ
2331 4230 2566 4299 πρᾶγμά
2593 4231 2740 4280 ἐστι·
2772 4227 2860 4281 διὰ
2899 4228 3007 4298 γάρ
3039 4228 3130 4282 τὸν
3162 4229 3292 4280 Θεὸν
3321 4227 3540 4290 ἔπαθες.

1965 4308 2028 4361 EE
2057 4307 2111 4360 δέ
2149 4307 2364 4378 πληγὰς
2393 4310 2569 4372 ὀκνεῖς
2599 4308 2799 4363 λαϐεῖν.
2822 4309 3074 4377 ἐννόησον
3109 4311 3188 4363 ὅτι
3221 4310 3248 4361 6
3268 4309 3545 4376 Δεσπότης

1965 4406 2060 4440 σου
2091 4388 2322 4457 σταυρὸν
2353 4389 2451 4440 οὐκ
2473 4387 2723 4459 ὤκνησεν
2754 4390 3044 4458 ὑπομεῖναι
3075 4389 3162 4442 διά
3189 4388 3268 4441 σέ.
3315 4390 3544 4441 Ἐκεῖνοι

1969 4468 2065 4538 μὲν
2091 4467 2201 4538 γάρ
2228 4466 2486 4535 μεθύουσι
2509 4469 2604 4520 καὶ
2645 4469 2994 4529 ἐσκότωνται,
3027 4467 3121 4521 τοῦ
3155 4468 3327 4538 θυμοῦ
3350 4485 3546 4538 τυραν-

1963 4547 2179 4610 νοῦντος
2214 4549 2307 4600 καὶ
2344 4547 2776 4619 στρατηγοῦντος
2823 4549 3024 4610 αὐτοῖς,
3064 4547 3271 4601 δέονται
3313 4547 3369 4600 δέ
3403 4565 3546 4610 τινος

1965 4627 2299 4693 ὑγιαίνοντος
2338 4626 2432 4679 τοῦ
2481 4627 2840 4696 βοηθήσοντος
2874 4627 3078 4690 αὐτοῖς,
3124 4627 3152 4680 ὃ
3180 4643 3237 4680 τε
3266 4625 3489 4686 ἀδικῶν,
3517 4626 3545 4678 ὅ

1941 4714 2024 4758 ’τε
2053 4705 2407 4774 ἀδικούμενος
2429 4722 2441 4735 °
2467 4708 2494 4758 6
2525 4705 2643 4776 μὲν,
2667 4706 2754 4759 ἵνα
2779 4705 3066 4774 ἀπαλλαγῇ
3094 4705 3318 4772 πάσχων
3335 4704 3542 4767 κακῶς,

1964 4787 1992 4838 ὁ
2025 4784 2104 4844 δὲ,
2139 4784 2226 4836 ἵνα
2256 4783 2535 4854 παύσηται
2570 4786 2737 4840 ποιῶν
2783 4786 2984 4846 κακῶς.
3026 4783 3264 4853 Πάρελθε
3297 4784 3341 4814 ⁷³³
3366 4783 3544 4837 τοίνυν

1967 4862 2061 4916 καὶ
2091 4865 2248 4933 χεῖρα
2283 4863 2490 4933 ὄρεξον,
2539 4866 2566 4916 ὀ
2593 4865 2777 4931 νήφων
2815 4864 2894 4932 τῷ
2939 4863 3208 4931 μεθύοντι.
3243 4863 3399 4915 Ἔστι
3437 4864 3544 4935 γάρ

1965 4943 2058 4994 καὶ
2084 4941 2255 5011 ὀργῆς
2304 4941 2462 5009 μέθη,
2509 4942 2604 4993 καὶ
2630 4942 2728 5009 τῆς
2761 4943 2825 4992 ἐκ
2855 4940 2949 4992 τοῦ
2977 4941 3119 4994 οἴνου
3166 4940 3542 5012 χαλεπωτέρα.

1965 5023 2076 5091 Οὐχ
2107 5022 2240 5090 ὁρᾷς
2276 5021 2404 5082 τοὺς
2436 5020 2658 5083 ναύτας,
2695 5019 2744 5071 οἳ
2778 5021 2904 5074 ὅταν
2932 5022 3177 5092 ναυαγίῳ
3207 5021 3359 5084 τινὰς
3390 5040 3547 5092 περι-

1966 5099 2232 5160 πεσόντας
2258 5100 2430 5159 ίδωσι,
2467 5099 2536 5150 τά
2566 5099 2612 5130 ⁸ο
2649 5099 2790 5150 ἱστία
2822 5101 3152 5162 πετάσαντες
3183 5100 3319 5170 μετά
3343 5101 3544 5169 πολλῆς
3594 5146 3601 5158 ,

1964 5183 2295 5254 ἀπέρχονται
2338 5183 2594 5252 σπουδῆς,
2627 5183 2768 5237 ὥστε
2799 5186 2924 5248 τοὺς
2951 5187 3273 5256 ὁμοτέχνους
3304 5187 3544 5258 ἐξαρπά-
3589 5177 3592 5182 ⁷

1967 5281 2057 5316 σαι
2093 5262 2188 5314 τοῦ
2229 5261 2535 5331 κλύδωνοςς
2569 5265 2629 5316 ΕΞ
2674 5264 2730 5316 δέ
2764 5265 2958 5336 τέχνης
3004 5269 3248 5320 κοινωνοὶ
3274 5268 3542 5332 τοσαύτην

1965 5342 2371 5396 ἐπιδείκνυνται
2399 5343 2939 5413 προστασίαν,δτόσιρ
2960 5345 3156 5416 μᾶλλον
3182 5348 3306 5408 τοὺς
3328 5345 3428 5412 τῆς
3446 5346 3546 5412 φύ-

1967 5439 2103 5485 σεως
2137 5423 2426 5480 κοινωνοὺς
2452 5422 2625 5476 ταῦτα
2668 5424 2843 5477 πάντα
2886 5426 2928 5456 ⁸³
2961 5429 3132 5479 ποιεῖν
3161 5427 3386 5490 δίκαιον;
3436 5425 3546 5476 Καὶ

2013 5518 2056 5549 θ’
2087 5516 2584 5589 προσαπολλύωμεν
2619 5519 2678 5572 Β.
2716 5519 3197 5589 προσαπολλύομεν
3227 5519 3306 5589 AL
3350 5516 3414 5589 _‘"
3447 5533 3546 5589 κα-

283 5579 546 5662 κηγορίᾶν
573 5591 664 5662 D.A
711 5579 1135 5662 “'élaawétgpq}:
1254 5588 1315 5640 Β.
1383 5579 1636 5662 ’θῗὈῦτωῙ
1665 5579 1832 5662 Οὗτος
1861 5589 1924 5662 Δ.
2053 5658 2067 5662 Α
2163 5589 2282 5662 ’Ότι
2420 5579 2596 5662 δέ
2625 5579 2774 5662 ΑχΒξ
2794 5591 2890 5662 “Av
2916 5589 3033 5662 γάρ.
3051 5579 3184 5662 Εἶρα,
3262 5586 3306 5662 ⁶Δ⁷
3339 5585 3545 5662 67:26:59-

287 5654 441 5715 σείλί
471 5660 846 5731 ἐγκαλέσει-Α.
873 5661 936 5731 Β,
1013 5654 1056 5731 θέε
1087 5657 1372 5728 ἄνθρωπον
1599 5654 1914 5731 ὑπεδέξατο]
1942 5657 2184 5731 ὐπεδέξω
2227 5658 2286 5710 Β.
2321 5654 2636 5731 ὐπἐδείξατο
2665 5660 2749 5731 (3.-
2805 5661 2852 5731 δξ
2881 5654 3123 5731 περίθες]
3157 5654 3374 5731 ἀπαίτει
3398 5655 3541 5731 Edg.

289 5751 306 5781 ι
339 5731 443 5785 Alii
467 5726 651 5793 ἐπίθες
673 5750 690 5780 ι
718 5729 940 5796 Monlef.
1019 5730 1066 5762 7°
1089 5726 1235 5781 ἐστιν
1263 5744 1372 5783 om.
1407 5727 1468 5781 Ε.
1501 5726 1563 5781 F.
1625 5729 1666 5757 ⁷⁸
1699 5745 1780 5781 τοι
1813 5744 1853 5781 o;

1958 5728 2011 5782 D.
2040 5727 2100 5781 F.
2129 5744 2180 5796 ι).

2214 5743 2268 5796 p.
2306 5730 2698 5782 καταϐάλλεται
2725 5729 2788 5779 Α.
2821 5729 2879 5779 Β.
2956 5725 3002 5758 ³η
3026 5725 3284 5797 ῥημάτων
3300 5726 3366 5780 Α.
3397 5725 3460 5780 Β.

283 5803 329 5833 ⁷³
356 5800 669 5870 ποιήσωμεν
701 5801 858 5853 τοῦτο
893 5794 952 5852 F.
988 5799 1060 5870 μὴ
1091 5798 1382 5870 ναρκῶμεν
1424 5798 1487 5850 Α.
1511 5797 1578 5870 Βἷ
1650 5798 1701 5870 ξι
1732 5798 2037 5870 στεναγμοῦ
2057 5794 2198 5870 Αξίξ.
2218 5794 2322 5870 “-“¹⁸
2353 5798 2531 5862 δεξ....
2563 5797 2756 5870 ύπομ.]
2785 5799 2880 5870 καί
2907 5794 3132 5870 θάνατον
3156 5794 3541 5870 δεξάμενος-ᾼ.

283 5871 344 5940 C.
381 5865 480 5925 καῖ
572 5865 1015 5940 ’καταδεξάμενος
1035 5865 1405 5940 Βδεξάμένος
1438 5869 1531 5921 καὶ
1649 5867 1708 5920 D.
1769 5869 1847 5940 _"F

1958 5867 2120 5937 ιῶμεν
2145 5866 2302 5940 C._F.
2337 5878 2390 5940 εί
2419 5886 2562 5924 cm‘r.
2590 5868 2649 5920 D.
2675 5865 2958 5940 ποιοῦμεν]
2999 5867 3123 5940 add,
3158 5867 3252 5919 καὶ
3277 5865 3543 5940 περ-ιϐάλῖ

284 5938 399 5993 λειν
422 5941 485 6008 Α.
518 5939 577 5992 Β.
600 5940 716 5993 Non
757 5938 1056 6008 agnascum
1089 5939 1268 5994 νοτ-εδ.

291 6009 384 6050 in“
392 6007 589 6050 (“59mm
612 6009 654 6050 Μ
663 6027 676 6050 ι
685 6027 724 6050 Il’

1375 5942 1420 5971 ττ
1452 5938 1784 6010 ἑστήκαμεν]
1829 5939 1853 6010 ει

1958 5931 2116 6010 μενοι
2135 5937 2225 6010 καί
2262 5939 2324 5989 Λ.
2361 5938 2492 6010 Β.ρ.
2529 5953 2580 6005 p.
2629 5931 3221 6010 ﬂgptzzfévt'siiidf‘m.
3297 5931 3540 6010 ’θ’όνωχ]

776 6005 902 6050 ﬁn“-
938 6010 1014 6050 Cn
1082 6012 1122 6043 7²
1148 6010 1410 6050 ΠηΑτςληε
1439 6009 1496 6050 (ἶ.
1558 6010 1603 6041 3°
1637 6005 1724 6050 τά]
1763 6005 1853 6050 ξηῗὶη

1958 6005 2058 6060 EA.
2085 6006 2142 6059 Β,
2167 6009 2227 6061 C.
2249 6023 2299 6075 ρ.
2328 6023 2358 6050 n
2402 6009 2494 6050 ’ἶν-
2521 6005 2684 6050 «fama

2402 6001 2494 6050 ’ξη-
2521 6001 2748 6050 σπουδῆς
2777 6004 2830 6050 Ε
2854 6004 2914 6050 Ρ-
2983 6006 3026 6035 ⁸¹
3056 6005 3222 6050 πάντα
3249 6020 3353 6050 nm.
3382 6003 3442 6050 Α.
3480 6001 3539 6050 Β.
