4076 6150
293 311 404 368 237

296 425 511 492 plagam
539 419 698 476 infert
725 429 884 490 atque
911 435 1113 485 necem,
1135 431 1187 476 et
1213 421 1312 476 hoc
1339 421 1507 490 ipsum
1535 424 1732 490 patitur
1759 439 1884 476 nan-

297 513 546 584 fragium.
577 513 748 583 Perge
797 513 974 582 igitur,
1006 514 1200 568 malum
1233 513 1362 567 illud
1404 514 1531 567 seda
1557 554 1572 580 ,
1604 514 1882 569 demersos

294 603 540 670 extrahe,
567 603 619 658 in
646 603 816 672 ipsum
844 605 1172 673 tempestatis
1200 603 1416 674 pelagus
1435 604 1790 670 descendens,
1820 621 1883 659 ac

297 697 478 751 soluto
525 694 724 750 diaboli
766 695 1015 760 theatro,
1065 699 1289 751 seorsim
1338 698 1574 767 singulos
1623 698 1885 761 admone,

296 787 570 842 ﬂammam
612 787 912 857 exstingue,
965 787 1262 857 ﬂuctusque
1297 790 1614 858 comprime.
1662 791 1719 844 Si
1759 805 1888 843 vero

296 879 477 948 majus
503 877 658 932 fuerit
683 879 1006 941 incendium,
1036 879 1329 950 fornaxque
1355 881 1628 935 ardentior
1650 923 1665 947 ,
1697 896 1765 936 ne
1784 882 1892 935 for-

305 973 480 1028 mides
511 989 525 1026 :
558 972 710 1026 multi
740 973 885 1026 enim
929 972 1123 1026 adsunt
1151 973 1240 1042 qui
1268 973 1360 1026 tibi
1395 975 1741 1042 opitulentur,
1771 990 1888 1028 ma-

297 1080 537 1136 numque
569 1065 839 1135 porrigant
865 1106 878 1129 ,
903 1067 946 1118 si
979 1067 1150 1119 solum
1177 1066 1418 1134 incipias,
1448 1076 1610 1136 atque
1634 1082 1744 1136 prae
1773 1082 1889 1120 om-

302 1158 462 1212 nibus
487 1159 629 1213 Dens
678 1158 842 1227 pacis.
892 1157 957 1212 Et
994 1158 1036 1211 si
1068 1158 1212 1226 prior
1240 1157 1507 1212 ﬂammam
1561 1160 1885 1224 excusseris,

300 1250 453 1304 multi
499 1250 585 1302 alii
630 1259 938 1318 sequentur,
973 1248 1155 1318 sicque
1201 1264 1406 1316 eorum,
1461 1251 1699 1319 quaeipsi
1747 1261 1891 1304 recte

298 1342 545 1407 fecerint,
579 1351 632 1394 tu
681 1340 985 1396 mercedem
1012 1341 1267 1410 accipies.
1321 1342 1456 1396 Audi
1495 1343 1618 1410 quid
1647 1341 1890 1397 Christus

296 1432 503 1488 Judaeis
533 1433 678 1486 humi
703 1432 1014 1501 repentibus
1037 1433 1370 1503 praeceperit.
1394 1433 1454 1487 Si
1472 1435 1674 1498 videris,
1699 1435 1886 1503 inquit,

291 1529 586 1595 jumentum
627 1523 821 1576 inimici
871 1524 941 1576 tui
986 1523 1205 1593 lapsum,
1261 1540 1323 1576 ne
1377 1536 1754 1592 praetercurras,
1803 1526 1891 1578 sed

305 1617 442 1687 erige
496 1615 628 1669 illud
682 1615 875 1685 (Exod.
923 1615 1013 1668 25.
1048 1613 1144 1686 5).
1177 1615 1337 1684 Atqui
1374 1615 1530 1685 longe
1578 1615 1783 1670 facilius
1810 1625 1891 1669 est

298 1721 422 1762 sese
472 1715 659 1760 mutuo
706 1705 1052 1760 verberantes
1102 1705 1349 1761 homines
1403 1720 1672 1775 separare,
1725 1722 1886 1775 quam

289 1805 602 1874 jumentum
659 1799 903 1869 erigere.‘
943 1798 1000 1853 Si
1050 1814 1178 1858 vero
1242 1799 1576 1853 inimicorum
1627 1799 1838 1852 asinum
1869 1839 1884 1862 ,

297 1892 468 1946 multo
495 1891 664 1960 magis
693 1892 987 1946 amicorum
1012 1891 1217 1944 animas
1245 1899 1458 1960 Oportet
1487 1891 1697 1960 erigere
1725 1910 1735 1943 :
1761 1906 1882 1944 cum

297 1985 535 2038 maxime
563 1983 798 2037 deterior
821 1992 903 2036 est
933 1984 1084 2036 ruina
1111 1998 1124 2044 ;
1161 1997 1332 2051 neque
1363 1984 1504 2036 enim
1549 1983 1601 2036 iu
1651 1997 1886 2048 caenum,

306 2077 402 2130 sed
430 2076 482 2129 in
527 2076 824 2146 gehennam
854 2074 991 2144 ignis
1038 2073 1318 2138 incidunt,
1345 2073 1486 2143 quod
1539 2075 1630 2127 ira:
1682 2074 1890 2144 pondus

293 2182 455 2238 grave
475 2182 581 2221 nou
600 2165 1051 2220 sustinuerint.Tu
1075 2181 1200 2218 vero
1219 2165 1402 2219 videns
1423 2163 1638 2218 fratrem
1663 2165 1762 2220 sub
1786 2180 1893 2219 sar-

293 2261 412 2313 cina
430 2259 696 2327 jaceutem
715 2301 730 2323 ,
771 2267 824 2312 et
871 2257 1142 2312 diabolum
1163 2259 1446 2312 instantem
1468 2272 1530 2313 ac
1553 2273 1738 2327 rogum
1768 2273 1891 2313 suc-

294 2352 646 2416 cendentem,
675 2350 1032 2405 inhumaniter
1074 2350 1466 2419 crudeliterque
1503 2351 1889 2420 prattercurris,

293 2443 435 2513 quod
478 2457 546 2497 ne
583 2457 706 2512 erga
736 2441 886 2496 bruta
913 2440 1128 2511 quidem
1169 2440 1286 2495 sine
1316 2441 1549 2509 periculo
1575 2441 1887 2497 admittitur.

375 2537 466 2592 li.
519 2535 626 2590 Eos
667 2536 752 2606 qui
790 2535 1073 2588 rixantibua
1111 2551 1211 2588 non
1249 2534 1592 2600 intercedunt,
1626 2536 1851 2606 increpat
1871 2553 1891 2601 ;

295 2628 499 2691 deinde,
545 2629 682 2697 ipso;
728 2629 997 2680 rixatores.
1027 2621 1485 2681 —Satnarit:'inus
1537 2626 1750 2695 quidem
1803 2627 1892 2682 ille

295 2719 535 2774 saucium
578 2719 763 2774 videns
791 2719 1047 2788 ignotum,
1085 2718 1320 2786 nihilque
1355 2716 1419 2770 ad
1462 2733 1581 2771 eum
1623 2720 1893 2788 pertinen-

299 2817 429 2873 tem,
461 2817 517 2862 et
553 2809 717 2871 stetit,
766 2809 1078 2877 etjumento
1107 2821 1206 2862 suo
1227 2809 1496 2877 imposuit,
1530 2809 1688 2877 inque
1717 2809 1892 2863 diver-

296 2900 497 2953 sorium
527 2898 766 2963 deduxit,
799 2914 861 2952 ac
890 2899 1153 2953 medicum
1200 2898 1446 2954 mercede
1471 2900 1760 2966 conduxit,
1805 2917 1892 2953 ar-

297 2999 619 3060 gentumque
642 2991 829 3060 partim
857 2989 1019 3054 dedit,
1047 2990 1342 3059 partimque
1360 2991 1619 3059 pollicitus
1640 2990 1887 3060 est(Luc.

298 3083 388 3138 10.
440 3083 528 3136 55.
570 3081 728 3153 sqq.).
772 3081 852 3137 Tu
894 3098 1019 3137 vero
1047 3083 1172 3138 dum
1217 3081 1485 3137 hominem
1515 3083 1662 3137 vides
1691 3082 1779 3152 qui
1808 3083 1891 3136 iu-

297 3177 446 3239 cidit,
475 3192 580 3231 non
614 3176 666 3229 in
711 3175 968 3239 latrones,
989 3176 1084 3230 sed
1122 3175 1175 3230 in
1202 3174 1590 3229 daemoniorum
1617 3175 1888 3240 cohortes,

297 3268 495 3338 quique
525 3265 704 3319 furore
747 3276 1030 3335 correptus
1077 3273 1180 3328 est,
1232 3280 1336 3318 non
1367 3264 1420 3318 in
1445 3265 1681 3330 deserto,
1713 3265 1804 3318 sed
1835 3267 1888 3319 iu

298 3359 479 3414 medio
509 3358 646 3421 foro,
667 3373 772 3412 non
792 3357 1068 3428 pecuniam
1091 3357 1449 3424 impensurus,
1473 3371 1569 3411 nec
1587 3357 1888 3426 jumentum

298 3452 684 3517 conducturus,
715 3450 794 3504 vel
823 3449 1054 3519 aliquem
1085 3449 1274 3518 procul
1301 3449 1578 3511 missurus,
1606 3447 1700 3502 sed
1729 3449 1888 3503 verba

300 3554 505 3599 tantum
553 3544 871 3612 prolaturus,
919 3541 1185 3596 cunctaris
1234 3556 1297 3595 ac
1340 3539 1555 3610 refugis,
1581 3549 1739 3610 atque
1771 3541 1888 3596 sine

301 3635 667 3692 misericordia
720 3635 1124 3704 praetercurris?
1172 3634 1238 3687 Et
1282 3632 1551 3702 quomodo
1602 3647 1788 3699 speras
1839 3641 1890 3687 te

300 3729 467 3784 Deum
517 3743 764 3793 umquam
812 3727 1097 3796 propitium
1127 3724 1428 3778 habiturum
1464 3724 1622 3778 esse?
1645 3723 1762 3778 Jam
1795 3740 1889 3779 vos

301 3825 542 3894 alloquar
569 3824 657 3892 qui
688 3823 739 3875 in
769 3821 883 3876 foro
910 3821 1163 3875 indecore
1184 3821 1360 3890 agitis,
1384 3835 1611 3890 eumque
1631 3822 1718 3890 qui
1745 3820 1890 3874 latdit

301 3924 356 3968 et
386 3915 566 3983 inique
595 3913 720 3982 agit.
770 3912 861 3966 Dic
891 3911 1039 3978 mihi,
1069 3911 1249 3980 plagas
1280 3911 1492 3975 incutis,
1525 3911 1759 3966 calcibus
1786 3911 1889 3964 im-

303 4006 459 4075 potis,
489 4014 544 4058 et
570 4002 821 4058 mordes?
850 4002 1022 4058 Susne
1050 4002 1291 4057 silvester
1320 4016 1396 4067 es,
1427 4003 1509 4056 vel
1532 4003 1762 4071 onager?
1784 4001 1891 4057 Nec

305 4111 357 4155 te
381 4099 563 4169 pudet,
591 4112 692 4152 nec
717 4097 1010 4152 erubescis.
1042 4095 1110 4148 ita
1137 4095 1410 4157 efferatus,
1441 4095 1529 4163 qui
1556 4095 1887 4149 nobilitatem

307 4203 450 4246 tuam
496 4190 809 4260 prodidisti?
852 4187 908 4242 Si
959 4189 1098 4242 enim
1133 4202 1332 4255 panper
1357 4202 1436 4250 es,
1479 4195 1532 4238 at
1561 4187 1698 4240 liber
1723 4203 1813 4251 es;
1845 4187 1890 4241 si

305 4281 492 4336 artifex
519 4296 598 4344 es,
643 4280 734 4335 sed
762 4279 1118 4334 Christianus.
1154 4278 1229 4332 Eo
1257 4278 1372 4348 ipso
1401 4277 1540 4344 qttod
1580 4291 1780 4347 pauper
1808 4293 1886 4344 es,

305 4375 582 4445 quiescere
607 4372 790 4428 debes.
818 4373 947 4427 Nam
980 4372 1197 4426 divitum
1230 4380 1311 4425 est
1341 4371 1568 4441 litigare,
1602 4387 1711 4426 non
1757 4387 1888 4440 pau-

307 4482 527 4535 perum;
569 4465 809 4528 divitum,
858 4465 1092 4534 inquam,
1129 4463 1217 4532 qui
1251 4463 1441 4516 nmltas
1470 4463 1889 4532 habentjnrgio-

309 4574 424 4613 rum
453 4571 656 4612 causas.
688 4556 766 4610 Tu
806 4571 930 4609 vero
969 4555 1057 4625 qui
1104 4554 1402 4608 divitiarum
1432 4555 1755 4623 voluptatem
1784 4569 1887 4607 non

306 4651 492 4716 habes,
521 4650 656 4703 mala
684 4660 857 4702 tamen
878 4646 1174 4701 divitiarum
1205 4647 1418 4716 quzrris,
1449 4645 1752 4702 inimicitias
1775 4646 1887 4708 tibi,

307 4743 680 4799 contentiones
727 4751 777 4794 et
808 4741 948 4793 rixas
977 4741 1268 4802 attrahcns,
1303 4740 1516 4792 fratrem
1547 4743 1802 4809 prmioCas
1837 4750 1891 4793 et

306 4835 476 4906 augis,
523 4841 578 4886 et
609 4831 816 4900 publice
845 4831 944 4884 sub
972 4832 1208 4884 omnium
1237 4830 1404 4883 oculis
1437 4832 1730 4898 prosternis
1757 4852 1768 4886 :
1795 4846 1893 4885 nec

309 4936 360 4980 te
380 4933 534 4994 putas
561 4921 728 4990 magis
754 4920 1001 4974 indecore
1027 4936 1206 4990 agere,
1231 4921 1356 4974 dum
1384 4922 1608 4975 ferarum
1638 4921 1892 4989 impetum

310 5016 553 5079 imitaris,
599 5011 890 5082 quinetiam
935 5011 1039 5064 illis
1076 5011 1306 5065 deterior
1344 5012 1564 5065 ctl'ectus
1592 5028 1671 5065 es.
1704 5011 1890 5065 Omnia

307 5108 500 5174 quippe
530 5104 632 5158 illis
661 5101 959 5156 cmumunia
991 5110 1131 5166 sunt,
1163 5103 1318 5155 simul
1348 5113 1757 5173 congregantur,
1785 5118 1890 5157 una

311 5198 594 5260 incedunt;
640 5196 794 5250 nobis
837 5209 965 5249 vero
996 5194 1124 5247 nihil
1154 5211 1434 5249 eonunuue
1462 5204 1560 5256 est,
1595 5196 1686 5249 sed
1715 5197 1892 5251 omnia

310 5304 401 5343 sus
440 5290 611 5357 deque
651 5289 817 5356 posita
850 5294 992 5350 sunt,
1027 5287 1174 5352 rixm,
1203 5287 1591 5353 contentiones,
1629 5287 1890 5354 convicia,

537 5382 774 5390 —_——_-

325 5383 529 5394 .._...._

313 5563 441 5620 CAP.
487 5563 541 5619 5.
583 5578 638 5616 v.
677 5563 764 5617 i7.
807 5561 982 5616 Nolite
1021 5551 1216 5630 putare,
1262 5560 1398 5628 quod
1450 5563 1665 5615 uenerim
1709 5563 1900 5618 solvere

812 5655 966 5725 legent
997 5662 1084 5706 aut
1110 5651 1399 5722 prophetas.

391 5751 440 5806 ι.
468 5747 636 5820 Quare
669 5749 895 5804 Christus
917 5765 1088 5803 senon
1121 5747 1310 5803 solvere
1339 5746 1497 5818 legem
1521 5749 1785 5804 asseruerit
1802 5764 1822 5815 ,'
1853 5759 1902 5805 et

1453 309 1516 364 ΙΝ
1556 309 1958 366 ΜΛΤΤΙΗΞΗΜ
1999 312 2225 368 HUMIL.
2271 315 2408 369 XVI.

1865 5380 1960 5389 -κ

1664 5455 2012 5517 HOMILIA
2056 5455 2228 5516 XVI.

3477 334 3580 386 ‘258

1995 424 2301 494 inimicitiae,
2325 431 2683 484 contumelia}.
2732 433 2836 487 Sed
2867 449 3038 504 neque
3065 439 3253 492 caelum
3288 443 3455 510 ipsum
3492 462 3578 498 re—

1993 529 2260 579 verentur,
2288 533 2392 586 quo
2420 535 2606 575 omnes
2635 521 2793 576 simul
2823 527 2998 580 vocati
3026 543 3233 592 sumus,
3265 549 3438 601 neque
3466 545 3574 589 ter-

1993 623 2107 660 ram
2151 624 2268 676 quae
2318 611 2471 664 nobis
2518 615 2766 668 omnibus
2819 617 3054 682 obvenit,
3111 637 3283 690 neque
3333 637 3574 683 naturam

1995 697 2161 764 ipsam
2195 717 2207 752 :
2236 700 2328 754 sed
2378 702 2556 756 oninia
2607 705 2764 758 simul
2823 707 2900 761 ira
2951 719 3005 762 et
3052 727 3203 764 amor
3237 717 3576 780 pecuniarum

1994 789 2288 858 dissipavit.
2322 793 2435 846 Non
2484 796 2633 849 vides
2675 798 2823 852 illum
2853 801 2940 868 qui
2971 801 3153 856 decem
3193 805 3352 859 millia
3387 809 3587 863 talenta

1994 882 2240 947 debebat,
2274 893 2551 952 postquam
2601 887 2685 940 illa
2727 889 2825 942 sibi
2859 893 3076 946 remissa
3111 896 3335 962 fuerant,
3361 913 3580 954 conser-

1995 988 2117 1025 vum
2160 989 2314 1027 suum
2357 976 2704 1032 sumit-autent
2763 996 2857 1048 pro
2899 994 3112 1038 centum
3158 987 3407 1054 denariis,
3455 998 3583 1060 quot

1994 1063 2130 1115 tuala
2164 1063 2322 1117 subiit
2360 1077 2408 1118 et
2437 1068 2704 1135 quomodo
2735 1080 2936 1124 atterno
2967 1074 3187 1129 traditus
3220 1077 3281 1130 sit
3322 1080 3583 1147 supplicio

1996 1153 2224 1220 (Malm.
2260 1157 2347 1211 18.
2379 1156 2468 1212 28.
2512 1177 2616 1228 sqq.
2643 1158 2702 1231 )?
2745 1161 2858 1216 Non
2909 1165 3062 1220 times
3103 1170 3444 1236 exemplum?
3473 1188 3580 1226 non

1996 1250 2188 1304 metuis
2217 1268 2283 1304 ne
2312 1260 2363 1304 tu
2395 1253 2582 1306 eadem
2608 1255 2861 1322 patiaris?
2889 1257 3093 1312 Etenim
3127 1278 3221 1314 nos
3243 1279 3450 1333 quoque
3482 1265 3586 1318 Do-

1997 1342 2142 1394 mino
2171 1342 2398 1410 pint'ima
2428 1360 2723 1413 magnaque
2749 1347 3036 1411 debemus;
3070 1352 3156 1405 ille
3196 1357 3582 1424 tamen'exspe-

1997 1443 2106 1487 ctat
2150 1443 2203 1487 et
2244 1435 2504 1502 patienter
2551 1437 2658 1504 agit
2689 1455 2702 1490 :
2737 1453 2842 1492 non
2873 1440 3051 1503 instat,
3088 1453 3142 1495 ut
3183 1460 3280 1498 nos
3309 1447 3581 1501 conservis

1998 1525 2194 1578 nostris
2222 1541 2234 1577 :
2268 1540 2372 1578 non
2406 1541 2502 1580 nos
2531 1527 2677 1597 angit
2701 1536 2755 1582 et
2781 1529 3003 1584 sulfoeat
3036 1550 3048 1584 :
3076 1542 3220 1587 certe
3246 1536 3289 1588 si
3319 1539 3401 1589 vel
3427 1537 3584 1591 mini-

1996 1629 2134 1666 mam
2161 1625 2362 1681 parteni
2391 1616 2554 1670 vellet
2573 1631 2602 1668 a
2627 1617 2778 1671 nobis
2798 1619 3032 1687 exigere,
3056 1622 3165 1690 jam
3185 1623 3309 1676 olim
3335 1625 3582 1692 periisse-

1996 1719 2134 1756 mus.
2166 1703 2289 1757 ll‘rc
2335 1706 2512 1775 itaque
2538 1707 2856 1776 cogitantes,
2893 1710 3094 1776 dilecti,
3136 1712 3497 1779 hnmiliemur,
3528 1725 3583 1770 et

1996 1795 2327 1850 debitoribus
2372 1799 2567 1852 nostris
2615 1801 2838 1869 gratiam
2891 1801 3226 1859 habeamus:
3271 1815 3397 1860 sunt
3437 1809 3581 1862 enim

1996 1887 2170 1952 nobis,
2217 1889 2261 1943 si
2286 1888 2746 1959 philosophentur,
2767 1895 2978 1948 occasio
3008 1897 3254 1951 maximae
3300 1899 3579 1969 indulgen-

1996 1977 2083 2032 tia:
2112 1995 2124 2031 :
2157 1987 2212 2033 et
2241 1993 2402 2047 pauca
2427 1979 2632 2042 dantes,
2659 1981 2885 2050 plurima
2907 1986 3248 2055 accipiemus.
3269 1988 3405 2056 Quid
3428 1992 3582 2060 igitur

1997 2067 2260 2122 violenter
2300 2070 2367 2122 ab
2409 2086 2474 2124 eo
2521 2072 2710 2141 exigis,
2748 2087 2869 2126 cum
2916 2085 3205 2144 Oporteret,
3233 2082 3442 2134 etiamsi
3469 2081 3584 2151 ipse

1997 2159 2206 2213 solvere
2250 2160 2436 2226 vellet,
2483 2161 2720 2215 debitum
2770 2165 3064 2232 remittere,
3114 2177 3170 2222 ut
3209 2179 3376 2224 totum
3411 2187 3440 2225 a
3474 2172 3583 2227 Deo

1996 2249 2301 2317 acciperes?
2325 2249 2477 2304 Nune
2503 2267 2632 2306 vero
2656 2252 2784 2306 nihil
2813 2269 2918 2308 non
2942 2258 3074 2325 agis,
3107 2257 3212 2311 vim
3244 2259 3429 2326 infers,
3453 2277 3583 2316 con—

1999 2339 2192 2406 tendis,
2226 2349 2282 2394 ttt
2309 2341 2400 2395 tibi
2430 2341 2558 2394 nihil
2585 2358 2653 2396 ex
2677 2343 2872 2398 debitis
2905 2347 3006 2399 tuis
3053 2349 3382 2412 remittatur;
3417 2362 3469 2406 et
3501 2354 3582 2406 vi-

1996 2431 2142 2485 deris
2184 2430 2398 2501 quidem
2440 2433 2684 2501 proximo
2730 2443 2820 2487 tuo
2861 2435 3158 2491 molestiam
3209 2439 3427 2506 inferre,
3455 2441 3582 2498 dum

1995 2525 2227 2595 gladium
2256 2525 2349 2579 tibi
2377 2525 2652 2591 admoves,
2682 2539 2731 2582 et
2756 2528 3012 2597 gehennae
3039 2531 3350 2600 simplicium
3384 2549 3580 2604 auges;

1997 2619 2040 2672 si
2072 2627 2246 2672 autem
2273 2619 2352 2672 vel
2378 2619 2640 2672 tantillum
2671 2620 2756 2674 hic
2803 2620 3214 2690 philosopheris,
3249 2613 3475 2679 leviores
3501 2626 3582 2680 ef-

1997 2709 2112 2762 ficis
2151 2709 2386 2763 rationes
2427 2725 2717 2780 pmnaSque
2749 2719 2883 2765 tuas.
2919 2712 3128 2766 Etenim
3154 2714 3289 2768 Deus
3320 2715 3438 2770 ideo
3469 2717 3583 2772 vult

1995 2808 2054 2851 ut
2082 2797 2219 2867 apud
2247 2813 2343 2853 nos
2374 2798 2674 2868 hnjusmodi
2700 2801 2990 2856 liberalitas
3019 2803 3238 2863 oriatur,
3267 2813 3322 2858 ut
3350 2808 3586 2860 occasio-

1997 2904 2118 2944 nem
2168 2889 2291 2944 hinc
2333 2901 2511 2959 captet
2558 2891 2779 2960 plurima
2831 2893 2984 2946 nobis
3029 2894 3279 2948 donandi.
3313 2897 3582 2966 Quotquot

1995 2981 2155 3050 igitur
2200 2982 2468 3045 debitores
2513 2984 2602 3037 tibi
2648 2993 2790 3050 sunt,
2838 2986 2948 3039 sive
2994 2985 3058 3040 de
3097 2988 3353 3056 pecuniis,
3381 2989 3492 3042 sive
3515 2989 3584 3043 dc

1996 3072 2214 3128 offensis
2241 3083 2446 3142 agatur,
2493 3073 2588 3127 hos
2615 3090 2802 3129 omnes
2831 3076 3038 3130 dimitte
3085 3077 3298 3145 liberos,
3332 3087 3387 3132 et
3414 3095 3442 3132 a
3475 3080 3586 3134 Deo

1997 3165 2227 3234 pustula,
2273 3174 2333 3220 ut
2385 3175 2543 3220 tanta:
2592 3169 3039 3237 magnanimitatis
3084 3169 3174 3222 tibi
3215 3172 3358 3225 vices
3388 3186 3582 3240 repen-

1995 3254 2207 3310 dantur.
2253 3257 2430 3312 Donec
2474 3259 2616 3311 enim
2663 3259 2806 3327 ipsus
2851 3259 3123 3314 debitores
3150 3261 3387 3326 habebis,
3417 3263 3581 3316 Deum

1996 3348 2292 3402 debitorem
2333 3365 2435 3403 non
2481 3349 2740 3416 habebis;
2791 3351 2872 3404 sin
2904 3352 3025 3404 illos
3057 3353 3252 3407 liberos
3294 3355 3581 3420 dimiseris,

1997 3439 2195 3508 poteris
2228 3454 2258 3493 a
2313 3440 2420 3494 Deo
2464 3441 2678 3510 exigere
2717 3457 2837 3496 eum
2889 3443 3138 3496 instantia
3185 3460 3371 3514 magna
3425 3455 3582 3500 tanta:

1996 3528 2348 3599 philosophia:
2395 3531 2724 3586 mercedem.
2775 3532 2831 3586 Si
2875 3533 3017 3586 enim
3063 3533 3222 3588 homo
3253 3535 3578 3604 praeteriens,

1994 3620 2285 3692 vidensque
2307 3630 2359 3676 te
2386 3622 2679 3676 debitorem
2726 3631 2930 3690 tenere,
2955 3625 3167 3694 juberet
3206 3635 3256 3682 te
3300 3627 3468 3697 ipsum
3498 3628 3583 3682 tli-

1996 3712 2232 3776 mittere,
2275 3721 2330 3767 et
2359 3713 2455 3766 abs
2493 3728 2552 3766 se
2581 3713 2818 3769 debitum
2847 3732 3148 3784 reposcere,
3179 3735 3283 3772 non
3310 3731 3454 3776 certe
3497 3723 3579 3775 in-

1995 3812 2179 3872 gratus
2225 3803 2298 3856 illi
2346 3803 2482 3858 foret
2525 3814 2646 3872 post
2689 3806 3082 3874 remissionem,
3117 3817 3297 3879 utpote
3325 3813 3412 3880 qui
3440 3813 3490 3866 in
3522 3827 3582 3867 se

1998 3903 2166 3948 totum
2212 3895 2544 3949 transtulerit
2575 3915 2586 3949 :
2613 3897 2882 3964 quomodo
2933 3897 3073 3952 Deus
3122 3915 3228 3954 nou
3283 3903 3431 3970 plura
3458 3904 3579 3968 alia,

1998 3988 2105 4040 imo
2145 3987 2341 4040 millies
2373 3987 2520 4056 plura
2553 3987 2759 4053 reddet,
2784 4004 2904 4042 cum
2935 3989 3049 4057 ejus
3087 4002 3352 4062 prweepto
3376 3994 3582 4048 obtem-

1997 4086 2266 4148 perantes,
2290 4076 2558 4132 debitores
2582 4089 2813 4145 nostros,
2839 4095 2938 4134 nec
2957 4097 3194 4148 parvum,
3217 4099 3314 4137 uec
3335 4099 3583 4154 maguum

1997 4172 2064 4224 ab
2105 4173 2184 4224 eis
2213 4171 2632 4239 expostulantes,
2682 4170 3047 4226 dimiserimus
3093 4189 3308 4242 prorsus
3349 4177 3584 4231 liberos?

1997 4263 2074 4317 Ne
2103 4273 2500 4331 temporaneam
2524 4262 2664 4316 illam
2690 4263 3013 4333 voluptatem
3035 4267 3390 4333 attendamus,
3422 4286 3581 4339 quam

1997 4356 2176 4410 debita
2209 4364 2514 4424 repetentes
2542 4357 2864 4425 accipimus;
2906 4357 3002 4414 sed
3031 4360 3281 4415 damnum
3313 4361 3440 4416 illud
3465 4375 3582 4417 tau-

2000 4457 2132 4511 ttun,
2157 4446 2297 4517 quod
2325 4447 2380 4500 in
2405 4448 2580 4500 futuro
2620 4458 3009 4518 exspectamus,
3045 4451 3096 4504 in
3128 4451 3280 4506 bonis
3307 4453 3583 4508 immorta-

2000 4539 2137 4592 libus
2185 4552 2281 4591 nos
2330 4537 2473 4607 ipsos
2524 4537 2796 4593 laedentes.
2827 4539 3086 4595 Omnibus
3126 4557 3254 4612 ergo
3282 4546 3585 4612 superiores

1999 4627 2144 4693 facti,
2193 4627 2486 4698 largiamur
2530 4639 2584 4683 et
2629 4630 2878 4697 pecunias
2905 4642 2958 4685 et
3001 4631 3228 4687 oﬂ'ensas
3258 4633 3585 4691 debitoribus

2001 4721 2216 4787 nostris,
2245 4732 2298 4776 ut
2322 4721 2549 4778 leviores
2575 4724 2728 4779 nobis
2750 4725 2982 4778 rationes
3000 4725 3295 4780 reddendas
3315 4743 3582 4795 paremus;

2000 4824 2054 4868 et
2081 4814 2222 4884 quod
2251 4829 2355 4870 non
2395 4815 2660 4884 potuimus
2689 4831 2786 4884 per
2811 4816 2940 4870 alias
2969 4817 3190 4872 virtutes
3216 4820 3454 4889 assequi,
3494 4839 3587 4890 per

1999 4908 2320 4964 oblivionem
2357 4909 2670 4977 injuriarum
2686 4920 3094 4979 consequentes,
3113 4921 3309 4966 aeterna
3329 4914 3584 4982 adipisca-

2001 5015 2120 5053 mur
2150 5000 2308 5062 bona,
2338 5003 2503 5069 gratia
2537 5011 2590 5054 et
2617 5000 2982 5056 misericordia
3029 5003 3233 5058 Domini
3262 5007 3427 5058 nostri
3458 5007 3582 5062 Jesu

2001 5091 2220 5154 Christi,
2263 5091 2349 5144 cui
2392 5091 2559 5159 gloria
2604 5103 2656 5145 et
2685 5091 2987 5160 imperium,
3016 5111 3157 5149 nunc
3183 5105 3236 5149 et
3265 5113 3496 5166 semper,
3537 5107 3591 5151 et

2004 5183 2058 5236 in
2084 5180 2273 5236 saecula
2304 5181 2638 5235 SlL'CUlOl‘tllll.
2671 5180 2860 5236 Anien.

2527 5381 3318 5390 ...ιαμ-ῳ-
3323 5381 3578 5391 ’.κη-..ο

2005 5579 2095 5616 cur
2121 5578 2219 5616 non
2247 5577 2415 5615 omma
2430 5565 2573 5631 quasi
2598 5563 2897 5617 auctoritate
2913 5579 3004 5615 sua
3026 5561 3273 5632 fuciat.——
3290 5556 3418 5625 Quis
3446 5557 3586 5610 enini

2005 5654 2058 5709 id
2084 5653 2259 5709 fuerat
2287 5655 2626 5724 suspicatus?
2654 5665 2744 5710 aut
2775 5655 2894 5724 quis
2919 5652 3208 5721 objecerat,
3250 5659 3310 5704 ut
3339 5649 3460 5702 huic
3490 5649 3588 5702 ob-

2001 5747 2221 5820 iectioni
2249 5748 2589 5803 occurreret?
2619 5747 2800 5817 Neque
2826 5746 2965 5801 enim
2996 5759 3058 5798 ex
3091 5742 3246 5797 dictis
3269 5743 3388 5797 talis
3411 5741 3589 5811 suspi-
