4076 6150
439 251 546 306 259

430 367 516 418 rio
543 359 812 416 oriebatur
844 375 858 411 :
894 371 1016 411 nam
1058 355 1200 425 quod
1242 355 1454 423 juberet
1483 353 1640 406 mites
1660 365 1800 414 esse,
1827 347 2015 402 mode-

432 466 566 522 stos,
622 450 1018 515 misericordes,
1076 448 1304 502 mundos
1360 445 1521 500 corde
1571 453 1626 499 et
1675 459 1771 512 pro
1807 439 2015 511 justitia

429 548 731 609 decertare,
764 543 893 598 nihil
926 541 1100 595 simile
1132 539 1434 600 indicebat;
1466 538 1572 590 imo
1601 535 1722 588 huic
1750 535 1825 587 rei
1858 546 2023 601 oppo—

431 638 592 690 situm
616 644 750 690 erat.
774 635 886 700 Qua
909 648 1034 701 ergo
1054 631 1119 684 de
1141 644 1296 684 causa
1320 627 1420 681 hoc
1439 624 1741 680 dixit?Non
1761 625 2024 676 ineassmn

435 743 534 782 nec
564 727 791 788 frustra;
825 725 916 779 sed
964 723 1083 791 quia
1114 721 1383 776 veteribus
1415 719 1692 788 praeceptis
1717 716 1916 785 majora
1945 715 2024 767 la-

433 831 586 872 turus
620 828 756 879 erat,
787 816 970 870 dicens
1001 835 1012 868 :
1045 812 1287 876 Audistis,
1311 811 1429 882 quia
1470 811 1660 862 dictum
1686 818 1758 862 est
1785 807 2022 873 antiquis,

438 908 558 962 Non
577 909 800 971 occides;
821 923 908 976 ego
925 914 1088 957 autem
1108 903 1220 956 dico
1237 902 1390 967 vobis,
1403 900 1480 954 Nc
1498 899 1787 954 irascamini
1813 896 2024 968 (Matth.

436 1001 488 1052 Ii.
511 1000 572 1053 2t
593 999 737 1068 .22);
767 996 1069 1051 utdivinam
1086 993 1364 1064 quamdam
1383 992 1718 1046 accrrlestem
1740 989 1877 1043 viam
1905 1003 2029 1057 ape-

447 1091 592 1151 riret,
642 1106 709 1143 ne
753 1089 828 1142 rei
880 1086 1085 1140 novitas
1123 1085 1420 1138 auditorum
1452 1083 1658 1136 animos
1690 1082 1943 1139 turbaret.
1976 1088 2031 1132 et

444 1181 509 1237 ad
535 1181 884 1235 dubitandum
912 1178 978 1232 de
1006 1177 1162 1232 dictis
1188 1176 1495 1238 adduceret,
1527 1174 1625 1228 hac
1647 1173 1810 1226 utitur
1831 1170 2029 1240 prmvia

440 1272 702 1326 cautione.
734 1269 950 1323 Etiamsi
993 1268 1134 1321 enim
1166 1267 1334 1336 legem
1367 1280 1470 1319 non
1501 1264 1798 1333 implerent,
1829 1275 2020 1331 magno

443 1374 619 1418 tamen
649 1377 770 1430 erga
817 1360 958 1414 illam
997 1361 1312 1414 tenebantur
1354 1358 1566 1419 affectu,
1598 1371 1660 1410 ac
1703 1355 1826 1409 licet
1862 1355 2028 1421 ipsam

442 1451 680 1523 quotidie
731 1451 1010 1514 violarent,
1063 1450 1240 1502 literas
1279 1458 1452 1502 tamen
1503 1447 1749 1500 volebant
1787 1446 2034 1498 immotas

450 1558 688 1604 manere,
743 1542 979 1611 nihilque
1023 1541 1152 1610 ipsis
1199 1541 1386 1609 adjici;
1438 1541 1544 1595 imo
1571 1555 1699 1594 vero
1736 1537 1974 1608 quaedam
2003 1551 2033 1589 a

449 1633 776 1704 principibus
819 1633 928 1686 suis
959 1631 1134 1686 addita
1164 1631 1464 1696 tuebantur,
1509 1647 1626 1700 qua:
1663 1639 1808 1684 certe
1839 1644 1941 1681 non
1968 1626 2035 1682 ad

449 1725 660 1792 melius,
688 1725 780 1780 sed
806 1723 871 1778 ad
903 1723 1053 1794 pejus
1083 1726 1392 1794 vergebant.
1419 1722 1630 1776 Etenim
1660 1725 1916 1774 honorem
1945 1733 2038 1788 pa-

451 1818 693 1872 rentibus
723 1817 961 1872 debitum
1005 1816 1088 1871 his
1113 1815 1490 1871 additamentis
1516 1814 1812 1878 solverunt,
1854 1819 1911 1866 et
1934 1810 2036 1864 alia

454 1909 675 1978 plurima
741 1910 1058 1978 importunis
1117 1908 1475 1962 additionibus
1537 1903 2034 1976 pessumdederunt.

453 2000 713 2067 Quoniam
738 2016 864 2070 ergo
889 1999 1135 2056 Christus
1164 2015 1228 2054 ex
1257 1998 1572 2053 sacerdotali
1600 1996 1740 2051 tribu
1766 2011 1872 2050 non
1899 2001 2034 2059 erat,

453 2101 509 2147 et
555 2108 673 2162 quae
725 2092 842 2164 ipse
888 2093 1196 2147 inducturus
1241 2101 1393 2156 erat,
1455 2090 1874 2145 additamentum
1925 2093 2038 2142 erat

455 2184 762 2254 quodpiam,
792 2183 930 2254 quod
959 2184 1204 2238 virtutem
1229 2198 1332 2236 non
1361 2183 1645 2244 minueret,
1670 2178 1762 2234 sed
1793 2186 2036 2248 augeret:

461 2273 574 2326 haec
598 2273 754 2327 ambo
784 2272 1103 2341 prmvidens,
1131 2288 1251 2342 qua:
1278 2273 1420 2341 ipsos
1446 2271 1716 2325 turbatura
1743 2278 1914 2332 erant,
1941 2282 2040 2321 an-

461 2373 672 2433 tequam
698 2363 1036 2418 admirandas
1062 2364 1178 2417 illas
1225 2363 1366 2432 leges
1404 2363 1604 2431 scripto
1636 2359 1772 2415 tradi
1807 2367 2038 2425 curaret,

463 2453 594 2508 illud
637 2454 812 2523 rcjicit
855 2454 996 2523 quod
1042 2454 1143 2508 illis
1192 2454 1243 2506 in
1289 2463 1518 2507 mentem
1573 2462 1855 2506 venturum
1905 2457 2039 2504 erat.

462 2543 597 2612 Quid
623 2559 751 2599 vero
779 2545 902 2599 illud
931 2553 1046 2599 erat
1072 2545 1212 2615 quod
1235 2545 1549 2613 subreperet
1572 2552 1626 2599 et
1645 2542 1799 2610 objici
1823 2541 2044 2612 posset?

465 2636 730 2692 Putabant
773 2637 916 2690 illum
963 2637 1078 2692 luce
1121 2637 1302 2692 dicere
1348 2636 1414 2690 ad
1446 2636 1632 2705 legalia
1679 2644 1857 2688 vetera
1887 2634 2048 2688 abro-

465 2727 656 2797 ganda.
685 2727 836 2782 llanc
882 2727 1059 2797 itaque
1099 2735 1248 2782 sanat
1286 2727 1612 2797 Opinionem.
1637 2725 1818 2792 Neque
1843 2723 1929 2778 hic
1955 2740 2045 2779 so-

468 2818 576 2871 lttm
609 2816 710 2872 hoc
756 2816 902 2881 facit,
943 2817 1035 2872 sed
1063 2825 1116 2872 et
1146 2817 1268 2871 alibi
1298 2832 1527 2886 quoque.
1567 2816 1698 2884 Quia
1729 2816 1869 2869 enim
1904 2815 2046 2868 illum

467 2908 832 2962 adversarium
867 2908 973 2962 Deo
998 2908 1285 2962 credebant
1312 2949 1326 2972 ,
1359 2922 1426 2962 eo
1466 2907 1604 2976 quod
1635 2906 1910 2960 sabbatum
1943 2921 2046 2957 non

470 3005 738 3062 servaret,
773 3006 830 3052 ut
855 2999 990 3052 hanc
1017 2998 1226 3053 illorum
1255 2998 1609 3066 suspicionem
1637 3005 1910 3057 amoveat,
1945 2997 2052 3049 illic

470 3102 682 3158 quoque
703 3087 1043 3143 defensiones
1068 3089 1356 3157 expromit,
1382 3088 1605 3158 illasque
1631 3088 1728 3141 sibi
1757 3101 2054 3155 congruen-

473 3190 554 3233 tes
581 3198 594 3234 :
621 3189 678 3232 ιιι
705 3195 822 3233 cum
854 3179 978 3233 dicit
1005 3198 1017 3232 :
1049 3179 1204 3233 Pater
1235 3196 1369 3233 utens
1396 3189 1649 3248 operatur,
1681 3189 1728 3232 et
1758 3196 1847 3248 ego
1877 3195 2056 3249 operor

472 3273 493 3338 (
517 3268 671 3327 Joan.
698 3271 753 3327 5.
780 3271 842 3326 ~17
865 3268 916 3341 );
949 3271 1079 3324 alias
1105 3286 1231 3324 vero
1259 3269 1573 3325 demissiore
1607 3270 1764 3324 modo
1781 3257 2046 3338 prolatas,

475 3370 530 3414 ut
558 3375 678 3416 cum
706 3377 860 3416 ovem
890 3362 940 3415 in
977 3361 1207 3416 medium
1240 3361 1396 3417 affert
1431 3363 1484 3415 in
1531 3361 1751 3416 sabbato
1774 3361 2052 3431 perditam,

472 3459 526 3503 et
547 3451 775 3507 ostendit
795 3450 860 3505 ad
881 3452 996 3519 ejus
1017 3453 1239 3506 salutem
1265 3453 1430 3522 legem
1458 3451 1622 3506 fuisse
1657 3452 1880 3506 solutam
1905 3491 1922 3518 ,
1951 3453 2058 3520 cir-

475 3542 852 3596 cutncisionem
880 3559 1089 3612 quoque
1117 3543 1341 3611 idipsum
1380 3543 1655 3599 facientem
1677 3555 2062 3600 commemorat

478 3633 498 3703 (
537 3632 718 3685 Matth.
751 3635 838 3687 t2.
871 3635 957 3687 ll.
992 3633 1056 3686 l2
1081 3635 1121 3703 ).
1153 3632 1276 3687 Ideo
1313 3635 1514 3689 scilicet
1533 3632 1899 3690 humilioribus
1919 3651 2061 3706 serpe

485 3722 663 3776 verbis
690 3723 922 3792 loquitur
944 3765 961 3788 ,
996 3733 1052 3778 ut
1081 3724 1386 3794 opinionem
1426 3724 1568 3778 illam
1595 3766 1608 3789 ,
1640 3741 1744 3794 qua
1785 3726 2061 3795 putabatur

483 3815 596 3880 ipse
623 3813 732 3868 Deo
751 3814 1042 3880 adversari,
1071 3815 1389 3869 eliminaret.
1420 3815 1620 3870 Idcirco
1646 3816 1734 3886 qui
1763 3817 1924 3870 verbo
1945 3819 2060 3872 solo

484 3905 791 3959 innumeros
819 3915 1059 3960 mortuos
1085 3907 1450 3970 suscitavcrat,
1474 3922 1592 3959 cum
1621 3906 1877 3961 Lazarum
1902 3923 2062 3963 voea-

483 3997 577 4061 vit,
601 4006 652 4052 ct
673 3998 912 4052 oratione
930 4014 966 4051 n
989 3997 1180 4068 adjecit
1197 3997 1467 4066 (Joan.H.
1483 3998 1572 4069 Η)
1590 4015 1603 4063 ;
1624 3999 1836 4064 deinde,
1859 4016 1927 4055 ne
1943 4000 2065 4056 hinc

486 4089 640 4144 Patre
660 4103 757 4143 suo
779 4089 952 4143 mintr
972 4087 1342 4144 ostenderetur
1359 4131 1372 4154 ,
1398 4099 1452 4144 et
1470 4097 1530 4143 ut
1549 4089 1684 4144 hanc
1704 4091 2063 4159 suspicionem

483 4181 831 4246 emendaret,
869 4179 1142 4249 subjunxit
1171 4197 1184 4233 :
1217 4179 1338 4234 llwc
1363 4180 1471 4234 dixi
1499 4190 1704 4251 propter
1727 4181 1924 4235 turbam
1960 4184 2063 4236 cir-

486 4280 810 4324 cumstantem
830 4312 846 4337 ,
870 4281 922 4323 ut
943 4272 1147 4325 credant
1170 4272 1286 4341 quia
1317 4282 1369 4324 tu
1389 4287 1465 4326 me
1489 4272 1665 4324 misisti
1697 4271 1746 4344 (1
1755 4273 1853 4326 bid.
1880 4290 1927 4327 v.
1946 4275 2060 4344 42).

484 4362 669 4432 Neque
699 4362 874 4415 omnia
897 4361 1046 4431 quasi
1073 4378 1166 4416 sua
1190 4364 1504 4418 auctoritate
1530 4363 1672 4429 facit,
1696 4375 1752 4417 ut
1776 4364 2068 4420 inﬁrmitati

485 4470 670 4509 eormn
702 4469 759 4507 se
799 4463 1147 4522 attemperet;
1183 4470 1353 4523 neque
1379 4455 1538 4507 etiam
1569 4455 1746 4508 omnia
1778 4456 2069 4524 praemissis

489 4545 730 4612 precibus
748 4542 891 4609 facit,
913 4559 979 4598 ne
1003 4545 1228 4613 posteris
1248 4545 1569 4614 relinqueret
1587 4545 1902 4613 suspicionis
1922 4559 2071 4616 argu-

489 4642 720 4689 mentum
741 4675 754 4697 ,
788 4634 936 4704 quasi
969 4633 1170 4688 scilicet
1199 4635 1438 4687 infirmus
1464 4641 1520 4688 et
1548 4633 1810 4703 impotens
1837 4635 1907 4687 sit
1925 4676 1940 4701 ,
1970 4634 2066 4689 sed

489 4726 602 4781 haec
623 4729 723 4781 illis
747 4738 800 4782 ct
818 4728 901 4781 illa
925 4729 1007 4783 his
1024 4726 1300 4782 admiscet.
1329 4725 1456 4778 llltul
1478 4736 1652 4779 autem
1673 4740 1776 4779 non
1800 4725 1915 4779 sine
1933 4735 2069 4780 tem-

491 4830 799 4888 peramento
825 4821 974 4886 facit,
995 4821 1088 4875 sed
1110 4836 1229 4875 cum
1252 4818 1458 4874 decenti
1482 4819 1578 4872 sibi
1602 4819 1902 4888 prudentia.
1936 4819 2069 4875 Nam

488 4921 544 4965 et
565 4910 765 4979 majora
793 4914 912 4966 facit
938 4915 1086 4983 quasi
1112 4923 1420 4984 potestatem
1452 4912 1673 4978 habens,
1696 4913 1821 4966 etin
1851 4913 2073 4968 minori-

491 5004 589 5058 bus
612 5003 675 5055 ad
694 5005 883 5057 etclam
905 5006 1136 5074 respicit.
1155 5004 1424 5074 Siquidem
1453 5021 1571 5059 cum
1597 5015 1807 5073 peccata
1835 5005 2073 5073 dimittit,

489 5109 610 5149 cum
642 5104 846 5148 secreta
883 5096 1118 5160 revelat,
1148 5105 1199 5149 et
1231 5095 1527 5163 paradisum
1567 5096 1769 5166 aperit,
1803 5111 1924 5150 cum
1966 5095 2074 5150 dae—

491 5201 678 5242 m0nas
727 5185 904 5254 pellit,
943 5200 1064 5239 cum
1107 5186 1350 5254 leprosos
1395 5186 1650 5253 mundat,
1689 5203 1811 5241 cum
1850 5197 2074 5243 mortem

492 5280 666 5335 frenat
686 5320 699 5340 ,
720 5293 841 5333 cum
864 5286 1100 5333 mortuos
1121 5281 1340 5334 suscitat
1365 5280 1670 5334 innumeros
1690 5321 1704 5345 ,
1725 5280 1874 5349 jussu
1895 5283 2071 5336 omnia

493 5372 651 5437 facit;
681 5387 802 5426 cum
830 5381 1004 5425 autem
1029 5412 1042 5436 ,
1073 5371 1214 5442 quod
1248 5372 1411 5425 multo
1437 5373 1610 5425 minus
1636 5382 1787 5437 erat,
1820 5388 1981 5442 panes
2010 5389 2072 5428 ex

495 5467 678 5536 paucis
703 5466 898 5522 multos
927 5465 1072 5531 fecit,
1106 5476 1232 5520 tunc
1262 5465 1311 5518 in
1339 5465 1525 5518 caelum
1553 5465 1806 5533 respexit,
1841 5482 1933 5534 per
1961 5483 2076 5520 om-

496 5559 580 5611 nia
608 5556 898 5614 ostcndens
924 5573 984 5614 se
1012 5574 1117 5613 non
1151 5573 1213 5611 ex
1254 5556 1558 5611 infirmitate
1585 5556 1688 5612 hoc
1717 5556 1908 5611 facere.
1943 5556 2074 5610 Nam

508 5650 600 5729 qui
621 5655 819 5726 majora
848 5660 1049 5723 poterat
1068 5667 1188 5706 cum
1217 5659 1478 5722 potestate
1505 5649 1700 5716 facere,
1729 5647 1997 5718 quomodo
2023 5649 2078 5704 in

1155 243 1211 298 S.
1251 242 1530 298 JOANNIS
1566 235 2035 296 CHRYSOSTOMI
2074 233 2394 290 ARCHIEP.
2433 231 2966 288 CONSTANTINUP.

3605 236 3711 292 2l0

2128 343 2420 398 minoribus
2447 358 2605 414 prece
2626 359 2760 414 opus
2787 344 3093 399 habuisset?
3120 343 3247 411 Sed,
3275 343 3416 414 quod
3438 345 3549 415 jam
3576 347 3713 413 dixi,

2127 445 2186 490 ut
2223 437 2434 492 illorum
2475 437 2853 506 impudentiam
2881 446 3125 492 coerceat
3154 436 3253 491 hoc
3283 436 3426 492 facit.
3475 438 3718 508 ldipsnm

2127 530 2430 584 existimato
2454 570 2469 594 ,
2500 546 2622 585 cum
2659 529 2808 585 vides
2836 545 2960 584 cum
3001 529 3218 583 lnnnilia
3251 531 3412 584 verba
3444 531 3712 600 proferre.

2127 620 2260 676 Nam
2289 632 2342 676 et
2370 623 2654 677 verborum
2693 632 2749 676 et
2783 637 3005 691 operum
3037 621 3340 690 lmjusmodi
3381 623 3562 678 multm
3592 634 3721 678 sunt

2129 729 2304 768 causa!
2324 731 2338 779 ;
2361 715 2588 783 exempli
2611 715 2801 784 gratia,
2832 730 2896 768 ne
2917 729 2946 767 a
2973 714 3082 768 Deo
3109 723 3326 783 putetur
3345 729 3466 770 esse
3485 716 3722 780 alienus,

2131 806 2273 876 quod
2301 821 2487 861 omnes
2516 807 2724 862 erudiat
2751 816 2806 860 et
2833 816 2987 860 sanet
3011 847 3024 868 ,
3063 805 3205 875 quod
3238 806 3588 862 humilitatem
3619 807 3722 860 do-

2133 908 2247 952 ceat
2269 939 2284 962 ,
2311 898 2451 968 quod
2476 915 2636 953 carne
2664 897 3026 953 circumdetur
3045 939 3060 964 ,
3090 897 3230 966 quod
3258 913 3363 952 non
3393 899 3597 967 possint
3619 897 3716 953 Ju-

2133 988 2233 1044 daei
2276 988 2453 1042 omnia
2492 987 2773 1043 confertim
2819 988 3039 1053 audire,
3083 989 3223 1058 quod
3265 988 3454 1042 doceat
3495 1005 3561 1042 ne
3597 991 3730 1060 quis

2134 1097 2381 1149 magnum
2409 1081 2531 1151 quid
2562 1081 2630 1136 de
2654 1081 2831 1150 seipse
2861 1081 3124 1149 loquatur.
3145 1080 3370 1149 Ideoque
3386 1097 3529 1150 saepe
3555 1082 3727 1136 multa

2135 1171 2351 1226 humilia
2365 1171 2434 1226 de
2453 1171 2630 1240 seipso
2649 1171 3046 1241 dicens,magna
3067 1171 3184 1225 aliis
3206 1171 3454 1240 relinquit
3469 1171 3721 1226 dicenda.

2204 1262 2258 1315 2.
2340 1262 2470 1317 Nam
2525 1264 2639 1332 ipse
2680 1279 2802 1318 cum
2855 1262 3052 1318 Judreis
3104 1262 3412 1332 loqueretur
3460 1262 3722 1318 dicebat:

2136 1355 2414 1424 Antequam
2455 1355 2710 1410 Abraham
2754 1357 2914 1424 ﬁeret,
2960 1372 3050 1426 ego
3087 1373 3202 1410 sum
3229 1356 3425 1428 (Joan.
3458 1357 3512 1412 8.
3559 1357 3719 1426 58);.

2139 1447 2431 1518 discipulus
2447 1458 2626 1503 "autem
2659 1449 2775 1518 ejus
2804 1463 2909 1503 non
2937 1449 3029 1514 ita,
3059 1448 3176 1514 sed,
3208 1447 3274 1501 In
3319 1449 3570 1519 principio
3616 1458 3733 1502 erat

2147 1538 2382 1606 Verbum,
2405 1550 2450 1594 et
2486 1539 2699 1594 Verbum
2725 1549 2831 1593 erat
2856 1540 2995 1608 apud
3023 1538 3210 1605 Deum,
3233 1549 3277 1593 et
3307 1538 3445 1592 Deus
3468 1549 3574 1593 erat
3608 1539 3733 1593 Ver-

2143 1629 2259 1682 bum
2287 1629 2482 1699 (Joan.
2529 1631 2583 1684 1.
2631 1629 2725 1700 1).
2755 1631 3012 1693 Rursum,
3055 1630 3197 1700 quod
3241 1631 3453 1697 etclam,
3507 1639 3729 1695 terram,

2141 1735 2287 1772 mare
2339 1719 2450 1786 ipse
2497 1718 2716 1787 fecerit,
2755 1736 3011 1782 nec,non
3069 1719 3296 1774 visibilia
3344 1727 3399 1774 et
3444 1719 3730 1774 invisibilia

2141 1809 2341 1874 omnia,
2372 1809 2486 1878 ipse
2533 1825 2826 1880 numquam
2879 1811 3023 1867 clare
3069 1810 3237 1876 dixit;
3267 1810 3556 1880 discipulus
3598 1825 3735 1865 vero

2141 1915 2260 1954 cum
2289 1901 2532 1955 libertate
2555 1917 2740 1973 magna
2773 1903 2904 1958 nihil
2929 1903 3265 1973 supprimens
3285 1945 3300 1969 ,
3332 1904 3535 1966 semel,
3564 1903 3649 1957 bis
3677 1910 3738 1957 et

2144 1992 2340 2062 pluries
2368 1993 2417 2047 id
2443 1995 2517 2048 ait
2540 1994 2747 2048 :Omnia
2767 2013 2857 2065 per
2880 1997 3045 2066 ipsum
3077 2001 3212 2066 facta
3235 2006 3370 2063 sunt,
3407 2006 3450 2050 et
3471 1997 3578 2049 sine
3618 1997 3736 2066 ipso

2145 2088 2333 2154 factum
2379 2095 2453 2140 est
2499 2087 2626 2140 nihil
2655 2088 2672 2159 (
2697 2087 2833 2142 Ibid.
2874 2106 2924 2142 υ.
2971 2091 3068 2158 5);
3101 2098 3174 2153 et,
3207 2088 3482 2142 Inmundo
3511 2097 3618 2142 erat
3642 2130 3658 2154 ,
3689 2101 3738 2141 et

2145 2175 2363 2228 mundus
2402 2192 2491 2246 per
2537 2178 2702 2245 ipsum
2747 2183 2910 2249 factus
2953 2189 3024 2234 est
3055 2178 3224 2248 (Ibid.
3275 2196 3338 2233 v-
3376 2177 3494 2248 10).
3530 2179 3736 2248 Ecquid

2146 2265 2356 2318 miraris
2379 2306 2394 2332 ,
2425 2265 2471 2320 si
2511 2267 2597 2320 alii
2629 2267 2829 2338 majora
2868 2269 2937 2323 de
2982 2269 3074 2324 illo
3109 2269 3378 2334 dixerunt,
3409 2285 3565 2338 quam
3598 2271 3734 2338 ipse,

2147 2357 2359 2426 quando
2398 2359 2564 2412 multa
2612 2375 2706 2428 per
2732 2376 2892 2429 opera
2940 2363 3218 2426 exhibens,
3251 2377 3342 2430 per
3390 2362 3550 2415 verba
3593 2361 3740 2415 clare

2151 2465 2253 2502 non
2281 2449 2518 2504 dicebat?
2538 2449 2690 2517 Quod
2717 2455 2858 2507 enim
2889 2453 3158 2509 hominem
3185 2455 3298 2524 ipse
3321 2453 3526 2518 fecerit,
3555 2465 3741 2508 osten-

2149 2539 2228 2594 dit
2273 2541 2415 2596 clare
2458 2557 2553 2611 per
2605 2558 2843 2608 caecum;
2895 2562 3014 2598 rum
3043 2555 3218 2600 autem
3248 2547 3314 2600 de
3340 2545 3658 2600 formatione
3685 2546 3740 2600 in

2153 2632 2412 2700 principio
2443 2633 2576 2687 facta
2606 2650 2783 2689 sermo
2813 2636 2911 2704 ipsi
2939 2647 3047 2691 erat
3067 2678 3083 2703 ,
3116 2653 3222 2692 non
3249 2637 3415 2705 dixit,
3442 2636 3556 2708 Ego
3596 2637 3628 2690 f.
3650 2639 3736 2696 ei:

2151 2725 2243 2779 sed
2270 2767 2284 2790 ,
2312 2727 2411 2792 Qui
2440 2728 2556 2796 fecit
2575 2769 2591 2793 ,
2622 2729 2901 2783 masculum
2927 2739 2973 2783 et
2998 2732 3236 2801 feminam
3259 2731 3374 2802 fecit
3397 2734 3519 2798 eos(
3547 2729 3736 2783 Matth.

2154 2817 2240 2871 19.
2277 2818 2329 2871 4.
2379 2817 2505 2873 Gen.
2540 2821 2587 2873 1.
2610 2820 2738 2891 27).
2775 2822 2840 2876 Et
2867 2824 3006 2892 quod
3029 2823 3280 2877 mundum
3301 2823 3583 2886 creaverit,
3602 2834 3656 2878 et
3673 2839 3738 2878 est

2152 2927 2271 2980 quas
2295 2911 2350 2965 in
2378 2915 2493 2981 ipso
2517 2923 2660 2979 sunt,
2696 2929 2790 2983 per
2830 2916 3021 2980 pisces,
3051 2931 3147 2986 per
3183 2915 3382 2980 vinum,
3416 2930 3508 2985 per
3551 2930 3740 2985 panes,

2167 3016 2260 3070 per
2290 3005 2729 3072 tranquillitatem
2778 3006 2836 3060 in
2886 3008 3052 3073 mari,
3093 3024 3190 3078 per
3223 3011 3404 3065 radios
3425 3011 3560 3065 solis
3598 3029 3742 3082 quos

2168 3097 2362 3150 avertit
2395 3098 2447 3150 in
2487 3101 2712 3166 cruce‘,
2764 3116 2966 3171 perque
3001 3102 3352 3171 plurimaalia
3373 3107 3728 3170 monstravit;

2166 3189 2343 3242 verbis
2372 3201 2547 3244 tamen
2567 3209 2860 3262 numquam
2883 3195 3030 3248 clare
3050 3195 3218 3250 dixit:
3269 3197 3362 3250 sed
3391 3198 3645 3266 discipuli
3682 3201 3733 3253 id

2165 3295 2305 3348 saepe
2342 3281 2550 3349 dicunt,
2566 3281 2824 3350 Joannes,
2843 3283 3064 3351 Paulus,
3092 3284 3305 3341 Petrus.
3319 3286 3454 3342 Nam
3471 3289 3518 3344 si
3537 3290 3626 3344 isti
3643 3292 3738 3359 qui

2165 3380 2320 3426 nocte
2336 3372 2715 3442 diequeipsmn
2741 3375 3049 3445 loquentem
3066 3378 3377 3441 audiebant,
3409 3381 3738 3435 etmiracula

2165 3472 2463 3528 patrantem
2483 3465 2755 3531 videbant,
2771 3468 2969 3536 quibus
2981 3471 3209 3524 seorsim
3224 3472 3388 3524 multa
3405 3472 3666 3535 solvebat,
3685 3482 3741 3526 et

2165 3555 2360 3598 tantam
2406 3547 2627 3602 dederat
2667 3558 3012 3616 potestatem,
3053 3558 3109 3603 ut
3149 3559 3203 3604 et
3245 3559 3482 3604 mortuos
3524 3550 3750 3604 suscita-

2167 3644 2307 3702 rent,
2355 3643 2516 3706 atque
2568 3637 2638 3690 ita
2687 3636 2950 3707 perfectos
2995 3639 3319 3708 reddiderat,
3360 3649 3420 3694 ut
3447 3641 3624 3694 omnia
3651 3655 3750 3709 pro

2169 3725 2283 3795 ipso
2312 3727 2710 3798 relinquerent:
2740 3741 2858 3798 post
2903 3738 3103 3785 tantam
3151 3733 3395 3785 virtutem
3425 3741 3479 3787 et
3506 3732 3747 3802 philoso-

2167 3818 2370 3888 phiam,
2400 3837 2502 3873 non
2528 3831 2814 3890 potuerunt
2839 3824 3015 3877 omnia
3043 3832 3278 3892 portare,
3309 3835 3590 3894 antequam
3630 3824 3754 3894 Spi-

2168 3911 2326 3965 ritum
2358 3923 2597 3966 sanctum
2637 3914 3266 3986 acciperentzquomodo
3304 3917 3527 3987 populus
3566 3917 3752 3971 Judai-

2169 4015 2300 4068 cus,
2341 4003 2699 4072 intelligentia:
2751 4020 2975 4075 expers,
3024 4007 3114 4076 qui
3141 4007 3208 4061 ad
3255 4015 3455 4062 tantam
3499 4007 3751 4062 virtutem

2172 4107 2275 4146 non
2331 4103 2667 4162 pervenerat,
2697 4095 2786 4164 qui
2835 4096 3045 4151 nonnisi
3097 4095 3317 4151 fortuito
3365 4113 3493 4152 casu
3533 4100 3648 4167 ejus
3700 4108 3756 4152 et

2171 4183 2336 4252 gestis
2362 4193 2416 4238 et
2445 4183 2600 4239 dictis
2628 4185 2833 4248 aderat,
2866 4187 3036 4256 ipsum
3065 4187 3298 4242 alienum
3328 4203 3358 4241 a
3392 4188 3498 4242 Deo
3539 4188 3757 4243 univer-

2174 4288 2353 4328 sorum
2381 4289 2501 4330 esse
2530 4289 2632 4330 non
2659 4275 3010 4344 credidisset,
3045 4277 3147 4331 nisi
3175 4287 3317 4333 tanta
3347 4278 3672 4333 demissione
3704 4289 3760 4333 et

2176 4363 2499 4434 indulgentia
2529 4381 2624 4432 per
2649 4367 2824 4420 omnia
2854 4381 2983 4422 usus
3008 4367 3185 4422 esset?
3210 4368 3333 4422 ideo
3356 4383 3604 4439 namque,
3637 4384 3757 4422 eum

2175 4457 2452 4512 sabbatum
2478 4459 2732 4524 solveret,
2765 4475 2867 4512 non
2893 4468 3049 4513 antea
3080 4459 3249 4529 legem
3279 4459 3581 4529 hujusmodi
3607 4476 3759 4514 suam

2179 4549 2492 4613 induxerat;
2522 4550 2614 4605 sed
2646 4552 2818 4605 varias
2847 4560 2900 4605 et
2940 4552 3133 4606 multas
3165 4553 3310 4622 prius
3358 4551 3511 4606 affert
3563 4567 3759 4620 purga-

2180 4645 2372 4699 tiones.
2429 4644 2579 4712 Quod
2621 4645 2664 4699 si
2695 4645 3002 4699 mandatum
3054 4661 3214 4698 unum
3266 4645 3560 4711 soluturus,
3617 4655 3760 4698 tanta

2181 4737 2345 4790 utitur
2393 4736 2675 4791 verborum
2725 4738 2994 4804 cautione,
3023 4752 3092 4793 ne
3143 4736 3414 4792 auditores
3462 4736 3760 4807 percellat:

2182 4835 2348 4890 multo
2396 4835 2565 4906 magis
2614 4849 2736 4890 cum
2794 4835 2896 4905 legi
2959 4835 3178 4904 integra:
3232 4835 3488 4903 integram
3544 4833 3769 4886 adderet

2183 4927 2370 4995 legem,
2407 4926 2633 4994 plurimo
2664 4925 2852 4996 egebat
2880 4935 3133 4996 apparatu
3164 4933 3320 4994 atque
3339 4939 3486 4986 cura,
3518 4938 3584 4977 ne
3608 4922 3768 4976 audi-

2183 5027 2324 5073 tores
2372 5018 2627 5071 turbaret.

2256 5109 2359 5165 Cur
2397 5107 2625 5162 Christus
2663 5106 2935 5177 aliquando
2980 5123 3081 5160 non
3119 5122 3172 5160 se
3209 5105 3344 5158 clare
3388 5103 3552 5158 Deum
3599 5103 3758 5156 dicat.

2250 5221 2266 5250 ί
2282 5213 2923 5279 MontefaleoniuslnGrajco
2941 5213 3144 5279 legebat
3157 5213 3273 5279 _:_8_ta‘r
3287 5218 3372 5268 τῆς
3381 5209 3636 5279 ἀκτῖνοεής
3645 5209 3767 5268 ἀπή-

2188 5279 2464 5349 στρριψενρν
2473 5279 2546 5349 Et}.
2559 5278 2752 5349 Qac‘itbp,
2767 5271 3036 5349 hatinequfe
3050 5271 3350 5349 reddiderat,
3363 5271 3635 5349 permities
3645 5284 3770 5349 quos

2186 5335 2348 5392 emisit
2392 5337 2440 5386 in
2472 5335 2854 5400 Thuborefrlte,
2881 5335 3343 5400 inquit,a_ccuratius
3375 5347 3634 5400 perpensa,
3665 5343 3769 5381 tee-

2191 5402 2373 5451 tionem
2395 5402 2546 5456 illam,
2559 5412 2657 5461 per,
2672 5394 2846 5461 radios
2859 5394 2978 5461 quos
2997 5394 3155 5461 emisit
3178 5395 3226 5444 in
3247 5409 3406 5451 cruce,
3421 5394 3621 5461 qmnino
3631 5400 3768 5461 stare

2185 5477 2283 5512 non
2306 5474 2449 5525 posse
2471 5455 2809 5525 animadverti.
2825 5455 2962 5525 Quod
2979 5457 3109 5506 enim
3132 5459 3179 5505 in
3200 5469 3350 5525 cruce
3367 5455 3770 5525 refttlserit,_npl-

2187 5527 2264 5574 lus
2297 5515 2709 5584 evangelistarum
2734 5515 2896 5587 dixit:
2923 5521 3234 5587 Quapropter
3262 5515 3770 5587 le_ctionem.in_Thg-

2186 5589 2316 5641 bore,
2329 5579 2685 5647 amplectimur.
2698 5600 2715 5629 ι
2734 5579 2928 5647 Videsis
2952 5579 3062 5647 quae
3084 5579 3144 5647 iu_
3155 5581 3285 5647 hunc
3307 5579 3468 5647 locum
3481 5579 3765 5647 simuletur

2189 5635 2548 5698 lllozttefaieouii
2569 5643 2936 5697 annotationem
2957 5635 3301 5691 animadvertit
3312 5637 3593 5690 Fridericus
3605 5635 3763 5687 l-‘ield.
