4076 6150
339 241 447 298 259

336 356 447 409 τῶν
475 353 778 426 εἰρημένων
811 354 1028 425 τοιαύτη
1064 371 1146 419 τις
1169 354 1381 424 ὑποψία
1409 357 1652 410 ἐτίκτετο
1673 376 1685 388 ·
1719 360 1778 412 τὸ
1804 358 1911 429 γὰρ

338 437 582 492 κελεύειν
637 436 846 505 πράους
874 431 1034 498 εἶναι,
1073 439 1168 490 καὶ
1220 440 1502 502 ἐπιεικεῖς.
1557 441 1650 493 καὶ
1687 441 1912 512 ἐλεήμο-

337 538 456 583 νας,
492 522 585 573 καὶ
623 520 898 591 καθαροὺς
923 522 988 591 τῇ
1016 521 1237 591 καρδίᾳ,
1262 522 1358 574 καὶ
1399 522 1540 593 ὑπὲρ
1568 523 1913 592 δικαιοσύνης

335 603 724 671 ἀγωνίζεσθαι,
751 602 902 656 οὐδὲν
953 603 1194 656 τοιοῦτον
1231 605 1583 669 ἐνεδείκνυτο,
1627 606 1764 661 ἀλλά
1819 608 1912 659 καὶ

335 687 649 738 τούναντίον
681 685 852 741 ἆπαν.
876 685 941 737 Τί
964 685 1166 756 δήποτε
1204 682 1296 739 οῦν
1327 685 1486 740 τοῦτο
1511 689 1766 759 εἴρηκεν;
1801 689 1912 759 Οὐχ

339 770 549 833 ἁπλῶς,
584 768 702 821 οὐδὲ
735 770 890 839 είκῆ·
947 769 1063 821 ἀλλ’
1129 769 1318 839 ἐπειδὴ
1364 770 1587 838 μείζονα
1639 769 1748 823 τῶν
1807 786 1907 822 πα-

340 852 506 906 λαιῶν
541 851 734 921 ἔμελλε
773 851 1083 920 νομοθετεῖν
1118 852 1598 921 παραγγελμάτων
1631 854 1669 914 ί,
1701 851 1874 919 λέγων
1895 868 1908 882 ·

353 934 694 996 Ἠκούσατε,
734 933 824 986 ὅτι
857 932 1062 1002 ἐρρέθη
1097 933 1221 1000 τοῖς
1248 935 1517 1002 ἀρχαίοις
1537 951 1550 965 ·
1587 937 1668 987 Οὐ
1695 935 1911 1002 φονεύ-

340 1031 504 1082 σεις·
555 1015 670 1084 ἐγὼ
713 1014 782 1068 δὲ
813 1015 968 1084 λέγω
1006 1016 1151 1083 ὑμῖν
1180 1033 1194 1046 ·
1220 1014 1388 1083 Μηδὲ
1445 1014 1770 1084 ὀργίζεσθε·
1819 1017 1913 1069 καὶ

341 1099 492 1160 θείας
541 1099 689 1161 τινὸς
732 1099 824 1152 καὶ
870 1097 1123 1167 οὐρανίου
1154 1100 1174 1129 ¹
1203 1098 1476 1162 πολιτείας
1508 1099 1727 1168 τέμνειν
1754 1099 1871 1151 ὁδόν
1893 1115 1906 1128 ·

341 1181 428 1234 ἴνα
458 1182 531 1252 μὴ
551 1181 610 1233 τὸ
643 1181 790 1245 ξένον
818 1180 1029 1251 ταράξῃ
1073 1179 1184 1232 τῶν
1232 1181 1539 1233 ἀκουόντων
1575 1180 1673 1243 τὰς
1711 1181 1909 1250 ψυχὰς,

339 1267 433 1318 καὶ
453 1263 852 1327 διαστασιάζειν
877 1263 898 1295 ³
931 1263 1327 1335 παρασκευάσῃ
1359 1264 1494 1333 πρὸς
1527 1263 1595 1316 τὰ
1623 1264 1910 1336 λεγόμενα,

338 1347 513 1421 ταύτῃ
551 1347 818 1417 κέχρηται
851 1349 915 1417 τῇ
953 1345 1361 1418 προδιορθώσει.
1417 1348 1478 1400 El
1524 1346 1632 1416 γάρ
1683 1353 1778 1400 καὶ
1838 1349 1912 1416 μὴ

339 1430 611 1502 ἐπλήρουν
657 1431 749 1483 τὸν
798 1430 982 1498 νόμον,
1027 1429 1140 1483 ἀλλ’
1176 1431 1326 1500 ὅμως
1370 1431 1538 1500 πολλῇ
1595 1431 1915 1500 κατείχοντο

339 1514 478 1583 πρὸς
508 1512 670 1566 αὐτὸν
721 1512 1048 1582 συνειδήσει,
1081 1513 1176 1565 καὶ
1223 1514 1337 1575 τοῖς
1385 1514 1709 1582 πράγμασιν
1749 1510 1912 1565 αὐτὸν

339 1598 464 1651 καθ’
510 1598 746 1666 ἑκάστην
791 1595 1162 1666 παραλύοντες
1193 1594 1291 1665 τὴν
1337 1596 1570 1666 ἡμέραν,
1619 1595 1687 1648 τὰ
1741 1594 1913 1665 γράμ-

345 1698 489 1752 ματα
527 1680 714 1750 ἡθελον
745 1680 925 1749 μένειν
951 1679 1201 1750 ἀκίνητα,
1241 1679 1334 1730 καὶ
1371 1679 1573 1748 μηδένα
1608 1681 1630 1710 ⁵
1663 1677 1914 1749 προσθεῖ-

342 1781 431 1816 ναι
453 1763 612 1815 πλέον
650 1763 865 1825 αὐτοῖς·
902 1762 1102 1832 μᾶλλον
1131 1763 1187 1815 δέ
1221 1763 1618 1835 προστιθέντων
1645 1762 1743 1832 μέν
1775 1762 1915 1830 ήνεί-

343 1863 498 1915 χοντο
530 1845 638 1897 τῶν
678 1845 975 1916 ἀρχόντων,
1012 1845 1112 1898 οὐκ
1166 1845 1260 1897 ἐπὶ
1305 1845 1366 1897 τὸ
1409 1847 1656 1916 κρεῖττον
1683 1844 1763 1907 δὲ,
1795 1843 1912 1896 ἀλλ’

340 1929 434 1980 ἐπὶ
457 1929 518 1980 τὸ
557 1930 756 1997 χεῖρον.
796 1927 905 1980 Καὶ
933 1927 1042 1996 γὰρ
1097 1927 1195 1998 τὴν
1223 1930 1304 1990 είς
1352 1929 1478 1989 τοὺς
1528 1927 1719 1994 γονέας
1751 1925 1914 1996 τιμήν

340 2011 483 2064 οὑτω
507 2011 777 2082 παρέλυον
819 2013 938 2073 ταῖς
978 2012 1185 2066 ἑαυτῶν
1215 2010 1554 2082 προσθήκαις
1576 2026 1589 2040 ·
1628 2010 1723 2062 καὶ
1751 2010 1915 2079 ἕτερα

338 2093 396 2146 δέ
431 2093 648 2147 πλείονα
697 2093 806 2145 τῶν
857 2095 1191 2164 ἐγκειμένων
1246 2093 1462 2159 ἐξέλυον
1511 2095 1624 2155 τοῖς
1665 2092 1915 2161 ἀκαίροις

340 2175 548 2238 τούτοις
582 2177 960 2247 πλεονασμοίς.
1020 2179 1172 2230 Ἐπεὶ
1211 2173 1304 2230 οὖν
1335 2178 1364 2228 ό
1409 2176 1642 2246 Χριστὸς
1680 2174 1804 2228 οὐτε
1856 2174 1915 2238 ἐξ

345 2261 622 2330 ἱερατικῆς
661 2259 835 2328 φυλῆς
865 2259 1162 2330 ἐτύγχανεν
1220 2258 1315 2324 ῶν,
1365 2260 1457 2312 καὶ¹
1495 2258 1638 2329 ἅπερ
1693 2258 1914 2328 ἔμελλεν

339 2342 700 2412 εἰσηγεῖσθαι,
728 2343 1012 2414 προσθήκη
1031 2360 1115 2406 τις
1131 2339 1218 2414 ἦν,
1247 2344 1308 2396 οὐ
1335 2343 1440 2414 μὴν
1459 2340 1776 2401 ἐλαττοῦσα,
1799 2341 1913 2394 ἀλλ’

339 2426 679 2479 ἐπιτείνουσα
691 2425 788 2496 τὴν
801 2428 1020 2497 ἀρετήν·
1035 2427 1296 2498 προειδὼς
1307 2426 1591 2497 ἀμφότερα
1601 2425 1772 2478 ταῦτα
1786 2424 1884 2494 μέλ
1893 2453 1913 2463 -

340 2511 504 2564 λοντα
519 2510 715 2573 αὐτοὺς
730 2510 1041 2581 ταράττειν,
1072 2511 1202 2581 πρὶν
1219 2511 1252 2582 ἢ
1273 2511 1399 2574 τοὺς
1415 2510 1761 2580 θαυμαστοὺς
1781 2507 1916 2561 ἐκείο

339 2611 464 2657 νους
513 2594 788 2664 ἐγγράψαι
841 2594 1058 2664 νόμους,
1104 2593 1353 2647 ἐκϐάλλει
1400 2593 1456 2647 τὸ
1498 2593 1688 2664 μέλλον
1736 2591 1915 2645 αὐτῶν

341 2678 605 2748 ὑφορμεῖν
639 2680 704 2748 τῇ
726 2675 951 2747 διανοίᾳ.
984 2677 1049 2729 Τί
1081 2676 1137 2729 δέ
1165 2671 1312 2746 ἦντὸ
1333 2675 1608 2747 ὑφορμοῦν
1641 2677 1734 2729 καὶ
1764 2676 1913 2728 ἀντι-

341 2759 574 2830 κροῦον;
620 2759 900 2829 Ἐνόμιζον
929 2759 1090 2812 αὐτὸν
1118 2759 1292 2812 ταῦτα
1328 2759 1551 2828 λέγοντα
1589 2761 1674 2812 ἐπ’
1697 2757 1915 2828 ἀναιρέ-

343 2860 426 2894 σει
470 2843 578 2894 τῶν
632 2840 873 2896 παλαιῶν
914 2841 1158 2911 νομίμων
1197 2843 1370 2894 ποιεῖν
1386 2841 1427 2894 ⁸.
1481 2842 1696 2911 Ταύτην
1736 2841 1914 2895 τοίνυν

345 2927 489 2979 ἰᾶται
512 2925 608 2996 τὴν
637 2926 911 2978 ὑπόνοιαν.
937 2927 1046 2978 Καὶ
1064 2925 1163 2977 οὐκ
1192 2924 1422 2978 ἐνταῦθα
1455 2924 1611 2978 τοῦτο
1644 2926 1789 2977 ποιεῖ
1818 2926 1916 2996 μό-

340 3026 453 3071 νον,
483 3007 619 3061 ἀλλά
651 3009 744 3060 καὶ
770 3008 993 3078 ἑτέρωθι
1037 3007 1219 3062 πάλιν.
1269 3007 1504 3078 Ἐπειδὴ·
1531 3008 1640 3078 γάρ
1677 3008 1916 3062 ἀντίθεον

341 3089 591 3145 ἐντεῦθεν
626 3090 787 3143 αὐτὸν
833 3089 1080 3160 ἐνόμιζον
1112 3085 1270 3150 εἶναι,
1301 3090 1408 3143 ἀπὸ
1435 3089 1528 3143 τοῦ
1557 3091 1617 3144 τὸ
1647 3090 1917 3144 Σάϐϐατον

345 3176 420 3244 μὴ
455 3177 666 3245 τηρεῖν,
703 3173 1017 3245 θεραπεύων
1045 3174 1224 3228 αὐτῶν
1254 3173 1353 3244 τὴν
1380 3174 1631 3244 τοιαύτην
1661 3175 1912 3244 ὑποψίαν.

343 3259 505 3310 κάκεῖ
527 3257 687 3310 πάλιν
719 3256 928 3327 τίθησιν
958 3257 1269 3325 ἀπολογίας,
1307 3256 1404 3320 τὰς
1445 3257 1542 3327 μὲν
1575 3256 1754 3327 ἐαυτῷ
1789 3275 1918 3327 πρε-

341 3341 568 3404 πούσας,
599 3339 787 3410 ὥσπερ
810 3341 934 3394 ὅταν
958 3340 1114 3411 λέγῃ,
1156 3341 1208 3392 '0
1235 3340 1435 3409 Πατήρ
1460 3359 1578 3410 μου
1601 3341 1917 3410 ἐργάζεται,

341 3423 506 3492 κάγὼ
542 3419 869 3491 ἐργάζομαι·
912 3422 1012 3486 τὰς
1060 3423 1117 3475 δὲ
1155 3423 1289 3477 πολὺ
1340 3422 1402 3475 τὸ
1451 3424 1917 3491 συγκαταϐατικὸν

342 3506 593 3575 ἐχούσας,
627 3501 738 3560 οἷον
775 3506 850 3568 ὡς
873 3505 1000 3559 ὅταν
1035 3507 1120 3568 είς
1149 3505 1313 3576 μέσον
1347 3507 1568 3578 παράγῃ
1599 3507 1620 3538 ⁸
1651 3507 1917 3579 πρόϐατον

345 3588 713 3658 ἀπολλύμενον
746 3591 803 3642 ἐν
833 3588 1120 3658 Σαϐϐάτῳ,
1157 3588 1251 3641 καὶ
1275 3589 1492 3660 δεικνύῃ
1524 3589 1611 3643 διὰ
1643 3589 1743 3660 τὴν
1778 3590 1919 3644 ἐκεί-

342 3688 435 3724 νου
475 3672 747 3741 σωτηρίαν
784 3671 875 3725 τὺν
911 3671 1069 3741 νόμον
1114 3671 1448 3742 κινούμενον,
1484 3674 1579 3727 καὶ
1615 3673 1918 3742 περιτομῆς

347 3753 663 3825 μνημονεύῃ
687 3754 747 3805 τὸ
781 3754 909 3806 αὐτὸ
936 3754 1093 3807 τοῦτο
1119 3754 1375 3822 ποιούσης
1407 3754 1586 3808 πάλιν.
1619 3755 1709 3807 Διὸ
1733 3754 1797 3824 δή
1823 3755 1917 3809 καὶ

341 3838 700 3909 ταπεινότερα
731 3839 1024 3906 φθέγγεται
1065 3839 1321 3901 πολλάκις
1351 3840 1588 3908 ῥήματα,
1622 3839 1706 3891 ἴνα
1741 3838 1800 3891 τὸ
1834 3838 1918 3891 60-

344 3923 460 3974 κεῖν
501 3917 638 3974 εἶναι
678 3921 918 3985 ἀντίθεος
963 3922 1146 3993 ἀνέλῃ.
1183 3923 1281 3975 Διά
1314 3922 1471 3976 τοῦτο
1515 3925 1544 3976 ό
1584 3923 1808 3992 μυρίους
1837 3940 1917 3976 νε-

345 4004 512 4074 κροὺς
538 4004 753 4076 ἐγείρας
773 4004 916 4074 λόγῳ
951 4005 1094 4074 μόνῳ
1124 4005 1164 4068 ⁷,
1196 4004 1356 4074 ἡνίκα
1387 4005 1476 4057 τὸν
1503 4004 1751 4075 Λάζαρον
1784 4005 1915 4057 ἐκά-

344 4087 458 4150 λει,
517 4091 610 4140 καὶ
663 4087 828 4158 εὐχὴν
877 4087 1244 4158 προσέθηκεν·
1290 4083 1426 4151 εἷτα,
1485 4088 1568 4140 ἵνα
1628 4088 1702 4158 μὴ
1757 4088 1914 4141 τοῦτο

345 4171 599 4224 ἐλάττονα
627 4171 786 4224 αὐτὸν
816 4170 964 4242 δείξῃ
986 4170 1078 4224 τοῦ
1101 4171 1506 4240 γεγεννηκότος,
1539 4171 1912 4242 διορθούμενος

346 4254 498 4326 [204]
526 4253 625 4324 τὴν
660 4255 928 4318 ὑπόνοιαν,
959 4256 1256 4326 ἐπήγαγεν,
1288 4255 1370 4307 ὃτι
1408 4254 1597 4308 Ταῦτα
1617 4251 1789 4308 εἷπον
1815 4255 1910 4309 διὰ

343 4337 452 4391 τὸν
496 4336 684 4404 ὄχλον
707 4339 813 4390 τὸν
840 4335 1220 4405 περιεστῶτα,
1247 4338 1356 4391 ἵνα·
1383 4337 1792 4391 πιστεύσωσιν
1825 4336 1914 4392 ὅτι

343 4420 425 4473 σύ
460 4436 535 4488 με
573 4419 952 4486 ἀπέστειλας.
1001 4421 1109 4473 Καὶ
1147 4419 1270 4473 οὐτε
1311 4419 1488 4472 πάντα
1530 4419 1604 4482 ὡς
1641 4419 1914 4474 αὐθεντῶν

343 4501 654 4574 ἐργάζεται,
703 4503 787 4556 ἵνα
821 4503 919 4573 τὴν
959 4503 1182 4558 ἐκείνων
1216 4503 1496 4557 ἀσθένειαν
1532 4501 1911 4574 διορθὼσηται·

342 4586 465 4639 οὐτε
500 4585 678 4640 πάντα
704 4585 995 4656 εὐχόμενος
1017 4588 1182 4648 ποιεῖ,
1207 4586 1292 4638 ἵνα
1320 4586 1393 4656 μὴ
1424 4588 1535 4648 τοῖς
1567 4584 1703 4654 μετά
1742 4586 1914 4639 ταῦτα

343 4667 616 4739 καταλίπῃ
644 4669 884 4740 πονηρᾶς
905 4669 1138 4738 ὑποψίας
1161 4669 1434 4730 ὑπόθεσιν,
1456 4668 1530 4732 ῶς
1555 4669 1796 4722 ἀσθενῶν
1825 4671 1916 4723 καὶ

342 4751 618 4812 ἀδυνάτως
639 4749 795 4820 έχων·
821 4750 956 4802 ἀλλά
979 4751 1198 4820 μίγνυσι
1216 4751 1390 4805 ταῦτα
1412 4751 1660 4817 ἐκείνοις,
1688 4753 1914 4805 κάκεῖνα

342 4835 572 4896 τούτοις.
605 4833 714 4885 Καὶ
738 4831 858 4884 οὐδέ
882 4833 1036 4886 τοῦτο
1067 4833 1252 4897 ἁπλῶς
1276 4837 1436 4899 ποιεῖ,
1470 4835 1604 4889 ἀλλά
1651 4835 1789 4903 μετά
1817 4836 1914 4904 τῆς

342 4916 492 4987 αὐτῷ
534 4913 916 4986 προσηκούσης
967 4916 1250 4981 συνέσεως.
1299 4917 1380 4970 Τά
1417 4918 1521 4990 γάρ
1563 4919 1784 4989 μείζονα
1830 4919 1915 4986 ἐξ-

343 4998 707 5062 ουσιαστικῶς
745 5000 934 5065 ποιῶν,
970 5000 1028 5052 ἐν
1059 5003 1170 5065 τοῖς
1199 5001 1474 5055 ἐλάττοσιν
1517 5005 1595 5066 είς
1633 5004 1723 5057 τὸν
1753 5005 1916 5073 οὐρα-

343 5087 431 5139 νὸν
462 5083 756 5138 ἀναϐλέπει
783 5082 824 5137 ⁸.
870 5083 1264 5154 Ἀμαρτήματα
1329 5086 1426 5156 μὲν
1468 5087 1574 5157 γὰρ
1610 5086 1770 5152 λύων,
1821 5089 1915 5142 καὶ

343 5169 411 5223 τὰ
430 5167 716 5240 ἀπόρρητα
743 5167 1164 5230 ἀποκαλύπτων,
1186 5168 1280 5221 καὶ
1296 5169 1621 5239 παράδεισον
1643 5170 1911 5240 ἀνοιγνὺς,

346 5249 441 5305 καὶ
485 5249 745 5319 δαίμονας
794 5249 1132 5314 ἀπελαύνων,
1178 5251 1270 5303 καὶ
1314 5250 1547 5322 λεπροὺς
1581 5252 1911 5324 καθαρίζων,

347 5335 440 5387 καὶ
468 5333 695 5386 θάνατον
728 5333 980 5403 χαλινῶν,
1019 5334 1112 5386 καὶ
1135 5335 1358 5404 νεκροὺς
1397 5333 1622 5406 ἐγείρων
1667 5339 1912 5408 μυρίους,

347 5415 406 5481 ἐξ
454 5415 824 5487 ἐπιτάγματος
868 5416 1044 5470 πάντα
1075 5416 1266 5470 ἐποίει.
1309 5417 1501 5472 Ἦνίκα
1537 5419 1614 5487 δέ,
1661 5417 1690 5471 ὃ
1735 5421 1915 5493 πολλῷ

1484 241 1551 296 IN
1589 242 2001 300 MATTIIASUM
2041 243 2272 302 IIOMIL.
2308 244 2445 301 XVI.

3477 241 3586 300 250

2011 359 2214 413 τούτων
2247 360 2466 412 ἔλαττον
2503 353 2592 428 ἦν,
2619 358 2816 427 ἄρτους
2858 356 2918 420 ἐξ
2954 356 3148 423 ὀλίγων
3186 353 3412 417 πολλοὺς
3443 371 3586 422 παρ-

2012 442 2274 507 εσκεύαζε
2305 441 2593 512 πηγάζειν,
2620 441 2741 492 τότε
2784 441 2862 501 εἰς
2893 438 3121 507 οὐρανὸν
3155 437 3440 500 ἀνέϐλεπε,
3475 437 3584 489 δει-

2011 526 2142 587 κνὺς
2183 526 2264 578 ὅτι
2298 526 2358 577 οὐ
2397 525 2462 577 δι’
2501 523 2784 577 ἀσθένειαν
2825 521 2983 575 τοῦτο
3024 519 3334 592 ἐργάζεται.
3381 523 3437 575 Ὁ
3478 522 3590 589 γάρ

2010 609 2078 661 τά
2116 607 2334 676 μείζονα
2363 607 2609 679 δυνηθεὶς
2634 606 2747 676 μετ’
2779 605 3023 671 ἐξουσίας
3059 605 3078 634 ⁹
3107 603 3349 672 ποιῆσαι,
3383 603 3498 666 πῶς
3521 605 3592 656 ἂν

2011 697 2066 746 ἐν
2095 697 2206 756 τοῖς
2234 694 2509 746 ἐλάττοσιν
2537 693 2700 761 εὐχῆς
2729 691 2953 761 ὲδεήθης
2998 689 3160 751 Ἀλλ’,
3187 690 3322 759 ὅπερ
3364 689 3498 757 ἔφην
3521 689 3586 749 ¹⁰,

2012 777 2096 830 ἵνα
2158 778 2378 831 ἐκείνων
2432 776 2756 847 ἐπιστομίσῃ
2811 774 2907 844 τὴν
2963 772 3364 841 ἀναισχυντίαν,
3429 771 3589 823 τοῦτο

2012 863 2174 913 ποιεῖ.
2229 861 2302 913 Τὸ
2355 860 2486 912 αὐτὸ
2536 859 2712 912 τοίνυν
2771 858 2866 910 καὶ
2909 859 2967 908 ἐν
3009 858 3118 917 τοῖς
3167 855 3424 925 ῥήμασιν,
3460 853 3591 905 ὅταν

2011 941 2250 1012 ἀκούσῃς
2295 941 2457 994 αὐτοῦ
2506 941 2736 994 ταπεινά
2786 939 3174 1008 φθεγγομένου,
3209 935 3444 1004 λογίζου.
3487 934 3589 988 Καὶ

2012 1027 2118 1095 γὰρ
2153 1025 2344 1077 πολλαὶ
2388 1025 2482 1078 καὶ
2517 1023 2624 1076 τῶν
2671 1023 2929 1092 ῥημάτιον
2971 1021 3064 1073 καὶ
3105 1019 3212 1071 τῶν
3250 1019 3592 1089 πραγμάτιον

2012 1107 2121 1159 τῶν
2149 1108 2404 1160 τοιούτων
2433 1107 2570 1159 εἰσὶν
2598 1105 2786 1158 αἰτίαι·
2813 1098 2944 1166 οἷον,
2974 1102 3034 1154 τὸ
3065 1100 3136 1172 μὴ
3166 1102 3480 1171 νομίζεσθαι
3505 1101 3591 1154 άλ-

2013 1190 2222 1260 λὸτριον
2242 1188 2376 1243 εἷναι
2405 1190 2497 1243 τοῦ
2521 1188 2678 1252 Θεοῦ,
2701 1189 2759 1239 τὸ
2781 1188 2985 1248 πάντας
3003 1185 3274 1239 παιδεύειν
3305 1184 3465 1235 αὐτὸν
3494 1182 3587 1236 καὶ

2015 1273 2353 1344 θεραπεύειν,
2387 1274 2447 1326 τὸ
2488 1269 2984 1340 ταπεινοφροσύνην
3011 1268 3300 1329 διδάσκειν,
3323 1267 3383 1320 τὸ
3410 1267 3591 1336 σάρκα

2014 1358 2378 1429 περικεῖσθαι,
2411 1357 2471 1409 τὸ
2495 1356 2568 1426 μὴ
2595 1355 2850 1407 δύνασθαι
2865 1353 3144 1415 Ἰουδαίους
3178 1353 3354 1404 πάντα
3376 1349 3590 1419 ἀθρόως

2015 1440 2249 1506 ἀκούειν,
2264 1441 2323 1492 τὸ
2338 1441 2608 1493 διδάσκειν
2640 1437 2801 1506 μηδὲν
2825 1436 2865 1466 ¹¹
2893 1436 3033 1505 μέγα
3051 1436 3178 1503 περὶ
3203 1432 3412 1486 ἑαυτῶν
3436 1431 3597 1501 φθέγ-

2013 1523 2226 1590 γεσθαι.
2255 1522 2353 1574 Διά
2381 1521 2536 1574 τοῦτο
2577 1519 2746 1572 πολλά
2774 1517 3006 1570 ταπεινά
3037 1516 3196 1575 αὐτὸς
3236 1515 3362 1584 περὶ
3401 1510 3592 1566 ἐαυτοῦ

2014 1605 2270 1667 πολλάκις
2296 1602 2489 1666 εἰπὼν,
2519 1602 2587 1655 τὰ
2619 1600 2828 1671 μεγάλα
2865 1601 3073 1667 ἑτέροις
3104 1597 3296 1664 ἀφίησι
3326 1595 3520 1662 λέγειν.

2085 1688 2330 1756 β’.Αὐτὺς
2351 1687 2448 1757 μὲν
2469 1685 2576 1757 γάρ
2593 1683 2866 1745 Ἰουδαίοις
2879 1679 3257 1748 διαλεγόμενος
3279 1677 3452 1743 ἔλεγε·
3473 1675 3592 1742 Πρὸ

2011 1771 2118 1826 τοῦ
2166 1771 2408 1838 Ἀϐραὰμ
2477 1769 2782 1838 γενέσθαι,
2834 1763 2947 1833 ἐγώ
2991 1767 3106 1829 εἰμι
3133 1778 3145 1791 ·
3178 1763 3207 1814 ὁ
3245 1760 3492 1830 μαθητὴς
3530 1759 3594 1811 δέ

2013 1851 2176 1908 αὐτοῦ
2202 1853 2298 1921 οὐχ
2325 1852 2518 1913 οὑτως,
2545 1850 2681 1916 ἀλλ’,
2719 1850 2814 1900 Ἐν
2842 1844 3001 1914 ἀρχῇ
3030 1841 3108 1912 ἦν
3134 1847 3165 1897 ὀ
3189 1843 3400 1911 Λόγος,
3436 1840 3534 1892 καί
3562 1843 3595 1894 ό

2013 1938 2203 2006 Λόγος
2234 1933 2312 2006 ἦν
2343 1934 2491 2002 πρὸς
2537 1934 2644 1985 τὸν
2685 1931 2853 1993 Θεὸν,
2895 1929 2990 1980 καὶ
3034 1926 3177 1990 Θεὸς
3204 1921 3281 1993 ἦν
3319 1927 3350 1976 ό
3381 1924 3593 2006 Λόγος.

2014 2003 2204 2082 Πάλιν,
2247 2003 2328 2070 ὅτι
2385 2015 2613 2084 οὐρανὸν
2667 2013 2761 2067 καὶ
2815 2011 2918 2079 γῆν
2969 2008 3062 2062 καὶ
3121 2007 3388 2059 θάλατταν
3432 2003 3596 2065 αὐτὸς

2014 2101 2254 2171 ἐποίησε,
2288 2100 2382 2153 καὶ
2411 2097 2477 2150 τά
2505 2096 2758 2166 ὁρώμενα
2797 2094 2889 2149 καὶ
2921 2092 2990 2144 τά
3021 2092 3226 2160 ἀόρατα
3254 2089 3450 2150 πάντα,
3492 2087 3593 2171 αὐξ-

2013 2183 2103 2247 τὸς
2126 2169 2222 2253 μὲν
2250 2178 2487 2248 οὐδαμοῦ
2533 2178 2718 2246 σαφῶς
2743 2177 2985 2246 εἴρηκεν·
3024 2176 3052 2227 ὁ
3076 2173 3134 2227 δέ
3176 2171 3421 2242 μαθητὴς
3457 2169 3595 2240 μετά

2015 2267 2212 2337 πολλῆς
2257 2265 2359 2333 τῆς
2406 2263 2736 2334 παρρησίας,
2783 2261 2935 2313 οὐδὲν
2971 2256 3443 2337 ὑποστειλάμενος.
3501 2253 3596 2306 καὶ

2015 2336 2175 2412 ἅπαξ
2191 2347 2284 2400 καὶ
2307 2346 2388 2405 δὶς
2417 2347 2514 2398 καὶ
2537 2345 2796 2403 πολλάκις
2818 2342 2975 2394 τοῦτό
3005 2356 3158 2410 φησι,
3177 2339 3378 2392 Πάντα
3400 2336 3473 2389 δι’
3492 2337 3597 2388 αὺ-

2013 2432 2119 2486 τοῦ
2159 2431 2414 2499 ὲγένετο,
2463 2429 2710 2499 γράφων·
2757 2424 2857 2479 καὶ
2907 2425 3085 2493 χωρὶς
3127 2420 3313 2476 αὑτοῦ
3361 2418 3596 2487 ἐγένετο

2013 2513 2156 2568 οὐδὲ
2183 2513 2270 2566 ἓν·
2308 2512 2534 2572 καὶ,Ἐν
2565 2510 2645 2574 τῷ
2684 2511 2889 2577 κόσμῳ
2931 2503 3028 2576 ἦν,
3059 2505 3156 2558 καὶ
3198 2507 3230 2558 ὁ
3264 2505 3490 2570 κόσμος
3521 2499 3597 2551 δι’

2013 2596 2199 2650 αὐτοῦ
2225 2594 2480 2664 ἐγένετο.
2520 2593 2630 2646 Καὶ
2655 2592 2708 2644 τί
2748 2590 3066 2659 θαυμάζεις,
3098 2589 3146 2640 εί
3168 2587 3343 2656 ἕτεροι
3376 2581 3598 2654 μείζονα

2015 2680 2142 2750 περὶ
2184 2677 2346 2732 αὐτοῦ
2394 2677 2700 2748 εἰρήκασιν,
2744 2667 2818 2726 ὧν
2861 2672 3024 2734 αὐτὸς
3071 2671 3314 2740 εἴρηκεν,
3350 2667 3484 2720 ὅπου
3530 2681 3596 2750 γε

2017 2746 2186 2816 πολλὰ
2223 2759 2310 2813 διὰ
2339 2746 2461 2813 τῶν
2480 2757 2822 2830 πραγμάτων
2863 2753 3328 2822 ἐπιδεικνύμενος,
3371 2748 3460 2802 διὰ
3487 2746 3600 2800 τῶν

2024 2844 2280 2916 ῥημάτων
2309 2842 2495 2912 σαφῶς
2523 2842 2623 2894 οὐκ
2648 2840 2828 2908 ἔλεγεν
2852 2855 2866 2903 ;
2899 2839 3021 2890 Ὅτι
3056 2836 3165 2906 γάρ
3191 2834 3280 2886 τὸν
3306 2831 3595 2916 ᾗᾷνθρωπον

2022 2913 2181 2990 αὐτὸς
2225 2925 2496 2996 ἐποίησεν,
2546 2924 2712 2986 ἔδειξε
2762 2921 2944 2989 σαφῶς
2988 2921 3082 2972 καὶ
3120 2918 3206 2971 διὰ
3237 2913 3592 2996 τοῦζτυφλοῦ·

2021 3009 2180 3082 ἡνίκα
2212 3010 2269 3062 δὲ
2292 2993 2420 3078 περὶ
2441 3010 2540 3076 τῆς
2561 3009 2619 3060 ἐν
2651 3007 2792 3076 ἀρχῇ
2824 3005 3072 3065 πλάσεως
3094 3003 3122 3054 ὁ
3149 3000 3304 3067 λόγος
3329 2993 3395 3068 ἦν
3424 2994 3593 3082 αὐτῷ,

2018 3077 2119 3148 οὐκ
2153 3089 2321 3149 εἶπεν.
2360 3077 2440 3145 ὅτι
2473 3090 2608 3158 Ἐγὼ
2639 3089 2888 3160 ἐποίησα,
2920 3087 3053 3148 ἀλλ’,
3093 3087 3144 3136 Ὀ
3176 3083 3457 3149 ποιήσας,
3496 3077 3597 3146 ἆρ-

2019 3193 2140 3231 σεν-
2158 3177 2252 3229 καὶ
2283 3174 2439 3241 θῆλυ
2464 3173 2752 3240 ἐποίησεν
2777 3171 3016 3235 αὐτούς.
3050 3168 3243 3231 Πάλιν,
3272 3169 3352 3218 ὅτι
3389 3165 3481 3216 τὸν
3506 3162 3598 3214 κό-

2021 3276 2156 3330 σμον
2189 3256 2587 3328 ἐδημιούργησε
2620 3257 2714 3308 καὶ
2747 3254 2814 3307 τὰ
2843 3256 2899 3306 ὲν
2926 3253 3092 3321 αὐτῷ,
3125 3251 3213 3304 διὰ
3239 3249 3346 3301 τῶν
3375 3244 3591 3330 ἰχθύωνΣ

2019 3327 2112 3396 δίά
2129 3342 2222 3395 τοῦ
2253 3327 2416 3400 οἴνου,
2447 3340 2534 3393 διὰ
2557 3338 2663 3391 τῶν
2692 3338 2892 3408 ἀρτων,
2923 3336 3009 3389 διά
3037 3336 3134 3406 τῆς
3165 3333 3404 3402 γαλήνης
3442 3327 3593 3401 [(203]

2019 3427 2117 3497 τῆς
2142 3427 2198 3479 ἐν
2221 3427 2286 3496 τῇ
2313 3424 2577 3496 θαλάσσῃ,
2603 3421 2692 3475 διὰ
2712 3421 2807 3488 τῆς
2836 3421 3070 3481 ἀκτῖνος,
3094 3419 3162 3487 ἣν
3187 3419 3228 3448 ¹²
3254 3411 3596 3497 ἀπέστρεψεν

2019 3495 2084 3564 ἐν.
2125 3509 2202 3578 τῷ
2243 3507 2482 3578 σταυρῷ,
2515 3495 2602 3560 διά
2648 3505 2910 3558 πλειόνων
2951 3502 3151 3573 ἐτέρων
3195 3497 3462 3564 ἀπέδειξε·
3501 3495 3597 3567 ῥή-

2024 3610 2154 3665 μασι
2179 3592 2232 3646 δέ
2255 3591 2492 3661 οὐδαμοῦ
2521 3589 2680 3643 τοῦτο
2706 3586 2891 3656 σαφῶς
2918 3582 3087 3647 εἶπεν,
3119 3582 3233 3636 ἀλλ’
3275 3583 3323 3639 οἱ
3359 3578 3596 3665 μαθηταὶ

2021 3662 2260 3746 συνεχῶς
2293 3674 2448 3728 τοῦτο
2482 3673 2828 3743 φθέγγονται.
2869 3669 2962 3724 καὶ
3006 3669 3277 3737 Ἰωάννης,
3317 3665 3412 3718 καὶ
3449 3662 3596 3746 Παῦ-

2017 3759 2106 3822 λος
2134 3744 2226 3812 καὶ
2264 3757 2487 3828 Πέτρος.
2524 3757 2586 3808 Εἰ
2627 3754 2734 3826 γὰρ
2765 3757 2982 3818 ἐκεῖνοι,
3025 3754 3072 3805 οἱ
3102 3751 3317 3821 νύκτωρ
3353 3746 3447 3800 καὶ
3477 3744 3597 3814 μεθ’

2019 3841 2230 3912 ἡμέραν
2272 3839 2557 3902 ἀκούοντες
2601 3836 2765 3892 αὐτοῦ
2804 3833 3210 3912 διαλεγομένου,
3257 3834 3350 3885 καὶ
3389 3833 3596 3902 θαυμα-

2017 3911 2353 3993 τουργοῦντα
2407 3920 2712 3990 βλέποντες,
2763 3919 2855 3971 κα)⁵
2901 3911 2981 3979 οἷς
3007 3917 3048 3947 ¹³
3083 3917 3204 3969 κατ’
3246 3915 3380 3968 ἰδίαν
3425 3915 3596 3968 πολλά

2016 4005 2264 4066 ἐπέλυσε,
2323 4003 2417 4056 καὶ
2460 4001 2728 4069 τοσαύτην
2775 3999 2943 4050 ἔδωκε
2979 3996 3225 4067 δύναμιν,
3262 3996 3337 4058 ὡς
3385 3998 3478 4050 καὶ
3519 4013 3600 4048 νε-

2016 4088 2180 4158 κροὺς
2213 4085 2466 4155 ἐγείρειν,
2497 4084 2591 4136 καὶ
2621 4081 2791 4144 οὓτως
2814 4080 3254 4150 ἀπηρτισμένους
3283 4079 3594 4148 εἰργάσατο,

2017 4171 2090 4232 ὡς
2130 4171 2305 4223 πάντα
2326 4170 2542 4237 ἀφεῖναι
2561 4166 2626 4219 δι’
2656 4165 2838 4225 αὐτὸν,
2872 4163 3012 4234 μετά
3043 4165 3142 4232 τὴν
3169 4163 3436 4234 τοσαύτην
3469 4164 3597 4233 ἀρε-

2021 4254 2118 4324 τὴν
2153 4252 2244 4306 καὶ
2277 4250 2591 4320 φιλοσοφίαν
2619 4249 2717 4301 οὐκ
2753 4247 2934 4317 ἴσχυον
2959 4245 3028 4299 τά
3054 4247 3096 4277 ⁵⁸
3125 4246 3303 4298 πάντα
3331 4245 3598 4314 βαστάσαι

2015 4331 2120 4400 πρὸ
2143 4331 2241 4400 τῆς
2265 4329 2356 4382 τοῦ
2380 4328 2694 4396 Πνεύματος
2725 4325 3003 4397 χορηγίας·
3038 4325 3152 4387 πῶς
3181 4325 3349 4393 δῆμος
3386 4325 3598 4377 Ἰουδαῖ-

2013 4410 2130 4473 κὸς,
2167 4409 2259 4462 καὶ
2280 4407 2546 4470 συνέσεως
2575 4404 2823 4476 ἄμοιρος.
2865 4405 2958 4457 καὶ
2980 4403 3080 4471 τῆς
3105 4403 3375 4473 τοσαύτης
3396 4402 3598 4473 ἀρετῆς

2013 4485 2543 4558 ἀπολιμπανόμενος,
2571 4485 2664 4538 καὶ
2686 4485 2749 4536 ἐκ
2769 4483 2865 4537 τοῦ
2888 4483 3402 4554 παρατυγχάνοντος
3431 4496 3599 4550 παρα·

2013 4567 2294 4635 γινόμενος
2318 4567 2430 4628 τοῖς
2460 4564 2762 4634 γινομένοις
2795 4563 2827 4634 ἢ
2857 4566 2967 4626 τοῖς
2999 4561 3318 4630 λεγομένοις
3343 4559 3493 4626 ποτὲ,
3522 4559 3598 4628 μὴ

2004 4645 2293 4714 ’ἀλλότριον
2319 4643 2480 4697 αὐτὸν
2513 4639 2650 4696 εἶναι
2684 4641 2776 4695 τοῦ
2807 4641 2913 4694 τῶν
2935 4641 3069 4694 ὅλων
3091 4640 3228 4692 Θεοῦ
3262 4637 3517 4708 ἐπείσθη,
3548 4637 3596 4690 εξ

2016 4723 2092 4794 μὴ
2115 4725 2346 4794 τοσαύτῃ
2372 4720 2776 4790 συγκαταϐάσει
2800 4721 2888 4773 διά
2918 4719 3134 4771 πάντων
3161 4717 3461 4788 ἐχρήσατος
3495 4715 3594 4768 Διά

2013 4803 2121 4873 γάρ
2148 4820 2229 4854 τοι
2269 4801 2442 4863 τοῦτο,
2478 4802 2572 4854 καὶ
2601 4802 2689 4854 ὅτε
2719 4798 2780 4851 τὸ
2825 4797 3104 4850 Σάϐϐατόν
3148 4797 3324 4858 ἔλυεν,
3364 4795 3424 4847 οὐ
3464 4811 3600 4864 προ-

2014 4881 2330 4953 ηγουμένως
2382 4880 2479 4950 τὴν
2525 4879 2779 4948 τοιαύτην
2828 4877 3013 4945 εἰσῆγε
3062 4874 3412 4953 νομοθεσίαν,
3463 4874 3597 4953 ἀλλά

2016 4951 2266 5022 ποικίλας
2315 4959 2408 5010 καὶ
2439 4957 2639 5018 πολλὰς
2670 4957 2712 4987 ¹⁵
2747 4953 3057 5022 συντίθησιν
3092 4951 3404 5022 ἀπολογίας.
3442 4953 3504 5005 El
3538 4951 3598 5005 δὲ

2019 5037 2148 5106 μίαν
2170 5037 2388 5106 ἐντολὴν
2415 5035 2622 5106 μέλλων
2649 5032 2949 5088 ἀναπαύειν
2971 5033 3035 5098 ⁸⁸,
3065 5034 3300 5104 τοσαύτῃ
3333 5033 3600 5104 κέχρηται.

2013 5115 2188 5184 λόγων
2207 5116 2504 5186 οἰκονομία,
2520 5114 2606 5166 ἵνα
2633 5113 2707 5184 μὴ
2725 5113 2905 5184 πλήξῃ
2930 5114 3053 5176 τοὺς
3069 5114 3382 5177 ἀκούοντας·
3408 5110 3591 5179 πολλῷ

2019 5194 2216 5265 μᾶλλον
2240 5193 2492 5266 προσθεὶς
2510 5191 2785 5262 ὁλοκλήρῳ
2814 5191 2889 5261 τῷ
2917 5192 3064 5262 νόμῳ
3091 5191 3281 5263 όλόκλη
3291 5210 3381 5262 ρον
3404 5191 3489 5244 ἑτέ
3499 5207 3598 5260 ραν

2016 5271 2357 5342 νομοθεσίαν,
2407 5271 2611 5340 πολλῆς
2658 5271 2826 5323 ἐδεῖτο
2874 5271 2971 5341 τῆς
3005 5273 3346 5337 κατασκευῆς
3384 5269 3478 5322 καὶ
3498 5268 3598 5336 τῆς

2017 5348 2481 5419 θεραπείας,ῶστε
2507 5349 2582 5418 μὴ
2605 5348 2898 5420 θορυϐῆσαι
2915 5352 3038 5412 τοὺς
3056 5350 3434 5419 ἀκροωμένους
3452 5345 3595 5399 τότε.

2087 5427 2187 5480 Διά
2239 5427 2304 5497 δὴ
2345 5425 2502 5480 τοῦτο
2545 5427 2666 5480 οὐδέ
2717 5428 2844 5498 περὶ
2881 5428 2982 5497 τῆς
3009 5427 3258 5498 θεότητος
3297 5425 3393 5493 τῆς
3431 5421 3596 5474 αὑτοῦ

426 5523 441 5551 ί
477 5518 793 5601 Sig_omngs
819 5519 1114 5601 .l‘nei‘gun}
1149 5518 1398 5601 Ειιιίξηει
1423 5520 1555 5601 ρει-
1593 5527 1614 5557 ’
1644 5525 1913 5601 ἐπουρανρ

2014 5528 2128 5586 Edd.
2204 5531 2225 5562 ³
2252 5528 2519 5595 διστάζειν
2554 5547 2699 5587 corr.
2733 5531 2795 5587 C.
2873 5532 2896 5564 ‘
2929 5530 3091 5601 μηδέν
3139 5529 3201 5583 F.
3239 5523 3596 5601 προσθεῖναι]

349 5588 690 5672 προστιθέναι
721 5592 787 5672 Α,
817 5589 1111 5672 Β.Ππλέ.ον]
1137 5607 1189 5672 τι
1231 5590 1390 5672 πλέον
1404 5590 1481 5672 _D.
1714 5588 1884 5672 ποιεῖν

351 5658 733 5747 ⁶ζπῆρ9ιῖέιγηι
753 5661 817 5747 Αι
879 5658 1110 5747 animi
1133 5660 1207 5747 :3-
1243 5658 1311 5747 FI;
1344 5731 1364 5747 .
1404 5661 1425 5693 '
1473 5663 1629 5747 e630:
1653 5665 1715 5720 Α·
1745 5665 1807 5747 9-

353 5796 889 5884 éﬂﬁd‘f‘paﬁ/«SLALB;
917 5802 1024 5884 για.
1043 5804 1225 5884 αᾴηος.
1258 5817 1311 5884 ι)ἔ
1331 5796 1396 5884 -ρξ
1426 5796 1519 5884 κοξὶ
1547 5796 1634 5857 δίἀ
1869 5807 1911 5884 Ιξ

2070 5811 2114 5842 ¹³
2125 5796 2231 5864 ’κὰὶ
2258 5796 2338 5868 of:

1961 5601 2119 5654 τοῦτο
2148 5603 2320 5654 ποιεῖν
2363 5601 2421 5655 Β.
2450 5603 2621 5656 ταῦτα
2675 5604 2846 5655 ποιεῖν
2876 5597 2941 5654 El
2968 5597 3084 5653 Mm:
3119 5597 3364 5652 ἐντεῦθεν
3395 5614 3502 5652 om.
3534 5597 3595 5651 Α.

686 5674 723 5741 ῃ.
753 5667 817 5741 Α..
879 5667 1095 5741 unam;
1244 5667 1310 5741 ΒΣ.
1344 5731 1364 5741 _
1404 5667 1425 5693 '
1473 5667 1629 5741 3.63103
1653 5667 1715 5720 Α.
1838 5737 1848 5741 _
1896 5667 1913 5701 ¹

2014 5671 2316 5741 τοϐλέπειϐρ.
2346 5669 2404 5724 D.
2432 5671 2493 5726 E.
2516 5671 2574 5741 Fr.
2602 5675 2762 5741 paulo
2789 5669 3228 5741 infradns’ﬁlsafa
3360 5671 3421 5741 _9
3450 5669 3599 5741 ἐξουο

354 5728 497 5812 σίας]
529 5729 652 5812 adq.
687 5728 916 5812 ἀπάσῃς
1038 5728 1104 5812 Ε.¹
1131 5729 1199 5812 Ε.
1269 5732 1311 5763 ¹⁰
1341 5728 1508 5812 ἔφην]
1528 5732 1897 5812 ἔφθην-εἰπών

2056 5743 2107 5812 ¹¹ν
2125 5741 2288 5812 μηδέν

2287 5738 2314 5828 1
2341 5741 2509 5856 μήῖΑ.
2541 5734 2676 5826 Βςρ.
2703 5757 2753 5809 p.
2779 5742 2904 5810 περὶ
2934 5739 3132 5826 ἑαυτόν,
3157 5739 3216 5792 C.
3297 5739 3336 5768 "
3355 5734 3422 5811 ἦς
3533 5734 3598 5822 ἧς

2293 5831 2338 5856 ιε
2390 5827 2472 5856 οῖς
2501 5827 2593 5856 και
2623 5812 2683 5856 Δ-
2708 5809 2800 5856 καί
2819 5825 2926 5856 mn.
2957 5807 3014 5856 B-
3038 5808 3229 5856 επελυε
3258 5810 3322 5856 Α.
3346 5810 3406 5856 Β-
3487 5813 3507 5841 ⁸
3528 5825 3595 5856 τα

2390 5807 2472 5874 οἷς
2501 5811 2593 5864 καί
2621 5807 2683 5862 Ᾱ.
2706 5807 2800 5862 καί
2819 5807 2926 5860 oin.
2957 5807 3014 5860 Β.
3038 5808 3229 5860 ἐπέλυε
3258 5810 3322 5861 Λ.
3346 5807 3406 5861 Ε.
3463 5811 3507 5841 ’⁸
3528 5807 3595 5861 τά

352 5885 474 5924 om;
509 5865 571 5921 ϐ.
599 5867 658 5920 D.
686 5865 745 5920 E.
781 5866 840 5921 F.
917 5871 960 5901 "
990 5870 1206 5942 πολλάςῇ
1243 5865 1362 5929 είάιί
1399 5874 1660 5947 πρότερον
1686 5876 1750 5930 Α.
1787 5876 1847 5929 Β.
1892 5878 1913 5928 ι

2039 5865 2583 5948 γθτιοηιηιίηιένῃρ.
2665 5879 2706 5909 ⁸⁸
2732 5876 3052 5939 ἀναπαύεινι
3079 5878 3332 5933 ἀπολύειν
3361 5877 3496 5934 Ειῐά.
