4076 6150
498 252 591 306 (ΞΗ

495 361 768 432 πανταχοῦ
793 358 1040 428 φαίνεται
1077 359 1260 427 σαφῶς
1294 359 1563 413 παιδεύων
1589 359 1652 410 ¹⁷.
1692 359 1751 411 Εἰ
1780 359 1887 430 γάρ
1917 361 1950 428 ἡ
1979 356 2073 409 τοῦ

492 446 656 515 νόμου
706 446 987 515 προσθήκη
1043 443 1294 496 τοσοῦτον
1338 444 1532 506 αὑτοὺς
1573 443 1844 510 ἐθορύϐει,
1896 442 2076 511 πολλῴ

497 529 697 600 μᾶλλον
733 528 796 580 τὸ
823 527 957 579 Θεὸν
985 515 1178 579 ἑαυτὸν
1209 526 1549 596 ἀποφαίνειν.
1584 528 1684 578 Δια
1717 526 1876 579 τοῦτο
1906 526 2075 579 πολλά

494 612 898 682 καταδεέστερα
960 611 1060 680 τῆς
1115 610 1319 673 οἰκείας
1373 610 1670 678 φθέγγεται
1731 610 1922 674 ἀξίας’
1983 611 2076 664 καὶ

495 695 729 749 ἐνταῦθα
775 695 980 764 μέλλων
1024 693 1297 746 ἐκϐαίνειν
1337 695 1414 756 εἰς
1443 693 1540 762 τὴν
1570 694 1662 746 τοῦ
1700 695 1866 764 νόμου
1907 711 2078 764 προσ-

497 780 690 848 θήκην,
726 779 893 848 πολλῇ
939 780 1003 847 τῇ
1055 775 1440 846 προδιορθώσει
1472 777 1753 846 κέχρηται.
1789 779 1923 829 Οὑδὲ
1967 777 2076 849 γὰρ

499 861 644 928 ama
678 862 848 920 εἶπεν,
878 861 1048 913 δτιυὺ
1080 859 1191 912 λύω
1209 859 1298 912 τὸν
1328 859 1510 926 νόμον,
1546 860 1680 912 ἀλλὰ
1709 862 1802 912 καὶ
1829 860 2078 930 δεύτερον

502 945 633 997 αὑτὸ
664 945 823 998 πάλιν
849 944 890 975 ¹⁸
920 943 1168 1003 ἀνέλαϐε,
1196 944 1292 995 καὶ
1321 943 1506 1011 ἕτερον
1535 944 1839 1014 προσέθηκε
1867 947 2072 1014 μεῖζον.

501 1028 682 1082 Εἰπὼν
706 1029 834 1100 γὰρ,
865 1027 958 1093 Μὴ
988 1028 1274 1095 νομίσητε
1301 1027 1387 1079 ὅτι
1420 1023 1608 1095 ἦλθον
1641 1029 1980 1081 καταλῦσαι
2012 1027 2074 1092 ¹⁹,

501 1113 797 1180 ἐπήγαγεν,
816 1113 934 1162 Οὐκ
959 1106 995 1178 ἦ
1017 1113 1146 1162 ίθον
1166 1109 1524 1171 καταλῦσαι,
1553 1109 1711 1163 ἀλλὰ
1740 1109 2074 1177 πληρῶσαι.

498 1194 667 1246 Τοῦτο
702 1193 756 1244 δὲ
784 1194 882 1244 οὑκ
917 1192 1180 1245 Ἰουδαίων
1221 1193 1525 1262 ἐμφράττει
1555 1193 1654 1263 τὴν
1699 1193 2078 1262 ἀναισχυντίαν

501 1278 678 1347 μόνον,
710 1277 844 1330 ἀλλά
886 1279 979 1330 καὶ
1007 1276 1114 1329 τῶν
1145 1278 1439 1348 αἱρετικῶν
1478 1278 1820 1349 ἁπορῤἀπτει
1853 1278 1920 1330 τὰ
1956 1279 2076 1331 στόο

501 1378 664 1430 ματα,
697 1361 806 1412 τῶν
846 1363 908 1412 ἐκ
946 1361 1038 1412 τοῦ
1082 1360 1324 1414 διαϐόλου
1373 1361 1640 1428 λεγόντων
1664 1359 1800 1414 εἶναι
1843 1361 1942 1432 τὴν
1975 1362 2081 1413 Πα-

496 1443 672 1498 λαιάν.
706 1444 766 1495 Εἰ
793 1443 900 1511 γὰρ
928 1443 1226 1495 καταλῦσαι
1260 1444 1358 1512 τὴν
1395 1443 1604 1495 ἐκείνου
1627 1445 1914 1514 τυραννίδα
1940 1461 2081 1514 παρ-

499 1527 713 1593 ἐγένετο
752 1528 780 1577 6
819 1525 1072 1595 Χριστὸς,
1109 1525 1224 1587 πῶς
1248 1525 1450 1594 ταύτην
1480 1526 1540 1577 ού
1568 1527 1724 1596 μόνον
1747 1529 1806 1579 οὑ
1837 1528 1882 1558 ¹⁰
1915 1545 2080 1580 κατα-

498 1607 635 1664 λύει,
660 1608 796 1660 ἀλλά
820 1609 913 1660 καὶ
935 1607 1133 1676 πληροῖ
1157 1624 1169 1671 ;
1199 1609 1270 1659 Οὑ
1303 1607 1412 1676 γὰρ
1446 1609 1603 1676 μόνον
1631 1611 1870 1678 εἴρηκεν,
1898 1611 1978 1662 ὃτι
2002 1611 2076 1663 Οὑ

501 1691 778 1744 καταλύω
820 1689 995 1743 καίτοι
1036 1690 1194 1759 ἤρκει
1233 1689 1411 1742 τοῦτο’
1457 1690 1572 1742 ἀλλ’
1601 1693 1682 1744 ὅτι
1728 1694 1820 1744 καὶ
1858 1693 2076 1764 Πληρῶ·

501 1776 639 1844 ὅπερ
673 1774 732 1825 οὐ
763 1774 920 1843 μόνον
951 1773 1049 1825 οὑκ
1083 1772 1496 1843 ἐναντιόυμένου
1535 1769 1625 1843 ἦν,
1665 1775 1802 1827 ἀλλὰ
1831 1778 1922 1829 καὶ
1961 1795 2082 1846 συγ-

501 1857 820 1930 κροτοῦντος
855 1858 1045 1927 αὑτήν.
1079 1858 1186 1910 Kal
1223 1858 1337 1921 πῶς
1359 1860 1417 1910 οὑ
1443 1861 1702 1912 κατέλυσε
1729 1878 1742 1923 ;
1779 1861 1930 1930 φησί·
1963 1863 2080 1925 πῶς

500 1941 557 1993 δέ
608 1941 699 1993 καὶ
741 1940 1076 2012 ἐπλήρωσεν,
1114 1941 1146 2010 ἢ
1190 1940 1281 1991 τὸν
1314 1941 1497 2011 νόμον,
1537 1941 1569 2012 ἢ
1600 1945 1724 2006 τοὺς
1761 1948 2077 2015 προφήτας;

501 2024 638 2086 Τοὺς
675 2025 957 2094 προςεήτας
1003 2025 1122 2093 μὲν,
1150 2024 1214 2077 δι’
1249 2017 1323 2076 ὧν
1355 2027 1424 2078 τὰ
1457 2026 1582 2096 περὶ
1619 2027 1784 2080 αὑτοῦ
1823 2028 2080 2097 λεχθέντα

501 2105 716 2159 ἅπαντα
755 2110 869 2169 τοῖς
897 2107 1082 2176 ἔργοις
1110 2107 1432 2160 ἐϐεϐαίωσε·
1469 2108 1549 2161 διὸ
1579 2109 1670 2163 καὶ
1700 2111 1820 2163 καθ’
1851 2110 2081 2163 ἕκαστον

498 2190 527 2242 6
556 2190 946 2260 εὑαγγελιστὴς
971 2189 1174 2258 ἐλεγενο
1203 2192 1326 2244 Ἵνα
1353 2190 1637 2258 πληρωθῇ
1666 2192 1731 2244 τὸ
1754 2191 1943 2260 ῥηθὲν
1963 2193 2081 2245 ὑπὸ

505 2272 607 2325 τοῦ
635 2273 961 2340 προφήτου·
994 2274 1088 2325 καὶ
1117 2273 1278 2342 ἡνίκα
1305 2273 1521 2344 ἐτέχθη,
1554 2275 1648 2326 καὶ
1670 2275 1832 2344 ἡνίκα
1861 2277 1930 2328 τὰ
1961 2293 2082 2328 παι-

500 2355 588 2406 δία
614 2355 704 2407 τὸν
728 2355 1036 2425 θαυμαστὸν
1065 2354 1232 2425 ὕμνον
1265 2354 1388 2428 ᾖδεν
1412 2357 1454 2386 ³⁸
1479 2358 1556 2418 εἰς
1581 2357 1766 2419 αὑτὸν,
1804 2360 1896 2410 καὶ
1919 2359 2082 2428 ἡνίκα

437 2445 442 2448 ’
501 2442 595 2494 ἐπὶ
639 2441 739 2511 τῆς
761 2441 884 2494 ὄνου
914 2441 1154 2500 ἐκάθισε,
1185 2441 1279 2494 καὶ
1310 2441 1395 2509 ἐφ’
1419 2442 1618 2510 ἐτέρων
1645 2442 1700 2495 δὲ
1731 2442 1988 2496 πλειόνων
2021 2444 2083 2498 16

503 2525 634 2578 αὑτὸ
661 2524 820 2578 τοῦτο
852 2525 1187 2596 ἐπλήρωσεν·
1217 2525 1362 2596 ἅπερ
1385 2525 1561 2578 πάντα
1587 2525 1809 2594 ἔμελλον
1837 2527 2084 2597 ἀπλήρω-

504 2625 570 2659 τα
603 2603 763 2670 εἶναι,
805 2608 854 2659 εἰ
884 2607 958 2678 μὴ
1175 2609 1528 2678 παρεγένετο.
1560 2608 1663 2660 Τὸν
1697 2609 1756 2661 δέ
1784 2609 1946 2679 νόμον
1985 2611 2082 2679 οὑχ

505 2691 585 2743 ἑνὶ
629 2690 807 2760 μόνον,
860 2691 996 2743 ἀλλὰ
1034 2691 1128 2744 καὶ
1173 2691 1411 2763 δευτέρῳ
1456 2692 1549 2743 καὶ
1587 2691 1755 2761 τρίτῳ
1797 2691 2081 2762 ἐπλήρωσε

504 2774 712 2844 τρόπῳ.
757 2774 867 2826 'Evl
895 2774 1011 2844 μὲν,
1043 2773 1121 2842 τῷ
1149 2773 1314 2844 μηδὲν
1347 2774 1660 2845 παραϐῆναι
1685 2775 1793 2827 τῶν
1815 2775 2078 2845 νομίμων.

508 2855 632 2908 Ὀτι
660 2855 768 2926 γάρ
806 2855 983 2908 πάντα
1021 2857 1181 2908 αὑτὸν
1214 2856 1562 2927 ἐπλήρωσεν,
1597 2857 1828 2910 ἄκουσον
1867 2859 1919 2910 τί
1950 2875 2081 2928 εξησι

505 2938 584 3008 τῷ
616 2939 858 3010 Ἰωάννῃ·
893 2939 1055 2991 Οὕτω
1076 2939 1184 3008 γὰρ
1216 2939 1446 3006 πρέπον
1467 2941 1641 2993 ἐστίν
1673 2940 1819 3008 ἡμῖν
1850 2940 2084 3008 πληρῶ-

506 3035 612 3074 σαι
659 3021 865 3075 πᾶσαν
909 3021 1319 3088 δικαιοσύνην.
1370 3023 1478 3074 Καὶ
1515 3022 1787 3085 Ἰουδαίοις
1817 3023 1873 3076 δὲ
1908 3023 2079 3090 ἔλεγεο

514 3107 609 3171 Τίς
643 3105 711 3169 ἐξ
746 3105 912 3174 ὑμῶν
935 3106 1166 3174 ἐλέγχει
1192 3123 1269 3174 με
1297 3106 1430 3172 περὶ
1468 3107 1794 3174 άμίιρτίας;
1835 3107 1944 3160 Kal
1974 3108 2084 3169 τοῖς

511 3191 777 3260 μαθηταῖς
806 3189 862 3242 δὲ
906 3189 1085 3241 πάλιν·
1114 3190 1385 3257 Ἔρχεται
1426 3193 1458 3242 ό
1487 3191 1686 3258 ἆρχιυν
1714 3191 1817 3243 τοῦ
1851 3190 2084 3258 κόσμου

506 3274 741 3335 τούτου,
771 3271 869 3324 καί
901 3274 971 3324 ἐν
997 3272 1125 3340 ἐμοὶ
1153 3272 1417 3339 εὑρίσκει
1449 3275 1492 3304 ’³
1533 3273 1732 3326 οὐδέν.
1767 3274 1873 3326 Καὶ
1897 3276 1924 3326 6
1947 3289 2082 3343 προ-

509 3360 683 3428 φήτης
709 3357 764 3409 δὲ
796 3357 999 3410 ἀνωθεν
1031 3356 1235 3423 ἔλεγεν,
1265 3357 1346 3408 ὅτι
1373 3357 1649 3426 ἁμαρτίαν
1679 3359 1778 3409 οὐκ
1811 3357 2082 3426 ἐποίησεν.

518 3440 630 3493 'Evl
658 3440 755 3510 μὲν
775 3436 866 3493 οὖν
900 3439 1060 3493 αὑτὸν
1087 3439 1369 3510 ἐπλήρωσε
1393 3440 1566 3510 τούτῳ
1587 3441 1664 3510 τῷ
1686 3441 1888 3510 τρόπῳ·
1917 3440 2086 3510 ἑτέρῳ

505 3523 586 3586 δὲ,
612 3523 690 3592 τῷ
729 3524 823 3576 καὶ
861 3521 928 3574 δι’
958 3523 1113 3592 ήμῶν
1140 3523 1296 3575 τοῦτο
1326 3524 1568 3592 ποιῆσαι.
1606 3523 1680 3575 Τὸ
1719 3523 1826 3591 γὰρ
1870 3521 2087 3590 θαυμα-

511 3607 636 3658 στὸν
654 3605 812 3658 τοῦτό
831 3608 999 3665 ἐστιν,
1023 3608 1104 3657 ὅτι
1133 3605 1192 3656 οὑ
1222 3607 1378 3666 μόνον
1410 3607 1566 3668 αὑτὸς
1590 3606 1927 3674 ἐπλήρωσεν,
1952 3605 2087 3657 ἀλλά

509 3689 604 3740 καὶ
633 3691 766 3758 ἡμῖν
797 3687 1086 3757 ἐχαρίσατο
1107 3685 1282 3740 τοῦτο.
1313 3688 1488 3756 Ὅπερ
1511 3689 1603 3740 καὶ
1630 3691 1658 3740 6
1684 3689 1892 3750 Παῦλος
1916 3689 2088 3757 δηλῶν

510 3769 711 3837 ἔλεγεν·
738 3767 808 3822 Ὄ
820 3787 862 3821 τι
891 3769 1068 3834 Ίὶὲλος
1095 3771 1283 3838 νόμου
1305 3771 1554 3838 Χριστὸς
1585 3773 1670 3836 εἰς
1693 3771 2089 3838 δικαιοσύνην

511 3854 685 3908 παντί
727 3851 806 3918 τῷ
843 3854 1210 3907 πιστεύοντι.
1256 3855 1364 3906 Καὶ
1403 3853 1500 3924 τὴν
1529 3855 1801 3927 ἁμαρτίαν
1843 3857 1898 3909 δὲ
1929 3856 2089 3908 αὑτὸν

511 3937 662 4005 ἔλεγε
701 3937 906 4006 Κρῖναι
949 3937 1017 3988 ἐν
1049 3935 1121 4004 τῇ
1160 3937 1361 4003 σαρκί,
1402 3938 1502 3990 ἵνα
1546 3937 1611 3990 τὸ
1655 3937 1945 4010 δικαίωμα
1983 3941 2090 3993 τοῦ

509 4023 697 4090 νόμου
752 4020 1037 4088 πληρωθῇ
1081 4021 1152 4072 ἐν
1196 4022 1339 4088 ἡμῖν
1390 4021 1513 4086 τοῖς
1554 4021 1640 4089 μὴ
1698 4022 1847 4077 κατὰ
1894 4023 2090 4090 σάρκα

511 4107 924 4173 περιπατοῦσι.
958 4107 1065 4158 Kal
1097 4105 1278 4158 πάλιν·
1311 4107 1510 4173 Νόμον
1539 4101 1652 4158 οὖν
1681 4107 2091 4174 καταργοῦμεν

510 4190 606 4245 διὰ
630 4191 739 4258 τῆς
754 4191 1030 4255 πίστεως;
1046 4189 1138 4256 Μὴ
1155 4189 1402 4258 γένοιτο.
1423 4190 1597 4242 Ἀλλά
1612 4193 1799 4258 νόμον
1813 4189 2088 4259 ἱστῶμεν.

525 4277 742 4345 Ἐπειδὴ
760 4276 867 4344 γὰρ
886 4277 913 4327 6
939 4276 1100 4343 νόμος
1123 4273 1280 4326 τοῦτο
1299 4273 1621 4338 ἐσπούδαζε,
1642 4276 1848 4327 δίκαιον
1872 4275 2091 4342 ποιῆσαι

511 4358 601 4410 τὸν
647 4358 952 4427 ἄνθρωπον,
987 4357 1166 4425 ἠτόνει
1193 4357 1284 4418 δὲ,
1318 4355 1487 4407 ἐλθὼν
1527 4357 1718 4419 αὑτὸς,
1759 4358 1853 4409 καὶ
1893 4358 2092 4427 τρόπον

513 4438 823 4508 εἰσαγαγὼν
850 4439 1195 4508 δικαιοσύνης
1225 4439 1314 4490 τὸν
1344 4438 1433 4490 διὰ
1470 4439 1566 4506 τῆς
1606 4440 1860 4502 πίστεως,
1898 4441 2090 4509 ἔστησε

512 4525 608 4578 τοῦ
640 4524 804 4594 νόμον
822 4523 881 4574 16
903 4521 1168 4591 βούλημα·
1187 4523 1278 4574 καὶ
1308 4521 1444 4590 ὅπερ
1475 4522 1575 4572 οὑκ
1599 4522 1784 4590 ἴσχυσε
1803 4523 1890 4575 διὰ
1913 4540 2092 4592 γραμ-

517 4608 703 4678 μάτων
730 4609 935 4669 ἐκεῖνος
955 4647 970 4672 ,
998 4605 1156 4657 τοῦτο
1183 4605 1343 4665 αὑτὸς
1383 4605 1470 4656 διὰ
1509 4605 1607 4673 τῆς
1637 4605 1870 4669 πίστεως
1904 4609 2088 4676 ήνυσε.

514 4693 611 4746 Διὰ
634 4691 788 4745 τοῦτό
811 4706 996 4762 φησιν·
1034 4691 1154 4742 Οὐκ
1179 4685 1368 4758 ἦλοον
1393 4687 1725 4742 καταλῦσαι
1758 4689 1862 4741 τὸν
1883 4691 2088 4758 νόμον.

589 4783 659 4843 γ’.
687 4777 746 4828 Εἰ
767 4777 824 4829 δέ
865 4793 947 4839 τις
971 4773 1213 4846 ἀκριϐῶς
1251 4772 1545 4836 ἐξετάσειε,
1589 4772 1682 4826 καὶ
1705 4772 1888 4843 ἕτερον
1913 4776 2092 4845 τρίτον

517 4859 722 4928 τρόπον
749 4861 992 4931 εὑρήσει,
1027 4858 1146 4912 καθ’
1179 4858 1237 4910 ὃν
1262 4855 1418 4909 τοῦτο
1445 4856 1656 4924 γέγονε.
1690 4857 1846 4908 Ποῖον
1876 4856 1938 4928 δὴ
1967 4859 2090 4909 τοῦ-

517 4958 646 5004 τον;
687 4942 789 4994 Τὸν
829 4945 925 5012 τῆς
969 4943 1266 5013 μελλούσης
1309 4939 1652 5011 νομοθεσίας,
1681 4941 1856 5010 ἥνπερ
1901 4940 2090 5011 ἔμελλε

518 5024 889 5093 παραδιδόναι.
929 5026 1004 5076 Οὑ
1048 5026 1155 5096 γὰρ
1189 5026 1470 5096 ἀναίρεσις
1500 5023 1609 5076 τῶν
1643 5023 1944 5094 προτέρων,
1976 5024 2090 5076 ἀλλ’

518 5107 767 5169 ἐπίτασις
788 5108 880 5158 καὶ
906 5108 1184 5176 πλήρωσις
1213 5105 1280 5179 ἦν
1312 5109 1382 5162 τὰ
1414 5107 1702 5176 λεγόμενα.
1744 5106 1849 5158 Τοῦ
1879 5106 1987 5176 γὰρ
2016 5107 2089 5177 μὴ

519 5189 764 5260 φονεύειν
789 5189 890 5241 οὑκ
918 5191 1192 5258 ἀναίρεσις
1223 5191 1283 5241 16
1319 5189 1392 5260 μὴ
1425 5189 1759 5259 ὀργίζεσθαι,
1797 5189 1929 5242 ἀλλά
1952 5189 2090 5259 πλή-

521 5291 685 5346 ρωσις
715 5273 807 5326 καὶ
837 5273 1036 5326 πλείων
1070 5272 1112 5302 ’³
1146 5272 1428 5340 ἀσφάλεια·
1462 5274 1557 5324 καί
1581 5273 1687 5324 τῶν
1712 5271 1884 5325 ἄλλων
1913 5273 2089 5325 ἁπάν-

517 5376 644 5415 των.
674 5358 765 5411 Διὸ
791 5357 854 5428 δὴ
888 5356 982 5408 καὶ
1009 5355 1079 5407 τὰ
1112 5356 1399 5425 σπέρματα
1439 5354 1642 5407 τούτων
1685 5356 2092 5423 προκαταϐαλόι

1200 245 1256 300 S.
1297 244 1579 300 JOANNIS
1615 241 2104 300 CHRYSOSTOMI
2147 237 2466 296 ARCHIEP.
2507 239 3058 295 CONSTANTINOP.
3668 226 3774 280 93'?-

2181 375 2337 426 μενος
2367 361 2413 390 ἐ
2443 357 2773 415 ἀνυπόπτως
2800 353 2942 417 τότε,
2973 355 3061 406 ὅτε
3096 352 3426 421 σαφέστερον
3448 351 3674 420 ἔμελλεν
3704 357 3769 408 ἐκ

2175 443 2272 512 τῆς
2308 443 2661 514 παραθέσεως
2685 446 2794 498 τῶν
2833 441 3080 496 παλαιῶν
3111 437 3206 491 καὶ
3230 437 3366 489 νέων
3394 436 3640 506 νομίμων
3667 437 3766 490 ἐπὶ

2176 525 2489 578 ἐναντιώσει
2521 525 2940 582 ὑποπτεύεσθαι,
2964 526 3032 592 τῇ
3065 519 3451 591 προδιορθώσει
3475 519 3764 589 κέχρηται.

2177 609 2599 678 Αἰνιγματωδῶς
2635 615 2731 679 μὲν
2758 609 2866 679 γὰρ
2893 606 3037 660 αὑτά
3064 607 3155 657 καὶ
3185 604 3285 674 ήδη
3315 602 3648 655 κατεϐάλετο
3676 602 3769 655 διὰ

2175 692 2284 745 τῶν
2307 693 2628 763 εἰρημένων.
2651 693 2724 745 Τὸ
2751 693 2878 760 γὰρ,
2907 688 3191 757 Μακάριοι
3222 691 3276 740 οἱ
3301 687 3522 755 πτωχοί
3543 688 3611 751 ³⁸,
3629 688 3767 740 ταύ-

2176 775 2266 826 τόν
2314 777 2427 828 ἐστι
2474 773 2550 843 τῷ
2593 775 2667 846 μὴ
2721 774 3061 845 ὀργίζεσθαι·
3115 772 3208 824 καὶ
3252 771 3333 837 τὸ,
3373 768 3663 838 Μακάριοι
3710 771 3768 822 οι

2178 859 2420 925 καθαροὶ
2472 857 2547 926 τῇ
2589 857 2819 924 καρδίᾳ.
2872 857 2950 927 τῷ
2994 856 3066 926 μὴ
3111 855 3380 925 ἐμϐλέψαι
3423 855 3502 916 εἰς
3529 855 3768 920 γυναῖκα

2180 941 2316 1012 πρὸς
2363 940 2680 1010 ἐπιθυμίανο
2734 943 2825 993 καὶ
2861 941 2920 992 τὸ
2955 940 3028 1010 μὴ
3061 938 3410 1006 θησαυρίζειν
3454 936 3766 1006 θησαυροὺς

2177 1027 2269 1077 ἐπὶ
2311 1025 2407 1095 τῆς
2453 1027 2576 1095 γῆς,
2621 1024 2718 1094 τῷ,
2755 1023 3040 1093 Μακάριοι
3063 1027 3117 1076 οἰ
3145 1022 3491 1090 ἐλεήμονες,
3522 1020 3759 1091 συνᾴδει·

2180 1112 2274 1162 καὶ
2301 1109 2360 1160 τὸ
2388 1111 2600 1162 πενθεῖν
2623 1110 2700 1174 δέ,
2725 1111 2818 1162 καὶ
2848 1111 2905 1161 τὸ
2938 1106 3246 1166 διώκεσθαι,
3272 1105 3361 1158 καὶ
3386 1103 3762 1167 ὀνειδίζεσθαι,

2181 1191 2295 1246 ἴσον
2328 1193 2445 1246 ἐστὶ
2485 1193 2563 1264 τῷ
2589 1193 2676 1246 διὰ
2714 1195 2810 1262 τῆς
2843 1195 3036 1263 στενῆς
3067 1190 3240 1258 πύλης
3286 1189 3530 1241 εἰσιέναι·
3572 1187 3666 1240 καὶ
3704 1187 3768 1237 τὺ

2181 1279 2370 1348 πεινᾷν
2429 1278 2524 1330 καὶ
2577 1276 2736 1348 διψᾷν
2783 1276 2881 1346 τὴν
2936 1274 3302 1342 δικαιοσύνην,
3363 1272 3514 1325 οὐδὲν
3576 1270 3765 1340 ἕτερόν

2182 1364 2350 1420 ἐστιν,
2379 1361 2494 1414 ἀλλ’
2529 1360 2562 1430 ἢ
2610 1363 2807 1422 ἐκεῖνο,
2843 1359 2872 1412 δ
2900 1361 3035 1429 μετὰ
3067 1357 3238 1411 ταῦτά
3266 1373 3449 1423 φησιν,
3494 1355 3575 1406 ὅτι
3612 1355 3765 1405 Ὅσα

2181 1443 2258 1497 ἂν
2312 1443 2524 1510 θέλητε
2572 1444 2673 1496 ἵνα
2729 1441 2983 1496 ποιῶσιν
3036 1441 3174 1508 ὑμῖν
3211 1443 3265 1492 οὶ
3304 1439 3619 1505 ἄνθρωποι,
3660 1437 3760 1488 καί

2180 1525 2349 1594 ὑμεῖς
2375 1526 2593 1580 ποιεῖτε
2620 1525 2844 1591 αὐτοῖς.
2886 1527 2994 1578 Kal
3031 1526 3122 1577 τὸν
3159 1522 3495 1593 εἰρηνοποιὸν
3525 1519 3766 1590 μακαρί-

2183 1625 2300 1671 σας,
2350 1608 2511 1661 πάλιν
2546 1609 2607 1662 τὸ
2651 1609 2782 1662 αὑτὸ
2825 1607 3007 1677 σχεδὸν
3060 1608 3301 1678 εἴρηκεν,
3346 1606 3435 1658 ὅτε
3479 1603 3766 1655 ἐκέλευσεν

2180 1691 2396 1760 ἀφεῖναι
2426 1691 2470 1723 ³⁸
2499 1690 2560 1744 16
2589 1691 2781 1763 δῶρον,
2812 1694 2920 1744 καὶ.
2951 1691 3042 1743 ἐπὶ
3083 1690 3179 1761 τὴν
3218 1686 3564 1756 καταλλαγήν
3596 1683 3768 1738 σπεύ-

2179 1774 2290 1827 δειν
2331 1773 2424 1826 τοῦ
2467 1773 2862 1844 λελυπημένου,
2904 1775 2996 1826 καὶ
3040 1773 3100 1825 16
3128 1775 3332 1826 εὐνοεῖν
3361 1770 3439 1840 τῷ
3483 1768 3763 1838 ἀντιδίκῳ.

2195 1855 2331 1909 Ἀλλ’
2370 1859 2484 1909 ἐκεῖ
2517 1857 2615 1927 μὲν
2644 1857 2714 1909 τά
2753 1856 2962 1910 ἔπαθλα
2998 1856 3108 1909 τῶν
3139 1854 3545 1926 κατορθούντων
3584 1852 3761 1905 τέθει-

2182 1957 2296 2002 κεν,
2339 1939 2573 1994 ἐνταῦθα
2611 1939 2668 1993 δὲ
2701 1940 2810 1993 τῶν
2865 1941 2937 2010 μὴ
2987 1938 3282 1992 ποιούντων
3323 1939 3423 2001 τὰς
3469 1937 3762 2006 τιμωρίας.

2183 2021 2329 2094 [207]
2361 2023 2564 2094 Διόπερ
2595 2024 2712 2076 ἐκεῖ
2740 2024 2838 2094 μὲν
2870 2023 3075 2091 ἔλεγεν,
3098 2024 3179 2076 ὅτι
3209 2024 3258 2075 οί
3284 2023 3476 2093 πραεῖς
3502 2020 3763 2090 κληρονο-

2185 2107 2416 2176 μήσουσι
2446 2107 2570 2177 γῆνο
2603 2106 2837 2160 ἐνταῦθα
2861 2108 2938 2171 δὲ,
2959 2111 2988 2160 6
3012 2108 3194 2177 μωρὸν
3223 2106 3399 2160 καλῶν
3421 2105 3512 2157 τὸν
3533 2101 3766 2170 ἀδελφὺν

2181 2189 2346 2242 αὑτοῦ
2369 2191 2436 2253 ³⁷,
2472 2190 2654 2260 ἔνοχος
2675 2190 2827 2244 ἔσται
2859 2194 2924 2262 τῇ
2949 2193 3142 2262 γεέννῃ
3168 2191 3260 2243 τοῦ
3287 2189 3478 2260 πυρός.
3511 2189 3621 2240 Kal
3648 2189 3768 2239 ἐκεῖ

2186 2275 2304 2344 μὲν,
2364 2274 2444 2326 ὅτι
2505 2274 2595 2328 τὸν
2639 2275 2772 2328 Θεὸν
2820 2275 3039 2345 ὄψονται
3077 2277 3126 2328 οἱ
3167 2275 3395 2346 καθαροὶ
3433 2275 3500 2344 τῇ
3543 2272 3763 2343 καρδία·

2183 2357 2415 2411 ἐνταῦθα
2445 2357 2523 2424 δὲ,
2549 2359 2631 2410 ὅτι
2665 2359 2848 2429 μοιχός
2885 2361 3032 2412 ἐστιν
3064 2357 3468 2429 ἀπηρτισμένος
3499 2358 3528 2409 6
3559 2355 3764 2408 ἀκολά-

2185 2459 2323 2503 στως
2353 2439 2494 2493 ἰδώνο
2521 2441 2766 2505 καὶςτοὺς
2791 2443 3163 2513 εἰρηνοποιοὺς
3186 2441 3336 2504 υἱοὺς
3365 2438 3500 2492 θεοῦ
3527 2438 3766 2499 καλέσας

2184 2527 2318 2584 ἐκεῖ,
2352 2523 2586 2577 ἐνταῦθα
2619 2525 2884 2596 ἑτέρωθεν
2906 2525 2951 2556 ⁸⁸
2977 2525 3134 2594 φοϐεῖ
3157 2524 3350 2592 λέγων·
3393 2521 3488 2588 Μή
3521 2519 3666 2574 ποτέ
3689 2535 3767 2573 σε

2184 2605 2428 2675 παραδῷ
2455 2610 2487 2660 ό
2509 2607 2810 2674 ἀντίδικος
2837 2606 2917 2673 τῷ
2951 2607 3140 2675 κριτῇ.
3177 2606 3332 2660 Οὕτω
3357 2607 3450 2659 καὶ
3475 2605 3601 2666 τοὺς
3631 2619 3764 2655 πενο

2183 2691 2408 2754 θοῦντας
2460 2691 2554 2744 καὶ
2603 2691 2731 2755 τοὺς
2777 2691 3139 2762 διωκομένους
3182 2688 3501 2761 μακαρίζων
3541 2689 3600 2739 ἐν
3649 2690 3766 2749 τοῖς

2184 2775 2512 2847 ἔμπροσθεν,
2556 2777 2614 2829 ὲν
2642 2778 2754 2838 τοῖς
2785 2776 2923 2845 μετά
2952 2774 3124 2828 ταῦτα
3153 2775 3214 2828 16
3248 2774 3378 2827 αὐτὸ
3407 2772 3563 2825 τοῦτο
3595 2787 3768 2824 κατα-

2185 2858 2484 2922 σκευάζων,
2517 2857 2790 2911 ἀπώλειαν
2817 2859 3031 2911 ἀπειλεῖ
3059 2861 3170 2921 τοῖς
3201 2857 3275 2928 μὴ
3310 2855 3515 2924 ταύτην
3537 2852 3770 2925 ἐρχομέ-

2183 2959 2297 3005 νοις
2327 2943 2426 3013 τὴν
2463 2941 2600 2994 ὁδόνο
2639 2942 2688 2994 οἰ
2735 2941 2843 3012 γὰρ
2883 2940 2974 2994 διὰ
3003 2941 3104 3010 τῆς
3140 2941 3399 3001 πλατείας
3437 2937 3766 3008 βαδίζοντες,

2184 3026 2368 3096 φησιν,
2401 3026 2514 3078 ἐκεῖ
2537 3024 2991 3094 καταστρέφουσι.
3013 3025 3120 3077 Kal
3146 3023 3227 3090 16,
3245 3026 3327 3077 Οὐ
3352 3022 3614 3075 δύνασθε
3643 3019 3769 3083 Θεῴ

2183 3108 2493 3163 δουλεύειν
2515 3109 2611 3162 καί
2630 3107 2896 3177 μαμωνᾷ,
2923 3109 3034 3161 ίσον
3071 3103 3210 3162 εἷναί
3241 3124 3330 3177 μοι
3352 3106 3496 3159 δοκεῖ
3517 3103 3617 3175 τῷ,
3640 3108 3768 3158 Μα-

2184 3191 2374 3260 κάριοι
2421 3194 2474 3244 οὶ
2527 3190 2870 3260 ἐλεήμονες,
2908 3190 3024 3254 καὶ,
3070 3195 3136 3244 Ol
3182 3189 3501 3253 πεινῶντες
3542 3186 3652 3254 τὴν
3682 3187 3770 3239 διο

2185 3275 2545 3342 καιοο-ύνην.
2589 3273 2748 3334 Ἀλλ’,
2783 3273 2918 3344 ὅπερ
2948 3273 3086 3343 ἔφην
3107 3275 3174 3340 ’⁸,
3209 3272 3394 3343 ἐπειδὴ
3430 3271 3610 3342 μέλλει
3634 3287 3772 3338 τρα-

2186 3359 2402 3429 νότερον
2434 3356 2574 3410 αὑτά
2603 3356 2802 3425 λέγειν,
2840 3359 2934 3408 καὶ
2964 3358 3026 3410 οὑ
3050 3357 3372 3428 τρανότερον
3414 3355 3591 3424 μόνον,
3630 3353 3770 3406 ἀλλὰ

2188 3441 2283 3494 καὶ
2311 3441 2534 3493 πλείονα
2560 3439 2670 3492 τῶν
2699 3440 3004 3510 εἰρημένων
3036 3439 3384 3511 προστιθέναι
3422 3438 3584 3491 πάλιν
3618 3437 3769 3506 (οὑκ-

2189 3526 2270 3578 έτι
2308 3525 2416 3593 γάρ
2443 3524 2709 3594 ἐλεήμονα
2741 3525 2894 3594 ζητεῖ
2921 3524 3098 3594 μόνον,
3135 3523 3271 3576 ἀλλά
3301 3525 3394 3576 xal
3419 3522 3512 3575 τοῦ
3549 3521 3766 3592 χιτωνί-

2192 3624 2322 3659 σκου
2355 3607 2664 3673 ἐξίστασθαι
2699 3607 2929 3658 κελεύει·
2982 3606 3102 3660 οὐδὲ
3152 3607 3326 3678 πρᾶον
3382 3604 3588 3666 ἁπλῶς,
3630 3603 3768 3656 ἀλλα

2189 3691 2282 3744 καὶ
2310 3690 2407 3761 τὴν
2437 3690 2628 3762 ἑτέραν
2660 3691 2882 3759 σιαγόνα
2927 3690 3177 3761 στρέφειν
3209 3689 3285 3760 τῷ
3321 3689 3626 3760 βουλομένῳ
3670 3691 3768 3760 ῥα-

2190 3774 2409 3839 πίζειν),
2449 3774 2548 3844 τὴν
2582 3774 2840 3827 δοκοῦσαν
2876 3774 3145 3826 ἀντίθεσιν
3188 3769 3324 3826 εἶναι
3360 3774 3622 3844 πρότερον
3669 3774 3764 3825 ἀι,-

2191 3859 2353 3928 αιρεῖ.
2397 3856 2495 3909 Διά
2531 3857 2594 3928 δή
2634 3857 2811 3920 τοῦτο,
2857 3857 2993 3926 ὅπερ
3028 3856 3197 3927 ἔφθην
3235 3856 3424 3918 εἰπὼν,
3465 3857 3583 3909 οὑδὲ
3619 3857 3768 3920 ἆπαξ

2190 3941 2346 3992 τοῦτο
2389 3941 2628 4009 εἴρηκεν,
2663 3940 2798 3992 ἀλλὰ
2835 3939 2928 3992 καὶ
2964 3939 3231 4009 δεύτερον.
3283 3939 3463 3991 Εἰπὼν
3506 3939 3633 4009 γὰρ.
3666 3940 3765 4004 Mi,

2191 4023 2498 4090 νομίσητε,
2529 4023 2615 4075 ὅτι
2646 4019 2837 4092 ἦλθον
2865 4023 3202 4076 καταλῦσαι
3220 4022 3287 4082 ³⁰,
3319 4024 3614 4091 ἐπήγαγενο
3644 4024 3767 4075 Οὐκ

2191 4101 2380 4174 ἦλθον
2414 4106 2766 4167 καταλῦσαι,
2799 4106 2958 4159 ἀλλὰ
2990 4106 3303 4174 πληρῶσαι
3334 4107 3395 4158 ³¹.
3441 4105 3625 4174 Ἀμὴν
3657 4106 3768 4174 γὰρ

2191 4191 2344 4258 λέγω
2384 4189 2539 4258 ὑμῖν·
2571 4190 2704 4241 Ἐὰν
2741 4191 2784 4220 ³⁸
2813 4189 3076 4258 παρέλθῃ
3106 4193 3139 4243 ὁ
3169 4192 3424 4256 οὐρανὸς
3455 4191 3550 4242 καί
3588 4193 3625 4256 ἡ
3665 4192 3766 4258 τῆ,

2195 4273 2332 4324 ἰῶτα
2357 4271 2427 4325 ἓν
2455 4272 2490 4338 ἢ
2519 4271 2628 4340 μία
2660 4273 2864 4340 κεραία
2893 4275 2964 4325 οὐ
2997 4271 3083 4340 μὴ
3120 4274 3384 4340 παρέλθῃ
3420 4273 3524 4327 τοῦ
3555 4275 3762 4342 νόμου.

2191 4355 2408 4420 ἕως-,ἂν
2439 4356 2632 4407 πάντα
2662 4354 2919 4423 γένηται.
2953 4358 3017 4408 Ὀ
3049 4356 3105 4409 δὲ
3135 4357 3301 4424 λέγει.
3332 4357 3567 4410 τοιοῦτόν
3595 4361 3761 4410 ἐστιν’

2206 4441 2508 4511 Ἀμήχανον
2549 4440 2831 4493 ἀτέλεστον
2871 4443 3070 4510 μεῖναι,
3105 4441 3238 4494 ἀλλὰ
3269 4442 3360 4494 καὶ
3392 4442 3454 4493 τὸ
3497 4442 3769 4512 βραχύτα-

2191 4541 2282 4576 τον
2343 4524 2500 4576 αὑτοῦ
2553 4523 2902 4594 πληρωθῆναι
2944 4523 3042 4578 δεῖ.
3082 4525 3256 4595 Ὅπερ
3308 4525 3469 4588 αὑτὸς
3520 4526 3766 4596 ἐποίησε,

2196 4606 2333 4676 μετὰ
2361 4607 2643 4678 ἀκριϐείας
2682 4606 2845 4660 αὑτὸν
2885 4607 3100 4673 ἀπάσης
3134 4609 3460 4678 ἀπαρτίσας.
3505 4609 3768 4663 Ἐνταῦθα

2192 4690 2247 4742 δὲ
2279 4692 2408 4759 ἡμῖν
2435 4689 2747 4751 αἰνίττεται,
2773 4690 2855 4742 δτι
2889 4691 2992 4744 καὶ
3016 4692 3042 4743 6
3076 4691 3276 4762 κόσμος
3315 4693 3458 4753 ἄπας
3496 4709 3768 4763 μετασχη-

2196 4774 2496 4843 ματίζεται.
2537 4776 2646 4828 Kal
2694 4776 2792 4843 οὑχ
2835 4773 3020 4836 ἁπλῶς
3062 4775 3193 4828 αὑτὸ
3227 4777 3486 4836 τέθεικεν,
3525 4776 3639 4830 ἀλλ’
3681 4779 3767 4830 ἵνα

2193 4855 2372 4927 ἐπάρῃ
2407 4857 2497 4909 τὸν
2524 4858 2816 4928 ἀκροατὴν,
2851 4858 2944 4910 καὶ
2985 4857 3132 4930 δείξῃ
3165 4859 3388 4922 δικαίως
3429 4860 3620 4930 ἑτέραν
3655 4862 3766 4911 είσο

2192 4940 2413 5006 αγαγὼν
2436 4939 2480 4970 ⁸⁸
2505 4940 2797 4991 πολιτείαν’
2830 4941 2942 5006 εἴγε
2973 4940 3153 5010 μέλλοι
3183 4943 3274 4994 καὶ
3299 4943 3379 4996 τὰ.
3401 4943 3498 5010 τῆς
3534 4942 3767 5002 κτίσεως

2194 5023 2407 5076 ἅπαντα
2450 5023 3035 5092 μετασχηματίζεσθαι,
3088 5026 3176 5077 καὶ
3213 5016 3274 5068 τὸ
3312 5025 3421 5079 τῶν
3459 5024 3765 5096 ἀνθρώπιον

2193 5107 2350 5173 γένος
2374 5106 2507 5179 πρὸς
2531 5105 2720 5175 ἑτέραν
2751 5105 3027 5160 καλεῖσθαι
3052 5108 3303 5178 πατρίδα,
3329 5110 3419 5161 καὶ
3443 5109 3559 5178 βίου
3591 5124 3768 5180 nam.

2197 5189 2392 5258 σκευὴν
2413 5188 2744 5257 ὑψηλοτέραν
2766 5188 2831 5241 ³⁸.
2864 5191 2967 5254 Ὃς
2996 5189 3106 5242 ἐὰν
3127 5186 3240 5244 οὖν
3269 5191 3432 5256 λύσῃ
3460 5192 3609 5258 μίαν
3644 5188 3765 5243 τῶν

2193 5271 2458 5324 ἐντολῶν
2477 5271 2700 5324 τούτων
2721 5270 2837 5324 τῶν
2869 5273 3226 5340 ἐλαχίστων,
3252 5273 3350 5324 καὶ
3370 5272 3578 5340 διδάξῃ
3607 5273 3765 5326 οὔτω

2197 5357 2335 5420 τοὺς
2383 5353 2750 5422 ἀνθρώπους,
2790 5355 3108 5424 ἑ..ίὰχιστος
3156 5359 3521 5427 κληθήσεται
3571 5358 3642 5412 ἐν
3687 5359 3762 5426 τῇ

580 5455 620 5486 ⁸⁷
653 5449 942 5522 παιδεύων]
965 5451 1136 5517 λέγων
1157 5452 1218 5502 Α.
1249 5448 1308 5500 Β.
1388 5448 1429 5478 ¹¹³
1457 5447 1707 5500 ἀνέλαϐεο
1739 5448 1896 5500 πάλιν
1917 5450 2008 5532 καί
2039 5449 2171 5504 Edd.
2251 5452 2292 5481 ¹⁹
2315 5447 2637 5572 καταλῦσαὲ
2671 5451 2793 5504 add.
2816 5450 2906 5502 τὸν
2933 5450 3095 5518 νόμον
3130 5450 3264 5504 Edd.
3371 5467 3422 5519 p.
3460 5452 3759 5522 ἐπήγαγεν,

583 5545 600 5574 ι
622 5525 721 5574 οὑκ
757 5523 816 5574 1).
895 5523 938 5554 ’⁸³
970 5523 1030 5574 οὑ
1061 5536 1170 5574 om.
1209 5521 1269 5570 Α.
1347 5517 1388 5548 ’ί
1422 5515 1622 5574 ἦδονῐῗ.
1644 5517 1737 5574 Εο.
1815 5520 2142 5574 ³²εὑοισκειῖ
2169 5521 2390 5574 εὑρήσει
2420 5519 2582 5572 Β.οὑκ
2635 5538 2715 5574 γει
2744 5519 2875 5574 Edd.
2953 5521 2999 5551 ’³
3024 5520 3278 5574 πλειόνων
3347 5563 3358 5574 .
3398 5520 3493 5574 En.
3530 5529 3759 5574 0.0.xa':

518 5529 600 5582 δτι
622 5525 721 5578 οὑκ
757 5523 816 5576 1).
895 5515 942 5554 "5
970 5515 1170 5575 οὑοηι.
1209 5521 1269 5570 Α.
1347 5517 1388 5548 ’ί
1422 5515 1546 5588 ᾖδον
1566 5517 1622 5570 F.
1644 5517 1737 5587 Ep.

1815 5521 1858 5550 ³²
1877 5520 2142 5590 εὑρίσκει]
2169 5521 2390 5590 εὑρήσει
2420 5519 2582 5572 Β.οὑκ
2605 5519 2724 5590 ἔχει
2744 5519 2875 5574 Edd.
2953 5521 2999 5551 ’³
3024 5520 3278 5590 πλειόνων

3398 5520 3493 5590 Ep.
3530 5520 3580 5578 ο.
3597 5539 3647 5592 p.
3665 5529 3763 5577 καὶ

633 5595 740 5648 τῶν
771 5593 905 5648 Edd.
984 5594 1029 5624 ³³
1055 5578 1629 5660 προκαταϐαλλὸμενος
1649 5578 1702 5642 ei
1734 5605 1856 5642 mox
1909 5578 2083 5642 κατεϐε

525 5666 657 5712 Edd-
735 5667 780 5696 ³⁸
807 5663 1019 5712 ἀωιέναι
1053 5664 1116 5712 Α.
1147 5662 1207 5712 Β.
1310 5659 1352 5689 ’⁷
1383 5657 1546 5712 αὑτοῦ
1582 5674 1692 5712 om.
1713 5660 1776 5711 Α.
1809 5657 1866 5712 Β.
1894 5657 1992 5712 Ge.

2186 5578 2270 5643 ετο
2292 5578 2450 5643 ἒούά.
2485 5578 2675 5658 praeui}
2703 5589 2764 5643 Β.
2872 5591 2916 5620 ’⁵
2946 5588 3174 5712 πτωχοίέ
3202 5592 3326 5644 add.
3359 5578 3459 5659 τῷ’
3488 5578 3756 5662 πνεύματι

2188 5657 2445 5712 τέοωθενΙ
2477 5660 2699 5712 έτέοωθι
2727 5660 2787 5712 C.
2819 5659 2878 5712 D.
2907 5659 2964 5712 Ε.
3002 5660 3058 5712 δὲ
3091 5664 3150 5712 έτ
3187 5678 3291 5712 om:
3314 5659 3372 5712 F.
3406 5661 3462 5712 δὲ
3493 5661 3756 5712 έτέοωθεέ

525 5666 657 5720 Edd.
735 5667 780 5696 “
807 5663 1019 5733 ἀφιέναι
1053 5657 1116 5715 Α.
1147 5662 1207 5714 Β.
1269 5731 1277 5733 _
1310 5657 1548 5733 "36106
1578 5674 1692 5733 9m.
1894 5657 2004 5733 Ge.‘
2075 5661 2140 5733 _"
2158 5657 2445 5733 έτέρωθεν]
2477 5660 2699 5733 ἑτέρωθι
2727 5660 2787 5733 (Ζ.
2819 5659 2964 5733 Ι).
3002 5657 3758 5733 δέέτέρως-ᾓρὲ-έτέρῶθεέ

526 5736 659 5787 Edd.
696 5739 792 5787 (ἐρ.
820 5727 1079 5802 ἑτέρωθεν
1113 5748 1223 5802 om.
1255 5731 1316 5782 Α.
1349 5727 1405 5783 Β.

525 5821 634 5857 mn.
670 5804 730 5858 Ιύ.
805 5807 845 5835 ⁸¹
875 5804 1007 5855 ἀλλὰ
1031 5803 1132 5870 πλη

525 5831 634 5857 "Ill.
671 5831 730 5858 νδ,
807 5831 845 5835 ⁷·
875 5831 1007 5855 αΛΛλ
1031 5831 1153 5870 um"
1175 5831 1311 5852 ιυδιι
1345 5831 1454 5852 υιιι.
1487 5831 1513 5850 1η

524 5892 575 5943 p.
607 5889 656 5943 p.
687 5874 793 5926 ἀπὸ
822 5873 910 5926 τοῦ
940 5873 1098 5942 νόμον
1231 5872 1283 5923 :2.
1314 5869 1513 5940 Slosqq.

1509 5730 1552 5761 ¹⁹
1576 5728 1735 5800 ἔφην]
1761 5727 2129 5800 έξθηνῌείπῴν
2159 5727 2293 5786 Edd.

1144 5801 1324 5872 ρῶσαι
1340 5815 1454 5872 pm.
1486 5797 1544 5853 ί).
1585 5797 1734 5872 ᾼᾹγιιιζ
1763 5797 2079 5872 πληρῶσαι]
2104 5802 2203 5855 add
2229 5799 2387 5872 πάλιν
2415 5799 2579 5872 φησίν
2598 5800 2669 5872 ΔΕ.

2400 5729 2444 5760 ³⁸
2467 5729 2792 5830 καταλῦσαιῖ
2828 5731 2951 5784 add.
2985 5730 3074 5781 τὸν
3094 5729 3254 5800 νόμον
3288 5731 3344 5784 Ε»
3386 5729 3444 5782 F.
3475 5729 3756 5801 ἐπήγαγεν

2418 5799 2578 5830 ...αριυ
2611 5800 2649 5830 Ii'
2797 5802 2815 5830 Ι
2847 5799 2964 5830 llud
2995 5799 3083 5830 ειη
3113 5800 3297 5830 μιιέηη
3355 5801 3456 5830 νω-
3494 5798 3558 5830 ι..
3591 5800 3629 5830 Il
3705 5807 3742 5830 ι·

2846 5799 2964 5880 εὰν]
2995 5799 3084 5856 Sic
3111 5798 3317 5880 Μὀδᾳη.
3355 5801 3456 5862 ἕως
3493 5798 3647 5854 ἄν’Β.
3672 5798 3676 5799 ⁷
3703 5807 3770 5861 Ε.

1593 5869 1635 5899 ³³
1663 5866 1894 5936 εἰσάγων
1922 5866 1979 5920 ιμ’.
2006 5866 2214 5926 fui-eme
2234 5871 2336 5944 Ep.
2410 5866 2454 5902 “
2478 5866 2819 5941 ’ὑψηλοτέρου
2848 5866 2982 5924 Edd.
