4076 6150
263 333 359 390 211

270 449 454 503 Contra
487 434 817 492 Mattio/tame.
851 456 922 468 --
947 422 1148 479 Idcirco
1177 433 1282 473 non
1320 413 1512 481 ubique
1539 409 1604 462 de
1644 403 1834 458 divini-

271 549 379 598 tate
417 547 512 588 sua
544 529 687 583 clare
730 521 960 591 loquitur
987 525 1041 571 et
1065 513 1240 568 docet.
1280 507 1335 563 Si
1359 505 1501 560 enim
1526 541 1541 566 ,
1566 497 1704 569 quod
1738 492 1838 562 legi

275 1053 333 1147 se
361 1091 529 1158 legem
569 1097 670 1137 non
702 1077 928 1135 solvere,
972 1069 1067 1124 sed
1097 1067 1148 1121 id
1188 1060 1420 1118 secundo
1446 1053 1690 1124 repetiit,
1729 1061 1845 1102 ma-

273 1187 466 1253 jusque
512 1174 651 1230 aliud
710 1181 894 1225 rursus
941 1161 1156 1231 adjecit.
1207 1157 1336 1210 Cnm
1387 1149 1611 1204 dixisset
1665 1140 1844 1203 enim,

1115 1250 1125 1253 _
1232 1247 1242 1253 _
1401 1241 1412 1253 ,
1624 1231 1805 1253 in“

278 1231 452 1328 iVolite
500 1277 697 1336 putare,
739 1257 976 1330 quoniam
1016 1250 1125 1304 veni
1165 1247 1353 1300 solvere
1395 1241 1573 1310 legem,
1618 1231 1846 1299 adjecit,

279 1365 399 1420 Non
429 1361 541 1415 veni
568 1357 777 1419 solvere,
801 1349 886 1406 sed
915 1343 1210 1409 adimplere.
1241 1335 1372 1391 illud
1401 1347 1527 1386 vero
1556 1344 1659 1382 non
1691 1323 1850 1379 modo

277 1457 580 1514 Judaaorum
627 1440 1010 1515 impudentiam
1053 1438 1293 1493 coercet,
1327 1425 1418 1479 sed
1446 1422 1603 1477 etiam
1642 1413 1849 1470 ιιωιύιί-

276 1561 462 1605 eorum
508 1557 599 1596 ora
646 1533 874 1594 consuit,
928 1527 1015 1598 qui
1057 1533 1290 1578 veterem
1337 1518 1505 1585 legem
1535 1527 1600 1566 ex
1639 1504 1852 1562 diabolo

446 1635 648 1690 dicunt.
683 1626 812 1680 Nam
858 1622 903 1675 si
946 1618 1060 1687 ejus
1112 1609 1446 1684 tyrannidem
1487 1603 1853 1657 destructurus

279 2005 422 2079 quod
453 2017 558 2057 non
603 1995 761 2052 modo
790 2007 897 2046 non
924 1981 1216 2042 adversarii
1253 1977 1386 2047 legis
1412 1980 1546 2034 erat,
1576 1967 1669 2024 sed
1695 1966 1856 2021 etiam

279 2059 600 2153 defensoris.
647 2087 713 2140 Et
756 2077 1024 2152 quomodo
1071 2087 1177 2128 non
1222 2067 1408 2131 solvit,
1457 2059 1696 2131 inquies,
1728 2067 1860 2124 quo-

279 2186 444 2244 modo
487 2177 728 2249 implevit
755 2144 848 2227 aut
875 2171 1068 2238 legem,
1119 2169 1212 2216 aut
1255 2150 1590 2227 prophetas?
1621 2144 1858 2214 Prophe-

282 2290 364 2332 tas
391 2234 603 2344 quidem
625 2311 639 2334 ,
668 2263 812 2336 quod
841 2234 1019 2316 omnia
1063 2268 1180 2325 qute
1207 2251 1274 2304 de
1303 2249 1418 2317 ipso
1439 2244 1578 2298 dicta
1607 2245 1761 2294 erant
1794 2234 1862 2286 ab

280 2370 382 2435 eis,
426 2361 675 2434 operibus
713 2346 1146 2411 conﬁrmaverit;
1185 2349 1507 2412 quapropter
1541 2327 1860 2396 evangelista

280 2459 349 2514 ad
367 2424 580 2524 singula
607 2447 816 2504 diccbat
845 2460 860 2498 :
896 2440 964 2496 Ut
982 2434 1277 2508 impleretur
1299 2426 1433 2498 quod
1463 2424 1648 2476 dictunt
1677 2426 1747 2472 est
1776 2430 1865 2485 per

281 2546 627 2621 praphetam;
669 2546 868 2592 etcum
899 2539 1057 2585 natus
1083 2532 1184 2589 est,
1222 2529 1420 2576 etcum
1449 2511 1598 2584 pueri
1643 2505 1861 2564 mirabi-

282 2599 450 2698 bilerm
474 2637 732 2708 hymnum
761 2627 829 2682 de
859 2627 974 2696 ipso
1020 2616 1280 2675 canebant
1302 2652 1316 2676 ,
1350 2619 1404 2664 et
1447 2602 1659 2676 quando
1701 2599 1864 2653 asinae

284 2730 575 2793 insidebat,
621 2735 829 2778 necnon
856 2716 1014 2772 etiam
1041 2712 1092 2765 in
1125 2705 1363 2778 pluribus
1405 2699 1526 2754 aliis
1560 2695 1663 2748 hoc
1691 2692 1862 2760 ipsum

285 2819 529 2892 implevit
555 2828 717 2884 :qua:
741 2806 920 2863 omnia
958 2817 1064 2857 non
1095 2793 1361 2866 implenda
1401 2800 1649 2857 umquam
1689 2787 1862 2843 erant,

1514 2886 1525 2892 Α
1607 2885 1711 2892 -αέ-
1773 2867 1862 2892 ιιι-,1

287 2867 529 2892 ¹““Ἰ“’“ν“·”
557 2867 570 2881 ι
612 2867 632 2884 1

283 2914 389 2969 nisi
431 2906 750 2964 advenisset.
785 2898 982 2966 Legem
1027 2897 1205 2945 autem
1236 2899 1340 2938 non
1369 2894 1474 2934 uno
1513 2885 1739 2936 tantum,
1772 2867 1866 2923 sed

282 3000 526 3062 secundo
553 2997 711 3053 etiam
739 3006 802 3046 ac
828 2963 984 3044 tertio
1011 2981 1170 3038 modo
1196 2974 1451 3046 implevit.
1485 2969 1602 3026 Uno
1627 2963 1864 3037 quidem,

281 3096 430 3168 quod
459 3108 523 3147 ex
556 3085 812 3158 legalibus
849 3077 980 3134 nihil
1019 3067 1497 3140 transgrederetur.
1540 3055 1693 3126 Quod
1723 3053 1866 3109 enim

1124 3164 1158 3168 __
1265 3159 1314 3168 ,,
1362 3157 1396 3168 ,,
1470 3148 1746 3168 _,,_J_,A
1786 3143 1866 3168 σε-

282 3143 454 3246 tlotam
483 3143 650 3253 legerit
681 3171 1008 3247 impleverit,
1039 3164 1162 3222 audi
1192 3159 1314 3231 quid
1346 3157 1488 3212 dicat
1519 3148 1707 3207 Joanni
1733 3164 1747 3200 :
1781 3143 1870 3198 Sic

280 3236 697 3339 enin-tuna'sudecet
714 3236 922 3336 implere
950 3274 1145 3314 omnem
1158 3252 1411 3323 justitiam
1439 3241 1648 3319 (Matth.
1669 3241 1723 3293 5.
1755 3236 1866 3305 15).

611 3330 823 3417 dicebat
854 3372 868 3408 :
896 3352 1028 3418 Quis
1057 3363 1118 3402 ea:
1162 3343 1300 3397 vobis
1337 3344 1512 3409 arguet
1557 3347 1637 3386 me
1662 3330 1722 3383 de
1751 3341 1868 3397 pec-

282 3420 403 3520 :a'to
419 3420 606 3532 ('Joan.
633 3454 688 3508 8.
719 3449 809 3520 46)
835 3447 955 3500 ?Ac
980 3437 1253 3509 discipulis
1273 3445 1482 3488 rursum
1517 3445 1530 3482 :
1566 3423 1710 3479 Venit
1732 3420 1871 3490 prin-

284 3510 412 3624 2;.
430 3510 617 3605 \ntitndi
644 3510 818 3613 hujus,
847 3547 892 3594 et
916 3537 968 3590 in
991 3549 1068 3588 me
1105 3547 1206 3585 non
1236 3526 1380 3582 habet
1407 3520 1682 3592 quidquam
1703 3510 1866 3586 (Ibid.

286 3613 383 3703 M'.
411 3643 528 3705 50).
551 3635 818 3705 Propheta
855 3641 1067 3699 quoque
1098 3635 1258 3691 supra
1291 3617 1455 3678 dixit,
1484 3613 1654 3682 ipsum
1683 3619 1872 3677 pecca-

287 3695 536 3792 t-u—m-non
578 3695 775 3782 habere
816 3695 988 3791 (lsai.
1016 3716 1104 3771 55.
1137 3713 1171 3768 9
1201 3713 1239 3781 ).
1273 3709 1386 3764 Hoc
1424 3706 1601 3773 itaque
1628 3711 1736 3753 uno
1758 3695 1872 3765 pri-

289 3836 493 3896 moque
527 3820 685 3875 modo
725 3784 893 3884 legem
926 3805 1186 3876 implevit.
1209 3797 1456 3856 Secundo
1489 3801 1664 3847 autem
1695 3784 1874 3853 imple-

1326 3889 1344 3896 -
1467 3885 1477 3896 .
1566 3882 1607 3896 _,
1845 3874 1870 3896 ί,

291 3874 592 3976 ‘ititodo,
635 3874 866 3979 quodvid
918 3874 1135 3970 propter
1187 3909 1282 3948 nos
1321 3885 1524 3943 fecerit.
1564 3882 1694 3938 Nam
1733 3874 1872 3948 quod

293 4011 496 4068 mirum
521 3973 623 4066 est,
650 3973 754 4053 non
779 3993 938 4050 modo
961 3993 1074 4061 ipse
1101 3985 1358 4056 implevit,
1391 3978 1484 4035 sed
1512 3973 1643 4030 illud
1665 3983 1876 4042 quoque

294 4101 526 4170 largitus
555 4100 640 4148 est
665 4100 720 4145 ut
756 4103 854 4143 nos
885 4083 1246 4153 implercmtts.
1275 4072 1424 4141 Quod
1455 4068 1654 4124 Paulus
1673 4064 1751 4119 sic
1777 4061 1874 4116 de-

293 4152 469 4248 c‘lai’at
501 4204 514 4238 :
563 4182 815 4252 Quoniam
845 4152 966 4246 ﬁnis
983 4173 1104 4242 legis
1131 4167 1360 4224 Christus
1382 4162 1448 4216 ad
1465 4159 1718 4230 justitiam
1740 4152 1878 4207 omni

295 4247 521 4338 credenti
553 4247 748 4348 (Rom.
777 4269 863 4325 10.
897 4264 988 4338 4).
1021 4263 1088 4316 Et
1121 4266 1391 4329 peccatum
1422 4253 1571 4306 illum
1597 4247 1878 4303 damnasse

297 4333 435 4431 dicit
457 4371 508 4424 iu
533 4333 693 4422 carne
723 4381 736 4416 :
770 4359 836 4416 Ut
854 4333 1157 4430 justiﬁcatio
1178 4343 1608 4418 legist'ntpleretur
1633 4338 1686 4391 in
1716 4333 1877 4396 nobis,

300 4423 546 4535 gitihnon
591 4423 871 4512 secundani
900 4461 1100 4501 carnent
1145 4438 1460 4495 ambulamus
1489 4433 1507 4504 (
1535 4429 1649 4484 Ibid
1702 4428 1754 4482 8.
1782 4427 1816 4480 4
1836 4423 1878 4494 ).

304 4517 378 4612 ἐι
405 4563 616 4608 rursum
647 4564 660 4600 :
694 4543 876 4614 Legem
905 4553 1022 4608 ergo
1048 4531 1350 4588 destruimus
1375 4542 1463 4596 per
1490 4523 1639 4593 [idem
1663 4520 1688 4574 ?
1720 4517 1881 4571 Absit.

304 4609 414 4702 sed
459 4643 618 4712 legent
662 4609 927 4690 statuimus
975 4625 1154 4698 (Ibid.
1185 4623 1238 4675 5.
1279 4621 1339 4674 δι
1373 4619 1412 4688 ).
1459 4615 1590 4683 Quia
1629 4610 1771 4667 enim
1799 4609 1882 4662 lex

305 4705 558 4793 studebat
583 4727 856 4783 hominem
885 4723 1061 4775 facere
1087 4717 1312 4786 justum,
1349 4709 1442 4765 sed
1471 4705 1837 4762 infirmabatur
1867 4717 1882 4766 ;

309 4826 534 4882 veniens
555 4820 690 4889 ipse,
706 4824 761 4870 et
789 4812 1002 4867 modum
1024 4805 1244 4877 iustitia:
1272 4801 1550 4862 inducens,
1579 4808 1770 4862 nempe
1793 4806 1887 4860 per

317 4919 504 4979 fidem,
530 4910 663 4976 legis
690 4906 1016 4960 voluntatem
1047 4897 1269 4961 statuit;
1296 4904 1350 4949 et
1374 4890 1516 4962 quod
1541 4889 1625 4942 illa
1656 4901 1760 4939 non
1789 4897 1888 4951 po-

317 5017 496 5065 tuerat
525 5019 620 5075 per
643 5001 842 5062 literas,
875 4995 926 5050 id
947 4995 1059 5064 ipse
1079 5006 1174 5061 per
1194 4986 1351 5043 ﬁdem
1374 4981 1612 5056 perfecit.
1632 4978 1887 5046 Propter-

319 5117 380 5158 ea
403 5097 572 5169 inquit
603 5112 617 5148 :
644 5091 764 5147 Non
788 5088 899 5143 veni
925 5085 1112 5140 solvere
1135 5084 1312 5151 legem.

389 5191 444 5246 3.
476 5156 673 5244 -Christi
693 5189 942 5252 praecepta
966 5182 1083 5230 sunt
1111 5170 1524 5241 complementum
1550 5161 1672 5232 legis
1696 5156 1889 5213 veteris.

319 5312 391 5327 -——
412 5281 467 5337 Si
496 5278 613 5350 quis
640 5288 766 5330 vero
791 5271 1074 5340 diligenter
1091 5263 1350 5332 exploret,
1372 5259 1532 5311 alium
1558 5264 1768 5323 quoque
1791 5257 1892 5301 ter-

323 5376 454 5430 tium
474 5339 689 5439 modum
716 5339 968 5426 inveniet,
989 5373 1096 5430 quo
1116 5355 1167 5410 id
1186 5355 1377 5409 factum
1399 5357 1498 5406 est.
1518 5349 1684 5416 Quem
1708 5339 1894 5397 illum?

323 5465 430 5518 Per
476 5437 740 5534 praecepta
789 5471 906 5526 qtae
957 5451 1178 5504 daturus
1212 5451 1344 5498 erat.
1376 5441 1556 5509 Neque
1594 5437 1738 5492 enim
1780 5439 1896 5487 erat

327 5555 598 5623 abrogatio
641 5551 900 5622 priorum,
938 5541 1036 5601 sed
1079 5536 1319 5596 extensio
1357 5543 1410 5588 et
1450 5531 1894 5599 complementum

323 5618 484 5700 erantw
525 5661 587 5701 ea
627 5618 748 5712 qua:
772 5637 1104 5695 dicebantur.
1150 5627 1282 5685 Nunt
1315 5639 1418 5680 non
1449 5618 1724 5678 occidendi
1765 5629 1899 5686 pra:-

333 5747 548 5804 ceptum
573 5751 677 5789 non
699 5733 980 5801 abrogatur
999 5741 1032 5782 tt
1058 5727 1325 5795 praecepto
1343 5730 1445 5772 non
1475 5709 1732 5768 irascendi
1756 5724 1772 5774 ;
1802 5703 1897 5760 sed

1391 298 1454 354 IN
1493 285 1895 352 MATTIIEUM
1935 283 2162 338 HOMIL.
2206 283 2344 337 XVI.

3424 268 3530 322 2ίὲ

1947 398 2394 468 complementum
2425 405 2506 450 est
2531 393 2596 448 ad
2623 391 2878 461 majorem
2909 389 3206 443 cautionem
3235 401 3250 440 ε
3295 393 3350 440 et
3380 383 3521 438 idem

1945 490 2153 544 dicatur
2173 488 2242 543 de
2267 488 2477 542 catteris
2507 483 2780 540 omnibus.
2810 480 3037 549 Ideoque
3071 492 3192 531 cum
3223 475 3410 530 horum
3439 488 3525 526 se-

1946 581 2089 634 mina
2127 581 2241 633 sine
2269 578 2443 648 aliqua
2470 575 2771 646 suspicione
2803 572 2946 640 prius
2973 567 3272 637 sparsisset,
3312 563 3525 635 quando

1946 672 2140 728 clarius
2183 688 2248 726 ex
2294 669 2692 740 comparatione
2731 673 2970 719 veterum
3009 667 3065 716 et
3091 673 3350 713 novorum
3382 657 3527 725 lega-

1949 765 2076 820 lium
2107 777 2166 819 ut
2193 763 2480 818 adversans
2511 760 2611 830 legi
2643 759 2697 812 in
2719 756 3075 825 suspicionem
3096 748 3367 805 vocandus
3388 753 3524 808 erat,

1950 859 2145 929 prmvia
2186 857 2276 911 illa
2312 855 2555 910 cautione
2583 868 2709 906 usus
2736 859 2835 904 est.
2881 846 3090 902 Etenim
3138 843 3246 913 jam
3276 841 3361 896 illa
3393 837 3528 893 mni-

1949 950 2178 1021 gmatice
2223 947 2437 1002 fundata
2468 954 2620 1000 erant
2649 959 2744 1014 per
2779 957 2839 997 ea
2872 955 2990 1010 qua:
3031 938 3168 992 dicta
3199 933 3424 990 fuerant.
3459 929 3528 982 11-

1953 1040 2042 1095 lud
2082 1040 2248 1101 enim,
2278 1038 2421 1093 Beati
2461 1051 2703 1107 pauperes
2744 1033 2950 1099 spiritu,
2983 1029 3210 1098 idipsum
3241 1033 3323 1079 est
3363 1021 3528 1092 quod,

1956 1132 2040 1186 Ne
2085 1131 2366 1186 irascimini
2397 1145 2413 1182 :
2439 1141 2492 1184 et
2541 1126 2690 1190 illttd,
2736 1123 2881 1177 Beati
2921 1120 3106 1174 mundo
3144 1118 3324 1182 corde,
3355 1112 3531 1169 simile

1954 1226 2077 1280 huic
2107 1230 2370 1293 praecepto
2396 1231 2499 1283 est,
2549 1236 2652 1273 non
2681 1214 3069 1285 respiciendam
3109 1225 3228 1266 esse
3254 1209 3530 1262 mulierem

1954 1318 2018 1371 ad
2047 1314 2531 1385 concupiscendum
2573 1325 2690 1365 eam
2721 1326 2734 1367 :
2763 1320 2814 1363 et
2854 1307 3002 1372 illud,
3034 1321 3138 1358 non
3168 1301 3533 1357 thesaurizan-

1955 1409 2080 1464 dum
2122 1423 2241 1462 csse
2269 1406 2548 1459 thesauros
2575 1403 2624 1455 itt
2655 1411 2817 1462 terra,
2849 1398 2970 1450 huic
2997 1395 3189 1448 accinit
3217 1410 3230 1445 :
3262 1392 3404 1447 Beati
3434 1390 3534 1443 mi-

1960 1499 2238 1554 sericordes
2265 1513 2286 1562 ;
2313 1506 2366 1549 et
2413 1493 2560 1554 illud,
2590 1493 2791 1560 lugere,
2823 1483 3318 1557 persequutionibus
3353 1489 3408 1535 et
3443 1495 3538 1547 op-

1961 1589 2188 1659 probriis
2217 1584 2420 1653 impeti,
2452 1584 2554 1636 tale
2588 1589 2690 1643 est,
2727 1578 2882 1648 quale
2913 1576 3112 1628 intrare
3141 1587 3238 1641 per
3259 1579 3534 1639 angustam

1960 1689 2205 1749 portam;
2251 1686 2306 1730 et
2346 1673 2474 1728 illud
2505 1714 2519 1736 ,
2553 1671 2761 1726 esurire
2805 1675 2859 1720 et
2902 1665 3051 1719 sitire
3075 1660 3370 1730 justitiam,
3409 1657 3538 1710 nihil

1959 1771 2101 1825 aliud
2141 1778 2408 1836 estquam
2451 1765 2500 1817 id
2527 1806 2540 1825 ,
2587 1760 2725 1831 quod
2773 1766 2956 1828 postea
3001 1755 3130 1809 dicit
3162 1770 3176 1807 :
3207 1752 3542 1817 Quacumque

1960 1862 2110 1917 vultis
2136 1869 2190 1912 ut
2218 1859 2404 1928 faciant
2428 1855 2564 1908 vobis
2584 1852 2828 1914 homines,
2852 1860 2898 1903 et
2919 1864 3004 1902 vos
3031 1846 3179 1918 facite
3205 1842 3306 1896 illis
3330 1839 3537 1912 (Matth.

1963 1954 2014 2006 7.
2047 1951 2155 2020 12).
2185 1951 2251 2004 Ει
2276 1964 2394 2003 cum
2418 1945 2694 2016 paciﬁcum
2721 1940 3039 2010 appellasset
3061 1937 3295 2000 beatum,
3315 1932 3539 2000 idipsum

1964 2057 2129 2112 prope
2158 2040 2323 2102 dixit,
2372 2034 2510 2106 quod
2547 2049 2666 2087 cum
2707 2031 2868 2099 jussit
2907 2029 3204 2094 relinquere
3241 2023 3460 2087 donum,
3491 2031 3544 2075 ct

1965 2134 2219 2190 festinare
2263 2129 2328 2183 ad
2368 2127 2625 2182 offensum
2672 2122 2886 2176 fratrem
2916 2118 3014 2172 sibi
3057 2113 3540 2172 reconciliandam,

1965 2233 2021 2280 et
2049 2220 2359 2278 benevolum
2400 2232 2520 2272 csse
2558 2213 2888 2268 adversario.
2921 2209 3024 2264 Sed
3055 2207 3123 2261 ihi
3156 2205 3370 2276 quidem
3404 2219 3544 2273 pra:-

1966 2316 2070 2370 mia
2118 2321 2264 2369 recte
2304 2307 2637 2378 operantium
2689 2303 2910 2373 posuit:
2947 2300 3031 2352 hic
3074 2311 3202 2350 vero
3249 2311 3354 2350 non
3401 2301 3547 2348 recte

1967 2403 2302 2474 operantium
2332 2397 2610 2469 supplicia.
2634 2396 2970 2463 Quapropter
2987 2390 3053 2443 11ιὶ
3079 2387 3290 2457 quidem
3314 2385 3545 2450 dicebat,

1967 2496 2123 2550 mites
2155 2501 2350 2548 terram
2375 2500 2715 2560 possessuros
2744 2498 2862 2537 esse
2886 2499 2900 2546 ;
2933 2483 3016 2534 hic
3040 2494 3165 2534 vero
3191 2478 3283 2542 ait,
3308 2491 3430 2530 eum
3456 2472 3548 2544 qui

1969 2590 2186 2643 fratrem
2213 2601 2364 2640 suum
2405 2581 2601 2636 fatutun
2642 2576 2930 2639 vocaverit,
2961 2587 3108 2627 reum
3151 2573 3261 2625 fore
3290 2569 3548 2639 gehenuze

1971 2680 2124 2751 ignis.
2157 2677 2266 2732 Illic
2287 2677 2411 2730 item
2439 2672 2573 2726 dixit
2599 2668 2825 2723 InllﬂtiOS
2856 2665 3018 2720 corde
3048 2664 3213 2718 Deum
3251 2676 3373 2716 esse
3399 2659 3544 2712 visn-

1970 2788 2060 2828 ros
2086 2789 2100 2836 ;
2136 2770 2223 2824 hic
2248 2782 2378 2823 vero
2404 2780 2550 2829 eum,
2577 2763 2666 2832 qui
2709 2757 2987 2828 impudicis
3029 2755 3197 2808 oculis
3226 2749 3540 2820 respexerit,

1972 2879 2092 2919 esse
2117 2875 2242 2916 vere
2286 2858 2550 2913 tumchuut
2582 2872 2596 2920 ;
2627 2868 2689 2906 ac
2713 2867 2832 2906 cum
2866 2850 2972 2902 illic
3015 2845 3260 2916 pacificos
3287 2843 3424 2896 filios
3455 2841 3548 2894 Dei

1971 2961 2232 3028 vocasset,
2262 2951 2348 3004 hic
2384 2949 2485 3001 alia
2518 2946 2724 3000 ratione
2769 2942 3004 2996 deterret
3047 2937 3229 2991 dicens
3257 2951 3270 2987 :
3303 2931 3386 2986 Ne
3421 2933 3550 3003 forte

1973 3044 2138 3097 tradat
2176 3052 2222 3096 te
2264 3039 2582 3094 adversarius
2605 3035 2795 3107 judici.
2828 3033 2917 3088 Sic
2945 3040 2998 3084 et
3025 3030 3266 3097 lugentes
3290 3034 3343 3081 et
3367 3037 3550 3094 perse—

1972 3136 2282 3204 quutionem
2322 3133 2581 3202 patientes
2626 3144 2746 3182 cum
2779 3126 2962 3179 beatos
2989 3120 3233 3191 superius
3262 3114 3549 3185 praedicas-

1971 3237 2089 3294 set,
2123 3228 2174 3280 in
2205 3223 2548 3295 sequentibus
2579 3219 2806 3286 idipsum
2845 3220 3098 3275 tractans,
3135 3208 3422 3278 perniciem
3469 3203 3548 3254 iu-

1977 3319 2292 3375 terminatur
2339 3317 2405 3369 iis
2433 3314 2522 3382 qui
2573 3326 2678 3364 non
2729 3307 2915 3363 cadent
2967 3305 3080 3372 ipsa
3125 3301 3206 3353 via
3252 3295 3548 3352 incedunt:

1975 3428 2097 3467 nam
2137 3411 2226 3482 qui
2270 3423 2362 3476 per
2399 3405 2685 3474 spatiosum
2728 3401 2867 3453 viam
2896 3394 3190 3458 ambulant,
3225 3388 3412 3459 inquit,
3444 3385 3552 3438 illic

1974 3511 2217 3574 pereunt.
2251 3498 2354 3553 Sed
2379 3505 2433 3551 et
2462 3495 2610 3560 illud,
2649 3491 2766 3546 Non
2797 3487 2999 3559 potestis
3029 3484 3136 3538 Deo
3162 3481 3348 3536 servire
3374 3488 3419 3531 et
3445 3493 3554 3528 nta-

1975 3571 2138 3652 monce
2161 3593 2371 3669 (Matth.
2402 3592 2456 3656 6,
2480 3589 2594 3658 24),
2629 3586 2749 3640 huic
2772 3583 2916 3638 dicto
2943 3578 3117 3634 simile
3147 3574 3277 3630 mihi
3298 3571 3505 3626 videtur
3535 3586 3550 3622 :

1975 3689 2119 3744 Beati
2136 3684 2502 3748 misericordes,
2535 3689 2608 3743 cl,
2640 3678 2738 3744 Qui
2774 3675 3002 3730 esuriant
3023 3669 3298 3742 justitiam.
3333 3664 3551 3728 Verum,

1977 3792 2034 3836 ut
2076 3777 2393 3850 praemonui,
2445 3774 2568 3844 quia
2609 3764 2733 3824 (haec
2782 3766 2978 3822 clarius
3010 3763 3251 3816 dicturus
3300 3765 3403 3822 est,
3452 3767 3553 3807 nec

1978 3874 2173 3928 clarius
2214 3868 2372 3924 modo
2401 3837 2662 3926 dicturus,
2694 3858 2789 3914 sed
2819 3857 2979 3912 etiam
3013 3837 3162 3923 plura
3204 3849 3366 3904 dictis
3409 3845 3558 3913 adje-

1978 3976 2160 4022 cturus
2187 3962 2328 4033 (non
2369 3959 2510 4014 enim
2551 3955 2662 4024 jam
2692 3948 3094 4005 misericordem
3120 3951 3321 3995 tantum
3343 3938 3554 4007 qu'erit,

1981 4059 2073 4114 sed
2100 4057 2260 4111 etiam
2292 4053 2466 4106 tunica
2512 4058 2564 4100 te
2606 4043 2724 4098 exui
2766 4041 2954 4110 jubet;
3003 4049 3100 4089 nec
3144 4033 3324 4086 mitem
3353 4028 3554 4082 solum-

1981 4149 2140 4204 modo
2163 4187 2176 4208 ,
2205 4143 2298 4199 sed
2331 4149 2384 4195 et
2417 4149 2472 4192 ut
2499 4135 2655 4189 aliam
2683 4129 2948 4186 maxillam
2975 4130 3254 4200 convertas
3285 4125 3560 4187 percutere

1983 4239 2179 4295 volenti
2207 4241 2247 4306 ),
2292 4235 2459 4296 illam,
2503 4243 2621 4298 qua:
2659 4223 2934 4279 videbatur
2977 4233 3116 4282 esse,
3158 4209 3559 4282 repugnantiam

1983 4340 2037 4387 et
2065 4329 2496 4385 contrarietatem
2519 4319 2664 4390 prius
2705 4315 2856 4369 tollit.
2891 4310 3136 4378 Ideoque,
3171 4315 3224 4359 ut
3251 4317 3408 4371 supra
3431 4300 3559 4364 dixi,

1987 4438 2090 4477 non
2111 4417 2276 4474 semel
2306 4423 2508 4468 tantum
2539 4410 2642 4464 hoc
2672 4404 2907 4476 protulit,
2935 4399 3026 4454 sed
3060 4399 3158 4451 his.
3180 4396 3310 4450 Cum
3335 4391 3564 4445 dixisset

1986 4513 2149 4576 enim,
2182 4508 2355 4562 Nolite
2377 4514 2573 4576 putare,
2591 4496 2725 4570 quod
2751 4494 2963 4550 venerim
2991 4490 3178 4544 solvere
3205 4485 3382 4556 legem,
3409 4481 3564 4549 adje—

1988 4605 2059 4660 cit
2090 4621 2102 4656 :
2129 4599 2248 4655 Non
2270 4570 2387 4652 venit
2405 4595 2612 4656 solvere,
2642 4588 2729 4643 sed
2751 4582 3046 4654 adimplere.
3071 4580 3298 4642 Rursum
3327 4577 3402 4626 ait
3429 4590 3442 4624 :
3475 4570 3562 4625 l8.

1992 4699 2148 4750 Amen
2182 4693 2366 4763 quippe
2390 4689 2502 4741 dico
2531 4682 2685 4745 vobis,
2712 4679 2870 4732 donec
2897 4679 3114 4727 transeat
3141 4667 3318 4721 caelum
3341 4673 3384 4717 et
3411 4673 3565 4724 terra,

1990 4787 2094 4842 iota
2117 4799 2274 4838 unum
2312 4788 2402 4833 aut
2443 4791 2576 4830 unus
2618 4786 2749 4840 apex
2780 4783 2880 4820 non
2911 4759 3179 4833 prarteribit
3203 4774 3234 4810 α
3261 4755 3386 4825 lege,
3409 4753 3567 4806 donec

1992 4876 2161 4931 omnia
2187 4874 2331 4942 ﬁant.
2355 4867 2505 4934 Quod
2531 4872 2704 4916 autem
2731 4857 2876 4920 dicit,
2896 4847 3195 4920 hujusmodi
3217 4853 3300 4902 est
3329 4861 3344 4898 :
3371 4843 3570 4912 Impos-

1993 4967 2150 5026 sihile
2176 4971 2260 5018 est
2303 4975 2408 5015 non
2445 4955 2712 5022 impletam
2752 4959 3004 5007 manere,
3035 4939 3128 4994 sed
3172 4938 3256 4994 vel
3293 4935 3568 4991 minimum

1995 5058 2238 5130 quodque
2285 5052 2402 5121 ejus
2447 5043 2654 5114 impleri
2716 5045 2944 5110 oportet.
2974 5031 3125 5101 Quod
3167 5029 3281 5100 ipse
3323 5028 3444 5085 fecit
3481 5026 3569 5095 qui

1996 5117 2244 5205 accurate
2273 5117 2448 5195 omnia
2481 5134 2740 5206 implevit.
2769 5131 2864 5186 llic
2897 5135 3072 5180 autem
3106 5122 3258 5178 nobis
3278 5117 3575 5174 sultindicat

2001 5239 2164 5294 totius
2205 5231 2385 5293 mundi
2433 5229 2654 5298 figurant
2707 5217 3087 5278 immutandam
3123 5229 3262 5271 esse.
3305 5209 3418 5265 Nec
3461 5209 3576 5262 sine

2000 5346 2157 5388 causa
2187 5328 2238 5382 id
2271 5324 2466 5396 posuit,
2505 5319 2598 5374 sed
2631 5327 2686 5371 ut
2715 5317 2946 5384 erigeret
2971 5309 3298 5369 auditorem,
3327 5298 3577 5354 ostende-

2002 5433 2191 5493 retque
2219 5434 2276 5474 se
2311 5418 2431 5488 jure
2461 5413 2618 5466 aliam
2651 5409 2903 5462 inducere
2922 5401 3256 5470 disciplinam
3286 5412 3300 5448 :
3330 5393 3376 5446 si
3400 5385 3582 5444 omnia

2003 5531 2124 5587 quzc
2152 5515 2205 5567 in
2233 5509 2431 5566 mundo
2457 5512 2580 5560 sunt
2607 5499 2860 5556 mutanda
2889 5496 3013 5557 sint,
3037 5502 3088 5547 et
3114 5490 3158 5543 si
3184 5483 3455 5540 hominum
3483 5492 3575 5548 ge-

2005 5623 2105 5663 nus
2150 5603 2216 5657 ad
2269 5601 2424 5656 aliam
2468 5596 2692 5667 patriam
2735 5593 2806 5645 sit
2843 5573 3175 5642 vocandum,
3221 5571 3582 5630 sublimiorem

2009 5694 2295 5771 prmparari
2325 5691 2506 5744 vitam.
2552 5685 2640 5741 i9.
2689 5681 2996 5747 Quicumque
3035 5685 3156 5739 ergo
3195 5663 3394 5720 solverit
3419 5675 3580 5714 unum
