4076 6150
541 276 648 332 215

539 394 604 447 de
629 390 882 445 mandatis
909 391 1016 446 istis
1042 391 1282 456 minimis,
1317 401 1365 445 et
1401 390 1622 444 docuerit
1645 389 1718 444 sic
1743 391 1986 457 homines,
2015 406 2113 443 tnt-

540 487 705 539 nimus
731 484 990 538 vocabitur
1012 484 1065 537 in
1101 500 1254 554 regno
1278 483 1536 537 caelorum.
1581 483 1865 552 Postquam
1891 482 2032 538 enim
2058 497 2118 538 se

535 593 564 632 a
595 578 728 632 mala
757 577 1058 646 suspicione
1096 576 1396 639 vindicavit,
1429 584 1483 630 et
1504 590 1688 630 eorum
1722 576 1808 645 qui
1843 575 2116 630 contradi-

534 685 660 725 cere
685 670 881 724 vellent
922 685 1014 723 ora
1045 667 1303 730 obstruit,
1347 676 1468 720 tunc
1506 667 1718 721 demum
1758 677 1811 721 et
1841 675 2034 728 terret.
2063 676 2117 723 et

536 761 710 814 minas
736 761 967 829 graviter
998 760 1220 813 intentat
1245 773 1405 826 super
1437 759 1608 812 futura
1631 759 1765 829 lege.
1793 759 1944 826 Quod
1966 761 2113 821 enim

537 855 588 908 id
632 871 737 908 non
773 854 839 908 de
868 853 1096 920 antiquis
1123 852 1327 918 legibus
1351 851 1578 915 dixerit,
1623 854 1715 908 sed
1751 853 1818 907 de
1854 853 1952 908 illis
1984 869 2116 922 quas

537 947 649 1014 ipse
675 947 873 998 laturus
899 953 1033 1008 erat,
1054 943 1174 997 audi
1203 944 1493 1014 sequentia.
1518 945 1608 999 20.
1634 944 1762 998 Dico
1784 946 1916 998 enim
1940 945 2075 1000 vobis
2096 961 2116 999 :

538 1035 658 1090 Nisi
684 1034 1006 1088 abundaverit
1026 1035 1227 1105 justitia
1256 1043 1417 1088 uestra
1450 1037 1564 1105 plus
1589 1053 1737 1105 quam
1762 1037 2036 1090 scribarum
2067 1046 2115 1090 et

540 1126 930 1189 Pltaristzorum,
957 1143 1055 1179 non
1081 1126 1332 1181 intrabitis
1358 1129 1410 1179 in
1447 1144 1652 1198 regnum
1678 1129 1934 1182 oculorum.
1963 1129 2115 1196 Quod

534 1219 576 1269 si
605 1219 743 1270 circa
772 1227 1004 1270 veterem
1034 1218 1201 1285 legem
1249 1220 1558 1281 minaretur,
1592 1234 1688 1272 cur
1717 1220 1959 1284 dixisset,
1995 1219 2115 1272 Nisi

533 1309 900 1364 abundaverit?
930 1308 964 1362 li
989 1311 1130 1364 enim
1152 1309 1241 1378 qui
1265 1311 1449 1365 eadem
1484 1312 1593 1381 ipsa
1612 1353 1626 1376 ,
1653 1329 1771 1382 qua:
1800 1313 1869 1366 illi
1896 1355 1910 1378 ,
1951 1313 2112 1368 facie-

533 1400 674 1465 bant,
703 1417 806 1454 non
835 1409 1077 1471 poterant
1105 1402 1394 1456 secundmn
1423 1402 1640 1470 jnstitire
1670 1405 1924 1459 rationem
1948 1407 2112 1460 abun-

529 1491 678 1547 dare.
700 1493 800 1546 Scd
829 1492 952 1561 quid
983 1502 1091 1546 erat
1127 1493 1251 1546 illud
1275 1493 1414 1561 quod
1435 1493 1736 1548 abundabat
1755 1496 1776 1548 ?
1797 1497 1908 1550 Non
1934 1498 2106 1562 irasci,

531 1584 806 1637 mulierem
847 1599 950 1635 non
986 1584 1252 1652 impudice
1291 1586 1579 1652 respicere.

603 1677 654 1728 4.
697 1674 804 1728 Cur
850 1690 977 1744 ergo
1012 1674 1256 1728 minimas
1299 1675 1413 1729 illas
1455 1677 1659 1730 vocavit
1711 1679 1873 1747 leges,
1902 1680 2109 1738 etiamsi

531 1773 690 1819 tantae
737 1775 950 1835 tamque
978 1765 1231 1819 sublimes
1268 1766 1421 1818 sint?
1452 1767 1582 1834 Quia
1616 1769 1727 1836 ipse
1756 1770 1922 1839 legem
1953 1772 2110 1826 indu-

528 1866 710 1909 cturus
738 1865 870 1909 erat.
901 1854 1049 1911 Sicut
1070 1857 1210 1909 enim
1238 1870 1296 1910 se
1322 1857 1579 1922 humiliat,
1614 1869 1667 1913 et
1693 1861 1929 1916 modeste
1967 1879 2110 1932 saepe

529 1951 595 2005 de
621 1952 798 2020 Scipso
828 1951 1059 2019 loquitur
1088 1969 1100 2003 :
1131 1952 1208 2004 sic
1235 1951 1392 2006 etiam
1416 1952 1555 2006 circa
1588 1953 1756 2023 legem
1786 1969 1933 2010 suam
1960 1959 2103 2026 agit;

528 2052 582 2096 nt
611 2058 705 2096 nos
733 2059 944 2113 quoque
972 2043 1055 2096 hic
1080 2043 1270 2096 doceat
1299 2044 1348 2096 in
1376 2045 1624 2099 omnibus
1654 2047 1893 2102 modeste
1925 2063 2103 2118 agere.

529 2134 776 2204 Alioquin
809 2146 985 2189 autem
1027 2135 1148 2204 quia
1190 2136 1550 2188 innovationis
1590 2137 1823 2205 suspicio
1863 2139 2102 2208 quaedam

523 2241 643 2280 esse
681 2226 989 2290 videbatur,
1038 2226 1353 2280 demissiore
1384 2227 1592 2280 interim
1625 2227 1870 2296 loquendi
1912 2247 2104 2299 genere

525 2321 709 2371 utitur.
740 2317 872 2371 Cum
910 2333 1036 2371 vero
1063 2318 1214 2371 audis
1239 2319 1513 2371 minimum
1543 2319 1594 2372 in
1625 2334 1790 2388 regno
1827 2323 2099 2389 carlorum,

523 2425 590 2462 ne
612 2409 748 2461 aliud
772 2409 1056 2477 suspiceris
1078 2424 1233 2478 quam
1261 2409 1558 2477 gehennam
1582 2418 1742 2478 atque
1763 2413 2098 2480 supplicium.

521 2500 761 2568 Regnum
791 2501 933 2554 enim
960 2501 1095 2554 solet
1124 2501 1413 2570 appellare,
1445 2516 1549 2555 non
1577 2503 1965 2559 usumlâ€˜rnctum
1989 2523 2103 2561 mo-

519 2593 624 2657 do,
669 2593 759 2646 sed
801 2593 958 2646 etiam
1001 2594 1404 2648 resurrectionis
1445 2604 1686 2663 tempus,
1727 2605 1781 2650 et
1817 2597 2099 2654 adventum

523 2683 672 2736 illum
718 2684 1029 2738 terribilem.
1079 2683 1212 2738 Nam
1261 2683 1530 2754 quomodo
1577 2685 1768 2741 rationi
1814 2699 2097 2745 consenta-

521 2793 676 2831 neum
722 2786 896 2840 esset,
939 2793 1059 2831 eum
1099 2781 1188 2846 qui
1217 2776 1437 2832 fratrem
1468 2777 1686 2832 Stultum
1717 2793 1889 2848 vocat,
1923 2790 1977 2836 et
2009 2784 2099 2854 qui

519 2869 820 2924 mandatum
853 2886 1012 2923 unum
1037 2871 1217 2936 violat,
1249 2870 1298 2923 in
1320 2870 1619 2939 gehennam
1647 2873 1880 2928 incidere
1906 2891 1920 2938 ;
1951 2875 2097 2930 illum

519 2978 646 3018 vero
692 2965 779 3031 qui
823 2963 999 3016 omnia
1040 2973 1304 3032 prmcepta
1331 2963 1568 3027 solverit,
1602 2973 1656 3018 et
1697 2965 1829 3020 alios
1850 2967 1918 3021 ad
1957 2967 2096 3038 idip-

517 3070 633 3109 sum
663 3055 947 3117 induxerit,
981 3055 1030 3108 in
1065 3069 1228 3124 regno
1256 3055 1415 3109 locari
1443 3056 1465 3108 ?
1491 3055 1603 3110 Non
1633 3056 1791 3125 igitur
1817 3057 1916 3113 hoc
1946 3059 2094 3124 dicit,

518 3147 610 3202 sed
644 3147 790 3201 illum
812 3163 875 3200 eo
908 3155 1146 3216 tempore
1187 3146 1462 3201 minimum
1495 3147 1750 3216 futurum,
1782 3151 1833 3204 id
1865 3159 1965 3216 est,
2004 3152 2098 3206 ab-

513 3239 732 3311 jectnm,
781 3239 1040 3292 ultimum.
1079 3239 1306 3294 Ultimus
1348 3249 1522 3295 autem
1554 3251 1675 3296 tunc
1707 3242 1756 3296 in
1800 3244 2094 3313 gehennam

515 3329 729 3384 incidet.
780 3330 986 3384 Etenim
1033 3339 1213 3398 utpote
1248 3331 1382 3384 Deus
1413 3332 1697 3386 multorum
1721 3336 2092 3406 negligentiam

515 3420 837 3488 prmvidebat
859 3462 870 3483 ,
901 3429 953 3473 et
977 3420 1233 3490 quosdam
1265 3419 1468 3476 futuros
1493 3438 1612 3478 esse
1637 3426 1724 3494 qui
1762 3425 1848 3478 illa
1875 3443 1968 3495 per
1995 3427 2094 3499 hy-

513 3512 764 3582 perbolen
810 3513 980 3566 solum
1031 3514 1171 3568 dicta
1217 3529 1338 3568 esse
1382 3525 1664 3582 putarent,
1717 3526 1770 3570 et
1821 3517 1909 3588 qui
1953 3520 2091 3573 circa

514 3606 656 3675 leges
681 3606 1120 3660 ratiocinarentur
1140 3615 1191 3660 et
1209 3606 1449 3662 dicerent
1478 3626 1492 3662 :
1518 3608 1575 3664 Si
1596 3624 1724 3678 ergo
1749 3611 1866 3679 quis
1894 3612 2091 3668 fatuum

513 3697 801 3760 vocaverit,
828 3697 1045 3766 punitur
1069 3698 1092 3749 á¼²
1113 3697 1154 3749 si
1189 3699 1462 3752 mulierem
1504 3700 1819 3768 simpliciter
1839 3719 2091 3773 respexe-

512 3787 602 3851 rit,
634 3786 871 3841 mtechus
897 3785 1124 3841 efficitur
1149 3788 1172 3841 ?
1215 3787 1336 3843 Ideo
1363 3788 1504 3843 illam
1536 3791 1728 3846 tollens
1756 3795 2088 3862 socordiam,

513 3881 685 3935 minas
727 3882 950 3935 intentat
982 3881 1236 3934 maximas
1265 3882 1540 3952 utrisque,
1569 3890 1622 3936 et
1651 3885 2091 3955 transgredienti-

511 3973 632 4034 bus,
662 3983 714 4027 et
741 3973 873 4026 alios
905 3973 968 4027 ad
1001 3972 1101 4026 hoc
1132 3972 1521 4027 inducentibus.
1557 3974 1724 4029 Minas
1767 3977 1941 4047 itaque
1967 3992 2090 4034 cer-

510 4077 718 4130 nentes,
749 4081 919 4135 neque
940 4065 1034 4134 ipsi
1061 4064 1528 4135 transgrediamur,
1553 4081 1722 4135 neque
1747 4067 1860 4122 haec
1879 4083 2091 4124 servare

510 4157 747 4210 volentes
793 4165 1117 4210 avertamus.
1173 4155 1274 4222 Qui
1317 4165 1483 4209 autem
1525 4157 1699 4226 fecerit
1735 4167 1784 4211 et
1830 4159 2086 4225 docuerit,

508 4249 698 4318 inquit,
753 4265 964 4318 magnus
1009 4249 1280 4301 vocabitur.
1312 4247 1427 4301 Non
1475 4248 1615 4302 enim
1659 4249 1813 4304 nobis
1861 4258 2086 4317 tantum,

510 4340 603 4396 sed
641 4350 694 4394 et
743 4340 861 4392 aliis
906 4339 1060 4392 utiles
1104 4354 1225 4392 esse
1268 4338 1544 4393 debemus.
1591 4339 1774 4410 Neque
1807 4343 1948 4396 enim
1996 4358 2091 4412 par

508 4446 716 4486 merces
754 4441 833 4484 est
877 4431 926 4484 ei
967 4431 1140 4498 quise
1169 4430 1233 4482 ad
1281 4439 1426 4484 recte
1468 4431 1762 4487 faciendum
1793 4444 2085 4505 comparat,

506 4532 563 4577 et
605 4523 657 4576 ei
713 4521 799 4590 qui
863 4535 1044 4573 secum
1103 4519 1265 4572 alium
1310 4519 1376 4573 ad
1424 4519 1474 4573 id
1521 4520 1754 4577 adducit.
1806 4523 2086 4590 Quemad-

508 4614 725 4670 modum
757 4613 898 4668 enitn
935 4612 1128 4666 docere
1169 4619 1226 4666 et
1266 4627 1369 4664 non
1413 4610 1602 4676 facere,
1637 4613 1956 4669 condemnat
1981 4615 2088 4670 do-

507 4718 751 4772 centem,
803 4708 967 4775 (nam
1011 4705 1129 4759 ait:
1167 4703 1268 4771 Qui
1310 4703 1458 4757 doces
1487 4704 1644 4758 alium
1669 4744 1684 4770 ,
1726 4705 1937 4775 teipsunt
1982 4724 2087 4763 non

506 4801 652 4855 doces
681 4799 867 4872 lnam.
908 4799 961 4853 2.
993 4797 1192 4871 21])?
1235 4798 1312 4851 sic
1360 4796 1551 4862 facere,
1596 4812 1696 4852 nec
1741 4799 1872 4853 alios
1919 4800 1984 4854 ad
2015 4801 2088 4855 taâ€”

508 4891 755 4946 ciendum
786 4891 1036 4945 inducere
1058 4933 1071 4953 ,
1101 4889 1400 4945 mercedem
1427 4889 1635 4943 minuit.
1675 4888 1896 4959 Oportet
1932 4891 2086 4961 igitur

508 4983 560 5036 in
607 4989 830 5050 utroque
869 4997 1172 5051 supremum
1216 4997 1352 5046 esse,
1393 4989 1447 5035 et
1492 4996 1612 5036 cum
1658 4989 1709 5035 te
1747 4981 1974 5049 priorem
2020 4982 2084 5037 ad

505 5071 938 5130 benefaciendum
985 5073 1251 5128 induxeris
1276 5115 1290 5138 ,
1327 5073 1391 5126 ad
1431 5072 1655 5128 aliorum
1689 5087 1868 5127 curam
1908 5084 2083 5126 trans-

502 5165 737 5223 eundum
778 5171 876 5216 est.
921 5162 1120 5217 Idcirco
1145 5164 1283 5216 enim
1313 5165 1424 5231 ipse
1450 5179 1610 5233 opera
1641 5172 1764 5218 ante
1789 5163 2083 5219 doctrinam

506 5261 704 5332 posuit,
750 5257 1040 5312 ostendens
1084 5257 1161 5310 sic
1187 5257 1386 5326 optime
1433 5257 1675 5326 quemvis
1714 5273 1771 5312 se
1798 5257 1862 5311 ad
1895 5256 2084 5311 decen-

502 5354 629 5409 dum
656 5363 994 5419 comparare,
1031 5362 1201 5417 neque
1229 5347 1334 5400 alio
1374 5349 1531 5402 modo
1561 5363 1828 5416 umquam.
1863 5348 2086 5401 Auditu-

502 5462 594 5502 rus
633 5454 776 5500 esset
807 5443 949 5498 enim
973 5485 986 5508 ,
1017 5439 1233 5506 Modice,
1271 5455 1394 5492 cura
1421 5441 1633 5507 teipsum
1673 5439 1692 5508 (
1716 5437 1841 5492 Luc.
1870 5439 1924 5494 4.
1946 5439 2017 5493 23
2039 5436 2081 5506 ).

503 5541 602 5607 Qui
643 5541 783 5594 enim
823 5552 941 5593 cum
988 5535 1222 5605 seipsum
1268 5533 1460 5587 docere
1496 5547 1600 5585 non
1644 5533 1905 5601 potuerit,
1951 5531 2086 5585 alios

513 5631 799 5684 emendare
826 5637 1070 5692 conatur,
1104 5641 1134 5679 a
1170 5624 1346 5678 multis
1375 5621 1676 5677 irridebitur
1708 5640 1724 5687 ;
1753 5622 1860 5676 imo
1890 5636 1955 5675 ne
1982 5621 2083 5675 do-

500 5738 624 5778 cere
671 5723 884 5793 quidem
934 5722 1021 5778 ille
1063 5720 1289 5791 poterit,
1337 5716 1463 5787 ipsis
1510 5713 1757 5786 operibus
1811 5712 2074 5768 contraria

1207 283 1211 287 '
1284 273 1338 330 S.
1380 273 1654 332 JOANNIS
1693 273 2159 333 CHRYSOSTOMI
2200 271 2518 333 ARCIIIEP.
2558 278 3090 337 CONSTANTINOP.

3703 283 3808 339 ÎžÎ—

2226 391 2649 450 testiï¬cantibus.
2695 393 2751 450 Si
2789 411 2917 450 vero
2963 397 3017 452 in
3059 404 3282 468 utroque
3325 397 3596 470 perfectus
3622 396 3806 466 fuerit,

2224 499 2445 554 magnus
2477 486 2751 541 vocabitur
2786 489 2835 541 in
2872 503 3038 558 regno
3061 488 3333 544 caelorum.
3375 488 3505 544 Dico
3550 492 3687 545 enim
3716 508 3808 546 vo-

2223 576 2318 642 bis,
2357 576 2473 630 Nisi
2500 578 2820 656 abundaverit
2850 581 3051 650 justitia
3086 589 3246 634 vestra
3276 582 3390 650 plus
3421 599 3573 652 quant
3611 583 3807 637 scriba-

2221 683 2334 720 rum
2359 678 2404 720 et
2426 667 2821 733 Pharisaeorum,
2847 687 2947 723 non
2963 669 3212 724 intrabitis
3231 671 3283 723 in
3303 687 3514 741 regnum
3539 673 3802 727 calorum.

2223 757 2318 812 Hic
2355 759 2642 826 justitiam,
2687 775 2899 814 omnem
2942 771 3093 815 vocat
3130 762 3417 824 virtutem;
3460 771 3516 816 Î¹Î¹Î¹
3544 764 3703 818 etiam
3739 763 3809 818 de

2221 850 2354 904 ,Î™Î¿Ï‹Î¿
2378 867 2599 906 narrans
2625 852 2833 907 dicebat
2861 872 2872 905 :
2909 853 2975 906 Et
3004 864 3108 908 erat
3139 854 3288 906 Itomo
3316 855 3800 924 irreprehensibilis,

2220 941 2383 1008 iustus
2425 943 2565 1010 (Job
2609 943 2784 1013 1.1).
2845 942 3147 998 Secundum
3193 943 3332 998 hanc
3366 945 3803 1012 justilicationem

2215 1033 2417 1102 justum
2464 1033 2609 1088 illum
2653 1035 2846 1089 Paulus
2898 1035 3155 1100 vocabat,
3189 1035 3273 1090 cui
3312 1035 3482 1105 legem
3512 1053 3616 1089 non
3653 1039 3803 1107 posi-

2223 1132 2327 1177 tam
2381 1139 2500 1179 cssc
2545 1125 2755 1180 dicebat
2801 1143 2814 1179 :
2863 1125 3013 1180 Justo
3058 1127 3190 1179 enim
3241 1127 3326 1180 lea:
3371 1144 3474 1180 non
3518 1130 3682 1192 posita
3732 1138 3805 1182 est

2220 1214 2480 1283 (LTim.
2515 1219 2564 1271 1.
2597 1217 2695 1286 9),
2742 1217 2932 1286 inquit.
2978 1218 3236 1287 Smpeque
3285 1218 3409 1272 alibi
3457 1218 3557 1272 hoc
3605 1237 3801 1275 nomen

2221 1324 2316 1376 pro
2335 1310 2569 1377 generali
2597 1311 2792 1364 virtute
2819 1310 3046 1379 positum
3076 1312 3310 1380 reperire
3328 1321 3409 1365 est
3432 1310 3532 1381 (a).
3564 1312 3641 1366 Tu
3673 1329 3801 1366 vero

2221 1400 2347 1453 mihi
2396 1400 2665 1468 perpende
2696 1405 2880 1470 gratia-3
2917 1411 3294 1471 augmentum,
3325 1403 3538 1472 quando
3568 1404 3799 1472 discipu-

2219 1488 2299 1542 los
2345 1489 2516 1544 adhuc
2559 1490 2718 1544 rudes
2762 1491 2874 1544 vult
2919 1493 3114 1546 veteris
3165 1492 3295 1563 legis
3331 1494 3636 1550 doctoribus
3680 1511 3802 1550 esse

2217 1582 2486 1636 meliores.
2534 1581 2746 1636 Scribas
2791 1592 2966 1637 autem
3004 1593 3057 1638 et
3095 1575 3393 1640 Pharisaeos
3439 1586 3524 1640 hic
3555 1603 3658 1641 non
3693 1587 3800 1640 im-

2219 1674 2414 1741 probos
2459 1686 2860 1740 commemorat,
2899 1676 2991 1730 sed
3043 1677 3238 1745 probos
3269 1694 3282 1739 ;
3328 1679 3428 1732 nisi
3467 1681 3609 1734 enim
3641 1681 3796 1750 probi

2215 1776 2426 1832 essent,
2461 1782 2792 1836 nequaquam
2822 1783 2916 1821 eos
2948 1768 3148 1824 diceret
3174 1769 3370 1825 habere
3389 1769 3670 1839 justitiam,
3703 1788 3800 1826 ne-

2212 1871 2317 1926 que
2333 1857 2589 1926 justitiam
2615 1873 2718 1910 non
2741 1860 3082 1931 exsistentem
3113 1874 3232 1913 cum
3255 1862 3546 1916 exsistente
3569 1877 3794 1930 compa-

2212 1956 2372 2001 raret.
2405 1947 2678 2016 Perpende
2718 1957 2893 2002 autem
2924 1948 3025 2003 hoc
3053 1951 3167 2004 loco
3205 1951 3470 2020 quomodo
3509 1968 3628 2007 esse
3651 1964 3798 2009 vete-

2211 2053 2324 2092 rem
2382 2038 2552 2109 legcm
2608 2040 2968 2105 commendet,
3020 2040 3145 2095 dum
3191 2057 3308 2096 eam
3354 2054 3627 2112 compa-rat
3671 2060 3794 2099 cum

2211 2144 2345 2182 nova
2377 2145 2391 2182 :
2437 2129 2576 2198 qttod
2609 2144 2735 2184 sane
2765 2129 2998 2185 declarat
3039 2132 3180 2186 illam
3211 2133 3331 2186 huic
3366 2148 3486 2187 esse
3512 2145 3792 2203 cognatam

2209 2231 2262 2274 et
2285 2220 2497 2274 affinem
2530 2239 2542 2271 :
2577 2236 2696 2274 nam
2728 2222 2841 2290 plus
2867 2230 2920 2276 et
2949 2222 3124 2277 minus
3149 2224 3385 2292 ejusdem
3413 2226 3624 2293 generis
3645 2236 3790 2280 sunt.

2207 2311 2323 2365 Non
2353 2313 2511 2380 igitur
2549 2313 2712 2366 veteri
2753 2313 3033 2377 obtrectat,
3067 2313 3161 2367 sed
3210 2314 3354 2367 illam
3394 2316 3572 2384 augeri
3600 2318 3792 2370 vultet

2208 2403 2420 2458 extendi
2455 2423 2469 2456 :
2501 2419 2616 2472 qum
2651 2404 2694 2456 si
2742 2419 2770 2456 a
2815 2404 2954 2456 malo
2985 2405 3240 2472 prodiret,
3267 2422 3369 2459 non
3402 2407 3629 2475 amplius
3655 2409 3786 2477 qttid

2207 2495 2260 2548 in
2292 2495 2374 2549 illa
2407 2503 2688 2562 qtuereret,
2724 2511 2895 2566 neque
2941 2497 3083 2550 illam
3129 2497 3496 2566 perfectiorem
3526 2501 3792 2555 reddidis-

2205 2597 2307 2649 set,
2340 2587 2433 2640 sed
2481 2586 2817 2655 explosisset.
2867 2587 2933 2642 Et
2973 2588 3262 2658 quomodo,
3301 2591 3529 2660 inquies,
3579 2592 3621 2645 si
3669 2595 3790 2648 talis

2205 2688 2307 2744 est,
2354 2679 2404 2732 in
2458 2695 2676 2749 regnum
2700 2679 2810 2749 jam
2844 2697 2947 2734 non
2980 2681 3230 2737 inducit?
3259 2681 3371 2735 Non
3407 2684 3602 2738 inducit
3640 2695 3788 2739 certe

2203 2786 2298 2826 cos
2343 2773 2430 2842 qui
2479 2782 2596 2841 post
2625 2773 2822 2827 Christi
2865 2773 3156 2828 adventum
3205 2775 3362 2828 vitam
3401 2775 3783 2840 instituerunt,

2205 2874 2386 2932 utpote
2437 2865 2524 2934 qui
2578 2865 2834 2933 majorem
2885 2865 3195 2935 consequuti
3245 2868 3526 2930 virtutem,
3580 2869 3785 2936 majora

2201 2957 2398 3012 debent
2441 2957 2588 3012 adire
2637 2958 2927 3013 certamina
2969 2973 2983 3012 :
3026 2974 3148 3012 nam
3173 2959 3418 3013 alumnos
3440 2974 3565 3014 suos
3597 2977 3787 3016 omnes

2201 3065 2266 3104 eo
2309 3049 2614 3103 introducit.
2649 3048 2804 3102 Multi
2847 3051 2978 3103 enim
3023 3051 3218 3105 venient
3243 3051 3305 3104 ab
3352 3052 3542 3105 oriente
3579 3062 3624 3106 et
3651 3055 3781 3107 occi-

2201 3141 2368 3204 dente,
2403 3143 2588 3210 inquit,
2613 3151 2659 3197 et
2683 3142 2967 3196 recumbent
3007 3143 3060 3196 in
3088 3145 3202 3197 sinu
3230 3143 3446 3197 Abrahae
3471 3155 3517 3197 et
3542 3143 3710 3198 Isaaci
3734 3156 3784 3199 et

2199 3234 2378 3289 Jacobi
2401 3235 2683 3306 (Matt/1.8.
2712 3234 2821 3306 11).
2851 3235 3081 3291 Lazarus
3108 3248 3270 3300 certe,
3300 3237 3387 3306 qui
3421 3238 3624 3306 magnis
3653 3237 3783 3292 frui~

2201 3337 2286 3381 tur
2313 3328 2568 3398 praemiis,
2599 3328 2651 3382 in
2681 3327 2797 3397 eius
2827 3329 2944 3383 sinu
2986 3343 3208 3384 versans
3233 3341 3452 3398 apparet
3492 3329 3641 3401 (Luc.
3669 3331 3780 3402 16).

2198 3420 2267 3474 Î•Î¹
2311 3431 2570 3491 quotquot
2599 3421 2650 3475 in
2697 3421 2864 3476 veteri
2907 3422 3020 3494 lege
3067 3421 3350 3476 admodum
3396 3422 3675 3488 refulsere,
3729 3425 3782 3480 id

2200 3527 2295 3582 per
2335 3512 2478 3567 illam
2506 3513 2782 3584 assequuti
2828 3522 2970 3568 sunt.
3017 3513 3259 3568 Christus
3305 3528 3454 3579 vero,
3488 3515 3530 3569 si
3575 3515 3658 3570 lex
3691 3516 3781 3570 illa

2198 3606 2334 3659 mala
2380 3615 2435 3659 et
2477 3605 2645 3660 aliena
2692 3605 2875 3661 fuisset
2901 3646 2916 3671 ,
2960 3621 3064 3660 non
3095 3607 3234 3660 illam
3267 3621 3479 3660 onmem
3508 3607 3781 3677 implevis-

2196 3707 2296 3753 set.
2343 3697 2473 3752 Nam
2519 3698 2564 3752 si
2594 3697 2643 3752 id
2688 3698 2862 3753 solum
2894 3697 3104 3753 fecisset
3133 3706 3190 3751 ut
3223 3697 3436 3752 Judaeos
3463 3699 3775 3764 attraheret,

2196 3809 2302 3847 non
2329 3801 2504 3847 autem
2541 3801 2601 3846 ut
2632 3790 2937 3846 ostenderet
2985 3805 3103 3845 eam
3131 3799 3408 3860 cognatam
3438 3805 3556 3846 esse
3584 3800 3638 3846 et
3660 3790 3780 3846 am-

2195 3901 2316 3942 nem
2343 3901 2494 3940 novae
2521 3885 2643 3954 legi,
2671 3899 2766 3938 cur
2790 3898 2894 3937 non
2923 3882 3084 3937 etiam
3111 3881 3387 3950 gentilium
3416 3883 3562 3953 leges
3590 3893 3642 3938 et
3671 3898 3779 3937 mn-

2195 3991 2284 4032 res
2311 3976 2656 4044 implevisset,
2691 3983 2747 4028 ut
2772 3972 3003 4042 gentiles
3031 3970 3367 4041 pertraheret
3391 3971 3415 4024 ?

2266 4068 2319 4122 5.
2357 4065 2602 4135 Undique
2640 4080 2767 4134 ergo
2798 4064 2973 4134 palam
3003 4072 3085 4118 est
3112 4077 3230 4116 eam
3259 4077 3290 4116 a
3319 4062 3531 4117 Christo
3557 4077 3660 4116 non
3687 4064 3771 4116 in-

2193 4158 2335 4223 duci,
2375 4173 2479 4212 non
2506 4157 2647 4227 quod
2675 4156 2810 4210 mala
2837 4156 2927 4220 sit,
2961 4153 3053 4210 sed
3083 4153 3224 4224 quod
3253 4154 3510 4223 majorum
3539 4154 3609 4207 sit
3636 4171 3778 4223 pran-

2193 4265 2468 4324 ceptorum
2489 4260 2716 4320 tempus.
2735 4249 2956 4304 Etiamsi
2982 4263 3108 4304 vero
3133 4247 3494 4316 imperfectior
3517 4248 3588 4302 sit
3615 4264 3776 4317 quant

2195 4362 2352 4410 nova,
2381 4344 2432 4400 id
2459 4353 2602 4398 certe
2624 4358 2729 4396 non
2752 4341 2939 4410 probat
2964 4339 3131 4408 ipsam
3157 4353 3276 4394 esse
3297 4339 3487 4392 malatn
3509 4357 3520 4390 :
3540 4341 3775 4410 alioquin

2192 4447 2365 4491 autem
2397 4450 2532 4489 nova
2556 4436 2605 4488 in
2631 4431 2872 4487 eamdem
2902 4430 3158 4484 incideret
3186 4429 3567 4483 conditionem.
3596 4429 3778 4499 Siqui-

2191 4529 2312 4584 dem
2339 4527 2494 4597 hujus
2523 4523 2764 4587 scientia,
2795 4522 2839 4577 si
2863 4537 2983 4577 cum
3013 4521 3202 4574 futura:
3232 4520 3350 4573 vitae
3375 4521 3596 4574 scientia
3621 4536 3777 4575 com-

2193 4629 2427 4690 paretur,
2460 4617 2654 4685 exigua
2683 4624 2736 4669 et
2764 4612 3068 4683 imperfecta
3095 4618 3198 4676 est,
3229 4621 3389 4680 atque
3419 4611 3502 4664 illa
3524 4612 3789 4667 veniente.

2191 4721 2495 4767 evacuatur.
2525 4709 2656 4764 Nam
2681 4707 2810 4762 Cum
2838 4705 3055 4769 uenerit,
3098 4702 3301 4773 inquit,
3333 4703 3468 4769 quod
3498 4703 3777 4772 perfectum

2190 4813 2283 4867 est,
2308 4813 2423 4857 tunc
2447 4801 2768 4857 euacuabitur
2785 4795 2919 4867 quod
2949 4811 3010 4849 ea;
3035 4802 3177 4865 parte
3197 4801 3268 4846 est
3294 4793 3368 4864 (1.
3387 4791 3505 4847 Cor.
3529 4793 3616 4847 15.
3642 4793 3710 4848 10
3719 4805 3732 4860 )
3756 4809 3771 4846 :

2191 4896 2330 4968 quod
2361 4910 2455 4965 per
2480 4893 2684 4948 Novam
2711 4889 2877 4945 Vetus
2904 4900 3154 4957 perpessa
3183 4892 3283 4940 est.
3315 4883 3420 4938 Nec
3447 4892 3621 4938 tamen
3651 4899 3778 4952 pro-

2191 4999 2371 5060 pterea
2403 4987 2543 5039 illam
2571 4979 2994 5040 criminabimur,
3027 4976 3151 5030 licet
3183 4975 3269 5029 illa
3299 4983 3491 5036 cesset,
3523 4988 3644 5028 cum
3675 4989 3777 5028 nos

2190 5094 2355 5149 regno
2379 5082 2643 5148 potiemur
2667 5092 2679 5126 :
2706 5071 2848 5125 Tunc
2873 5069 3014 5124 enim
3041 5066 3357 5122 evacuabitur
3380 5065 3515 5135 quod
3543 5081 3605 5118 ea:
3629 5076 3776 5134 parte

2191 5183 2282 5239 est,
2310 5170 2479 5240 inquit
2497 5187 2511 5224 :
2531 5167 2672 5220 illam
2697 5173 2870 5218 tamen
2895 5175 3139 5231 magnam
3165 5159 3409 5214 dicimus.
3431 5156 3566 5212 Cum
3594 5157 3776 5226 itaque

2193 5267 2390 5337 majora
2421 5265 2526 5320 sint
2555 5261 2790 5333 praemia,
2821 5259 3154 5328 ampliorque
3179 5254 3406 5326 Spiritus
3434 5255 3622 5320 virtus,
3650 5252 3774 5323 jure

2255 5530 2326 5593 (a)
2350 5531 2453 5580 Jam
2485 5527 2674 5593 olimab
2705 5526 2950 5593 antiquis,
2965 5523 3178 5593 iustitia,
3222 5522 3273 5573 in
3295 5537 3494 5593 genere
3531 5518 3769 5593 proomni

2191 5583 2374 5643 virtute
2399 5593 2564 5642 habita
2587 5590 2699 5640 fuit'
2723 5589 2796 5639 sic
2814 5583 3141 5650 Empedocles
3166 5583 3684 5650 'apud'Aristotelem:

2321 5654 2478 5714 1â€˜:vi
2496 5652 2767 5714 Î´Î¹ÎºÎ±Î¹Î¿Ïƒá½»Î½á¿ƒ
2793 5648 3057 5714 avni-36an
3082 5648 3196 5714 adio"
3224 5649 3364 5714 aperi;
3397 5648 3516 5696 â€™ÏƒÏ„Î¹Î½

2326 5717 2348 5764 1
2356 5729 2385 5764 n
2396 5712 2588 5779 justitia
2615 5709 2768 5764 omnis
2787 5711 2942 5762 virtus
2959 5709 3398 5772 comprehenditur.
