  <div class='ocr_page' id='page_1' title='image "/cluster/home/n/w/nwhite01/storage/ocr_20150623/57/mdp.39015008622600/174.png"; bbox 0 0 4076 6150; ppageno 0'>
   <div class='ocr_carea' id='block_1_1' title="bbox 297 337 398 393">
    <p class='ocr_par' dir='ltr' id='par_1_1' title="bbox 297 337 398 393">
     <span class='ocr_line' id='line_1_1' title="bbox 297 337 398 393; baseline -0.05 1"><span class='ocrx_word' id='word_1_1' title='bbox 297 337 398 393; x_wconf 69' lang='grc' dir='ltr'><strong>ῑιες</strong></span> 
     </span>
    </p>
   </div>
   <div class='ocr_carea' id='block_1_2' title="bbox 297 448 1875 522">
    <p class='ocr_par' dir='ltr' id='par_1_2' title="bbox 297 448 1875 522">
     <span class='ocr_line' id='line_1_2' title="bbox 297 448 1875 522; baseline -0.004 -14"><span class='ocrx_word' id='word_1_2' title='bbox 297 452 497 520; x_wconf 81' lang='lat' dir='ltr'><strong>majora</strong></span> <span class='ocrx_word' id='word_1_3' title='bbox 525 451 874 521; x_wconf 86' lang='lat' dir='ltr'><strong>requiruntur</strong></span> <span class='ocrx_word' id='word_1_4' title='bbox 933 449 1078 506; x_wconf 85' lang='lat' dir='ltr'><strong>dona</strong></span> <span class='ocrx_word' id='word_1_5' title='bbox 1138 452 1175 505; x_wconf 80' lang='lat'><strong>&#39;.</strong></span> <span class='ocrx_word' id='word_1_6' title='bbox 1233 450 1354 508; x_wconf 85' lang='lat' dir='ltr'><strong>Non</strong></span> <span class='ocrx_word' id='word_1_7' title='bbox 1407 451 1519 522; x_wconf 85' lang='lat' dir='ltr'><strong>jam</strong></span> <span class='ocrx_word' id='word_1_8' title='bbox 1571 458 1709 504; x_wconf 87' lang='lat' dir='ltr'><strong>terra</strong></span> <span class='ocrx_word' id='word_1_9' title='bbox 1741 448 1875 503; x_wconf 86' lang='lat' dir='ltr'><strong>lacte</strong></span> 
     </span>
    </p>
   </div>
   <div class='ocr_carea' id='block_1_3' title="bbox 295 541 1876 615">
    <p class='ocr_par' dir='ltr' id='par_1_3' title="bbox 295 541 1876 615">
     <span class='ocr_line' id='line_1_3' title="bbox 295 541 1876 615; baseline -0.004 -14"><span class='ocrx_word' id='word_1_10' title='bbox 295 558 348 601; x_wconf 89' lang='lat' dir='ltr'><strong>et</strong></span> <span class='ocrx_word' id='word_1_11' title='bbox 385 545 543 600; x_wconf 85' lang='lat' dir='ltr'><strong>melle</strong></span> <span class='ocrx_word' id='word_1_12' title='bbox 576 559 797 598; x_wconf 88' lang='lat' dir='ltr'><strong>manans</strong></span> <span class='ocrx_word' id='word_1_13' title='bbox 836 544 1196 615; x_wconf 74' lang='lat' dir='ltr'><strong>promittitur,</strong></span> <span class='ocrx_word' id='word_1_14' title='bbox 1239 559 1344 596; x_wconf 84' lang='lat' dir='ltr'><strong>ttnn</strong></span> <span class='ocrx_word' id='word_1_15' title='bbox 1389 553 1643 596; x_wconf 79' lang='lat' dir='ltr'><strong>senectus</strong></span> <span class='ocrx_word' id='word_1_16' title='bbox 1672 541 1876 604; x_wconf 84' lang='lat' dir='ltr'><strong>vivida,</strong></span> 
     </span>
    </p>
   </div>
   <div class='ocr_carea' id='block_1_4' title="bbox 297 633 1874 703">
    <p class='ocr_par' dir='ltr' id='par_1_4' title="bbox 297 633 1874 703">
     <span class='ocr_line' id='line_1_4' title="bbox 297 633 1874 703; baseline -0.003 -14"><span class='ocrx_word' id='word_1_17' title='bbox 297 652 400 690; x_wconf 84' lang='lat' dir='ltr'><strong>non</strong></span> <span class='ocrx_word' id='word_1_18' title='bbox 447 635 733 690; x_wconf 84' lang='lat' dir='ltr'><strong>multitudo</strong></span> <span class='ocrx_word' id='word_1_19' title='bbox 763 635 1024 703; x_wconf 82' lang='lat' dir='ltr'><strong>filiorum,</strong></span> <span class='ocrx_word' id='word_1_20' title='bbox 1062 649 1169 690; x_wconf 90' lang='lat' dir='ltr'><strong>non</strong></span> <span class='ocrx_word' id='word_1_21' title='bbox 1217 635 1537 688; x_wconf 88' lang='lat' dir='ltr'><strong>frumeutmn</strong></span> <span class='ocrx_word' id='word_1_22' title='bbox 1579 641 1632 687; x_wconf 90' lang='lat' dir='ltr'><strong>ct</strong></span> <span class='ocrx_word' id='word_1_23' title='bbox 1664 633 1874 695; x_wconf 88' lang='lat' dir='ltr'><strong>vinum,</strong></span> 
     </span>
    </p>
   </div>
   <div class='ocr_carea' id='block_1_5' title="bbox 299 722 1875 798">
    <p class='ocr_par' dir='ltr' id='par_1_5' title="bbox 299 722 1875 798">
     <span class='ocr_line' id='line_1_5' title="bbox 299 722 1875 798; baseline -0.003 -18"><span class='ocrx_word' id='word_1_24' title='bbox 299 743 400 782; x_wconf 86' lang='lat' dir='ltr'><strong>non</strong></span> <span class='ocrx_word' id='word_1_25' title='bbox 429 741 620 798; x_wconf 85' lang='lat' dir='ltr'><strong>greges</strong></span> <span class='ocrx_word' id='word_1_26' title='bbox 646 735 700 780; x_wconf 91' lang='lat' dir='ltr'><strong>et</strong></span> <span class='ocrx_word' id='word_1_27' title='bbox 726 735 966 780; x_wconf 85' lang='lat' dir='ltr'><strong>armenta</strong></span> <span class='ocrx_word' id='word_1_28' title='bbox 990 742 1005 790; x_wconf 92' lang='lat'><strong>;</strong></span> <span class='ocrx_word' id='word_1_29' title='bbox 1041 725 1135 779; x_wconf 91' lang='lat' dir='ltr'><strong>sed</strong></span> <span class='ocrx_word' id='word_1_30' title='bbox 1162 725 1351 779; x_wconf 75' lang='lat' dir='ltr'><strong>czclum</strong></span> <span class='ocrx_word' id='word_1_31' title='bbox 1381 733 1434 778; x_wconf 92' lang='lat' dir='ltr'><strong>et</strong></span> <span class='ocrx_word' id='word_1_32' title='bbox 1459 723 1690 778; x_wconf 71' lang='lat' dir='ltr'><strong>cmlestia</strong></span> <span class='ocrx_word' id='word_1_33' title='bbox 1717 722 1875 785; x_wconf 88' lang='lat' dir='ltr'><strong>bona,</strong></span> 
     </span>
    </p>
   </div>
   <div class='ocr_carea' id='block_1_6' title="bbox 294 816 1880 888">
    <p class='ocr_par' dir='ltr' id='par_1_6' title="bbox 294 816 1880 888">
     <span class='ocr_line' id='line_1_6' title="bbox 294 816 1880 888; baseline -0.002 -16"><span class='ocrx_word' id='word_1_34' title='bbox 294 819 508 888; x_wconf 81' lang='lat' dir='ltr'><strong>adoptio</strong></span> <span class='ocrx_word' id='word_1_35' title='bbox 531 831 586 874; x_wconf 90' lang='lat' dir='ltr'><strong>et</strong></span> <span class='ocrx_word' id='word_1_36' title='bbox 612 817 917 873; x_wconf 76' lang='lat' dir='ltr'><strong>fraternitas</strong></span> <span class='ocrx_word' id='word_1_37' title='bbox 942 833 1062 873; x_wconf 91' lang='lat' dir='ltr'><strong>eum</strong></span> <span class='ocrx_word' id='word_1_38' title='bbox 1086 817 1390 887; x_wconf 88' lang='lat' dir='ltr'><strong>Unigenito,</strong></span> <span class='ocrx_word' id='word_1_39' title='bbox 1421 816 1728 872; x_wconf 84' lang='lat' dir='ltr'><strong>hereditatis</strong></span> <span class='ocrx_word' id='word_1_40' title='bbox 1751 831 1880 870; x_wconf 86' lang='lat' dir='ltr'><strong>con-</strong></span> 
     </span>
    </p>
   </div>
   <div class='ocr_carea' id='block_1_7' title="bbox 295 907 1876 979">
    <p class='ocr_par' dir='ltr' id='par_1_7' title="bbox 295 907 1876 979">
     <span class='ocr_line' id='line_1_7' title="bbox 295 907 1876 979; baseline -0.004 -15"><span class='ocrx_word' id='word_1_41' title='bbox 295 911 547 972; x_wconf 84' lang='lat' dir='ltr'><strong>sortium,</strong></span> <span class='ocrx_word' id='word_1_42' title='bbox 590 910 772 977; x_wconf 66' lang='lat' dir='ltr'><strong>gloriae</strong></span> <span class='ocrx_word' id='word_1_43' title='bbox 801 919 855 964; x_wconf 89' lang='lat' dir='ltr'><strong>et</strong></span> <span class='ocrx_word' id='word_1_44' title='bbox 885 909 1030 979; x_wconf 88' lang='lat' dir='ltr'><strong>regni</strong></span> <span class='ocrx_word' id='word_1_45' title='bbox 1075 909 1334 970; x_wconf 81' lang='lat' dir='ltr'><strong>societas.</strong></span> <span class='ocrx_word' id='word_1_46' title='bbox 1379 909 1763 977; x_wconf 78' lang='lat' dir='ltr'><strong>innumeraque</strong></span> <span class='ocrx_word' id='word_1_47' title='bbox 1791 907 1876 961; x_wconf 84' lang='lat' dir='ltr'><strong>illa</strong></span> 
     </span>
    </p>
   </div>
   <div class='ocr_carea' id='block_1_8' title="bbox 298 999 1877 1072">
    <p class='ocr_par' dir='ltr' id='par_1_8' title="bbox 298 999 1877 1072">
     <span class='ocr_line' id='line_1_8' title="bbox 298 999 1877 1072; baseline -0.002 -17"><span class='ocrx_word' id='word_1_48' title='bbox 298 1003 535 1072; x_wconf 74' lang='lat' dir='ltr'><strong>praemia.</strong></span> <span class='ocrx_word' id='word_1_49' title='bbox 564 1002 717 1070; x_wconf 83' lang='lat' dir='ltr'><strong>Quod</strong></span> <span class='ocrx_word' id='word_1_50' title='bbox 758 1011 935 1055; x_wconf 89' lang='lat' dir='ltr'><strong>autem</strong></span> <span class='ocrx_word' id='word_1_51' title='bbox 980 1001 1168 1070; x_wconf 84' lang='lat' dir='ltr'><strong>majori</strong></span> <span class='ocrx_word' id='word_1_52' title='bbox 1213 1000 1408 1054; x_wconf 84' lang='lat' dir='ltr'><strong>auxilio</strong></span> <span class='ocrx_word' id='word_1_53' title='bbox 1443 1001 1714 1065; x_wconf 89' lang='lat' dir='ltr'><strong>fruamur,</strong></span> <span class='ocrx_word' id='word_1_54' title='bbox 1756 999 1877 1052; x_wconf 85' lang='lat' dir='ltr'><strong>audi</strong></span> 
     </span>
    </p>
   </div>
   <div class='ocr_carea' id='block_1_9' title="bbox 296 1091 1878 1162">
    <p class='ocr_par' dir='ltr' id='par_1_9' title="bbox 296 1091 1878 1162">
     <span class='ocr_line' id='line_1_9' title="bbox 296 1091 1878 1162; baseline -0.004 -12"><span class='ocrx_word' id='word_1_55' title='bbox 296 1095 514 1150; x_wconf 86' lang='lat' dir='ltr'><strong>Paulqu</strong></span> <span class='ocrx_word' id='word_1_56' title='bbox 542 1093 806 1148; x_wconf 84' lang='lat' dir='ltr'><strong>dicentem</strong></span> <span class='ocrx_word' id='word_1_57' title='bbox 831 1112 844 1147; x_wconf 89' lang='lat'><strong>:</strong></span> <span class='ocrx_word' id='word_1_58' title='bbox 868 1092 1014 1145; x_wconf 79' lang='lat' dir='ltr'><strong>Nihil</strong></span> <span class='ocrx_word' id='word_1_59' title='bbox 1051 1108 1168 1162; x_wconf 87' lang='lat' dir='ltr'><strong>ergo</strong></span> <span class='ocrx_word' id='word_1_60' title='bbox 1210 1092 1315 1160; x_wconf 78' lang='lat' dir='ltr'><strong>iam</strong></span> <span class='ocrx_word' id='word_1_61' title='bbox 1349 1091 1688 1144; x_wconf 75' lang='lat' dir='ltr'><strong>damnationis</strong></span> <span class='ocrx_word' id='word_1_62' title='bbox 1716 1099 1790 1144; x_wconf 74' lang='lat' dir='ltr'><strong>est</strong></span> <span class='ocrx_word' id='word_1_63' title='bbox 1817 1091 1878 1143; x_wconf 82' lang='lat' dir='ltr'><strong>iis</strong></span> 
     </span>
    </p>
   </div>
   <div class='ocr_carea' id='block_1_10' title="bbox 292 1182 1880 1254">
    <p class='ocr_par' dir='ltr' id='par_1_10' title="bbox 292 1182 1880 1254">
     <span class='ocr_line' id='line_1_10' title="bbox 292 1182 1880 1254; baseline -0.004 -14"><span class='ocrx_word' id='word_1_64' title='bbox 292 1189 379 1254; x_wconf 84' lang='lat' dir='ltr'><strong>qui</strong></span> <span class='ocrx_word' id='word_1_65' title='bbox 403 1195 518 1240; x_wconf 85' lang='lat' dir='ltr'><strong>sunt</strong></span> <span class='ocrx_word' id='word_1_66' title='bbox 542 1187 594 1238; x_wconf 89' lang='lat' dir='ltr'><strong>in</strong></span> <span class='ocrx_word' id='word_1_67' title='bbox 612 1183 813 1240; x_wconf 81' lang='lat' dir='ltr'><strong>Christo</strong></span> <span class='ocrx_word' id='word_1_68' title='bbox 837 1183 979 1248; x_wconf 81' lang='lat' dir='ltr'><strong>Jesu,</strong></span> <span class='ocrx_word' id='word_1_69' title='bbox 1012 1185 1097 1252; x_wconf 90' lang='lat' dir='ltr'><strong>qui</strong></span> <span class='ocrx_word' id='word_1_70' title='bbox 1125 1199 1223 1237; x_wconf 85' lang='lat' dir='ltr'><strong>non</strong></span> <span class='ocrx_word' id='word_1_71' title='bbox 1252 1182 1524 1237; x_wconf 78' lang='lat' dir='ltr'><strong>secundum</strong></span> <span class='ocrx_word' id='word_1_72' title='bbox 1551 1199 1750 1235; x_wconf 78' lang='lat' dir='ltr'><strong>carnem</strong></span> <span class='ocrx_word' id='word_1_73' title='bbox 1771 1199 1880 1234; x_wconf 83' lang='lat' dir='ltr'><strong>am-</strong></span> 
     </span>
    </p>
   </div>
   <div class='ocr_carea' id='block_1_11' title="bbox 294 1273 1880 1345">
    <p class='ocr_par' dir='ltr' id='par_1_11' title="bbox 294 1273 1880 1345">
     <span class='ocr_line' id='line_1_11' title="bbox 294 1273 1880 1345; baseline -0.003 -15"><span class='ocrx_word' id='word_1_74' title='bbox 294 1278 489 1342; x_wconf 79' lang='lat' dir='ltr'><strong>bulant,</strong></span> <span class='ocrx_word' id='word_1_75' title='bbox 521 1277 608 1331; x_wconf 86' lang='lat' dir='ltr'><strong>sed</strong></span> <span class='ocrx_word' id='word_1_76' title='bbox 633 1277 905 1330; x_wconf 81' lang='lat' dir='ltr'><strong>secundum</strong></span> <span class='ocrx_word' id='word_1_77' title='bbox 940 1276 1192 1345; x_wconf 85' lang='lat' dir='ltr'><strong>spiritum.</strong></span> <span class='ocrx_word' id='word_1_78' title='bbox 1225 1274 1333 1328; x_wconf 87' lang='lat' dir='ltr'><strong>Lex</strong></span> <span class='ocrx_word' id='word_1_79' title='bbox 1365 1275 1497 1328; x_wconf 74' lang='lat' dir='ltr'><strong>enim</strong></span> <span class='ocrx_word' id='word_1_80' title='bbox 1525 1274 1731 1343; x_wconf 75' lang='lat' dir='ltr'><strong>spiritus</strong></span> <span class='ocrx_word' id='word_1_81' title='bbox 1766 1273 1880 1326; x_wconf 69' lang='lat' dir='ltr'><strong>vita:</strong></span> 
     </span>
    </p>
   </div>
   <div class='ocr_carea' id='block_1_12' title="bbox 291 1364 1874 1438">
    <p class='ocr_par' dir='ltr' id='par_1_12' title="bbox 291 1364 1874 1438">
     <span class='ocr_line' id='line_1_12' title="bbox 291 1364 1874 1438; baseline -0.004 -16"><span class='ocrx_word' id='word_1_82' title='bbox 291 1368 520 1422; x_wconf 83' lang='lat' dir='ltr'><strong>liberavit</strong></span> <span class='ocrx_word' id='word_1_83' title='bbox 562 1384 641 1422; x_wconf 81' lang='lat' dir='ltr'><strong>nte</strong></span> <span class='ocrx_word' id='word_1_84' title='bbox 680 1385 713 1421; x_wconf 90' lang='lat' dir='ltr'><strong>a</strong></span> <span class='ocrx_word' id='word_1_85' title='bbox 754 1367 862 1438; x_wconf 87' lang='lat' dir='ltr'><strong>lege</strong></span> <span class='ocrx_word' id='word_1_86' title='bbox 900 1368 1092 1437; x_wconf 82' lang='lat' dir='ltr'><strong>peccati</strong></span> <span class='ocrx_word' id='word_1_87' title='bbox 1131 1377 1178 1420; x_wconf 87' lang='lat' dir='ltr'><strong>et</strong></span> <span class='ocrx_word' id='word_1_88' title='bbox 1223 1367 1397 1419; x_wconf 85' lang='lat' dir='ltr'><strong>mortis</strong></span> <span class='ocrx_word' id='word_1_89' title='bbox 1426 1366 1597 1435; x_wconf 87' lang='lat' dir='ltr'><strong>(Rom.</strong></span> <span class='ocrx_word' id='word_1_90' title='bbox 1631 1366 1682 1420; x_wconf 90' lang='lat'><strong>8.</strong></span> <span class='ocrx_word' id='word_1_91' title='bbox 1720 1366 1767 1419; x_wconf 91' lang='lat' dir='ltr'><strong>l.</strong></span> <span class='ocrx_word' id='word_1_92' title='bbox 1797 1364 1874 1434; x_wconf 75' lang='lat'><strong>2).</strong></span> 
     </span>
    </p>
   </div>
   <div class='ocr_carea' id='block_1_13' title="bbox 290 1455 1874 1528">
    <p class='ocr_par' dir='ltr' id='par_1_13' title="bbox 290 1455 1874 1528">
     <span class='ocr_line' id='line_1_13' title="bbox 290 1455 1874 1528; baseline -0.004 -15"><span class='ocrx_word' id='word_1_93' title='bbox 290 1459 659 1513; x_wconf 83' lang='lat' dir='ltr'><strong>Commiuatus</strong></span> <span class='ocrx_word' id='word_1_94' title='bbox 705 1459 881 1528; x_wconf 84' lang='lat' dir='ltr'><strong>itaque</strong></span> <span class='ocrx_word' id='word_1_95' title='bbox 913 1458 1394 1526; x_wconf 84' lang='lat' dir='ltr'><strong>transgressoribus</strong></span> <span class='ocrx_word' id='word_1_96' title='bbox 1417 1498 1431 1520; x_wconf 91' lang='lat'><strong>,</strong></span> <span class='ocrx_word' id='word_1_97' title='bbox 1463 1466 1518 1511; x_wconf 89' lang='lat' dir='ltr'><strong>et</strong></span> <span class='ocrx_word' id='word_1_98' title='bbox 1543 1470 1732 1525; x_wconf 89' lang='lat' dir='ltr'><strong>magna</strong></span> <span class='ocrx_word' id='word_1_99' title='bbox 1757 1455 1874 1524; x_wconf 89' lang='lat' dir='ltr'><strong>pol-</strong></span> 
     </span>
    </p>
   </div>
   <div class='ocr_carea' id='block_1_14' title="bbox 291 1547 1877 1621">
    <p class='ocr_par' dir='ltr' id='par_1_14' title="bbox 291 1547 1877 1621">
     <span class='ocr_line' id='line_1_14' title="bbox 291 1547 1877 1621; baseline -0.004 -15"><span class='ocrx_word' id='word_1_100' title='bbox 291 1551 468 1606; x_wconf 90' lang='lat' dir='ltr'><strong>licitus</strong></span> <span class='ocrx_word' id='word_1_101' title='bbox 490 1552 704 1621; x_wconf 73' lang='lat' dir='ltr'><strong>praemia</strong></span> <span class='ocrx_word' id='word_1_102' title='bbox 724 1561 870 1606; x_wconf 89' lang='lat' dir='ltr'><strong>recte</strong></span> <span class='ocrx_word' id='word_1_103' title='bbox 890 1551 1189 1620; x_wconf 76' lang='lat' dir='ltr'><strong>agentibus,</strong></span> <span class='ocrx_word' id='word_1_104' title='bbox 1207 1560 1264 1603; x_wconf 92' lang='lat' dir='ltr'><strong>ut</strong></span> <span class='ocrx_word' id='word_1_105' title='bbox 1285 1549 1512 1604; x_wconf 86' lang='lat' dir='ltr'><strong>ostendit</strong></span> <span class='ocrx_word' id='word_1_106' title='bbox 1536 1550 1652 1617; x_wconf 86' lang='lat' dir='ltr'><strong>plus</strong></span> <span class='ocrx_word' id='word_1_107' title='bbox 1673 1564 1702 1601; x_wconf 89' lang='lat' dir='ltr'><strong>a</strong></span> <span class='ocrx_word' id='word_1_108' title='bbox 1724 1547 1877 1602; x_wconf 89' lang='lat' dir='ltr'><strong>nobis</strong></span> 
     </span>
    </p>
   </div>
   <div class='ocr_carea' id='block_1_15' title="bbox 287 1641 1878 1713">
    <p class='ocr_par' dir='ltr' id='par_1_15' title="bbox 287 1641 1878 1713">
     <span class='ocr_line' id='line_1_15' title="bbox 287 1641 1878 1713; baseline -0.001 -16"><span class='ocrx_word' id='word_1_109' title='bbox 287 1644 410 1713; x_wconf 87' lang='lat' dir='ltr'><strong>jure</strong></span> <span class='ocrx_word' id='word_1_110' title='bbox 455 1643 590 1713; x_wconf 89' lang='lat' dir='ltr'><strong>exigi</strong></span> <span class='ocrx_word' id='word_1_111' title='bbox 617 1684 632 1709; x_wconf 90' lang='lat'><strong>,</strong></span> <span class='ocrx_word' id='word_1_112' title='bbox 681 1659 840 1712; x_wconf 91' lang='lat' dir='ltr'><strong>quam</strong></span> <span class='ocrx_word' id='word_1_113' title='bbox 880 1658 1159 1697; x_wconf 86' lang='lat' dir='ltr'><strong>mensuras</strong></span> <span class='ocrx_word' id='word_1_114' title='bbox 1207 1642 1441 1711; x_wconf 84' lang='lat' dir='ltr'><strong>priores,</strong></span> <span class='ocrx_word' id='word_1_115' title='bbox 1488 1641 1702 1695; x_wconf 90' lang='lat' dir='ltr'><strong>demum</strong></span> <span class='ocrx_word' id='word_1_116' title='bbox 1733 1641 1878 1709; x_wconf 89' lang='lat' dir='ltr'><strong>leges</strong></span> 
     </span>
    </p>
   </div>
   <div class='ocr_carea' id='block_1_16' title="bbox 291 1733 1876 1804">
    <p class='ocr_par' dir='ltr' id='par_1_16' title="bbox 291 1733 1876 1804">
     <span class='ocr_line' id='line_1_16' title="bbox 291 1733 1876 1804; baseline -0.004 -13"><span class='ocrx_word' id='word_1_117' title='bbox 291 1745 529 1791; x_wconf 81' lang='lat' dir='ltr'><strong>statuere</strong></span> <span class='ocrx_word' id='word_1_118' title='bbox 559 1735 764 1804; x_wconf 83' lang='lat' dir='ltr'><strong>incipit.</strong></span> <span class='ocrx_word' id='word_1_119' title='bbox 797 1749 902 1789; x_wconf 91' lang='lat' dir='ltr'><strong>non</strong></span> <span class='ocrx_word' id='word_1_120' title='bbox 930 1734 1270 1804; x_wconf 85' lang='lat' dir='ltr'><strong>simpliciter,</strong></span> <span class='ocrx_word' id='word_1_121' title='bbox 1301 1734 1396 1788; x_wconf 91' lang='lat' dir='ltr'><strong>sed</strong></span> <span class='ocrx_word' id='word_1_122' title='bbox 1425 1734 1556 1787; x_wconf 84' lang='lat' dir='ltr'><strong>facta</strong></span> <span class='ocrx_word' id='word_1_123' title='bbox 1587 1748 1708 1787; x_wconf 91' lang='lat' dir='ltr'><strong>cum</strong></span> <span class='ocrx_word' id='word_1_124' title='bbox 1733 1733 1876 1786; x_wconf 84' lang='lat' dir='ltr'><strong>anti-</strong></span> 
     </span>
    </p>
   </div>
   <div class='ocr_carea' id='block_1_17' title="bbox 288 1824 1874 1897">
    <p class='ocr_par' dir='ltr' id='par_1_17' title="bbox 288 1824 1874 1897">
     <span class='ocr_line' id='line_1_17' title="bbox 288 1824 1874 1897; baseline -0.004 -15"><span class='ocrx_word' id='word_1_125' title='bbox 288 1829 411 1897; x_wconf 90' lang='lat' dir='ltr'><strong>quis</strong></span> <span class='ocrx_word' id='word_1_126' title='bbox 439 1826 695 1896; x_wconf 85' lang='lat' dir='ltr'><strong>legalibus</strong></span> <span class='ocrx_word' id='word_1_127' title='bbox 724 1827 1155 1894; x_wconf 82' lang='lat' dir='ltr'><strong>comparatione;</strong></span> <span class='ocrx_word' id='word_1_128' title='bbox 1204 1825 1319 1878; x_wconf 75' lang='lat' dir='ltr'><strong>hch</strong></span> <span class='ocrx_word' id='word_1_129' title='bbox 1345 1824 1454 1879; x_wconf 90' lang='lat' dir='ltr'><strong>duo</strong></span> <span class='ocrx_word' id='word_1_130' title='bbox 1477 1824 1664 1878; x_wconf 87' lang='lat' dir='ltr'><strong>volens</strong></span> <span class='ocrx_word' id='word_1_131' title='bbox 1687 1832 1874 1878; x_wconf 86' lang='lat' dir='ltr'><strong>osten-</strong></span> 
     </span>
    </p>
   </div>
   <div class='ocr_carea' id='block_1_18' title="bbox 289 1915 1874 1987">
    <p class='ocr_par' dir='ltr' id='par_1_18' title="bbox 289 1915 1874 1987">
     <span class='ocr_line' id='line_1_18' title="bbox 289 1915 1874 1987; baseline -0.003 -14"><span class='ocrx_word' id='word_1_132' title='bbox 289 1920 442 1983; x_wconf 87' lang='lat' dir='ltr'><strong>dere,</strong></span> <span class='ocrx_word' id='word_1_133' title='bbox 471 1934 531 1974; x_wconf 89' lang='lat' dir='ltr'><strong>se</strong></span> <span class='ocrx_word' id='word_1_134' title='bbox 555 1918 803 1973; x_wconf 76' lang='lat' dir='ltr'><strong>videlicet</strong></span> <span class='ocrx_word' id='word_1_135' title='bbox 830 1933 933 1972; x_wconf 91' lang='lat' dir='ltr'><strong>non</strong></span> <span class='ocrx_word' id='word_1_136' title='bbox 961 1918 1140 1987; x_wconf 90' lang='lat' dir='ltr'><strong>priora</strong></span> <span class='ocrx_word' id='word_1_137' title='bbox 1171 1918 1565 1986; x_wconf 85' lang='lat' dir='ltr'><strong>impugnautem</strong></span> <span class='ocrx_word' id='word_1_138' title='bbox 1589 1957 1601 1980; x_wconf 93' lang='lat'><strong>,</strong></span> <span class='ocrx_word' id='word_1_139' title='bbox 1634 1915 1728 1970; x_wconf 76' lang='lat' dir='ltr'><strong>sed</strong></span> <span class='ocrx_word' id='word_1_140' title='bbox 1753 1931 1874 1972; x_wconf 90' lang='lat' dir='ltr'><strong>cum</strong></span> 
     </span>
    </p>
   </div>
   <div class='ocr_carea' id='block_1_19' title="bbox 287 2009 1877 2078">
    <p class='ocr_par' dir='ltr' id='par_1_19' title="bbox 287 2009 1877 2078">
     <span class='ocr_line' id='line_1_19' title="bbox 287 2009 1877 2078; baseline -0.003 -13"><span class='ocrx_word' id='word_1_141' title='bbox 287 2012 396 2066; x_wconf 89' lang='lat' dir='ltr'><strong>illis</strong></span> <span class='ocrx_word' id='word_1_142' title='bbox 423 2010 710 2066; x_wconf 89' lang='lat' dir='ltr'><strong>admodum</strong></span> <span class='ocrx_word' id='word_1_143' title='bbox 738 2018 1122 2064; x_wconf 87' lang='lat' dir='ltr'><strong>consonantem</strong></span> <span class='ocrx_word' id='word_1_144' title='bbox 1145 2051 1159 2074; x_wconf 93' lang='lat'><strong>,</strong></span> <span class='ocrx_word' id='word_1_145' title='bbox 1203 2009 1297 2063; x_wconf 87' lang='lat' dir='ltr'><strong>has</strong></span> <span class='ocrx_word' id='word_1_146' title='bbox 1334 2019 1567 2062; x_wconf 73' lang='lat' dir='ltr'><strong>Slulllt&#39;l&#39;c</strong></span> <span class='ocrx_word' id='word_1_147' title='bbox 1612 2009 1786 2078; x_wconf 76' lang='lat' dir='ltr'><strong>leges,</strong></span> <span class='ocrx_word' id='word_1_148' title='bbox 1814 2021 1877 2061; x_wconf 88' lang='lat' dir='ltr'><strong>ac</strong></span> 
     </span>
    </p>
   </div>
   <div class='ocr_carea' id='block_1_20' title="bbox 285 2102 1870 2173">
    <p class='ocr_par' dir='ltr' id='par_1_20' title="bbox 285 2102 1870 2173">
     <span class='ocr_line' id='line_1_20' title="bbox 285 2102 1870 2173; baseline -0.001 -16"><span class='ocrx_word' id='word_1_149' title='bbox 285 2105 409 2173; x_wconf 90' lang='lat' dir='ltr'><strong>jure</strong></span> <span class='ocrx_word' id='word_1_150' title='bbox 452 2114 858 2173; x_wconf 86' lang='lat' dir='ltr'><strong>opportuneque</strong></span> <span class='ocrx_word' id='word_1_151' title='bbox 909 2103 1020 2156; x_wconf 73' lang='lat' dir='ltr'><strong>hanc</strong></span> <span class='ocrx_word' id='word_1_152' title='bbox 1053 2106 1204 2156; x_wconf 81' lang='lat' dir='ltr'><strong>&#39;nova</strong></span> <span class='ocrx_word' id='word_1_153' title='bbox 1252 2103 1520 2157; x_wconf 84' lang='lat' dir='ltr'><strong>veteribus</strong></span> <span class='ocrx_word' id='word_1_154' title='bbox 1564 2102 1870 2171; x_wconf 81' lang='lat' dir='ltr'><strong>adjungere.</strong></span> 
     </span>
    </p>
   </div>
   <div class='ocr_carea' id='block_1_21' title="bbox 288 2192 1877 2264">
    <p class='ocr_par' dir='ltr' id='par_1_21' title="bbox 288 2192 1877 2264">
     <span class='ocr_line' id='line_1_21' title="bbox 288 2192 1877 2264; baseline -0.003 -14"><span class='ocrx_word' id='word_1_155' title='bbox 288 2195 443 2264; x_wconf 85' lang='lat' dir='ltr'><strong>Quod</strong></span> <span class='ocrx_word' id='word_1_156' title='bbox 473 2207 531 2250; x_wconf 77' lang='lat' dir='ltr'><strong>ut</strong></span> <span class='ocrx_word' id='word_1_157' title='bbox 554 2196 751 2250; x_wconf 89' lang='lat' dir='ltr'><strong>clarius</strong></span> <span class='ocrx_word' id='word_1_158' title='bbox 777 2195 986 2256; x_wconf 86' lang='lat' dir='ltr'><strong>evadat,</strong></span> <span class='ocrx_word' id='word_1_159' title='bbox 1017 2195 1128 2264; x_wconf 89' lang='lat' dir='ltr'><strong>ipsa</strong></span> <span class='ocrx_word' id='word_1_160' title='bbox 1161 2193 1478 2263; x_wconf 88' lang='lat' dir='ltr'><strong>legislatoris</strong></span> <span class='ocrx_word' id='word_1_161' title='bbox 1507 2193 1664 2247; x_wconf 85' lang='lat' dir='ltr'><strong>verba</strong></span> <span class='ocrx_word' id='word_1_162' title='bbox 1692 2192 1877 2246; x_wconf 85' lang='lat' dir='ltr'><strong>audia—</strong></span> 
     </span>
    </p>
   </div>
   <div class='ocr_carea' id='block_1_22' title="bbox 288 2285 1877 2356">
    <p class='ocr_par' dir='ltr' id='par_1_22' title="bbox 288 2285 1877 2356">
     <span class='ocr_line' id='line_1_22' title="bbox 288 2285 1877 2356; baseline -0.003 -15"><span class='ocrx_word' id='word_1_163' title='bbox 288 2304 435 2342; x_wconf 88' lang='lat' dir='ltr'><strong>mus.</strong></span> <span class='ocrx_word' id='word_1_164' title='bbox 473 2287 613 2355; x_wconf 83' lang='lat' dir='ltr'><strong>Quid</strong></span> <span class='ocrx_word' id='word_1_165' title='bbox 642 2287 802 2356; x_wconf 83' lang='lat' dir='ltr'><strong>igitur</strong></span> <span class='ocrx_word' id='word_1_166' title='bbox 825 2287 898 2340; x_wconf 84' lang='lat' dir='ltr'><strong>ait</strong></span> <span class='ocrx_word' id='word_1_167' title='bbox 926 2287 1050 2340; x_wconf 88' lang='lat' dir='ltr'><strong>ille?</strong></span> <span class='ocrx_word' id='word_1_168' title='bbox 1075 2286 1165 2338; x_wconf 77' lang='lat'><strong>2|.</strong></span> <span class='ocrx_word' id='word_1_169' title='bbox 1198 2285 1422 2338; x_wconf 77' lang='lat' dir='ltr'><strong>Audistis</strong></span> <span class='ocrx_word' id='word_1_170' title='bbox 1447 2285 1568 2352; x_wconf 84' lang='lat' dir='ltr'><strong>quia</strong></span> <span class='ocrx_word' id='word_1_171' title='bbox 1593 2285 1782 2338; x_wconf 86' lang='lat' dir='ltr'><strong>dictum</strong></span> <span class='ocrx_word' id='word_1_172' title='bbox 1805 2293 1877 2337; x_wconf 86' lang='lat' dir='ltr'><strong>est</strong></span> 
     </span>
    </p>
   </div>
   <div class='ocr_carea' id='block_1_23' title="bbox 287 2369 1873 2450">
    <p class='ocr_par' dir='ltr' id='par_1_23' title="bbox 287 2369 1873 2450">
     <span class='ocr_line' id='line_1_23' title="bbox 287 2369 1873 2450; baseline -0.003 -18"><span class='ocrx_word' id='word_1_173' title='bbox 287 2379 531 2450; x_wconf 79' lang='lat' dir='ltr'><strong>antiquis,</strong></span> <span class='ocrx_word' id='word_1_174' title='bbox 561 2377 684 2432; x_wconf 88' lang='lat' dir='ltr'><strong>Non</strong></span> <span class='ocrx_word' id='word_1_175' title='bbox 711 2377 906 2431; x_wconf 81' lang='lat' dir='ltr'><strong>occides</strong></span> <span class='ocrx_word' id='word_1_176' title='bbox 931 2375 1124 2446; x_wconf 86' lang='lat' dir='ltr'><strong>(Exod.</strong></span> <span class='ocrx_word' id='word_1_177' title='bbox 1155 2376 1246 2431; x_wconf 72' lang='lat'><strong>20.</strong></span> <span class='ocrx_word' id='word_1_178' title='bbox 1277 2377 1389 2446; x_wconf 74' lang='grc'><strong>15).</strong></span> <span class='ocrx_word' id='word_1_179' title='bbox 1420 2375 1574 2446; x_wconf 90' lang='lat' dir='ltr'><strong>Atqui</strong></span> <span class='ocrx_word' id='word_1_180' title='bbox 1603 2369 1654 2429; x_wconf 10' lang='lat' dir='ltr'><strong>is.</strong></span> <span class='ocrx_word' id='word_1_181' title='bbox 1674 2376 1760 2445; x_wconf 92' lang='lat' dir='ltr'><strong>qui</strong></span> <span class='ocrx_word' id='word_1_182' title='bbox 1788 2375 1873 2429; x_wconf 89' lang='lat' dir='ltr'><strong>illa</strong></span> 
     </span>
    </p>
   </div>
   <div class='ocr_carea' id='block_1_24' title="bbox 287 2468 1872 2538">
    <p class='ocr_par' dir='ltr' id='par_1_24' title="bbox 287 2468 1872 2538">
     <span class='ocr_line' id='line_1_24' title="bbox 287 2468 1872 2538; baseline -0.004 -15"><span class='ocrx_word' id='word_1_183' title='bbox 287 2471 459 2533; x_wconf 80' lang='lat' dir='ltr'><strong>dedit,</strong></span> <span class='ocrx_word' id='word_1_184' title='bbox 493 2471 605 2538; x_wconf 88' lang='lat' dir='ltr'><strong>ipse</strong></span> <span class='ocrx_word' id='word_1_185' title='bbox 624 2478 738 2534; x_wconf 76' lang='lat' dir='ltr'><strong>est;</strong></span> <span class='ocrx_word' id='word_1_186' title='bbox 771 2469 864 2524; x_wconf 91' lang='lat' dir='ltr'><strong>sed</strong></span> <span class='ocrx_word' id='word_1_187' title='bbox 889 2470 1099 2524; x_wconf 88' lang='lat' dir='ltr'><strong>interim</strong></span> <span class='ocrx_word' id='word_1_188' title='bbox 1119 2469 1544 2537; x_wconf 89' lang='lat' dir='ltr'><strong>impersonaliter</strong></span> <span class='ocrx_word' id='word_1_189' title='bbox 1565 2468 1678 2522; x_wconf 82' lang='lat' dir='ltr'><strong>haec</strong></span> <span class='ocrx_word' id='word_1_190' title='bbox 1705 2468 1872 2537; x_wconf 85' lang='lat' dir='ltr'><strong>ponit.</strong></span> 
     </span>
    </p>
   </div>
   <div class='ocr_carea' id='block_1_25' title="bbox 287 2559 1872 2628">
    <p class='ocr_par' dir='ltr' id='par_1_25' title="bbox 287 2559 1872 2628">
     <span class='ocr_line' id='line_1_25' title="bbox 287 2559 1872 2628; baseline -0.003 -11"><span class='ocrx_word' id='word_1_191' title='bbox 287 2561 346 2617; x_wconf 90' lang='lat' dir='ltr'><strong>Si</strong></span> <span class='ocrx_word' id='word_1_192' title='bbox 379 2561 520 2616; x_wconf 90' lang='lat' dir='ltr'><strong>enim</strong></span> <span class='ocrx_word' id='word_1_193' title='bbox 559 2561 782 2616; x_wconf 87' lang='lat' dir='ltr'><strong>dixisset</strong></span> <span class='ocrx_word' id='word_1_194' title='bbox 805 2602 818 2624; x_wconf 84' lang='lat'><strong>,</strong></span> <span class='ocrx_word' id='word_1_195' title='bbox 866 2560 1103 2616; x_wconf 79' lang='lat' dir='ltr'><strong>Audistis</strong></span> <span class='ocrx_word' id='word_1_196' title='bbox 1129 2575 1214 2614; x_wconf 92' lang='lat' dir='ltr'><strong>me</strong></span> <span class='ocrx_word' id='word_1_197' title='bbox 1241 2559 1440 2616; x_wconf 80' lang='lat' dir='ltr'><strong>dixisse</strong></span> <span class='ocrx_word' id='word_1_198' title='bbox 1467 2559 1697 2628; x_wconf 89' lang='lat' dir='ltr'><strong>antiquis</strong></span> <span class='ocrx_word' id='word_1_199' title='bbox 1719 2601 1732 2624; x_wconf 92' lang='lat'><strong>,</strong></span> <span class='ocrx_word' id='word_1_200' title='bbox 1766 2574 1872 2612; x_wconf 86' lang='lat' dir='ltr'><strong>non</strong></span> 
     </span>
    </p>
   </div>
   <div class='ocr_carea' id='block_1_26' title="bbox 285 2650 1873 2722">
    <p class='ocr_par' dir='ltr' id='par_1_26' title="bbox 285 2650 1873 2722">
     <span class='ocr_line' id='line_1_26' title="bbox 285 2650 1873 2722; baseline -0.003 -15"><span class='ocrx_word' id='word_1_201' title='bbox 285 2663 545 2722; x_wconf 85' lang='lat' dir='ltr'><strong>acceptus</strong></span> <span class='ocrx_word' id='word_1_202' title='bbox 572 2653 757 2707; x_wconf 90' lang='lat' dir='ltr'><strong>fuisset</strong></span> <span class='ocrx_word' id='word_1_203' title='bbox 787 2653 872 2707; x_wconf 90' lang='lat' dir='ltr'><strong>hic</strong></span> <span class='ocrx_word' id='word_1_204' title='bbox 916 2667 1094 2707; x_wconf 89' lang='lat' dir='ltr'><strong>sermo</strong></span> <span class='ocrx_word' id='word_1_205' title='bbox 1114 2692 1129 2714; x_wconf 92' lang='lat'><strong>,</strong></span> <span class='ocrx_word' id='word_1_206' title='bbox 1181 2666 1280 2706; x_wconf 91' lang='lat' dir='ltr'><strong>nec</strong></span> <span class='ocrx_word' id='word_1_207' title='bbox 1309 2650 1651 2706; x_wconf 85' lang='lat' dir='ltr'><strong>audientibus</strong></span> <span class='ocrx_word' id='word_1_208' title='bbox 1675 2650 1873 2721; x_wconf 87' lang='lat' dir='ltr'><strong>proba-</strong></span> 
     </span>
    </p>
   </div>
   <div class='ocr_carea' id='block_1_27' title="bbox 288 2742 1874 2813">
    <p class='ocr_par' dir='ltr' id='par_1_27' title="bbox 288 2742 1874 2813">
     <span class='ocr_line' id='line_1_27' title="bbox 288 2742 1874 2813; baseline -0.003 -15"><span class='ocrx_word' id='word_1_209' title='bbox 288 2755 408 2809; x_wconf 88' lang='lat' dir='ltr'><strong>tus;</strong></span> <span class='ocrx_word' id='word_1_210' title='bbox 440 2744 483 2799; x_wconf 91' lang='lat' dir='ltr'><strong>si</strong></span> <span class='ocrx_word' id='word_1_211' title='bbox 513 2759 642 2800; x_wconf 87' lang='lat' dir='ltr'><strong>vero</strong></span> <span class='ocrx_word' id='word_1_212' title='bbox 671 2745 932 2798; x_wconf 85' lang='lat' dir='ltr'><strong>dixisset:</strong></span> <span class='ocrx_word' id='word_1_213' title='bbox 958 2744 1194 2798; x_wconf 84' lang='lat' dir='ltr'><strong>Audistis</strong></span> <span class='ocrx_word' id='word_1_214' title='bbox 1235 2743 1356 2813; x_wconf 89' lang='lat' dir='ltr'><strong>quia</strong></span> <span class='ocrx_word' id='word_1_215' title='bbox 1401 2743 1601 2797; x_wconf 91' lang='lat' dir='ltr'><strong>dictum</strong></span> <span class='ocrx_word' id='word_1_216' title='bbox 1629 2751 1711 2795; x_wconf 91' lang='lat' dir='ltr'><strong>est</strong></span> <span class='ocrx_word' id='word_1_217' title='bbox 1737 2742 1874 2794; x_wconf 90' lang='lat' dir='ltr'><strong>anti-</strong></span> 
     </span>
    </p>
   </div>
   <div class='ocr_carea' id='block_1_28' title="bbox 285 2833 1872 2907">
    <p class='ocr_par' dir='ltr' id='par_1_28' title="bbox 285 2833 1872 2907">
     <span class='ocr_line' id='line_1_28' title="bbox 285 2833 1872 2907; baseline -0.003 -17"><span class='ocrx_word' id='word_1_218' title='bbox 285 2837 412 2907; x_wconf 86' lang='lat' dir='ltr'><strong>quis</strong></span> <span class='ocrx_word' id='word_1_219' title='bbox 435 2851 464 2889; x_wconf 88' lang='lat' dir='ltr'><strong>a</strong></span> <span class='ocrx_word' id='word_1_220' title='bbox 491 2835 647 2891; x_wconf 84' lang='lat' dir='ltr'><strong>Patre</strong></span> <span class='ocrx_word' id='word_1_221' title='bbox 673 2850 827 2900; x_wconf 89' lang='lat' dir='ltr'><strong>meo,</strong></span> <span class='ocrx_word' id='word_1_222' title='bbox 865 2835 1163 2904; x_wconf 89' lang='lat' dir='ltr'><strong>deindeque</strong></span> <span class='ocrx_word' id='word_1_223' title='bbox 1195 2835 1486 2897; x_wconf 87' lang='lat' dir='ltr'><strong>intulisset,</strong></span> <span class='ocrx_word' id='word_1_224' title='bbox 1534 2833 1646 2903; x_wconf 84' lang='lat' dir='ltr'><strong>Ego</strong></span> <span class='ocrx_word' id='word_1_225' title='bbox 1694 2843 1872 2886; x_wconf 89' lang='lat' dir='ltr'><strong>autem</strong></span> 
     </span>
    </p>
   </div>
   <div class='ocr_carea' id='block_1_29' title="bbox 284 2925 1876 2998">
    <p class='ocr_par' dir='ltr' id='par_1_29' title="bbox 284 2925 1876 2998">
     <span class='ocr_line' id='line_1_29' title="bbox 284 2925 1876 2998; baseline -0.001 -18"><span class='ocrx_word' id='word_1_226' title='bbox 284 2929 436 2994; x_wconf 88' lang='lat' dir='ltr'><strong>dico,</strong></span> <span class='ocrx_word' id='word_1_227' title='bbox 485 2927 654 2998; x_wconf 87' lang='lat' dir='ltr'><strong>major</strong></span> <span class='ocrx_word' id='word_1_228' title='bbox 695 2928 991 2997; x_wconf 86' lang='lat' dir='ltr'><strong>arrogantia</strong></span> <span class='ocrx_word' id='word_1_229' title='bbox 1021 2928 1128 2981; x_wconf 86' lang='lat' dir='ltr'><strong>visa</strong></span> <span class='ocrx_word' id='word_1_230' title='bbox 1170 2927 1372 2980; x_wconf 83' lang='lat' dir='ltr'><strong>fuisset.</strong></span> <span class='ocrx_word' id='word_1_231' title='bbox 1410 2925 1746 2995; x_wconf 84' lang='lat' dir='ltr'><strong>Quapropter</strong></span> <span class='ocrx_word' id='word_1_232' title='bbox 1775 2926 1876 2978; x_wconf 89' lang='lat' dir='ltr'><strong>hoc</strong></span> 
     </span>
    </p>
   </div>
   <div class='ocr_carea' id='block_1_30' title="bbox 285 3017 1875 3088">
    <p class='ocr_par' dir='ltr' id='par_1_30' title="bbox 285 3017 1875 3088">
     <span class='ocr_line' id='line_1_30' title="bbox 285 3017 1875 3088; baseline -0.002 -15"><span class='ocrx_word' id='word_1_233' title='bbox 285 3019 610 3087; x_wconf 87' lang='lat' dir='ltr'><strong>simpliciter</strong></span> <span class='ocrx_word' id='word_1_234' title='bbox 637 3019 812 3088; x_wconf 86' lang='lat' dir='ltr'><strong>posuit</strong></span> <span class='ocrx_word' id='word_1_235' title='bbox 839 3019 907 3072; x_wconf 88' lang='lat' dir='ltr'><strong>ad</strong></span> <span class='ocrx_word' id='word_1_236' title='bbox 936 3019 1036 3074; x_wconf 85' lang='lat' dir='ltr'><strong>hoc</strong></span> <span class='ocrx_word' id='word_1_237' title='bbox 1062 3035 1222 3072; x_wconf 90' lang='lat' dir='ltr'><strong>unum</strong></span> <span class='ocrx_word' id='word_1_238' title='bbox 1249 3029 1520 3087; x_wconf 82' lang='lat' dir='ltr'><strong>Spectans,</strong></span> <span class='ocrx_word' id='word_1_239' title='bbox 1550 3028 1608 3072; x_wconf 91' lang='lat' dir='ltr'><strong>ut</strong></span> <span class='ocrx_word' id='word_1_240' title='bbox 1626 3017 1875 3072; x_wconf 83' lang='lat' dir='ltr'><strong>ostende-</strong></span> 
     </span>
    </p>
   </div>
   <div class='ocr_carea' id='block_1_31' title="bbox 285 3110 1872 3180">
    <p class='ocr_par' dir='ltr' id='par_1_31' title="bbox 285 3110 1872 3180">
     <span class='ocr_line' id='line_1_31' title="bbox 285 3110 1872 3180; baseline -0.002 -16"><span class='ocrx_word' id='word_1_241' title='bbox 285 3121 375 3164; x_wconf 86' lang='lat' dir='ltr'><strong>ret</strong></span> <span class='ocrx_word' id='word_1_242' title='bbox 402 3125 462 3165; x_wconf 87' lang='lat' dir='ltr'><strong>se</strong></span> <span class='ocrx_word' id='word_1_243' title='bbox 485 3112 595 3180; x_wconf 88' lang='lat' dir='ltr'><strong>jam</strong></span> <span class='ocrx_word' id='word_1_244' title='bbox 621 3119 921 3180; x_wconf 85' lang='lat' dir='ltr'><strong>opportuno</strong></span> <span class='ocrx_word' id='word_1_245' title='bbox 953 3120 1192 3178; x_wconf 87' lang='lat' dir='ltr'><strong>tempore</strong></span> <span class='ocrx_word' id='word_1_246' title='bbox 1219 3111 1319 3165; x_wconf 92' lang='lat' dir='ltr'><strong>hoc</strong></span> <span class='ocrx_word' id='word_1_247' title='bbox 1343 3111 1544 3165; x_wconf 87' lang='lat' dir='ltr'><strong>dicere.</strong></span> <span class='ocrx_word' id='word_1_248' title='bbox 1570 3110 1704 3164; x_wconf 90' lang='lat' dir='ltr'><strong>Cum</strong></span> <span class='ocrx_word' id='word_1_249' title='bbox 1731 3111 1872 3163; x_wconf 89' lang='lat' dir='ltr'><strong>enim</strong></span> 
     </span>
    </p>
   </div>
   <div class='ocr_carea' id='block_1_32' title="bbox 283 3201 1876 3272">
    <p class='ocr_par' dir='ltr' id='par_1_32' title="bbox 283 3201 1876 3272">
     <span class='ocr_line' id='line_1_32' title="bbox 283 3201 1876 3272; baseline 0.001 -18"><span class='ocrx_word' id='word_1_250' title='bbox 283 3204 399 3266; x_wconf 90' lang='lat' dir='ltr'><strong>ait,</strong></span> <span class='ocrx_word' id='word_1_251' title='bbox 451 3202 583 3269; x_wconf 83' lang='lat' dir='ltr'><strong>Quia</strong></span> <span class='ocrx_word' id='word_1_252' title='bbox 623 3201 813 3254; x_wconf 88' lang='lat' dir='ltr'><strong>dictum</strong></span> <span class='ocrx_word' id='word_1_253' title='bbox 843 3211 914 3256; x_wconf 85' lang='lat' dir='ltr'><strong>est</strong></span> <span class='ocrx_word' id='word_1_254' title='bbox 942 3203 1195 3272; x_wconf 81' lang='lat' dir='ltr'><strong>antiquis,</strong></span> <span class='ocrx_word' id='word_1_255' title='bbox 1245 3202 1465 3256; x_wconf 87' lang='lat' dir='ltr'><strong>multum</strong></span> <span class='ocrx_word' id='word_1_256' title='bbox 1509 3201 1876 3256; x_wconf 84' lang='lat' dir='ltr'><strong>intercessisse</strong></span> 
     </span>
    </p>
   </div>
   <div class='ocr_carea' id='block_1_33' title="bbox 287 3294 1868 3365">
    <p class='ocr_par' dir='ltr' id='par_1_33' title="bbox 287 3294 1868 3365">
     <span class='ocr_line' id='line_1_33' title="bbox 287 3294 1868 3365; baseline -0.002 -17"><span class='ocrx_word' id='word_1_257' title='bbox 287 3295 552 3364; x_wconf 89' lang='lat' dir='ltr'><strong>temporis</strong></span> <span class='ocrx_word' id='word_1_258' title='bbox 579 3296 903 3359; x_wconf 87' lang='lat' dir='ltr'><strong>declaravit,</strong></span> <span class='ocrx_word' id='word_1_259' title='bbox 933 3311 996 3350; x_wconf 84' lang='lat' dir='ltr'><strong>ex</strong></span> <span class='ocrx_word' id='word_1_260' title='bbox 1026 3310 1132 3365; x_wconf 91' lang='lat' dir='ltr'><strong>quo</strong></span> <span class='ocrx_word' id='word_1_261' title='bbox 1160 3294 1263 3348; x_wconf 91' lang='lat' dir='ltr'><strong>hoc</strong></span> <span class='ocrx_word' id='word_1_262' title='bbox 1293 3303 1616 3363; x_wconf 73' lang='lat' dir='ltr'><strong>pra-ceptum</strong></span> <span class='ocrx_word' id='word_1_263' title='bbox 1646 3309 1868 3362; x_wconf 72' lang='lat' dir='ltr'><strong>accepe-</strong></span> 
     </span>
    </p>
   </div>
   <div class='ocr_carea' id='block_1_34' title="bbox 283 3386 1872 3456">
    <p class='ocr_par' dir='ltr' id='par_1_34' title="bbox 283 3386 1872 3456">
     <span class='ocr_line' id='line_1_34' title="bbox 283 3386 1872 3456; baseline -0.002 -15"><span class='ocrx_word' id='word_1_264' title='bbox 283 3397 435 3442; x_wconf 82' lang='lat' dir='ltr'><strong>rant.</strong></span> <span class='ocrx_word' id='word_1_265' title='bbox 468 3387 582 3442; x_wconf 84' lang='lat' dir='ltr'><strong>Hoc</strong></span> <span class='ocrx_word' id='word_1_266' title='bbox 607 3403 734 3443; x_wconf 91' lang='lat' dir='ltr'><strong>vero</strong></span> <span class='ocrx_word' id='word_1_267' title='bbox 777 3388 931 3448; x_wconf 86' lang='lat' dir='ltr'><strong>fecit.</strong></span> <span class='ocrx_word' id='word_1_268' title='bbox 977 3396 1035 3442; x_wconf 92' lang='lat' dir='ltr'><strong>ut</strong></span> <span class='ocrx_word' id='word_1_269' title='bbox 1075 3387 1372 3441; x_wconf 88' lang='lat' dir='ltr'><strong>auditorem</strong></span> <span class='ocrx_word' id='word_1_270' title='bbox 1407 3386 1774 3456; x_wconf 71' lang='lat' dir='ltr'><strong>pudefaeeret,</strong></span> <span class='ocrx_word' id='word_1_271' title='bbox 1806 3386 1872 3439; x_wconf 91' lang='lat' dir='ltr'><strong>ad</strong></span> 
     </span>
    </p>
   </div>
   <div class='ocr_carea' id='block_1_35' title="bbox 287 3480 1874 3552">
    <p class='ocr_par' dir='ltr' id='par_1_35' title="bbox 287 3480 1874 3552">
     <span class='ocr_line' id='line_1_35' title="bbox 287 3480 1874 3552; baseline -0.001 -16"><span class='ocrx_word' id='word_1_272' title='bbox 287 3481 607 3537; x_wconf 86' lang='lat' dir='ltr'><strong>sublimiora</strong></span> <span class='ocrx_word' id='word_1_273' title='bbox 639 3483 724 3537; x_wconf 92' lang='lat' dir='ltr'><strong>illa</strong></span> <span class='ocrx_word' id='word_1_274' title='bbox 756 3483 904 3537; x_wconf 88' lang='lat' dir='ltr'><strong>adire</strong></span> <span class='ocrx_word' id='word_1_275' title='bbox 929 3491 1196 3552; x_wconf 77' lang='lat' dir='ltr'><strong>praecepta</strong></span> <span class='ocrx_word' id='word_1_276' title='bbox 1223 3491 1595 3546; x_wconf 88' lang='lat' dir='ltr'><strong>cunctantem;</strong></span> <span class='ocrx_word' id='word_1_277' title='bbox 1635 3483 1706 3534; x_wconf 93' lang='lat' dir='ltr'><strong>uti</strong></span> <span class='ocrx_word' id='word_1_278' title='bbox 1740 3480 1874 3534; x_wconf 87' lang='lat' dir='ltr'><strong>solet</strong></span> 
     </span>
    </p>
   </div>
   <div class='ocr_carea' id='block_1_36' title="bbox 284 3572 1872 3645">
    <p class='ocr_par' dir='ltr' id='par_1_36' title="bbox 284 3572 1872 3645">
     <span class='ocr_line' id='line_1_36' title="bbox 284 3572 1872 3645; baseline -0.002 -17"><span class='ocrx_word' id='word_1_279' title='bbox 284 3572 546 3644; x_wconf 84' lang='lat' dir='ltr'><strong>magister</strong></span> <span class='ocrx_word' id='word_1_280' title='bbox 569 3589 737 3644; x_wconf 90' lang='lat' dir='ltr'><strong>puero</strong></span> <span class='ocrx_word' id='word_1_281' title='bbox 763 3573 942 3629; x_wconf 88' lang='lat' dir='ltr'><strong>dicere</strong></span> <span class='ocrx_word' id='word_1_282' title='bbox 963 3574 1246 3645; x_wconf 80' lang='lat' dir='ltr'><strong>negligenti</strong></span> <span class='ocrx_word' id='word_1_283' title='bbox 1276 3592 1289 3628; x_wconf 91' lang='lat'><strong>:</strong></span> <span class='ocrx_word' id='word_1_284' title='bbox 1312 3573 1392 3628; x_wconf 85' lang='lat' dir='ltr'><strong>An</strong></span> <span class='ocrx_word' id='word_1_285' title='bbox 1422 3574 1595 3629; x_wconf 88' lang='lat' dir='ltr'><strong>nescis</strong></span> <span class='ocrx_word' id='word_1_286' title='bbox 1618 3580 1872 3644; x_wconf 88' lang='lat' dir='ltr'><strong>quantum</strong></span> 
     </span>
    </p>
   </div>
   <div class='ocr_carea' id='block_1_37' title="bbox 286 3663 1875 3736">
    <p class='ocr_par' dir='ltr' id='par_1_37' title="bbox 286 3663 1875 3736">
     <span class='ocr_line' id='line_1_37' title="bbox 286 3663 1875 3736; baseline 0.001 -20"><span class='ocrx_word' id='word_1_287' title='bbox 286 3665 553 3733; x_wconf 89' lang='lat' dir='ltr'><strong>temporis</strong></span> <span class='ocrx_word' id='word_1_288' title='bbox 599 3665 653 3719; x_wconf 90' lang='lat' dir='ltr'><strong>in</strong></span> <span class='ocrx_word' id='word_1_289' title='bbox 697 3665 1018 3736; x_wconf 85' lang='lat' dir='ltr'><strong>syllabarum</strong></span> <span class='ocrx_word' id='word_1_290' title='bbox 1063 3665 1407 3721; x_wconf 86' lang='lat' dir='ltr'><strong>meditatione</strong></span> <span class='ocrx_word' id='word_1_291' title='bbox 1445 3663 1875 3733; x_wconf 89' lang='lat' dir='ltr'><strong>consumpseris?</strong></span> 
     </span>
    </p>
   </div>
   <div class='ocr_carea' id='block_1_38' title="bbox 286 3756 1878 3827">
    <p class='ocr_par' dir='ltr' id='par_1_38' title="bbox 286 3756 1878 3827">
     <span class='ocr_line' id='line_1_38' title="bbox 286 3756 1878 3827; baseline 0 -17"><span class='ocrx_word' id='word_1_292' title='bbox 286 3756 411 3810; x_wconf 89' lang='lat' dir='ltr'><strong>lloc</strong></span> <span class='ocrx_word' id='word_1_293' title='bbox 449 3765 503 3809; x_wconf 89' lang='lat' dir='ltr'><strong>et</strong></span> <span class='ocrx_word' id='word_1_294' title='bbox 539 3756 652 3826; x_wconf 90' lang='lat' dir='ltr'><strong>ipse</strong></span> <span class='ocrx_word' id='word_1_295' title='bbox 679 3757 1019 3827; x_wconf 87' lang='lat' dir='ltr'><strong>antiquorum</strong></span> <span class='ocrx_word' id='word_1_296' title='bbox 1050 3759 1267 3814; x_wconf 88' lang='lat' dir='ltr'><strong>nomine</strong></span> <span class='ocrx_word' id='word_1_297' title='bbox 1294 3756 1662 3822; x_wconf 88' lang='lat' dir='ltr'><strong>subiudicans,</strong></span> <span class='ocrx_word' id='word_1_298' title='bbox 1691 3766 1878 3810; x_wconf 87' lang='lat' dir='ltr'><strong>evocat</strong></span> 
     </span>
    </p>
   </div>
   <div class='ocr_carea' id='block_1_39' title="bbox 284 3846 1876 3918">
    <p class='ocr_par' dir='ltr' id='par_1_39' title="bbox 284 3846 1876 3918">
     <span class='ocr_line' id='line_1_39' title="bbox 284 3846 1876 3918; baseline -0.001 -19"><span class='ocrx_word' id='word_1_299' title='bbox 284 3847 418 3901; x_wconf 89' lang='lat' dir='ltr'><strong>illos</strong></span> <span class='ocrx_word' id='word_1_300' title='bbox 441 3846 506 3900; x_wconf 85' lang='lat' dir='ltr'><strong>ad</strong></span> <span class='ocrx_word' id='word_1_301' title='bbox 528 3857 790 3918; x_wconf 63' lang='lat' dir='ltr'><strong>praecepta</strong></span> <span class='ocrx_word' id='word_1_302' title='bbox 820 3849 1060 3915; x_wconf 87' lang='lat' dir='ltr'><strong>meliora,</strong></span> <span class='ocrx_word' id='word_1_303' title='bbox 1082 3864 1147 3904; x_wconf 90' lang='lat' dir='ltr'><strong>ac</strong></span> <span class='ocrx_word' id='word_1_304' title='bbox 1168 3851 1210 3903; x_wconf 87' lang='lat' dir='ltr'><strong>si</strong></span> <span class='ocrx_word' id='word_1_305' title='bbox 1232 3850 1436 3904; x_wconf 84' lang='lat' dir='ltr'><strong>diceret</strong></span> <span class='ocrx_word' id='word_1_306' title='bbox 1459 3867 1474 3903; x_wconf 89' lang='lat'><strong>:</strong></span> <span class='ocrx_word' id='word_1_307' title='bbox 1496 3854 1541 3904; x_wconf 80' lang='grc' dir='ltr'><strong>Α</strong></span> <span class='ocrx_word' id='word_1_308' title='bbox 1567 3849 1696 3902; x_wconf 84' lang='lat' dir='ltr'><strong>satis</strong></span> <span class='ocrx_word' id='word_1_309' title='bbox 1718 3847 1876 3917; x_wconf 86' lang='lat' dir='ltr'><strong>longo</strong></span> 
     </span>
    </p>
   </div>
   <div class='ocr_carea' id='block_1_40' title="bbox 285 3937 1874 4010">
    <p class='ocr_par' dir='ltr' id='par_1_40' title="bbox 285 3937 1874 4010">
     <span class='ocr_line' id='line_1_40' title="bbox 285 3937 1874 4010; baseline -0.001 -18"><span class='ocrx_word' id='word_1_310' title='bbox 285 3946 538 4007; x_wconf 90' lang='lat' dir='ltr'><strong>tempore</strong></span> <span class='ocrx_word' id='word_1_311' title='bbox 579 3937 693 3993; x_wconf 65' lang='lat' dir='ltr'><strong>haec</strong></span> <span class='ocrx_word' id='word_1_312' title='bbox 726 3938 1052 3994; x_wconf 88' lang='lat' dir='ltr'><strong>meditamini</strong></span> <span class='ocrx_word' id='word_1_313' title='bbox 1080 3949 1328 4010; x_wconf 90' lang='lat' dir='ltr'><strong>:oportet</strong></span> <span class='ocrx_word' id='word_1_314' title='bbox 1364 3941 1577 3996; x_wconf 89' lang='lat' dir='ltr'><strong>demum</strong></span> <span class='ocrx_word' id='word_1_315' title='bbox 1606 3940 1671 3994; x_wconf 89' lang='lat' dir='ltr'><strong>ad</strong></span> <span class='ocrx_word' id='word_1_316' title='bbox 1707 3938 1874 3992; x_wconf 90' lang='lat' dir='ltr'><strong>subli-</strong></span> 
     </span>
    </p>
   </div>
   <div class='ocr_carea' id='block_1_41' title="bbox 283 4029 1874 4104">
    <p class='ocr_par' dir='ltr' id='par_1_41' title="bbox 283 4029 1874 4104">
     <span class='ocr_line' id='line_1_41' title="bbox 283 4029 1874 4104; baseline 0.002 -21"><span class='ocrx_word' id='word_1_317' title='bbox 283 4029 462 4083; x_wconf 90' lang='lat' dir='ltr'><strong>miora</strong></span> <span class='ocrx_word' id='word_1_318' title='bbox 485 4044 725 4100; x_wconf 87' lang='lat' dir='ltr'><strong>pergere.</strong></span> <span class='ocrx_word' id='word_1_319' title='bbox 755 4029 900 4086; x_wconf 89' lang='lat' dir='ltr'><strong>Bene</strong></span> <span class='ocrx_word' id='word_1_320' title='bbox 922 4041 1100 4086; x_wconf 87' lang='lat' dir='ltr'><strong>autem</strong></span> <span class='ocrx_word' id='word_1_321' title='bbox 1124 4034 1297 4102; x_wconf 77' lang='lat' dir='ltr'><strong>agitur</strong></span> <span class='ocrx_word' id='word_1_322' title='bbox 1316 4034 1455 4104; x_wconf 89' lang='lat' dir='ltr'><strong>quod</strong></span> <span class='ocrx_word' id='word_1_323' title='bbox 1490 4043 1874 4103; x_wconf 72' lang='lat' dir='ltr'><strong>praeceptorum</strong></span> 
     </span>
    </p>
   </div>
   <div class='ocr_carea' id='block_1_42' title="bbox 283 4120 1875 4194">
    <p class='ocr_par' dir='ltr' id='par_1_42' title="bbox 283 4120 1875 4194">
     <span class='ocr_line' id='line_1_42' title="bbox 283 4120 1875 4194; baseline 0.004 -22"><span class='ocrx_word' id='word_1_324' title='bbox 283 4120 428 4176; x_wconf 88' lang='lat' dir='ltr'><strong>ordo</strong></span> <span class='ocrx_word' id='word_1_325' title='bbox 454 4136 559 4177; x_wconf 92' lang='lat' dir='ltr'><strong>non</strong></span> <span class='ocrx_word' id='word_1_326' title='bbox 589 4121 964 4186; x_wconf 86' lang='lat' dir='ltr'><strong>confundatur,</strong></span> <span class='ocrx_word' id='word_1_327' title='bbox 991 4123 1085 4177; x_wconf 87' lang='lat' dir='ltr'><strong>sed</strong></span> <span class='ocrx_word' id='word_1_328' title='bbox 1115 4139 1145 4178; x_wconf 89' lang='lat' dir='ltr'><strong>a</strong></span> <span class='ocrx_word' id='word_1_329' title='bbox 1174 4125 1350 4194; x_wconf 91' lang='lat' dir='ltr'><strong>priore</strong></span> <span class='ocrx_word' id='word_1_330' title='bbox 1380 4125 1682 4194; x_wconf 87' lang='lat' dir='ltr'><strong>incipiatur,</strong></span> <span class='ocrx_word' id='word_1_331' title='bbox 1715 4141 1743 4178; x_wconf 86' lang='lat' dir='ltr'><strong>a</strong></span> <span class='ocrx_word' id='word_1_332' title='bbox 1769 4139 1875 4194; x_wconf 88' lang='lat' dir='ltr'><strong>quo</strong></span> 
     </span>
    </p>
   </div>
   <div class='ocr_carea' id='block_1_43' title="bbox 286 4213 1870 4284">
    <p class='ocr_par' dir='ltr' id='par_1_43' title="bbox 286 4213 1870 4284">
     <span class='ocr_line' id='line_1_43' title="bbox 286 4213 1870 4284; baseline -0.001 -16"><span class='ocrx_word' id='word_1_333' title='bbox 286 4213 383 4269; x_wconf 84' lang='lat' dir='ltr'><strong>lex</strong></span> <span class='ocrx_word' id='word_1_334' title='bbox 410 4213 604 4284; x_wconf 88' lang='lat' dir='ltr'><strong>incepit</strong></span> <span class='ocrx_word' id='word_1_335' title='bbox 628 4231 643 4268; x_wconf 93' lang='lat'><strong>:</strong></span> <span class='ocrx_word' id='word_1_336' title='bbox 663 4215 860 4269; x_wconf 84' lang='lat' dir='ltr'><strong>etenim</strong></span> <span class='ocrx_word' id='word_1_337' title='bbox 891 4213 1019 4268; x_wconf 92' lang='lat' dir='ltr'><strong>illud</strong></span> <span class='ocrx_word' id='word_1_338' title='bbox 1050 4214 1222 4284; x_wconf 91' lang='lat' dir='ltr'><strong>ipsum</strong></span> <span class='ocrx_word' id='word_1_339' title='bbox 1251 4214 1591 4270; x_wconf 90' lang='lat' dir='ltr'><strong>concordiam</strong></span> <span class='ocrx_word' id='word_1_340' title='bbox 1620 4215 1870 4270; x_wconf 86' lang='lat' dir='ltr'><strong>ostendit.</strong></span> 
     </span>
    </p>
   </div>
   <div class='ocr_carea' id='block_1_44' title="bbox 285 4302 1877 4375">
    <p class='ocr_par' dir='ltr' id='par_1_44' title="bbox 285 4302 1877 4375">
     <span class='ocr_line' id='line_1_44' title="bbox 285 4302 1877 4375; baseline -0.001 -17"><span class='ocrx_word' id='word_1_341' title='bbox 285 4303 388 4358; x_wconf 66' lang='lat'><strong>32.</strong></span> <span class='ocrx_word' id='word_1_342' title='bbox 414 4302 528 4375; x_wconf 82' lang='lat' dir='ltr'><strong>Ego</strong></span> <span class='ocrx_word' id='word_1_343' title='bbox 554 4313 722 4358; x_wconf 87' lang='lat' dir='ltr'><strong>autem</strong></span> <span class='ocrx_word' id='word_1_344' title='bbox 757 4305 870 4359; x_wconf 87' lang='lat' dir='ltr'><strong>dico</strong></span> <span class='ocrx_word' id='word_1_345' title='bbox 896 4303 1060 4369; x_wconf 84' lang='lat' dir='ltr'><strong>vobis,</strong></span> <span class='ocrx_word' id='word_1_346' title='bbox 1090 4306 1329 4371; x_wconf 87' lang='lat' dir='ltr'><strong>quoniam</strong></span> <span class='ocrx_word' id='word_1_347' title='bbox 1355 4306 1440 4375; x_wconf 86' lang='lat' dir='ltr'><strong>qui</strong></span> <span class='ocrx_word' id='word_1_348' title='bbox 1467 4306 1701 4360; x_wconf 73' lang='lat' dir='ltr'><strong>irascitur</strong></span> <span class='ocrx_word' id='word_1_349' title='bbox 1728 4309 1877 4374; x_wconf 78' lang='lat' dir='ltr'><strong>fratri</strong></span> 
     </span>
    </p>
   </div>
   <div class='ocr_carea' id='block_1_45' title="bbox 286 4395 1878 4466">
    <p class='ocr_par' dir='ltr' id='par_1_45' title="bbox 286 4395 1878 4466">
     <span class='ocr_line' id='line_1_45' title="bbox 286 4395 1878 4466; baseline -0.001 -15"><span class='ocrx_word' id='word_1_350' title='bbox 286 4411 386 4451; x_wconf 86' lang='lat' dir='ltr'><strong>suo</strong></span> <span class='ocrx_word' id='word_1_351' title='bbox 412 4406 613 4451; x_wconf 83' lang='lat' dir='ltr'><strong>temere</strong></span> <span class='ocrx_word' id='word_1_352' title='bbox 631 4437 647 4461; x_wconf 95' lang='lat'><strong>,</strong></span> <span class='ocrx_word' id='word_1_353' title='bbox 689 4412 804 4450; x_wconf 83' lang='lat' dir='ltr'><strong>reus</strong></span> <span class='ocrx_word' id='word_1_354' title='bbox 831 4397 926 4450; x_wconf 88' lang='lat' dir='ltr'><strong>erit</strong></span> <span class='ocrx_word' id='word_1_355' title='bbox 941 4395 1160 4466; x_wconf 85' lang='lat' dir='ltr'><strong>judicio.</strong></span> <span class='ocrx_word' id='word_1_356' title='bbox 1200 4396 1382 4451; x_wconf 71' lang='lat' dir='ltr'><strong>Vidisti</strong></span> <span class='ocrx_word' id='word_1_357' title='bbox 1414 4395 1701 4466; x_wconf 81' lang='lat' dir='ltr'><strong>perfectam</strong></span> <span class='ocrx_word' id='word_1_358' title='bbox 1729 4405 1878 4465; x_wconf 87' lang='lat' dir='ltr'><strong>pote-</strong></span> 
     </span>
    </p>
   </div>
   <div class='ocr_carea' id='block_1_46' title="bbox 287 4488 1876 4560">
    <p class='ocr_par' dir='ltr' id='par_1_46' title="bbox 287 4488 1876 4560">
     <span class='ocr_line' id='line_1_46' title="bbox 287 4488 1876 4560; baseline 0 -16"><span class='ocrx_word' id='word_1_359' title='bbox 287 4498 489 4544; x_wconf 76' lang='lat' dir='ltr'><strong>Statem</strong></span> <span class='ocrx_word' id='word_1_360' title='bbox 505 4489 529 4542; x_wconf 87' lang='lat'><strong>?</strong></span> <span class='ocrx_word' id='word_1_361' title='bbox 547 4489 722 4544; x_wconf 87' lang='lat' dir='ltr'><strong>vidisti</strong></span> <span class='ocrx_word' id='word_1_362' title='bbox 749 4489 968 4545; x_wconf 90' lang='lat' dir='ltr'><strong>modum</strong></span> <span class='ocrx_word' id='word_1_363' title='bbox 988 4490 1278 4560; x_wconf 86' lang='lat' dir='ltr'><strong>legislatori</strong></span> <span class='ocrx_word' id='word_1_364' title='bbox 1299 4488 1726 4558; x_wconf 88' lang='lat' dir='ltr'><strong>competentem?</strong></span> <span class='ocrx_word' id='word_1_365' title='bbox 1747 4489 1876 4557; x_wconf 84' lang='lat' dir='ltr'><strong>Quis</strong></span> 
     </span>
    </p>
   </div>
   <div class='ocr_carea' id='block_1_47' title="bbox 286 4581 1877 4652">
    <p class='ocr_par' dir='ltr' id='par_1_47' title="bbox 286 4581 1877 4652">
     <span class='ocr_line' id='line_1_47' title="bbox 286 4581 1877 4652; baseline 0 -16"><span class='ocrx_word' id='word_1_366' title='bbox 286 4582 438 4637; x_wconf 86' lang='lat' dir='ltr'><strong>enim</strong></span> <span class='ocrx_word' id='word_1_367' title='bbox 485 4581 861 4652; x_wconf 89' lang='lat' dir='ltr'><strong>prophetarum</strong></span> <span class='ocrx_word' id='word_1_368' title='bbox 901 4582 979 4636; x_wconf 91' lang='lat' dir='ltr'><strong>sic</strong></span> <span class='ocrx_word' id='word_1_369' title='bbox 1023 4596 1271 4651; x_wconf 85' lang='lat' dir='ltr'><strong>umquam</strong></span> <span class='ocrx_word' id='word_1_370' title='bbox 1317 4581 1564 4651; x_wconf 87' lang='lat' dir='ltr'><strong>loquutus</strong></span> <span class='ocrx_word' id='word_1_371' title='bbox 1604 4581 1731 4637; x_wconf 90' lang='lat' dir='ltr'><strong>est?</strong></span> <span class='ocrx_word' id='word_1_372' title='bbox 1757 4582 1877 4651; x_wconf 89' lang='lat' dir='ltr'><strong>quis</strong></span> 
     </span>
    </p>
   </div>
   <div class='ocr_carea' id='block_1_48' title="bbox 287 4671 1872 4743">
    <p class='ocr_par' dir='ltr' id='par_1_48' title="bbox 287 4671 1872 4743">
     <span class='ocr_line' id='line_1_48' title="bbox 287 4671 1872 4743; baseline 0 -15"><span class='ocrx_word' id='word_1_373' title='bbox 287 4674 599 4743; x_wconf 75' lang='lat' dir='ltr'><strong>iustorum?</strong></span> <span class='ocrx_word' id='word_1_374' title='bbox 639 4673 760 4742; x_wconf 90' lang='lat' dir='ltr'><strong>quis</strong></span> <span class='ocrx_word' id='word_1_375' title='bbox 807 4673 1266 4742; x_wconf 86' lang='lat' dir='ltr'><strong>patriarcharum?</strong></span> <span class='ocrx_word' id='word_1_376' title='bbox 1305 4671 1491 4727; x_wconf 86' lang='lat' dir='ltr'><strong>Nullus</strong></span> <span class='ocrx_word' id='word_1_377' title='bbox 1534 4686 1699 4738; x_wconf 87' lang='lat' dir='ltr'><strong>sane;</strong></span> <span class='ocrx_word' id='word_1_378' title='bbox 1741 4673 1872 4735; x_wconf 87' lang='lat' dir='ltr'><strong>sed,</strong></span> 
     </span>
    </p>
   </div>
   <div class='ocr_carea' id='block_1_49' title="bbox 297 4762 1876 4836">
    <p class='ocr_par' dir='ltr' id='par_1_49' title="bbox 297 4762 1876 4836">
     <span class='ocr_line' id='line_1_49' title="bbox 297 4762 1876 4836; baseline 0.001 -18"><span class='ocrx_word' id='word_1_379' title='bbox 297 4764 428 4819; x_wconf 72' lang='lat' dir='ltr'><strong>Hice</strong></span> <span class='ocrx_word' id='word_1_380' title='bbox 454 4765 576 4818; x_wconf 83' lang='lat' dir='ltr'><strong>dicit</strong></span> <span class='ocrx_word' id='word_1_381' title='bbox 601 4762 870 4818; x_wconf 84' lang='lat' dir='ltr'><strong>Dominus.</strong></span> <span class='ocrx_word' id='word_1_382' title='bbox 899 4763 1095 4818; x_wconf 83' lang='lat' dir='ltr'><strong>Verum</strong></span> <span class='ocrx_word' id='word_1_383' title='bbox 1123 4780 1228 4819; x_wconf 92' lang='lat' dir='ltr'><strong>non</strong></span> <span class='ocrx_word' id='word_1_384' title='bbox 1257 4765 1327 4819; x_wconf 90' lang='lat' dir='ltr'><strong>ita</strong></span> <span class='ocrx_word' id='word_1_385' title='bbox 1356 4764 1541 4821; x_wconf 86' lang='lat' dir='ltr'><strong>Filius.</strong></span> <span class='ocrx_word' id='word_1_386' title='bbox 1567 4765 1650 4820; x_wconf 88' lang='lat' dir='ltr'><strong>Illi</strong></span> <span class='ocrx_word' id='word_1_387' title='bbox 1677 4766 1876 4836; x_wconf 88' lang='lat' dir='ltr'><strong>quippe</strong></span> 
     </span>
    </p>
   </div>
   <div class='ocr_carea' id='block_1_50' title="bbox 295 4852 1874 4921">
    <p class='ocr_par' dir='ltr' id='par_1_50' title="bbox 295 4852 1874 4921">
     <span class='ocr_line' id='line_1_50' title="bbox 295 4852 1874 4921; baseline 0.001 -12"><span class='ocrx_word' id='word_1_388' title='bbox 295 4854 514 4909; x_wconf 81' lang='lat' dir='ltr'><strong>Domini</strong></span> <span class='ocrx_word' id='word_1_389' title='bbox 541 4852 702 4907; x_wconf 90' lang='lat' dir='ltr'><strong>verba</strong></span> <span class='ocrx_word' id='word_1_390' title='bbox 725 4853 1087 4921; x_wconf 88' lang='lat' dir='ltr'><strong>pronuntiant,</strong></span> <span class='ocrx_word' id='word_1_391' title='bbox 1118 4854 1204 4909; x_wconf 89' lang='lat' dir='ltr'><strong>hic</strong></span> <span class='ocrx_word' id='word_1_392' title='bbox 1228 4854 1418 4910; x_wconf 90' lang='lat' dir='ltr'><strong>Patris.</strong></span> <span class='ocrx_word' id='word_1_393' title='bbox 1446 4855 1577 4909; x_wconf 87' lang='lat' dir='ltr'><strong>Cum</strong></span> <span class='ocrx_word' id='word_1_394' title='bbox 1603 4864 1782 4910; x_wconf 89' lang='lat' dir='ltr'><strong>autem</strong></span> <span class='ocrx_word' id='word_1_395' title='bbox 1813 4871 1874 4910; x_wconf 89' lang='lat' dir='ltr'><strong>ca</strong></span> 
     </span>
    </p>
   </div>
   <div class='ocr_carea' id='block_1_51' title="bbox 289 4944 1876 5016">
    <p class='ocr_par' dir='ltr' id='par_1_51' title="bbox 289 4944 1876 5016">
     <span class='ocr_line' id='line_1_51' title="bbox 289 4944 1876 5016; baseline -0.001 -16"><span class='ocrx_word' id='word_1_396' title='bbox 289 4962 413 5016; x_wconf 73' lang='lat' dir='ltr'><strong>qua:</strong></span> <span class='ocrx_word' id='word_1_397' title='bbox 440 4944 635 5010; x_wconf 84' lang='lat' dir='ltr'><strong>Patris,</strong></span> <span class='ocrx_word' id='word_1_398' title='bbox 661 4958 724 4998; x_wconf 85' lang='lat' dir='ltr'><strong>ea</strong></span> <span class='ocrx_word' id='word_1_399' title='bbox 745 4959 865 5013; x_wconf 86' lang='lat' dir='ltr'><strong>quae</strong></span> <span class='ocrx_word' id='word_1_400' title='bbox 885 4945 1029 5000; x_wconf 91' lang='lat' dir='ltr'><strong>illius</strong></span> <span class='ocrx_word' id='word_1_401' title='bbox 1047 4955 1169 5000; x_wconf 87' lang='lat' dir='ltr'><strong>sunt</strong></span> <span class='ocrx_word' id='word_1_402' title='bbox 1193 4946 1331 5001; x_wconf 90' lang='lat' dir='ltr'><strong>dico.</strong></span> <span class='ocrx_word' id='word_1_403' title='bbox 1351 4946 1470 5001; x_wconf 78' lang='lat' dir='ltr'><strong>Mea</strong></span> <span class='ocrx_word' id='word_1_404' title='bbox 1493 4947 1656 5010; x_wconf 87' lang='lat' dir='ltr'><strong>enim,</strong></span> <span class='ocrx_word' id='word_1_405' title='bbox 1685 4948 1876 5015; x_wconf 90' lang='lat' dir='ltr'><strong>inquit,</strong></span> 
     </span>
    </p>
   </div>
   <div class='ocr_carea' id='block_1_52' title="bbox 291 5036 1878 5108">
    <p class='ocr_par' dir='ltr' id='par_1_52' title="bbox 291 5036 1878 5108">
     <span class='ocr_line' id='line_1_52' title="bbox 291 5036 1878 5108; baseline 0 -16"><span class='ocrx_word' id='word_1_406' title='bbox 291 5052 385 5092; x_wconf 88' lang='lat' dir='ltr'><strong>tua</strong></span> <span class='ocrx_word' id='word_1_407' title='bbox 407 5047 547 5105; x_wconf 84' lang='lat' dir='ltr'><strong>sunt,</strong></span> <span class='ocrx_word' id='word_1_408' title='bbox 579 5047 627 5092; x_wconf 87' lang='lat' dir='ltr'><strong>et</strong></span> <span class='ocrx_word' id='word_1_409' title='bbox 653 5046 741 5091; x_wconf 90' lang='lat' dir='ltr'><strong>tua</strong></span> <span class='ocrx_word' id='word_1_410' title='bbox 759 5053 871 5091; x_wconf 89' lang='lat' dir='ltr'><strong>mea</strong></span> <span class='ocrx_word' id='word_1_411' title='bbox 895 5045 1012 5090; x_wconf 88' lang='lat' dir='ltr'><strong>sunt</strong></span> <span class='ocrx_word' id='word_1_412' title='bbox 1041 5036 1218 5108; x_wconf 78' lang='lat' dir='ltr'><strong>(Joan.</strong></span> <span class='ocrx_word' id='word_1_413' title='bbox 1246 5040 1332 5094; x_wconf 81' lang='lat' dir='ltr'><strong>l7.</strong></span> <span class='ocrx_word' id='word_1_414' title='bbox 1362 5038 1473 5106; x_wconf 70' lang='lat'><strong>10).</strong></span> <span class='ocrx_word' id='word_1_415' title='bbox 1501 5039 1578 5093; x_wconf 93' lang='lat' dir='ltr'><strong>Illi</strong></span> <span class='ocrx_word' id='word_1_416' title='bbox 1605 5039 1878 5093; x_wconf 84' lang='lat' dir='ltr'><strong>conservis</strong></span> 
     </span>
    </p>
   </div>
   <div class='ocr_carea' id='block_1_53' title="bbox 275 5128 1880 5208">
    <p class='ocr_par' dir='ltr' id='par_1_53' title="bbox 275 5128 1880 5208">
     <span class='ocr_line' id='line_1_53' title="bbox 275 5128 1880 5208; baseline 0 -22"><span class='ocrx_word' id='word_1_417' title='bbox 275 5133 467 5202; x_wconf 73' lang='lat' dir='ltr'><strong>legem</strong></span> <span class='ocrx_word' id='word_1_418' title='bbox 500 5130 774 5194; x_wconf 90' lang='lat' dir='ltr'><strong>ferebant,</strong></span> <span class='ocrx_word' id='word_1_419' title='bbox 809 5128 892 5184; x_wconf 91' lang='lat' dir='ltr'><strong>hic</strong></span> <span class='ocrx_word' id='word_1_420' title='bbox 920 5129 1091 5184; x_wconf 83' lang='lat' dir='ltr'><strong>servis</strong></span> <span class='ocrx_word' id='word_1_421' title='bbox 1127 5130 1255 5184; x_wconf 89' lang='lat' dir='ltr'><strong>suis.</strong></span> <span class='ocrx_word' id='word_1_422' title='bbox 1299 5131 1692 5208; x_wconf 78' lang='lat' dir='ltr'><strong>Interrogemus</strong></span> <span class='ocrx_word' id='word_1_423' title='bbox 1721 5131 1880 5201; x_wconf 87' lang='lat' dir='ltr'><strong>igitur</strong></span> 
     </span>
    </p>
   </div>
   <div class='ocr_carea' id='block_1_54' title="bbox 298 5219 1877 5292">
    <p class='ocr_par' dir='ltr' id='par_1_54' title="bbox 298 5219 1877 5292">
     <span class='ocr_line' id='line_1_54' title="bbox 298 5219 1877 5292; baseline -0.001 -14"><span class='ocrx_word' id='word_1_424' title='bbox 298 5238 397 5278; x_wconf 86' lang='lat' dir='ltr'><strong>eos</strong></span> <span class='ocrx_word' id='word_1_425' title='bbox 422 5222 511 5292; x_wconf 89' lang='lat' dir='ltr'><strong>qui</strong></span> <span class='ocrx_word' id='word_1_426' title='bbox 535 5233 771 5278; x_wconf 86' lang='lat' dir='ltr'><strong>veterem</strong></span> <span class='ocrx_word' id='word_1_427' title='bbox 802 5221 968 5290; x_wconf 85' lang='lat' dir='ltr'><strong>legem</strong></span> <span class='ocrx_word' id='word_1_428' title='bbox 997 5219 1308 5288; x_wconf 83' lang='lat' dir='ltr'><strong>explodunt.</strong></span> <span class='ocrx_word' id='word_1_429' title='bbox 1339 5219 1455 5276; x_wconf 87' lang='lat' dir='ltr'><strong>Non</strong></span> <span class='ocrx_word' id='word_1_430' title='bbox 1482 5219 1640 5277; x_wconf 73' lang='lat' dir='ltr'><strong>irasci</strong></span> <span class='ocrx_word' id='word_1_431' title='bbox 1679 5231 1738 5276; x_wconf 89' lang='lat' dir='ltr'><strong>et</strong></span> <span class='ocrx_word' id='word_1_432' title='bbox 1772 5237 1877 5277; x_wconf 86' lang='lat' dir='ltr'><strong>non</strong></span> 
     </span>
    </p>
   </div>
   <div class='ocr_carea' id='block_1_55' title="bbox 300 5312 1881 5381">
    <p class='ocr_par' dir='ltr' id='par_1_55' title="bbox 300 5312 1881 5381">
     <span class='ocr_line' id='line_1_55' title="bbox 300 5312 1881 5381; baseline -0.001 -12"><span class='ocrx_word' id='word_1_433' title='bbox 300 5314 544 5370; x_wconf 89' lang='lat' dir='ltr'><strong>occidere</strong></span> <span class='ocrx_word' id='word_1_434' title='bbox 569 5313 908 5369; x_wconf 85' lang='lat' dir='ltr'><strong>contrariane</strong></span> <span class='ocrx_word' id='word_1_435' title='bbox 930 5319 1076 5376; x_wconf 89' lang='lat' dir='ltr'><strong>sunt,</strong></span> <span class='ocrx_word' id='word_1_436' title='bbox 1103 5325 1278 5365; x_wconf 85' lang='lat' dir='ltr'><strong>annon</strong></span> <span class='ocrx_word' id='word_1_437' title='bbox 1305 5312 1480 5381; x_wconf 89' lang='lat' dir='ltr'><strong>potius</strong></span> <span class='ocrx_word' id='word_1_438' title='bbox 1507 5312 1608 5366; x_wconf 90' lang='lat' dir='ltr'><strong>hoc</strong></span> <span class='ocrx_word' id='word_1_439' title='bbox 1632 5312 1775 5367; x_wconf 92' lang='lat' dir='ltr'><strong>illius</strong></span> <span class='ocrx_word' id='word_1_440' title='bbox 1799 5324 1881 5368; x_wconf 87' lang='lat' dir='ltr'><strong>est</strong></span> 
     </span>
    </p>
   </div>
   <div class='ocr_carea' id='block_1_56' title="bbox 301 5401 1880 5476">
    <p class='ocr_par' dir='ltr' id='par_1_56' title="bbox 301 5401 1880 5476">
     <span class='ocr_line' id='line_1_56' title="bbox 301 5401 1880 5476; baseline 0 -18"><span class='ocrx_word' id='word_1_441' title='bbox 301 5405 562 5476; x_wconf 79' lang='lat' dir='ltr'><strong>perfectio</strong></span> <span class='ocrx_word' id='word_1_442' title='bbox 607 5414 662 5460; x_wconf 88' lang='lat' dir='ltr'><strong>et</strong></span> <span class='ocrx_word' id='word_1_443' title='bbox 703 5401 1196 5474; x_wconf 86' lang='lat' dir='ltr'><strong>complementum?</strong></span> <span class='ocrx_word' id='word_1_444' title='bbox 1240 5401 1419 5456; x_wconf 88' lang='lat' dir='ltr'><strong>Palam</strong></span> <span class='ocrx_word' id='word_1_445' title='bbox 1466 5412 1549 5457; x_wconf 91' lang='lat' dir='ltr'><strong>est</strong></span> <span class='ocrx_word' id='word_1_446' title='bbox 1595 5404 1697 5458; x_wconf 90' lang='lat' dir='ltr'><strong>hoc</strong></span> <span class='ocrx_word' id='word_1_447' title='bbox 1737 5404 1880 5459; x_wconf 87' lang='lat' dir='ltr'><strong>illius</strong></span> 
     </span>
    </p>
   </div>
   <div class='ocr_carea' id='block_1_57' title="bbox 305 5493 1880 5567">
    <p class='ocr_par' dir='ltr' id='par_1_57' title="bbox 305 5493 1880 5567">
     <span class='ocr_line' id='line_1_57' title="bbox 305 5493 1880 5567; baseline -0.001 -17"><span class='ocrx_word' id='word_1_448' title='bbox 305 5510 428 5551; x_wconf 86' lang='lat' dir='ltr'><strong>esse</strong></span> <span class='ocrx_word' id='word_1_449' title='bbox 447 5496 920 5567; x_wconf 86' lang='lat' dir='ltr'><strong>complementum,</strong></span> <span class='ocrx_word' id='word_1_450' title='bbox 940 5493 1168 5564; x_wconf 86' lang='lat' dir='ltr'><strong>ideoque</strong></span> <span class='ocrx_word' id='word_1_451' title='bbox 1187 5493 1380 5564; x_wconf 89' lang='lat' dir='ltr'><strong>majus.</strong></span> <span class='ocrx_word' id='word_1_452' title='bbox 1403 5493 1535 5550; x_wconf 84' lang='lat' dir='ltr'><strong>Nam</strong></span> <span class='ocrx_word' id='word_1_453' title='bbox 1556 5495 1648 5566; x_wconf 90' lang='lat' dir='ltr'><strong>qui</strong></span> <span class='ocrx_word' id='word_1_454' title='bbox 1669 5494 1724 5550; x_wconf 92' lang='lat' dir='ltr'><strong>in</strong></span> <span class='ocrx_word' id='word_1_455' title='bbox 1745 5495 1880 5550; x_wconf 89' lang='lat' dir='ltr'><strong>iram</strong></span> 
     </span>
    </p>
   </div>
   <div class='ocr_carea' id='block_1_58' title="bbox 382 5649 1891 5716">
    <p class='ocr_par' dir='ltr' id='par_1_58' title="bbox 382 5649 1891 5716">
     <span class='ocr_line' id='line_1_58' title="bbox 382 5649 1891 5716; baseline 0.003 -18"><span class='ocrx_word' id='word_1_456' title='bbox 382 5649 398 5681; x_wconf 79' lang='grc' dir='ltr'>ι</span> <span class='ocrx_word' id='word_1_457' title='bbox 422 5651 575 5716; x_wconf 66' lang='lat' dir='ltr'><strong>Juxta</strong></span> <span class='ocrx_word' id='word_1_458' title='bbox 594 5649 766 5699; x_wconf 80' lang='lat' dir='ltr'><strong>Morel.</strong></span> <span class='ocrx_word' id='word_1_459' title='bbox 787 5649 1442 5716; x_wconf 79' lang='lat' dir='ltr'><strong>legendum_esset,majora</strong></span> <span class='ocrx_word' id='word_1_460' title='bbox 1465 5650 1891 5716; x_wconf 63' lang='lat' dir='ltr'><strong>requirunturcer-</strong></span> 
     </span>
    </p>
   </div>
   <div class='ocr_carea' id='block_1_59' title="bbox 313 5710 1890 5776">
    <p class='ocr_par' dir='ltr' id='par_1_59' title="bbox 313 5710 1890 5776">
     <span class='ocr_line' id='line_1_59' title="bbox 313 5710 1890 5776; baseline 0.008 -24"><span class='ocrx_word' id='word_1_461' title='bbox 313 5710 513 5759; x_wconf 71' lang='lat' dir='ltr'><strong>tamine.</strong></span> <span class='ocrx_word' id='word_1_462' title='bbox 543 5710 933 5776; x_wconf 69' lang='lat' dir='ltr'><strong>litraqueleétio</strong></span> <span class='ocrx_word' id='word_1_463' title='bbox 951 5712 1192 5773; x_wconf 87' lang='lat' dir='ltr'><strong>quadrare</strong></span> <span class='ocrx_word' id='word_1_464' title='bbox 1217 5710 1390 5776; x_wconf 76' lang='lat' dir='ltr'><strong>posset</strong></span> <span class='ocrx_word' id='word_1_465' title='bbox 1412 5726 1441 5776; x_wconf 90' lang='lat'><strong>;_</strong></span> <span class='ocrx_word' id='word_1_466' title='bbox 1467 5710 1890 5776; x_wconf 18' lang='lat' dir='ltr'><strong>ve&#39;rumgSavjlia-</strong></span> 
     </span>
    </p>
   </div>
   <div class='ocr_carea' id='block_1_60' title="bbox 316 5771 1886 5842">
    <p class='ocr_par' dir='ltr' id='par_1_60' title="bbox 316 5771 1886 5842">
     <span class='ocr_line' id='line_1_60' title="bbox 316 5771 1886 5842; baseline 0.003 -23"><span class='ocrx_word' id='word_1_467' title='bbox 316 5782 428 5819; x_wconf 79' lang='lat' dir='ltr'><strong>nam</strong></span> <span class='ocrx_word' id='word_1_468' title='bbox 475 5771 622 5823; x_wconf 85' lang='lat' dir='ltr'><strong>nobis</strong></span> <span class='ocrx_word' id='word_1_469' title='bbox 652 5771 1040 5839; x_wconf 79' lang='lat' dir='ltr'><strong>amplectendam</strong></span> <span class='ocrx_word' id='word_1_470' title='bbox 1071 5787 1184 5826; x_wconf 85' lang='lat' dir='ltr'><strong>esse</strong></span> <span class='ocrx_word' id='word_1_471' title='bbox 1218 5771 1410 5824; x_wconf 73' lang='lat' dir='ltr'><strong>&#39;series</strong></span> <span class='ocrx_word' id='word_1_472' title='bbox 1431 5773 1886 5842; x_wconf 79' lang='lat' dir='ltr'><strong>ipsasuadet.Entr.</strong></span> 
     </span>
    </p>
   </div>
   <div class='ocr_carea' id='block_1_61' title="bbox 1416 325 2368 392">
    <p class='ocr_par' dir='ltr' id='par_1_61' title="bbox 1416 325 2368 392">
     <span class='ocr_line' id='line_1_61' title="bbox 1416 325 2368 392; baseline -0.001 -4"><span class='ocrx_word' id='word_1_473' title='bbox 1416 325 1482 389; x_wconf 76' lang='lat' dir='ltr'><strong>lN</strong></span> <span class='ocrx_word' id='word_1_474' title='bbox 1518 333 1923 392; x_wconf 68' lang='lat' dir='ltr'><strong>MATTIUEUH</strong></span> <span class='ocrx_word' id='word_1_475' title='bbox 1961 334 2191 389; x_wconf 80' lang='lat' dir='ltr'><strong>llOMlL.</strong></span> <span class='ocrx_word' id='word_1_476' title='bbox 2234 334 2368 390; x_wconf 72' lang='lat' dir='ltr'><strong>XVI.</strong></span> 
     </span>
    </p>
   </div>
   <div class='ocr_carea' id='block_1_62' title="bbox 3465 343 3570 399">
    <p class='ocr_par' dir='ltr' id='par_1_62' title="bbox 3465 343 3570 399">
     <span class='ocr_line' id='line_1_62' title="bbox 3465 343 3570 399; baseline -0.038 0"><span class='ocrx_word' id='word_1_477' title='bbox 3465 343 3570 399; x_wconf 70' lang='grc'><strong>246</strong></span> 
     </span>
    </p>
   </div>
   <div class='ocr_carea' id='block_1_63' title="bbox 1993 450 3568 527">
    <p class='ocr_par' dir='ltr' id='par_1_63' title="bbox 1993 450 3568 527">
     <span class='ocr_line' id='line_1_63' title="bbox 1993 450 3568 527; baseline 0.008 -27"><span class='ocrx_word' id='word_1_478' title='bbox 1993 464 2097 504; x_wconf 90' lang='lat' dir='ltr'><strong>non</strong></span> <span class='ocrx_word' id='word_1_479' title='bbox 2119 451 2436 515; x_wconf 88' lang='lat' dir='ltr'><strong>concitatur,</strong></span> <span class='ocrx_word' id='word_1_480' title='bbox 2461 450 2629 504; x_wconf 91' lang='lat' dir='ltr'><strong>multo</strong></span> <span class='ocrx_word' id='word_1_481' title='bbox 2653 451 2819 520; x_wconf 83' lang='lat' dir='ltr'><strong>magis</strong></span> <span class='ocrx_word' id='word_1_482' title='bbox 2842 465 2872 505; x_wconf 89' lang='lat' dir='ltr'><strong>a</strong></span> <span class='ocrx_word' id='word_1_483' title='bbox 2897 451 3043 506; x_wconf 77' lang='lat' dir='ltr'><strong>caule</strong></span> <span class='ocrx_word' id='word_1_484' title='bbox 3061 453 3345 510; x_wconf 86' lang='lat' dir='ltr'><strong>abstinebit</strong></span> <span class='ocrx_word' id='word_1_485' title='bbox 3371 474 3383 510; x_wconf 87' lang='lat'><strong>:</strong></span> <span class='ocrx_word' id='word_1_486' title='bbox 3405 466 3459 512; x_wconf 90' lang='lat' dir='ltr'><strong>et</strong></span> <span class='ocrx_word' id='word_1_487' title='bbox 3478 459 3568 527; x_wconf 89' lang='lat' dir='ltr'><strong>qui</strong></span> 
     </span>
    </p>
   </div>
   <div class='ocr_carea' id='block_1_64' title="bbox 1985 539 3568 613">
    <p class='ocr_par' dir='ltr' id='par_1_64' title="bbox 1985 539 3568 613">
     <span class='ocr_line' id='line_1_64' title="bbox 1985 539 3568 613; baseline 0.007 -20"><span class='ocrx_word' id='word_1_488' title='bbox 1985 539 2116 594; x_wconf 90' lang='lat' dir='ltr'><strong>iram</strong></span> <span class='ocrx_word' id='word_1_489' title='bbox 2163 539 2376 606; x_wconf 89' lang='lat' dir='ltr'><strong>frenat,</strong></span> <span class='ocrx_word' id='word_1_490' title='bbox 2427 543 2596 597; x_wconf 91' lang='lat' dir='ltr'><strong>multo</strong></span> <span class='ocrx_word' id='word_1_491' title='bbox 2643 543 2811 613; x_wconf 88' lang='lat' dir='ltr'><strong>magis</strong></span> <span class='ocrx_word' id='word_1_492' title='bbox 2857 557 3045 598; x_wconf 88' lang='lat' dir='ltr'><strong>manus</strong></span> <span class='ocrx_word' id='word_1_493' title='bbox 3089 546 3362 602; x_wconf 86' lang='lat' dir='ltr'><strong>retinebit.</strong></span> <span class='ocrx_word' id='word_1_494' title='bbox 3392 548 3568 604; x_wconf 77' lang='lat' dir='ltr'><strong>Radix</strong></span> 
     </span>
    </p>
   </div>
   <div class='ocr_carea' id='block_1_65' title="bbox 1971 632 3570 706">
    <p class='ocr_par' dir='ltr' id='par_1_65' title="bbox 1971 632 3570 706">
     <span class='ocr_line' id='line_1_65' title="bbox 1971 632 3570 706; baseline 0.006 -21"><span class='ocrx_word' id='word_1_495' title='bbox 1971 632 2124 704; x_wconf 83' lang='lat' dir='ltr'><strong>enim</strong></span> <span class='ocrx_word' id='word_1_496' title='bbox 2152 633 2344 696; x_wconf 87' lang='lat' dir='ltr'><strong>caedis,</strong></span> <span class='ocrx_word' id='word_1_497' title='bbox 2375 633 2475 687; x_wconf 91' lang='lat' dir='ltr'><strong>ira.</strong></span> <span class='ocrx_word' id='word_1_498' title='bbox 2505 634 2604 701; x_wconf 89' lang='lat' dir='ltr'><strong>Qui</strong></span> <span class='ocrx_word' id='word_1_499' title='bbox 2635 649 2764 705; x_wconf 88' lang='lat' dir='ltr'><strong>ergo</strong></span> <span class='ocrx_word' id='word_1_500' title='bbox 2789 634 3029 690; x_wconf 91' lang='lat' dir='ltr'><strong>radicem</strong></span> <span class='ocrx_word' id='word_1_501' title='bbox 3061 638 3324 693; x_wconf 84' lang='lat' dir='ltr'><strong>exscindit</strong></span> <span class='ocrx_word' id='word_1_502' title='bbox 3350 680 3366 706; x_wconf 91' lang='lat'><strong>,</strong></span> <span class='ocrx_word' id='word_1_503' title='bbox 3400 641 3570 697; x_wconf 87' lang='lat' dir='ltr'><strong>multo</strong></span> 
     </span>
    </p>
   </div>
   <div class='ocr_carea' id='block_1_66' title="bbox 1982 723 3470 798">
    <p class='ocr_par' dir='ltr' id='par_1_66' title="bbox 1982 723 3470 798">
     <span class='ocr_line' id='line_1_66' title="bbox 1982 723 3470 798; baseline 0.005 -22"><span class='ocrx_word' id='word_1_504' title='bbox 1982 723 2150 793; x_wconf 88' lang='lat' dir='ltr'><strong>magis</strong></span> <span class='ocrx_word' id='word_1_505' title='bbox 2175 738 2353 779; x_wconf 89' lang='lat' dir='ltr'><strong>ramos</strong></span> <span class='ocrx_word' id='word_1_506' title='bbox 2376 724 2580 780; x_wconf 86' lang='lat' dir='ltr'><strong>auferet</strong></span> <span class='ocrx_word' id='word_1_507' title='bbox 2606 743 2618 778; x_wconf 91' lang='lat'>:</span> <span class='ocrx_word' id='word_1_508' title='bbox 2645 728 2753 780; x_wconf 87' lang='lat' dir='ltr'><strong>into</strong></span> <span class='ocrx_word' id='word_1_509' title='bbox 2779 741 2906 781; x_wconf 90' lang='lat' dir='ltr'><strong>vero</strong></span> <span class='ocrx_word' id='word_1_510' title='bbox 2933 743 3103 798; x_wconf 90' lang='lat' dir='ltr'><strong>neque</strong></span> <span class='ocrx_word' id='word_1_511' title='bbox 3132 730 3277 784; x_wconf 89' lang='lat' dir='ltr'><strong>nasci</strong></span> <span class='ocrx_word' id='word_1_512' title='bbox 3308 731 3470 786; x_wconf 90' lang='lat' dir='ltr'><strong>sinet.</strong></span> 
     </span>
    </p>
   </div>
   <div class='ocr_carea' id='block_1_67' title="bbox 2052 813 3567 888">
    <p class='ocr_par' dir='ltr' id='par_1_67' title="bbox 2052 813 3567 888">
     <span class='ocr_line' id='line_1_67' title="bbox 2052 813 3567 888; baseline 0.006 -19"><span class='ocrx_word' id='word_1_513' title='bbox 2052 813 2105 869; x_wconf 83' lang='lat'><strong>6.</strong></span> <span class='ocrx_word' id='word_1_514' title='bbox 2133 813 2241 868; x_wconf 84' lang='lat' dir='ltr'><strong>Lex</strong></span> <span class='ocrx_word' id='word_1_515' title='bbox 2259 824 2396 870; x_wconf 87' lang='lat' dir='ltr'><strong>vetus</strong></span> <span class='ocrx_word' id='word_1_516' title='bbox 2417 817 2648 884; x_wconf 80' lang='lat' dir='ltr'><strong>ﬁrmatur</strong></span> <span class='ocrx_word' id='word_1_517' title='bbox 2668 817 2964 888; x_wconf 83' lang='lat' dir='ltr'><strong>Evangelia.</strong></span> <span class='ocrx_word' id='word_1_518' title='bbox 2991 818 3198 875; x_wconf 81' lang='lat' dir='ltr'><strong>Creator</strong></span> <span class='ocrx_word' id='word_1_519' title='bbox 3227 823 3402 876; x_wconf 84' lang='lat' dir='ltr'><strong>mundi</strong></span> <span class='ocrx_word' id='word_1_520' title='bbox 3419 822 3567 878; x_wconf 82' lang='lat' dir='ltr'><strong>Citri-</strong></span> 
     </span>
    </p>
   </div>
   <div class='ocr_carea' id='block_1_68' title="bbox 1979 904 3566 981">
    <p class='ocr_par' dir='ltr' id='par_1_68' title="bbox 1979 904 3566 981">
     <span class='ocr_line' id='line_1_68' title="bbox 1979 904 3566 981; baseline 0.006 -22"><span class='ocrx_word' id='word_1_521' title='bbox 1979 914 2056 959; x_wconf 90' lang='lat' dir='ltr'><strong>sto</strong></span> <span class='ocrx_word' id='word_1_522' title='bbox 2080 905 2133 959; x_wconf 89' lang='lat' dir='ltr'><strong>in</strong></span> <span class='ocrx_word' id='word_1_523' title='bbox 2163 904 2371 961; x_wconf 85' lang='lat' dir='ltr'><strong>Patrem</strong></span> <span class='ocrx_word' id='word_1_524' title='bbox 2395 907 2696 962; x_wconf 86' lang='lat' dir='ltr'><strong>vindicatur.</strong></span> <span class='ocrx_word' id='word_1_525' title='bbox 2725 907 2793 964; x_wconf 88' lang='lat' dir='ltr'><strong>In</strong></span> <span class='ocrx_word' id='word_1_526' title='bbox 2818 910 2925 981; x_wconf 85' lang='lat' dir='ltr'><strong>lege</strong></span> <span class='ocrx_word' id='word_1_527' title='bbox 2949 913 3098 966; x_wconf 84' lang='lat' dir='ltr'><strong>veteri</strong></span> <span class='ocrx_word' id='word_1_528' title='bbox 3126 930 3227 968; x_wconf 89' lang='lat' dir='ltr'><strong>non</strong></span> <span class='ocrx_word' id='word_1_529' title='bbox 3251 923 3323 967; x_wconf 79' lang='lat' dir='ltr'><strong>est</strong></span> <span class='ocrx_word' id='word_1_530' title='bbox 3347 915 3566 969; x_wconf 88' lang='lat' dir='ltr'><strong>crudeli-</strong></span> 
     </span>
    </p>
   </div>
   <div class='ocr_carea' id='block_1_69' title="bbox 1981 995 3569 1077">
    <p class='ocr_par' dir='ltr' id='par_1_69' title="bbox 1981 995 3569 1077">
     <span class='ocr_line' id='line_1_69' title="bbox 1981 995 3569 1077; baseline 0.009 -31"><span class='ocrx_word' id='word_1_531' title='bbox 1981 1004 2076 1049; x_wconf 85' lang='lat' dir='ltr'><strong>tas.</strong></span> <span class='ocrx_word' id='word_1_532' title='bbox 2106 995 2214 1050; x_wconf 86' lang='lat' dir='ltr'><strong>Lex</strong></span> <span class='ocrx_word' id='word_1_533' title='bbox 2230 1013 2344 1068; x_wconf 78' lang='lat' dir='ltr'><strong>qua:</strong></span> <span class='ocrx_word' id='word_1_534' title='bbox 2362 999 2548 1052; x_wconf 86' lang='lat' dir='ltr'><strong>scelera</strong></span> <span class='ocrx_word' id='word_1_535' title='bbox 2571 1000 2752 1068; x_wconf 86' lang='lat' dir='ltr'><strong>plectat</strong></span> <span class='ocrx_word' id='word_1_536' title='bbox 2772 1004 3052 1056; x_wconf 85' lang='lat' dir='ltr'><strong>necessaria</strong></span> <span class='ocrx_word' id='word_1_537' title='bbox 3071 1013 3162 1058; x_wconf 87' lang='lat' dir='ltr'><strong>est.</strong></span> <span class='ocrx_word' id='word_1_538' title='bbox 3185 1036 3255 1044; x_wconf 93' lang='lat'><strong><em>—</em></strong></span> <span class='ocrx_word' id='word_1_539' title='bbox 3269 1005 3383 1060; x_wconf 87' lang='lat' dir='ltr'><strong>Non</strong></span> <span class='ocrx_word' id='word_1_540' title='bbox 3407 1007 3569 1077; x_wconf 82' lang='lat' dir='ltr'><strong>igitur</strong></span> 
     </span>
    </p>
   </div>
   <div class='ocr_carea' id='block_1_70' title="bbox 1981 1076 3643 1170">
    <p class='ocr_par' dir='ltr' id='par_1_70' title="bbox 1981 1076 3643 1170">
     <span class='ocr_line' id='line_1_70' title="bbox 1981 1076 3643 1170; baseline 0.011 -32"><span class='ocrx_word' id='word_1_541' title='bbox 1981 1085 2046 1139; x_wconf 91' lang='lat' dir='ltr'><strong>ad</strong></span> <span class='ocrx_word' id='word_1_542' title='bbox 2072 1085 2204 1156; x_wconf 83' lang='lat' dir='ltr'><strong>legis</strong></span> <span class='ocrx_word' id='word_1_543' title='bbox 2230 1087 2649 1158; x_wconf 86' lang='lat' dir='ltr'><strong>abrogationem,</strong></span> <span class='ocrx_word' id='word_1_544' title='bbox 2680 1091 2772 1146; x_wconf 88' lang='lat' dir='ltr'><strong>sed</strong></span> <span class='ocrx_word' id='word_1_545' title='bbox 2801 1091 2867 1147; x_wconf 88' lang='lat' dir='ltr'><strong>ad</strong></span> <span class='ocrx_word' id='word_1_546' title='bbox 2889 1093 3145 1162; x_wconf 84' lang='lat' dir='ltr'><strong>majorem</strong></span> <span class='ocrx_word' id='word_1_547' title='bbox 3169 1076 3568 1169; x_wconf 86' lang='lat' dir='ltr'><strong>facilioremque</strong></span> 
     </span>
    </p>
   </div>
   <div class='ocr_carea' id='block_1_71' title="bbox 1979 1179 3567 1254">
    <p class='ocr_par' dir='ltr' id='par_1_71' title="bbox 1979 1179 3567 1254">
     <span class='ocr_line' id='line_1_71' title="bbox 1979 1179 3567 1254; baseline 0.012 -26"><span class='ocrx_word' id='word_1_548' title='bbox 1979 1180 2093 1246; x_wconf 83' lang='lat' dir='ltr'><strong>ejus</strong></span> <span class='ocrx_word' id='word_1_549' title='bbox 2119 1179 2410 1234; x_wconf 89' lang='lat' dir='ltr'><strong>custodiam</strong></span> <span class='ocrx_word' id='word_1_550' title='bbox 2431 1219 2447 1245; x_wconf 90' lang='lat'><strong>,</strong></span> <span class='ocrx_word' id='word_1_551' title='bbox 2479 1179 2574 1235; x_wconf 89' lang='lat' dir='ltr'><strong>has</strong></span> <span class='ocrx_word' id='word_1_552' title='bbox 2601 1181 2858 1237; x_wconf 80' lang='lat' dir='ltr'><strong>afferebat</strong></span> <span class='ocrx_word' id='word_1_553' title='bbox 2886 1184 3050 1254; x_wconf 87' lang='lat' dir='ltr'><strong>leges.</strong></span> <span class='ocrx_word' id='word_1_554' title='bbox 3077 1186 3211 1253; x_wconf 85' lang='lat' dir='ltr'><strong>Quid</strong></span> <span class='ocrx_word' id='word_1_555' title='bbox 3242 1190 3384 1243; x_wconf 90' lang='lat' dir='ltr'><strong>enim</strong></span> <span class='ocrx_word' id='word_1_556' title='bbox 3415 1192 3567 1246; x_wconf 88' lang='lat' dir='ltr'><strong>vole-</strong></span> 
     </span>
    </p>
   </div>
   <div class='ocr_carea' id='block_1_72' title="bbox 1981 1267 3570 1353">
    <p class='ocr_par' dir='ltr' id='par_1_72' title="bbox 1981 1267 3570 1353">
     <span class='ocr_line' id='line_1_72' title="bbox 1981 1267 3570 1353; baseline 0.011 -31"><span class='ocrx_word' id='word_1_557' title='bbox 1981 1267 2070 1323; x_wconf 84' lang='lat' dir='ltr'><strong>bat</strong></span> <span class='ocrx_word' id='word_1_558' title='bbox 2100 1270 2182 1325; x_wconf 90' lang='lat' dir='ltr'><strong>lex</strong></span> <span class='ocrx_word' id='word_1_559' title='bbox 2207 1285 2327 1326; x_wconf 89' lang='lat' dir='ltr'><strong>cum</strong></span> <span class='ocrx_word' id='word_1_560' title='bbox 2359 1272 2472 1327; x_wconf 65' lang='lat' dir='ltr'><strong>haec</strong></span> <span class='ocrx_word' id='word_1_561' title='bbox 2503 1275 2849 1343; x_wconf 80' lang='lat' dir='ltr'><strong>praeciperet?</strong></span> <span class='ocrx_word' id='word_1_562' title='bbox 2896 1278 3088 1332; x_wconf 83' lang='lat' dir='ltr'><strong>Annon</strong></span> <span class='ocrx_word' id='word_1_563' title='bbox 3116 1289 3173 1333; x_wconf 92' lang='lat' dir='ltr'><strong>ut</strong></span> <span class='ocrx_word' id='word_1_564' title='bbox 3202 1295 3361 1336; x_wconf 90' lang='lat' dir='ltr'><strong>nemo</strong></span> <span class='ocrx_word' id='word_1_565' title='bbox 3390 1285 3570 1353; x_wconf 89' lang='lat' dir='ltr'><strong>proxi-</strong></span> 
     </span>
    </p>
   </div>
   <div class='ocr_carea' id='block_1_73' title="bbox 1981 1365 3568 1446">
    <p class='ocr_par' dir='ltr' id='par_1_73' title="bbox 1981 1365 3568 1446">
     <span class='ocr_line' id='line_1_73' title="bbox 1981 1365 3568 1446; baseline 0.011 -34"><span class='ocrx_word' id='word_1_566' title='bbox 1981 1375 2126 1414; x_wconf 92' lang='lat' dir='ltr'><strong>mum</strong></span> <span class='ocrx_word' id='word_1_567' title='bbox 2172 1377 2327 1417; x_wconf 92' lang='lat' dir='ltr'><strong>suum</strong></span> <span class='ocrx_word' id='word_1_568' title='bbox 2381 1365 2696 1420; x_wconf 88' lang='lat' dir='ltr'><strong>occideret?</strong></span> <span class='ocrx_word' id='word_1_569' title='bbox 2762 1366 2924 1436; x_wconf 85' lang='lat' dir='ltr'><strong>igitur</strong></span> <span class='ocrx_word' id='word_1_570' title='bbox 2971 1369 3390 1440; x_wconf 89' lang='lat' dir='ltr'><strong>impugnatorem</strong></span> <span class='ocrx_word' id='word_1_571' title='bbox 3436 1375 3568 1446; x_wconf 88' lang='lat' dir='ltr'><strong>legis</strong></span> 
     </span>
    </p>
   </div>
   <div class='ocr_carea' id='block_1_74' title="bbox 1982 1448 3564 1525">
    <p class='ocr_par' dir='ltr' id='par_1_74' title="bbox 1982 1448 3564 1525">
     <span class='ocr_line' id='line_1_74' title="bbox 1982 1448 3564 1525; baseline 0.011 -23"><span class='ocrx_word' id='word_1_572' title='bbox 1982 1448 2262 1507; x_wconf 91' lang='lat' dir='ltr'><strong>homicidia</strong></span> <span class='ocrx_word' id='word_1_573' title='bbox 2289 1464 2598 1522; x_wconf 86' lang='lat' dir='ltr'><strong>oportuerat</strong></span> <span class='ocrx_word' id='word_1_574' title='bbox 2623 1456 2885 1525; x_wconf 91' lang='lat' dir='ltr'><strong>imperare</strong></span> <span class='ocrx_word' id='word_1_575' title='bbox 2915 1477 2927 1510; x_wconf 93' lang='lat'>:</span> <span class='ocrx_word' id='word_1_576' title='bbox 2958 1475 3080 1513; x_wconf 87' lang='lat' dir='ltr'><strong>nam</strong></span> <span class='ocrx_word' id='word_1_577' title='bbox 3108 1463 3356 1520; x_wconf 88' lang='lat' dir='ltr'><strong>occidere</strong></span> <span class='ocrx_word' id='word_1_578' title='bbox 3380 1474 3435 1520; x_wconf 91' lang='lat' dir='ltr'><strong>et</strong></span> <span class='ocrx_word' id='word_1_579' title='bbox 3459 1481 3564 1520; x_wconf 88' lang='lat' dir='ltr'><strong>non</strong></span> 
     </span>
    </p>
   </div>
   <div class='ocr_carea' id='block_1_75' title="bbox 1979 1541 3565 1625">
    <p class='ocr_par' dir='ltr' id='par_1_75' title="bbox 1979 1541 3565 1625">
     <span class='ocr_line' id='line_1_75' title="bbox 1979 1541 3565 1625; baseline 0.013 -33"><span class='ocrx_word' id='word_1_580' title='bbox 1979 1541 2224 1597; x_wconf 89' lang='lat' dir='ltr'><strong>occidere</strong></span> <span class='ocrx_word' id='word_1_581' title='bbox 2269 1545 2534 1600; x_wconf 86' lang='lat' dir='ltr'><strong>contraria</strong></span> <span class='ocrx_word' id='word_1_582' title='bbox 2580 1557 2735 1611; x_wconf 90' lang='lat' dir='ltr'><strong>sunt;</strong></span> <span class='ocrx_word' id='word_1_583' title='bbox 2787 1551 2830 1603; x_wconf 90' lang='lat' dir='ltr'><strong>si</strong></span> <span class='ocrx_word' id='word_1_584' title='bbox 2878 1564 3004 1603; x_wconf 89' lang='lat' dir='ltr'><strong>vero</strong></span> <span class='ocrx_word' id='word_1_585' title='bbox 3046 1567 3115 1606; x_wconf 90' lang='lat' dir='ltr'><strong>ne</strong></span> <span class='ocrx_word' id='word_1_586' title='bbox 3157 1553 3314 1609; x_wconf 88' lang='lat' dir='ltr'><strong>irasci</strong></span> <span class='ocrx_word' id='word_1_587' title='bbox 3351 1557 3565 1625; x_wconf 86' lang='lat' dir='ltr'><strong>quidem</strong></span> 
     </span>
    </p>
   </div>
   <div class='ocr_carea' id='block_1_76' title="bbox 1979 1634 3563 1712">
    <p class='ocr_par' dir='ltr' id='par_1_76' title="bbox 1979 1634 3563 1712">
     <span class='ocr_line' id='line_1_76' title="bbox 1979 1634 3563 1712; baseline 0.011 -27"><span class='ocrx_word' id='word_1_588' title='bbox 1979 1634 2285 1701; x_wconf 87' lang='lat' dir='ltr'><strong>permittat,</strong></span> <span class='ocrx_word' id='word_1_589' title='bbox 2323 1635 2454 1690; x_wconf 91' lang='lat' dir='ltr'><strong>illud</strong></span> <span class='ocrx_word' id='word_1_590' title='bbox 2499 1637 2785 1706; x_wconf 88' lang='lat' dir='ltr'><strong>perfectius</strong></span> <span class='ocrx_word' id='word_1_591' title='bbox 2812 1642 2996 1696; x_wconf 88' lang='lat' dir='ltr'><strong>statuit</strong></span> <span class='ocrx_word' id='word_1_592' title='bbox 3036 1644 3178 1712; x_wconf 88' lang='lat' dir='ltr'><strong>quod</strong></span> <span class='ocrx_word' id='word_1_593' title='bbox 3218 1645 3302 1699; x_wconf 85' lang='lat' dir='ltr'><strong>lex</strong></span> <span class='ocrx_word' id='word_1_594' title='bbox 3333 1647 3563 1702; x_wconf 85' lang='lat' dir='ltr'><strong>volebat.</strong></span> 
     </span>
    </p>
   </div>
   <div class='ocr_carea' id='block_1_77' title="bbox 1978 1726 3568 1805">
    <p class='ocr_par' dir='ltr' id='par_1_77' title="bbox 1978 1726 3568 1805">
     <span class='ocr_line' id='line_1_77' title="bbox 1978 1726 3568 1805; baseline 0.01 -26"><span class='ocrx_word' id='word_1_595' title='bbox 1978 1726 2091 1782; x_wconf 85' lang='lat' dir='ltr'><strong>Non</strong></span> <span class='ocrx_word' id='word_1_596' title='bbox 2116 1729 2256 1782; x_wconf 87' lang='lat' dir='ltr'><strong>enim</strong></span> <span class='ocrx_word' id='word_1_597' title='bbox 2277 1729 2498 1800; x_wconf 88' lang='lat' dir='ltr'><strong>perinde</strong></span> <span class='ocrx_word' id='word_1_598' title='bbox 2524 1732 2812 1788; x_wconf 90' lang='lat' dir='ltr'><strong>abstinebit</strong></span> <span class='ocrx_word' id='word_1_599' title='bbox 2829 1749 2859 1788; x_wconf 87' lang='lat' dir='ltr'><strong>a</strong></span> <span class='ocrx_word' id='word_1_600' title='bbox 2881 1734 3046 1798; x_wconf 81' lang='lat' dir='ltr'><strong>caede,</strong></span> <span class='ocrx_word' id='word_1_601' title='bbox 3073 1737 3161 1805; x_wconf 90' lang='lat' dir='ltr'><strong>qui</strong></span> <span class='ocrx_word' id='word_1_602' title='bbox 3190 1751 3294 1791; x_wconf 89' lang='lat' dir='ltr'><strong>non</strong></span> <span class='ocrx_word' id='word_1_603' title='bbox 3321 1739 3568 1795; x_wconf 90' lang='lat' dir='ltr'><strong>occidere</strong></span> 
     </span>
    </p>
   </div>
   <div class='ocr_carea' id='block_1_78' title="bbox 1978 1818 3566 1900">
    <p class='ocr_par' dir='ltr' id='par_1_78' title="bbox 1978 1818 3566 1900">
     <span class='ocr_line' id='line_1_78' title="bbox 1978 1818 3566 1900; baseline 0.008 -29"><span class='ocrx_word' id='word_1_604' title='bbox 1978 1818 2297 1887; x_wconf 87' lang='lat' dir='ltr'><strong>meditatur,</strong></span> <span class='ocrx_word' id='word_1_605' title='bbox 2329 1833 2488 1892; x_wconf 89' lang='lat' dir='ltr'><strong>atque</strong></span> <span class='ocrx_word' id='word_1_606' title='bbox 2530 1824 2617 1878; x_wconf 91' lang='lat' dir='ltr'><strong>ille</strong></span> <span class='ocrx_word' id='word_1_607' title='bbox 2657 1825 2746 1892; x_wconf 91' lang='lat' dir='ltr'><strong>qui</strong></span> <span class='ocrx_word' id='word_1_608' title='bbox 2789 1826 2918 1878; x_wconf 89' lang='lat' dir='ltr'><strong>iram</strong></span> <span class='ocrx_word' id='word_1_609' title='bbox 2963 1828 3211 1892; x_wconf 69' lang='lat' dir='ltr'><strong>Sttstttlil,</strong></span> <span class='ocrx_word' id='word_1_610' title='bbox 3245 1829 3329 1883; x_wconf 92' lang='lat' dir='ltr'><strong>hic</strong></span> <span class='ocrx_word' id='word_1_611' title='bbox 3370 1831 3566 1900; x_wconf 89' lang='lat' dir='ltr'><strong>quippe</strong></span> 
     </span>
    </p>
   </div>
   <div class='ocr_carea' id='block_1_79' title="bbox 1979 1912 3566 1981">
    <p class='ocr_par' dir='ltr' id='par_1_79' title="bbox 1979 1912 3566 1981">
     <span class='ocr_line' id='line_1_79' title="bbox 1979 1912 3566 1981; baseline 0.006 -18"><span class='ocrx_word' id='word_1_612' title='bbox 1979 1912 2188 1981; x_wconf 86' lang='lat' dir='ltr'><strong>longius</strong></span> <span class='ocrx_word' id='word_1_613' title='bbox 2214 1912 2364 1967; x_wconf 75' lang='lat' dir='ltr'><strong>abest</strong></span> <span class='ocrx_word' id='word_1_614' title='bbox 2389 1930 2416 1966; x_wconf 89' lang='lat' dir='ltr'><strong>a</strong></span> <span class='ocrx_word' id='word_1_615' title='bbox 2447 1915 2536 1969; x_wconf 91' lang='lat' dir='ltr'><strong>tali</strong></span> <span class='ocrx_word' id='word_1_616' title='bbox 2563 1917 2815 1972; x_wconf 85' lang='lat' dir='ltr'><strong>facinore.</strong></span> <span class='ocrx_word' id='word_1_617' title='bbox 2849 1917 2913 1973; x_wconf 89' lang='lat' dir='ltr'><strong>Ut</strong></span> <span class='ocrx_word' id='word_1_618' title='bbox 2939 1928 3114 1972; x_wconf 88' lang='lat' dir='ltr'><strong>autem</strong></span> <span class='ocrx_word' id='word_1_619' title='bbox 3141 1921 3257 1974; x_wconf 91' lang='lat' dir='ltr'><strong>illos</strong></span> <span class='ocrx_word' id='word_1_620' title='bbox 3277 1922 3383 1975; x_wconf 89' lang='lat' dir='ltr'><strong>alio</strong></span> <span class='ocrx_word' id='word_1_621' title='bbox 3405 1923 3566 1977; x_wconf 86' lang='lat' dir='ltr'><strong>modo</strong></span> 
     </span>
    </p>
   </div>
   <div class='ocr_carea' id='block_1_80' title="bbox 1977 2010 3559 2082">
    <p class='ocr_par' dir='ltr' id='par_1_80' title="bbox 1977 2010 3559 2082">
     <span class='ocr_line' id='line_1_80' title="bbox 1977 2010 3559 2082; baseline 0.006 -19"><span class='ocrx_word' id='word_1_622' title='bbox 1977 2010 2342 2075; x_wconf 88' lang='lat' dir='ltr'><strong>conl&#39;utemus,</strong></span> <span class='ocrx_word' id='word_1_623' title='bbox 2375 2026 2436 2064; x_wconf 90' lang='lat' dir='ltr'><strong>ea</strong></span> <span class='ocrx_word' id='word_1_624' title='bbox 2466 2028 2586 2082; x_wconf 67' lang='lat' dir='ltr'><strong>quae</strong></span> <span class='ocrx_word' id='word_1_625' title='bbox 2623 2014 2805 2068; x_wconf 90' lang='lat' dir='ltr'><strong>dicunt</strong></span> <span class='ocrx_word' id='word_1_626' title='bbox 2843 2014 3173 2082; x_wconf 85' lang='lat' dir='ltr'><strong>proferamus</strong></span> <span class='ocrx_word' id='word_1_627' title='bbox 3213 2017 3264 2070; x_wconf 93' lang='lat' dir='ltr'><strong>in</strong></span> <span class='ocrx_word' id='word_1_628' title='bbox 3308 2018 3559 2072; x_wconf 87' lang='lat' dir='ltr'><strong>medium.</strong></span> 
     </span>
    </p>
   </div>
   <div class='ocr_carea' id='block_1_81' title="bbox 1933 2103 3565 2181">
    <p class='ocr_par' dir='ltr' id='par_1_81' title="bbox 1933 2103 3565 2181">
     <span class='ocr_line' id='line_1_81' title="bbox 1933 2103 3565 2181; baseline 0.004 -23"><span class='ocrx_word' id='word_1_629' title='bbox 1933 2106 1938 2110; x_wconf 84' lang='grc'><strong>’</strong></span> <span class='ocrx_word' id='word_1_630' title='bbox 1978 2103 2232 2170; x_wconf 65' lang='lat' dir='ltr'><strong>Quasnam</strong></span> <span class='ocrx_word' id='word_1_631' title='bbox 2261 2105 2447 2160; x_wconf 83' lang='lat' dir='ltr'><strong>dicunt</strong></span> <span class='ocrx_word' id='word_1_632' title='bbox 2472 2107 2668 2177; x_wconf 86' lang='lat' dir='ltr'><strong>igitur?</strong></span> <span class='ocrx_word' id='word_1_633' title='bbox 2695 2108 2859 2163; x_wconf 90' lang='lat' dir='ltr'><strong>Deum</strong></span> <span class='ocrx_word' id='word_1_634' title='bbox 2886 2109 2975 2178; x_wconf 92' lang='lat' dir='ltr'><strong>qui</strong></span> <span class='ocrx_word' id='word_1_635' title='bbox 3007 2109 3260 2164; x_wconf 87' lang='lat' dir='ltr'><strong>mundqu</strong></span> <span class='ocrx_word' id='word_1_636' title='bbox 3291 2110 3445 2176; x_wconf 87' lang='lat' dir='ltr'><strong>fecit,</strong></span> <span class='ocrx_word' id='word_1_637' title='bbox 3476 2113 3565 2181; x_wconf 88' lang='lat' dir='ltr'><strong>qui</strong></span> 
     </span>
    </p>
   </div>
   <div class='ocr_carea' id='block_1_82' title="bbox 1958 2195 3568 2269">
    <p class='ocr_par' dir='ltr' id='par_1_82' title="bbox 1958 2195 3568 2269">
     <span class='ocr_line' id='line_1_82' title="bbox 1958 2195 3568 2269; baseline 0.004 -21"><span class='ocrx_word' id='word_1_638' title='bbox 1958 2195 2146 2249; x_wconf 81' lang='lat' dir='ltr'><strong>solem</strong></span> <span class='ocrx_word' id='word_1_639' title='bbox 2173 2195 2302 2249; x_wconf 92' lang='lat' dir='ltr'><strong>oriri</strong></span> <span class='ocrx_word' id='word_1_640' title='bbox 2334 2195 2458 2250; x_wconf 85' lang='lat' dir='ltr'><strong>facit</strong></span> <span class='ocrx_word' id='word_1_641' title='bbox 2482 2211 2644 2265; x_wconf 89' lang='lat' dir='ltr'><strong>super</strong></span> <span class='ocrx_word' id='word_1_642' title='bbox 2671 2196 2882 2267; x_wconf 91' lang='lat' dir='ltr'><strong>iniquos</strong></span> <span class='ocrx_word' id='word_1_643' title='bbox 2908 2206 2963 2252; x_wconf 91' lang='lat' dir='ltr'><strong>et</strong></span> <span class='ocrx_word' id='word_1_644' title='bbox 2987 2198 3177 2263; x_wconf 90' lang='lat' dir='ltr'><strong>bonos,</strong></span> <span class='ocrx_word' id='word_1_645' title='bbox 3206 2201 3294 2268; x_wconf 92' lang='lat' dir='ltr'><strong>qui</strong></span> <span class='ocrx_word' id='word_1_646' title='bbox 3323 2200 3454 2269; x_wconf 90' lang='lat' dir='ltr'><strong>pluit</strong></span> <span class='ocrx_word' id='word_1_647' title='bbox 3477 2215 3568 2255; x_wconf 88' lang='lat' dir='ltr'><strong>su-</strong></span> 
     </span>
    </p>
   </div>
   <div class='ocr_carea' id='block_1_83' title="bbox 1980 2287 3562 2360">
    <p class='ocr_par' dir='ltr' id='par_1_83' title="bbox 1980 2287 3562 2360">
     <span class='ocr_line' id='line_1_83' title="bbox 1980 2287 3562 2360; baseline 0.002 -20"><span class='ocrx_word' id='word_1_648' title='bbox 1980 2301 2074 2350; x_wconf 83' lang='lat' dir='ltr'><strong>per</strong></span> <span class='ocrx_word' id='word_1_649' title='bbox 2111 2287 2283 2352; x_wconf 83' lang='lat' dir='ltr'><strong>justus</strong></span> <span class='ocrx_word' id='word_1_650' title='bbox 2313 2298 2366 2340; x_wconf 92' lang='lat' dir='ltr'><strong>et.</strong></span> <span class='ocrx_word' id='word_1_651' title='bbox 2407 2288 2630 2355; x_wconf 90' lang='lat' dir='ltr'><strong>injustos</strong></span> <span class='ocrx_word' id='word_1_652' title='bbox 2654 2292 2676 2360; x_wconf 89' lang='lat'><strong>(</strong></span> <span class='ocrx_word' id='word_1_653' title='bbox 2703 2289 2886 2342; x_wconf 84' lang='lat' dir='ltr'><strong>Matth.</strong></span> <span class='ocrx_word' id='word_1_654' title='bbox 2915 2290 2969 2344; x_wconf 86' lang='lat'><strong>5.</strong></span> <span class='ocrx_word' id='word_1_655' title='bbox 2999 2290 3109 2360; x_wconf 72' lang='lat'><strong>45)</strong></span> <span class='ocrx_word' id='word_1_656' title='bbox 3137 2332 3151 2354; x_wconf 86' lang='lat'><strong>,</strong></span> <span class='ocrx_word' id='word_1_657' title='bbox 3191 2305 3313 2345; x_wconf 88' lang='lat' dir='ltr'><strong>esse</strong></span> <span class='ocrx_word' id='word_1_658' title='bbox 3343 2292 3562 2345; x_wconf 86' lang='lat' dir='ltr'><strong>malum.</strong></span> 
     </span>
    </p>
   </div>
   <div class='ocr_carea' id='block_1_84' title="bbox 1978 2377 3562 2456">
    <p class='ocr_par' dir='ltr' id='par_1_84' title="bbox 1978 2377 3562 2456">
     <span class='ocr_line' id='line_1_84' title="bbox 1978 2377 3562 2456; baseline 0.009 -30"><span class='ocrx_word' id='word_1_659' title='bbox 1978 2377 2076 2444; x_wconf 87' lang='lat' dir='ltr'><strong>Qui</strong></span> <span class='ocrx_word' id='word_1_660' title='bbox 2106 2393 2232 2432; x_wconf 89' lang='lat' dir='ltr'><strong>vero</strong></span> <span class='ocrx_word' id='word_1_661' title='bbox 2257 2378 2644 2434; x_wconf 88' lang='lat' dir='ltr'><strong>moderatiores</strong></span> <span class='ocrx_word' id='word_1_662' title='bbox 2666 2381 2804 2449; x_wconf 88' lang='lat' dir='ltr'><strong>apud</strong></span> <span class='ocrx_word' id='word_1_663' title='bbox 2831 2380 2948 2435; x_wconf 91' lang='lat' dir='ltr'><strong>illos</strong></span> <span class='ocrx_word' id='word_1_664' title='bbox 2971 2391 3098 2436; x_wconf 86' lang='lat' dir='ltr'><strong>sunt</strong></span> <span class='ocrx_word' id='word_1_665' title='bbox 3124 2382 3226 2438; x_wconf 91' lang='lat' dir='ltr'><strong>hoc</strong></span> <span class='ocrx_word' id='word_1_666' title='bbox 3251 2385 3562 2456; x_wconf 87' lang='lat' dir='ltr'><strong>repudiant;</strong></span> 
     </span>
    </p>
   </div>
   <div class='ocr_carea' id='block_1_85' title="bbox 1979 2469 3562 2541">
    <p class='ocr_par' dir='ltr' id='par_1_85' title="bbox 1979 2469 3562 2541">
     <span class='ocr_line' id='line_1_85' title="bbox 1979 2469 3562 2541; baseline 0.009 -20"><span class='ocrx_word' id='word_1_667' title='bbox 1979 2469 2104 2522; x_wconf 89' lang='lat' dir='ltr'><strong>dum</strong></span> <span class='ocrx_word' id='word_1_668' title='bbox 2133 2479 2309 2524; x_wconf 90' lang='lat' dir='ltr'><strong>autem</strong></span> <span class='ocrx_word' id='word_1_669' title='bbox 2341 2470 2523 2524; x_wconf 86' lang='lat' dir='ltr'><strong>dicunt</strong></span> <span class='ocrx_word' id='word_1_670' title='bbox 2553 2469 2697 2525; x_wconf 86' lang='lat' dir='ltr'><strong>illum</strong></span> <span class='ocrx_word' id='word_1_671' title='bbox 2730 2486 2849 2526; x_wconf 90' lang='lat' dir='ltr'><strong>esse</strong></span> <span class='ocrx_word' id='word_1_672' title='bbox 2880 2473 3082 2541; x_wconf 87' lang='lat' dir='ltr'><strong>jttstum</strong></span> <span class='ocrx_word' id='word_1_673' title='bbox 3110 2516 3125 2540; x_wconf 97' lang='lat'><strong>,</strong></span> <span class='ocrx_word' id='word_1_674' title='bbox 3159 2475 3353 2532; x_wconf 89' lang='lat' dir='ltr'><strong>bonum</strong></span> <span class='ocrx_word' id='word_1_675' title='bbox 3386 2487 3562 2535; x_wconf 84' lang='lat' dir='ltr'><strong>tamen</strong></span> 
     </span>
    </p>
   </div>
   <div class='ocr_carea' id='block_1_86' title="bbox 1978 2561 3566 2635">
    <p class='ocr_par' dir='ltr' id='par_1_86' title="bbox 1978 2561 3566 2635">
     <span class='ocr_line' id='line_1_86' title="bbox 1978 2561 3566 2635; baseline 0.008 -23"><span class='ocrx_word' id='word_1_676' title='bbox 1978 2574 2099 2615; x_wconf 91' lang='lat' dir='ltr'><strong>csse</strong></span> <span class='ocrx_word' id='word_1_677' title='bbox 2130 2571 2339 2628; x_wconf 87' lang='lat' dir='ltr'><strong>negant.</strong></span> <span class='ocrx_word' id='word_1_678' title='bbox 2392 2561 2566 2614; x_wconf 87' lang='lat' dir='ltr'><strong>Alium</strong></span> <span class='ocrx_word' id='word_1_679' title='bbox 2605 2577 2734 2616; x_wconf 86' lang='lat' dir='ltr'><strong>vero</strong></span> <span class='ocrx_word' id='word_1_680' title='bbox 2763 2563 3045 2631; x_wconf 86' lang='lat' dir='ltr'><strong>quemdam</strong></span> <span class='ocrx_word' id='word_1_681' title='bbox 3070 2607 3083 2626; x_wconf 88' lang='lat'><strong>.</strong></span> <span class='ocrx_word' id='word_1_682' title='bbox 3117 2567 3204 2635; x_wconf 86' lang='lat' dir='ltr'><strong>qui</strong></span> <span class='ocrx_word' id='word_1_683' title='bbox 3235 2583 3359 2624; x_wconf 77' lang='lat' dir='ltr'><strong>vere</strong></span> <span class='ocrx_word' id='word_1_684' title='bbox 3388 2571 3566 2626; x_wconf 87' lang='lat' dir='ltr'><strong>nullus</strong></span> 
     </span>
    </p>
   </div>
   <div class='ocr_carea' id='block_1_87' title="bbox 1980 2651 3560 2720">
    <p class='ocr_par' dir='ltr' id='par_1_87' title="bbox 1980 2651 3560 2720">
     <span class='ocr_line' id='line_1_87' title="bbox 1980 2651 3560 2720; baseline 0.006 -15"><span class='ocrx_word' id='word_1_685' title='bbox 1980 2661 2082 2715; x_wconf 85' lang='lat' dir='ltr'><strong>est,</strong></span> <span class='ocrx_word' id='word_1_686' title='bbox 2107 2661 2154 2704; x_wconf 87' lang='lat' dir='ltr'><strong>et</strong></span> <span class='ocrx_word' id='word_1_687' title='bbox 2185 2651 2273 2720; x_wconf 91' lang='lat' dir='ltr'><strong>qui</strong></span> <span class='ocrx_word' id='word_1_688' title='bbox 2297 2651 2425 2706; x_wconf 91' lang='lat' dir='ltr'><strong>nihil</strong></span> <span class='ocrx_word' id='word_1_689' title='bbox 2447 2653 2666 2717; x_wconf 88' lang='lat' dir='ltr'><strong>ereavit,</strong></span> <span class='ocrx_word' id='word_1_690' title='bbox 2689 2651 2902 2707; x_wconf 87' lang='lat' dir='ltr'><strong>Christo</strong></span> <span class='ocrx_word' id='word_1_691' title='bbox 2922 2654 3049 2708; x_wconf 90' lang='lat' dir='ltr'><strong>dant</strong></span> <span class='ocrx_word' id='word_1_692' title='bbox 3071 2655 3302 2711; x_wconf 88' lang='lat' dir='ltr'><strong>Patrem.</strong></span> <span class='ocrx_word' id='word_1_693' title='bbox 3328 2658 3396 2712; x_wconf 90' lang='lat' dir='ltr'><strong>Et</strong></span> <span class='ocrx_word' id='word_1_694' title='bbox 3415 2659 3560 2715; x_wconf 89' lang='lat' dir='ltr'><strong>illum</strong></span> 
     </span>
    </p>
   </div>
   <div class='ocr_carea' id='block_1_88' title="bbox 1978 2742 3564 2816">
    <p class='ocr_par' dir='ltr' id='par_1_88' title="bbox 1978 2742 3564 2816">
     <span class='ocr_line' id='line_1_88' title="bbox 1978 2742 3564 2816; baseline 0.005 -20"><span class='ocrx_word' id='word_1_695' title='bbox 1978 2742 2192 2813; x_wconf 90' lang='lat' dir='ltr'><strong>quidem</strong></span> <span class='ocrx_word' id='word_1_696' title='bbox 2221 2759 2324 2799; x_wconf 86' lang='lat' dir='ltr'><strong>non</strong></span> <span class='ocrx_word' id='word_1_697' title='bbox 2357 2745 2554 2798; x_wconf 84' lang='lat' dir='ltr'><strong>bonum</strong></span> <span class='ocrx_word' id='word_1_698' title='bbox 2593 2745 2643 2798; x_wconf 91' lang='lat' dir='ltr'><strong>in</strong></span> <span class='ocrx_word' id='word_1_699' title='bbox 2673 2744 2830 2799; x_wconf 89' lang='lat' dir='ltr'><strong>rebus</strong></span> <span class='ocrx_word' id='word_1_700' title='bbox 2859 2745 2923 2800; x_wconf 87' lang='lat' dir='ltr'><strong>:td</strong></span> <span class='ocrx_word' id='word_1_701' title='bbox 2953 2761 3011 2800; x_wconf 92' lang='lat' dir='ltr'><strong>se</strong></span> <span class='ocrx_word' id='word_1_702' title='bbox 3042 2749 3423 2816; x_wconf 87' lang='lat' dir='ltr'><strong>pertinentibus</strong></span> <span class='ocrx_word' id='word_1_703' title='bbox 3453 2768 3564 2805; x_wconf 83' lang='lat' dir='ltr'><strong>ma-</strong></span> 
     </span>
    </p>
   </div>
   <div class='ocr_carea' id='block_1_89' title="bbox 1978 2835 3561 2898">
    <p class='ocr_par' dir='ltr' id='par_1_89' title="bbox 1978 2835 3561 2898">
     <span class='ocr_line' id='line_1_89' title="bbox 1978 2835 3561 2898; baseline 0.006 -10"><span class='ocrx_word' id='word_1_704' title='bbox 1978 2850 2146 2897; x_wconf 88' lang='lat' dir='ltr'><strong>nere,</strong></span> <span class='ocrx_word' id='word_1_705' title='bbox 2192 2845 2245 2888; x_wconf 89' lang='lat' dir='ltr'><strong>et</strong></span> <span class='ocrx_word' id='word_1_706' title='bbox 2289 2851 2381 2888; x_wconf 89' lang='lat' dir='ltr'><strong>sua</strong></span> <span class='ocrx_word' id='word_1_707' title='bbox 2425 2848 2743 2890; x_wconf 89' lang='lat' dir='ltr'><strong>conservare</strong></span> <span class='ocrx_word' id='word_1_708' title='bbox 2788 2835 2971 2890; x_wconf 89' lang='lat' dir='ltr'><strong>dicunt</strong></span> <span class='ocrx_word' id='word_1_709' title='bbox 3000 2855 3014 2890; x_wconf 88' lang='lat'><strong><em>:</em></strong></span> <span class='ocrx_word' id='word_1_710' title='bbox 3042 2839 3239 2893; x_wconf 89' lang='lat' dir='ltr'><strong>bonum</strong></span> <span class='ocrx_word' id='word_1_711' title='bbox 3286 2851 3464 2895; x_wconf 84' lang='lat' dir='ltr'><strong>autem</strong></span> <span class='ocrx_word' id='word_1_712' title='bbox 3508 2844 3561 2898; x_wconf 90' lang='lat' dir='ltr'><strong>in</strong></span> 
     </span>
    </p>
   </div>
   <div class='ocr_carea' id='block_1_90' title="bbox 1977 2928 3572 3001">
    <p class='ocr_par' dir='ltr' id='par_1_90' title="bbox 1977 2928 3572 3001">
     <span class='ocr_line' id='line_1_90' title="bbox 1977 2928 3572 3001; baseline 0.009 -23"><span class='ocrx_word' id='word_1_713' title='bbox 1977 2928 2146 2981; x_wconf 83' lang='lat' dir='ltr'><strong>aliena</strong></span> <span class='ocrx_word' id='word_1_714' title='bbox 2177 2929 2380 2983; x_wconf 90' lang='lat' dir='ltr'><strong>irruere</strong></span> <span class='ocrx_word' id='word_1_715' title='bbox 2401 2971 2414 2990; x_wconf 86' lang='lat'><strong>.</strong></span> <span class='ocrx_word' id='word_1_716' title='bbox 2445 2943 2736 2998; x_wconf 83' lang='lat' dir='ltr'><strong>eorumque</strong></span> <span class='ocrx_word' id='word_1_717' title='bbox 2761 2971 2774 2992; x_wconf 86' lang='lat'><strong>,</strong></span> <span class='ocrx_word' id='word_1_718' title='bbox 2803 2946 3028 2998; x_wconf 90' lang='lat' dir='ltr'><strong>quorum</strong></span> <span class='ocrx_word' id='word_1_719' title='bbox 3068 2932 3182 3001; x_wconf 89' lang='lat' dir='ltr'><strong>ipse</strong></span> <span class='ocrx_word' id='word_1_720' title='bbox 3216 2943 3426 2989; x_wconf 89' lang='lat' dir='ltr'><strong>creator</strong></span> <span class='ocrx_word' id='word_1_721' title='bbox 3453 2951 3572 2992; x_wconf 76' lang='lat' dir='ltr'><strong>non.</strong></span> 
     </span>
    </p>
   </div>
   <div class='ocr_carea' id='block_1_91' title="bbox 1979 3011 3574 3086">
    <p class='ocr_par' dir='ltr' id='par_1_91' title="bbox 1979 3011 3574 3086">
     <span class='ocr_line' id='line_1_91' title="bbox 1979 3011 3574 3086; baseline 0.008 -16"><span class='ocrx_word' id='word_1_722' title='bbox 1979 3027 2091 3078; x_wconf 86' lang='lat' dir='ltr'><strong>est.</strong></span> <span class='ocrx_word' id='word_1_723' title='bbox 2127 3029 2347 3086; x_wconf 90' lang='lat' dir='ltr'><strong>repente</strong></span> <span class='ocrx_word' id='word_1_724' title='bbox 2375 3020 2514 3074; x_wconf 84' lang='lat' dir='ltr'><strong>velle</strong></span> <span class='ocrx_word' id='word_1_725' title='bbox 2550 3031 2877 3075; x_wconf 84' lang='lat' dir='ltr'><strong>servatorem</strong></span> <span class='ocrx_word' id='word_1_726' title='bbox 2907 3037 3049 3077; x_wconf 88' lang='lat' dir='ltr'><strong>esse.</strong></span> <span class='ocrx_word' id='word_1_727' title='bbox 3096 3023 3338 3080; x_wconf 81' lang='lat' dir='ltr'><strong>Vidistin’</strong></span> <span class='ocrx_word' id='word_1_728' title='bbox 3365 3011 3574 3084; x_wconf 28' lang='lat' dir='ltr'><strong>diaboli-</strong></span> 
     </span>
    </p>
   </div>
   <div class='ocr_carea' id='block_1_92' title="bbox 1979 3107 3560 3186">
    <p class='ocr_par' dir='ltr' id='par_1_92' title="bbox 1979 3107 3560 3186">
     <span class='ocr_line' id='line_1_92' title="bbox 1979 3107 3560 3186; baseline 0.008 -26"><span class='ocrx_word' id='word_1_729' title='bbox 1979 3107 2154 3173; x_wconf 82' lang='lat' dir='ltr'><strong>filios,</strong></span> <span class='ocrx_word' id='word_1_730' title='bbox 2200 3109 2468 3178; x_wconf 87' lang='lat' dir='ltr'><strong>quomodo</strong></span> <span class='ocrx_word' id='word_1_731' title='bbox 2511 3125 2576 3164; x_wconf 84' lang='lat' dir='ltr'><strong>ex</strong></span> <span class='ocrx_word' id='word_1_732' title='bbox 2623 3111 2786 3178; x_wconf 86' lang='lat' dir='ltr'><strong>patris</strong></span> <span class='ocrx_word' id='word_1_733' title='bbox 2831 3111 2912 3166; x_wconf 92' lang='lat' dir='ltr'><strong>sui</strong></span> <span class='ocrx_word' id='word_1_734' title='bbox 2956 3112 3190 3168; x_wconf 88' lang='lat' dir='ltr'><strong>fontibus</strong></span> <span class='ocrx_word' id='word_1_735' title='bbox 3237 3116 3560 3186; x_wconf 85' lang='lat' dir='ltr'><strong>loquantur,</strong></span> 
     </span>
    </p>
   </div>
   <div class='ocr_carea' id='block_1_93' title="bbox 1977 3201 3560 3268">
    <p class='ocr_par' dir='ltr' id='par_1_93' title="bbox 1977 3201 3560 3268">
     <span class='ocr_line' id='line_1_93' title="bbox 1977 3201 3560 3268; baseline 0.007 -16"><span class='ocrx_word' id='word_1_736' title='bbox 1977 3201 2189 3268; x_wconf 82' lang='lat' dir='ltr'><strong>quando</strong></span> <span class='ocrx_word' id='word_1_737' title='bbox 2213 3201 2536 3256; x_wconf 83' lang='lat' dir='ltr'><strong>creationem</strong></span> <span class='ocrx_word' id='word_1_738' title='bbox 2559 3218 2587 3255; x_wconf 91' lang='lat' dir='ltr'><strong>a</strong></span> <span class='ocrx_word' id='word_1_739' title='bbox 2623 3202 2730 3255; x_wconf 88' lang='lat' dir='ltr'><strong>Deo</strong></span> <span class='ocrx_word' id='word_1_740' title='bbox 2757 3204 3012 3266; x_wconf 88' lang='lat' dir='ltr'><strong>alienant,</strong></span> <span class='ocrx_word' id='word_1_741' title='bbox 3043 3220 3164 3258; x_wconf 91' lang='lat' dir='ltr'><strong>eum</strong></span> <span class='ocrx_word' id='word_1_742' title='bbox 3195 3217 3369 3263; x_wconf 90' lang='lat' dir='ltr'><strong>tamen</strong></span> <span class='ocrx_word' id='word_1_743' title='bbox 3393 3209 3560 3263; x_wconf 84' lang='lat' dir='ltr'><strong>Joan-</strong></span> 
     </span>
    </p>
   </div>
   <div class='ocr_carea' id='block_1_94' title="bbox 1979 3291 3562 3371">
    <p class='ocr_par' dir='ltr' id='par_1_94' title="bbox 1979 3291 3562 3371">
     <span class='ocr_line' id='line_1_94' title="bbox 1979 3291 3562 3371; baseline 0.008 -27"><span class='ocrx_word' id='word_1_744' title='bbox 1979 3307 2074 3346; x_wconf 80' lang='lat' dir='ltr'><strong>nes</strong></span> <span class='ocrx_word' id='word_1_745' title='bbox 2099 3293 2293 3346; x_wconf 86' lang='lat' dir='ltr'><strong>clamet</strong></span> <span class='ocrx_word' id='word_1_746' title='bbox 2321 3311 2332 3343; x_wconf 94' lang='lat'><strong>:</strong></span> <span class='ocrx_word' id='word_1_747' title='bbox 2366 3291 2429 3344; x_wconf 83' lang='lat' dir='ltr'><strong>In</strong></span> <span class='ocrx_word' id='word_1_748' title='bbox 2461 3294 2668 3362; x_wconf 85' lang='lat' dir='ltr'><strong>propria</strong></span> <span class='ocrx_word' id='word_1_749' title='bbox 2707 3295 2872 3356; x_wconf 85' lang='lat' dir='ltr'><strong>venit,</strong></span> <span class='ocrx_word' id='word_1_750' title='bbox 2917 3301 2970 3345; x_wconf 92' lang='lat' dir='ltr'><strong>et</strong></span> <span class='ocrx_word' id='word_1_751' title='bbox 3000 3291 3227 3352; x_wconf 80' lang='lat' dir='ltr'><strong>Mundus</strong></span> <span class='ocrx_word' id='word_1_752' title='bbox 3268 3315 3359 3367; x_wconf 86' lang='lat' dir='ltr'><strong>per</strong></span> <span class='ocrx_word' id='word_1_753' title='bbox 3393 3301 3562 3371; x_wconf 87' lang='lat' dir='ltr'><strong>ipsum</strong></span> 
     </span>
    </p>
   </div>
   <div class='ocr_carea' id='block_1_95' title="bbox 1979 3383 3563 3456">
    <p class='ocr_par' dir='ltr' id='par_1_95' title="bbox 1979 3383 3563 3456">
     <span class='ocr_line' id='line_1_95' title="bbox 1979 3383 3563 3456; baseline 0.008 -21"><span class='ocrx_word' id='word_1_754' title='bbox 1979 3387 2144 3453; x_wconf 81' lang='lat' dir='ltr'><strong>factus</strong></span> <span class='ocrx_word' id='word_1_755' title='bbox 2171 3395 2243 3436; x_wconf 77' lang='lat' dir='ltr'><strong>est</strong></span> <span class='ocrx_word' id='word_1_756' title='bbox 2270 3386 2288 3451; x_wconf 86' lang='lat'>(</span> <span class='ocrx_word' id='word_1_757' title='bbox 2309 3383 2464 3438; x_wconf 86' lang='lat' dir='ltr'><strong>Joan.</strong></span> <span class='ocrx_word' id='word_1_758' title='bbox 2502 3387 2552 3439; x_wconf 87' lang='lat' dir='ltr'><strong>l.</strong></span> <span class='ocrx_word' id='word_1_759' title='bbox 2585 3385 2642 3438; x_wconf 88' lang='lat' dir='ltr'><strong>ll</strong></span> <span class='ocrx_word' id='word_1_760' title='bbox 2673 3383 2737 3450; x_wconf 91' lang='lat'><strong>)?</strong></span> <span class='ocrx_word' id='word_1_761' title='bbox 2768 3385 2967 3440; x_wconf 92' lang='lat' dir='ltr'><strong>Deinde</strong></span> <span class='ocrx_word' id='word_1_762' title='bbox 2994 3386 3166 3456; x_wconf 85' lang='lat' dir='ltr'><strong>legem</strong></span> <span class='ocrx_word' id='word_1_763' title='bbox 3195 3392 3563 3448; x_wconf 86' lang='lat' dir='ltr'><strong>examinantes</strong></span> 
     </span>
    </p>
   </div>
   <div class='ocr_carea' id='block_1_96' title="bbox 1980 3477 3562 3552">
    <p class='ocr_par' dir='ltr' id='par_1_96' title="bbox 1980 3477 3562 3552">
     <span class='ocr_line' id='line_1_96' title="bbox 1980 3477 3562 3552; baseline 0.006 -24"><span class='ocrx_word' id='word_1_764' title='bbox 1980 3487 2213 3532; x_wconf 81' lang='lat' dir='ltr'><strong>veterem</strong></span> <span class='ocrx_word' id='word_1_765' title='bbox 2235 3515 2250 3539; x_wconf 86' lang='lat'><strong>,</strong></span> <span class='ocrx_word' id='word_1_766' title='bbox 2276 3492 2378 3545; x_wconf 90' lang='lat' dir='ltr'><strong>qua</strong></span> <span class='ocrx_word' id='word_1_767' title='bbox 2403 3477 2623 3546; x_wconf 86' lang='lat' dir='ltr'><strong>jubetur</strong></span> <span class='ocrx_word' id='word_1_768' title='bbox 2644 3477 2857 3530; x_wconf 86' lang='lat' dir='ltr'><strong>oculum</strong></span> <span class='ocrx_word' id='word_1_769' title='bbox 2887 3493 2982 3545; x_wconf 92' lang='lat' dir='ltr'><strong>pro</strong></span> <span class='ocrx_word' id='word_1_770' title='bbox 3008 3478 3162 3532; x_wconf 91' lang='lat' dir='ltr'><strong>oculo</strong></span> <span class='ocrx_word' id='word_1_771' title='bbox 3186 3519 3199 3543; x_wconf 87' lang='lat'><strong>,</strong></span> <span class='ocrx_word' id='word_1_772' title='bbox 3225 3480 3440 3538; x_wconf 90' lang='lat' dir='ltr'><strong>dentem</strong></span> <span class='ocrx_word' id='word_1_773' title='bbox 3467 3499 3562 3552; x_wconf 87' lang='lat' dir='ltr'><strong>pro</strong></span> 
     </span>
    </p>
   </div>
   <div class='ocr_carea' id='block_1_97' title="bbox 1977 3568 3559 3643">
    <p class='ocr_par' dir='ltr' id='par_1_97' title="bbox 1977 3568 3559 3643">
     <span class='ocr_line' id='line_1_97' title="bbox 1977 3568 3559 3643; baseline 0.003 -21"><span class='ocrx_word' id='word_1_774' title='bbox 1977 3569 2138 3624; x_wconf 87' lang='lat' dir='ltr'><strong>dente</strong></span> <span class='ocrx_word' id='word_1_775' title='bbox 2166 3568 2340 3633; x_wconf 85' lang='lat' dir='ltr'><strong>evelli,</strong></span> <span class='ocrx_word' id='word_1_776' title='bbox 2372 3569 2549 3622; x_wconf 88' lang='lat' dir='ltr'><strong>statim</strong></span> <span class='ocrx_word' id='word_1_777' title='bbox 2583 3572 2882 3638; x_wconf 87' lang='lat' dir='ltr'><strong>irrumpunt</strong></span> <span class='ocrx_word' id='word_1_778' title='bbox 2905 3578 2960 3623; x_wconf 88' lang='lat' dir='ltr'><strong>et</strong></span> <span class='ocrx_word' id='word_1_779' title='bbox 2985 3571 3168 3626; x_wconf 90' lang='lat' dir='ltr'><strong>dicunt</strong></span> <span class='ocrx_word' id='word_1_780' title='bbox 3197 3589 3211 3624; x_wconf 92' lang='lat'>:</span> <span class='ocrx_word' id='word_1_781' title='bbox 3243 3572 3311 3627; x_wconf 85' lang='lat' dir='ltr'><strong>Et</strong></span> <span class='ocrx_word' id='word_1_782' title='bbox 3335 3589 3559 3643; x_wconf 82' lang='lat' dir='ltr'><strong>quomo-</strong></span> 
     </span>
    </p>
   </div>
   <div class='ocr_carea' id='block_1_98' title="bbox 1975 3663 3560 3739">
    <p class='ocr_par' dir='ltr' id='par_1_98' title="bbox 1975 3663 3560 3739">
     <span class='ocr_line' id='line_1_98' title="bbox 1975 3663 3560 3739; baseline 0.005 -22"><span class='ocrx_word' id='word_1_783' title='bbox 1975 3663 2045 3717; x_wconf 89' lang='lat' dir='ltr'><strong>do</strong></span> <span class='ocrx_word' id='word_1_784' title='bbox 2072 3665 2237 3732; x_wconf 86' lang='lat' dir='ltr'><strong>possit</strong></span> <span class='ocrx_word' id='word_1_785' title='bbox 2266 3664 2310 3718; x_wconf 91' lang='lat' dir='ltr'><strong>is</strong></span> <span class='ocrx_word' id='word_1_786' title='bbox 2339 3663 2428 3734; x_wconf 90' lang='lat' dir='ltr'><strong>qui</strong></span> <span class='ocrx_word' id='word_1_787' title='bbox 2455 3663 2568 3718; x_wconf 70' lang='lat' dir='ltr'><strong>haec</strong></span> <span class='ocrx_word' id='word_1_788' title='bbox 2593 3663 2740 3727; x_wconf 88' lang='lat' dir='ltr'><strong>dicit,</strong></span> <span class='ocrx_word' id='word_1_789' title='bbox 2770 3679 2890 3720; x_wconf 85' lang='lat' dir='ltr'><strong>esse</strong></span> <span class='ocrx_word' id='word_1_790' title='bbox 2919 3664 3126 3722; x_wconf 91' lang='lat' dir='ltr'><strong>bonus?</strong></span> <span class='ocrx_word' id='word_1_791' title='bbox 3151 3665 3285 3735; x_wconf 90' lang='lat' dir='ltr'><strong>Quid</strong></span> <span class='ocrx_word' id='word_1_792' title='bbox 3313 3668 3471 3739; x_wconf 88' lang='lat' dir='ltr'><strong>igitur</strong></span> <span class='ocrx_word' id='word_1_793' title='bbox 3492 3671 3560 3725; x_wconf 88' lang='lat' dir='ltr'><strong>ad</strong></span> 
     </span>
    </p>
   </div>
   <div class='ocr_carea' id='block_1_99' title="bbox 1979 3753 3559 3829">
    <p class='ocr_par' dir='ltr' id='par_1_99' title="bbox 1979 3753 3559 3829">
     <span class='ocr_line' id='line_1_99' title="bbox 1979 3753 3559 3829; baseline 0.005 -23"><span class='ocrx_word' id='word_1_794' title='bbox 1979 3753 2094 3809; x_wconf 68' lang='lat' dir='ltr'><strong>haec</strong></span> <span class='ocrx_word' id='word_1_795' title='bbox 2115 3754 2391 3809; x_wconf 83' lang='lat' dir='ltr'><strong>dicamus?</strong></span> <span class='ocrx_word' id='word_1_796' title='bbox 2422 3754 2570 3810; x_wconf 89' lang='lat' dir='ltr'><strong>Hanc</strong></span> <span class='ocrx_word' id='word_1_797' title='bbox 2606 3757 2892 3810; x_wconf 83' lang='lat' dir='ltr'><strong>maximam</strong></span> <span class='ocrx_word' id='word_1_798' title='bbox 2923 3773 3042 3811; x_wconf 87' lang='lat' dir='ltr'><strong>esse</strong></span> <span class='ocrx_word' id='word_1_799' title='bbox 3072 3757 3409 3828; x_wconf 88' lang='lat' dir='ltr'><strong>benignitatis</strong></span> <span class='ocrx_word' id='word_1_800' title='bbox 3433 3774 3559 3829; x_wconf 89' lang='lat' dir='ltr'><strong>spe-</strong></span> 
     </span>
    </p>
   </div>
   <div class='ocr_carea' id='block_1_100' title="bbox 1977 3846 3564 3915">
    <p class='ocr_par' dir='ltr' id='par_1_100' title="bbox 1977 3846 3564 3915">
     <span class='ocr_line' id='line_1_100' title="bbox 1977 3846 3564 3915; baseline 0.004 -15"><span class='ocrx_word' id='word_1_801' title='bbox 1977 3848 2134 3901; x_wconf 90' lang='lat' dir='ltr'><strong>ciem.</strong></span> <span class='ocrx_word' id='word_1_802' title='bbox 2163 3846 2276 3900; x_wconf 84' lang='lat' dir='ltr'><strong>Non</strong></span> <span class='ocrx_word' id='word_1_803' title='bbox 2305 3847 2446 3900; x_wconf 88' lang='lat' dir='ltr'><strong>enim</strong></span> <span class='ocrx_word' id='word_1_804' title='bbox 2471 3856 2528 3900; x_wconf 93' lang='lat' dir='ltr'><strong>ut</strong></span> <span class='ocrx_word' id='word_1_805' title='bbox 2553 3861 2649 3901; x_wconf 91' lang='lat' dir='ltr'><strong>nos</strong></span> <span class='ocrx_word' id='word_1_806' title='bbox 2670 3849 2902 3902; x_wconf 85' lang='lat' dir='ltr'><strong>vicissim</strong></span> <span class='ocrx_word' id='word_1_807' title='bbox 2924 3849 3108 3903; x_wconf 88' lang='lat' dir='ltr'><strong>oculos</strong></span> <span class='ocrx_word' id='word_1_808' title='bbox 3130 3865 3397 3915; x_wconf 86' lang='lat' dir='ltr'><strong>eruamus,</strong></span> <span class='ocrx_word' id='word_1_809' title='bbox 3425 3851 3564 3907; x_wconf 86' lang='lat' dir='ltr'><strong>hanc</strong></span> 
     </span>
    </p>
   </div>
   <div class='ocr_carea' id='block_1_101' title="bbox 1979 3938 3558 4009">
    <p class='ocr_par' dir='ltr' id='par_1_101' title="bbox 1979 3938 3558 4009">
     <span class='ocr_line' id='line_1_101' title="bbox 1979 3938 3558 4009; baseline 0.005 -20"><span class='ocrx_word' id='word_1_810' title='bbox 1979 3939 2154 4007; x_wconf 85' lang='lat' dir='ltr'><strong>posuit</strong></span> <span class='ocrx_word' id='word_1_811' title='bbox 2199 3938 2400 4007; x_wconf 88' lang='lat' dir='ltr'><strong>legem;</strong></span> <span class='ocrx_word' id='word_1_812' title='bbox 2443 3938 2534 3990; x_wconf 90' lang='lat' dir='ltr'><strong>sed</strong></span> <span class='ocrx_word' id='word_1_813' title='bbox 2567 3947 2624 3990; x_wconf 90' lang='lat' dir='ltr'><strong>ut</strong></span> <span class='ocrx_word' id='word_1_814' title='bbox 2651 3948 2796 3993; x_wconf 90' lang='lat' dir='ltr'><strong>metu</strong></span> <span class='ocrx_word' id='word_1_815' title='bbox 2838 3939 2980 4006; x_wconf 90' lang='lat' dir='ltr'><strong>paris</strong></span> <span class='ocrx_word' id='word_1_816' title='bbox 3020 3939 3319 4009; x_wconf 77' lang='lat' dir='ltr'><strong>inlligendar</strong></span> <span class='ocrx_word' id='word_1_817' title='bbox 3348 3955 3558 4009; x_wconf 66' lang='lat' dir='ltr'><strong>poenis,</strong></span> 
     </span>
    </p>
   </div>
   <div class='ocr_carea' id='block_1_102' title="bbox 1977 4028 3561 4097">
    <p class='ocr_par' dir='ltr' id='par_1_102' title="bbox 1977 4028 3561 4097">
     <span class='ocr_line' id='line_1_102' title="bbox 1977 4028 3561 4097; baseline 0.003 -15"><span class='ocrx_word' id='word_1_818' title='bbox 1977 4030 2338 4084; x_wconf 69' lang='lat' dir='ltr'><strong>abstineamus</strong></span> <span class='ocrx_word' id='word_1_819' title='bbox 2377 4038 2429 4082; x_wconf 92' lang='lat' dir='ltr'><strong>et</strong></span> <span class='ocrx_word' id='word_1_820' title='bbox 2469 4028 2561 4082; x_wconf 86' lang='lat' dir='ltr'><strong>tali</strong></span> <span class='ocrx_word' id='word_1_821' title='bbox 2599 4043 2722 4097; x_wconf 87' lang='lat' dir='ltr'><strong>erga</strong></span> <span class='ocrx_word' id='word_1_822' title='bbox 2756 4029 2888 4082; x_wconf 88' lang='lat' dir='ltr'><strong>alios</strong></span> <span class='ocrx_word' id='word_1_823' title='bbox 2917 4028 3170 4084; x_wconf 83' lang='lat' dir='ltr'><strong>facinore.</strong></span> <span class='ocrx_word' id='word_1_824' title='bbox 3203 4029 3561 4096; x_wconf 79' lang='lat' dir='ltr'><strong>Quemadmo-</strong></span> 
     </span>
    </p>
   </div>
   <div class='ocr_carea' id='block_1_103' title="bbox 1977 4119 3558 4185">
    <p class='ocr_par' dir='ltr' id='par_1_103' title="bbox 1977 4119 3558 4185">
     <span class='ocr_line' id='line_1_103' title="bbox 1977 4119 3558 4185; baseline 0.002 -10"><span class='ocrx_word' id='word_1_825' title='bbox 1977 4122 2102 4176; x_wconf 92' lang='lat' dir='ltr'><strong>dum</strong></span> <span class='ocrx_word' id='word_1_826' title='bbox 2137 4122 2298 4177; x_wconf 89' lang='lat' dir='ltr'><strong>etiam</strong></span> <span class='ocrx_word' id='word_1_827' title='bbox 2339 4119 2580 4176; x_wconf 75' lang='lat' dir='ltr'><strong>Ninivitie</strong></span> <span class='ocrx_word' id='word_1_828' title='bbox 2612 4119 2878 4176; x_wconf 87' lang='lat' dir='ltr'><strong>excidium</strong></span> <span class='ocrx_word' id='word_1_829' title='bbox 2905 4121 3256 4176; x_wconf 90' lang='lat' dir='ltr'><strong>comminatus</strong></span> <span class='ocrx_word' id='word_1_830' title='bbox 3293 4132 3412 4185; x_wconf 85' lang='lat' dir='ltr'><strong>est,</strong></span> <span class='ocrx_word' id='word_1_831' title='bbox 3453 4139 3558 4178; x_wconf 90' lang='lat' dir='ltr'><strong>non</strong></span> 
     </span>
    </p>
   </div>
   <div class='ocr_carea' id='block_1_104' title="bbox 1979 4211 3561 4283">
    <p class='ocr_par' dir='ltr' id='par_1_104' title="bbox 1979 4211 3561 4283">
     <span class='ocr_line' id='line_1_104' title="bbox 1979 4211 3561 4283; baseline 0.001 -15"><span class='ocrx_word' id='word_1_832' title='bbox 1979 4225 2036 4268; x_wconf 91' lang='lat' dir='ltr'><strong>ut</strong></span> <span class='ocrx_word' id='word_1_833' title='bbox 2065 4214 2184 4269; x_wconf 90' lang='lat' dir='ltr'><strong>illos</strong></span> <span class='ocrx_word' id='word_1_834' title='bbox 2214 4213 2458 4283; x_wconf 87' lang='lat' dir='ltr'><strong>perderet</strong></span> <span class='ocrx_word' id='word_1_835' title='bbox 2483 4213 2626 4283; x_wconf 90' lang='lat' dir='ltr'><strong>(nam</strong></span> <span class='ocrx_word' id='word_1_836' title='bbox 2652 4213 2695 4266; x_wconf 86' lang='lat' dir='ltr'><strong>si</strong></span> <span class='ocrx_word' id='word_1_837' title='bbox 2725 4211 2777 4266; x_wconf 92' lang='lat' dir='ltr'><strong>id</strong></span> <span class='ocrx_word' id='word_1_838' title='bbox 2806 4212 3078 4274; x_wconf 82' lang='lat' dir='ltr'><strong>voluisset.</strong></span> <span class='ocrx_word' id='word_1_839' title='bbox 3110 4221 3286 4274; x_wconf 87' lang='lat' dir='ltr'><strong>tacere</strong></span> <span class='ocrx_word' id='word_1_840' title='bbox 3311 4223 3561 4283; x_wconf 62' lang='lat' dir='ltr'><strong>oportueo</strong></span> 
     </span>
    </p>
   </div>
   <div class='ocr_carea' id='block_1_105' title="bbox 1979 4303 3557 4374">
    <p class='ocr_par' dir='ltr' id='par_1_105' title="bbox 1979 4303 3557 4374">
     <span class='ocr_line' id='line_1_105' title="bbox 1979 4303 3557 4374; baseline 0.001 -14"><span class='ocrx_word' id='word_1_841' title='bbox 1979 4307 2102 4374; x_wconf 88' lang='lat' dir='ltr'><strong>rat);</strong></span> <span class='ocrx_word' id='word_1_842' title='bbox 2122 4305 2214 4360; x_wconf 90' lang='lat' dir='ltr'><strong>sed</strong></span> <span class='ocrx_word' id='word_1_843' title='bbox 2239 4313 2296 4358; x_wconf 91' lang='lat' dir='ltr'><strong>ut</strong></span> <span class='ocrx_word' id='word_1_844' title='bbox 2316 4317 2458 4360; x_wconf 86' lang='lat' dir='ltr'><strong>metu</strong></span> <span class='ocrx_word' id='word_1_845' title='bbox 2479 4304 2724 4359; x_wconf 74' lang='lat' dir='ltr'><strong>meliores</strong></span> <span class='ocrx_word' id='word_1_846' title='bbox 2745 4303 2913 4358; x_wconf 87' lang='lat' dir='ltr'><strong>factos</strong></span> <span class='ocrx_word' id='word_1_847' title='bbox 2935 4304 3143 4371; x_wconf 87' lang='lat' dir='ltr'><strong>videns,</strong></span> <span class='ocrx_word' id='word_1_848' title='bbox 3162 4307 3293 4360; x_wconf 90' lang='lat' dir='ltr'><strong>iram</strong></span> <span class='ocrx_word' id='word_1_849' title='bbox 3314 4306 3557 4363; x_wconf 86' lang='lat' dir='ltr'><strong>sedaret:</strong></span> 
     </span>
    </p>
   </div>
   <div class='ocr_carea' id='block_1_106' title="bbox 1977 4394 3558 4464">
    <p class='ocr_par' dir='ltr' id='par_1_106' title="bbox 1977 4394 3558 4464">
     <span class='ocr_line' id='line_1_106' title="bbox 1977 4394 3558 4464; baseline 0.002 -14"><span class='ocrx_word' id='word_1_850' title='bbox 1977 4398 2056 4451; x_wconf 91' lang='lat' dir='ltr'><strong>sic</strong></span> <span class='ocrx_word' id='word_1_851' title='bbox 2077 4397 2238 4451; x_wconf 87' lang='lat' dir='ltr'><strong>etiam</strong></span> <span class='ocrx_word' id='word_1_852' title='bbox 2266 4395 2363 4458; x_wconf 89' lang='lat' dir='ltr'><strong>iis,</strong></span> <span class='ocrx_word' id='word_1_853' title='bbox 2391 4395 2481 4463; x_wconf 87' lang='lat' dir='ltr'><strong>qui</strong></span> <span class='ocrx_word' id='word_1_854' title='bbox 2509 4403 2709 4450; x_wconf 89' lang='lat' dir='ltr'><strong>temere</strong></span> <span class='ocrx_word' id='word_1_855' title='bbox 2739 4394 2790 4448; x_wconf 92' lang='lat' dir='ltr'><strong>in</strong></span> <span class='ocrx_word' id='word_1_856' title='bbox 2818 4394 3044 4450; x_wconf 87' lang='lat' dir='ltr'><strong>aliorum</strong></span> <span class='ocrx_word' id='word_1_857' title='bbox 3069 4396 3253 4451; x_wconf 89' lang='lat' dir='ltr'><strong>oculos</strong></span> <span class='ocrx_word' id='word_1_858' title='bbox 3281 4397 3558 4464; x_wconf 85' lang='lat' dir='ltr'><strong>involant,</strong></span> 
     </span>
    </p>
   </div>
   <div class='ocr_carea' id='block_1_107' title="bbox 1978 4485 3566 4558">
    <p class='ocr_par' dir='ltr' id='par_1_107' title="bbox 1978 4485 3566 4558">
     <span class='ocr_line' id='line_1_107' title="bbox 1978 4485 3566 4558; baseline -0.001 -15"><span class='ocrx_word' id='word_1_859' title='bbox 1978 4488 2292 4558; x_wconf 86' lang='lat' dir='ltr'><strong>supplicium</strong></span> <span class='ocrx_word' id='word_1_860' title='bbox 2320 4485 2571 4551; x_wconf 86' lang='lat' dir='ltr'><strong>adduxit;</strong></span> <span class='ocrx_word' id='word_1_861' title='bbox 2601 4495 2660 4539; x_wconf 90' lang='lat' dir='ltr'><strong>ut</strong></span> <span class='ocrx_word' id='word_1_862' title='bbox 2679 4486 2724 4540; x_wconf 89' lang='lat' dir='ltr'><strong>si</strong></span> <span class='ocrx_word' id='word_1_863' title='bbox 2751 4501 2813 4540; x_wconf 82' lang='lat' dir='ltr'><strong>ex</strong></span> <span class='ocrx_word' id='word_1_864' title='bbox 2838 4485 2979 4540; x_wconf 91' lang='lat' dir='ltr'><strong>bono</strong></span> <span class='ocrx_word' id='word_1_865' title='bbox 3001 4487 3274 4557; x_wconf 90' lang='lat' dir='ltr'><strong>proposito</strong></span> <span class='ocrx_word' id='word_1_866' title='bbox 3295 4488 3566 4544; x_wconf 89' lang='lat' dir='ltr'><strong>noluerint</strong></span> 
     </span>
    </p>
   </div>
   <div class='ocr_carea' id='block_1_108' title="bbox 1978 4575 3568 4642">
    <p class='ocr_par' dir='ltr' id='par_1_108' title="bbox 1978 4575 3568 4642">
     <span class='ocr_line' id='line_1_108' title="bbox 1978 4575 3568 4642; baseline -0.001 -10"><span class='ocrx_word' id='word_1_867' title='bbox 1978 4594 2007 4632; x_wconf 90' lang='lat' dir='ltr'><strong>a</strong></span> <span class='ocrx_word' id='word_1_868' title='bbox 2039 4578 2128 4633; x_wconf 84' lang='lat' dir='ltr'><strong>tali</strong></span> <span class='ocrx_word' id='word_1_869' title='bbox 2158 4577 2474 4632; x_wconf 88' lang='lat' dir='ltr'><strong>crudelitate</strong></span> <span class='ocrx_word' id='word_1_870' title='bbox 2503 4575 2803 4642; x_wconf 83' lang='lat' dir='ltr'><strong>abstinere,</strong></span> <span class='ocrx_word' id='word_1_871' title='bbox 2831 4586 2976 4631; x_wconf 91' lang='lat' dir='ltr'><strong>metu</strong></span> <span class='ocrx_word' id='word_1_872' title='bbox 3009 4587 3184 4632; x_wconf 86' lang='lat' dir='ltr'><strong>tamen</strong></span> <span class='ocrx_word' id='word_1_873' title='bbox 3214 4588 3568 4634; x_wconf 88' lang='lat' dir='ltr'><strong>coerceantur</strong></span> 
     </span>
    </p>
   </div>
   <div class='ocr_carea' id='block_1_109' title="bbox 1980 4669 3563 4739">
    <p class='ocr_par' dir='ltr' id='par_1_109' title="bbox 1980 4669 3563 4739">
     <span class='ocr_line' id='line_1_109' title="bbox 1980 4669 3563 4739; baseline 0.001 -15"><span class='ocrx_word' id='word_1_874' title='bbox 1980 4686 2049 4724; x_wconf 90' lang='lat' dir='ltr'><strong>ne</strong></span> <span class='ocrx_word' id='word_1_875' title='bbox 2076 4670 2258 4724; x_wconf 89' lang='lat' dir='ltr'><strong>oculos</strong></span> <span class='ocrx_word' id='word_1_876' title='bbox 2297 4669 2526 4738; x_wconf 82' lang='lat' dir='ltr'><strong>proximi</strong></span> <span class='ocrx_word' id='word_1_877' title='bbox 2569 4669 2785 4725; x_wconf 68' lang='lat' dir='ltr'><strong>laedant.</strong></span> <span class='ocrx_word' id='word_1_878' title='bbox 2828 4670 2883 4724; x_wconf 92' lang='lat' dir='ltr'><strong>Si</strong></span> <span class='ocrx_word' id='word_1_879' title='bbox 2923 4684 3082 4739; x_wconf 90' lang='lat' dir='ltr'><strong>porro</strong></span> <span class='ocrx_word' id='word_1_880' title='bbox 3122 4671 3248 4725; x_wconf 91' lang='lat' dir='ltr'><strong>illud</strong></span> <span class='ocrx_word' id='word_1_881' title='bbox 3274 4671 3563 4727; x_wconf 89' lang='lat' dir='ltr'><strong>crudelitas</strong></span> 
     </span>
    </p>
   </div>
   <div class='ocr_carea' id='block_1_110' title="bbox 1979 4763 3562 4831">
    <p class='ocr_par' dir='ltr' id='par_1_110' title="bbox 1979 4763 3562 4831">
     <span class='ocr_line' id='line_1_110' title="bbox 1979 4763 3562 4831; baseline 0.004 -14"><span class='ocrx_word' id='word_1_882' title='bbox 1979 4766 2087 4829; x_wconf 89' lang='lat' dir='ltr'><strong>sit,</strong></span> <span class='ocrx_word' id='word_1_883' title='bbox 2114 4765 2331 4819; x_wconf 89' lang='lat' dir='ltr'><strong>crudele</strong></span> <span class='ocrx_word' id='word_1_884' title='bbox 2354 4765 2480 4820; x_wconf 89' lang='lat' dir='ltr'><strong>item</strong></span> <span class='ocrx_word' id='word_1_885' title='bbox 2506 4765 2604 4818; x_wconf 86' lang='lat' dir='ltr'><strong>erit</strong></span> <span class='ocrx_word' id='word_1_886' title='bbox 2626 4806 2642 4829; x_wconf 93' lang='lat'><strong>,</strong></span> <span class='ocrx_word' id='word_1_887' title='bbox 2675 4763 2992 4820; x_wconf 87' lang='lat' dir='ltr'><strong>homicidam</strong></span> <span class='ocrx_word' id='word_1_888' title='bbox 3023 4764 3275 4820; x_wconf 88' lang='lat' dir='ltr'><strong>cohibere</strong></span> <span class='ocrx_word' id='word_1_889' title='bbox 3295 4806 3310 4831; x_wconf 93' lang='lat'><strong>,</strong></span> <span class='ocrx_word' id='word_1_890' title='bbox 3342 4773 3398 4818; x_wconf 86' lang='lat' dir='ltr'><strong>et</strong></span> <span class='ocrx_word' id='word_1_891' title='bbox 3425 4781 3562 4823; x_wconf 71' lang='lat' dir='ltr'><strong>mm-</strong></span> 
     </span>
    </p>
   </div>
   <div class='ocr_carea' id='block_1_111' title="bbox 1979 4856 3566 4921">
    <p class='ocr_par' dir='ltr' id='par_1_111' title="bbox 1979 4856 3566 4921">
     <span class='ocr_line' id='line_1_111' title="bbox 1979 4856 3566 4921; baseline 0.003 -11"><span class='ocrx_word' id='word_1_892' title='bbox 1979 4858 2138 4912; x_wconf 89' lang='lat' dir='ltr'><strong>cbum</strong></span> <span class='ocrx_word' id='word_1_893' title='bbox 2163 4873 2367 4913; x_wconf 90' lang='lat' dir='ltr'><strong>arcere.</strong></span> <span class='ocrx_word' id='word_1_894' title='bbox 2396 4859 2466 4911; x_wconf 87' lang='lat' dir='ltr'><strong>At</strong></span> <span class='ocrx_word' id='word_1_895' title='bbox 2494 4858 2775 4912; x_wconf 89' lang='lat' dir='ltr'><strong>stultorum</strong></span> <span class='ocrx_word' id='word_1_896' title='bbox 2806 4857 2922 4911; x_wconf 67' lang='lat' dir='ltr'><strong>haec</strong></span> <span class='ocrx_word' id='word_1_897' title='bbox 2948 4856 3110 4911; x_wconf 90' lang='lat' dir='ltr'><strong>verba</strong></span> <span class='ocrx_word' id='word_1_898' title='bbox 3137 4865 3280 4921; x_wconf 86' lang='lat' dir='ltr'><strong>sunt,</strong></span> <span class='ocrx_word' id='word_1_899' title='bbox 3308 4869 3364 4912; x_wconf 88' lang='lat' dir='ltr'><strong>et</strong></span> <span class='ocrx_word' id='word_1_900' title='bbox 3387 4866 3566 4914; x_wconf 87' lang='lat' dir='ltr'><strong>extre-</strong></span> 
     </span>
    </p>
   </div>
   <div class='ocr_carea' id='block_1_112' title="bbox 1981 4947 3562 5017">
    <p class='ocr_par' dir='ltr' id='par_1_112' title="bbox 1981 4947 3562 5017">
     <span class='ocr_line' id='line_1_112' title="bbox 1981 4947 3562 5017; baseline 0.003 -17"><span class='ocrx_word' id='word_1_901' title='bbox 1981 4963 2068 5001; x_wconf 89' lang='lat' dir='ltr'><strong>mo</strong></span> <span class='ocrx_word' id='word_1_902' title='bbox 2090 4947 2272 5003; x_wconf 86' lang='lat' dir='ltr'><strong>furore</strong></span> <span class='ocrx_word' id='word_1_903' title='bbox 2290 4958 2590 5017; x_wconf 89' lang='lat' dir='ltr'><strong>captorum.</strong></span> <span class='ocrx_word' id='word_1_904' title='bbox 2621 4948 2732 5014; x_wconf 85' lang='lat' dir='ltr'><strong>Ego</strong></span> <span class='ocrx_word' id='word_1_905' title='bbox 2750 4947 2892 5001; x_wconf 90' lang='lat' dir='ltr'><strong>enim</strong></span> <span class='ocrx_word' id='word_1_906' title='bbox 2917 4955 3120 5002; x_wconf 90' lang='lat' dir='ltr'><strong>tantum</strong></span> <span class='ocrx_word' id='word_1_907' title='bbox 3140 4947 3292 5003; x_wconf 90' lang='lat' dir='ltr'><strong>abest</strong></span> <span class='ocrx_word' id='word_1_908' title='bbox 3312 4957 3368 5002; x_wconf 83' lang='grc' dir='ltr'>ιιι</span> <span class='ocrx_word' id='word_1_909' title='bbox 3389 4947 3562 5005; x_wconf 86' lang='lat' dir='ltr'><strong>dicam</strong></span> 
     </span>
    </p>
   </div>
   <div class='ocr_carea' id='block_1_113' title="bbox 1982 5036 3562 5100">
    <p class='ocr_par' dir='ltr' id='par_1_113' title="bbox 1982 5036 3562 5100">
     <span class='ocr_line' id='line_1_113' title="bbox 1982 5036 3562 5100; baseline 0.003 -10"><span class='ocrx_word' id='word_1_910' title='bbox 1982 5038 2095 5092; x_wconf 65' lang='lat' dir='ltr'><strong>lucc</strong></span> <span class='ocrx_word' id='word_1_911' title='bbox 2115 5053 2235 5093; x_wconf 89' lang='lat' dir='ltr'><strong>esse</strong></span> <span class='ocrx_word' id='word_1_912' title='bbox 2255 5036 2646 5099; x_wconf 89' lang='lat' dir='ltr'><strong>crudelitatem,</strong></span> <span class='ocrx_word' id='word_1_913' title='bbox 2667 5045 2724 5090; x_wconf 91' lang='lat' dir='ltr'><strong>ut</strong></span> <span class='ocrx_word' id='word_1_914' title='bbox 2754 5037 2836 5090; x_wconf 88' lang='lat' dir='ltr'><strong>his</strong></span> <span class='ocrx_word' id='word_1_915' title='bbox 2861 5038 3123 5092; x_wconf 88' lang='lat' dir='ltr'><strong>contraria</strong></span> <span class='ocrx_word' id='word_1_916' title='bbox 3144 5039 3437 5100; x_wconf 79' lang='lat' dir='ltr'><strong>secundum</strong></span> <span class='ocrx_word' id='word_1_917' title='bbox 3465 5039 3534 5094; x_wconf 86' lang='lat' dir='ltr'><strong>hu</strong></span> <span class='ocrx_word' id='word_1_918' title='bbox 3549 5069 3562 5080; x_wconf 87' lang='lat'><strong>-</strong></span> 
     </span>
    </p>
   </div>
   <div class='ocr_carea' id='block_1_114' title="bbox 1983 5125 3562 5198">
    <p class='ocr_par' dir='ltr' id='par_1_114' title="bbox 1983 5125 3562 5198">
     <span class='ocr_line' id='line_1_114' title="bbox 1983 5125 3562 5198; baseline 0.003 -17"><span class='ocrx_word' id='word_1_919' title='bbox 1983 5141 2200 5182; x_wconf 89' lang='lat' dir='ltr'><strong>manum</strong></span> <span class='ocrx_word' id='word_1_920' title='bbox 2239 5125 2573 5180; x_wconf 89' lang='lat' dir='ltr'><strong>ratiocinium</strong></span> <span class='ocrx_word' id='word_1_921' title='bbox 2613 5126 2875 5182; x_wconf 87' lang='lat' dir='ltr'><strong>aftirmcm</strong></span> <span class='ocrx_word' id='word_1_922' title='bbox 2913 5127 3089 5198; x_wconf 90' lang='lat' dir='ltr'><strong>iniqua</strong></span> <span class='ocrx_word' id='word_1_923' title='bbox 3122 5141 3259 5184; x_wconf 84' lang='lat' dir='ltr'><strong>esse.</strong></span> <span class='ocrx_word' id='word_1_924' title='bbox 3307 5127 3389 5184; x_wconf 83' lang='lat' dir='ltr'><strong>Tu</strong></span> <span class='ocrx_word' id='word_1_925' title='bbox 3417 5129 3562 5185; x_wconf 86' lang='lat' dir='ltr'><strong>enim</strong></span> 
     </span>
    </p>
   </div>
   <div class='ocr_carea' id='block_1_115' title="bbox 1981 5215 3564 5288">
    <p class='ocr_par' dir='ltr' id='par_1_115' title="bbox 1981 5215 3564 5288">
     <span class='ocr_line' id='line_1_115' title="bbox 1981 5215 3564 5288; baseline -0.001 -15"><span class='ocrx_word' id='word_1_926' title='bbox 1981 5219 2114 5274; x_wconf 90' lang='lat' dir='ltr'><strong>dicis</strong></span> <span class='ocrx_word' id='word_1_927' title='bbox 2155 5217 2275 5273; x_wconf 92' lang='lat' dir='ltr'><strong>ideo</strong></span> <span class='ocrx_word' id='word_1_928' title='bbox 2303 5215 2572 5272; x_wconf 89' lang='lat' dir='ltr'><strong>crudelem</strong></span> <span class='ocrx_word' id='word_1_929' title='bbox 2601 5231 2720 5272; x_wconf 88' lang='lat' dir='ltr'><strong>esse</strong></span> <span class='ocrx_word' id='word_1_930' title='bbox 2742 5259 2758 5285; x_wconf 95' lang='lat'><strong>,</strong></span> <span class='ocrx_word' id='word_1_931' title='bbox 2788 5218 2928 5287; x_wconf 90' lang='lat' dir='ltr'><strong>quod</strong></span> <span class='ocrx_word' id='word_1_932' title='bbox 2964 5217 3186 5284; x_wconf 86' lang='lat' dir='ltr'><strong>jusserit</strong></span> <span class='ocrx_word' id='word_1_933' title='bbox 3213 5220 3424 5274; x_wconf 86' lang='lat' dir='ltr'><strong>oculum</strong></span> <span class='ocrx_word' id='word_1_934' title='bbox 3466 5233 3564 5288; x_wconf 89' lang='lat' dir='ltr'><strong>pro</strong></span> 
     </span>
    </p>
   </div>
   <div class='ocr_carea' id='block_1_116' title="bbox 1982 5309 3561 5380">
    <p class='ocr_par' dir='ltr' id='par_1_116' title="bbox 1982 5309 3561 5380">
     <span class='ocr_line' id='line_1_116' title="bbox 1982 5309 3561 5380; baseline -0.003 -14"><span class='ocrx_word' id='word_1_935' title='bbox 1982 5311 2138 5366; x_wconf 90' lang='lat' dir='ltr'><strong>oculo</strong></span> <span class='ocrx_word' id='word_1_936' title='bbox 2165 5323 2388 5372; x_wconf 89' lang='lat' dir='ltr'><strong>eruere;</strong></span> <span class='ocrx_word' id='word_1_937' title='bbox 2420 5323 2521 5379; x_wconf 87' lang='lat' dir='ltr'><strong>ego</strong></span> <span class='ocrx_word' id='word_1_938' title='bbox 2544 5321 2724 5364; x_wconf 89' lang='lat' dir='ltr'><strong>autem</strong></span> <span class='ocrx_word' id='word_1_939' title='bbox 2749 5309 2870 5364; x_wconf 91' lang='lat' dir='ltr'><strong>dico</strong></span> <span class='ocrx_word' id='word_1_940' title='bbox 2891 5351 2906 5378; x_wconf 91' lang='lat'><strong>,</strong></span> <span class='ocrx_word' id='word_1_941' title='bbox 2935 5313 2982 5366; x_wconf 90' lang='lat' dir='ltr'><strong>si</strong></span> <span class='ocrx_word' id='word_1_942' title='bbox 3013 5326 3118 5366; x_wconf 89' lang='lat' dir='ltr'><strong>non</strong></span> <span class='ocrx_word' id='word_1_943' title='bbox 3149 5311 3251 5365; x_wconf 90' lang='lat' dir='ltr'><strong>hoc</strong></span> <span class='ocrx_word' id='word_1_944' title='bbox 3273 5309 3524 5380; x_wconf 89' lang='lat' dir='ltr'><strong>jussisset</strong></span> <span class='ocrx_word' id='word_1_945' title='bbox 3546 5351 3561 5369; x_wconf 91' lang='lat'><strong>.</strong></span> 
     </span>
    </p>
   </div>
   <div class='ocr_carea' id='block_1_117' title="bbox 1984 5400 3563 5473">
    <p class='ocr_par' dir='ltr' id='par_1_117' title="bbox 1984 5400 3563 5473">
     <span class='ocr_line' id='line_1_117' title="bbox 1984 5400 3563 5473; baseline -0.003 -16"><span class='ocrx_word' id='word_1_946' title='bbox 1984 5417 2111 5460; x_wconf 89' lang='lat' dir='ltr'><strong>tunc</strong></span> <span class='ocrx_word' id='word_1_947' title='bbox 2129 5402 2401 5458; x_wconf 80' lang='lat' dir='ltr'><strong>videretur</strong></span> <span class='ocrx_word' id='word_1_948' title='bbox 2430 5402 2611 5457; x_wconf 89' lang='lat' dir='ltr'><strong>multis</strong></span> <span class='ocrx_word' id='word_1_949' title='bbox 2637 5403 2680 5458; x_wconf 90' lang='lat' dir='ltr'><strong>is</strong></span> <span class='ocrx_word' id='word_1_950' title='bbox 2705 5417 2847 5470; x_wconf 82' lang='lat' dir='ltr'><strong>esse,</strong></span> <span class='ocrx_word' id='word_1_951' title='bbox 2879 5419 3038 5473; x_wconf 90' lang='lat' dir='ltr'><strong>quem</strong></span> <span class='ocrx_word' id='word_1_952' title='bbox 3068 5414 3124 5458; x_wconf 90' lang='lat' dir='ltr'><strong>tu</strong></span> <span class='ocrx_word' id='word_1_953' title='bbox 3153 5405 3254 5458; x_wconf 89' lang='lat' dir='ltr'><strong>ais.</strong></span> <span class='ocrx_word' id='word_1_954' title='bbox 3284 5400 3563 5468; x_wconf 86' lang='lat' dir='ltr'><strong>Suppona-</strong></span> 
     </span>
    </p>
   </div>
   <div class='ocr_carea' id='block_1_118' title="bbox 1983 5483 3566 5562">
    <p class='ocr_par' dir='ltr' id='par_1_118' title="bbox 1983 5483 3566 5562">
     <span class='ocr_line' id='line_1_118' title="bbox 1983 5483 3566 5562; baseline -0.003 -14"><span class='ocrx_word' id='word_1_955' title='bbox 1983 5483 2102 5550; x_wconf 82' lang='lat' dir='ltr'><strong>mus</strong></span> <span class='ocrx_word' id='word_1_956' title='bbox 2123 5493 2267 5548; x_wconf 92' lang='lat' dir='ltr'><strong>enim</strong></span> <span class='ocrx_word' id='word_1_957' title='bbox 2288 5501 2452 5546; x_wconf 86' lang='lat' dir='ltr'><strong>totam</strong></span> <span class='ocrx_word' id='word_1_958' title='bbox 2477 5493 2643 5562; x_wconf 84' lang='lat' dir='ltr'><strong>legem</strong></span> <span class='ocrx_word' id='word_1_959' title='bbox 2659 5491 2968 5562; x_wconf 86' lang='lat' dir='ltr'><strong>abrogatam</strong></span> <span class='ocrx_word' id='word_1_960' title='bbox 2992 5492 3174 5552; x_wconf 87' lang='lat' dir='ltr'><strong>fuisse,</strong></span> <span class='ocrx_word' id='word_1_961' title='bbox 3195 5489 3566 5558; x_wconf 80' lang='lat' dir='ltr'><strong>neminemque</strong></span> 
     </span>
    </p>
   </div>
   <div class='ocr_carea' id='block_1_119' title="bbox 1984 5575 3566 5654">
    <p class='ocr_par' dir='ltr' id='par_1_119' title="bbox 1984 5575 3566 5654">
     <span class='ocr_line' id='line_1_119' title="bbox 1984 5575 3566 5654; baseline -0.002 -15"><span class='ocrx_word' id='word_1_962' title='bbox 1984 5586 2174 5640; x_wconf 87' lang='lat' dir='ltr'><strong>timere</strong></span> <span class='ocrx_word' id='word_1_963' title='bbox 2199 5583 2516 5654; x_wconf 89' lang='lat' dir='ltr'><strong>supplicium</strong></span> <span class='ocrx_word' id='word_1_964' title='bbox 2539 5583 2596 5638; x_wconf 92' lang='lat' dir='ltr'><strong>in</strong></span> <span class='ocrx_word' id='word_1_965' title='bbox 2621 5583 2706 5638; x_wconf 88' lang='lat' dir='ltr'><strong>illa</strong></span> <span class='ocrx_word' id='word_1_966' title='bbox 2735 5582 2988 5639; x_wconf 90' lang='lat' dir='ltr'><strong>indictum</strong></span> <span class='ocrx_word' id='word_1_967' title='bbox 3019 5600 3033 5635; x_wconf 90' lang='lat'><strong>:</strong></span> <span class='ocrx_word' id='word_1_968' title='bbox 3061 5580 3155 5636; x_wconf 86' lang='lat' dir='ltr'><strong>sed</strong></span> <span class='ocrx_word' id='word_1_969' title='bbox 3183 5580 3343 5635; x_wconf 89' lang='lat' dir='ltr'><strong>licere</strong></span> <span class='ocrx_word' id='word_1_970' title='bbox 3365 5575 3566 5636; x_wconf 86' lang='lat' dir='ltr'><strong>faemo-</strong></span> 
     </span>
    </p>
   </div>
   <div class='ocr_carea' id='block_1_120' title="bbox 1983 5669 3566 5736">
    <p class='ocr_par' dir='ltr' id='par_1_120' title="bbox 1983 5669 3566 5736">
     <span class='ocr_line' id='line_1_120' title="bbox 1983 5669 3566 5736; baseline -0.002 -8"><span class='ocrx_word' id='word_1_971' title='bbox 1983 5673 2120 5728; x_wconf 90' lang='lat' dir='ltr'><strong>rosis</strong></span> <span class='ocrx_word' id='word_1_972' title='bbox 2140 5673 2388 5729; x_wconf 87' lang='lat' dir='ltr'><strong>omnibus</strong></span> <span class='ocrx_word' id='word_1_973' title='bbox 2405 5687 2526 5727; x_wconf 91' lang='lat' dir='ltr'><strong>cum</strong></span> <span class='ocrx_word' id='word_1_974' title='bbox 2551 5672 2796 5728; x_wconf 85' lang='lat' dir='ltr'><strong>libertate</strong></span> <span class='ocrx_word' id='word_1_975' title='bbox 2813 5671 3051 5727; x_wconf 89' lang='lat' dir='ltr'><strong>moribus</strong></span> <span class='ocrx_word' id='word_1_976' title='bbox 3071 5671 3144 5725; x_wconf 93' lang='lat' dir='ltr'><strong>uti</strong></span> <span class='ocrx_word' id='word_1_977' title='bbox 3169 5669 3313 5736; x_wconf 86' lang='lat' dir='ltr'><strong>suis;</strong></span> <span class='ocrx_word' id='word_1_978' title='bbox 3343 5669 3566 5727; x_wconf 66' lang='lat' dir='ltr'><strong>macilis</strong></span> 
     </span>
    </p>
   </div>
   <div class='ocr_carea' id='block_1_121' title="bbox 1991 5760 3565 5838">
    <p class='ocr_par' dir='ltr' id='par_1_121' title="bbox 1991 5760 3565 5838">
     <span class='ocr_line' id='line_1_121' title="bbox 1991 5760 3565 5838; baseline -0.002 -15"><span class='ocrx_word' id='word_1_979' title='bbox 1991 5780 2203 5838; x_wconf 89' lang='lat' dir='ltr'><strong>nempe,</strong></span> <span class='ocrx_word' id='word_1_980' title='bbox 2233 5765 2533 5834; x_wconf 87' lang='lat' dir='ltr'><strong>homicidis,</strong></span> <span class='ocrx_word' id='word_1_981' title='bbox 2561 5763 2788 5829; x_wconf 86' lang='lat' dir='ltr'><strong>furibus,</strong></span> <span class='ocrx_word' id='word_1_982' title='bbox 2814 5761 3064 5834; x_wconf 74' lang='lat' dir='ltr'><strong>periuris,</strong></span> <span class='ocrx_word' id='word_1_983' title='bbox 3091 5760 3368 5832; x_wconf 85' lang='lat' dir='ltr'><strong>parricidis</strong></span> <span class='ocrx_word' id='word_1_984' title='bbox 3398 5771 3565 5820; x_wconf 87' lang='lat' dir='ltr'><strong>:non-</strong></span> 
     </span>
    </p>
   </div>
  </div>
