4076 6150
518 311 625 369 147

518 448 588 486 ne
616 429 793 484 omnia
824 442 915 483 sus
940 427 1115 497 deque
1135 434 1491 489 verterentur,
1513 435 1569 478 et
1594 424 1886 478 innumeris
1915 422 2106 476 facino-

519 522 668 575 ribus
699 530 858 590 atque
887 519 1123 571 ett-dibus
1152 516 1332 580 urbes,
1364 514 1493 577 fora,
1523 514 1737 576 domus.
1764 527 1931 578 mare,
1965 522 2104 565 terra

516 624 571 668 et
614 622 758 665 totus
801 611 948 664 orbis
987 608 1360 678 replerentur?
1405 606 1514 658 lloc
1558 605 1756 658 nemini
1786 618 1890 657 non
1923 614 2103 656 notum

517 714 619 759 est.
668 705 722 758 Si
751 704 891 758 enim
922 702 1184 756 stantibus
1212 699 1416 769 legibus
1438 705 1493 751 et
1516 698 1703 751 timore
1726 706 1885 765 atque
1907 695 2065 749 minis
2086 735 2102 759 ,

518 797 603 850 vix
652 796 894 865 malignae
940 794 1240 847 voluntates
1284 800 1602 844 coercentur
1638 806 1651 840 :
1689 788 1733 842 si
1768 787 1891 841 hinc
1930 786 2103 839 ablata

515 890 703 942 fuisset
741 887 918 941 cautio
938 926 953 949 ,
980 884 1103 955 quid
1143 883 1428 953 impediret
1458 897 1523 934 ne
1552 880 1748 934 malitia
1795 879 2103 933 dominare-

514 982 639 1034 tur?
662 989 855 1049 quanta
880 993 983 1030 non
1004 977 1166 1045 pestis
1187 976 1239 1028 in
1260 974 1543 1028 humanam
1563 974 1721 1026 vitam
1737 971 2103 1041 grassaretur?

514 1072 696 1141 Neque
717 1072 857 1124 enim
887 1070 935 1124 id
964 1069 1133 1123 solum
1160 1068 1375 1122 crudele
1402 1078 1575 1130 esset,
1605 1067 1649 1119 si
1678 1065 1955 1119 facinorosi
1983 1078 2101 1133 qua!

513 1164 709 1217 vellent
749 1177 907 1231 agerc.
949 1162 1418 1231 permitterentur;
1469 1158 1563 1213 sed
1600 1166 1655 1211 et
1692 1157 1833 1211 aliud
1871 1157 1963 1212 illo
1991 1172 2098 1211 non

512 1256 690 1308 minus
718 1254 1073 1322 perniciosum
1104 1251 1266 1319 foret,
1290 1253 1333 1305 si
1359 1250 1449 1321 qui
1478 1251 1609 1304 nihil
1636 1251 1880 1314 lazsisset,
1908 1258 1963 1304 et
1982 1249 2099 1303 sine

508 1361 669 1400 causa
701 1346 841 1398 male
872 1359 1059 1413 passus
1084 1353 1266 1408 esset,
1298 1345 1413 1397 sine
1437 1343 1636 1396 auxilio
1662 1351 1901 1397 maneret
1924 1352 1978 1396 et
2005 1356 2097 1396 ne-

508 1440 815 1507 gligeretur.
867 1436 958 1490 Dic
996 1437 1140 1490 enim
1181 1434 1309 1488 mihi
1335 1476 1350 1499 ,
1394 1435 1436 1488 si
1478 1435 1597 1504 quis
1635 1435 1923 1488 sceleratos
1954 1434 2096 1488 viros

509 1531 743 1598 undique
770 1530 1024 1595 colligens
1055 1538 1109 1583 et
1134 1528 1323 1597 gladiis
1357 1530 1599 1582 muniens
1624 1569 1636 1592 ,
1667 1529 1879 1596 jnberet
1908 1528 2092 1583 urbem

511 1631 678 1675 totam
701 1621 982 1675 circumire
1002 1628 1059 1674 et
1088 1620 1274 1674 obvios
1295 1634 1533 1688 quosque
1572 1619 1854 1682 trucidare,
1880 1636 1947 1673 an
1970 1620 2093 1690 quid

510 1723 691 1783 posset
717 1715 998 1767 immanius
1018 1712 1345 1781 excogitari?
1365 1711 1561 1766 Contra
1585 1727 1713 1765 vero
1735 1712 1779 1765 si
1800 1713 1919 1781 quis
1938 1713 2089 1775 alius,

507 1819 743 1863 armatos
785 1808 903 1861 illos
948 1808 1174 1860 vinculis
1209 1807 1528 1860 constrictos
1570 1808 1621 1859 in
1662 1821 1931 1860 carcerem
1972 1821 2092 1859 cum

506 1901 841 1955 vehementia
866 1900 1125 1963 traderet,
1151 1900 1267 1953 illos
1289 1910 1463 1953 autem
1486 1899 1571 1968 qui
1597 1914 1719 1952 mox
1742 1898 2092 1953 interficiendi

505 2003 691 2058 erant,
738 2007 804 2046 ex
852 1992 1153 2061 iniquorum
1202 1991 1448 2044 manibus
1491 1990 1796 2059 abriperet,
1829 2004 1954 2043 num
2002 1990 2094 2043 illo

505 2085 793 2140 humanius
820 2084 1089 2154 quidpiam
1115 2083 1219 2137 diei
1246 2083 1449 2152 possit?
1488 2082 1612 2136 Haec
1642 2082 1800 2152 igitur
1824 2081 1889 2135 ad
1921 2082 2090 2150 legem

504 2176 733 2230 transfer
769 2176 1034 2243 exetnpla.
1075 2174 1207 2227 Nam
1243 2174 1332 2242 qui
1366 2174 1518 2240 jubet
1555 2174 1764 2226 oculum
1805 2187 1901 2241 pro
1937 2172 2092 2226 oculo

502 2280 693 2321 eruere
712 2307 727 2329 ,
756 2278 853 2319 ceu
896 2264 1163 2317 vinculum
1192 2262 1458 2332 quoddam
1490 2264 1700 2316 firmum
1730 2262 1780 2315 in
1821 2261 2089 2316 facinoro-

502 2373 684 2412 sorum
712 2357 918 2410 animos
933 2357 1176 2425 conjecit,
1193 2356 1351 2424 eique
1369 2355 1558 2407 similis
1584 2363 1683 2419 est,
1700 2354 1986 2423 quigladiis
2004 2369 2090 2408 ar-

503 2458 676 2502 matos
706 2448 822 2501 illos
836 2447 1071 2501 coercuit
1094 2446 1209 2515 :qui
1222 2460 1351 2499 vero
1369 2445 1494 2497 nulli
1521 2444 2083 2514 addiceretsnpplicio,

503 2542 603 2595 hac
631 2542 840 2595 licentia
871 2555 1004 2609 pene
1026 2540 1172 2592 illum
1205 2549 1456 2601 armaret,
1492 2538 1744 2605 illumque
1772 2538 2085 2601 imitaretur,

499 2633 588 2703 qui
619 2639 850 2685 armatos
877 2629 1063 2698 gladiis
1085 2629 1229 2682 viros
1271 2643 1366 2697 per
1408 2636 1569 2681 totam
1602 2627 1783 2681 urbem
1833 2627 2084 2679 mitteret.

573 2724 624 2775 7.
666 2722 793 2787 Ipsa
819 2722 1040 2789 antiqua:
1078 2720 1201 2788 legis
1231 2728 1481 2788 praecepta
1519 2718 1732 2786 benigna
1770 2725 1907 2770 sunt.
1944 2715 2087 2770 Unus

501 2815 731 2883 idemque
756 2823 829 2866 est
857 2814 1115 2878 utriusque
1139 2811 1445 2865 Testamenti
1472 2809 1748 2879 legislator.
1788 2840 1858 2849 ——
1898 2809 2085 2864 Videu‘

499 2905 770 2977 quomodo
787 2921 889 2959 non
911 2905 1245 2967 crudelitate,
1266 2903 1358 2957 sed
1380 2903 1701 2972 benignitate
1723 2917 1909 2972 magna
1928 2902 2082 2971 plena

499 3002 609 3054 sint
636 2999 937 3069 praecepta?
979 2999 1033 3052 Si
1062 3014 1187 3052 vero
1218 3007 1495 3067 propterea
1525 2996 1879 3066 legislatorem
1911 2996 2081 3051 mole-

499 3101 640 3146 stum
670 3105 1062 3158 onerosumqne
1087 3104 1263 3152 vocas,
1294 3089 1422 3158 quid
1453 3089 1726 3143 molestius
1745 3129 1759 3150 ,
1787 3102 1968 3157 quaeso
1987 3131 2000 3152 ,
2029 3098 2083 3143 et

498 3186 623 3255 quid
652 3185 930 3239 ouerosius
955 3183 1056 3246 sit,
1090 3197 1193 3235 non
1217 3181 1481 3245 occidere,
1511 3197 1576 3234 an
1601 3196 1707 3235 non
1734 3181 1929 3235 irasci?
1953 3181 2083 3247 Quis

498 3278 755 3341 severior,
787 3276 876 3346 qui
908 3274 1175 3330 homicidii
1207 3288 1391 3343 pteuas
1418 3273 1631 3342 repetit,
1660 3288 1726 3325 an
1750 3272 1839 3343 qui
1866 3273 2080 3327 iracun-

498 3370 638 3425 dias?
664 3369 753 3440 qui
779 3367 1045 3424 machum
1071 3375 1192 3437 post
1217 3375 1482 3436 peractam
1509 3379 1645 3431 rem,
1673 3365 1933 3434 supplicio
1957 3364 2080 3419 sub-

497 3461 610 3532 jicit
632 3500 648 3525 ,
677 3475 743 3514 an
775 3460 865 3529 qui
907 3458 1072 3527 ipsius
1098 3456 1543 3525 concupiscentiae
1565 3455 1716 3525 jubet
1741 3455 1871 3510 dare
1894 3470 2080 3525 pinnas

499 3562 555 3605 et
594 3565 781 3621 poenas
821 3548 1188 3603 immortales?
1233 3546 1459 3613 Videte,
1507 3547 1558 3601 in
1601 3547 1924 3601 contrarium
1974 3547 2080 3601 illis

498 3655 817 3695 conversum
844 3654 962 3693 esse
989 3653 1312 3693 sermonem.
1354 3637 1488 3692 Nam
1519 3639 1715 3693 veteris
1744 3639 1876 3709 legis
1902 3639 2040 3695 Deus
2060 3681 2076 3707 ,

498 3746 657 3801 quem
687 3730 787 3799 ipsi
813 3729 996 3784 dicunt
1020 3727 1292 3783 crudelem
1321 3743 1470 3793 esse,
1505 3737 1813 3783 mansuetus
1840 3731 2078 3785 invenie-

499 3832 622 3886 tur;
670 3837 819 3875 novae
856 3830 1031 3876 autem
1064 3820 1194 3889 legis
1220 3821 1390 3887 Deus,
1421 3836 1579 3891 quem
1607 3836 1725 3875 esse
1753 3822 1947 3877 bonum
1980 3824 2077 3893 ipsi

499 3915 768 3976 fatentur,
818 3912 1073 3966 molestus
1121 3920 1174 3965 et
1223 3926 1480 3965 onerosus
1524 3912 1814 3967 secundum
1864 3914 2076 3967 illorum

498 4004 793 4060 stultitiam.
848 4002 955 4057 Nos
998 4003 1195 4073 quippe
1240 4017 1402 4057 unum
1449 4004 1802 4073 eumdemque
1853 4004 2078 4059 dicimus

496 4096 771 4163 utriusque
802 4094 1123 4148 Testamenti
1155 4093 1513 4162 legislatorem
1533 4135 1547 4158 ,
1577 4094 1665 4162 qui
1696 4093 1872 4148 omnia
1903 4104 1959 4148 ut
1987 4095 2078 4149 tle-

494 4185 651 4241 cebat
675 4185 1035 4253 dispensavit,
1062 4194 1117 4237 et
1145 4194 1444 4254 temporum
1470 4184 1765 4239 discrimini
1802 4186 2078 4255 utriusque

494 4277 629 4347 legis
672 4275 1027 4331 differentiam
1071 4276 1288 4343 aptavit.
1340 4274 1500 4345 Igitur
1536 4290 1636 4329 nec
1680 4276 1765 4329 illa
1811 4286 2078 4346 praecepta

490 4368 752 4435 crudelia,
779 4382 951 4438 neque
980 4367 1093 4421 luec
1115 4382 1342 4422 onerosa
1365 4369 1449 4422 vel
1469 4369 1713 4435 molesta,
1740 4369 1833 4423 sed
1855 4378 2078 4440 utraque

494 4463 564 4518 ab
604 4476 708 4517 una
749 4460 1042 4530 eademque
1079 4460 1408 4529 providentia
1451 4462 1878 4529 proficiscuntur.
1925 4463 2077 4531 Quod

490 4552 638 4607 enim
696 4550 813 4621 ipse
864 4558 1100 4605 veterem
1149 4567 1366 4622 quoque
1417 4552 1585 4621 legem
1635 4554 1885 4618 dederit,
1942 4553 2070 4608 audi

488 4643 814 4714 prepbetam
847 4643 1148 4709 dicentem,
1191 4644 1300 4698 imo
1332 4644 1643 4713 (dicendum
1676 4647 1799 4714 est)
1831 4656 1885 4700 et
1920 4646 2069 4700 illum

483 4743 550 4789 vet
582 4736 901 4806 prophetam
943 4755 956 4791 :
1006 4735 1299 4805 Disponam
1340 4736 1481 4790 vobis
1530 4746 1931 4801 testamentum,
1967 4755 2070 4792 non

484 4829 780 4883 secundum
832 4839 1203 4885 testamentum
1254 4829 1391 4900 quod
1438 4830 1680 4899 disposui
1718 4831 1955 4899 patribus
1988 4848 2071 4885 ve-

495 4915 614 4968 stris
643 4914 791 4984 (Jer.
819 4916 907 4970 51.
932 4916 1020 4972 51.
1047 4916 1118 4971 52
1140 4916 1183 4986 ).
1221 4916 1372 4984 Quod
1410 4916 1452 4969 si
1498 4919 1599 4971 hoc
1638 4933 1744 4973 non
1786 4918 2002 4988 recipiat
2034 4921 2079 4973 is

492 5006 585 5075 qui
624 5005 1030 5060 Mauiebmorum
1070 5008 1255 5063 morbo
1281 5008 1487 5062 laborat
1512 5008 1621 5078 (a),
1650 5009 1828 5063 audiat
1854 5009 2075 5064 Paulum

494 5097 599 5152 hoc
624 5098 798 5166 ipsum
825 5112 1010 5151 rursus
1033 5098 1296 5155 dicentem
1323 5120 1337 5155 :
1362 5102 1615 5154 Abraham
1641 5103 1771 5156 enim
1793 5103 1918 5156 duos
1943 5102 2079 5171 ﬁlios

494 5189 668 5245 habuit
689 5206 708 5255 ;
735 5205 893 5242 unum
917 5192 979 5241 de
997 5191 1203 5255 ancilla,
1228 5202 1271 5244 et
1297 5208 1451 5244 unum
1473 5193 1534 5245 de
1558 5192 1735 5246 libera.
1762 5192 1889 5246 Hac
1909 5203 2077 5247 autem

493 5292 611 5336 sunt
634 5282 736 5334 duo
759 5289 1053 5334 testamenta
1075 5279 1269 5348 (-Galat.
1296 5283 1349 5335 4.
1371 5282 1459 5335 22.
1482 5281 1593 5351 24).
1620 5282 2076 5349 Quemadmodum

493 5387 623 5441 ergo
649 5372 757 5426 illic
782 5370 1005 5426 diversae
1029 5381 1149 5424 sunt
1177 5371 1427 5427 mulieres
1445 5412 1461 5437 ,
1495 5388 1627 5426 unus
1653 5382 1828 5426 autem
1855 5375 1938 5429 vir
1964 5392 1976 5427 :
2000 5376 2078 5430 sic

492 5473 548 5516 et
586 5462 686 5516 hoc
726 5462 844 5516 loco
881 5461 987 5517 duo
1014 5462 1351 5517 Tes1amenta
1377 5502 1391 5526 ,
1424 5479 1558 5518 unus
1588 5464 1875 5534 legislator.
1928 5467 1993 5521 Et
2022 5476 2078 5521 ιιι

493 5552 687 5619 discas,
720 5570 877 5609 unam
900 5554 1250 5624 eamdemque
1277 5554 1440 5609 fuisse
1467 5556 1741 5625 utrobique
1772 5569 2077 5613 mansuetu-

557 5688 632 5749 (a)
669 5691 906 5741 Manichaei
947 5692 1012 5741 de
1057 5692 1235 5754 quibus
1277 5702 1392 5754 mox
1428 5685 1641 5753 loquitur
1692 5689 2075 5754 Chrysostomus,

498 5746 654 5799 Vetus
671 5758 1029 5802 Testamentum
1064 5746 1159 5802 non
1182 5746 1515 5802 admittebant:

1263 309 1317 367 S.
1357 308 1634 366 JOANNIS
1668 304 2140 365 CIIRYSOSTOMI
2176 305 2492 364 ARCHlEP.
2532 300 3060 365 CONSTANTINOP.

2452 112 2473 145 Ι

3704 315 3807 371 248

2217 421 2396 477 dinem
2427 441 2440 475 :
2470 423 2575 478 illic
2602 424 2814 494 quidem
2840 424 2992 488 dixit,
3017 420 3243 479 Oculum
3266 442 3358 495 pro
3382 429 3570 494 oculo;
3596 429 3683 486 hic
3710 450 3807 486 an-

2216 524 2318 566 tem
2348 535 2361 568 :
2388 514 2448 567 Si
2477 516 2588 583 quis
2614 526 2661 568 te
2685 516 2981 584 percusserit
3002 516 3054 569 in
3080 518 3339 572 maxillam
3364 519 3645 587 dexteram,
3672 535 3803 579 verte

2211 605 2286 658 illi
2316 619 2363 657 el
2387 606 2617 659 alterum.
2657 607 3115 675 Quetuadmodum
3140 612 3285 664 enim
3318 612 3426 665 illic
3454 615 3645 670 timore
3674 633 3801 687 sup-

2211 696 2352 764 plicii
2386 696 2664 751 bedcntem
2693 698 2918 761 retinet;
2953 700 3039 754 hic
3064 717 3274 769 quoque
3300 703 3490 758 eodem
3519 706 3699 761 modo.
3736 710 3803 762 Et

2209 787 2494 855 quomodo,
2521 789 2748 858 inquies,
2768 804 2890 842 cum
2905 790 3093 859 jubeat
3113 791 3256 844 illum
3272 801 3327 846 et
3345 794 3500 847 aliam
3521 797 3798 863 pnebere?

2208 880 2343 945 Quid
2386 880 2487 934 hoc
2517 880 2776 936 tandem?
2819 881 2934 936 Non
2967 883 3109 937 enim
3148 894 3205 937 ut
3240 896 3438 939 metum
3479 890 3650 943 solvat
3694 890 3798 945 ltoc

2207 976 2480 1043 praecipit,
2512 976 2605 1030 sed
2629 975 2781 1045 jubet
2817 977 3045 1046 prasberi
3083 978 3182 1047 ipsi
3223 979 3437 1033 modum
3474 996 3535 1035 se
3575 999 3798 1052 prorsus

2205 1066 2464 1131 satiandi;
2496 1082 2670 1136 neque
2695 1067 2829 1121 dixit
2854 1068 3000 1121 illum
3024 1069 3240 1138 impune
3266 1069 3399 1135 fore,
3430 1087 3613 1125 verum
3643 1084 3695 1126 tu
3725 1090 3796 1127 ne

2205 1159 2431 1227 punias;
2458 1159 2611 1213 simul
2639 1175 3008 1228 percussorem
3031 1161 3074 1215 si
3099 1162 3349 1230 persistat
3370 1164 3537 1233 magis
3559 1174 3793 1232 terrens,

2203 1258 2258 1302 et
2287 1265 2596 1318 percussum
2625 1251 2928 1304 consolans.
2974 1250 3169 1305 Verum
3216 1256 3328 1306 haec
3352 1292 3366 1317 ,
3407 1263 3463 1305 ut
3501 1255 3544 1307 si
3575 1256 3693 1323 quis
3736 1256 3791 1309 in

2201 1350 2511 1397 transcursu
2548 1342 2617 1398 de
2657 1343 2905 1396 omnibus
2941 1346 3221 1413 prmceptis
3262 1345 3537 1413 loquatur,
3569 1363 3596 1399 a
3635 1348 3792 1402 nobis

2201 1432 2343 1488 dicta
2381 1445 2560 1488 sunto.
2610 1433 2726 1489 Jam
2754 1434 2818 1487 ad
2854 1437 3180 1502 prepositum
3213 1437 3387 1491 redire
3414 1453 3633 1492 necesse
3660 1449 3787 1504 est,

2201 1540 2408 1579 necnon
2440 1526 2634 1581 seriem
2669 1526 2814 1593 prius
2843 1526 3102 1579 dictorum
3134 1537 3396 1595 repetere.
3429 1530 3529 1594 Qui
3553 1531 3791 1584 irascitur

2201 1617 2349 1687 fratri
2373 1633 2464 1670 suo
2494 1626 2694 1670 temere
2714 1657 2728 1679 ,
2764 1633 2879 1669 reus
2904 1616 2996 1669 erit
3013 1616 3214 1687 judicio
3233 1660 3247 1683 ,
3277 1618 3465 1685 inquit.
3496 1618 3610 1673 Non
3641 1622 3786 1675 enim

2198 1725 2419 1779 prorsus
2454 1725 2568 1763 rem
2610 1710 2860 1763 sustulit:
2894 1710 3068 1778 primo
3094 1752 3106 1772 ,
3133 1711 3253 1778 quia
3286 1727 3389 1763 non
3421 1722 3595 1779 potest
3624 1712 3789 1766 homo

2199 1801 2361 1854 animi
2403 1800 2680 1855 affectibus
2723 1814 2940 1869 prorsus
2985 1800 3234 1863 liberari;
3267 1801 3360 1854 sed
3393 1802 3514 1856 illos
3550 1805 3787 1859 retinere

2197 1892 2413 1961 quidem
2443 1906 2724 1961 possumus
2742 1932 2758 1956 ,
2785 1891 2987 1960 absque
3014 1891 3115 1945 illis
3141 1892 3359 1946 omnino
3383 1907 3502 1947 esse
3527 1910 3629 1946 nou
3658 1911 3784 1965 pos-

2197 1998 2414 2049 sumus;
2447 1984 2639 2039 deinde
2664 2025 2678 2048 ,
2714 1984 2837 2053 quia
2878 1985 2967 2038 ille
3004 1986 3164 2038 animi
3197 1995 3373 2039 motus
3400 1987 3545 2041 utilis
3574 1998 3695 2054 est,
3735 1990 3781 2043 si

2199 2077 2289 2130 illo
2330 2079 2563 2132 sciamus
2606 2087 2904 2146 opportune
2942 2079 3039 2132 uti.
3087 2078 3362 2147 Perpende
3404 2082 3545 2133 enim
3584 2093 3782 2151 quanta

2196 2170 2333 2224 bona
2355 2170 2594 2223 attulerit
2613 2170 2759 2224 Pauli
2783 2171 2860 2224 ira
2880 2180 3063 2223 contra
3086 2171 3410 2226 Corinthios.
3433 2172 3563 2226 Nam
3582 2183 3638 2227 et
3665 2173 3785 2229 illos

2195 2277 2224 2315 a
2255 2278 2441 2331 magna
2483 2272 2628 2332 peste
2659 2262 2933 2326 liberavit;
2979 2262 3281 2318 Galatarum
3308 2264 3433 2318 item
3460 2275 3673 2335 gentem
3706 2267 3785 2320 la-

2196 2369 2343 2422 psam
2390 2369 2486 2422 per
2516 2354 2652 2407 hanc
2681 2354 3045 2423 recuperavit,
3086 2354 3326 2424 aliosque
3366 2357 3581 2410 multos.
3626 2358 3782 2424 Quod

2193 2461 2320 2515 ergo
2357 2455 2566 2515 tempus
2612 2447 2705 2501 ira:
2730 2456 3085 2516 opportunum
3126 2447 3251 2501 est?
3279 2447 3501 2515 Quando
3536 2465 3639 2503 non
3680 2468 3783 2507 nos

2195 2538 2338 2606 ipsos
2381 2539 2723 2603 ulciscimur,
2756 2539 2850 2593 sed
2887 2539 3020 2591 alios
3060 2540 3360 2608 petulantes
3400 2541 3737 2609 reprimimus
3761 2586 3777 2605 ,

2192 2626 2406 2682 desides
2432 2630 2811 2682 convertimus.
2838 2628 2988 2696 Quod
3020 2639 3226 2698 tempus
3248 2645 3353 2683 non
3379 2641 3736 2701 opportunum
3754 2636 3782 2686 ἲ

2191 2720 2414 2787 Quando
2443 2737 2542 2775 nos
2570 2722 2715 2789 ipsos
2744 2722 3059 2777 ulciscentes
3088 2722 3139 2775 id
3172 2722 3413 2777 facimus.
3445 2723 3596 2789 Quod
3632 2726 3776 2781 Pau-

2191 2812 2274 2865 lus
2314 2813 2568 2867 cohibcns
2597 2812 2810 2867 dicebat
2842 2831 2855 2866 :
2892 2812 3013 2867 Non
3055 2815 3378 2883 vosmetipsos
3422 2816 3733 2870 vindicantes
3757 2858 3771 2880 ,

2190 2903 2393 2970 dilecti,
2425 2904 2514 2957 sed
2542 2904 2659 2957 date
2681 2905 2845 2957 locum
2874 2904 2964 2957 ira:
2988 2904 3165 2973 (Rom.
3200 2904 3288 2959 12.
3318 2905 3428 2977 19).
3457 2907 3680 2973 Quando
3708 2908 3778 2961 de

2190 2997 2429 3065 pecuniis
2471 2996 2757 3067 litigamus.
2803 2996 2935 3051 Nam
2974 3006 3028 3052 et
3066 2997 3169 3051 hoc
3206 2998 3288 3052 bis
3314 2999 3490 3052 verbis
3517 2999 3729 3054 sustulit
3759 3018 3773 3051 :

2192 3089 2361 3156 Quare
2388 3105 2486 3141 non
2515 3090 2676 3159 magis
2703 3088 2945 3159 injuriam
2973 3089 3237 3159 accipitis?
3278 3106 3433 3159 quare
3473 3107 3572 3143 non
3614 3093 3777 3162 magis

2187 3182 2418 3250 frondent
2444 3182 2672 3250 patimini
2701 3183 2719 3251 (
2745 3183 2796 3234 1.
2825 3181 2941 3236 Cor.
2976 3183 3029 3237 6.
3071 3182 3187 3250 7)?
3212 3182 3360 3237 Sicut
3381 3183 3521 3236 enim
3550 3183 3669 3236 hac
3696 3184 3772 3236 ira

2188 3287 2579 3341 supervacanea
2607 3283 2687 3327 est
2708 3315 2723 3339 ,
2755 3274 2833 3328 sic
2861 3274 2948 3326 illa
2979 3275 3275 3328 necessaria
3299 3283 3354 3327 et
3379 3275 3540 3328 utilis.
3577 3274 3773 3329 Verum

2188 3366 2337 3420 multi
2365 3381 2395 3419 e
2431 3367 2702 3420 contrario
2740 3367 2968 3433 faciunt,
3006 3366 3249 3429 efferati,
3275 3381 3396 3421 cum
3435 3366 3623 3437 injuria
3644 3366 3775 3421 alli-

2185 3458 2436 3519 ciuntur,
2482 3457 2698 3511 resoluti
2741 3470 2796 3511 et
2834 3456 3022 3511 molles
3046 3498 3060 3522 ,
3098 3472 3218 3510 cum
3266 3457 3449 3511 lmsum
3489 3456 3649 3510 alium
3688 3457 3771 3509 vi—

2185 3546 2316 3601 deut
2355 3565 2367 3599 :
2398 3563 2517 3616 quae
2544 3547 2703 3601 ambo
2730 3548 2994 3601 contraria
3023 3557 3145 3601 sunt
3182 3548 3501 3617 evangelicis
3540 3547 3768 3616 legibus.

2184 3636 2301 3691 Non
2327 3652 2456 3708 ergo
2482 3638 2635 3692 irasci
2668 3639 2903 3707 iniquum
2932 3649 3015 3692 est
3040 3679 3055 3702 ,
3087 3637 3179 3692 sed
3208 3639 3562 3708 inopportune
3586 3638 3768 3692 irasci.

2187 3730 2311 3784 ldeo
2339 3731 2592 3800 propheta
2620 3730 2829 3786 dicebat
2858 3749 2871 3784 :
2901 3729 3190 3784 Irascimini
3209 3771 3223 3795 ,
3264 3739 3311 3783 et
3349 3728 3503 3783 nolite
3539 3745 3768 3799 peccare.

2189 3820 2288 3887 Qui
2317 3832 2487 3875 autem
2519 3820 2701 3875 dixerit
2738 3822 2887 3891 fratri
2924 3837 3049 3885 suo,
3080 3837 3200 3873 rara
3223 3859 3238 3883 ,
3279 3835 3391 3873 reus
3428 3820 3521 3873 erit
3557 3819 3773 3873 concilio

2185 3920 2203 3988 (
2231 3916 2377 3974 Psal.
2408 3918 2461 3970 4.
2495 3914 2589 3984 5).
2638 3912 2933 3967 Concilium
2965 3910 3087 3977 hic,
3125 3910 3379 3979 judicium
3423 3910 3770 3965 llebrteorum

2184 4018 2359 4065 vocat.
2405 4006 2557 4076 Quod
2601 4005 2719 4060 ideo
2751 4018 2890 4058 nunc
2919 4004 3130 4073 posuit,
3174 4017 3241 4057 ne
3281 4002 3476 4072 ubique
3500 4002 3773 4057 videretur

2186 4117 2325 4156 nova
2372 4110 2426 4154 et
2461 4097 2737 4169 peregrina
2771 4096 2969 4151 dicere.
3015 4095 3146 4150 lllud
3186 4102 3402 4160 autem,
3440 4093 3582 4148 Raca
3605 4136 3619 4159 ,
3662 4109 3771 4149 non

2184 4209 2389 4265 magna:
2416 4191 2753 4248 contumeliae
2779 4206 2879 4243 vox
2906 4198 3016 4253 est,
3041 4188 3136 4243 sed
3160 4190 3333 4258 potius
3358 4198 3695 4257 contemptus
3713 4199 3773 4243 et

2185 4284 2539 4356 negligentia.
2564 4279 3023 4349 Quemadmodum
3042 4280 3183 4334 enim
3204 4295 3303 4334 nos
3319 4278 3527 4333 famulis
3546 4279 3772 4348 aliisque

2185 4378 2351 4432 infimi
2393 4374 2589 4446 gradus
2618 4375 2941 4443 imperantes
2979 4371 3206 4425 dicimus
3236 4389 3248 4424 :
3281 4370 3426 4424 Vade
3474 4378 3526 4423 tu
3549 4411 3563 4433 ,
3596 4371 3683 4423 die
3711 4380 3769 4423 tu

2185 4469 2263 4524 illi
2294 4487 2307 4523 :
2334 4469 2413 4523 sic
2451 4467 2538 4537 qui
2570 4466 2823 4537 Syrorum
2865 4463 3037 4533 lingua
3080 4473 3330 4526 utuntur,
3360 4461 3666 4516 voceRaca
3694 4461 3771 4516 uti

2184 4559 2377 4623 solent,
2406 4557 2485 4611 Tu
2510 4556 2893 4626 significantes.
2920 4552 3025 4608 Sed
3052 4553 3312 4623 benignus
3336 4553 3476 4608 Deus
3500 4553 3586 4607 vel
3615 4553 3773 4607 mini-

2185 4663 2271 4703 ma
2299 4647 2517 4714 evellit,
2553 4646 2747 4714 jubens
2790 4657 2890 4699 nos
2931 4652 3242 4699 reverenter
3274 4652 3459 4697 mutuo
3484 4658 3644 4712 agere
3668 4684 3683 4709 ,
3714 4652 3772 4697 et

2186 4754 2306 4795 cum
2337 4738 2539 4793 honore
2566 4738 2798 4803 decenti,
2821 4746 2881 4791 ut
2900 4752 3000 4807 per
3018 4736 3313 4790 haecetiam
3344 4735 3543 4804 majora
3575 4735 3771 4790 tollan-

2186 4841 2291 4886 tur.
2326 4830 2426 4895 Qui
2450 4839 2615 4884 autent
2640 4829 2859 4895 dixerit,
2893 4831 3065 4899 fatue,
3088 4844 3208 4881 reus
3234 4827 3326 4881 erit
3354 4827 3593 4897 gehennae
3614 4825 3769 4895 ignis.

2184 4922 2299 4978 Hoc
2327 4930 2649 4991 przeceptum
2678 4920 2861 4974 multis
2886 4934 3046 4989 grave
3068 4927 3121 4973 et
3144 4932 3428 4974 onerosum
3454 4917 3626 4971 visum
3650 4923 3769 4969 est:

2185 5015 2228 5069 si
2271 5029 2367 5084 pro
2394 5029 2501 5069 uno
2529 5014 2751 5083 simplici
2780 5012 2948 5067 verbo
2986 5020 3193 5065 tantum
3231 5008 3522 5065 debeamus
3566 5007 3771 5077 suppli-

2185 5107 2327 5162 cium
2367 5106 2532 5160 luere.
2565 5103 2788 5171 Quidam
2817 5117 2943 5158 vero
2981 5102 3083 5157 hoc
3121 5102 3292 5170 ipsum
3324 5097 3665 5170 hyperbolice
3690 5096 3768 5149 di-

2191 5208 2333 5253 ctum
2357 5198 2678 5252 existimant.
2731 5194 2832 5250 Sed
2861 5208 3052 5249 vereor
3078 5207 3144 5248 ne
3172 5191 3351 5247 verbis
3380 5190 3464 5243 hic
3492 5203 3591 5243 nos
3618 5187 3771 5243 deci-

2187 5290 2414 5361 pientes,
2443 5289 2617 5358 reipsa
2646 5300 2945 5341 extremum
2973 5284 3259 5340 subeamus
3284 5281 3622 5351 supplicium.

2259 5383 2313 5436 8.
2353 5379 2448 5434 Ira
2475 5396 2565 5433 cur
2590 5378 2928 5449 reprimenda.
2957 5376 3272 5431 Contumelia
3308 5374 3437 5427 nihil
3474 5370 3771 5426 intolerabi-

2188 5471 2304 5525 lius.
2328 5501 2394 5512 —-
2424 5470 2550 5534 Cur,
2593 5484 2796 5539 quaeso,
2845 5484 3133 5524 onerosum
3180 5466 3387 5521 videtur
3414 5478 3536 5519 esse
3560 5477 3771 5533 praece-

2189 5566 2374 5634 ptum?
2401 5565 2479 5619 An
2507 5564 2683 5619 nescis
2708 5563 2961 5633 pleraque
2989 5562 3246 5631 supplicia
3268 5569 3321 5614 et
3348 5568 3562 5629 peccata
3589 5573 3617 5609 a
3646 5573 3770 5611 ver-

2190 5656 2271 5710 bis
2300 5656 2505 5709 initium
2552 5655 2785 5711 ducere?
2828 5655 2929 5708 Per
2956 5654 3115 5707 verba
3156 5653 3299 5707 enim
3348 5650 3697 5721 blaSphemia:
3715 5660 3773 5706 et

2189 5748 2468 5817 abnegatio
2485 5748 2608 5812 Dei;
2636 5764 2727 5817 per
2744 5747 2923 5811 verba,
2946 5746 3181 5802 convicia
3204 5754 3257 5800 et
3275 5742 3636 5810 contumelia,
3652 5762 3739 5815 per
3760 5774 3777 5786 -
