4076 6150
359 234 465 291 260

360 350 518 419 jurta,
562 345 693 401 falsa
737 343 1060 409 testimonia,
1092 342 1204 413 ipsa
1235 339 1541 396 homicidia.
1593 336 1668 392 Nc
1697 338 1855 405 igitur
1889 333 1941 388 id

363 436 631 501 attendas,
658 436 798 506 quod
828 450 989 490 unum
1016 437 1085 489 sit
1107 434 1365 499 verbum;
1397 430 1491 487 sed
1522 446 1587 485 an
1606 429 1827 484 ιιιιιιιυηι
1849 428 1945 481 ha-

363 532 486 585 heat
513 527 754 599 periculi,
778 526 879 583 hoc
904 527 1171 583 examina.
1194 528 1273 580 An
1297 526 1528 595 ignoras,
1553 520 1945 577 inimicitiarum

364 630 628 689 tempore,
651 634 771 673 eum
799 621 873 673 ira
897 618 1237 675 succenditur
1257 618 1465 671 animus
1489 623 1544 670 et
1567 613 1946 678 inflammatur,

370 727 477 764 rem
501 711 772 765 minimam
790 725 1038 780 magnam
1057 708 1248 775 videri,
1272 716 1327 763 et
1353 706 1617 761 modicum
1648 703 1947 760 convicium

364 802 650 857 molestum
674 801 829 856 esse?
852 801 1110 872 Smpeque
1139 800 1254 855 haec
1283 814 1440 869 parva
1468 807 1522 853 et
1544 796 1951 852 homicidiorum

364 907 521 947 causa
552 891 725 957 fuere,
752 899 807 946 et
834 892 1080 947 civitates
1119 891 1352 962 integras
1379 888 1774 945 subverterunt.
1805 886 1953 942 Sicut

366 986 508 1041 enim
540 985 681 1041 inter
707 985 910 1039 amicos
937 983 1099 1040 etiam
1124 1000 1243 1055 qua:
1270 983 1492 1037 molesta
1514 991 1660 1044 sunt.
1686 980 1819 1035 levia
1848 979 1950 1033 du-

365 1087 590 1131 cuntur:
614 1076 712 1140 sic,
741 1075 1014 1130 inimicitia
1035 1075 1274 1137 suborta.
1297 1074 1377 1129 vel
1403 1072 1618 1127 minima
1648 1070 1955 1126 intolerabi-

367 1168 437 1221 lia
465 1166 731 1221 videntur.
762 1165 985 1221 Etiamsi
1013 1166 1327 1235 simpliciter
1353 1165 1495 1220 dicta
1524 1165 1651 1229 sint,
1678 1162 1819 1217 malo
1839 1163 1956 1215 ani-

369 1276 458 1314 mo
482 1260 687 1329 prolata
728 1259 1119 1313 existimantur.
1149 1258 1228 1312 Ac
1252 1255 1700 1328 quemadmodum
1731 1254 1783 1308 in
1809 1254 1951 1324 igne,

368 1353 414 1404 si
444 1366 604 1421 parva
634 1350 862 1406 scintilla
911 1350 998 1415 sit,
1051 1349 1261 1405 etiamsi
1309 1350 1586 1404 innumera
1637 1348 1774 1416 ligna
1806 1345 1957 1415 adja-

368 1452 547 1508 ceant,
578 1456 685 1496 non
714 1441 869 1497 facile
896 1442 1325 1507 inflammantur;
1359 1440 1403 1495 si
1430 1455 1559 1495 vero
1584 1440 1692 1508 jam
1719 1439 1771 1492 in
1790 1437 1955 1492 altum

370 1535 584 1589 flamma
610 1540 914 1603 consurgat,
940 1548 1047 1588 non
1078 1533 1219 1602 ligna
1244 1532 1423 1596 modo,
1448 1530 1541 1585 sed
1566 1531 1725 1585 etiam
1755 1528 1960 1597 lapides

371 1624 638 1694 aliamque
661 1623 984 1679 incidentem
1014 1624 1291 1678 materiam
1321 1622 1477 1678 facile
1503 1620 1752 1690 corripit;
1779 1629 1835 1675 et
1865 1635 1963 1689 per

372 1733 490 1787 qum
519 1717 773 1788 restingui
798 1716 957 1783 solet,
986 1732 1082 1785 per
1104 1716 1218 1770 haec
1236 1716 1520 1770 violentius
1546 1714 1696 1768 ardet
1724 1712 1959 1787 (quidam

373 1810 515 1863 enim
543 1809 729 1864 dicunt
756 1824 864 1863 non
895 1809 1094 1879 lignum
1125 1808 1304 1872 modo,
1330 1816 1574 1876 stuppam
1603 1806 1810 1875 aliaque
1828 1804 1963 1874 ignis

375 1900 650 1963 alimenta,
677 1899 774 1954 sed
799 1899 959 1955 etiam
988 1899 1277 1953 immissam
1300 1913 1487 1968 aquam
1511 1897 1678 1968 magis
1698 1897 1803 1949 vim
1826 1895 1964 1965 ignis

374 1990 663 2059 excitare):
689 1991 766 2046 sic
791 1999 844 2045 et
872 1990 926 2045 in
952 1991 1029 2045 ira
1075 1991 1298 2045 accidit:
1325 1988 1577 2060 quidquid
1612 1988 1834 2053 dixeris,
1862 1988 1965 2040 ali-

380 2089 619 2134 mentum
649 2079 869 2151 maligni
901 2078 1128 2134 incendii
1154 2080 1333 2133 statim
1354 2076 1607 2133 efﬁcitur.
1633 2078 1762 2145 Qua:
1787 2075 1963 2130 omnia

378 2169 625 2225 Christus
653 2178 776 2224 ante
802 2171 1184 2239 comprimens,
1212 2185 1333 2223 eum
1358 2169 1447 2239 qui
1477 2178 1677 2224 temere
1699 2168 1963 2233 irascitur,

375 2259 577 2329 judicio
602 2259 975 2314 condemnavit
1000 2259 1143 2328 (ideo
1172 2259 1325 2325 dixit,
1353 2258 1452 2324 Qui
1470 2259 1724 2325 irascitur,
1746 2274 1861 2312 reus
1875 2258 1973 2311 erit

373 2352 615 2423 judicio),
642 2354 909 2409 dicentem
934 2366 1085 2420 vero,
1113 2368 1259 2420 raca,
1290 2367 1442 2407 reum
1470 2366 1591 2408 esse
1617 2352 1691 2405 ait
1717 2351 1964 2407 concilio.

379 2442 485 2499 Sed
526 2442 640 2498 haec
668 2443 907 2499 nondum
937 2458 1127 2514 magna
1159 2451 1316 2497 sunt:
1350 2443 1402 2497 in
1433 2442 1536 2497 hoc
1576 2443 1718 2497 enim
1765 2441 1969 2496 saeculo

382 2534 693 2600 puniuntur.
714 2533 946 2604 Ideoque
973 2534 1021 2589 ei
1043 2534 1133 2604 qui
1164 2533 1363 2587 fatumn
1382 2531 1746 2603 appellaverit,
1770 2532 1970 2603 gehen-

384 2642 466 2680 nre
488 2625 662 2695 ignem
689 2625 913 2696 adjecit;
947 2640 1194 2695 uuncquc
1235 2624 1463 2695 primum
1492 2624 1752 2695 gehennae
1782 2638 1968 2678 vocem

384 2717 624 2785 protulit.
657 2716 811 2771 Prius
837 2715 979 2770 enim
1022 2716 1187 2771 multa
1217 2716 1284 2769 de
1328 2730 1492 2785 regno
1528 2715 1795 2785 loquutus,
1844 2723 1971 2769 tunc

384 2823 504 2862 eam
527 2809 874 2874 memoravit;
903 2808 1193 2864 ostendens
1225 2807 1354 2862 illud
1383 2807 1598 2877 quidem
1630 2808 1971 2879 benignitatis

384 2909 440 2952 ct
466 2898 758 2955 voluntatis
786 2915 897 2955 suae
922 2914 1063 2965 esse,
1106 2899 1245 2954 hanc
1288 2915 1420 2954 vero
1447 2909 1645 2955 nostra:
1685 2901 1966 2956 socordiae.

385 2992 463 3044 Ac
488 2989 612 3044 vide
638 2990 910 3060 quomodo
962 2992 1214 3061 paulatim
1263 2992 1520 3061 procedat
1569 2993 1623 3047 in
1674 2994 1967 3064 suppliciis,

385 3082 537 3152 quasi
569 3083 682 3139 fere
710 3098 830 3139 sese
855 3083 996 3153 apud
1026 3093 1076 3138 te
1108 3094 1377 3154 purgaret,
1408 3085 1721 3149 ostendens,
1761 3103 1821 3141 se
1849 3087 1971 3157 qui-

385 3175 508 3229 dem
552 3176 725 3230 nullas
750 3176 951 3232 similes
991 3178 1165 3232 minas
1191 3178 1454 3233 intentare
1481 3178 1639 3242 velle,
1670 3194 1768 3233 nos
1796 3188 1970 3234 autem

388 3268 537 3322 illum
560 3268 625 3321 ad
646 3268 777 3323 tales
791 3268 1220 3323 denuntiationes
1235 3269 1578 3339 compellere.
1597 3269 1975 3325 Animadverte

387 3360 550 3413 enim.
585 3359 725 3425 Dixi,
759 3374 826 3413 ne
870 3358 1064 3413 frustm
1095 3359 1360 3423 irascaris,
1392 3375 1513 3413 nam
1545 3375 1672 3415 reus
1697 3361 1805 3415 eris
1827 3360 1972 3429 judi-

389 3448 503 3513 cio;
527 3449 757 3519 primum
784 3448 915 3504 illud
950 3449 1340 3520 contempsisti.
1369 3449 1503 3505 Vide
1544 3450 1671 3521 quid
1709 3452 1977 3521 pepererit

389 3541 502 3596 ira:
531 3541 595 3595 ad
622 3542 1002 3597 contumeliam
1034 3540 1366 3598 inferendam
1395 3552 1447 3597 te
1476 3543 1654 3597 statim
1695 3546 1973 3612 pertraxit.

389 3632 533 3688 Raca
563 3634 705 3688 enim
733 3634 935 3690 vocasti
965 3634 1185 3690 fratrem
1218 3643 1398 3702 tuum;
1431 3650 1618 3690 rursus
1642 3636 1802 3690 aliam
1844 3650 1976 3691 con-

389 3724 537 3779 stitui
568 3739 803 3794 plenam,
832 3741 1025 3797 nempe
1050 3727 1284 3783 concilii.
1307 3727 1363 3783 Si
1392 3728 1493 3783 hac
1514 3731 1677 3783 etiam
1702 3727 1973 3797 despecta,

392 3816 459 3869 ad
474 3816 615 3871 aliud
638 3816 894 3885 procedas
908 3818 1141 3888 gravius.
1165 3833 1269 3873 non
1293 3819 1429 3873 ultra
1448 3827 1499 3874 te
1518 3817 1809 3874 moderatis
1831 3818 1978 3874 hisce

390 3908 565 3975 poenis
595 3909 842 3975 ulciscar,
870 3909 965 3965 sed
997 3910 1279 3965 immortali
1313 3911 1573 3981 gehennae
1601 3910 1884 3981 supplicio,
1909 3926 1977 3965 ne

391 3999 608 4055 demum
633 4000 698 4055 ad
729 4002 934 4056 caedem
958 4002 1117 4056 etiam
1141 4002 1408 4072 prosilias.
1437 4002 1579 4057 Nihil
1603 4014 1681 4058 est
1706 4004 1869 4065 enim,
1897 4004 1979 4057 ni-

392 4089 466 4145 liil
491 4101 573 4147 est
602 4094 787 4163 utique
811 4094 1132 4149 contumelia
1150 4094 1554 4160 intolerabilius,
1582 4110 1680 4149 nec
1703 4095 1844 4165 quod
1866 4110 1981 4149 ma-

392 4183 472 4252 gis
489 4185 653 4253 possit
678 4183 969 4240 humanum
987 4185 1237 4241 mordere
1260 4185 1517 4240 animum.
1536 4186 1686 4252 Quod
1713 4187 1755 4239 si
1777 4186 1976 4240 dictum

392 4274 522 4329 illud
552 4275 994 4331 contumeliosius
1022 4286 1076 4330 et
1107 4277 1283 4330 acrius
1326 4274 1504 4342 fuerit,
1549 4285 1657 4330 tum
1698 4275 1889 4346 duplex
1920 4276 1980 4330 ﬁt

395 4364 722 4419 incendium.
755 4365 832 4420 Ne
856 4365 1015 4436 igitur
1036 4366 1152 4421 leve
1177 4366 1451 4421 existimes
1480 4381 1600 4421 esse
1625 4365 1858 4434 aliquem
1880 4382 1978 4418 vo-

391 4470 517 4511 care
548 4456 767 4512 fatuum.
807 4458 1033 4527 Quando
1057 4460 1199 4514 enim
1242 4460 1355 4525 illo,
1386 4474 1492 4529 quo
1517 4474 1548 4512 a
1578 4458 1746 4513 brutis
1773 4457 1978 4514 differi-

392 4563 533 4611 unus,
560 4558 614 4603 et
637 4564 744 4619 quo
781 4551 1013 4606 maxime
1039 4549 1283 4607 homines
1311 4566 1519 4614 sumus,
1561 4560 1739 4605 mente
1776 4551 1981 4606 scilicet

393 4648 552 4709 atque
573 4641 855 4709 prodeuntia
872 4641 1089 4698 fratrem
1115 4643 1336 4713 spolias,
1358 4644 1501 4697 omni
1530 4643 1676 4696 illum
1701 4643 1979 4698 nobilitate

390 4731 637 4798 privasti.
665 4730 742 4785 Ne
767 4732 942 4802 itaque
965 4733 1146 4789 verbis
1164 4734 1338 4791 solum
1368 4734 1723 4802 attendamus,
1765 4734 1857 4789 sed
1889 4750 1978 4789 res

391 4821 539 4890 ipsas
577 4829 630 4874 et
657 4820 903 4878 affectum
938 4824 1362 4894 considerantes,
1403 4827 1697 4895 cogitemus
1726 4834 1978 4898 quantam

395 4912 499 4969 hoc
526 4912 746 4967 verbum
777 4914 985 4985 plagam
1017 4916 1229 4982 inferat,
1278 4927 1333 4973 et
1374 4919 1427 4973 in
1472 4927 1728 4989 quantum
1780 4917 1977 4972 malum

394 5007 693 5077 perveniat.
724 5007 850 5063 ldeo
872 5008 1064 5064 Paulus
1093 5027 1199 5065 non
1230 5011 1468 5067 moechos
1497 5022 1700 5067 tantum
1740 5021 1796 5067 et
1836 5011 1978 5065 mol—

396 5098 496 5163 les,
526 5114 711 5153 verum
737 5100 901 5155 etiam
929 5100 1217 5157 maledicos
1243 5117 1275 5157 a
1302 5116 1469 5173 regno
1497 5102 1723 5158 exclusit
1750 5103 1824 5172 (l.
1854 5099 1974 5157 Cor.

397 5190 451 5246 6.
476 5190 565 5261 10)
592 5208 607 5245 :
632 5200 686 5246 et
706 5191 829 5261 jure
857 5192 1093 5262 quidem.
1123 5192 1256 5248 Nam
1284 5195 1705 5249 contumeliosus
1742 5194 1978 5248 caritatis

396 5282 590 5338 bonum
638 5284 969 5356 pessumdat,
1014 5299 1079 5341 ac
1119 5287 1385 5341 sexcentis
1415 5288 1716 5357 proximum
1746 5285 1975 5340 involvit

400 5378 577 5441 malis,
625 5386 912 5449 perpetuas
943 5376 1086 5433 fovet
1129 5377 1453 5444 inimicitias,
1500 5377 1694 5433 Christi
1738 5376 1977 5432 membra

401 5466 674 5537 discerplt,
706 5483 890 5539 pacem
916 5468 1060 5523 illam
1089 5468 1202 5523 Deo
1226 5467 1516 5538 optabilem
1541 5467 1776 5539 quotidie
1806 5469 1973 5539 pellit,

404 5554 559 5613 latam
581 5558 792 5615 diabolo
819 5574 916 5631 per
937 5559 1294 5615 contumelias
1318 5574 1513 5629 parans
1532 5559 1694 5625 viam,
1724 5560 1980 5630 illumque

401 5649 637 5706 efﬁciens
664 5651 954 5708 fortiorem.
985 5650 1110 5709 Ideo
1135 5650 1378 5709 Christus
1408 5667 1599 5709 nervos
1625 5652 1767 5709 Illius
1791 5659 1983 5720 poten-

1456 225 1521 280 ΙΝ
1556 219 1959 278 ΜΛΤΤΗᾸΞΗΜ
2001 219 2231 275 ιιολιιι.
2272 220 2412 279 XVI.

3537 221 3641 278 250

2056 336 2144 390 tiae
2169 334 2507 400 exscindens,
2541 334 2678 388 hanc
2719 332 2888 401 legem
2939 332 3163 388 induxit.
3215 333 3399 404 Magna
3447 336 3645 405 quippe

2054 437 2136 483 εει
2165 427 2238 482 illi
2265 427 2500 484 caritatis
2526 442 2673 481 cura.
2710 426 2833 479 llme
2868 426 3064 495 quippe
3098 435 3179 480 est
3206 428 3446 481 omnium
3473 438 3644 483 tnater

2054 519 2340 584 bonorum,
2367 528 2514 574 certa
2545 517 2929 587 discipulorum
2956 526 3098 581 nota,
3126 534 3242 587 qua:
3260 520 3435 573 omnia
3462 527 3642 573 nostra

2054 610 2310 664 continet.
2334 610 2462 664 Jure
2484 624 2611 678 ergo
2640 607 2847 662 radices
2886 616 2942 662 et
2988 606 3161 662 fontes
3206 610 3496 667 inimicitia:
3526 627 3644 681 qua:

2055 702 2198 756 illam
2230 699 2537 771 pessumdat
2560 716 2681 755 cum
2710 699 3042 754 vehementia
3071 701 3235 755 multa
3259 701 3506 759 Christus
3530 718 3642 757 am-

2056 800 2206 862 putat
2232 800 2289 846 et
2317 792 2472 846 tollit.
2500 791 2579 846 Ne
2607 792 2766 863 igitur
2790 792 2905 847 haec
2924 808 3019 862 per
3037 792 3364 863 hyperbolen
3385 794 3529 850 dicta
3551 811 3647 865 pu-

2058 894 2160 951 tes,
2191 884 2285 941 sed
2312 886 2554 955 cogitans
2577 895 2774 957 quanta
2801 886 2940 941 bona
2974 903 3163 956 parere
3192 889 3418 957 possint,
3456 889 3645 944 barum

2057 976 2521 1031 mansuetudinem
2561 976 2737 1046 legum
2785 977 3000 1033 mirare.
3030 978 3173 1033 Nihil
3218 979 3359 1034 enim
3401 980 3471 1034 ita
3497 993 3649 1037 curat

2059 1066 2223 1133 Deus,
2250 1076 2312 1121 ut
2342 1082 2440 1122 nos
2461 1069 2657 1122 mutuis
2676 1069 2901 1124 vinculis
2922 1070 3179 1141 colligari.
3205 1071 3329 1127 Ideo
3349 1081 3400 1126 et
3427 1088 3524 1145 per
3543 1073 3649 1128 sei-

2061 1176 2212 1227 psum
2252 1168 2307 1216 et
2347 1176 2446 1231 per
2473 1162 2762 1231 discipulos
2805 1178 2954 1228 suos,
3003 1173 3107 1218 tam
3150 1164 3202 1218 in
3230 1165 3378 1220 Novo
3405 1182 3564 1236 quam
3597 1168 3648 1221 in

2061 1249 2240 1306 Veteri
2271 1251 2637 1320 Testamento,
2691 1254 2858 1308 multo
2902 1254 3004 1309 hoc
3049 1265 3370 1326 praeceptum
3400 1274 3651 1315 sermone

2060 1344 2420 1411 commendat,
2464 1354 2520 1398 et
2558 1345 2849 1399 vehemens
2878 1346 3072 1401 vindex
3100 1358 3181 1403 est
3206 1365 3390 1404 eorum
3418 1352 3506 1422 qui
3538 1352 3651 1406 haec

2062 1436 2380 1506 despiciunt.
2408 1436 2618 1493 Etenim
2650 1438 2782 1492 nihil
2815 1440 2885 1494 ita
2916 1441 3170 1495 malitiam
3198 1457 3412 1497 omnem
3447 1444 3649 1498 inducit

2063 1540 2115 1584 et
2135 1530 2338 1595 fundat,
2365 1539 2421 1585 ut
2436 1531 2673 1585 caritatis
2694 1533 2939 1587 remotio.
2962 1533 3086 1587 ldeo
3102 1533 3331 1600 dicebat,
3355 1536 3478 1589 Cum
3500 1537 3650 1590 abun-

2065 1621 2253 1674 datterit
2274 1621 2531 1692 iniquitas,
2580 1623 2865 1690 refrigescet
2891 1623 3078 1675 caritas
3124 1624 3395 1676 multorum
3436 1625 3649 1693 (Matth.

2062 1712 2153 1766 24.
2185 1713 2296 1783 12).
2337 1714 2426 1769 Sic
2461 1714 2592 1767 Cain
2627 1714 2895 1769 fratricida
2940 1716 3109 1770 factus
3139 1726 3242 1782 est,
3274 1718 3351 1773 sic
3387 1719 3547 1786 Esau,
3577 1722 3655 1777 sic

2068 1804 2255 1860 fratres
2274 1804 2491 1876 Josephi
2509 1824 2522 1867 ;
2542 1807 2618 1861 sic
2635 1806 2907 1861 innumera
2931 1819 3113 1862 exorta
3138 1818 3263 1862 sunt
3288 1811 3450 1874 mala,
3474 1811 3653 1865 avulsa

2067 1900 2308 1953 caritate.
2333 1898 2456 1953 Ideo
2481 1899 2571 1952 ille
2600 1914 2683 1961 ea,
2711 1916 2826 1969 qua:
2850 1900 3017 1969 ipsam
3047 1902 3391 1970 pessumdare
3412 1915 3655 1973 possunt,

2067 2003 2189 2043 cum
2212 2004 2398 2059 magna
2426 1990 2766 2044 accuratione
2789 2000 3045 2045 removet.

2140 2080 2193 2135 9.
2234 2079 2361 2135 Cum
2398 2091 2588 2150 quanta
2625 2082 2844 2135 bonitate
2885 2083 3336 2138 reconciliationem
3368 2090 3656 2158 praeceperit

2071 2172 2318 2226 Christus.
2353 2171 2718 2226 Reconciliatio
2746 2190 2858 2225 cum
2898 2174 3059 2240 fratre
3087 2191 3199 2227 vere
3226 2178 3533 2245 sacriﬁcia»:
3559 2187 3651 2232 est.

2073 2260 2316 2316 Nondum
2340 2261 2653 2316 initiatorum
2673 2265 2924 2332 sacriﬁcia
2951 2281 3084 2334 ante.
3107 2297 3175 2304 —-
3198 2266 3379 2336 Neque
3399 2270 3448 2323 in
3472 2284 3657 2339 supra-

2071 2353 2229 2407 dictis
2256 2353 2479 2422 gradum
2526 2355 2685 2418 sistit,
2730 2355 2823 2409 sed
2868 2355 2969 2410 alia
3018 2357 3168 2425 plura
3219 2359 3453 2422 adhibet,
3507 2362 3658 2431 queis

2072 2443 2301 2497 ostendit
2322 2454 2573 2513 quantam
2604 2445 2720 2512 ejus
2748 2443 2939 2499 habeat
2966 2446 3246 2502 rationem.
3270 2448 3402 2502 Nam
3426 2466 3543 2504 cuni
3566 2468 3659 2521 per

2071 2535 2377 2597 concilium,
2408 2550 2506 2605 per
2529 2534 2783 2603 judicium
2811 2546 2864 2589 et
2895 2552 2991 2605 per
3014 2536 3312 2606 gehennam
3346 2541 3480 2611 ignis
3507 2558 3656 2593 coni-

2072 2625 2303 2679 minatus
2346 2635 2508 2688 esset,
2559 2626 2658 2680 alia
2702 2626 2896 2695 adjecit
2942 2631 3363 2697 prwcedentibus
3402 2648 3656 2700 consona,

2072 2730 2299 2784 nempe:
2329 2715 2420 2770 25.
2451 2715 2513 2771 Si
2532 2714 2683 2782 offers
2709 2734 2891 2771 munus
2920 2726 3061 2772 tuum
3087 2720 3154 2773 ad
3182 2721 3364 2788 altare,
3402 2733 3445 2777 et
3481 2724 3548 2777 ibi
3575 2742 3658 2778 re—

2073 2806 2311 2860 cordatus
2334 2807 2490 2877 fueris
2508 2808 2626 2877 quia
2652 2807 2809 2875 frater
2845 2818 2960 2864 tuus
3003 2810 3149 2865 habet
3183 2812 3378 2883 aliquid
3400 2815 3661 2868 adversum

2074 2907 2139 2956 te,
2170 2898 2259 2951 24.
2289 2898 2516 2965 relinque
2545 2915 2727 2952 arturus
2753 2911 2894 2953 tuum
2916 2911 3031 2955 ante
3052 2904 3231 2967 altare,
3278 2915 3323 2959 et
3348 2908 3492 2972 vade,
3521 2908 3660 2975 prius

2072 2989 2400 3043 reconciliare
2424 2990 2575 3058 fratri
2596 3000 2697 3053 tuo,
2723 3004 2769 3044 et
2794 3001 2913 3046 tunc
2929 2995 3128 3048 veniens
3150 2996 3279 3063 offer
3299 3015 3478 3052 manus
3498 3009 3658 3053 tuum.

2073 3082 2118 3136 Ο
2142 3082 2451 3145 bonitatem,
2481 3099 2513 3132 o
2542 3082 2936 3150 benignitatem.
2969 3103 3087 3154 qum
3116 3104 3327 3143 omnem
3357 3105 3662 3147 sermonem

2075 3175 2322 3241 superat!
2357 3173 2622 3228 llouorem
2667 3192 2819 3227 suum
2864 3176 3091 3245 despicit
3134 3194 3231 3246 pro
3275 3183 3499 3236 caritate
3539 3200 3663 3253 erga

2077 3265 2376 3335 proximum
2395 3282 2410 3330 ;
2428 3266 2737 3330 ostendens.
2762 3281 2819 3321 se
2835 3268 2981 3337 prius
2996 3270 3374 3325 eomminatum
3400 3289 3539 3337 esse,
3558 3292 3662 3330 non

2076 3371 2139 3409 cx
2159 3355 2430 3409 inimicitia
2456 3356 2704 3425 quadam,
2732 3359 2816 3412 vel
2842 3373 2906 3412 ex
2935 3358 3225 3425 cupiditate
3253 3361 3513 3416 inferendi
3542 3378 3665 3433 sup-

2078 3446 2242 3514 plicii,
2266 3445 2359 3500 sed
2390 3462 2456 3501 ex
2484 3461 2667 3502 amore
2698 3448 2946 3504 ferventi.
2974 3449 3109 3518 Quid
3133 3452 3274 3506 enim
3310 3453 3455 3509 hisce
3484 3455 3663 3512 verbis

2078 3537 2406 3589 mansuetius
2429 3538 2552 3606 ﬁngi
2580 3539 2785 3608 possit?
2807 3537 3243 3609 lutei-rumpatur,
3274 3543 3469 3614 inquit,
3491 3546 3664 3602 cultus

2079 3645 2250 3695 uicus,
2293 3640 2349 3684 ut
2387 3631 2579 3685 caritas
2627 3640 2712 3685 tua
2754 3642 2985 3688 maneat.
3032 3633 3163 3690 Nam
3193 3652 3317 3692 vere
3345 3638 3668 3695 sacriﬁcium

2079 3732 2161 3775 est
2186 3721 2544 3776 reconciliatio
2569 3738 2689 3777 cum
2709 3721 2898 3780 fratre.
2924 3725 3048 3780 ideo
3073 3742 3179 3781 non
3207 3727 3359 3795 dixit,
3381 3729 3671 3800 Postquam

2084 3814 2375 3877 obtuleris,
2412 3814 2516 3878 vel,
2543 3815 2848 3885 Antequam
2873 3815 3071 3871 offeras
3098 3834 3112 3882 ;
3156 3815 3248 3869 sed
3279 3817 3399 3885 ipso
3434 3828 3661 3868 munere

2088 3914 2379 3974 praesente,
2410 3914 2466 3960 et
2484 3906 2595 3975 jam
2621 3905 2893 3961 sacriﬁcio
2920 3907 3210 3977 incipiente
3240 3906 3405 3959 mittit
3421 3921 3568 3968 eum,
3602 3912 3663 3958 ut

2084 4012 2143 4051 se
2158 4012 2280 4051 cum
2302 3996 2468 4050 fratre
2492 3997 2822 4060 reconciliet,
2838 4012 2937 4051 nec
2954 4012 3179 4067 propere
3190 3996 3441 4051 confecto
3454 3995 3663 4049 sacrifi-

2085 4086 2193 4152 cio,
2222 4102 2321 4141 nec
2340 4097 2633 4156 antequam
2659 4103 2860 4141 munus
2883 4088 3147 4153 attulerit,
3169 4087 3264 4142 sed
3286 4088 3376 4140 illo
3396 4087 3448 4139 in
3480 4085 3660 4139 medio

2080 4177 2456 4245 jacentejubet
2473 4178 2602 4231 illuc
2618 4177 3038 4233 accurrere.Cur
3053 4192 3183 4248 ergo
3205 4177 3448 4248 sicjubet
3469 4176 3521 4229 id
3541 4190 3665 4245 age-

2082 4280 2161 4330 re,
2193 4274 2245 4318 et
2273 4280 2375 4334 qua
2407 4264 2474 4319 de
2501 4266 2700 4320 causa?
2739 4264 2863 4319 Hau:
2895 4265 3073 4329 ambo,
3104 4276 3155 4319 ut
3184 4266 3312 4320 mihi
3343 4266 3557 4335 quidem
3588 4268 3666 4320 vi~

2081 4356 2258 4424 detur,
2287 4355 2652 4421 subindicans,
2695 4365 2751 4412 et
2786 4372 2983 4427 agens:
3008 4374 3169 4412 unum
3209 4357 3442 4429 quidem,
3475 4368 3533 4412 ut
3556 4358 3666 4427 jam

2083 4450 2215 4517 dixi,
2259 4460 2318 4505 ut
2341 4450 2589 4506 ostendat
2625 4465 2685 4506 se
2713 4450 2988 4506 caritatem
3017 4452 3191 4521 magni
3222 4450 3416 4516 facere,
3444 4459 3499 4505 et
3524 4450 3666 4504 illam

2083 4557 2201 4598 esse
2225 4552 2410 4613 putare
2430 4542 2717 4597 maximum
2746 4543 2984 4597 omnium
3006 4542 3342 4607 sacrificium,
3371 4542 3669 4612 seque'siue

2083 4637 2303 4691 caritate
2329 4636 2647 4691 sacriﬁcium
2675 4651 2779 4690 non
2804 4635 3116 4700 admittere;
3146 4634 3439 4690 secundum
3466 4642 3666 4713 autem,

2086 4739 2145 4783 ut
2168 4730 2617 4785 reconciliationis
2647 4728 3005 4784 inevitabilem
3046 4728 3418 4784 necessitatem
3460 4726 3668 4783 afferat.

2083 4819 2217 4875 Nam
2249 4821 2339 4891 qui
2364 4822 2547 4890 jussus
2572 4830 2654 4875 est
2684 4836 2789 4875 non
2819 4820 2967 4889 prius
2994 4818 3206 4883 oﬂ'erre,
3239 4835 3398 4890 quam
3430 4821 3671 4875 reconci-

2086 4911 2327 4978 liaretur,
2358 4912 2568 4967 etiamsi
2598 4926 2704 4965 non
2726 4926 2793 4967 cx
2812 4925 2995 4965 amore
3012 4910 3259 4981 proximi,
3284 4911 3477 4967 saltem
3503 4925 3573 4967 ne
3588 4926 3674 4966 8a-

2086 5002 2346 5057 criﬁcium
2376 5001 2743 5071 imperfectum
2775 5009 3006 5067 maneat,
3054 5001 3360 5071 preperabit
3395 5000 3463 5057 ad
3505 5001 3673 5058 ofl‘en-

2087 5111 2204 5150 sum
2236 5095 2475 5162 fratrem,
2511 5104 2569 5149 ut
2610 5093 2940 5149 inimicitiam
2988 5095 3177 5150 solvat.
3223 5094 3454 5166 Ideoque
3495 5094 3671 5150 omnia

2086 5188 2402 5259 emphatieis
2416 5189 2681 5258 expressit
2702 5188 2896 5255 verbis,
2919 5197 3126 5244 terrens
3144 5189 3291 5244 illum
3309 5189 3673 5256 excitansque.

2088 5280 2222 5335 Cum
2243 5279 2466 5334 dixisset
2485 5280 2648 5346 enim,
2673 5277 2921 5350 Relinque
2939 5296 3120 5333 manus
3141 5288 3300 5342 tuum,
3327 5292 3431 5331 non
3456 5275 3528 5329 ibi
3549 5273 3674 5328 sub-

2089 5373 2244 5439 stitit,
2272 5371 2364 5429 sed
2392 5372 2685 5441 subjunxit,
2709 5372 2837 5426 Ante
2861 5371 3043 5437 altare,
3074 5380 3129 5425 et
3159 5379 3436 5441 postquam
3463 5380 3529 5420 ex
3558 5365 3673 5419 loco

2090 5465 2144 5521 in
2169 5465 2446 5519 horrorem
2479 5463 2762 5533 quemdam
2788 5462 3038 5533 conjecit,
3067 5459 3134 5514 Et
3161 5459 3304 5513 vade.
3336 5456 3444 5511 Nec
3468 5463 3671 5510 tantum

2090 5555 2245 5618 dixit,
2283 5552 2445 5620 Vade,
2477 5552 2571 5609 sed
2601 5552 2862 5623 adjunxit,
2911 5552 3072 5624 prius,
3100 5559 3146 5602 et
3171 5558 3289 5601 tum:
3316 5546 3515 5600 veniens
3548 5545 3673 5611 o/j'er

2095 5663 2279 5701 uulnus
2306 5658 2480 5711 tuum;
2523 5662 2618 5717 per
2657 5645 2774 5700 haec
2820 5643 2994 5699 (intuia
3026 5638 3325 5704 declarans,
3356 5637 3491 5691 hanc
3521 5654 3673 5693 men-
