4076 6150
411 251 506 304 251

409 380 522 418 sam
547 377 651 417 non
674 360 957 415 admittere
975 374 1066 411 eos
1086 359 1174 428 qui
1197 358 1498 411 inimicitias
1519 365 1700 410 mutuo
1720 363 1990 410 exercent.

410 457 644 512 Aadiant
667 454 881 520 initiati,
907 453 994 523 qui
1016 467 1136 507 cmn
1163 451 1448 505 inimicitiis
1468 449 1755 514 accedunt;
1776 449 1996 503 audiant

412 558 468 602 et
495 548 582 618 qui
611 545 846 602 nondum
874 554 998 599 sunt
1025 544 1248 598 initiati:
1278 559 1398 596 nam
1424 541 1488 595 ad
1521 541 1618 594 hos
1641 555 1854 611 quoque
1881 555 1993 594 ser-

412 653 503 694 mo
529 637 926 710 quodammodo
954 637 1199 706 pertinet.
1229 634 1467 690 Offerunt
1497 635 1636 688 enim
1669 641 1721 687 et
1751 633 1848 702 ipsi
1891 632 1990 686 do-

409 747 536 785 num
567 739 621 784 et
658 730 994 792 sacriﬁcium,
1027 727 1321 781 orationem
1350 726 1470 780 dico
1495 733 1550 780 et
1572 726 1986 797 eleemosynam.

408 820 559 890 Quod
601 820 742 874 enim
774 819 884 872 hate
911 817 1226 874 sacriﬁcium
1255 816 1381 878 sint,
1412 815 1534 870 andi
1565 814 1874 884 prophetam
1905 814 1989 868 di-

407 920 616 965 centem
641 928 654 963 :
681 909 1000 979 Sacriﬁcium
1027 908 1192 961 laudis
1219 907 1569 974 honoriﬁcabit
1599 922 1676 959 me
1702 907 1719 972 (
1734 905 1872 960 I’sal.
1895 906 1985 962 49.

405 1005 528 1074 25).
557 1013 610 1059 et
639 1019 868 1068 rursum,
898 1001 1119 1056 Immola
1143 1000 1252 1055 Deo
1281 1001 1586 1069 sacriﬁcium
1631 1000 1796 1053 laudis
1823 997 1981 1068 (Ibid.

406 1114 453 1146 ιι.
487 1096 554 1148 14
577 1108 622 1162 );
666 1106 716 1148 et
742 1137 755 1157 ,
795 1094 1018 1148 [iteratio
1049 1110 1285 1145 manuum
1317 1108 1539 1146 mearum
1567 1092 1872 1160 sacriﬁcium
1901 1108 1984 1144 ve-

401 1187 677 1253 spertinum
708 1183 874 1256 (Psal.
901 1185 1019 1238 HO.
1044 1183 1124 1254 2).
1156 1183 1336 1252 Itaque
1363 1184 1404 1235 si
1435 1184 1728 1237 orationem
1752 1198 1871 1236 cum
1895 1181 1986 1236 tali

402 1276 594 1330 :tlfectu
623 1277 880 1346 proferas,
914 1277 1105 1331 melius
1133 1285 1213 1330 est
1245 1276 1546 1346 relinquere
1579 1275 1897 1340 orationem,
1931 1284 1985 1328 ct

400 1371 467 1425 ad
500 1381 550 1426 te
575 1387 694 1424 cmn
731 1370 892 1424 fratre
918 1368 1368 1424 reconciliandum
1399 1382 1708 1439 properare,
1754 1378 1983 1438 tuncque

398 1465 693 1516 orationem
714 1461 926 1515 offcrre.
951 1462 1171 1530 Propter
1189 1461 1288 1513 hoc
1310 1460 1472 1527 enim,
1493 1461 1670 1514 omnia
1685 1458 1820 1514 facta
1839 1469 1980 1516 sunt:

399 1565 617 1622 propter
642 1553 744 1606 hoc
773 1553 909 1605 Dens
939 1553 1096 1604 homo
1143 1551 1308 1605 faetus
1350 1560 1453 1614 eSt,
1497 1561 1550 1604 et
1578 1545 1754 1605 omnia
1784 1552 1872 1606 illa
1899 1562 1985 1606 est

399 1652 670 1712 operatus,
703 1652 754 1695 ut
785 1658 882 1695 nos
906 1653 1271 1711 congregaret.
1304 1643 1397 1694 llic
1419 1642 1576 1711 igitur
1603 1641 1883 1697 Ledentem
1915 1643 1981 1696 ad

399 1735 583 1788 lzrsum
607 1733 782 1798 misit;
814 1735 862 1786 in
892 1734 1131 1788 oratione
1163 1747 1290 1787 vero
1318 1733 1500 1786 luasum
1522 1731 1665 1786 ducit
1693 1733 1757 1786 ad
1785 1732 1983 1787 heden-

401 1834 528 1888 tem,
554 1833 607 1878 et
632 1824 960 1878 reconciliat.
983 1823 1087 1878 Illic
1104 1824 1244 1878 enim
1270 1824 1374 1878 ait:
1402 1824 1655 1878 Dimittite
1678 1824 1982 1880 hominibus

396 1915 573 1971 debita
601 1914 806 1985 (Matth.
827 1913 880 1969 6.
911 1915 1030 1986 14);
1052 1915 1136 1970 hic
1153 1932 1278 1970 vero
1300 1933 1313 1968 :
1335 1915 1389 1970 Si
1408 1915 1566 1970 habet
1586 1916 1778 1986 aliquid
1796 1927 1978 1971 contra

401 2019 484 2068 te,
523 2008 657 2060 vade
697 2007 762 2060 ad
806 2023 948 2060 eum.
1000 2005 1258 2060 [movero
1298 2005 1382 2060 hic
1407 2006 1534 2060 mihi
1563 2006 1770 2060 videtur
1795 2008 1976 2061 laesum

399 2099 640 2154 mittere:
686 2107 1008 2168 quapropter
1049 2114 1154 2152 non
1197 2097 1347 2159 dicit,
1397 2097 1700 2152 Reconcilia
1749 2099 1975 2167 teipsmu

397 2189 544 2244 t’ratri
574 2198 685 2251 tuo,
718 2189 830 2252 sed,
867 2190 1319 2244 Rcconcitiare:et
1362 2189 1571 2242 videtur
1614 2183 1830 2258 quidem
1879 2189 1979 2243 hoc

394 2284 462 2336 ile
487 2282 713 2337 lmdente
737 2282 872 2346 dici;
903 2282 995 2336 sed
1030 2291 1196 2335 totum
1228 2296 1293 2335 ex
1337 2296 1564 2348 persona
1607 2281 1715 2335 fresi
1762 2282 1973 2335 dicitur.

395 2374 447 2427 Si
479 2374 618 2427 enim
649 2373 722 2426 illi
753 2373 1123 2426 reconciliatus
1147 2371 1328 2435 fueris,
1351 2373 1538 2441 inquit,
1568 2387 1660 2439 rer
1686 2380 1825 2425 tuam
1850 2388 1973 2441 erga

395 2480 516 2518 cum
546 2463 844 2527 caritatem,
879 2479 963 2517 me
991 2464 1149 2517 etiam
1191 2462 1410 2516 habebis
1438 2463 1744 2532 proliitium,
1774 2472 1828 2517 et
1853 2479 1972 2516 cum

393 2558 557 2611 multa
583 2556 772 2611 ﬁducia
791 2557 989 2625 poteris
1010 2555 1326 2611 sacriﬁcium
1345 2555 1559 2609 offerre.
1581 2555 1635 2610 Si
1654 2572 1780 2611 vero
1802 2556 1975 2612 adhuc

394 2648 702 2719 indignaris,
731 2649 1010 2702 considera
1043 2662 1129 2702 me
1169 2646 1400 2701 libenter
1440 2646 1710 2701 contemni
1741 2663 1858 2701 mea
1883 2647 1972 2715 ju-

396 2742 541 2806 bere,
572 2750 630 2794 ut
659 2740 752 2793 ves
779 2739 932 2793 amici
958 2739 1217 2793 evadatis.
1249 2737 1314 2791 Et
1335 2738 1448 2791 haec
1469 2737 1558 2791 tibi
1581 2738 1649 2791 sit
1671 2737 1720 2791 in
1747 2738 1820 2791 ira
1845 2755 1974 2792 con-

393 2829 601 2883 solatio.
633 2829 748 2883 Non
774 2829 926 2893 dixit,
955 2829 1084 2884 Cum
1113 2830 1342 2898 graviter
1369 2828 1602 2882 oﬁ'ensus
1628 2844 1707 2892 es,
1743 2838 1850 2883 tum
1883 2846 1970 2884 re-

391 2923 706 2984 conciliare;
739 2924 854 2986 sed,
887 2923 1106 2977 Etiamsi
1135 2923 1250 2976 leve
1278 2922 1552 2991 quidpiam
1576 2932 1759 2976 contra
1789 2932 1839 2978 te
1876 2922 1972 2976 ha-

393 3016 585 3070 lmerit.
619 3015 802 3085 Neque
829 3015 1043 3083 adjecit,
1091 3014 1214 3069 Sive
1255 3013 1420 3083 juste,
1467 3014 1580 3068 sive
1619 3012 1841 3082 injuste;
1875 3015 1969 3067 sed

388 3109 720 3178 simpliciter,
752 3108 805 3164 Si
834 3107 1077 3163 habuerit
1103 3107 1302 3176 aliquid
1328 3107 1608 3160 adversum
1643 3116 1713 3160 te.
1748 3105 1969 3160 Etiamsi

387 3201 531 3257 enim
553 3202 715 3270 juste,
750 3217 920 3270 neque
947 3202 1024 3255 sic
1053 3200 1206 3254 decet
1227 3199 1555 3254 inimicitiam
1591 3198 1789 3252 diutius
1817 3196 1965 3252 fove—

387 3309 445 3349 re
467 3312 478 3347 :
504 3291 932 3362 quandoquidem
952 3299 1005 3346 et
1023 3290 1268 3345 Christus
1282 3290 1425 3359 juste
1447 3289 1598 3343 nobis
1618 3287 1964 3352 irascebatur,

384 3392 616 3438 attamen
647 3384 879 3453 seipsutn
913 3397 1008 3452 pro
1051 3383 1204 3437 nobis
1247 3379 1394 3436 dedit
1438 3380 1811 3447 occidendum,
1859 3394 1965 3434 non

383 3478 647 3546 imputans
676 3475 830 3531 nobis
860 3475 946 3530 illa
979 3485 1213 3546 peccata.

457 3569 541 3624 10.
582 3565 684 3623 Cur
714 3566 908 3621 Paulus
942 3578 1056 3621 ante
1084 3577 1298 3631 noctem,
1328 3576 1372 3620 et
1400 3566 1627 3619 Christus
1653 3575 1770 3618 ante
1797 3565 1965 3620 sacri-

387 3660 556 3726 ﬁcium
581 3660 894 3712 reconciliari
923 3659 1186 3728 jusserint.
1219 3658 1446 3712 Christus
1479 3669 1719 3725 quantum
1749 3659 1802 3711 in
1825 3659 1965 3725 peri-

382 3750 576 3804 nteudis
603 3750 875 3803 inimicitiis
904 3749 1128 3803 studium
1167 3749 1467 3802 adhibuerit.
1516 3748 1582 3803 In
1621 3748 1736 3802 boni
1776 3766 1963 3818 opera-

382 3839 517 3893 tione
553 3855 653 3892 uon
694 3839 1137 3892 cunctandum.—
1158 3838 1281 3893 Ideo
1310 3838 1504 3893 Paulus
1533 3838 1638 3892 alio
1669 3839 1825 3892 tnodo
1866 3853 1961 3892 nos

382 3931 449 3986 ad
492 3930 976 3986 reconciliationem
1003 3944 1186 3999 agens,
1219 3929 1427 3984 dicebat
1460 3947 1472 3981 :
1519 3929 1614 3984 Sol
1642 3945 1740 3982 non
1767 3929 1962 3983 occidat

379 4038 527 4094 super
555 4022 870 4076 iracundiam
899 4032 1112 4076 vestram
1141 4020 1358 4091 (Ephes.
1383 4021 1433 4074 4.
1454 4019 1570 4091 26).
1598 4019 1962 4087 Quemadmo-

380 4115 504 4168 dum
530 4114 670 4168 enim
700 4113 785 4169 hic
813 4128 843 4167 a
868 4113 1130 4168 sacriﬁcio
1157 4113 1419 4178 Christtts,
1453 4114 1521 4167 ita
1561 4113 1671 4167 illic
1700 4113 1894 4170 Paulus
1929 4132 1960 4170 a

377 4208 466 4264 die
493 4206 560 4261 ad
603 4207 834 4277 idipsum
875 4205 1138 4261 hortatur.
1177 4207 1350 4262 Timet
1384 4207 1580 4277 quippe
1619 4218 1848 4274 noctem,
1892 4225 1961 4264 ne

301 4355 304 4358 ,
381 4303 515 4354 forte
543 4299 714 4354 solum
764 4299 1043 4368 excipiens
1086 4298 1400 4362 sauciatum,
1443 4299 1614 4367 majus
1657 4299 1805 4353 ulcus
1840 4300 1960 4354 efﬁ-

377 4393 499 4446 eiat.
530 4391 586 4447 In
614 4391 702 4445 die
731 4406 958 4460 namque
985 4391 1137 4443 multi
1164 4401 1285 4443 sunt
1307 4389 1398 4459 qui
1425 4391 1661 4445 avellant
1689 4401 1741 4445 et
1767 4392 1961 4447 distra-

380 4486 542 4550 lntnt;
589 4483 642 4538 in
673 4491 828 4538 nocte
869 4497 1016 4547 vero,
1057 4497 1175 4534 cunt
1221 4481 1366 4535 solus
1406 4482 1492 4546 sit,
1535 4491 1590 4536 et
1632 4481 1744 4536 luec
1781 4485 1960 4540 animo

376 4585 572 4639 verset,
603 4577 960 4630 intumescunt
986 4573 1198 4637 ﬂuctus,
1241 4579 1296 4626 et
1333 4572 1503 4640 major
1549 4573 1606 4625 ﬁt
1648 4582 1948 4642 tempestas.

380 4666 501 4721 Ideo
527 4667 643 4722 haec
672 4665 999 4736 praiveniens
1021 4663 1235 4727 Paulus,
1258 4662 1657 4717 reconciliatum
1680 4664 1791 4716 vult
1816 4665 1956 4719 nocti

377 4757 604 4823 tradere,
647 4767 706 4812 ut
751 4758 951 4811 nullam
995 4772 1059 4811 ex
1105 4756 1281 4826 quiete
1308 4755 1478 4826 possit
1505 4754 1746 4809 diabolus
1775 4771 1955 4812 ansam

343 4909 346 4917 ι
375 4848 613 4916 arripere
640 4849 705 4902 ad
738 4851 826 4903 ira:
850 4849 1116 4904 fornacem
1145 4848 1561 4913 accendendam,
1589 4858 1643 4902 ct
1664 4847 1955 4902 vehemen-

341 4927 346 4988 Ῐ
375 4940 564 4993 tiorem
592 4937 944 4993 efﬁciendam.
974 4941 1062 4996 Sic
1087 4940 1244 4995 etiam
1272 4939 1515 4994 Christus
1555 4955 1660 4993 non
1702 4939 1958 5007 permittit

374 5031 457 5085 vel
485 5029 750 5083 tantillum
779 5030 1012 5094 dilferre,
1058 5048 1124 5085 ne
1155 5031 1422 5100 completo
1461 5030 1741 5093 sacrificio,
1785 5030 1955 5101 negli-

370 5121 581 5191 gentior
611 5119 697 5173 ille
728 5118 880 5183 foret,
918 5135 1090 5189 exque
1113 5122 1199 5175 die
1235 5122 1284 5174 in
1324 5121 1464 5174 diem
1494 5112 1750 5176 diﬁcrret.
1798 5121 1955 5176 Novit

369 5217 513 5270 enim
554 5213 693 5267 hunc
735 5212 896 5266 animi
945 5213 1186 5266 morbum
1235 5215 1394 5266 multa
1447 5229 1602 5283 egere
1640 5214 1949 5277 celeritate;

369 5319 528 5378 atque
565 5315 624 5361 ut
646 5307 860 5374 sapiens
889 5303 1125 5359 medicus
1157 5320 1262 5358 non
1295 5303 1453 5357 modo
1478 5320 1595 5374 qua:
1623 5317 1954 5374 prseservent

368 5417 394 5452 a
427 5399 627 5453 morbis
665 5397 919 5452 adhibere
962 5404 1205 5464 occupat,
1254 5395 1347 5449 sed
1387 5395 1550 5449 etiam
1589 5409 1706 5464 qua:
1749 5395 1950 5450 mederi

367 5493 570 5561 possint
609 5491 839 5546 ostendit
871 5510 882 5544 :
917 5490 994 5544 sic
1023 5497 1077 5545 et
1109 5489 1198 5542 ille
1237 5488 1362 5557 agit.
1392 5487 1521 5541 Nam
1552 5502 1672 5541 cum
1706 5487 1951 5556 prohibet

368 5598 434 5636 ne
469 5584 587 5650 quis
614 5583 786 5638 fatuus
813 5584 1126 5652 appelletur,
1161 5580 1210 5634 id
1240 5578 1492 5650 praevium
1535 5579 1826 5633 remedium
1867 5589 1950 5634 est

369 5671 436 5726 ad
469 5673 792 5728 inimicitiam
823 5675 1120 5740 vitandam;
1159 5687 1275 5728 cum
1307 5685 1432 5727 vero
1471 5670 1711 5740 prmcipit
1755 5686 1943 5725 recom

1091 244 1147 299 S.
1189 242 1463 298 JOA'NNlS
1498 233 1966 298 CIIRYSOSTOMI
2007 242 2322 301 ARCHIEP.
2363 247 2900 309 CONSTANTINUP.

3575 259 3685 316 232

2104 357 2448 427 ciliatiooem,
2476 363 2525 418 id
2554 364 2791 428 morbos.
2823 367 2910 436 qui
2939 376 3056 436 post
3083 369 3413 426 inimicitiam
3449 373 3678 432 suboriri

2098 455 2306 519 solent,
2363 457 2621 524 praecidit.
2691 459 2822 514 Vide
2880 471 3055 516 autem
3115 479 3274 532 quam
3335 463 3682 523 vehementer

2098 555 2377 616 utrumque
2414 557 2659 617 ponatur.
2687 549 2799 606 Illic
2827 552 2970 608 enim
2999 554 3297 623 gehennam
3322 557 3680 614 comminatus

2094 646 2209 701 est;
2252 636 2338 692 hic
2375 653 2504 694 vero
2540 639 2738 694 donum
2779 659 2882 697 non
2914 643 3103 715 recipit
3128 658 3253 702 ante
3282 649 3676 704 reconciliatio-

2095 743 2237 792 nem,
2266 728 2634 786 vehementem
2656 733 2980 788 iracundiam
3002 751 3121 793 esse
3144 748 3467 805 monstrans,
3495 755 3558 797 ac
3580 757 3676 810 per

2093 815 2208 872 haec
2231 820 2410 873 omnia
2440 829 2494 875 et
2520 822 2752 878 radicem
2782 833 2837 880 et
2865 826 3089 882 fructum
3117 829 3374 885 avellens.
3405 831 3474 885 Et
3501 835 3690 902 primo,

2091 907 2306 979 quidem
2342 911 2416 965 ait
2455 928 2468 964 :
2511 911 2586 968 Ne
2616 913 2862 970 irascaris
2905 936 2918 971 ς
2964 928 3150 988 postea
3185 936 3333 986 vero,
3375 921 3454 978 Ne
3489 926 3676 978 convi-

2089 1000 2266 1056 cieris.
2296 1001 2430 1057 Nam
2467 1003 2582 1060 haac
2610 1009 2769 1060 ambo
2799 1024 2918 1065 sese
2947 1021 3130 1067 mutuo
3156 1011 3336 1068 fovent
3359 1022 3415 1068 et
3438 1028 3634 1086 augent
3659 1035 3675 1070 ;

2088 1094 2156 1148 ab
2198 1095 2468 1149 inimicitia
2510 1100 2827 1165 convicium,
2861 1118 2891 1157 a
2919 1107 3160 1160 convicio
3197 1107 3492 1162 inimicitia.
3524 1109 3675 1165 Ideo-

2089 1198 2190 1253 quc
2232 1200 2374 1239 nunc
2404 1187 2588 1255 radici,
2640 1207 2778 1246 nunc
2824 1192 3014 1249 fructui
3063 1198 3358 1252 remedium
3393 1199 3669 1267 admovet,

2089 1284 2147 1327 ut
2177 1275 2432 1344 impediat
2460 1295 2526 1332 ne
2555 1281 2753 1336 malum
2781 1285 2984 1339 oriatur
3011 1305 3022 1339 :
3055 1289 3099 1340 si
3130 1304 3258 1342 vero
3295 1291 3676 1359 germinaverit

2087 1375 2141 1448 et
2169 1367 2395 1423 fructum
2423 1369 2560 1426 ferat
2587 1377 2899 1443 pessimum,
2932 1378 3082 1433 illum
3129 1381 3358 1450 undique
3382 1384 3673 1440 comburit.

2088 1458 2212 1512 Ideo
2242 1471 2518 1529 postquam
2563 1465 2696 1520 dixit
2735 1458 3011 1536 judicium,
3046 1474 3328 1528 concilium
3373 1484 3428 1529 et
3468 1477 3674 1546 gehen-

2087 1564 2232 1612 nam,
2271 1567 2334 1606 ac
2363 1552 2430 1607 de
2449 1568 2565 1634 suo
2591 1558 2852 1613 sacriﬁcio
2881 1560 3151 1629 disseruit,
3180 1565 3278 1618 alia
3324 1581 3531 1620 rursum
3575 1567 3675 1621 ad.

2084 1637 2164 1692 dit
2211 1639 2292 1693 his
2333 1644 2510 1698 verbis
2564 1666 2576 1700 :
2621 1645 2710 1700 25.
2755 1647 2884 1702 Esto
2913 1655 3225 1708 consentiens
3268 1656 3556 1711 adversario
3583 1667 3673 1711 tuo

2085 1729 2205 1794 cito,
2236 1731 2356 1784 dum
2381 1749 2431 1786 es
2455 1750 2570 1787 cum
2597 1737 2687 1790 illo
2714 1739 2767 1792 in
2808 1741 2905 1794 ria.
2938 1741 3019 1797 Ne
3055 1745 3196 1799 enim
3237 1745 3446 1802 diceres
3473 1764 3488 1800 :
3526 1747 3667 1817 Quid

2085 1818 2243 1888 igitur
2281 1822 2325 1876 si
2374 1823 2618 1892 injuriam
2660 1829 2866 1897 patiar?
2904 1834 3028 1902 quid
3068 1835 3112 1888 si
3160 1835 3316 1890 bonis
3353 1838 3571 1906 spolier,
3611 1849 3668 1894 et

2083 1912 2147 1965 ad
2186 1912 2442 1982 judicium
2488 1917 2701 1973 trahar?
2734 1920 2868 1978 hanc
2902 1940 3113 1997 quoque
3143 1943 3327 1983 ansam
3357 1937 3412 1985 et
3439 1946 3668 1986 excusa-

2085 2003 2283 2059 tionem
2313 2009 2541 2063 removit
2573 2027 2586 2064 :
2623 2010 2775 2079 jubet
2815 2015 2957 2069 enim
3001 2027 3053 2072 te
3082 2034 3152 2073 ne
3193 2019 3272 2074 sic
3313 2021 3528 2089 quidem
3559 2022 3668 2076 ini-

2082 2094 2308 2149 tnicitias
2332 2097 2616 2166 aliquando
2644 2103 2938 2174 suscipere.
2981 2105 3184 2163 Deinde
3225 2110 3347 2178 quia
3377 2110 3504 2164 illud
3543 2126 3663 2165 ma-

2079 2199 2240 2253 gnum
2268 2197 2381 2241 erat
2409 2200 2751 2261 praeceptum,
2797 2209 2827 2248 a
2866 2199 3216 2265 praesentibus
3243 2199 3333 2254 dat
3357 2201 3661 2267 consilium,

2079 2290 2200 2344 qua:
2237 2288 2381 2333 certe
2420 2283 2608 2350 magis,
2645 2299 2803 2353 quam
2844 2285 3041 2354 futura,
3096 2291 3388 2346 crassiores
3427 2291 3664 2347 retinere

2079 2363 2271 2420 solent.
2303 2368 2436 2436 Quid
2484 2373 2624 2426 enim
2664 2374 2816 2440 dicis,
2861 2376 3050 2448 inquit,
3094 2379 3263 2448 ipsum
3305 2383 3660 2450 potentiorem

2079 2470 2223 2523 esse,
2270 2469 2324 2512 et
2369 2461 2460 2514 tibi
2507 2465 2738 2518 nocere?
2781 2466 2944 2535 Magis
2973 2482 3099 2538 ergo
3146 2470 3240 2522 tibi
3281 2471 3514 2538 nocebit,
3557 2473 3662 2527 nisi

2079 2547 2249 2616 ipsum
2283 2551 2594 2619 placaveris,
2640 2565 2695 2610 et
2733 2557 2778 2612 si
2825 2567 3041 2614 coactus
3086 2561 3248 2615 fueris
3291 2561 3345 2616 in
3387 2577 3663 2620 carcerem

2079 2639 2174 2693 ire.
2212 2641 2363 2697 Tunc
2402 2646 2544 2700 enim
2587 2648 2677 2702 illo
2718 2649 2905 2704 sedato
2935 2654 3177 2721 pecuniis
3202 2655 3432 2717 amissis,
3462 2671 3660 2726 corpus

2077 2730 2300 2787 liberum
2334 2735 2555 2793 habebis
2584 2757 2598 2792 :
2630 2751 2814 2796 contra
2842 2758 2969 2798 vero
2997 2745 3041 2799 si
3082 2746 3181 2800 sub
3213 2746 3408 2815 judicis
3435 2759 3659 2804 senten-

2078 2822 2145 2874 tia
2194 2826 2393 2892 positus
2437 2829 2530 2890 sis,
2564 2831 2788 2886 vinculis
2831 2837 3232 2905 constringeris,
3279 2851 3659 2909 extremasque

2074 2914 2228 2970 dabis
2260 2933 2462 2984 pcenas.
2495 2921 2588 2974 Sin
2631 2933 2807 2978 autem
2850 2925 3083 2996 jnrgium
3115 2927 3241 2982 illud
3289 2928 3505 2999 fugeris,
3548 2931 3658 2985 duo

2074 3008 2364 3076 a'ssequere
2396 3009 2532 3064 bona
2567 3033 2578 3067 :
2612 3021 2666 3067 et
2699 3015 2839 3082 quod
2874 3017 3004 3070 nihil
3045 3017 3306 3088 ingratum
3337 3022 3571 3088 patiaris,
3600 3032 3656 3076 et

2072 3100 2210 3166 quod
2242 3100 2436 3153 bonum
2465 3118 2600 3173 opus
2631 3113 2778 3158 tttum
2807 3106 2920 3170 tibi,
2951 3123 3053 3161 non
3083 3109 3223 3162 illius
3255 3109 3517 3165 violentia:
3559 3112 3657 3168 de-

2072 3189 2278 3246 beatur.
2322 3192 2473 3259 Quod
2505 3195 2547 3248 si
2590 3195 2745 3250 dictis
2783 3198 3152 3268 obtemperare
3198 3217 3302 3254 non
3348 3203 3500 3269 velis,
3543 3221 3654 3260 non

2071 3281 2146 3335 illi
2189 3291 2391 3338 tantum
2432 3285 2650 3342 nocebis
2675 3300 2930 3358 quantum
2969 3291 3061 3344 tibi
3092 3293 3211 3361 ipsi.
3263 3293 3537 3364 Perpende
3561 3311 3658 3349 au-

2073 3382 2178 3427 tem
2209 3374 2296 3429 hic
2330 3378 2601 3446 quomodo
2641 3380 2812 3450 ipsum
2857 3382 3098 3436 hortetur
3135 3400 3148 3436 :
3196 3394 3476 3454 postquam
3509 3386 3654 3440 enim

2069 3463 2223 3532 dixit,
2249 3465 2371 3522 Esto
2397 3471 2712 3524 consentiens
2740 3473 3028 3526 adversario
3055 3483 3160 3539 tuo,
3190 3475 3483 3545 subjunxit,
3504 3475 3655 3542 Cito;

2069 3572 2166 3610 nee
2192 3569 2474 3613 contentus
2501 3559 2601 3614 hoc
2621 3561 3004 3631 additamento,
3030 3563 3171 3618 aliud
3193 3565 3481 3620 celeritatis
3505 3582 3653 3637 qua:-

2068 3649 2191 3702 sivit
2214 3660 2554 3720 augmentum
2585 3651 2789 3718 dicens,
2821 3653 2953 3707 Dum
2991 3671 3041 3708 es
3079 3670 3191 3708 cum
3221 3654 3311 3708 illo
3339 3655 3394 3708 in
3421 3656 3538 3722 via;
3567 3655 3654 3711 his

2071 3741 2353 3822 i'mpellens
2378 3742 2551 3812 ipsum
2588 3753 2641 3798 et
2676 3760 2864 3815 magna
2901 3760 3020 3800 cum
3053 3744 3386 3800 vehementia
3431 3762 3648 3818 urgens.

2067 3833 2208 3886 Nihil
2234 3835 2374 3888 enim
2417 3835 2487 3888 ita
2528 3836 2688 3889 vitam
2720 3845 2954 3890 nostram
2992 3839 3200 3900 evertit,
3249 3847 3306 3891 ut
3346 3838 3392 3893 si
3429 3849 3650 3894 cuncte-

2068 3940 2188 3977 tnur
2206 3933 2260 3977 et
2286 3924 2592 3980 diﬁ'eramus
2614 3926 2664 3979 in
2690 3926 2946 3980 bonorum
2969 3929 3295 3997 operatione.
3322 3929 3476 3998 Saepe
3502 3945 3654 3984 nam-

2070 4029 2174 4084 que
2215 4014 2344 4068 illud
2378 4015 2429 4068 in
2471 4030 2632 4070 causa
2662 4015 2759 4069 fuit
2788 4025 2844 4070 ut
2868 4018 2936 4070 ab
2962 4018 3207 4072 omnibus
3235 4019 3603 4075 cxcideremus
3632 4039 3648 4075 :

2065 4105 2512 4176 quemadmodum
2540 4115 2594 4160 et
2620 4106 2813 4160 Paulus
2838 4108 2911 4161 ait
2934 4127 2946 4162 :
2973 4107 3286 4178 Priusquam
3310 4111 3387 4164 sol
3418 4111 3648 4176 occidat,

2067 4199 2198 4252 iram
2228 4199 2374 4254 solve
2404 4199 2616 4271 (Ep/tes.
2646 4201 2698 4254 4.
2723 4198 2815 4271 2ὒ)
2843 4218 2858 4266 ;
2885 4211 2939 4256 et
2963 4203 3207 4271 Superius
3231 4204 3346 4273 ipse
3365 4203 3607 4260 Christus
3633 4223 3648 4259 :

2066 4292 2380 4362 Priusquam
2410 4293 2731 4347 oblationem
2763 4293 3023 4363 perﬁcias,
3055 4297 3422 4351 reconciliare.
3469 4299 3558 4352 Sic
3598 4308 3651 4353 et

2067 4383 2166 4437 hoc
2194 4385 2312 4440 loco
2351 4385 2501 4449 dicit,
2532 4385 2664 4449 Cito,
2699 4387 2821 4440 dant
2865 4403 2916 4440 es
2959 4404 3074 4440 cum
3113 4389 3202 4442 illo
3244 4390 3295 4442 in
3337 4391 3435 4454 via,
3469 4393 3650 4462 prius-

2065 4492 2221 4546 quam
2253 4477 2315 4531 ad
2339 4477 2525 4547 judicii
2553 4479 2693 4534 fores
2719 4480 2962 4545 accedas,
2993 4482 3297 4550 priusquam
3325 4484 3390 4535 ad
3420 4485 3651 4538 tribunal

2064 4569 2293 4634 sistaris,
2326 4577 2380 4624 et
2411 4570 2510 4623 sub
2543 4569 2738 4637 judicis
2769 4571 2982 4626 demum
3012 4583 3278 4642 potestate
3311 4575 3512 4643 positus
3552 4577 3647 4632 sis.

2066 4662 2203 4714 Ante
2229 4661 2526 4730 ingressum
2567 4663 2708 4716 enim
2751 4679 2916 4732 penes
2954 4674 3003 4718 te
3047 4674 3169 4718 sunt
3213 4668 3427 4731 omnia;
3463 4683 3648 4722 verum

2065 4755 2115 4807 in
2151 4754 2233 4808 illa
2280 4753 2552 4824 ingressus
2583 4754 2784 4820 limina,
2832 4757 3174 4827 quantumvis
3206 4766 3258 4813 te
3297 4775 3496 4823 verses,
3543 4775 3647 4814 non

2063 4846 2265 4914 poteris
2305 4854 2392 4900 tua
2434 4847 2498 4901 ad
2543 4858 2732 4902 nutum
2772 4858 2918 4903 tuum
2957 4851 3262 4920 disponere,
3298 4853 3396 4906 sub
3427 4853 3649 4909 alterius

2063 4949 2323 5007 potestate
2361 4941 2625 4996 redactus.
2654 4942 2790 5010 Quid
2817 4955 2994 4999 autem
3028 4955 3110 4999 est
3147 4962 3266 5002 esse
3305 4950 3649 5002 consentien—

2063 5031 2207 5085 tem?
2236 5031 2327 5084 Vel
2357 5032 2405 5086 id
2441 5033 2727 5103 signiﬁcat,
2770 5035 2954 5090 Potius
2982 5038 3234 5092 damnum
3275 5041 3531 5108 patiaris;
3562 5041 3646 5096 vel

2063 5123 2206 5180 illud.
2237 5124 2498 5180 Judicium
2527 5125 2680 5192 ferto,
2712 5144 2774 5183 ac
2800 5131 2842 5182 si
2869 5130 3011 5185 illius
3041 5147 3321 5199 personam
3347 5149 3553 5202 ageres,
3580 5149 3650 5189 ne

2059 5231 2122 5270 ex
2151 5231 2331 5270 amore
2373 5217 2446 5270 tui
2482 5218 2601 5286 jura
2643 5220 2814 5274 violes
2849 5242 2861 5276 :
2891 5222 2983 5276 sed
3025 5222 3092 5276 de
3116 5224 3312 5289 alieno,
3339 5239 3402 5278 ac
3427 5226 3470 5277 si
3499 5234 3645 5279 tuum

2059 5319 2221 5373 esset,
2265 5311 2478 5378 negotio
2504 5310 2830 5377 deliberans,
2853 5314 2924 5368 ita
2947 5316 3266 5370 sententiam
3296 5315 3455 5371 feras.
3489 5316 3643 5383 Quod

2058 5399 2101 5454 si
2129 5401 2331 5468 grande
2359 5401 2486 5454 illud
2509 5410 2614 5468 est,
2645 5419 2713 5458 ne
2741 5405 2972 5462 mireris.
3000 5406 3127 5461 Ideo
3145 5408 3286 5462 enim
3309 5407 3432 5462 illas
3454 5423 3644 5464 omnes

2060 5491 2277 5560 protulit
2322 5492 2699 5558 beatitudines,
2753 5505 2810 5550 ut
2853 5499 3191 5567 complanato
3236 5514 3300 5553 ac
3338 5510 3642 5567 praeparato

2056 5582 2311 5636 auditoris
2354 5584 2567 5648 animo,
2612 5588 2875 5655 aptiorem
2926 5591 3073 5646 illum
3127 5591 3370 5648 efficeret
3417 5596 3485 5652 ad
3530 5595 3629 5650 has

2058 5686 2244 5728 omnes
2286 5675 2431 5744 leges
2465 5678 2821 5750 recipiendas.
