4076 6150
418 209 530 267 ἳ53

427 323 764 398 διαφθείρῃς,
816 319 930 376 ἀλλ’
966 322 1041 386 ώς
1073 324 1201 393 περί⁸
1227 324 1272 354 ³⁸
1316 323 1517 376 οἰκείου
1569 322 1662 376 τοῦ
1719 323 1998 394 ἀλλοτρίου

428 407 808 479 βουλευόμενος
851 406 1211 476 πράγματος,
1260 407 1346 458 ἵνα
1371 409 1417 440 ⁸³
1463 405 1669 476 ταύτην
1709 407 1999 475 ἐξενέγκῃς

371 536 378 543 ,
424 493 526 562 τήν
548 489 744 559 ψῆφον.
782 489 844 542 Εἰ
870 488 926 540 δὲ
963 489 1102 558 μέγα
1122 488 1300 550 τοῦτο,
1331 489 1406 559 μὴ
1437 488 1742 560 θαυμάσῃς.
1773 488 1870 540 Διά
1887 487 1998 557 7&9

427 573 583 628 τοῦτο
605 571 814 634 πάντας
861 571 1101 635 ἐκείνους
1130 572 1294 642 ἐθηκε
1324 574 1452 635 τοὺς
1488 572 1889 642 μακαρισμοῦς,
1914 571 2000 623 ἵνα

427 653 727 725 προλεάνας
762 655 857 708 καὶ
884 654 1418 726 προπαρασκευάσας
1466 653 1560 706 τοῦ
1589 653 1855 724 ἀκροατοῦ
1900 651 1997 721 τήν

423 737 623 809 ψυχὴν,
649 738 1086 808 ἐπιτηδειοτέραν
1108 738 1408 808 ἐργάσηται
1441 738 1574 808 πρὸς
1604 738 1701 808 τὴν
1737 735 1998 807 ὑποδοχὴν

424 821 523 890 τῆς
575 819 892 890 νομοθεσίας
919 819 1119 890 ταύτης
1156 819 1390 889 ἀπάσης.
1986 881 1991 884 _

484 901 740 966 ια’.Τινές
758 901 857 970 μὲν
871 897 962 955 οὖν
980 901 1071 955 τὸν
1086 901 1328 956 διάϐολον
1343 900 1504 954 αὑτὸν
1521 901 1851 956 αἰνίττεσθαί
1867 919 2001 972 φασι

423 987 490 1055 τῇ
510 985 604 1038 τοῦ
625 984 892 1038 ἀντιδίκου
909 983 1265 1054 προσηγορία,
1283 984 1376 1036 καὶ
1400 982 1643 1036 κελεύειν
1669 983 1834 1054 μηδὲν
1854 985 1998 1054 ἔχειν

425 1068 532 1121 τῶν
561 1066 790 1121 ἐκείνου·
812 1066 966 1118 τοῦτο
984 1064 1095 1133 7&9
1119 1061 1257 1118 εἶναι
1281 1065 1342 1117 τὸ
1360 1065 1565 1117 εὐνοεῖν
1590 1063 1740 1135 αύτῷ
1758 1080 1770 1093 ⁸
1795 1064 1871 1126 ὡς
1895 1066 1998 1116 οὐκ

425 1151 542 1203 ἐνὸν
555 1147 902 1202 διαλύσασθαι
923 1150 1061 1216 μετά
1082 1149 1179 1220 τὴν
1198 1146 1443 1200 ἐντεῦθεν
1465 1146 1787 1216 ἀπαλλαγὴν
1811 1147 1880 1207 ⁸⁸,
1900 1146 1996 1216 τῆς

423 1233 794 1302 ἀπαραιτήτου
814 1231 998 1308 λοιπὸν
1012 1233 1156 1302 ἡμᾶς
1172 1229 1531 1300 ἐκδεχομένης
1546 1230 1998 1300 κολάσεως.Ἐμοὶ

421 1317 478 1369 δὲ
508 1317 633 1388 περὶ
663 1315 771 1370 τῶν
796 1314 1026 1368 ἐνταῦθα
1049 1314 1196 1367 δοκεῖ
1220 1313 1399 1380 λέγειν
1445 1312 1742 1379 δικαστῶν,
1777 1314 1870 1367 καὶ
1894 1315 1996 1383 τῆς

421 1399 514 1450 ἐπὶ
536 1398 595 1451 τὸ
617 1398 962 1471 δικαστήριον
982 1395 1123 1456 όδοῦ,
1148 1397 1242 1449 καὶ
1264 1394 1360 1448 τοῦ
1382 1395 1755 1466 δεσμωτηρίου
1778 1395 1991 1451 τούτου.

434 1480 652 1552 Ἐπειδὴ
685 1479 794 1551 7&9
819 1478 927 1533 άπὸ
968 1479 1076 1533 τῶν
1102 1477 1448 1548 ὑψηλοτέρων
1479 1477 1734 1549 ἐνέτρεψε
1765 1479 1859 1532 καὶ
1884 1478 1992 1533 τῶν

425 1567 746 1636 μελλόντων,
779 1565 873 1620 καὶ
910 1563 1018 1618 ἀπὸ
1044 1564 1152 1616 τῶν
1180 1567 1240 1616 ἐν
1277 1563 1355 1633 τῷ
1395 1562 1622 1633 παρόντι
1665 1562 1764 1633 βίῳ
1815 1563 1988 1632 φοὸεῖ.

423 1652 604 1720 Ὅπερ
623 1645 717 1702 οῦν
739 1649 833 1700 καί⁹
867 1649 896 1700 0
928 1646 1139 1711 Παῦλος
1165 1646 1475 1718 ἐργάζεται,
1501 1647 1608 1700 ἀπό
1648 1664 1707 1700 τε
1727 1647 1834 1700 τῶν
1865 1649 1995 1718 μελ-

423 1732 644 1793 λοντων,
678 1730 786 1784 ἀπό
811 1747 867 1783 τε
890 1730 997 1782 τῶν
1027 1730 1307 1802 παρόντων
1339 1729 1547 1798 ἐνάγων
1575 1730 1666 1784 τὸν
1693 1732 1989 1803 ἀκροατήν.

421 1819 550 1868 υἱον
564 1814 638 1878 ώς
655 1815 783 1867 ὅταν
798 1814 1027 1880 ἀπάγων
1048 1811 1264 1875 κακίας,
1281 1811 1373 1864 τὸν
1394 1811 1630 1883 ἄρχοντα
1644 1814 1993 1885 όπλιζόμενον

420 1895 640 1969 δεικνύῃ
675 1895 754 1966 τῷ
775 1895 1215 1966 πονηρευομένῳ,
1244 1893 1388 1948 οὕτω
1419 1895 1590 1963 λέγων
1608 1912 1620 1924 ·
1661 1897 1804 1950 Ἐὰν
1827 1898 1896 1951 δὲ
1928 1899 1994 1953 τὸ

421 1979 606 2032 κακὸν
639 1975 836 2045 ποιῇς,
866 1975 1054 2047 φοϐοῦ
1078 1992 1092 2006 '
1125 1980 1197 2029 οὺ
1221 1977 1331 2046 γὰρ
1370 1977 1504 2046 εικῆ
1538 1979 1656 2046 τὴν
1687 1979 1991 2049 μάχαιραν

419 2061 627 2132 φορεῖ·
656 2061 804 2116 Θεοῦ
826 2062 939 2130 γὰρ
972 2059 1252 2126 διάκονός
1271 2060 1313 2092 ⁸⁸
1343 2060 1492 2116 ἐστι.
1531 2063 1640 2116 Καὶ
1685 2065 1844 2116 πάλιν
1869 2065 1994 2119 ὑπο-

418 2145 712 2199 τάσσεσθαι
759 2143 995 2198 κελεύων
1019 2144 1167 2214 αῦτῷ
1188 2145 1259 2206 ",
1293 2145 1352 2196 ού
1401 2144 1495 2197 τὸν
1523 2145 1616 2197 τοῦ
1659 2146 1793 2200 Θεοῦ
1827 2148 1991 2216 φόδον

417 2229 602 2299 τίθησι
634 2228 811 2297 μόνον,
841 2225 978 2279 ἀλλά
1006 2226 1099 2278 καὶ
1125 2226 1226 2296 τὴν
1260 2225 1492 2296 ἀπειλὴν
1519 2225 1619 2297 τήν
1655 2227 1863 2281 ἐκείνου
1897 2231 1993 2284 καὶ

420 2313 522 2378 τὴν
550 2309 906 2380 κηδεμονίαν·
951 2308 1198 2375 Ἀνάγκη
1238 2309 1346 2376 γὰρ
1393 2307 1868 2375 ὑποτάσσεσθαι,
1917 2313 1990 2365 οὐ

414 2399 606 2467 μόνον
647 2395 744 2448 διὰ
776 2394 891 2462 τὴν
923 2395 1130 2464 ὀργὴν,
1161 2395 1320 2447 (1.1.161
1355 2393 1455 2447 καί
1501 2394 1599 2448 διὰ
1643 2397 1758 2463 τὴν
1784 2398 1991 2452 συνεί-

419 2483 623 2549 δησιν.
655 2479 792 2543 Τοὺς
819 2479 924 2551 7&9
955 2481 1348 2549 ἀλογωτέρους,
1383 2481 1517 2551 ὅπερ
1568 2480 1740 2552 ἔφθην
1796 2483 1987 2549 εἰπὼν,

419 2565 592 2618 ταῦτα
616 2563 814 2635 μᾶλλον
844 2563 999 2616 εἴωθε
1027 2561 1294 2632 διορθοῦν,
1315 2561 1384 2614 τὰ
1407 2563 1702 2634 φαινῦμενα
1727 2567 1819 2618 καὶ
1841 2565 1992 2638 παρὰ

419 2647 608 2711 πόδας.
637 2647 730 2699 Διὸ
767 2644 862 2699 καὶ
887 2647 915 2698 0
948 2645 1181 2716 Χριστὸς
1213 2644 1274 2697 οὐ
1296 2644 1520 2715 γεέννης
1561 2647 1720 2716 μόνον
1750 2648 1991 2719 ἐμνημό-

418 2747 628 2794 νευσεν,
655 2729 790 2782 ἀλλά
810 2728 904 2781 καὶ
931 2727 1302 2796 δικαστηρίου,
1351 2727 1446 2782 καὶ
1474 2729 1774 2798 ἀπαγωγῆς
1804 2731 1872 2795 ⁵³,
1899 2733 1990 2784 καὶ

417 2812 815 2883 δεσμωτηρίου,
849 2811 942 2863 καὶ
964 2809 1062 2880 τῆς
1107 2811 1223 2861 ἐκεῖ
1253 2809 1630 2882 ταλαιπωρίας
1661 2811 1812 2884 [220]
1848 2814 1989 2866 άπά-

422 2916 522 2968 σης
551 2936 566 2960 ,
617 2896 705 2949 διά
758 2894 975 2948 πάντων
1023 2891 1230 2945 τούτων
1267 2892 1365 2955 τάς
1399 2893 1554 2964 ῥίζας
1597 2895 1834 2965 ἀναιρῶν
1890 2896 1984 2950 τοῦ

420 2982 602 3050 φόνου.
637 2980 696 3031 '0
718 2977 825 3047 7&9
853 2977 990 3047 μήτε
1011 2973 1436 3046 λοιδορούμενος,
1464 2978 1598 3047 μήτε
1620 2979 1986 3048 δικαζόμενος,

424 3066 561 3134 μήτε
585 3061 782 3133 ἔχθραν
804 3060 851 3092 δι
877 3059 1150 3123 ἐκτείνων,
1183 3057 1301 3120 πῶς
1342 3059 1590 3128 φονεύσει
1631 3063 1799 3128 ποτέ;
1833 3065 1994 3116 Ὥστε

421 3145 712 3201 κάντεῦθεν
733 3143 914 3212 δῆλον,
943 3143 1030 3196 ὃτι
1069 3143 1128 3194 ἐν
1160 3139 1240 3210 τῷ
1269 3141 1362 3193 τοῦ
1397 3141 1620 3212 πλησίον
1665 3147 1993 3215 συμφέροντι

420 3230 482 3284 τὸ
531 3229 801 3300 ἡμέτερον
843 3230 1018 3280 κεῖται
1049 3224 1348 3294 συμφέρον.
1389 3224 1450 3277 '0
1481 3227 1587 3296 7&9
1615 3226 1691 3298 τῷ
1740 3230 1995 3300 ἀντιδίκῳ

427 3313 651 3377 εὐνοῶν,
675 3310 853 3382 πολλῴ
877 3308 1058 3381 μεῖζον
1069 3309 1195 3352 ⁸⁸⁸⁸⁸
1215 3305 1408 3360 ἐαυτὸν
1443 3309 1733 3381 ὠφελήσει.
1749 3312 1994 3382 δικαστη-

423 3396 554 3466 ρίων
571 3395 662 3448 καὶ
673 3393 1059 3464 δεσμωτηρίων
1072 3392 1166 3445 καὶ
1179 3390 1277 3460 τῆς
1294 3391 1410 3442 ἐκεῖ
1423 3391 1789 3462 ταλαιπωρίας
1807 3395 1996 3447 ἑαυτὸν

420 3477 797 3532 ἀπαλλάττων.
835 3473 1154 3543 Πειθώμεθα
1191 3475 1368 3529 τοίνυν
1402 3477 1515 3536 τοῖς
1547 3473 1879 3544 λεγομένοις,
1900 3477 1997 3528 καὶ

426 3563 500 3631 μὴ
517 3560 920 3628 ἀντιτείνωμεν,
942 3557 1076 3626 μηδέ
1092 3557 1625 3628 ἀντιφιλονεικῶμενο
1646 3557 1876 3628 μάλιστα
1895 3559 1995 3630 μὲν

421 3643 532 3712 7&9
556 3644 647 3694 καὶ
680 3640 786 3709 πρὸ
817 3638 923 3690 τῶν
941 3637 1189 3691 ἐπάθλων
1218 3641 1276 3690 ἐν
1304 3641 1514 3700 ἑαυτοῖς
1542 3639 1654 3708 ἔχει
1680 3639 1776 3710 τὴν
1801 3639 1996 3711 ἡδονήν

424 3723 520 3776 καὶ
550 3723 649 3794 τὴν
683 3719 947 3788 ὠφέλειαν
977 3719 1044 3772 τά
1081 3720 1431 3791 ἐπιτάγματα
1470 3720 1662 3774 ταῦτα.
1706 3723 1766 3774 Εἰ
1796 3721 1852 3774 δέ
1884 3726 1996 3787 τοῖς

425 3805 641 3866 πολλοῖς
674 3801 886 3874 ἐπαχθῆ
915 3797 1051 3855 εἶναι
1077 3802 1243 3864 δοκεῖ,
1288 3805 1382 3856 καὶ
1407 3804 1574 3857 πολὺν
1600 3805 1860 3875 παρέχειν
1905 3805 1996 3858 τὸν

425 3888 588 3940 πόνον
611 3926 626 3949 ,
672 3887 921 3954 ἐννόησον
959 3884 1042 3937 δτι
1071 3883 1161 3937 διά
1185 3887 1276 3938 τὸν
1309 3888 1542 3957 Χριστὸν
1585 3885 1756 3940 ταῦτα
1789 3893 1993 3951 ποιεῖς,

426 3970 524 4024 καὶ
569 3969 632 4022 τὸ
662 3967 902 4039 λυπηρὸν
930 3967 1082 4020 ἔσται
1121 3968 1241 4038 ἡδύ.
1282 3970 1408 4023 Ἐάν
1448 3973 1554 4040 7&9
1599 3970 1690 4026 τὸν
1738 3971 1996 4043 λογισμὸν

423 4053 611 4108 τοῦτον
635 4051 844 4123 ἔχωμεν
867 4051 1159 4116 διαπαντὸς
1188 4091 1202 4114 ,
1225 4053 1439 4117 οὐδενὸς
1468 4055 1838 4125 πειρασόμεθα
1865 4074 1998 4128 φορ-

428 4137 607 4202 τικοῦ,
642 4136 776 4190 ἀλλὰ
804 4135 1000 4206 πολλὴν
1022 4135 1286 4189 πάντοθεν
1330 4139 1731 4209 καρπωσόμεθα
1767 4139 1862 4209 τὴν
1884 4141 1999 4210 ήδοο

424 4225 540 4292 νὴν.
571 4220 630 4273 '0
650 4220 758 4290 7&9
789 4220 944 4279 πόκος
969 4218 1150 4272 οὐκέτι
1178 4219 1337 4282 πόνος
1359 4222 1622 4288 φανεῖται,
1647 4220 1760 4272 ἀλλ’
1777 4221 1992 4292 ὅσῳπερ

423 4304 490 4358 ἂν
506 4301 860 4370 ἐπιτείνηται,
875 4301 1110 4371 τοσούτῳ
1128 4301 1456 4373 γλυκύτερος
1475 4304 1566 4355 καὶ
1581 4303 1745 4373 ἡδίων
1760 4303 1989 4371 γίνεται.

498 4388 664 4439 Ὅταν
712 4383 886 4436 τοίνυν
934 4383 1168 4454 ἐπιμένῃ
1202 4385 1235 4453 ἡ
1285 4384 1543 4456 συνήθειά
1586 4402 1644 4437 σε
1675 4385 1783 4440 τῶν
1809 4387 1992 4441 κακῶν

425 4468 780 4540 γοητεύουσα,
803 4465 898 4519 καὶ
923 4469 957 4534 ἡ
976 4467 1081 4519 τῶν
1097 4465 1394 4538 χρημάτων
1411 4468 1694 4539 ἐπιθυμία.
1712 4471 1994 4542 ἀντιστρά·

425 4570 614 4608 τευσον
666 4551 802 4620 αὐτῇ
843 4549 936 4601 τὸν
964 4549 1222 4621 λογισμὸν
1251 4552 1460 4604 ἐκεῖνον
1489 4551 1580 4604 τὸν
1613 4551 1870 4621 λέγοντα,
1909 4557 1992 4608 δτι

426 4636 589 4688 πολὺν
623 4631 905 4703 ληψόμεθα
941 4631 1030 4683 τὸν
1073 4631 1282 4702 μισθὸν,
1314 4632 1413 4700 τῆς
1452 4636 1786 4707 προσκαίρου
1823 4654 1992 4691 κατα-

427 4719 790 4788 φρονήσαντες
820 4714 1039 4786 ἡδονῆς’
1067 4714 1158 4768 καὶ
1179 4715 1300 4768 είπέ
1328 4715 1466 4785 πρὸς
1495 4715 1595 4786 τὴν
1607 4717 1811 4788 ψυχήν·
1845 4721 1992 4774 Πάνυ

425 4800 470 4830 ⁸⁷
495 4800 746 4867 ἀθυμεῖς,
771 4800 853 4852 ὅτι
877 4813 936 4851 σε
965 4797 1160 4868 ἡδονῆς
1182 4797 1470 4868 ἀποστερῶ
1495 4814 1509 4861 ;
1541 4799 1654 4851 ἀλλ’
1679 4803 1992 4870 εὐφραίνου,

425 4885 507 4936 δτι
537 4898 619 4934 σοι
645 4882 736 4934 τὸν
753 4882 980 4952 οὐρανὸν
1002 4881 1266 4952 προξενῶ.
1295 4879 1373 4938 Ού
1397 4881 1464 4934 δι’
1484 4883 1768 4954 ἀνθρωττον
1798 4889 1990 4948 ποιεῖς,

424 4965 561 5020 ἀλλά
593 4965 680 5018 διά
711 4964 802 5017 τὸν
829 4965 982 5020 Θεόν.
1024 4967 1279 5037 Ἀνάσχου
1301 4965 1478 5020 τοίνυν
1506 4970 1720 5040 μικρὸν,
1756 4969 1850 5022 καὶ
1875 4971 1992 5040 ὄψει

426 5052 486 5103 τὸ
507 5049 692 5120 κέρδος
720 5049 922 5116 ἡλίκον·
954 5051 1287 5120 καρτέρησον
1311 5051 1451 5104 κατά
1474 5054 1564 5105 τὸν
1598 5054 1840 5124 παρόντα
1856 5053 1990 5124 βίον,

426 5134 519 5187 καὶ
552 5131 701 5203 λήψῃ
728 5131 1038 5200 παρρησίαν
1065 5134 1286 5200 ἄφατον.
1325 5137 1421 5186 Ἂν
1461 5136 1568 5206 γάρ
1600 5137 1821 5190 τοιαῦτα
1855 5139 1991 5209 αὐτῇ

423 5215 821 5286 διαλεγώμεθα.
847 5216 938 5266 καὶ
961 5213 1035 5284 μὴ
1055 5215 1212 5284 μόνον
1235 5217 1294 5267 τὸ
1319 5219 1571 5286 φορτικὸν
1599 5222 1867 5291 ἐννοῶμεν
1892 5223 1994 5290 τῆς

424 5303 646 5372 ἀρετῆς,
665 5299 800 5352 ἁλλά
825 5297 918 5350 καὶ
939 5296 1027 5349 τὸν
1057 5297 1116 5361 ἐξ
1147 5297 1314 5366 αὐτῆς
1339 5299 1682 5371 λογιζώμεθα
1705 5306 1988 5373 στέφανον,

494 5395 542 5427 ιε
579 5395 654 5457 ὡς
689 5389 950 5465 περίΙΔ-ὼς
971 5389 1217 5465 ηὐπέρΔΑ.
1249 5389 1312 5442 l3.
1343 5389 1531 5465 ὥσπερ
1555 5391 1623 5465 θ’.
1655 5406 1707 5448 ιιι
1739 5412 1819 5465 pr.
1855 5397 1916 5449 D.

425 5467 472 5498 '°
501 5461 806 5536 ἀποδημίαν
829 5461 1094 5536 βυτ-ξεν.
1123 5461 1185 5536 _i_n
1225 5475 1359 5536 may.

1180 205 1236 261 S.
1278 205 1561 262 JOANNIS
1599 204 2094 262 CIIRYSOSTOMI
2129 205 2446 262 ARCIIIEP.
2485 203 3030 261 CONSTANTINOP.

2017 5400 2062 5430 ⁸⁸
2092 5398 2178 5450 ἵνα
2217 5413 2328 5451 om.
2377 5397 2438 5450 Β.
2473 5397 2534 5450 F.
2565 5396 2650 5449 ἵνα
2675 5397 2770 5466 τὴν
2815 5399 2983 5466 αὐτὴν
3020 5400 3100 5464 ἐξ.

3563 205 3667 260 951

2103 323 2314 390 ταχέως
2337 321 2506 391 αὐτὴν
2531 320 2728 382 κακίας
2753 321 3135 390 ἀποστήσομεν
3163 319 3397 390 ἀπάσης.
3424 321 3485 374 El
3501 319 3610 392 7&9
3641 320 3670 372 0

2100 405 2365 467 διάϐολος,
2391 403 2605 466 δεικνὺς
2625 402 2688 455 τό
2717 403 2815 473 μὲν
2853 402 2950 472 ήδυ
2996 401 3351 472 πρόσκαιρον,
3383 400 3446 454 τὸ
3468 402 3526 455 δὲ
3553 402 3672 454 όδυο

2100 487 2264 556 νηρὸν
2290 486 2556 556 διηνεκὲς,
2585 485 2736 554 ὅμως
2785 484 2957 553 ἰσχύει
2991 485 3086 537 καὶ
3109 483 3448 554 περιγίνεται
3471 500 3485 515 ·
3541 485 3670 538 ὅταν

2100 570 2470 639 ἀντιστρόφως
2488 569 2614 638 παρ’
2631 570 2764 637 ἡμῖν
2783 567 2956 620 ταῦτα
2971 566 3342 636 γένηται⁸¹⁸,τὸ
3363 567 3459 636 μὲν
3479 567 3673 620 ἐπίπο-

2100 670 2211 714 νον,
2226 653 2579 721 πρόσκαιρον,
2593 651 2654 702 τὸ
2671 650 2728 702 δὲ
2746 650 2844 720 ἡδὺ
2868 651 2961 702 καὶ
2983 651 3268 721 χρήσιμον,
3286 649 3574 711 ἀθάνατον,
3588 651 3672 712 τίς

2098 737 2230 806 ἡμῖν
2258 735 2407 788 ἔσται
2435 736 2480 766 ⁵⁸
2507 734 2663 802 λόγος
2695 733 2768 804 μὴ
2797 733 3068 803 μετιοῦσιν
3090 733 3287 803 ἀρετήν
3321 734 3459 804 μετά
3479 731 3673 785 τοσαύ-

2098 835 2197 888 την
2226 817 2601 888 παραμυθίαν;
2627 818 2813 888 Ἀρκεί
2830 817 2938 888 7&9
2957 818 3089 888 ἡμῖν
3111 816 3232 870 ἀντὶ
3253 817 3471 870 πάντων
3501 818 3534 886 ή
3560 817 3671 870 τῶν

2100 901 2275 953 πόνων
2303 900 2578 964 ὑπόθεσις,
2602 900 2698 953 καὶ
2730 900 2790 952 τὸ
2827 898 3119 953 πεπεῖσθαι
3144 899 3330 969 σαφῶς
3359 901 3439 952 ὅτι
3467 899 3554 953 διά
3579 899 3673 952 τὸν

2097 983 2230 1035 Θεὸν
2275 982 2616 1052 ὑπομένομεν
2641 983 2813 1035 ταῦτα
2852 981 3048 1035 πάντα.
3086 983 3149 1034 El
3183 982 3292 1053 7&9
3325 982 3414 1036 τὸν
3447 981 3671 1052 βασιλέα

2098 1065 2236 1135 ἔχων
2267 1081 2350 1127 τις
2377 1063 2681 1134 ὀφειλέτην,
2714 1065 2988 1136 ἀρκοῦσαν
3019 1065 3098 1127 εἰς
3137 1066 3313 1118 πάντα
3338 1065 3545 1134 νομίζει
3579 1067 3670 1119 τὸν

2099 1147 2210 1216 βίον
2239 1147 2539 1216 ἀσφάλειαν
2566 1147 2710 1218 ἐχειν
2730 1166 2743 1178 ο
2775 1149 3024 1218 ἐννόησον
3053 1148 3237 1218 ἡλίκος
3267 1148 3418 1202 ἔσται
3447 1151 3493 1181 ⁸⁸
3520 1151 3549 1202 0
3578 1150 3671 1202 τὸν

2098 1229 2480 1300 φιλάνθρωπον
2526 1232 2619 1283 καὶ
2673 1230 2762 1283 ἀεὶ
2801 1229 2977 1294 ζῶντα
3008 1230 3140 1284 Θεὸν
3177 1232 3272 1284 καὶ
3317 1231 3532 1302 μικρῶν
3575 1233 3672 1285 καὶ

2100 1314 2350 1382 μεγάλων
2387 1313 2826 1385 κατορθωμάτων
2866 1312 3143 1384 χρεώστην
3177 1315 3354 1386 ἐαυτῷ
3397 1317 3672 1386 καταστή-

2098 1411 2218 1458 σας.
2241 1396 2335 1464 Μὴ
2380 1396 2557 1450 τοίνυν
2586 1395 2884 1466 προϐάλλου
2917 1413 3008 1466 μοι
3051 1397 3243 1462 πόνους
3276 1398 3370 1452 καὶ
3403 1397 3631 1462 ἱδρῶτας
3656 1413 3668 1425 ·

2095 1478 2218 1532 ούδέ
2247 1479 2360 1549 γὰρ
2397 1481 2463 1550 τῇ
2497 1479 2604 1532 τῶν
2651 1479 2950 1548 μελλόντων
2984 1480 3158 1533 ἐλπίδι
3196 1481 3376 1550 μόνον,
3408 1479 3544 1534 ἀλλά
3573 1483 3670 1536 καῖ

2097 1561 2271 1632 ἐτέρῳ
2311 1561 2496 1631 τρόπῳ
2535 1559 2743 1629 κούφην
2787 1561 2887 1632 τὴν
2919 1563 3121 1632 ἀρετήν
3167 1562 3422 1634 ἐποίησεν
3456 1565 3485 1617 0
3514 1563 3666 1627 Θεὸς,

2097 1643 2570 1712 συνεφαπτόμενος
2603 1645 2732 1713 ἡμῖν
2763 1645 3036 1713 πανταχοῦ
3061 1645 3155 1698 καὶ
3180 1646 3670 1716 συναντιλαμδανό⁴

2096 1742 2278 1796 μενος.
2312 1725 2430 1779 Κᾶν
2461 1725 2725 1798 βουληθῇς
2761 1726 2918 1796 μόνον
2949 1727 3136 1797 ὀλίγην
3169 1731 3497 1796 εἰσενεγκεῖν
3531 1746 3670 1801 προ-

2094 1810 2321 1880 θυμταν,
2348 1807 2417 1862 τά
2459 1808 2594 1862 ἀλλα
2629 1809 2804 1862 πάντα
2833 1809 3041 1863 ἕπεται.
3071 1810 3166 1864 Διά
3201 1811 3309 1882 7&9
3343 1811 3500 1864 τοῦτο
3537 1811 3666 1881 βούα

2091 1892 2243 1946 λεται
2280 1893 2373 1946 καὶ
2399 1892 2458 1945 σέ
2503 1891 2672 1962 μικρά
2711 1895 2911 1954 πονεῖν,
2943 1893 3028 1945 ίνα
3060 1894 3153 1946 καὶ
3180 1894 3246 1963 σὴ
3277 1896 3311 1962 ἡ
3352 1895 3474 1962 νίκη
3501 1897 3665 1963 γέν-η-

2091 1992 2196 2030 ται.
2231 1974 2383 2048 [221]
2426 1977 2536 2029 Kal
2565 1975 2815 2045 καθάπερ
2864 1975 3115 2045 βασιλεὺς
3155 1976 3397 2045 βούλεται
3432 1978 3531 2048 μὲν
3571 1979 3660 2032 τὸν

2092 2057 2287 2111 ἐαυτοῦ
2313 2057 2479 2111 παῖδα
2499 2059 2754 2128 παρεῖναι
2779 2057 2871 2110 ἐπὶ
2899 2059 2996 2128 τῆς
3029 2059 3400 2128 παρατάξεως,
3425 2061 3521 2113 καὶ
3540 2052 3668 2128 φαίξ

2092 2147 2304 2203 νεσθαι,
2328 2140 2466 2192 ὥστε
2496 2140 2644 2210 αύτῷ
2672 2139 2982 2210 λογισθῆναι
3003 2140 3062 2193 τὸ
3088 2142 3366 2212 τρόπαιον,
3387 2143 3447 2194 τὸ
3471 2143 3527 2196 δέ
3557 2145 3665 2196 πᾶν

2089 2225 2254 2286 αὐτὸς
2287 2223 2440 2277 ἀνύει
2461 2241 2475 2255 ο
2505 2223 2647 2277 οὕτω
2674 2225 2769 2278 καὶ
2786 2225 2813 2277 0
2836 2223 2966 2288 Θεὸς
2989 2225 3046 2276 ἐν
3073 2223 3150 2294 τῷ
3173 2225 3392 2296 πολέμῳ
3417 2225 3496 2296 τῷ
3521 2226 3666 2279 κατὰ

2087 2306 2183 2360 τοῦ
2210 2307 2457 2360 διαϐόλου
2491 2308 2650 2361 ποιεῖ.
2681 2307 2775 2360 Ἓν
2799 2306 2904 2378 7&9
2930 2306 3150 2360 ἀπαιτεῖ
3176 2309 3324 2380 παρά
3355 2308 3449 2362 σοῦ
3480 2310 3660 2379 μόνον,

2089 2388 2229 2442 ὥστε
2261 2389 2460 2460 ἔχθραν
2488 2389 2622 2459 πρὸς
2648 2390 2853 2442 ἐκεῖνον
2877 2389 3243 2454 ἐπιδείξασθαι
3273 2391 3500 2462 γνησίαν
3520 2410 3533 2422 ο
3558 2393 3665 2445 κᾶν

2088 2471 2260 2525 ταῦτα
2289 2471 2437 2543 αύτῷ
2471 2471 2780 2544 παράσχῃς,
2806 2472 2966 2538 αὐτὸς
2995 2475 3170 2530 πάντα
3197 2475 3350 2528 ἀνύει
3377 2475 3468 2528 τὸν
3501 2477 3660 2529 πόλε-

2093 2572 2210 2623 μον.
2231 2555 2354 2609 Κᾶν
2374 2556 2510 2626 ὀργὴ
2533 2557 2576 2588 ⁸⁸
2598 2555 2790 2627 φλέγῃ,
2812 2555 2912 2623 κᾶν
2931 2558 3226 2628 χρημάτων
3249 2557 3530 2628 ἐπιθυμία,
3559 2559 3664 2611 κᾶν

2088 2638 2266 2691 ὁτιοῦν
2298 2637 2480 2710 ἕτερον
2501 2637 2669 2702 πάθος
2697 2641 3033 2712 τυραννικὸν,
3052 2643 3408 2713 παραγίνεται
3432 2643 3667 2714 ταχέως,

2091 2719 2158 2773 ἂν
2215 2719 2304 2792 ἴδῃ
2343 2737 2400 2773 σε
2436 2721 2593 2792 μόνον
2641 2723 2780 2792 πρὸς
2811 2723 2971 2777 αὐτὸν
3007 2724 3369 2795 ἀποδυόμενον
3401 2726 3496 2778 καὶ
3522 2743 3668 2795 παρ-

2089 2805 2489 2874 εσκευασμένον
2507 2806 2574 2870 ⁸³,
2593 2807 2686 2860 καὶ
2708 2806 2866 2877 ῥᾴδια
2888 2809 3062 2862 πάντα
3093 2811 3253 2874 ποιεῖ,
3285 2809 3374 2862 καὶ
3392 2810 3666 2878 ἀνώτερον

2096 2888 2275 2958 ἵστησι
2295 2891 2396 2958 τῆς
2417 2888 2634 2958 φλογὸς,
2655 2889 2906 2962 καθάπερ
2927 2892 3052 2954 τοὺς
3074 2891 3264 2955 παῖδας
3283 2891 3403 2945 τότε
3427 2894 3668 2959 ἐκεῖνους

2095 2972 2188 3022 ἐπὶ
2214 2970 2318 3039 τῆς
2349 2971 2692 3035 Βαϐυλωνίας
2721 2974 2949 3042 καμίνου
2967 2992 2982 3006 ο
3014 2976 3107 3030 καὶ
3134 2975 3242 3046 7&9
3281 2979 3478 3029 ἐκεῖνοι
3506 2977 3668 3030 πλέον

2094 3054 2244 3107 οὐδὲν
2267 3055 2370 3123 τῆς
2397 3055 2620 3126 γνώμης
2648 3058 2989 3127 εἰσήνεγκαν.
3019 3058 3113 3112 ’1ν’
3143 3054 3236 3112 οὖν
3257 3061 3350 3114 καὶ
3381 3063 3542 3132 ἡμεῖς
3562 3063 3668 3114 πᾶ.-

2097 3155 2196 3191 σαν
2233 3141 2462 3207 κάμινον
2492 3139 2685 3208 ἡδονῆς
2713 3140 2948 3194 ἀτάκτου
2987 3141 3386 3206 καταλύσαντες
3413 3137 3666 3209 ἐνταῦθα,

2093 3219 2192 3292 τὴν
2223 3222 2340 3274 ἐκεῖ
2385 3221 2737 3291 διαφύγωμεν
2772 3223 3018 3291 γέενναν,
3058 3223 3230 3277 ταῦτα
3275 3226 3396 3278 καθ’
3431 3227 3667 3297 ἑκάστην

2096 3304 2307 3375 ἡμέραν
2333 3306 2430 3358 καὶ
2452 3303 2832 3376 βουλευώμεθα
2867 3307 2961 3359 καὶ
2984 3309 3338 3380 μεριμνῶμεν
3374 3313 3468 3364 καὶ
3495 3315 3667 3382 πράτ-

2095 3405 2295 3457 τωμεν,
2328 3391 2394 3460 τῇ
2428 3405 2486 3440 τε
2517 3390 2648 3460 περὶ
2677 3389 2746 3442 τά
2783 3390 2963 3457 ἀγαθά
2992 3392 3245 3463 προθέσει
3278 3395 3371 3446 καὶ
3402 3399 3522 3457 ταῖς
3566 3415 3668 3450 πυ-

2096 3472 2249 3533 κναῖς
2271 3471 2455 3540 εὐχαῖς
2480 3471 2573 3524 τοῦ
2598 3470 2733 3525 Θεοῦ
2755 3472 2851 3543 τὴν
2873 3472 3084 3527 εὔνοιαν
3107 3475 3494 3547 ἐπισπώμενοι.
3512 3479 3668 3532 υῦτω

2095 3551 2205 3623 7&9
2236 3555 2330 3606 καὶ
2363 3554 2433 3606 τά
2453 3553 2713 3606 δοκοῦντα
2739 3556 2988 3626 ἀφόρητα
3013 3554 3149 3610 εῖναι
3177 3557 3291 3618 νῦν,
3316 3561 3487 3630 ῥᾷστα
3515 3562 3667 3616 ἐσται

2096 3637 2192 3690 καὶ
2228 3635 2403 3715 κοῦφα
2436 3637 2530 3692 καὶ
2557 3638 2854 3709 ἐπέραστα.
2874 3640 3019 3703 Ἕως
3053 3642 3151 3711 μὸν
3180 3642 3288 3715 7&9
3319 3645 3385 3698 ἀν
3408 3644 3452 3676 ⁸³
3472 3647 3531 3698 ἐν
3557 3650 3670 3709 τοῖς

2097 3719 2324 3773 πάθεσιν
2349 3714 2518 3791 ὦμεν,
2547 3723 2805 3792 τραχεῖαν
2826 3723 2921 3774 καὶ
2941 3722 3192 3777 δύσκολον
3223 3714 3318 3780 καί¹
3341 3726 3544 3798 ἀνάντη
3573 3729 3669 3798 τὴν

2095 3803 2294 3874 ἀρετὴν
2314 3799 2453 3856 εἶναι
2473 3803 2786 3874 νομίζομεν,
2808 3803 2906 3875 τὴν
2930 3805 2985 3858 δὲ
3007 3807 3201 3861 κακίαν
3229 3807 3479 3881 ποθεινὴν
3503 3812 3596 3865 καὶ
3621 3810 3668 3842 ⁸⁸

2097 3886 2346 3956 ἡδίστην·
2373 3888 2439 3939 ἂν
2472 3886 2529 3939 δέ
2569 3886 2763 3956 μικρὸν
2791 3887 3113 3958 ἀποστῶμεν
3150 3890 3370 3958 τούτων,
3405 3895 3525 3946 τότε
3565 3895 3664 3948 κάο

2097 3970 2252 4040 κείνη
2274 3973 2520 4036 φανεῖται
2555 3970 2784 4042 βδελυρά
2811 3972 2902 4023 καὶ
2930 3971 3191 4044 δυσειδὴς,
3223 3977 3312 4028 καὶ
3337 3975 3477 4047 αῦτη
3510 3979 3669 4050 ῥᾳδία

2097 4052 2191 4104 καὶ
2219 4051 2437 4116 εύκολος
2466 4053 2560 4105 καὶ
2583 4052 2824 4123 ποθεινή.
2843 4054 2950 4106 Kal
2974 4055 3143 4109 ταῦτα
3164 4059 3226 4109 ἐκ
3242 4059 3348 4110 τῶν
3378 4061 3668 4132 κατωρθω-

2097 4137 2271 4188 κότων
2297 4136 2411 4189 ἐστι
2441 4136 2624 4206 σαφῶς
2645 4137 2852 4205 μαθεῖν.
2881 4139 3144 4192 ’Ἄκουσον
3174 4142 3303 4208 γοῦν
3332 4143 3446 4206 πῶς
3464 4147 3492 4198 0
3521 4144 3666 4201 Παῦ-

2097 4219 2188 4282 λος
2216 4221 2396 4274 ἐκεῖνα
2435 4221 2534 4290 μὲν
2574 4221 2667 4273 καὶ
2703 4222 2842 4292 μετά
2874 4223 2972 4293 τὴν
3007 4223 3326 4297 ἀπαλλαγὴν
3351 4227 3666 4298 αἰσχύνεται

2098 4303 2270 4372 λέγων
2289 4321 2302 4334 ·
2351 4305 2488 4358 Τίνα
2511 4305 2620 4375 γὰρ
2654 4307 2886 4374 καρπὸν
2917 4307 3108 4377 εἶχετε
3136 4310 3288 4370 τότε,
3315 4311 3409 4380 ἐφ’
3432 4307 3523 4377 οἶς
3553 4312 3668 4365 νῦν

2097 4387 2538 4455 ἐπαισχύνεσθε
2563 4403 2582 4450 ;
2605 4388 2808 4459 ταύτην
2839 4389 2897 4440 δέ
2937 4391 3030 4443 καὶ
3066 4394 3199 4462 μετά
3229 4393 3318 4446 τὸν
3351 4394 3509 4448 πόνον
3538 4395 3667 4447 κούο

2100 4487 2207 4541 φην
2238 4467 2376 4525 εἷναί
2406 4488 2558 4541 φησι,
2582 4472 2644 4524 τὸ
2679 4473 2934 4527 ἐπίπονον
2961 4475 3058 4544 τῆς
3096 4475 3325 4546 θλίψεως
3355 4481 3668 4546 παραυτίκα

2099 4557 2194 4608 καὶ
2217 4554 2452 4626 ἐλαφρὸν
2480 4557 2658 4610 καλῶν
2681 4559 2748 4621 “³,
2777 4558 2872 4610 καὶ
2897 4557 3100 4629 χαίρων
3127 4561 3183 4612 ἐν
3213 4565 3328 4623 τοῖς
3365 4563 3666 4634 παθήμασι,

2099 4639 2188 4691 καὶ
2221 4640 2587 4710 ἀγαλλόμενος
2624 4642 2683 4694 ἐν
2722 4645 2842 4706 ταῖς
2878 4642 3108 4710 θλίψεσι,
3145 4644 3237 4696 καὶ
3282 4646 3424 4714 μέγα
3457 4650 3670 4718 φρονῶν

2097 4722 2192 4775 ἐπὶ
2216 4726 2329 4785 τοῖς
2356 4726 2616 4794 στίγμασι
2635 4727 2748 4787 τοῖς
2767 4725 2854 4778 διά
2880 4726 3135 4796 Χριστόν.
3163 4727 3256 4779 "lv'
3275 4724 3367 4782 οὖν
3400 4733 3494 4783 καὶ
3509 4733 3670 4802 ἡμεῖς

2098 4809 2156 4860 ἐν
2187 4808 2359 4879 ταύτῃ
2395 4811 2755 4880 καταστῶμεν
2785 4812 2852 4880 τῇ
2881 4808 3012 4874 ἕξει,
3052 4813 3162 4874 τοῖς
3192 4813 3501 4883 εἰρημένοις
3549 4815 3669 4868 καθ’

2098 4891 2334 4961 ἑκάστην
2381 4894 2592 4964 ἡμέραν
2638 4895 2862 4956 ἑαυτοὺς
2910 4893 3259 4964 ῥυθμίζοντες
3295 4897 3378 4961 ⁸⁸,
3435 4897 3528 4950 καὶ
3559 4897 3670 4950 τῶν

2097 4973 2317 5029 ὄπισθεν
2334 4976 2828 5045 ἐπ.λανοανόμενοι,
2850 4977 2986 5046 πρὸς
3012 4977 3069 5030 δὲ
3089 4978 3155 5030 τὰ
3173 4979 3479 5049 ἔμπροσθεν
3504 4981 3670 5032 ἐπεκ-

2096 5057 2414 5127 τ.ινὸμενοι,
2426 5057 2705 5127 διώκωμεν
2717 5060 2809 5111 ἐπὶ
2826 5059 2886 5110 τὸ
2903 5058 3150 5129 βραϐεῖον
3162 5061 3260 5131 τῆς
3276 5061 3387 5114 ἀνω
3404 5061 3666 5132 κλήσεως·

2097 5134 2160 5191 οὗ
2180 5141 2387 5206 γένοιτο
2416 5141 2620 5202 πάντας
2646 5142 2788 5210 ἡμᾶς
2814 5142 3108 5212 ἐπιτυχεῖν,
3136 5143 3317 5214 χάριτι
3354 5147 3445 5197 καὶ
3477 5145 3668 5214 φιλαν-

2101 5222 2315 5294 θρωπίᾳ
2352 5222 2444 5275 τοῦ
2478 5223 2680 5293 Κυρίου
2710 5224 2864 5294 ἡμῶν
2913 5225 3087 5295 Ἰησοῦ
3127 5227 3385 5294 Χριστοῦ,
3407 5221 3451 5294 ᾧ
3479 5231 3513 5298 ἡ
3541 5229 3669 5296 δόξα

2098 5307 2192 5358 καὶ⁹
2223 5305 2284 5357 τὸ
2304 5307 2504 5376 κράτος
2523 5306 2600 5368 είς
2621 5307 2744 5368 τοὺς
2761 5307 2961 5369 αἰῶνας
2993 5308 3101 5361 τῶν
3131 5311 3360 5362 αἰώνων.
3405 5311 3600 5382 Ἀμήν.

3137 5401 3339 5473 μάλλον
3371 5403 3550 5473 ψῆφον
3596 5407 3662 5460 Δ.

1477 5462 1521 5492 ⁸⁸
1547 5462 1812 5543 διάκονος]
1841 5467 2050 5530 ἔκδικος
2272 5466 2352 5546 F.‘
2410 5467 2455 5546 ξ’
2489 5466 2658 5546 αὐτῷ]
2688 5462 3036 5546 α-ῦτόν-Αξ-Β.
3168 5471 3270 5546 B.“
3297 5473 3350 5546 ff
3375 5462 3667 5546 ἐπάγωγῆς

427 5555 446 5584 α
479 5529 844 5611 υηιερθεξξρετ-ιιε
1060 5549 1078 5581 ο
1111 5529 1334 5611 Μοηιεί.
1367 5532 1666 5611 ἀπαγωγῆς
1689 5529 1992 5611 ριιιιίεδ-ιιιε

2095 5535 2352 5611 ’ξέχθραή
2373 5539 2473 5609 τήν
2487 5529 2686 5611 ἐχθροῖν
2815 5540 2961 5611 HW"
2991 5539 3210 5611 μείζονα
3233 5543 3368 5596 Edd.
3443 5529 3506 5575 ⁸⁷’
3525 5529 3667 5597 πάύύ

423 5621 536 5656 cun.
561 5601 626 5656 Β.
660 5599 722 5654 υξ
744 5605 804 5655 Ε.
877 5600 1205 5672 ⁸[γένηται]
1229 5599 1484 5672 φαίνηται
1516 5603 1576 5654 υ.

1687 5606 1732 5635 ⁵⁹
1752 5606 1955 5686 incf.
2031 5609 2076 5639 °°
2097 5606 2244 5686 ἐστίν
2275 5606 2439 5662 Eddf
2487 5606 2684 5686 σίόργῇ
2715 5609 2772 5662 Β.
2792 5609 2954 5686 ’ἰῇ-ει
2985 5606 3064 5686 [δι’.
3194 5612 3500 5686 φλεγμαίνῃ
3528 5627 3581 5669 el
3610 5636 3661 5683 ιι.

429 5689 481 5739 ιι.
518 5670 1038 5754 παραγίνηταιοειίιι.
1067 5670 1398 5754 γιύξξᾳιιοι.
1473 5673 1516 5700 ⁸³
1540 5676 1992 5754 παρασκευαζόμε

2113 5679 2170 5729 Β.
2198 5670 2858 5754 παρασκευασμένόνβίιῑ)
2887 5677 2948 5732 F.
2987 5670 3285 5754 Vespera;ch
3307 5670 3662 5754 ’παρεὲκευάο

428 5739 629 5804 σμένον
659 5742 857 5793 desunt
891 5741 944 5795 in
975 5739 1039 5793 A.
1079 5742 1143 5795 (ὲ.
1219 5741 1264 5772 ⁶³
1285 5741 1350 5792 ἄν
1381 5757 1492 5794 om.
1528 5745 1591 5795 A.
1625 5739 1686 5795 Β.
1708 5754 1758 5795 et
1787 5761 1866 5809 pr.
1905 5739 1965 5795 Ι).

2069 5752 2088 5777 δ
2119 5747 2234 5802 καίΙ
2275 5763 2333 5800 τε
2363 5751 2454 5802 καί
2483 5749 2544 5801 Ι).

430 5747 629 5804 σμένον
659 5747 857 5793 desunt
891 5747 944 5795 in
975 5747 1039 5793 A.
1079 5747 1143 5795 (ὲ.
1219 5747 1264 5772 ⁵³
1285 5747 1350 5792 αν
1381 5757 1492 5794 om.
1528 5747 1591 5795 Λ.
1629 5747 1686 5795 li.
1708 5754 1758 5795 et
1787 5761 1866 5809 pr.
1905 5747 1965 5795 I).
2043 5752 2088 5777 οδ
2119 5747 2240 5870 amid

430 5809 660 5879 θλίψεως
685 5809 774 5861 καί
798 5809 858 5863 τὸ
883 5809 1135 5865 ἐπίπονον
1183 5811 1414 5881 ἐλαφρὸν
1450 5810 1647 5867 καλῶν.
1727 5815 1799 5886 ῃ⁶⁶
1829 5814 2177 5887 ρυθμίζωμεν

2622 5750 2666 5826 ξι
2699 5749 2789 5826 διε
2931 5749 3200 5826 οεριυιίτὸ
3231 5749 3537 5822 παραυτίκα
3559 5756 3662 5826 τῆς

2249 5857 2261 5870 .
2285 5833 2338 5887 ι).
2367 5834 2417 5888 p.
2454 5820 2671 5873 καὶτῶν
2703 5819 2800 5884 μὲν
2836 5817 3056 5871 ὂπισθεν
3084 5819 3216 5875 Edd.
