4076 6150
477 287 583 344 9.53

554 406 642 460 ll.
685 403 912 472 Quidam
939 413 1101 473 porrc
1127 415 1225 471 per
1251 396 1612 454 adversarium
1646 396 1794 450 illum
1840 391 2065 462 intelligi

480 498 665 553 volunt
702 495 994 561 diabolum,
1031 503 1087 549 et
1121 494 1207 549 hic
1233 489 1409 563 juberi
1438 497 1643 558 putant,
1673 502 1741 541 ne
1772 486 1895 555 quid
1924 485 2068 538 illius

481 602 703 658 prorsus
730 586 1013 651 habeatur,
1078 584 1237 655 idque
1264 596 1387 637 esse
1429 580 1478 635 ei
1516 578 1841 640 consentire,
1884 584 2068 643 utpote

479 695 600 733 cum
644 688 765 748 post
803 691 1082 733 excessum
1121 690 1187 730 ex
1226 673 1328 729 hac
1374 672 1481 726 vita
1521 686 1627 725 non
1670 669 1826 725 liceat
1869 666 1937 720 ab
1977 665 2068 720 illo

480 788 580 827 nos
617 771 894 841 expedire,
932 785 1054 826 cum
1094 783 1193 822 nos
1231 764 1535 822 inevitabile
1564 762 1877 834 supplicium
1918 759 2071 814 exci-

480 866 610 934 piet.
653 863 777 918 Mihi
809 878 937 918 vero
971 862 1040 917 de
1074 859 1345 931 judicibus
1389 857 1545 927 hujus
1571 853 1751 910 sieculi
1794 852 1875 922 agi
1919 850 2068 905 vide-

482 966 589 1022 tur,
618 970 683 1010 ac
705 954 777 1011 de
804 954 888 1009 via
919 968 1039 1024 qua:
1075 953 1142 1007 ad
1176 951 1439 1021 judicium
1468 948 1615 1003 ducit
1655 957 1704 1001 et
1736 945 1803 999 de
1827 957 2064 998 carcere.

481 1046 772 1117 Postquam
815 1046 960 1101 enim
998 1060 1029 1100 a
1069 1043 1469 1099 sublimioribus
1508 1040 1751 1093 hortatus
1794 1045 1898 1101 est,
1943 1041 1999 1089 et
2036 1048 2067 1087 a

483 1142 694 1206 futuris,
734 1155 764 1194 a
810 1140 933 1194 vitae
980 1138 1258 1209 praesentis
1310 1142 1476 1190 terret
1520 1131 1767 1202 negotiis.
1816 1128 1874 1184 Id
1924 1126 2067 1198 quod

483 1233 647 1287 etiam
687 1230 883 1286 Paulus
914 1230 1058 1297 facit,
1085 1244 1114 1282 a
1143 1226 1335 1282 futuris
1375 1236 1431 1281 et
1468 1240 1498 1279 a
1543 1221 1889 1293 praesentibus
1913 1218 2068 1272 audi-

484 1336 653 1381 torem
703 1337 1070 1379 commovens.
1123 1322 1194 1379 Ut
1240 1336 1361 1376 cum
1407 1334 1436 1372 a
1483 1318 1719 1389 nequitia
1762 1315 2065 1377 abduceus,

484 1417 781 1487 principem
807 1423 1072 1470 armatum
1117 1413 1259 1468 male
1282 1410 1524 1481 operanti
1553 1407 1789 1463 ostendit
1829 1406 1911 1460 his
1949 1420 2069 1460 ver-

484 1510 565 1563 bis
594 1525 610 1561 :
643 1506 791 1574 Quod
819 1507 863 1561 si
902 1505 1233 1577 malefeceris,
1266 1504 1383 1556 time
1415 1517 1434 1556 :
1462 1518 1561 1554 non
1602 1500 1736 1553 enim
1769 1498 1878 1550 sine
1915 1512 2069 1549 causa

484 1600 711 1672 gladium
734 1606 901 1669 portat
933 1614 951 1652 :
986 1596 1083 1651 Dei
1109 1597 1240 1651 enim
1266 1595 1493 1647 minister
1532 1601 1606 1645 est
1650 1590 1823 1660 (Rom.
1855 1590 1942 1644 15.
1984 1590 2065 1658 4).

487 1690 784 1762 lterutnque
809 1690 1005 1761 jubeus
1037 1689 1147 1743 Deo
1172 1687 1445 1756 subjectos
1475 1698 1619 1747 esse,
1647 1697 1755 1737 non
1786 1681 1946 1735 modo
1973 1680 2067 1734 Dei

488 1787 753 1850 timorem,
795 1783 891 1838 sed
925 1782 1086 1837 etiam
1120 1780 1240 1850 ejus
1283 1778 1457 1832 minas
1494 1775 1648 1831 aﬂ'ert
1686 1784 1741 1828 et
1780 1772 2065 1842 provideo-

488 1879 611 1933 tiam
646 1894 661 1932 :
692 1876 910 1931 Necesse
950 1884 1025 1930 est
1058 1890 1163 1928 esse
1200 1872 1484 1943 subjectos,
1524 1885 1625 1922 non
1666 1868 1829 1921 solum
1865 1876 2069 1936 propter

484 1968 635 2033 iram,
661 1967 749 2021 sed
770 1977 819 2020 et
841 1974 1047 2036 propter
1069 1963 1426 2017 conscientiam
1454 1959 1617 2031 (Ibid.
1646 1974 1693 2013 υ.
1724 1959 1802 2028 5).
1831 1958 1962 2012 Nam
1988 1958 2069 2011 in-

484 2059 847 2128 sipientiores,
879 2067 934 2110 ut
963 2056 1069 2126 jam
1099 2054 1230 2118 dixi,
1263 2054 1376 2107 haec
1402 2067 1521 2121 qua:
1560 2059 1818 2119 apparent
1855 2058 1910 2102 et
1948 2062 2067 2117 quin

483 2165 515 2205 e
542 2149 767 2219 vestigio
799 2158 1113 2216 sequuntur,
1138 2144 1307 2213 magis
1326 2143 1505 2198 solent
1524 2140 1831 2196 emendare.
1862 2140 2061 2207 Quam-

485 2244 672 2298 obrem
727 2240 971 2297 Christus
1016 2254 1121 2295 non
1165 2238 1324 2292 modo
1376 2235 1678 2307 gehennam
1729 2233 2065 2300 memoravit,

484 2333 577 2387 sed
608 2332 770 2387 etiam
794 2331 980 2403 judicii
1010 2329 1260 2397 tribunal,
1297 2327 1675 2383 abductionem
1704 2325 1771 2379 ad
1812 2332 2064 2387 mortem,

484 2439 755 2481 carcerem
781 2424 1004 2494 ejusque
1030 2422 1275 2477 miserias
1299 2435 1511 2484 omnes,
1542 2433 1637 2487 per
1666 2418 1780 2471 haec
1805 2416 1947 2485 ipsas
1972 2429 2068 2468 cae-

485 2516 630 2571 dium
676 2517 883 2571 radices
922 2515 1261 2570 exscindens.
1304 2513 1406 2580 Qui
1438 2512 1579 2566 enim
1614 2525 1785 2580 neque
1811 2508 2068 2564 conviciis

486 2607 775 2676 impetitur,
818 2622 917 2661 nec
946 2607 999 2660 in
1022 2606 1110 2676 jus
1140 2604 1387 2667 trahitur,
1436 2618 1609 2673 neque
1649 2602 1782 2656 iram
1815 2599 2066 2666 intendit,

486 2702 750 2772 quomodo
789 2700 997 2755 occidet
1044 2697 1336 2769 umquam?
1377 2697 1558 2766 Itaque
1604 2694 1727 2750 hinc
1758 2694 1930 2764 palam
1962 2703 2064 2759 est,

484 2794 538 2847 in
563 2794 787 2862 proximi
811 2791 1095 2847 commodo
1121 2800 1365 2845 nostrum
1386 2801 1598 2858 quoque
1617 2786 1957 2842 commodum
1984 2800 2068 2840 re-

485 2884 665 2954 periri.
712 2882 844 2937 Nam
888 2883 980 2952 qui
1031 2897 1152 2937 cum
1203 2879 1512 2936 adversario
1558 2878 1845 2944 consentit,
1896 2877 2068 2931 multo

485 2977 655 3048 magis
700 2976 800 3033 sibi
848 2977 950 3046 ipsi
986 2975 1091 3032 erit
1142 2974 1316 3040 utilis,
1360 2971 1494 3028 liber
1532 2987 1562 3025 a
1606 2969 1993 3037 tribunalibus,
2034 2984 2065 3022 a

486 3071 787 3126 carceribus
808 3083 1104 3139 eorumque
1128 3066 1377 3122 miseriis.
1412 3064 1577 3119 Dictis
1603 3064 1763 3133 igitur
1787 3061 2065 3130 obtempeo

486 3177 685 3226 remus,
713 3176 812 3215 nec
838 3158 1245 3223 contendamus,
1274 3170 1374 3211 nec
1400 3156 1632 3209 rixemur
1656 3170 1669 3206 :
1691 3168 1811 3207 cum
1835 3151 2067 3206 maxime

487 3256 603 3310 haec
628 3264 915 3325 praecepta,
960 3253 1123 3307 etiam
1168 3259 1292 3303 ante
1338 3248 1554 3317 praemia
1599 3247 1707 3311 illa,
1737 3246 2067 3313 voluptatem

486 3359 541 3404 et
568 3349 849 3404 utilitatem
891 3348 943 3400 in
980 3361 1039 3401 se
1081 3343 1409 3398 contineant.
1457 3340 1609 3409 Quod
1657 3341 1702 3394 si
1747 3337 2064 3409 quibusdam

486 3456 713 3496 onerosa
753 3454 872 3495 esse
897 3448 950 3494 et
990 3437 1213 3491 multum
1247 3434 1484 3505 praebere
1530 3432 1727 3486 laboris
1762 3428 2067 3497 videantur,

487 3535 660 3604 cogita
689 3542 740 3587 te
769 3540 986 3602 propter
1009 3528 1283 3585 Christum
1313 3526 1427 3581 haec
1468 3539 1648 3596 agere,
1680 3530 1736 3579 et
1771 3521 1912 3593 quod
1954 3536 2070 3575 mo-

487 3628 684 3682 lestum
727 3633 829 3689 est,
861 3637 1024 3679 suave
1068 3620 1348 3675 videbitur.
1392 3617 1447 3673 Si
1498 3617 1641 3672 enim
1683 3614 1821 3670 hanc
1866 3612 2069 3683 cogita-

489 3721 689 3773 tionem
727 3729 943 3784 semper
972 3721 1287 3783 prznsentem
1331 3707 1643 3770 habeamus,
1690 3705 1820 3759 nihil
1858 3703 2069 3758 molesti

490 3811 847 3882 experiemur,
894 3805 990 3862 sed
1030 3805 1247 3860 multam
1283 3802 1515 3872 undique
1542 3813 1889 3869 assequemur
1914 3798 2069 3852 volu-

491 3912 711 3976 ptatem.
743 3900 919 3956 Labor
947 3898 1090 3953 enim
1129 3912 1234 3951 non
1265 3896 1403 3950 ultra
1443 3893 1596 3947 labor
1620 3906 1738 3947 esse
1780 3889 2069 3957 videbitur,

492 3994 585 4050 sed
612 4001 810 4064 quanto
848 3989 1017 4060 magis
1051 3986 1376 4054 intendetur,
1404 3994 1565 4056 tanto
1604 3982 1812 4039 dulcior
1835 3981 2074 4037 suavior-

493 4102 595 4157 que
619 4085 741 4142 erit.

564 4179 776 4233 Corona:
796 4174 1007 4231 celestis
1032 4189 1147 4242 spes
1166 4188 1198 4225 α
1220 4170 1359 4225 mala
1378 4168 1737 4223 consuetudine
1759 4176 1953 4222 auocat.
1983 4166 2077 4222 Dei

495 4271 687 4327 auxilio
726 4280 771 4324 et
799 4286 954 4340 opera
981 4276 1153 4321 nostra
1190 4274 1262 4319 est
1290 4280 1435 4333 Opus.
1454 4292 1525 4302 —
1544 4260 1768 4327 Quando
1798 4260 1955 4331 igitur
1997 4260 2078 4313 in-

496 4364 656 4419 stabit
679 4359 1008 4417 consuetudo
1036 4357 1295 4412 maiorum
1326 4363 1377 4408 te
1397 4352 1725 4416 demulcens,
1753 4349 1965 4421 quando
1986 4366 2078 4420 pe-

499 4455 775 4509 cuniarum
821 4450 1117 4521 cupiditas,
1158 4460 1370 4517 oppone
1412 4444 1487 4499 illi
1529 4442 1865 4498 ratiocinium
1916 4441 2075 4510 illud,

497 4547 637 4617 quod
666 4546 744 4600 sic
771 4543 927 4598 habet
966 4560 978 4595 :
1020 4554 1121 4595 nos
1149 4551 1394 4608 magnam
1424 4545 1737 4604 accepturos
1774 4531 2078 4588 mercedem

499 4653 640 4701 esse,
669 4637 713 4689 si
742 4631 1088 4701 temporalem
1117 4629 1443 4696 voluptatem
1468 4624 1861 4694 despiciemus;
1904 4631 1959 4677 et
1995 4621 2081 4675 dic

498 4727 690 4779 animae
717 4734 819 4777 tua:
850 4739 865 4774 :
897 4721 1115 4775 Multum
1141 4717 1390 4779 tristaris,
1420 4714 1561 4786 quod
1588 4723 1640 4769 te
1668 4712 1942 4783 voluptate
1969 4712 2079 4781 pri-

500 4832 660 4877 vem;
687 4824 742 4869 at
768 4815 970 4878 laetare,
999 4813 1119 4883 quia
1156 4810 1251 4865 tibi
1280 4810 1468 4863 caelum
1498 4806 1771 4877 provideo.
1812 4803 1926 4859 Non
1957 4818 2082 4873 pro-

503 4922 621 4983 pter
660 4907 951 4972 hominem,
982 4904 1074 4959 sed
1107 4911 1322 4973 propter
1355 4902 1519 4957 Deum
1562 4898 1822 4968 operaris.
1863 4897 2083 4951 Paulum

504 5004 662 5075 igitur
687 5008 953 5069 exspecta,
978 5007 1032 5050 et
1055 4995 1257 5049 videbis
1276 5004 1530 5063 quantum
1554 4992 1755 5045 lucrum
1778 5002 2084 5056 assequare.

504 5098 792 5153 Persevera
824 5107 917 5161 per
945 5090 1079 5144 hanc
1105 5091 1287 5151 vitam,
1316 5097 1371 5143 et
1396 5086 1639 5141 fiduciam
1663 5083 1927 5138 obtinebis
1950 5081 2086 5137 inel-

505 5188 740 5244 fabilem.
772 5184 827 5239 Si
856 5182 1046 5237 talibus
1070 5180 1237 5251 ipsam
1264 5179 1618 5248 alloquamur,
1649 5184 1703 5229 et
1737 5174 1781 5228 si
1821 5188 1928 5227 non
1968 5183 2087 5225 tan-

507 5295 617 5337 tum
641 5278 853 5335 virtutis
881 5275 1086 5347 pondus
1112 5281 1165 5327 et
1190 5272 1511 5335 molestiam,
1541 5268 1635 5324 sed
1663 5267 1820 5321 etiam
1846 5280 2002 5336 quam
2022 5281 2088 5318 ex

510 5375 592 5429 illa
619 5371 997 5442 consequimur
1034 5379 1287 5422 coronam
1324 5363 1376 5417 in
1416 5369 1594 5417 mente
1634 5358 1944 5417 habeamus.
1986 5359 2091 5411 cito

510 5464 653 5522 illam
687 5465 754 5519 ab
792 5460 939 5517 omni
980 5455 1212 5527 nequitia
1256 5453 1609 5508 retrahemus.
1640 5450 1774 5505 Nam
1818 5447 1863 5503 si
1906 5447 2091 5501 diabo-

511 5559 615 5624 lus,
666 5555 953 5611 ostendeus
1001 5558 1400 5618 temporaneam
1453 5544 1799 5614 voluptatem,
1851 5539 2092 5595 dolorem

514 5665 639 5705 vero
666 5655 1000 5719 perpetuum,
1032 5650 1209 5696 tamen
1237 5638 1493 5710 praevalet
1521 5632 1577 5692 et
1602 5636 1766 5690 vincit
1792 5650 1806 5687 :
1832 5648 1953 5688 cum
1983 5632 2097 5687 hinc

521 5742 575 5801 in
600 5740 926 5798 contrarium
967 5749 1121 5794 versa
1150 5730 1565 5805 respexerimus.
1605 5728 1841 5785 laborem
1880 5723 2094 5796 quidem

1636 279 1702 334 IN
1741 273 2146 332 MATTH/EUM
2186 274 2414 332 HOMIL.
2458 278 2597 335 XVI.

3653 278 3758 334 25’s

2178 400 2600 462 temporaneum,
2630 391 2956 463 voluptatem
2975 405 3105 447 vero
3132 392 3518 461 utilitatemque
3542 391 3759 447 immor-

2177 486 2357 551 talem,
2386 500 2488 557 qua
2519 483 2725 540 ratione
2765 483 3010 540 excusari
3050 484 3362 552 poterimus,
3410 484 3455 538 si
3487 494 3606 554 post
3643 493 3761 537 tan-

2176 586 2282 631 tam
2313 578 2756 645 consolationem,
2790 578 3039 633 virtutem
3068 594 3175 632 non
3217 577 3509 633 adeamus?
3554 578 3759 633 Sufficit

2176 670 2332 725 nobis
2376 686 2485 740 pra:
2524 671 2774 727 omnibus
2818 678 3189 741 argumentum
3229 679 3285 725 et
3326 685 3485 725 causa
3524 675 3757 741 suscepti

2175 763 2389 829 laboris,
2420 765 2464 819 si
2493 764 2713 818 omnino
2739 763 2978 833 persuasi
3007 763 3173 817 simus
3209 777 3308 816 nos
3344 770 3560 831 propter
3589 762 3757 817 Deum

2176 854 2291 912 haec
2320 857 2496 911 omnia
2524 858 2650 926 pati.
2683 856 2813 911 Nam
2839 857 2883 909 si
2909 856 3028 926 quis
3063 854 3441 924 imperatorem
3482 855 3583 909 sibi
3611 854 3759 909 debi~

2177 958 2344 1004 torem
2373 948 2585 1009 habeat,
2616 963 2675 1004 se
2702 964 2795 1018 per
2817 957 2980 1001 totam
3006 948 3169 1001 vitam
3197 946 3513 1000 tutissimam
3551 945 3757 998 cautio-

2175 1054 2298 1094 nem
2330 1038 2526 1094 habere
2555 1047 2704 1108 putat
2746 1056 2758 1089 :
2802 1041 2971 1107 cogita
3009 1044 3237 1106 quantus
3279 1035 3349 1089 sit
3377 1035 3442 1099 is,
3475 1034 3563 1103 qui
3606 1033 3757 1088 beni-

2174 1146 2337 1202 gnum
2380 1147 2698 1202 semperque
2728 1132 2989 1185 viventem
3020 1130 3186 1185 Deum
3231 1136 3287 1184 et
3326 1128 3667 1182 minimarum
3704 1138 3758 1182 et

2174 1226 2335 1282 simul
2358 1241 2670 1297 magnorum
2701 1226 2835 1294 frugi
2864 1238 3084 1293 operum
3111 1222 3209 1277 sibi
3234 1221 3530 1276 debitorem
3558 1220 3759 1274 consti-

2176 1319 2295 1373 tuit.
2315 1316 2396 1373 Ne
2424 1318 2602 1387 itaque
2628 1317 2757 1371 mihi
2786 1316 2998 1370 labores
3025 1314 3248 1383 objicias
3268 1321 3325 1367 et
3351 1310 3574 1365 sudores
3604 1325 3620 1369 :
3664 1324 3759 1363 ne-

2174 1426 2281 1481 que
2307 1411 2448 1465 enim
2474 1410 2585 1464 sola
2613 1408 2906 1462 futurorum
2944 1421 3060 1474 spe,
3092 1407 3186 1460 sed
3215 1413 3270 1459 et
3301 1404 3406 1458 alio
3435 1402 3595 1456 modo
3627 1400 3757 1455 faci-

2174 1500 2279 1555 lem
2307 1514 2426 1556 esse
2451 1499 2701 1553 virtutem
2731 1497 2938 1551 curavit
2975 1495 3137 1559 Deus,
3175 1493 3329 1547 nobis
3364 1492 3562 1561 ubique
3600 1490 3756 1544 auxi-

2176 1592 2303 1647 lium
2351 1589 2809 1660 patrociniumque
2855 1601 3010 1640 suum
3059 1583 3380 1655 przestando.
3422 1582 3476 1636 Si
3528 1582 3759 1635 volueris
3809 1619 3811 1622 ι

2174 1684 2436 1739 modicam
2460 1681 2714 1736 adhibere
2736 1677 3084 1748 diligentiam,
3108 1686 3300 1731 caetera
3325 1674 3501 1728 omnia
3530 1687 3757 1741 sequen-

2172 1786 2279 1832 tur.
2312 1777 2602 1845 Propterea
2630 1774 2775 1829 enim
2804 1783 2855 1826 te
2881 1772 2995 1825 vult
3031 1784 3221 1841 parum
3259 1777 3510 1838 praestare
3538 1766 3754 1831 laboris,

2174 1878 2231 1923 ut
2278 1878 2332 1923 et
2376 1867 2596 1921 victoria
2641 1876 2726 1921 tua
2772 1865 2861 1919 sit.
2912 1864 2989 1918 Ac
3027 1859 3471 1932 quemadmodum
3516 1874 3607 1912 rex
3650 1859 3757 1912 vult

2173 1961 2336 2014 filium
2366 1975 2520 2014 suum
2551 1959 2605 2012 in
2632 1958 2746 2012 acie
2775 1965 2938 2020 stare,
2967 1955 3141 2024 jacula
3183 1953 3412 2015 vibrare,
3460 1961 3514 2006 et
3543 1951 3757 2018 conspi-

2172 2066 2334 2106 cuum
2363 2064 2502 2117 esse;
2535 2060 2591 2103 ut
2620 2048 2721 2119 ipsi
2752 2058 3009 2116 tropaeum
3031 2044 3260 2099 adscribi
3284 2044 3468 2112 possit,
3495 2042 3616 2097 licet
3645 2042 3757 2110 ipse

2174 2152 2342 2198 totum
2368 2142 2562 2197 bellum
2585 2141 2831 2196 Conficiet
2857 2154 2872 2200 ;
2905 2136 2983 2191 sic
3014 2138 3154 2191 Deus
3179 2136 3229 2188 in
3262 2134 3403 2188 bello
3431 2142 3615 2187 contra
3643 2133 3755 2185 dia-

2173 2236 2353 2292 bolum
2389 2235 2532 2290 facit.
2562 2234 2736 2290 Unum
2771 2233 2966 2303 quippe
3005 2240 3207 2284 tantum
3248 2244 3278 2282 a
3321 2238 3373 2282 te
3412 2226 3655 2296 requirit,
3699 2235 3758 2279 ut

2171 2338 2357 2383 contra
2401 2327 2550 2380 illum
2590 2340 2717 2380 vere
2760 2323 3090 2378 inimicitiam
3133 2318 3423 2383 exhibeas;
3473 2327 3522 2371 et
3563 2316 3607 2371 si
3653 2315 3756 2370 hoc

2173 2418 2273 2487 ipsi
2299 2417 2585 2482 concedas,
2614 2416 2728 2485 ipse
2758 2424 2924 2468 totum
2966 2412 3163 2466 bellum
3201 2409 3469 2464 conﬁciet.
3505 2408 3615 2462 Etsi
3652 2408 3751 2473 ira,

2165 2512 2251 2566 vel
2288 2510 2514 2565 avaritia
2548 2518 2601 2563 te
2623 2518 2765 2572 urat,
2795 2507 2878 2561 vel
2899 2505 3212 2576 quicunque
3256 2503 3396 2557 alius
3427 2502 3748 2571 tyrannicus

2168 2603 2366 2657 anima:
2398 2602 2660 2665 morbus,
2703 2599 2885 2654 statim
2926 2596 3113 2661 adest;
3159 2594 3203 2648 si
3252 2595 3432 2647 videat
3479 2603 3528 2646 te
3565 2592 3744 2645 solum

2172 2704 2363 2750 contra
2382 2694 2593 2746 hostem
2615 2691 2927 2760 expeditum
2950 2696 3006 2741 et
3021 2695 3293 2757 paratum,
3334 2693 3388 2740 et
3438 2682 3616 2737 facilia
3632 2695 3750 2734 om-

2183 2790 2273 2842 nia
2316 2787 2517 2851 reddit,
2562 2797 2720 2855 teque
2748 2784 2966 2838 flamma
3003 2781 3337 2849 superiorem
3357 2777 3659 2838 constituit,
3693 2783 3754 2827 ut

2169 2892 2373 2943 pueros
2402 2878 2525 2931 illos
2556 2879 2610 2931 in
2644 2876 2863 2930 fornace
2886 2871 3248 2940 Babylonica:
3282 2883 3403 2921 nam
3430 2877 3485 2920 et
3505 2866 3580 2919 illi
3617 2864 3754 2918 nihil

2170 2967 2312 3021 aliud
2360 2965 2588 3019 attulere
2625 2977 2782 3033 quam
2822 2963 3172 3015 voluntatem.
3219 2956 3290 3012 Ut
3331 2958 3488 3025 igitur
3528 2963 3581 3009 et
3621 2970 3753 3019 nos,

2171 3073 2386 3112 onmem
2418 3056 2617 3110 illicita:
2652 3053 2938 3122 voluptatis
2980 3051 3250 3104 fornacem
3292 3046 3378 3101 hic
3403 3042 3750 3106 declinantes,

2170 3149 2464 3219 gehennam
2496 3147 2605 3202 illic
2643 3146 2976 3214 elfugiamns,
3008 3141 3121 3195 haec
3150 3139 3389 3209 quotidie
3413 3146 3466 3192 et
3491 3137 3755 3191 delibere-

2171 3257 2311 3305 mus,
2340 3248 2395 3293 et
2420 3252 2689 3299 curemus,
2718 3246 2774 3289 et
2799 3248 3037 3304 agamus,
3066 3242 3176 3285 tum
3202 3245 3267 3284 ex
3298 3232 3384 3298 pio
3410 3228 3531 3281 booi
3564 3227 3754 3296 agendi

2174 3335 2468 3407 proposito,
2512 3343 2621 3385 tum
2653 3328 3015 3398 frequentibus
3038 3323 3368 3379 orationibus
3397 3321 3487 3374 Dei
3519 3320 3749 3373 benevo-

2173 3430 2389 3484 lentiam
2421 3425 2576 3481 nobis
2613 3422 2965 3477 attrahentes.
2990 3418 3080 3473 Sic
3105 3418 3246 3471 enim
3271 3430 3334 3469 ea
3364 3428 3483 3483 qua:
3510 3426 3650 3466 nunc
3676 3414 3758 3465 in-

2173 3519 2468 3576 tolerabilia
2495 3517 2763 3579 videntur,
2792 3512 2989 3576 facilia,
3022 3507 3159 3564 levia
3197 3504 3549 3572 amabiliaque
3578 3512 3751 3558 erunt.

2172 3613 2436 3683 Quamdiu
2473 3611 2614 3666 enim
2643 3607 2696 3663 in
2727 3605 2906 3677 pravis
2938 3601 3213 3658 affectibus
3250 3612 3549 3661 versamur,
3582 3598 3757 3650 virtu-

2174 3718 2281 3764 tem
2302 3718 2566 3775 asperam,
2585 3698 2878 3761 diflicilem,
2902 3696 3333 3760 inaccessamque
3353 3704 3473 3744 esse
3490 3696 3758 3757 putamus.

2173 3800 2569 3870 nequitiamque
2593 3788 3005 3849 desiderabilem
3031 3794 3087 3841 et
3112 3782 3507 3845 dulcissimam;
3549 3777 3596 3833 si
3631 3791 3763 3832 vero

2176 3866 2448 3963 paululum
2482 3866 2519 3941 ᾗ
2558 3884 2701 3940 vitiis
2736 3879 3097 3940 discedamus,
3140 3885 3265 3928 tunc
3305 3872 3390 3926 illa
3420 3866 3753 3924 abominabi-

2177 3960 2243 4041 lis
2267 3995 2325 4041 et
2348 3980 2603 4039 deformis
2632 3974 2913 4032 videbitur.
2944 3971 3060 4026 lucc
3087 3982 3216 4023 vero
3245 3965 3416 4020 facilis
3454 3970 3509 4017 et
3550 3960 3755 4015 amabi-

2177 4080 2265 4135 lis.
2306 4078 2431 4132 Haec
2475 4087 2636 4144 porro
2674 4068 2882 4123 discere
2929 4062 3082 4117 facile
3128 4071 3413 4129 poswmus
3454 4069 3522 4108 ex
3567 4052 3632 4105 iis
3668 4049 3759 4120 qui

2179 4180 2327 4227 recto
2358 4141 2494 4221 vita;
2512 4163 2754 4219 instituto
2788 4158 3118 4213 claruerunt.
3150 4148 3284 4203 Audi
3315 4144 3583 4217 quomodo
3624 4141 3763 4196 Pau-

2181 4265 2262 4319 lus
2288 4261 2413 4315 vitia
2440 4259 2598 4313 etiam
2624 4262 2745 4326 post
2767 4245 3173 4307 conversionem
3201 4238 3391 4311 pudori
3416 4251 3537 4292 esse
3560 4234 3703 4289 dicat
3744 4251 3759 4286 :

2185 4356 2348 4423 Quem
2374 4352 2507 4406 enim
2550 4325 2769 4420 fructum
2794 4338 3048 4407 habebatis
3077 4346 3196 4389 tunc
3236 4334 3288 4386 in
3323 4331 3448 4396 illis,
3484 4327 3549 4381 de
3586 4325 3766 4395 quibus

2183 4463 2319 4501 nunc
2348 4440 2631 4498 erubescitis
2659 4436 2831 4511 (Rom.
2866 4434 2922 4489 6.
2963 4428 3095 4501 ειη
3126 4427 3386 4482 Virtutem
3427 4428 3606 4477 autem
3646 4427 3767 4488 post

2184 4540 2422 4597 laborem
2454 4538 2625 4590 levem
2655 4531 2969 4596 facilemque
3017 4522 3167 4587 dicit,
3207 4525 3631 4573 momentaneam
3672 4512 3769 4566 tri-

2185 4631 2535 4689 bulationem,
2568 4634 2623 4680 et
2663 4623 2902 4680 laborem
2943 4618 3128 4672 dicens
3158 4610 3410 4666 facilitate
3462 4608 3633 4660 levem
3665 4603 3766 4671 (2.

2186 4726 2304 4780 Cor.
2340 4723 2535 4791 $.17),
2566 4717 2904 4789 gaudensque
2943 4712 2995 4766 in
3032 4699 3521 4778 passiouibus(Col.
3562 4696 3766 4766 £24),

2187 4828 2242 4873 et
2269 4815 2543 4871 exsultans
2570 4811 2622 4864 in
2653 4801 3079 4862 tribulationibus
3109 4797 3283 4867 (Rom.
3313 4794 3366 4849 5.
3393 4795 3467 4861 5),
3498 4793 3773 4859 altumque

2188 4909 2403 4978 sapiens
2445 4906 2496 4955 in
2538 4896 2871 4968 stigmatibus
2920 4898 3143 4961 pr0pter
3190 4886 3463 4941 Christum
3506 4880 3774 4950 susceptis

2192 4998 2334 5069 (Gal.
2364 4996 2417 5051 6.
2450 4992 2560 5059 l7).
2604 4989 2675 5044 Ut
2714 4986 2871 5057 igitur
2897 4992 2953 5038 et
2994 4996 3091 5035 nos
3132 4979 3184 5033 in
3223 4979 3323 5031 hoc
3366 4984 3507 5069 statu
3554 4986 3775 5027 manea-

2192 5061 2334 5148 mus,
2366 5080 2431 5134 iis
2457 5090 2576 5147 quae
2602 5087 2762 5143 supra
2786 5070 2925 5125 dicta
2955 5074 3081 5121 sunt
3117 5080 3215 5120 nos
3238 5061 3475 5133 quotidie
3502 5070 3775 5113 exornan-

2195 5184 2295 5239 tes,
2335 5180 2391 5226 et
2427 5166 2813 5240 pratteritorum
2840 5160 3237 5219 oblivisceutes,
3277 5154 3345 5209 ad
3385 5167 3447 5206 ea
3488 5163 3617 5203 vero
3656 5160 3777 5216 quia

2196 5273 2319 5321 ante
2344 5276 2441 5318 nos
2469 5267 2595 5315 sunt
2629 5271 2727 5312 nos
2755 5268 2969 5324 semper
2991 5249 3364 5310 extendentes,
3394 5255 3640 5310 supernae
3680 5252 3779 5289 vo-

2196 5356 2422 5415 cationis
2444 5352 2683 5409 brevium
2713 5362 2998 5419 sequamur
3042 5363 3056 5399 :
3088 5342 3229 5413 quod
3260 5354 3357 5393 nos
3400 5347 3588 5386 omnes
3615 5345 3767 5383 asse-

2197 5452 2285 5521 qui
2324 5449 2618 5516 contingat,
2665 5441 2835 5512 gratia
2881 5447 2937 5493 et
2985 5434 3314 5505 benignitate
3359 5421 3568 5480 Domini
3612 5424 3781 5479 nostri

2199 5511 2326 5599 fesu
2352 5511 2569 5603 Christi,
2598 5511 2689 5591 cui
2710 5532 2876 5607 gloria
2901 5540 2956 5586 et
2981 5524 3263 5597 imperium
3290 5520 3345 5577 in
3374 5511 3574 5573 siceula
3610 5525 3779 5568 saecu-

2202 5635 2397 5691 lorum.
2437 5631 2629 5687 Amen.
