4076 6150
285 227 392 283 255

965 219 1020 274 S.
1058 216 1336 274 JOANNIS
1363 213 1832 271 CIIRYSOS'I‘OMI
1871 210 2186 266 ARCIIIEP.
2229 209 2760 266 CONS'I'AN'I‘INOP.

286 351 3558 378 MM”—

1623 425 1970 487 HOMILIA
2014 428 2217 488 XVII.

285 565 412 616 (lar.
443 561 495 616 5.
526 576 578 612 v.
603 559 695 614 27.
727 557 948 612 Audistis
972 557 1093 627 quia
1129 555 1322 608 dictum
1364 562 1436 606 est
1467 551 1683 618 antiquis
1713 564 1734 604 :
1764 549 1881 603 Non

360 650 699 704 uimchaberis.
739 647 832 703 28.
889 645 1000 718 Ego
1028 655 1192 699 autem
1219 643 1332 696 dico
1359 642 1529 706 vobis,
1558 641 1676 709 quia
1719 639 1880 693 onmis

361 743 442 807 qui
488 741 666 794 viderit
703 740 963 793 mulierem
1000 736 1068 790 ad
1111 733 1575 804 concupiscendum
1601 747 1738 796 eam,
1762 731 1876 800 jam

362 834 636 888 mmelmtus
660 842 736 885 est
759 847 868 884 eam
891 831 945 883 in
969 827 1120 882 corde
1142 843 1252 881 suo.

363 927 414 980 1.
445 926 728 992 Postquam
756 923 983 994 primum
1014 917 1322 973 mandatum
1365 911 1666 984 explicandi
1715 913 1875 965 linem

291 1019 438 1082 fecit,
493 1016 726 1085 illudque
775 1013 840 1068 ad
882 1024 1149 1066 summum
1203 1005 1556 1077 philosOphize
1596 1001 1874 1067 extendit,

287 1110 478 1164 ordine
530 1107 845 1177 procedens,
872 1104 938 1158 ad
989 1100 1281 1158 secundum
1325 1095 1666 1168 provehitur,
1693 1094 1744 1148 iu
1776 1093 1880 1149 hoc

290 1215 501 1270 quoque
532 1200 631 1269 legi
677 1198 1025 1266 obsequutus.
1069 1192 1233 1262 Atqui
1281 1191 1383 1245 hoc
1432 1204 1537 1244 non
1587 1185 1878 1242 secundum

293 1299 620 1362 prasceptnm
646 1298 749 1355 est,
780 1286 1010 1356 inquies,
1039 1284 1133 1340 sed
1180 1283 1414 1337 tertium.
1459 1280 1573 1335 Non
1602 1276 1880 1345 enimpri-

303 1395 444 1436 mum
475 1389 806 1451 praereptum
828 1386 927 1431 est.
958 1374 1079 1430 Non
1103 1374 1296 1428 occides
1322 1371 1341 1443 (
1365 1371 1511 1424 Deut.
1535 1369 1588 1424 6.
1611 1370 1646 1423 ι
1665 1368 1718 1438 );
1748 1366 1877 1421 sed:

300 1473 545 1528 Dominus
575 1473 713 1526 Deus
756 1482 874 1524 tuus
897 1511 918 1534 ,
949 1467 1198 1521 Dominus
1225 1482 1356 1518 unus
1383 1472 1472 1517 est.
1526 1460 1880 1528 Quamobrem

291 1565 635 1637 qurerendnm
663 1572 738 1616 est
764 1604 779 1628 ,
811 1577 907 1614 cur
933 1575 1038 1613 non
1080 1559 1201 1612 inde
1227 1555 1466 1624 eruperit.
1497 1553 1611 1618 Qua
1656 1552 1724 1606 de
1751 1566 1881 1604 cau—

293 1674 350 1711 sa
382 1655 583 1724 igitur?
608 1653 740 1719 Quia
783 1653 824 1704 si
867 1651 990 1704 inde
1021 1648 1290 1716 ctepisset,
1315 1644 1612 1714 oportebat,
1637 1651 1690 1696 et
1737 1642 1881 1695 illam

293 1763 522 1818 augere,
571 1755 629 1801 ct
674 1745 1017 1813 semetipsum
1075 1744 1126 1795 in
1179 1738 1530 1809 explicatione
1577 1734 1879 1805 complecti.

293 1838 537 1893 Nondum
586 1846 764 1890 autem
815 1845 1022 1902 tempus
1070 1841 1188 1887 erat
1239 1831 1305 1884 de
1353 1830 1530 1898 seipse
1581 1825 1882 1896 hujusmodi

294 1928 562 1998 quidpiam
589 1927 782 1980 docere
844 1923 1090 1992 Alioquin
1138 1932 1315 1975 autem
1363 1919 1620 1974 moralem
1669 1917 1883 1972 interim

294 2035 596 2074 sermonem
631 2017 962 2079 habebat,et
1003 2015 1127 2068 hinc
1173 2024 1226 2068 et
1273 2028 1344 2067 ex-
1386 2010 1654 2065 miraculis
1698 2009 1885 2064 volens

295 2109 623 2165 auditoribus
666 2107 986 2176 persuadere
1014 2121 1072 2160 se
1100 2105 1290 2159 Filium
1325 2103 1417 2157 Dei
1459 2117 1601 2159 esse.
1646 2099 1702 2156 Si
1741 2099 1884 2155 enim

295 2214 579 2272 antequam
631 2201 772 2254 aliud
829 2199 1096 2269 quidpiam
1142 2199 1484 2266 loqueretur,
1530 2201 1622 2248 aut
1663 2193 1882 2255 faceret,

298 2294 475 2348 statim
522 2291 784 2346 dixisset:
817 2290 1058 2348 Audistis
1083 2288 1203 2356 quia
1250 2286 1451 2340 dictum
1499 2293 1581 2338 est
1608 2282 1883 2352 antiquis:

302 2385 415 2455 Ego
438 2385 692 2437 Dominus
722 2382 861 2433 Deus
892 2393 1028 2439 tuus,
1053 2387 1106 2432 et
1148 2387 1345 2447 praeter
1375 2392 1459 2430 me
1485 2391 1589 2430 non
1616 2384 1698 2429 est
1717 2374 1884 2436 alius;

301 2493 403 2545 ego
427 2487 603 2529 autem
628 2473 748 2526 dico
772 2471 942 2535 vobis,
969 2481 1023 2524 ut
1059 2479 1115 2524 et
1157 2485 1241 2522 nte
1277 2469 1530 2532 adoretis,
1559 2467 1699 2521 sicut
1722 2475 1775 2520 et
1820 2465 1889 2518 ila

304 2569 410 2620 tum
436 2586 450 2620 ;
481 2565 532 2618 id
560 2563 842 2626 effecisset,
881 2570 936 2614 ut
962 2575 1147 2615 omnes
1173 2560 1317 2613 illum
1340 2559 1489 2627 quasi
1513 2558 1771 2612 furentem
1796 2557 1890 2609 ha-

307 2657 512 2711 berent.
536 2653 593 2710 Si
620 2651 764 2708 enim
797 2659 916 2719 post
947 2659 1145 2704 tantam
1171 2649 1466 2703 doctrinam
1504 2658 1558 2703 et
1601 2657 1721 2718 post
1747 2657 1890 2702 tanta

306 2751 476 2818 signa,
501 2762 622 2801 cum
647 2744 880 2800 nondum
910 2743 1026 2796 haec
1048 2742 1137 2797 ille
1165 2742 1312 2796 clare
1329 2740 1572 2804 dixisset,
1596 2739 1890 2794 daemonia-

308 2855 426 2893 cnm
459 2838 602 2890 lIIItllt
630 2836 887 2889 vocabant
913 2831 1108 2902 (Joau.
1141 2833 1193 2885 8.
1221 2831 1311 2886 52.
1348 2841 1395 2884 et
1423 2831 1510 2886 10.
1535 2830 1629 2899 20)
1661 2848 1674 2882 :
1698 2832 1740 2882 si
1769 2838 1893 2884 ante

308 2931 398 2984 illa
436 2929 613 2982 omnia
651 2927 825 2980 simile
868 2925 994 2995 quid
1039 2925 1218 2979 dicere
1259 2925 1602 2984 tentur-isset,
1633 2922 1759 2992 quid
1787 2938 1896 2975 non

311 3021 621 3076 dixissent?
647 3018 772 3089 quid
805 3034 908 3071 non
950 3017 1311 3087 cogitassent?
1351 3017 1420 3070 At
1444 3030 1569 3070 vero
1597 3014 1896 3068 doctrinam

318 3109 632 3182 hujusmodi
671 3112 741 3166 ad
771 3121 986 3178 tempus
1047 3116 1406 3176 Opportunum
1456 3120 1796 3168 reservasse,
1842 3105 1897 3158 id

312 3212 518 3264 facilem
549 3208 765 3276 parabat
791 3207 930 3261 viam
955 3213 1012 3260 ut
1042 3201 1146 3257 hoc
1179 3199 1373 3267 dogma
1394 3213 1423 3250 a
1451 3197 1631 3252 multis
1653 3197 1894 3266 suscipe-

313 3314 476 3360 retur.
499 3299 859 3368 Quamobrem
907 3311 1049 3352 nnnc
1074 3296 1201 3351 illud
1223 3293 1585 3366 prtetermisit;
1603 3301 1890 3362 postquam

312 3411 437 3451 vero
463 3411 558 3465 per
584 3394 734 3464 signa
756 3407 957 3463 perque
994 3390 1290 3446 doetrinam
1317 3387 1570 3457 optimam
1590 3385 1656 3438 ad
1684 3384 1734 3438 id
1758 3399 1896 3451 pra:-

319 3495 581 3556 parassct,
642 3483 818 3539 verbis
867 3483 1081 3538 demum
1137 3480 1366 3550 idipsum
1417 3477 1693 3532 revelavit.
1747 3475 1901 3529 Nunc

313 3588 458 3632 certe
482 3587 535 3630 et
558 3576 722 3645 signis
742 3585 797 3629 et
817 3575 933 3642 ipso
953 3572 1212 3626 doctrina:
1232 3569 1412 3632 modo,
1432 3567 1684 3637 paulatim
1705 3576 1758 3620 et
1775 3580 1901 3621 sen-

315 3670 415 3722 sim
444 3667 570 3722 illud
600 3666 854 3720 declarat.
880 3664 1010 3718 Nam
1037 3679 1158 3716 cum
1189 3667 1452 3731 potestate
1479 3659 1626 3728 leges
1656 3658 1771 3711 illas
1792 3668 1902 3712 sta-

315 3772 464 3814 tuere
484 3759 562 3813 vel
588 3757 911 3820 reformare,
944 3754 994 3809 id
1027 3754 1205 3824 utique
1231 3768 1355 3807 eum
1383 3751 1472 3822 qui
1503 3749 1802 3806 attenderet
1846 3758 1906 3805 et

317 3860 496 3906 mente
521 3850 722 3904 valeret
751 3849 815 3902 ad
845 3847 956 3902 veri
983 3846 1245 3916 dogmatis
1289 3846 1552 3900 rationem
1579 3843 1897 3900 deducebat.

317 3941 772 4012 Obstupescebant
820 3940 962 3994 enim
989 3982 1003 4005 ,
1050 3940 1162 4003 ait,
1207 3938 1330 4009 quia
1387 3951 1494 3991 non
1545 3937 1681 3990 sicut
1712 3936 1902 3990 scribta

317 4051 504 4091 eorum
532 4035 757 4090 docebat
778 4036 794 4102 (
815 4032 1001 4086 Matth.
1035 4032 1087 4087 7.
1109 4031 1201 4087 29.
1241 4029 1406 4084 Marc.
1435 4029 1486 4084 I.
1514 4027 1641 4099 2‘2).
1667 4032 1705 4082 A
1735 4043 1903 4098 gene-

320 4127 522 4181 ralibus
561 4125 757 4196 quippe
783 4124 923 4178 vitiis
949 4137 1103 4177 orsus
1127 4163 1142 4189 ,
1171 4121 1240 4176 ab
1271 4122 1346 4176 ira
1393 4135 1585 4190 nempe
1613 4128 1668 4174 et
1701 4134 1904 4174 concu-

321 4219 571 4293 piscentia
590 4217 726 4288 (hare
740 4216 880 4270 enim
901 4213 1130 4269 maxime
1147 4211 1478 4284 tyrannidem
1502 4212 1554 4265 in
1576 4210 1730 4266 nobis
1745 4224 1902 4265 exer-

320 4319 475 4376 cent,
503 4317 556 4362 et
587 4317 788 4361 natura:
833 4314 957 4359 sunt
983 4304 1151 4372 magis
1195 4300 1478 4371 consona),
1525 4317 1645 4356 cum
1673 4301 1904 4356 auctori-

323 4410 428 4456 tate
444 4401 628 4464 multa,
646 4405 900 4467 quantum
931 4393 1152 4449 decebat
1179 4393 1560 4462 legislatorem,
1583 4391 1696 4447 hac
1716 4407 1906 4447 emen-

321 4494 484 4554 davit.
507 4502 559 4547 et
579 4505 700 4545 cum
720 4488 862 4542 omni
879 4485 1216 4540 accuratione
1232 4483 1497 4538 ordinavit
1514 4483 1743 4554 ‘.Neque
1760 4491 1904 4538 enim

323 4586 448 4643 dixit
477 4593 679 4640 talltum
707 4578 972 4636 mmchum
1001 4592 1189 4648 poenas
1225 4591 1346 4631 esse
1388 4575 1635 4630 daturum
1662 4594 1676 4628 :
1703 4577 1795 4630 sed
1822 4575 1904 4630 id-

326 4680 496 4748 ipsnm
525 4677 610 4730 hic
636 4675 759 4729 facit
786 4671 925 4742 quod
949 4672 1088 4726 circa
1135 4667 1454 4723 homicidam
1483 4667 1700 4733 fecerat,
1731 4668 1907 4738 impu-

324 4771 447 4825 dico
493 4768 652 4820 etiam
700 4765 936 4835 aspectui
985 4778 1171 4833 ptenas
1222 4760 1577 4825 denuntians,
1620 4766 1680 4813 ut
1731 4759 1908 4814 discas

326 4859 452 4930 quid
481 4859 550 4910 sit
579 4857 707 4909 illud
725 4857 864 4925 quod
889 4856 1022 4910 ultra
1046 4855 1270 4924 scriptas
1288 4851 1434 4922 leges
1451 4850 1758 4921 requiritur.
1782 4847 1907 4904 Ideo

326 4953 456 5006 dicit
482 4968 495 5002 :
522 4949 621 5013 Qui
643 4949 910 5016 respexerit
939 4949 1195 5001 mulierem
1216 4946 1283 4999 ad
1305 4942 1753 5015 concupiscendum
1773 4958 1906 5009 eam,

323 5046 435 5114 jum
465 5040 738 5092 mter/tatus
767 5049 839 5091 est
864 5054 974 5090 eam
1001 5039 1054 5090 in
1082 5038 1234 5092 corde
1259 5052 1387 5100 suo;
1417 5035 1465 5090 id
1489 5046 1574 5091 est
1595 5077 1610 5100 ,
1637 5036 1726 5105 qui
1769 5035 1908 5090 solet

331 5145 552 5187 \‘t-nnsta
572 5144 795 5198 corpora
821 5129 1085 5183 curiosius
1112 5129 1327 5191 intueri,
1361 5127 1624 5196 faciesque
1649 5129 1910 5182 formosas

329 5228 531 5292 venari,
561 5235 615 5281 et
643 5225 742 5278 hoc
788 5221 1090 5294 spectaculo
1111 5222 1345 5276 animum
1365 5236 1602 5291 pascere,
1622 5223 1910 5290 oculosque

330 5321 562 5387 deﬁgere
591 5319 643 5372 in
673 5319 933 5371 formosos
963 5314 1159 5368 vultus.
1183 5312 1297 5368 Non
1319 5313 1460 5367 enim
1485 5327 1680 5382 corpus
1704 5320 1908 5366 tantum

334 5414 474 5468 venit
499 5429 526 5464 a
555 5412 710 5466 malis
756 5411 962 5466 actibus
986 5409 1213 5463 liberare
1236 5449 1250 5472 ,
1283 5405 1377 5461 sed
1416 5415 1470 5460 et
1506 5405 1737 5459 animum
1785 5413 1910 5458 ante

332 5520 547 5573 corpus.
591 5505 723 5571 Quia
751 5503 891 5556 enim
924 5503 975 5556 in
1006 5500 1170 5555 corde
1207 5499 1438 5569 Spiritus
1458 5497 1683 5567 gratiam
1716 5495 1910 5562 accipi-

400 5601 411 5625 ι
450 5593 541 5641 Alii
557 5607 651 5641 non
672 5598 824 5655 rauci,
850 5606 958 5643 cum
980 5589 1108 5644 omni
1127 5589 1430 5643 accuratiane
1452 5585 1699 5650 repressit.
1714 5599 1824 5650 (ιιιιε
1839 5583 1912 5634 Ιθο

337 5661 434 5705 ctio
453 5669 549 5704 non
570 5655 859 5717 spernenda.

1987 567 2104 606 mus
2124 593 2138 616 ,
2167 566 2262 606 cor
2286 551 2513 620 primum
2545 559 2820 619 espurgat.
2870 550 2945 605 Et'
2963 551 3232 619 quomodo
3257 566 3558 622 possumus.

1987 641 2192 709 inquies
2215 683 2228 705 ,
2258 655 2287 694 a
2314 641 2738 710 concupiscentia
2771 641 3022 696 liberari?
3051 641 3276 697 Maxime
3300 643 3516 712 quidem
3541 685 3558 708 ,

1981 732 2024 785 si
2052 721 2296 795 velimus,
2317 746 2597 802 possumus
2621 747 2736 786 eam
2761 735 3120 803 exstinguere,
3143 743 3197 789 et
3223 751 3288 788 ne
3317 745 3567 804 erumpat

1979 821 2272 876 continere.
2296 821 2542 892 Alioquin
2565 834 2739 875 autem
2763 821 2848 876 hic
2870 837 2973 876 non
2998 823 3154 877 modo
3175 826 3559 893 concupiscen-

1982 913 2108 965 tiam
2139 912 2294 976 tollit,
2321 914 2414 967 sed
2439 915 2597 966 etiam
2628 915 2770 968 illam
2814 916 3305 985 concupiscentiam
3331 934 3454 987 quae
3493 935 3561 973 ex

1981 1015 2198 1074 aspectu
2236 1005 2429 1073 prodit.
2453 1004 2584 1059 Nam
2613 1006 2701 1076 qui
2729 1006 2985 1062 formosas
3024 1007 3219 1063 intueri
3245 1005 3408 1063 facies
3445 1019 3560 1064 stu-
3611 1043 3626 1060 .

1982 1095 2108 1160 det,
2139 1095 2228 1149 ille
2255 1096 2520 1165 praecipue
2550 1097 2665 1150 vitii
2709 1095 2980 1152 fornacem
3011 1097 3271 1163 accendit,
3295 1101 3558 1153 animam-

1981 1201 2086 1254 que
2104 1186 2364 1256 captivam
2393 1186 2556 1241 efficit
2579 1229 2594 1254 ,
2622 1196 2672 1242 et
2702 1189 2808 1242 cito
2833 1188 2898 1243 ad
2920 1203 3052 1258 Opus
3079 1201 3289 1259 quoque
3319 1189 3539 1245 accedet

1982 1278 2274 1348 Propterea
2298 1293 2402 1332 non
2429 1278 2581 1345 dixit,
2612 1278 2710 1347 Qui
2734 1281 3060 1350 concupierit
3100 1281 3389 1337 maechari:
3442 1283 3540 1337 sed

1985 1369 2088 1434 Qui
2103 1371 2372 1439 respexerit
2387 1371 2456 1424 ad
2469 1371 2937 1441 concupiscendum.
2960 1372 3027 1426 Et
3047 1387 3164 1426 cum
3187 1372 3254 1428 de
3279 1373 3352 1426 ira
3380 1373 3559 1443 loque-

1983 1469 2151 1522 retur,
2179 1459 2580 1515 distinctionem
2626 1462 2908 1530 quamdam
2955 1463 3148 1531 posuit,
3197 1461 3420 1527 Temere,
3477 1463 3566 1517 vel

1987 1549 2114 1604 Siue
2132 1567 2287 1605 causa
2310 1551 2569 1616 dicendo;
2593 1553 2679 1606 hic
2698 1567 2825 1607 vero
2851 1568 2957 1607 non
2977 1553 3070 1618 ita,
3093 1553 3187 1608 sed
3210 1554 3377 1609 semel
3398 1563 3567 1610 totam

1985 1644 2466 1714 concupiscentiam
2506 1645 2719 1699 sustulit
2750 1661 2764 1697 :
2791 1646 2998 1700 etiamsi
3034 1647 3148 1700 haec
3195 1647 3355 1702 ambo
3381 1648 3560 1700 innata

1987 1737 2140 1791 nobis
2163 1738 2289 1802 sint,
2316 1744 2373 1792 et
2399 1736 2595 1792 utiliter
2621 1749 2840 1808 utraque
2867 1739 3018 1794 nobis
3048 1739 3209 1793 insint
3231 1780 3245 1804 ,
3271 1740 3348 1794 ira
3373 1754 3564 1808 nempe
3603 1767 3606 1770 ~

1987 1838 2041 1884 et
2065 1830 2529 1899 concupiscentia;
2585 1831 2669 1884 illa
2697 1842 2754 1885 ut
2782 1832 3049 1902 improbos
3080 1832 3380 1900 pnniamus,
3408 1841 3456 1887 et
3486 1834 3566 1886 in-

1985 1919 2310 1988 compositos
2333 1919 2713 1984 emendemus;
2745 1920 2857 1974 ham
2888 1929 2944 1974 ut
2975 1921 3168 1976 liberos
3193 1924 3561 1991 suscipiamus,

1988 2021 2048 2066 et
2066 2025 2234 2081 genus
2261 2021 2498 2067 nostrum
2530 2014 2867 2068 successione
2909 2024 3246 2085 propagetur.

2060 2100 2116 2155 2.
2167 2100 2396 2157 Christus
2433 2103 2660 2157 illicitum
2689 2113 2882 2179 tantum
2910 2106 3362 2175 concupiscentiam
3391 2106 3572 2176 prohi-

1990 2194 2088 2248 bet.
2117 2194 2292 2258 Quare
2311 2195 2479 2265 ipsum
2507 2206 2763 2266 aspectum
2782 2197 3022 2250 cohibeat.
3057 2196 3314 2266 [inpudici
3340 2210 3572 2270 aspectus

1989 2286 2194 2339 damna.
2215 2317 2284 2326 ——
2307 2286 2416 2341 Cur
2440 2301 2567 2357 ergo
2593 2303 2696 2341 non
2729 2287 2812 2342 hic
2847 2289 3006 2343 etiam
3041 2289 3432 2344 distinctionem
3476 2307 3572 2361 po-

1991 2378 2133 2431 suit?
2157 2376 2438 2433 Maximam
2480 2389 2626 2434 certe
2645 2421 2661 2445 ,
2692 2381 2739 2434 si
2765 2381 3006 2435 attendas
3026 2422 3039 2444 ,
3069 2381 3153 2436 hic
3177 2381 3569 2437 distinctionem

1993 2468 2271 2537 percipies.
2304 2467 2418 2523 Non
2453 2470 2594 2524 enim
2636 2471 2947 2539 simpliciter
2991 2471 3145 2534 dixit,
3177 2473 3276 2538 Qui
3313 2475 3577 2541 concupi-

1993 2561 2160 2626 verit;
2190 2571 2362 2630 potest
2399 2563 2540 2617 enim
2587 2563 2760 2632 quivis
2787 2564 2946 2618 etiam
2993 2565 3044 2618 in
3091 2567 3357 2620 montibus
3387 2567 3569 2621 sedem

1992 2651 2217 2721 habens,
2243 2656 2652 2725 concupiscere;
2684 2657 2798 2723 sed,
2849 2657 2948 2722 Qui
2975 2660 3245 2728 respexerit
3287 2659 3357 2712 ad
3391 2677 3584 2714 concu-

1994 2745 2284 2813 piscendum
2303 2763 2324 2811 ;
2354 2745 2404 2800 id
2434 2755 2536 2813 est,
2563 2747 2651 2817 qui
2675 2748 2775 2804 sibi
2821 2749 2920 2818 ipsi
2965 2751 3445 2819 concupiscentiam
3481 2763 3572 2804 ae-

1993 2837 2174 2901 eersit,
2226 2851 2317 2906 qui
2359 2839 2571 2892 nemine
2598 2847 2820 2910 cogente
2869 2840 3034 2896 feram
3085 2841 3227 2896 illam
3259 2843 3310 2896 in
3336 2844 3575 2902 sedatum

1995 2928 2228 2981 animum
2255 2927 2513 2984 immittit.
2544 2929 2677 2984 Illud
2715 2932 2855 2985 enim
2883 2947 2986 2986 non
3011 2933 3120 3002 jam
3149 2948 3215 2987 ex
3245 2943 3429 2988 natura
3449 2950 3575 3006 pro-

1999 3020 2275 3086 ficiscitur,
2306 3021 2398 3076 sed
2429 3037 2492 3076 ex
2532 3022 2753 3077 desidia.
2807 3024 2921 3079 Hoc
2961 3026 3156 3095 quippe
3188 3026 3238 3080 in
3270 3029 3433 3083 veteri
3465 3030 3578 3098 lege

1994 3113 2106 3182 jam
2133 3113 2261 3166 olim
2297 3113 2516 3168 vetitum
2550 3115 2664 3180 fuit,
2697 3131 2814 3185 quae
2864 3117 2942 3172 sic
2985 3117 3145 3173 habet
3178 3137 3190 3172 :
3222 3117 3346 3173 Noli
3389 3120 3578 3176 discere

1998 3203 2421 3274 pulchritudinem
2458 3205 2715 3274 alienam(
2743 3205 2900 3260 Eccli.
2924 3207 2978 3263 9.
3002 3207 3055 3263 8.
3079 3207 3119 3278 ).
3149 3209 3347 3264 Deinde
3367 3226 3433 3266 ne
3461 3211 3583 3280 quis

1994 3294 2200 3351 diceret
2224 3309 2236 3346 :
2265 3294 2398 3365 Quid
2429 3311 2576 3368 ergo,
2608 3297 2652 3350 si
2679 3296 2916 3353 didicero
2936 3340 2951 3364 ,
2981 3307 3163 3355 etnon
3189 3302 3407 3372 capiar?
3435 3302 3581 3358 cohi-

2004 3387 2092 3440 bet
2113 3397 2407 3457 aspectum,
2435 3403 2505 3443 ne
2545 3389 2643 3441 hac
2670 3388 2893 3443 fidenter
2939 3405 3068 3444 usus
3105 3390 3339 3459 licentia,
3369 3392 3421 3446 in
3452 3407 3581 3462 pec-

2000 3488 2175 3532 catum
2205 3478 2483 3546 aliquando
2532 3478 2751 3534 incidas.
2793 3480 2928 3547 Quid
2971 3481 3129 3551 igitur
3172 3483 3216 3538 si
3259 3483 3582 3550 videatn,et

2003 3571 2373 3640 concupiscam
2397 3612 2412 3634 ,
2443 3570 2678 3642 nihilque
2730 3575 2852 3628 mali
2905 3576 3094 3644 agam?
3159 3575 3327 3630 Etiam
3356 3577 3434 3631 sic
3459 3591 3578 3631 cum

2005 3662 2227 3718 mtechis
2256 3664 2571 3718 numeraris.
2593 3663 2920 3720 Sententiam
2949 3666 3069 3721 tulit
3094 3666 3384 3737 legislator,
3413 3682 3584 3737 neque

2004 3752 2169 3807 debes
2199 3753 2332 3807 ultra
2375 3755 2587 3808 curiose
2631 3755 2919 3825 inquirere.
2952 3755 3085 3811 Cum
3124 3758 3264 3812 enim
3302 3760 3467 3814 semel
3493 3770 3584 3814 aut

2006 3845 2086 3901 bis
2113 3855 2204 3900 aut
2229 3855 2310 3901 ter
2337 3846 2414 3901 sic
2440 3848 2740 3917 respexeris
2761 3890 2776 3913 ,
2810 3858 2862 3904 te
2888 3849 3023 3905 forte
3053 3850 3250 3920 poteris
3278 3853 3582 3917 continere;

2005 3936 2052 3991 si
2077 3951 2204 3990 vero
2233 3937 2540 4007 frequenter
2563 3938 2614 3993 id
2656 3938 2850 4004 facias,
2882 3949 2936 3995 et
2971 3940 3242 3996 fornacem
3283 3944 3541 3998 accendas
3565 3985 3582 4010 ,

2009 4027 2246 4100 profecto
2270 4029 2498 4098 capieris
2524 4047 2536 4082 :
2568 4045 2672 4084 non
2703 4030 2845 4085 enim
2875 4039 3023 4086 extra
3054 4033 3336 4087 humanam
3366 4035 3498 4090 situs
3525 4051 3586 4091 es

2009 4127 2273 4174 naturam.
2297 4119 2752 4186 Quemadmodum
2773 4136 2902 4193 ergo
2927 4137 3025 4176 nos
3048 4138 3169 4178 cum
3195 4139 3415 4193 puerum
3441 4125 3586 4181 vide-

2009 4226 2126 4266 mus
2152 4211 2383 4282 gladium
2420 4221 2689 4269 tenentem
2709 4255 2724 4278 ,
2752 4215 2958 4269 etiamsi
2991 4215 3223 4271 nondum
3254 4218 3585 4274 vulneratum

2009 4319 2314 4373 eemamus,
2345 4308 2688 4362 verberamus
2732 4316 2906 4362 tamen
2947 4308 3392 4381 prohibemusque
3417 4328 3484 4366 ne
3510 4314 3589 4368 sic

2010 4412 2260 4466 umquam
2323 4398 2547 4468 attingat
2594 4417 2607 4453 :
2656 4400 2734 4454 sic
2783 4413 2994 4470 quoque
3064 4399 3202 4454 Deus
3265 4402 3588 4470 impudicum

2010 4498 2282 4556 aspectum
2310 4497 2434 4545 ante
2463 4503 2597 4560 Opus
2623 4491 2782 4555 tollit,
2807 4505 2873 4545 ne
2897 4489 3033 4545 forte
3059 4491 3111 4544 in
3141 4507 3274 4561 opus
3304 4497 3474 4562 ipsum
3503 4495 3589 4546 in-

2010 4581 2271 4636 cidamus.
2313 4580 2564 4652 Numqui
2612 4583 2779 4637 semel
2822 4581 3089 4637 ﬂammam
3137 4583 3398 4650 accendit,
3429 4585 3588 4639 etiam

2011 4670 2233 4726 absente
2260 4671 2367 4738 illa,
2395 4688 2552 4742 quam
2579 4673 2828 4743 respexit,
2860 4672 3086 4728 muliere
3105 4714 3119 4738 ,
3149 4689 3325 4728 rerum
3359 4676 3590 4744 turpium

2013 4763 2269 4833 imagines
2298 4761 2396 4818 sibi
2427 4765 2523 4833 ipsi
2556 4764 2860 4834 frequenter
2887 4763 3053 4833 ﬁngit,
3085 4774 3139 4819 et
3162 4778 3228 4819 ex
3256 4764 3383 4834 ipsis
3411 4766 3592 4835 imagi-

2013 4857 2169 4910 nibus
2197 4857 2247 4909 in
2276 4871 2409 4926 opus
2433 4871 2574 4925 saepe
2593 4856 2888 4914 deducitur.
2916 4856 3146 4925 Ideoque
3170 4855 3412 4910 Christus
3433 4857 3591 4911 etiam

2014 4950 2180 5012 illum,
2213 4949 2302 5018 qui
2329 4950 2380 5002 in
2407 4951 2587 5002 animo
2624 4948 2859 5017 fingitur,
2890 4949 3086 5002 coitum
3129 4947 3198 5003 de
3228 4948 3404 5003 medio
3433 4950 3590 5004 tollit.

2013 5042 2148 5108 Quid
2189 5043 2346 5111 igitur
2392 5041 2622 5095 dixerint
2647 5040 2682 5094 ii
2707 5041 2794 5110 qui
2824 5055 3002 5095 secum
3054 5041 3352 5097 habitantes
3399 5042 3595 5098 habent

2012 5134 2242 5204 virgines
2264 5133 2378 5204 (a)?
2419 5133 2627 5187 Etenim
2659 5131 2947 5186 secundum
2978 5131 3114 5186 hanc
3135 5132 3327 5203 legem,
3368 5146 3594 5189 sexcen-

2077 5268 2151 5331 (a)
2185 5267 2237 5331 in
2257 5265 2363 5314 IIIOS
2384 5267 2466 5327 qui
2487 5265 2764 5331 habitantes
2783 5277 2951 5331 secum
2968 5265 3185 5327 virgines
3200 5263 3402 5331 habent,
3415 5263 3594 5314 librum

2016 5325 2166 5381 edidit
2189 5325 2569 5391 Chrysostomus,
2590 5328 2676 5391 qui
2695 5340 2840 5391 c_usus_
2863 5325 3121 5391 fuitg'l'omo
3144 5327 3298 5391 primo
3332 5327 3440 5391 ejus
3470 5334 3593 5391 Ope-

2015 5407 2139 5448 rum,
2163 5391 2256 5439 col.
2281 5386 2504 5449 343-562,
2519 5389 2604 5452 ubi
2617 5386 2874 5452 Vtitulussic
2892 5389 3056 5452 habet,
3069 5387 3202 5447 Quod
3210 5386 3594 5452 emutatio:

2015 5454 2277 5516 regulares,
2301 5466 2416 5516 cum
2449 5450 2562 5501 viris
2579 5449 2796 5516 habitare
2818 5463 2909 5516 non
2928 5449 3255 5516 debeqttt_._t7bi
3282 5463 3369 5511 per
3393 5449 3591 5516 Canoni-

2015 5509 2096 5565 αιέ
2119 5514 2240 5572 illas,
2265 5514 2481 5574 virgines
2497 5512 2740 5575 intelligit,
2756 5519 2808 5561 ut
2832 5512 2882 5575 in
2905 5519 3006 5562 toto
3022 5511 3171 5560 libelli
3194 5509 3403 5561 decursu
3425 5511 3595 5562 videre

2016 5584 2109 5626 est.
2130 5573 2379 5625 Canouiae
2402 5583 2565 5624 autem
2589 5573 2806 5635 virgines
2828 5573 2922 5622 ilhc
2945 5575 3255 5631 vocabantur,
3289 5589 3402 5636 qum
3418 5583 3594 5624 statum

2022 5638 2281 5701 quemdam
2305 5638 2353 5687 in
2377 5637 2587 5688 Ecclesia
2610 5637 2831 5686 ordinem
2856 5636 3088 5686 tenebant
