4076 6150
365 257 477 321 9.57

367 380 464 432 καὶ
504 378 565 430 οὐ
619 376 887 444 τοσαύτην
919 373 1027 426 ἀπὸ
1076 375 1175 444 τῆς
1218 374 1395 445 ὂψεως
1436 375 1798 446 καρπούμεθα
1849 375 1948 448 τὴν

367 460 581 530 ἡδονὴν,
608 460 739 527 ὅσην
761 458 865 510 ἀπὸ
897 455 991 509 τοῦ
1026 456 1124 526 τὴν
1157 458 1450 526 ἐπιθυμίαν
1482 457 1717 526 αὐξῆσαι
1743 457 1949 529 ταύτην

375 542 720 611 ὑπομένομεν
758 540 857 610 τὴν
898 539 1096 608 λύμην,
1139 541 1356 612 ἰσχυρὸν
1398 541 1674 602 ποιοῦντες
1700 540 1792 592 τὸν
1819 542 1948 594 ἀντ-

368 625 673 695 αγωνιστὴν
692 664 706 684 ,
743 623 838 676 καὶ
868 623 1087 675 πλείονα
1121 624 1352 686 διδόντες
1379 625 1477 696 τὴν
1501 625 1841 695 εὐρυχωρίαν
1870 625 1948 694 τῷ

367 708 616 778 διαϐόλῳ,
647 709 741 760 καὶ
772 708 954 759 οὐκέτι
990 707 1264 776 ἰσχύοντες
1284 707 1444 760 αὑτὸν
1477 707 1945 777 ἀποκρούσασθαι,

367 792 498 844 ὅταν
539 794 620 854 είς
651 790 718 843 τά
757 789 1011 843 ἐνδότατα
1043 790 1442 858 εἰσαγάγωμεν,
1469 791 1563 841 καὶ
1599 789 1950 843 ἀναπετάσω-

370 891 471 944 μεν
493 873 641 942 αύτῴ
661 874 758 943 τὴν
787 874 1039 926 διάνοιαν.
1065 874 1162 925 Διά
1189 871 1347 924 τοῦτό
1367 889 1522 943 φησι’
1544 875 1635 942 Μὴ
1656 874 1948 945 μοιχεύσῃς

368 960 478 1018 τοῖς
506 957 823 1027 ὀφθαλμοῖς,
863 957 955 1009 καὶ
993 958 1052 1009 οὐ
1088 955 1394 1026 μοιχεύσεις
1427 961 1493 1026 τῇ
1523 957 1751 1028 διανοίᾳ.
1793 959 1947 1010 Ἔστι

368 1042 478 1112 γὰρ
511 1043 603 1095 καὶ
633 1042 804 1104 ἄλλως
846 1041 992 1103 ἰδεῖν,
1031 1041 1107 1102 ὡς
1136 1043 1185 1093 οἱ
1227 1043 1500 1110 σώφρονες
1531 1040 1802 1109 βλέπουσι.
1850 1043 1947 1094 Διά

366 1125 524 1179 τοῦτο
560 1127 658 1196 οὐχ
692 1125 877 1187 ἁπλῶς
912 1125 1010 1192 τὴν
1060 1124 1182 1194 ὄψιν
1225 1124 1468 1189 ἀνεῖλεν,
1512 1124 1649 1177 ἀλλά
1683 1141 1780 1194 την
1809 1126 1948 1195 μετά

367 1209 662 1275 ἐπιθυμίας
700 1209 842 1276 ὅφιν.
881 1209 942 1259 Ei
969 1207 1024 1260 δὲ
1061 1208 1134 1278 μὴ
1172 1207 1330 1260 τοῦτο
1370 1207 1645 1272 ἐϐούλετο,
1675 1203 1826 1261 εἶπεν
1857 1207 1944 1272 ἂν,

377 1292 435 1344 '0
468 1291 678 1361 βλέπων
701 1291 744 1320 ⁹¹
777 1294 1016 1358 γυναῖκα
1053 1289 1268 1353 ἁπλῶς·
1300 1289 1396 1344 νῦν
1428 1290 1485 1342 δέ
1526 1290 1623 1359 οὐχ
1652 1289 1821 1353 οὕτως
1868 1286 1948 1344 εῖ-

371 1391 498 1437 πεν,
529 1375 665 1438 ἀλλ’,
707 1374 766 1426 Ὀ
795 1373 1008 1443 βλέπων
1032 1374 1169 1443 πρὸς
1202 1373 1263 1424 τὸ
1289 1372 1646 1443 ἐπιθυμῆσαί,
1676 1375 1704 1426 6
1738 1373 1948 1443 βλέπων

363 1459 504 1512 ὥστε
537 1457 731 1528 τέρψαι
768 1458 867 1527 τὴν
897 1457 1042 1525 ὄψιν.
1085 1456 1219 1509 Οὐδὲ
1250 1455 1360 1526 γὰρ
1389 1459 1468 1519 είς
1497 1456 1656 1509 τοῦτὸ
1701 1473 1784 1510 σοι
1823 1458 1950 1522 τοὺς

364 1541 680 1610 ὀφθαλμοὺς
702 1541 957 1609 ἐποίησεν
983 1542 1011 1591 6
1039 1539 1191 1603 Θεὸς,
1220 1538 1307 1590 ἵνα
1345 1538 1432 1590 διὰ.
1460 1538 1664 1591 τούτων
1704 1539 1948 1609 μοιχείαν

364 1626 688 1695 εἰσαγάγῃς,
720 1623 832 1676 ἀλλ’
861 1623 948 1674 ἵνα
973 1621 1139 1675 αὐτοῦ
1164 1621 1234 1674 τά
1259 1621 1534 1692 κτίσματα
1559 1623 1791 1693 βλέπων,
1817 1623 1948 1677 θαυ-

368 1707 547 1777 μάζῃς
577 1708 668 1760 16v
693 1706 1054 1776 Δημιουργόν.
1082 1705 1297 1776 Ὥσπερ
1326 1703 1420 1759 οῦν
1456 1706 1604 1759 ἔστιν
1638 1707 1758 1777 εἰκῆ
1793 1708 1948 1780 ὀργί-

371 1790 583 1855 ζεσθαι,
616 1788 790 1852 οὕτως
817 1788 964 1842 ἐστιν
991 1787 1112 1856 εἰκῆ
1139 1789 1301 1859 ὀρᾷν,
1336 1790 1464 1841 ὅταν
1499 1789 1636 1860 πρὸς
1657 1789 1948 1860 ἐπιθυμίαν

363 1872 522 1924 τοῦτο
557 1875 732 1943 ποιῇς.
760 1873 822 1924 Εἰ
863 1871 972 1942 γὰρ
1003 1869 1181 1940 βούλει
1212 1873 1343 1940 ὀρᾷν
1381 1872 1472 1924 καί⁸
1494 1871 1816 1942 τέρπεσθαι,
1847 1875 1948 1944 δρα

361 1957 463 2027 τὴν
485 1955 682 2010 σαυτοῦ
710 1957 964 2023 γυναῖκα,
987 1955 1081 2007 καὶ
1101 1952 1304 2024 ταύτης
1323 1953 1423 2025 ἐρα
1452 1954 1716 2026 διηνεκῶς
1734 1972 1747 1985 ·
1772 1956 1949 2020 οὐδεὶς

365 2039 564 2092 κωλύει
603 2038 788 2109 νόμος.
821 2038 885 2090 Εἰ
915 2037 972 2090 δὲ
1009 2036 1078 2089 τά
1109 2036 1363 2106 ἀλλότρια
1407 2037 1619 2107 μέλλεις
1651 2041 1947 2113 περιεργά-

362 2122 553 2186 ζεσθαι
595 2122 794 2192 κάλλη,
825 2121 1084 2191 κάκείνην
1112 2120 1316 2183 ἀδικεῖς
1341 2120 1574 2192 ἀλλαχοῦ
1607 2123 1950 2194 μετεωρίζων

294 2217 304 2226 ·
361 2205 488 2268 τοὺς
502 2205 832 2276 ὀφθαλμοὺς,
851 2206 946 2258 καὶ
971 2204 1175 2273 ταύτην
1199 2204 1265 2271 ἢν
1283 2199 1441 2268 εἶδες,
1464 2205 1764 2276 ἁπτόμενος
1779 2207 1949 2280 αὐτῆς

365 2289 714 2360 παρανόμως.
753 2289 814 2341 Εἰ
843 2288 951 2359 γὰρ
980 2290 1073 2341 καί⁵
1102 2287 1177 2357 μὴ
1217 2287 1341 2358 ἥψω
1367 2290 1432 2357 τῇ
1479 2289 1640 2358 χειρὶ,
1669 2289 1785 2343 ἀλλ’
1814 2293 1948 2367 eq»)-

360 2372 609 2442 λάφησας
641 2375 752 2435 τοῖς
775 2371 1072 2440 ὀφθαλμοῖς
1093 2385 1106 2398 ·
1135 2371 1224 2424 διὰ
1249 2369 1409 2422 τοῦτο
1430 2372 1524 2424 καὶ
1551 2372 1707 2426 τοῦτο
1735 2376 1947 2445 μοιχεία

360 2457 694 2525 νενόμισται,
741 2455 833 2507 καὶ
863 2453 970 2524 πρὸ
1007 2453 1107 2522 τῆς
1159 2453 1434 2516 κολάσεως
1473 2455 1687 2524 ἐκείνης
1727 2457 1947 2511 κόλασιν

359 2541 422 2592 ού
454 2538 550 2610 τὴν
577 2537 846 2607 τυχοῦσαν
881 2538 1099 2604 ἐπάγει.
1119 2537 1228 2589 Kal
1254 2536 1364 2606 γάρ
1396 2535 1626 2606 θορύϐου
1654 2539 1748 2592 καὶ
1778 2557 1947 2611 ταρα-

359 2623 460 2691 χῆς
493 2621 670 2674 πάντα
725 2621 793 2673 τά
839 2618 984 2672 ἐνδον
1041 2618 1380 2688 πληροῦται,
1415 2620 1508 2672 καὶ
1559 2621 1726 2692 πολλὴ
1780 2625 1876 2693 μέν
1911 2627 1944 2695 ὴ

359 2703 519 2774 ζάλῃ,
547 2702 902 2774 χαλεπωτάτη
933 2703 988 2754 δὲ
1026 2704 1060 2773 ἡ
1096 2701 1276 2771 ὀδύνη,
1313 2704 1406 2754 καὶ
1439 2703 1546 2754 τῶν
1585 2706 1946 2774 αἰχμαλώτων

359 2788 456 2840 καὶ
487 2788 785 2857 δεδεμένων
810 2786 962 2839 οὐδὲν
1001 2785 1221 2856 ἄμεινον
1250 2789 1278 2840 ὀ
1315 2787 1489 2839 ταῦτα
1529 2786 1716 2840 παθὼν
1743 2788 1944 2842 διακεί-

360 2887 532 2923 σεται.
569 2869 678 2923 Kal
704 2872 737 2940 ἡ
774 2868 872 2939 μὲν
903 2869 962 2921 16
987 2869 1140 2939 βέλος
1169 2870 1369 2938 ἀφεῖσα
1400 2869 1658 2935 πολλάκις
1683 2872 1904 2944 ἀπέπτη
1924 2887 1938 2902 ⁶

358 2958 394 3024 ἡ
426 2954 482 3006 δέ
512 2953 695 3024 πληγὴ
721 2954 815 3004 καὶ
845 2950 988 3004 οὕτω
1018 2951 1188 3021 μένει.
1217 2951 1433 3005 Μᾶλλον
1461 2953 1518 3006 δὲ
1539 2954 1641 3006 οὐκ
1668 2954 1851 3026 ἐκείνη
1882 2957 1943 3009 16

360 3037 512 3106 βέλος
547 3037 788 3106 ἀφῆκεν,
823 3034 958 3090 ἀλλά
995 3037 1058 3088 σὺ
1093 3035 1243 3108 [225]
1271 3037 1492 3107 καιρίαν
1531 3038 1739 3102 ἔδωκας
1768 3041 1943 3112 ἐαυτῷ

356 3120 456 3190 τὴν
492 3120 726 3191 πληγὴν,
756 3117 1072 3181 ἀκολάστως
1121 3117 1262 3174 ἰδών.
1294 3119 1402 3172 Καὶ
1439 3119 1615 3174 ταῦτα
1646 3119 1811 3190 λέγω,
1844 3122 1944 3186 τάς

359 3202 744 3272 σωφρονούσας
774 3201 1137 3256 ἀπαλλάττων
1176 3201 1277 3272 τῆς
1310 3202 1661 3274 κατηγορίας.
1710 3204 1795 3267 Ὠς
1826 3205 1942 3274 εἴγε

355 3302 440 3349 τις
483 3284 906 3348 καλλωπίζοιτο,
945 3285 1039 3338 καὶ
1083 3285 1274 3356 καλοίη
1314 3285 1359 3318 ⁸³
1393 3287 1532 3356 πρὸς
1571 3287 1772 3356 ἑαυτὴν
1817 3290 1944 3353 τοὺς

355 3370 464 3423 τῶν
505 3371 870 3425 ἀπαντώντων
893 3371 939 3404 ⁸³
970 3369 1316 3440 ὀφθαλμοὺς,
1359 3370 1460 3423 κᾶν
1499 3371 1574 3441 μὴ
1630 3371 1806 3442 πλήξῃ
1853 3371 1943 3424 τὸν

356 3456 786 3528 ἐντυγχάνοντα,
837 3455 992 3522 δίκην
1040 3455 1225 3508 δίδωσι
1271 3455 1368 3525 τὴν
1412 3456 1670 3526 ἐσχάτην.
1718 3456 1790 3508 ’l‘6
1833 3457 1942 3525 γάρ

357 3539 650 3611 φάρμακον
679 3539 935 3610 ἐκέρασε,
965 3539 1059 3591 καὶ
1083 3538 1144 3591 16
1181 3537 1405 3591 κώνειον
1439 3539 1860 3599 κατεσκεύασεν.
1893 3542 1940 3593 εἰ

356 3625 453 3677 καὶ
487 3624 561 3694 μὴ
589 3624 686 3693 τὴν
737 3622 936 3676 κύλικα
969 3623 1322 3692 προσήγαγε·
1367 3621 1569 3689 μᾶλλον
1609 3621 1666 3673 δὲ
1708 3621 1802 3674 καὶ
1843 3622 1940 3694 τὴν

357 3705 556 3758 κύλικα
586 3707 957 3775 προσήγαγεν,
1001 3705 1053 3756 εί
1097 3705 1190 3756 καὶ
1224 3703 1412 3772 μηδεὶς
1447 3704 1475 3754 6
1509 3701 1678 3755 πίνων
1715 3703 1936 3775 εὑρέθη.

357 3788 424 3840 Τί
451 3783 544 3842 οὖν
573 3788 692 3858 οὐχ).
724 3787 816 3840 καὶ
845 3786 982 3857 πρὸς
1011 3785 1182 3847 αὐτὰς
1219 3785 1560 3853 διαλέγεται;
1600 3786 1784 3856 φησίν.
1819 3787 1940 3841 Ὅτι

356 3871 570 3935 κοινοὺς
601 3871 726 3932 τοὺς
756 3870 953 3944 νόμους
983 3870 1257 3940 πανταχοῦ
1289 3869 1492 3940 τίθησι,
1528 3869 1632 3924 κάν
1658 3871 1794 3943 πρὸς
1816 3873 1940 3936 τοὺς

356 3953 553 4024 ἄνδρας
587 3952 966 4007 ἀποτείνεσθαι
1002 3953 1132 4024 δοκῇ
1155 3953 1204 3984 ⁸⁸⁵
1228 3952 1419 4023 μόνους
1439 3969 1452 3982 ·
1486 3955 1552 4023 τῇ
1585 3953 1694 4025 γάρ
1729 3955 1936 4026 κεφαλῇ

354 4036 756 4107 διαλεγόμενος,
781 4037 964 4107 κοινὴν
983 4037 1028 4069 ’⁵
1054 4038 1148 4090 καί
1169 4035 1304 4107 πρὸς
1329 4036 1389 4089 16
1415 4035 1575 4108 σῶμα
1601 4037 1746 4091 διπαν
1781 4042 1938 4092 ποιεῖ-

353 4139 443 4174 ται
473 4123 571 4193 τὴν
599 4121 940 4194 παραίνεσιν.
978 4122 1216 4173 Γυναῖκα
1257 4121 1367 4192 γάρ
1406 4121 1500 4174 καὶ
1531 4117 1702 4192 ἀνδρα
1735 4121 1794 4176 ἓν
1829 4118 1936 4176 οἰδε

355 4204 515 4266 ζῶον,
550 4205 644 4256 καὶ
668 4203 907 4273 οὐδαμοῦ
931 4205 1130 4273 διαιρεῖ
1159 4203 1220 4256 τὸ
1256 4204 1431 4270 γένος.

426 4286 495 4357 γ’.
533 4289 595 4342 Εἰ
620 4288 676 4341 δέ
707 4289 798 4341 καὶ
829 4288 973 4350 ἰδίως
998 4287 1227 4340 ἀκοῦσαι
1257 4288 1435 4356 βούλει
1475 4288 1573 4359 τῆς
1617 4289 1737 4342 κατ’
1759 4289 1938 4346 αὐτῶν

353 4372 718 4443 ἐπιπλήξεως,
761 4372 992 4426 ἄκουσον
1036 4371 1130 4424 τοῦ
1167 4373 1389 4426 Ἡσαΐου
1413 4373 1662 4440 λέγοντος
1697 4373 1742 4406 ³⁸
1767 4375 1938 4429 πολλὰ

353 4458 490 4528 πρὸς
507 4456 674 4511 αὑτὰς
695 4455 1132 4526 ἀποτεινομένου,
1165 4457 1258 4509 καὶ
1282 4455 1667 4526 κωμῳδοῦντας
1683 4457 1862 4510 αὐτῶν
1876 4459 1938 4512 16

355 4543 570 4611 σχῆμα,
614 4539 676 4592 τὸ
712 4539 964 4609 βλέμμα,
997 4540 1097 4610 τὴν
1149 4538 1388 4610 βάδισιν,
1434 4538 1560 4602 τοὺς
1608 4539 1937 4610 συρομένους

351 4623 613 4693 χιτῶνας,
650 4627 776 4686 τοὺς
806 4621 1099 4688 παίζοντας
1137 4622 1333 4685 πόδας,
1368 4620 1494 4683 τοὺς
1535 4619 1936 4690 διακλωμένους

350 4705 671 4778 τραχήλους.
695 4707 962 4760 Ἄκουσον
986 4705 1105 4778 μετ’
1127 4705 1335 4759 ἐκείνου
1349 4705 1392 4737 ³⁷
1412 4703 1508 4757 καὶ
1535 4701 1628 4756 τοῦ
1660 4705 1934 4775 μακαρίου

352 4787 568 4841 Παύλου
603 4789 830 4853 πολλοὺς
872 4791 1065 4853 αὑταῖς
1110 4787 1350 4850 τιθέντος
1384 4785 1604 4857 νόμους,
1646 4786 1741 4838 καὶ
1795 4787 1934 4861 ὑπὲρ

350 4870 556 4942 τριχῶν
581 4871 810 4941 πλοκῆς,
859 4874 954 4927 καὶ
987 4874 1130 4944 ὺπέρ
1163 4871 1463 4941 σπατάλης,
1505 4870 1600 4923 καὶ
1649 4871 1789 4942 ὑπὲρ
1826 4872 1934 4926 τῶν

352 4955 531 5010 ἀλλων
558 4954 666 5008 τῶν
696 4957 952 5010 τοιούτων
988 4957 1234 5028 σφοδρῶς
1281 4952 1640 5027 ἐπιτιμῶντος
1679 4953 1758 5025 τῷ
1785 4955 1934 5023 γένει

349 5039 546 5109 τούτῳ.
576 5039 684 5092 Kal
708 5041 736 5092 6
770 5041 999 5111 Χριστὸς
1027 5042 1084 5095 δέ
1113 5042 1200 5095 διὰ
1221 5041 1327 5093 τῶν
1358 5040 1483 5110 ἐξῆς
1521 5038 1934 5109 αἰνιγματωδῶς

351 5123 486 5176 αὐτὸ
508 5121 666 5175 τοῦτο
694 5122 952 5192 ἐνέφηνεν
972 5140 986 5153 ο
1011 5125 1138 5177 ὅταν
1162 5125 1268 5192 γὰρ
1283 5123 1435 5197 λέγῃ,
1445 5122 1632 5187 Ἕξελε
1652 5124 1746 5175 καὶ
1774 5121 1933 5176 ἐκκο-

351 5207 453 5277 ψον
481 5209 573 5261 τὸν
601 5206 1042 5273 σκανδαλίζοντα,
1078 5209 1177 5276 τὴν
1210 5207 1344 5277 πρὸς
1383 5207 1598 5266 ἐκείνας
1629 5205 1798 5276 ὀργὴν
1841 5208 1928 5258 ἐν-

350 5291 697 5362 δεικνύμενός
723 5309 878 5361 φησι.
909 5291 1009 5343 Διά
1045 5288 1202 5342 τοῦτο
1240 5289 1333 5342 καὶ
1360 5289 1670 5360 ἐπήγαγεν·
1713 5286 1854 5339 Ἐὰν
1897 5291 1930 5342 ό

295 5437 306 5454 1
352 5373 658 5445 ὀφθαλμός
690 5391 806 5429 σου
830 5377 862 5428 ό
883 5373 1083 5439 δεξιὸς
1106 5371 1475 5454 σκανδαλίζῃ
1503 5385 1596 5454 σε,
1624 5369 1796 5454 ἕξεζίε
1821 5371 1927 5454 αὐ-

351 5457 458 5510 τὸν
492 5460 590 5512 καὶ
614 5458 775 5523 βάλε
797 5459 915 5514 ἀπὸ
943 5457 1211 5512 σοῦ.⁶ἰνα
1234 5455 1342 5526 γὰρ
1373 5455 1448 5526 μὴ
1469 5453 1630 5526 λέγῃς
1657 5463 1674 5480 ο
1711 5452 1776 5504 Τί
1807 5449 1921 5516 οὖν.

452 5550 828 5620 ’ίίέμϐλέπων
879 5555 944 5607 Α.
1003 5551 1066 5608 C.
1170 5551 1217 5583 9'
1269 5550 1425 5620 καλοῖ
1469 5545 1602 5620 ΕΜΖ

352 5635 470 5672 πων
516 5619 585 5673 Β.
633 5623 694 5675 Ι).
749 5623 809 5676 F.
914 5624 960 5654 ⁸⁵
1011 5623 1158 5676 δοκεῖ
1203 5620 1262 5674 Β.
1296 5621 1356 5673 D.
1395 5619 1455 5673 Ρ.

1115 255 1174 312 S.
1212 255 1498 311 JOANNIS
1536 251 2023 312 CHRYSOSTOMl
2059 253 2381 312 ARCHIEP.
2419 250 2962 310 CONSTANTINOP.

1710 5545 1756 5576 "
1807 5545 2212 5619 ἀεαντεώντων]

2050 375 2148 430 ἐάν
2189 375 2460 444 συγγενὴς
2486 368 2557 446 ᾗ;
2601 372 2654 425 τί
2693 368 2786 427 οῦν
2810 413 2824 436 ,
2879 373 2974 426 ἐὰν
3013 370 3188 434 ἄλλως
3223 387 3313 441 μοι
3342 370 3632 441 προσήκῃς

2048 457 2136 510 διά
2171 457 2330 510 τοῦτο
2360 457 2536 510 ταῦτα
2582 456 2937 526 προσέταξεν,
2968 456 3030 508 ού
3071 455 3200 524 περὶ
3243 453 3421 524 μελῶν
3458 452 3637 511 διαῗε..

2049 540 2301 610 γόμενος,
2333 540 2512 608 ἄπαγε
2531 557 2543 570 ι
2581 537 2819 606 ούδαμοῦ
2847 538 2952 610 γάρ
2978 538 3078 608 τῆς
3102 536 3302 606 σαρκὸς
3334 534 3402 587 τά
3438 535 3634 603 ἐγκλη-

2052 637 2197 693 ματα
2235 618 2372 674 εἷναί
2427 639 2612 692 φησιν,
2643 621 2779 696 ἀλλά
2817 620 3093 689 πανταχοῦ
3137 620 3236 688 τῆς
3275 616 3501 687 γνώμης
3533 620 3634 687 τῆς

2049 707 2291 775 πονηρᾶς
2332 707 2363 774 ἡ
2392 707 2712 776 κατηγορία.
2751 706 2826 757 Οὐ
2863 705 2972 776 γὰρ
3005 707 3034 757 ὀ
3056 703 3330 773 ὀφθαλμός
3354 702 3399 732 ⁸⁸
3429 701 3575 753 ἐστιν
3603 704 3633 755 6

2049 789 2209 860 ὀρῶν,
2229 790 2341 841 ἀλλ’
2369 791 2396 842 6
2416 789 2541 852 νοῦς
2565 789 2657 842 καὶ
2679 792 2707 841 ὀ
2729 789 3003 858 λογισμός.
3026 787 3290 850 Πολλάκις
3316 785 3446 853 γοῦν
3472 783 3635 837 ἀλλα·

2049 874 2144 943 χοῦ
2176 873 2570 943 τετραμμένων
2608 871 2768 942 ἡμῶν
2805 874 2834 925 ὀ
2872 870 3150 942 ὀφθαλμὸς
3191 871 3319 933 τοὺς
3356 867 3630 940 παρόντας

2048 957 2109 1009 ού
2141 956 2362 1025 βλέπει·
2406 955 2546 1008 ὥστε
2573 957 2672 1010 οὐκ
2714 955 2861 1009 ἐστιν
2903 955 3068 1009 αὑτοῦ
3103 955 3201 1025 τῆς
3246 953 3527 1024 ἐνεργείας
3570 954 3632 1006 τὸ

2049 1043 2176 1095 πᾶν.
2209 1042 2272 1094 Εἰ
2301 1041 2409 1109 γὰρ
2444 1040 2571 1110 περὶ
2621 1039 2796 1110 μελῶν
2847 1039 3061 1108 ἐλεγεν,
3092 1039 3194 1091 οὐκ
3230 1039 3297 1091 ἂν
3336 1039 3463 1106 περὶ
3504 1037 3623 1100 ἐνὸς

2049 1122 2202 1178 εἶπεν
2226 1122 2530 1194 ὀφθαλμοῦ,
2561 1124 2668 1176 οὐδ’
2701 1123 2766 1175 ἂν
2791 1122 2884 1176 τοῦ
2910 1120 3087 1186 δεξιοῦ
3115 1122 3296 1191 μόνον,
3328 1119 3463 1173 ἀλλά
3497 1121 3627 1188 περὶ

2049 1207 2398 1277 ἀμφοτέρων.
2447 1206 2505 1258 ὐ
2535 1205 2645 1275 γάρ
2671 1206 2776 1258 ὑπὸ
2807 1205 2900 1258 τοῦ
2929 1203 3103 1269 δεξιοῦ
3125 1202 3625 1271 σκανδαλιζόμενος,

2048 1288 2266 1360 εὔδηλον
2295 1290 2376 1341 δτι
2406 1289 2501 1342 καὶ
2527 1287 2630 1340 ὑπὸ
2653 1288 2745 1341 τοῦ
2776 1286 3067 1358 ἀριστεροῦ
3087 1287 3147 1339 16
3176 1286 3308 1340 αὐτὸ
3325 1285 3483 1339 τοῦτο
3512 1284 3629 1337 πεί-

2051 1390 2222 1428 σεται.
2253 1373 2408 1434 Τίνος
2443 1368 2534 1426 οὖν
2564 1372 2746 1425 ἕνεκεν
2791 1369 2880 1425 τὸν
2919 1371 3091 1436 δεξιὸν
3114 1373 3158 1404 ⁹⁹
3187 1370 3372 1441 ἔθηκε,
3401 1369 3496 1423 καὶ
3526 1367 3628 1440 τὴν

2049 1461 2207 1530 χεῖρα
2246 1455 2622 1527 προσέθηκεν;
2648 1456 2768 1508 ’Ὶνα
2804 1455 2981 1528 μάθῃς
3010 1455 3091 1508 ὅτι
3129 1453 3190 1507 οὐ
3221 1454 3350 1524 περὶ
3391 1452 3567 1524 μελῶν
3599 1454 3628 1506 6

2048 1539 2225 1607 λόγος.
2258 1538 2396 1592 ἀλλὰ
2445 1538 2575 1608 περὶ⁵
2606 1537 2715 1592 τῶν
2747 1537 2963 1602 οἰκείως
3009 1539 3146 1609 πρὸς
3183 1539 3331 1608 ἡμᾶς
3372 1537 3626 1606 ἐχόντων.

2052 1625 2152 1676 ’Ἂν
2174 1623 2283 1692 γάρ
2307 1639 2429 1674 τινα
2451 1620 2590 1674 οὕτω
2622 1620 2802 1693 φιλῇς,
2835 1621 3020 1692 φησὶν,
3054 1621 3128 1685 ὼς
3155 1623 3213 1674 ἐν
3237 1620 3388 1693 χώρᾳ
3408 1622 3425 1653 ¹
3451 1621 3626 1688 δεξιοῦ

2047 1705 2350 1777 ὀφθαλμοῦ,
2395 1705 2432 1776 ἢ
2480 1705 2622 1758 οὕτω
2653 1706 2921 1777 χρήσιμον
2965 1701 3104 1759 εἰναι
3157 1704 3402 1777 νομίσῃς,
3443 1705 3518 1768 ὡς
3570 1704 3630 1756 ἐν

2047 1791 2197 1857 τάξει
2223 1791 2370 1860 ἔχειν
2391 1789 2590 1859 χειρὸς.
2625 1791 2722 1842 καὶ
2755 1789 2963 1860 βλάπτῃ
2991 1790 3013 1821 ²
3043 1806 3137 1843 σου
3167 1787 3264 1860 τὴν
3303 1788 3500 1858 ψυχὴν,
3535 1787 3631 1840 καὶ

2046 1875 2270 1936 τούτους
2299 1875 2562 1943 ἀπότεμε.
2601 1874 2711 1928 Καὶ
2739 1874 2842 1945 δρα
2879 1873 2979 1944 τὴν
3015 1874 3271 1944 ἐμφασιν.
3304 1873 3380 1926 Οὐ
3407 1872 3517 1942 γὰρ
3547 1868 3630 1924 εἰ·

2049 1977 2172 2022 πεν,
2207 1957 2500 2027 Ἀπόστηθι
2521 1972 2537 1989 ⁸
2554 1956 2692 2010 ἀλλὰ
2719 1957 2808 2010 τὸν
2837 1958 3005 2011 πολὺν
3031 1956 3305 2028 χωρισμὸν
3327 1955 3628 2026 ἐμφαίνων,

2052 2043 2288 2108 Ἐξελε,
2314 2043 2468 2111 φησὶ,
2495 2041 2594 2094 καὶ
2626 2040 2786 2105 ,βάλε
2806 2041 2924 2095 ἀπὸ
2963 2041 3103 2095 σοῦ.
3129 2036 3262 2095 Εἶτα
3289 2040 3475 2110 ἐπειδὴ
3503 2040 3632 2092 ἀποο

2047 2129 2229 2197 τόμως
2258 2125 2530 2190 ἐκέλευσε,
2551 2124 2793 2178 δείκνυσι
2825 2123 2978 2196 [226]
3006 2124 3101 2178 καὶ
3131 2124 3194 2177 16
3223 2124 3410 2195 κέρδος
3440 2121 3632 2177 ἐκατέ-

2051 2209 2244 2281 ρωθεν,
2276 2208 2384 2262 ἀπό
2411 2225 2470 2261 τε
2495 2207 2603 2260 τῶν
2637 2206 2879 2276 ἀγαθῶν,
2915 2207 3023 2260 ἀπό
3048 2224 3105 2261 τε
3136 2207 3244 2260 τῶν
3288 2205 3471 2260 κακῶν
3504 2209 3628 2260 ἐπι·-

2052 2291 2230 2361 μένων
2254 2295 2320 2363 τῇ
2349 2291 2662 2362 μεταφορᾷ’
2699 2289 2989 2360 XLma-ipse
3016 2288 3126 2360 γάρ
3157 2306 3275 2353 σοι,
3310 2290 3492 2358 φησὶν,
3527 2290 3628 2342 ἵνα

2048 2376 2344 2442 ἀπόληται
2361 2374 2430 2429 ἐν
2449 2373 2568 2428 τῶν
2584 2373 2790 2445 μελῶν
2807 2390 2945 2439 σου,
2964 2374 3062 2428 καί
3088 2376 3173 2444 μὴ
3195 2373 3344 2428 ὅλον
3364 2373 3430 2428 τὸ
3457 2373 3628 2444 σῶμά

2046 2477 2164 2514 σου
2189 2459 2401 2528 ,βληθῇ
2425 2461 2513 2526 είς
2551 2459 2824 2529 γέενναν.
2867 2460 3034 2512 Ὅταν
3074 2460 3208 2528 μήτε
3241 2457 3430 2512 ἐαυτὸν
3459 2457 3480 2488 ³
3508 2459 3625 2512 δια-

2050 2543 2219 2617 σώζῃ,
2259 2545 2352 2596 καὶ
2393 2545 2451 2596 σὲ
2485 2542 2896 2616 προσαπολλύῃ,
2942 2544 3068 2596 ποία
3103 2542 3481 2613 φιλανθρωπία
3514 2544 3624 2614 ἀμ·-

2047 2627 2308 2698 φοτέρους
2334 2626 2842 2692 καταποντίζεσθαι,
2864 2625 2984 2692 ἐξὸν
3007 2627 3380 2697 χωρισθέντων
3406 2625 3507 2678 κᾶν
3526 2625 3624 2678 ἕνα

2049 2709 2322 2778 σωθῆναι;
2369 2709 2433 2762 Τί
2467 2705 2560 2763 οὖν
2607 2711 2636 2762 ὀ
2675 2709 2887 2773 Παῦλος
2928 2709 3133 2774 εἵλετο,
3162 2711 3344 2779 φησὶν,
3378 2709 3625 2778 ἀνάθεμα

2045 2791 2296 2859 γενέσθαι
2322 2809 2336 2857 ;
2369 2791 2480 2862 Οὐχ
2515 2790 2654 2846 ὥστε
2690 2794 2857 2864 μηδὲν
2888 2793 3163 2863 κερδᾶναι,
3190 2791 3303 2846 ἀλλ’
3331 2792 3469 2845 ὥστε
3503 2792 3616 2846 ἐτέ-

2047 2893 2173 2946 ρους
2206 2879 2464 2947 σωθῆναι.
2503 2876 2768 2931 Ἐνταῦθα
2791 2878 2848 2931 δέ
2871 2877 3195 2948 ἀμφοτέρων
3216 2879 3250 2947 ή
3280 2875 3450 2948 βλάϐη
3482 2876 3625 2943 γίνε-

2043 2976 2164 3011 ται·
2198 2959 2386 3030 διόπερ
2431 2961 2532 3013 οὐκ
2571 2955 2758 3024 εἶπεν,
2804 2961 3051 3026 Ἔξελε,
3089 2959 3284 3030 μόνον,
3328 2958 3462 3013 ἀλλά
3504 2960 3623 3023 καὶ,

2043 3041 2198 3095 Βάλε
2220 3042 2337 3095 ἀπὸ
2362 3043 2501 3108 σοῦ,
2523 3044 2666 3098 ὥστε
2693 3043 2716 3075 ⁸
2747 3043 2944 3114 μηκέτι
2981 3042 3298 3114 λαμϐάνειν,
3323 3041 3417 3094 ἐάν
3445 3041 3624 3095 τοιοῦο

2043 3139 2131 3186 τος
2172 3124 2329 3195 μένῃ.
2371 3124 2527 3179 Οὕτω
2559 3125 2668 3198 γάρ
2712 3128 2962 3181 κάκεῖνον
3008 3126 3253 3197 μείζονος
3299 3123 3625 3191 ἀπαλλάξεις

2042 3205 2408 3278 ἐγκλήματος,
2435 3209 2528 3260 καὶ
2559 3209 2749 3262 σαυτὸν
2779 3208 3052 3272 ἀπωλείας
3073 3205 3478 3278 ἐλευθερώσεις.
3505 3208 3624 3260 Ἵνα

2043 3290 2101 3342 δὲ
2125 3289 2219 3342 καὶ
2243 3289 2575 3361 σαφέστερον
2609 3291 2722 3362 ἴδῃς
2753 3292 2847 3344 τοῦ
2875 3291 3040 3362 νόμου
3070 3291 3130 3344 16
3150 3290 3358 3362 κέρδος,
3379 3292 3428 3343 εί
3455 3291 3620 3353 δοκεῖ,

2043 3372 2135 3422 καὶ
2170 3372 2262 3424 ἐπὶ
2292 3372 2543 3443 σώματος
2574 3375 2694 3427 καθ’
2719 3375 2975 3427 ὑπόθεσιν
3003 3372 3345 3443 ἐξετάσωμεν
3376 3374 3437 3426 τὸ
3469 3376 3624 3447 εἰρη-

2046 3456 2228 3522 μένον.
2254 3457 2316 3508 Εί
2347 3456 2456 3528 γὰρ
2505 3459 2719 3528 αἵρεσις
2761 3457 3072 3528 προῦκειτο,
3111 3460 3207 3512 καὶ
3244 3458 3454 3530 ἀνάγκη
3483 3455 3550 3530 ἦν
3585 3460 3619 3530 ἢ

2041 3537 2132 3591 τὸν
2176 3538 2454 3609 ὀφθαλμὸν
2503 3539 2696 3610 ἔχοντα
2746 3540 3085 3612 ἐμϐληθῆναι
3141 3543 3222 3605 εἰς
3255 3540 3474 3613 ὄρυγμα
3526 3543 3623 3596 καὶ

2043 3621 2361 3683 ἀπολέσθαι,
2407 3622 2440 3693 ἢ
2483 3623 2732 3688 ἐξελόντα
2763 3623 2828 3675 τὸ
2859 3624 3044 3677 λοιπὸν
3087 3624 3259 3677 σῶσαι
3295 3624 3476 3695 σῶμα,
3511 3620 3622 3696 ἆρα

2041 3705 2142 3758 ούκ
2165 3705 2232 3758 ἂν
2257 3705 2318 3757 16
2347 3704 2599 3775 δεύτερον
2619 3706 2812 3772 ἐδέξω;
2843 3707 3012 3760 Παντί
3039 3724 3140 3759 που
3179 3707 3334 3778 δῆλόν
3359 3709 3524 3762 ἐστιν.
3543 3711 3619 3763 Οὐ

2040 3788 2149 3858 γὰρ
2176 3787 2460 3857 μισοῦντος
2480 3785 2548 3858 ἦν
2571 3787 2728 3842 τοῦτο
2755 3789 2845 3842 τὸν
2867 3789 3164 3860 ὀφθαλμὸν,
3192 3790 3328 3843 ἀλλά
3347 3789 3408 3842 16
3437 3790 3629 3844 λοιπὸν.

2043 3869 2323 3938 φιλοῦντος
2370 3872 2548 3942 σῶμα.
2586 3871 2758 3924 Τοῦτο
2787 3870 2852 3943 δὴ
2893 3872 2984 3925 καὶ
3030 3871 3117 3925 ἐπ’
3160 3872 3370 3944 ἀνδρῶν
3401 3872 3618 3940 λογίζου

2041 3955 2136 4007 καὶ
2159 3955 2453 4023 γυναικῶν.
2493 3957 2553 4008 Εἰ
2582 3957 2690 4026 γὰρ
2713 3959 2740 4008 ὀ
2769 3956 3020 4026 βλάπτων
3041 3972 3098 4008 σε
3130 3959 3194 4026 τῇ
3224 3955 3374 4027 φιλίᾳ
3402 3957 3619 4020 ἀνίατος

2044 4038 2194 4109 μένοι
2217 4037 2259 4101 ³,
2290 4039 2383 4090 καὶ
2421 4038 2478 4090 σὲ
2498 4038 2671 4109 λύμης
2702 4038 2997 4103 ἀπαλλάξει
3021 4038 3200 4109 πάσης
3223 4040 3618 4110 ἐκκοπτόμενος

2039 4119 2181 4173 οὕτω
2225 4122 2246 4150 ⁸
2269 4159 2282 4184 ,
2338 4121 2432 4173 καὶ
2487 4121 2649 4185 αὐτὸς
2699 4121 2809 4175 τῶν
2854 4121 3117 4192 μειζόνων
3178 4121 3618 4193 ἀπαλλαγήσεται

2039 4204 2421 4274 ἐγκλημάτων,
2457 4205 2637 4258 οὐκέτι
2670 4205 2809 4274 μετὰ
2832 4203 2942 4258 τῶν
2965 4202 3130 4258 αὑτοῦ
3157 4204 3342 4258 κακῶν
3389 4205 3484 4258 καὶ
3518 4208 3620 4276 τῆς

2042 4286 2142 4356 σῆς
2174 4288 2454 4352 ἀπωλείας
2478 4290 2568 4342 τὸν
2599 4287 2754 4357 λόγον
2777 4288 3010 4359 ὑπέχων.
3044 4283 3196 4352 Εἶδες
3218 4289 3238 4319 ⁷
3259 4288 3389 4360 ὅσης
3416 4290 3620 4359 ἡμερόε

2037 4387 2198 4440 τητος
2230 4374 2258 4426 ὀ
2285 4373 2448 4444 νόμος
2469 4376 2629 4443 γέμει
2666 4373 2759 4426 καὶ
2798 4371 3159 4444 κηδεμονίας;
3193 4373 3288 4425 καὶ
3318 4373 3352 4442 ἡ
3384 4370 3615 4427 δοκοῦσα

2039 4454 2190 4523 παρά
2219 4459 2331 4519 τοῖς
2359 4456 2572 4522 πολλοῖς
2601 4457 2875 4527 ἀποτομία
2903 4451 3062 4521 εἶναι,
3091 4455 3265 4526 πόσην
3281 4455 3614 4510 ἐνδείκνυται

2038 4538 2450 4610 φιλανθρωπίαν
2474 4558 2488 4607 ;
2526 4540 2897 4594 ’Δκουέτωσαν
2925 4541 3129 4594 τούτων
3155 4541 3203 4593 οἱ
3224 4540 3362 4610 πρὸς
3393 4539 3461 4593 τὰ
3489 4539 3614 4594 θέα-

2035 4639 2140 4694 τρα
2176 4623 2531 4686 σπεύδοντες,
2573 4624 2665 4677 καὶ
2699 4624 2918 4694 μοιχοὺς
2951 4624 3178 4686 ἑαυτοὺς
3211 4623 3331 4676 καθ’
3377 4624 3611 4695 ἐκάστην

2037 4705 2315 4768 ποιοῦντες
2351 4706 2449 4778 τὴν
2497 4707 2731 4778 ἡμέραν.
2763 4709 2824 4760 Εἰ
2864 4705 2973 4776 γάρ
3007 4707 3099 4759 τὸν
3141 4707 3487 4761 οἰκειωθέντα
3516 4710 3607 4763 ἐπὶ

2037 4786 2208 4858 βλάϐῃ
2239 4789 2524 4844 ἐκκόπτειν
2548 4793 2577 4842 ὁ
2603 4791 2764 4861 νόμος
2793 4790 3022 4852 κελεύει.
3039 4790 3160 4844 τίνα
3188 4789 3254 4842 ἂν
3282 4791 3453 4860 ἔχοιεν
3480 4791 3611 4844 ἀπο-

2035 4870 2222 4938 λογίαν
2253 4873 2302 4924 οί
2325 4874 2452 4936 τοὺς
2478 4874 2688 4927 οὐδέπω
2715 4874 3038 4943 γενομένους
3067 4873 3377 4944 γνωρίμους
3398 4872 3484 4927 διά
3511 4874 3608 4943 τῆς

2035 4955 2153 5006 ἐκεῖ
2179 4955 2461 5026 διατριόἧς
2506 4956 2628 5010 καθ’
2664 4957 2902 5026 ἑκάστην
2942 4957 3317 5026 ἐπισπώμενοι
3347 4955 3444 5026 τὴν
3474 4957 3608 5027 ἠμέν

2035 5054 2160 5106 ραν,
2189 5038 2284 5091 καὶ
2319 5038 2520 5110 μυρίας
2563 5040 3058 5104 κατασκευάζοντες
3091 5041 3301 5103 ἐαυτοῖς
3338 5039 3608 5101 ἀπωλείας

2033 5121 2316 5192 ἀφορμάς;
2344 5125 2420 5176 Ού
2441 5123 2551 5196 γὰρ
2576 5125 2733 5195 μόνον
2760 5124 3072 5188 ἀκολάστως
3101 5124 3227 5178 ἰδεῖν
3249 5125 3310 5179 ού
3340 5134 3608 5197 συγχωρεῖ

2033 5202 2250 5257 λοιπόν·
2299 5205 2415 5258 ἀλλ’
2467 5207 2655 5279 ἐπειδὴ
2695 5208 2795 5278 τὴν
2827 5209 2891 5262 ἐκ
2933 5208 3027 5261 τοῦ
3076 5208 3399 5280 πράγματος
3441 5208 3607 5273 ἔδειξε

2035 5287 2259 5357 βλάϐην.
2297 5289 2393 5342 καὶ
2432 5289 2693 5344 ἐπιτείνει
2734 5291 2825 5344 τὸν
2854 5291 3017 5360 νόμον
3060 5290 3291 5362 προῖὼν,
3320 5292 3607 5346 ἐκκόπτειν

2032 5369 2269 5425 κελεύων
2302 5372 2396 5424 καὶ
2417 5373 2746 5445 ἀποτέμνειν
2770 5375 2865 5427 καὶ
2891 5374 3079 5446 πόρρω
3101 5393 3204 5428 που
3236 5376 3471 5447 βάλλειν.
3494 5378 3605 5432 Kal

2030 5452 2199 5507 ταῦτα
2244 5455 2273 5507 ὀ
2306 5455 2530 5526 μυρίους
2559 5457 2686 5527 περὶ
2721 5457 2941 5528 ἀγάπης
2973 5459 3198 5528 κινήσας
3233 5459 3421 5529 λόγους
3446 5477 3606 5531 νομο-

2279 5545 2372 5604 Sic
2427 5549 2495 5604 A.
2552 5549 2615 5604 C.
2667 5549 2767 5622 Ep_.
2817 5551 3186 5622 axav19)v_E.
3241 5551 3338 5608 Ge.
3393 5552 3611 5622 ἀνθρώ-ι

1559 5617 1604 5692 ἥδ
1655 5613 1942 5692 amvi-Each

2060 5618 2114 5692 "_
2143 5613 2388 5692 λέγοντος
2430 5636 2541 5676 om.
2568 5613 2861 5692 sav,_'Bea_n,
2880 5619 3102 5692 πολλά]
3141 5625 3234 5676 καὶ
3262 5624 3431 5676 πολλά
3447 5613 3510 5692 ΒΣ
3535 5621 3596 5679 F.

352 5671 1718 5762 aﬁozeivogé'vodfgal67:51)."lix—give”:1‘.
1777 5671 1842 5762 :33
1872 5684 2170 5762 ὀφθαλμός]
2196 5671 2328 5762 ῥίῳ,
2368 5671 2550 5762 ἷςοῦῖ.
2580 5671 2759 5762 Εῖιξῗ
2781 5671 3594 5762 'ww}3113;569:9311:

573 5758 794 5830 τέθεικε
814 5759 873 5830 ἰ).
902 5760 998 5830 Ep.
1025 5759 1228 5815 εἷπεΑ.

355 5823 602 5918 βλάπτει.
619 5826 859 5918 τούτοιςλ
886 5823 1160 5918 τοῦτονΠΛ.
1190 5831 1253 5886 C.
1330 5823 1584 5918 νεαρτῆν
1609 5825 1668 5877 Β.
1695 5823 1753 5876 F.
1784 5837 1921 5918 p.[‘p.
1953 5823 2351 5918 πρρσαπόλλμιξι
2377 5831 2448 5918 Ar.‘
2466 5831 2526 5918 βξ

1308 5763 1323 5792 ¹
1359 5756 1536 5829 χώρᾳ]
1571 5757 1694 5809 add.
1717 5753 1919 5806 τιθέναι

1330 5830 1351 5863 ⁸
1386 5829 1584 5883 ἑαυτήν
1609 5825 1668 5877 Β.
1695 5823 1753 5876 F.
1784 5837 1836 5883 ι),
1870 5840 1921 5883 υ,

2043 5753 2105 5810 C.
2129 5753 2326 5830 δεξιοῦ]
2364 5761 2541 5816 τιόό.ἐ
2580 5779 2659 5814 ειν
2692 5760 2732 5813 Β
2827 5760 2848 5789 ³
2880 5753 3113 5830 βλάπτῃ]
3153 5760 3243 5815 Sic
3269 5753 3329 5814 Β.
3352 5753 3594 5830 Οἶνυιεο

2043 5828 2351 5882 >σαπόλλυσι
2377 5831 2440 5883 Α.
2469 5831 2526 5883 Β.
2730 5826 2934 5883 δῶστεί
2964 5827 3040 5883 ὼς
3067 5832 3132 5883 A.
3157 5833 3218 5883 υ.
3254 5832 3316 5883 Ε.
3390 5830 3410 5862 ⁵
3444 5830 3589 5883 μένει

2730 5826 2934 5900 εῶετε]
2964 5827 3040 5900 c2;
3063 5826 3132 5886 λ.
3157 5833 3218 5889 ο.
3254 5832 3316 5887 κ.
3390 5830 3410 5862 ·
3443 5826 3589 5900 μένει

353 5894 499 5952 A.C.
572 5897 592 5928 ⁶
620 5891 958 5969 05:10.]0‘610;
981 5904 1044 5955 Α.
1075 5902 1138 5957 C.
1167 5911 1219 5956 et
1247 5917 1392 5956 corr.
1426 5900 1486 5953 Β.
1523 5891 1665 5950 οὕτω
1689 5909 1800 5948 om.
1836 5891 1893 5944 Ρ.

2043 5893 2200 5966 Ξῖδες]
2243 5897 2374 5956 Vide
2409 5899 2545 5957 Edd.
2579 5897 2734 5971 ὅσης]
2763 5891 2935 5967 πόσηξ
2966 5895 3027 5952 Ε.
