4076 6150
394 328 497 388 εδτ

397 443 463 499 tis
486 440 563 496 rei
586 437 782 493 fuerint
811 430 1267 495 fornicationibus,
1298 427 1531 499 quotidie
1558 428 1673 481 illas
1698 440 1818 480 cum
1848 440 1977 480 cou-

397 531 720 603 cupiscentia
762 528 1050 580 intuentes.
1078 521 1307 591 Ideoque
1335 521 1521 576 beatus
1555 517 1655 573 Job
1700 517 1837 571 hanc
1875 516 1977 570 sibi

398 626 572 694 legem
600 638 631 675 a
660 617 920 690 principio
959 615 1157 685 posuit,
1203 627 1262 667 se
1306 612 1501 680 ubique
1538 608 1796 665 cohibens
1826 621 1856 660 a
1888 606 1980 660 tali

399 711 701 785 spectaculo
723 708 861 779 (Job
890 709 980 777 5!.
1015 705 1104 776 9).
1132 704 1263 759 Nam
1290 713 1435 758 certe
1462 710 1582 771 post
1604 708 1876 769 aspectum
1915 712 1982 751 ne

402 803 595 859 fruaris
637 801 723 855 illa
770 814 929 871 quam
958 811 1138 859 amas,
1167 794 1338 863 majus
1366 803 1448 847 est
1472 800 1744 846 certamen
1771 807 1786 844 :
1810 804 1982 858 neque

404 906 601 951 lautam
629 892 698 947 ab
725 900 942 961 aspectu
985 887 1307 958 percipimus
1351 883 1982 953 voluptatem,-quantam

401 1005 431 1043 a
454 984 770 1056 cupiditatis
814 989 1098 1050 augmento
1149 976 1456 1046 experimur
1505 973 1828 1044 perniciem,
1859 971 1984 1025 dum

404 1076 545 1130 hosti
569 1072 935 1129 fortitudinem
973 1070 1320 1128 accersimus,
1347 1075 1405 1121 et
1431 1064 1647 1119 diabolo
1691 1062 1863 1132 majus
1892 1076 1988 1116 no-

405 1166 561 1221 cendi
588 1164 817 1235 spatium
860 1170 914 1216 et
956 1160 1131 1214 locum
1176 1158 1364 1212 damus
1391 1176 1403 1209 :
1435 1164 1492 1211 ut
1521 1171 1692 1226 neque
1721 1154 1987 1225 possimus

409 1260 480 1313 illi
512 1258 780 1318 resistere,
805 1262 1083 1323 postquam
1116 1251 1167 1304 in
1196 1251 1380 1304 intima
1402 1248 1579 1303 cordis
1605 1248 1754 1301 illum
1781 1246 1991 1300 induxi-

410 1367 550 1417 mus,
578 1360 629 1403 et
656 1356 898 1419 apertum
940 1345 1040 1414 ipsi
1078 1343 1313 1397 animum
1360 1340 1731 1411 expaudimus.
1790 1338 1993 1392 Idcirco

411 1446 485 1498 ait
513 1460 527 1496 :
552 1440 671 1496 Noli
694 1438 945 1495 moechari
975 1436 1142 1491 oculis
1162 1476 1178 1502 ,
1208 1441 1264 1489 et
1282 1433 1462 1488 animo
1492 1446 1598 1485 non
1616 1428 1991 1485 mmchaberis.

414 1535 511 1589 Est
535 1533 677 1587 enim
702 1539 756 1585 et
792 1530 926 1583 alius
952 1524 1244 1596 aspiciendi
1291 1523 1480 1577 modus
1500 1562 1517 1587 ,
1550 1534 1606 1575 ut
1635 1521 1765 1574 casti
1791 1520 1996 1573 scilicet

413 1625 694 1694 aspiciunt.
729 1622 957 1690 Ideoque
985 1635 1092 1673 non
1123 1616 1434 1687 simpliciter
1461 1624 1732 1683 aspectum
1761 1611 1994 1676 sustulit,

415 1717 509 1772 sed
551 1724 825 1784 aspectum
854 1728 974 1765 eum
1008 1707 1455 1777 concupiscentia.
1512 1705 1621 1759 Nisi
1648 1703 1789 1758 enim
1818 1703 1869 1757 id
1894 1701 1998 1757 sibi

413 1810 691 1869 voluisset,
749 1804 973 1858 dixisset
1024 1801 1227 1870 utique,
1272 1798 1372 1866 Qui
1431 1796 1646 1864 respicit
1682 1794 1996 1855 mulierem,

416 1898 768 1969 simpliciter:
798 1910 902 1948 non
930 1893 1007 1948 sic
1030 1901 1208 1945 autem
1235 1889 1405 1953 dixit,
1434 1888 1549 1952 sed,
1583 1886 1680 1953 Qui
1704 1884 2001 1953 respexerit

419 1990 485 2044 ad
519 1984 1023 2056 concupiscendum,
1050 1982 1139 2052 qui
1166 1978 1485 2049 reSpexerit,
1515 1989 1574 2031 ut
1600 1984 1871 2044 aspectum
1903 1972 2001 2027 de-

421 2084 602 2137 lectet.
645 2078 760 2134 Non
788 2076 931 2132 enim
960 2074 1081 2129 ideo
1110 2072 1206 2127 tibi
1234 2071 1373 2125 Deus
1402 2070 1585 2124 oculos
1610 2066 1789 2130 dedit,
1815 2076 1871 2119 ut
1899 2063 2004 2117 illis

418 2171 487 2226 ad
508 2169 907 2226 fornicationem
930 2161 1281 2220 inducendam
1303 2160 1491 2224 utaris,
1516 2157 1610 2213 sed
1634 2167 1690 2212 ut
1716 2159 1833 2225 ejus
1854 2168 2005 2210 crea-

426 2275 574 2319 turas
642 2262 850 2326 videns,
900 2259 1213 2315 Creatorem
1257 2256 1491 2311 mireris.
1548 2250 2004 2322 Quemadmodum

424 2368 551 2425 ergo
618 2353 733 2408 ﬁeri
782 2359 958 2422 potest
999 2358 1059 2404 ut
1121 2358 1327 2404 temere
1395 2345 1643 2401 irascaris
1692 2362 1705 2398 :
1753 2344 1825 2397 ita
1893 2342 2007 2395 ﬁeri

424 2455 599 2517 potest
623 2454 684 2499 ut
717 2453 921 2499 temere
961 2440 1211 2510 aSpicias,
1232 2453 1355 2494 cum
1410 2451 1605 2505 nempe
1652 2434 1717 2489 ad
1750 2433 2007 2501 concupi-

423 2538 682 2594 scentiam
733 2532 1027 2604 aspexeris.
1071 2531 1126 2587 Si
1171 2530 1313 2585 enim
1358 2526 1625 2597 respicere
1673 2534 1727 2578 ct
1755 2524 2008 2579 delectari

425 2630 578 2693 velis,
602 2627 807 2696 reSpice
832 2639 1053 2680 uxorem
1084 2633 1254 2687 tuam,
1284 2620 1538 2690 illamque
1567 2627 1824 2689 perpetuo
1851 2631 1969 2671 ama
1994 2634 2006 2670 :

428 2720 571 2774 nulla
594 2720 642 2773 id
667 2719 753 2772 lex
781 2716 1046 2786 prohibet.
1070 2714 1125 2769 Si
1147 2728 1272 2767 vero
1294 2712 1523 2765 alienam
1547 2711 1770 2765 formam
1798 2709 2013 2764 curiose

431 2811 623 2865 intueri
660 2808 921 2873 volneris,
945 2815 999 2860 et
1020 2805 1163 2859 illam
1192 2803 1362 2869 laedis,
1382 2803 1486 2856 alio
1514 2801 1698 2857 oculos
1727 2810 2008 2865 avertens;

428 2913 483 2958 et
535 2902 672 2956 hanc
725 2916 882 2969 quam
932 2898 1194 2968 reSpicis,
1227 2896 1271 2951 si
1303 2895 1485 2950 illicite
1535 2894 1676 2948 illam
1710 2892 2010 2962 contingas.

434 2993 655 3048 Etiamsi
685 2991 827 3046 enim
866 2989 1012 3044 illam
1057 3002 1218 3041 manu
1262 3001 1367 3040 non
1396 2984 1687 3054 contigeris
1707 3024 1723 3047 ,
1754 2993 1809 3037 at
1845 2983 2014 3037 oculis

431 3083 731 3153 contigisti;
786 3079 1013 3149 ideoque
1064 3077 1194 3133 illud
1245 3091 1344 3146 pro
1387 3074 1651 3130 adulterio
1700 3082 2012 3143 reputatur,

431 3184 485 3231 et
545 3181 667 3229 ante
730 3171 1046 3240 supplicium
1112 3168 1244 3223 illud
1297 3167 1662 3231 destinatum,
1706 3164 1849 3218 aliud
1910 3178 2014 3217 non

439 3268 555 3321 leve
602 3263 919 3333 supplicium
967 3259 1191 3315 inducit.
1234 3258 1363 3313 Nam
1393 3257 1626 3311 tumultu
1654 3263 1709 3310 et
1736 3252 2016 3324 perturba-

436 3359 579 3412 tione
605 3356 783 3410 omnia
811 3351 1061 3408 interiora
1086 3350 1290 3421 replet;
1314 3364 1503 3419 magna
1529 3348 1679 3402 adest
1704 3355 2016 3415 tempestas,

438 3448 783 3519 gravissimus
826 3443 1013 3508 dolor,
1056 3457 1155 3497 nec
1184 3441 1406 3495 meliore
1450 3438 1755 3494 conditione
1783 3435 1889 3491 erit
1929 3435 2021 3490 ille

439 3541 530 3611 qui
551 3540 667 3595 haec
696 3538 919 3608 patitur,
949 3551 1105 3606 quam
1135 3534 1171 3589 ii
1195 3534 1284 3604 qui
1309 3532 1538 3587 vinculis
1563 3538 1618 3586 et
1645 3529 1850 3585 catenis
1891 3543 2023 3583 con-

441 3632 612 3687 stricti
634 3639 777 3685 sunt.
806 3630 872 3685 Et
901 3628 1018 3692 illa,
1052 3643 1171 3698 qua:
1215 3626 1379 3681 telum
1411 3624 1624 3690 emisit,
1654 3637 1797 3692 saepe
1824 3620 2019 3688 avolat,

444 3722 739 3791 vulnusque
760 3728 939 3775 tamen
969 3727 1166 3773 manet.
1190 3715 1301 3771 Imo
1316 3730 1447 3770 vero
1468 3730 1574 3769 non
1598 3713 1688 3768 illa
1711 3713 1870 3767 telum
1891 3712 2024 3767 emi-

444 3814 530 3876 sit,
556 3812 650 3867 sed
676 3821 731 3865 tu
760 3812 874 3880 ipse
902 3810 998 3864 tibi
1026 3809 1235 3863 letalem
1266 3808 1474 3876 plagam
1504 3804 1737 3859 inﬂixisti
1757 3844 1773 3870 ,
1805 3803 1894 3874 qui
1920 3802 2022 3856 im-

448 3903 640 3973 pudice
659 3902 880 3956 iutuitus
908 3914 987 3955 es.
1024 3898 1091 3954 Et
1117 3899 1233 3953 haec
1258 3897 1379 3951 dico
1398 3936 1414 3963 ,
1442 3904 1501 3950 ut
1528 3894 1746 3965 pudicas
1774 3894 1841 3948 ab
1868 3907 2026 3949 accu-

446 3998 653 4051 satione
682 3995 935 4050 eximam.
966 3991 1024 4047 Si
1070 4006 1171 4061 qua
1216 4002 1345 4045 vero
1388 4002 1508 4045 sese
1550 3989 1622 4043 ita
1665 3996 1923 4051 exornat,
1970 3995 2030 4040 ut

444 4083 1031 4144 obviorum'oculosad
1056 4096 1115 4136 se
1139 4087 1435 4146 convertat,
1464 4078 1672 4134 etiamsi
1699 4078 1903 4132 nullum
1933 4076 2029 4131 ob-

447 4182 588 4235 vium
614 4176 943 4238 confuderit,
976 4181 1243 4229 extremas
1271 4171 1419 4225 dabit
1446 4185 1651 4239 pcenas.
1678 4168 2028 4223 Pharmacum

449 4271 590 4325 enim
638 4266 948 4339 apparavit,
997 4274 1052 4320 et
1105 4263 1252 4317 virus
1296 4262 1632 4332 composuit,
1682 4260 1784 4315 etsi
1832 4260 2029 4314 nemini

446 4360 696 4429 poculum
750 4356 1078 4430 porrexerit;
1108 4356 1214 4409 imo
1258 4353 1533 4423 porrexit,
1580 4351 1682 4406 etsi
1738 4365 1895 4405 nemo
1942 4350 2031 4420 qui

452 4453 685 4517 biberet,
717 4447 1025 4506 accesserit.
1071 4444 1208 4514 Quid
1235 4444 1401 4513 ergo?
1427 4458 1553 4497 num
1580 4441 1741 4496 etiam
1782 4440 2033 4495 mulieres

454 4542 778 4614 alloquitur?
829 4540 961 4608 Quia
1006 4538 1153 4608 leges
1205 4536 1400 4606 ubique
1447 4548 1762 4589 communes
1816 4532 2032 4598 statuit,

454 4635 658 4691 etiamsi
684 4633 828 4688 viros
852 4640 1057 4686 tantum
1082 4628 1278 4698 alloqui
1304 4626 1565 4691 videatur,
1597 4626 1757 4696 capiti
1785 4624 2034 4695 loquens,

453 4740 790 4782 communem
823 4723 919 4777 toti
945 4720 1158 4791 corpori
1195 4718 1612 4774 admonitionem
1656 4718 1879 4789 profert.
1926 4715 2040 4771 Mu-

455 4817 640 4872 lierem
669 4829 898 4883 namque
922 4822 978 4868 et
1008 4814 1179 4866 virum
1210 4825 1372 4865 unum
1416 4810 1567 4865 novit
1591 4823 1712 4864 esse
1735 4807 1957 4874 animal,
1985 4815 2040 4861 et

457 4920 715 4976 nusquam
757 4919 923 4973 genus
965 4902 1091 4957 illud
1128 4901 1331 4956 dividit.

526 4997 588 5055 ὅ.
616 4994 804 5052 Contra
832 4995 1008 5049 luxum
1025 4993 1311 5047 mulierum.
1339 4990 1532 5046 Eorum
1550 4991 1637 5061 qui
1665 5006 1757 5044 nos
1779 4988 2039 5043 scandali-

458 5095 577 5141 sant
620 5083 930 5139 conversatio
964 5082 1226 5154 fugienda,
1266 5081 1652 5151 qualescumque
1691 5079 1811 5133 sint.
1856 5076 2043 5131 Contra

462 5177 770 5232 theatrorum
792 5170 1325 5244 spectacula.——Quod
1345 5170 1389 5225 si
1413 5170 1545 5225 velis
1560 5168 1972 5239 increpationem
1991 5168 2043 5222 in

463 5267 582 5322 illas
609 5265 867 5336 prolatam
894 5262 1170 5333 speciatim
1204 5262 1407 5327 audire,
1438 5260 1626 5316 Isaiam
1657 5260 1781 5315 audi
1807 5258 2045 5330 pluribus

467 5356 519 5411 in
553 5356 671 5412 illas
712 5354 1088 5421 invehentem,
1120 5351 1589 5421 traducentemque
1632 5351 1864 5422 ipsarum
1896 5351 2046 5405 habi-

469 5459 603 5518 tum,
642 5460 941 5520 aspectum,
978 5447 1269 5509 incessum,
1305 5444 1511 5500 tunicas
1542 5444 1685 5499 humi
1716 5443 2045 5515 dentientes,

466 5538 800 5597 lascivientes
820 5538 1005 5609 pedes,
1021 5536 1157 5593 colla
1170 5535 1332 5591 fracta
1356 5534 1577 5592 mollitie
1597 5536 1672 5607 (a)
1686 5533 1838 5608 (lsai.
1857 5537 1909 5591 5.
1932 5537 2044 5607 16).

534 5674 551 5704 ί
587 5673 700 5732 Alii,
730 5678 782 5722 ut
805 5672 1061 5722 hominum.

539 5735 612 5797 (a)
647 5731 727 5785 ttic
749 5734 887 5786 Isaia:
910 5734 1047 5786 locus
1058 5734 1130 5786 sic
1151 5732 1358 5786 habetur
1381 5732 1430 5783 in
1444 5737 1569 5793 Lxx,
1595 5731 1735 5783 Isaiae
1756 5732 1807 5793 5,
1832 5731 1892 5782 16
1914 5744 1927 5782 :
1954 5740 2050 5785 Pro

1528 313 1592 368 IN
1631 311 2034 369 MATTll/EUM
2073 312 2301 368 llOMlL.
2346 310 2508 367 XVII.

3562 314 3669 371 258

2083 424 2222 480 Audi
2259 440 2379 481 cum
2410 426 2500 481 illo
2525 426 2737 482 beatum
2759 426 2979 483 Paulum
3006 429 3200 485 multas
3225 428 3359 500 ipsis
3381 428 3527 501 leges
3553 439 3666 484 sta.

2086 524 2340 580 tuentem.
2367 528 2421 574 et
2442 520 2511 574 de
2544 521 2795 586 vestibus,
2832 528 2890 577 et
2912 521 2980 578 de
3003 523 3178 577 aureis
3198 522 3493 587 ornatibus,
3520 531 3574 578 et
3602 526 3671 578 de

2083 613 2454 667 calamistratis
2478 614 2707 682 capillis,
2749 622 2802 668 ct
2827 614 2893 669 de
2922 615 3160 677 lascivia,
3184 625 3239 670 et
3267 615 3334 671 de
3361 616 3479 671 aliis
3517 615 3670 671 simi-

2088 704 2225 758 libus
2252 704 2390 757 hunc
2416 720 2599 759 sexum
2631 706 2975 761 vehementer
3004 707 3379 776 corripientem
3423 708 3500 779 (l.
3530 705 3668 761 Tim.

2087 795 2140 850 2.
2168 793 2245 866 9).
2275 793 2517 850 Christus
2544 796 2705 851 etiam
2747 797 2799 855 in
2828 798 3171 867 sequentibus
3198 799 3528 869 amigmatice
3572 797 3673 852 hoc

2091 888 2262 957 ipsum
2305 886 2568 951 declarat;
2611 904 2731 942 cum
2760 891 2901 945 enim
2939 890 3089 955 dicit,
3130 890 3294 955 Erue,
3330 889 3582 946 exscinde
3622 889 3675 944 id

2091 979 2231 1050 quod
2261 989 2311 1033 te
2345 979 2688 1043 scandalizat,
2737 982 2871 1036 iram
2912 982 3169 1037 adversus
3213 983 3331 1038 illas
3356 982 3675 1037 concitatam

2092 1072 2326 1129 exhibet.
2370 1073 2495 1130 Ideo
2533 1074 2804 1142 sobjunxit
2848 1093 2861 1129 :
2900 1074 2990 1128 29.
3043 1073 3105 1128 Si
3148 1075 3323 1129 oculus
3353 1084 3467 1128 tuus
3505 1074 3680 1128 dexter

2094 1166 2407 1220 scandalizat
2423 1173 2488 1232 te,
2509 1183 2625 1219 erue
2641 1183 2774 1232 eum,
2794 1176 2839 1220 et
2865 1167 3055 1236 profice
3080 1166 3167 1220 abs
3189 1176 3251 1220 te.
3278 1165 3355 1222 Nc
3367 1166 3510 1221 enim
3531 1166 3678 1221 dice-

2096 1273 2216 1322 res,
2256 1257 2392 1324 Quid
2436 1272 2588 1328 ergo,
2621 1259 2665 1313 si
2692 1269 2913 1327 cognata
2945 1274 3060 1313 mea
3099 1259 3204 1314 sit?
3240 1259 3387 1330 quid,
3429 1260 3475 1316 si
3505 1258 3680 1329 aliqua

2097 1350 2225 1404 mihi
2265 1350 2653 1405 necessitudine
2668 1350 2889 1419 juncta?
2917 1351 3036 1405 ideo
3058 1351 3173 1406 haec
3199 1351 3458 1420 praecipit,
3488 1366 3591 1404 non
3614 1348 3682 1403 de

2099 1443 2351 1496 membris
2377 1443 2619 1511 loquens,
2650 1441 2788 1496 absit
2816 1461 2827 1495 :
2862 1456 3118 1511 nusquam
3143 1443 3285 1496 enim
3311 1440 3682 1496 dixitcrimina

2100 1533 2165 1585 ad
2196 1547 2408 1586 carnem
2456 1533 2752 1601 pertinere;
2792 1532 2887 1587 sed
2925 1535 3193 1587 accusatio
3226 1548 3441 1602 pravam
3471 1547 3685 1603 semper

2105 1624 2431 1679 voluntatem
2458 1632 2681 1692 spectat.
2713 1624 2895 1694 Neque
2923 1624 3064 1678 enim
3094 1624 3280 1678 oculus
3310 1632 3431 1679 tuus
3460 1631 3562 1689 est,
3587 1624 3681 1692 qui

2101 1716 2267 1779 videt,
2299 1715 2393 1771 sed
2426 1730 2577 1769 mens
2603 1724 2655 1769 et
2679 1715 2948 1785 cogitatio.
2970 1713 3123 1784 Saepe
3153 1729 3381 1784 namque
3404 1713 3559 1768 nobis
3581 1714 3688 1767 alio

2103 1808 2399 1873 conversis,
2441 1821 2535 1862 eos
2567 1806 2659 1876 qui
2688 1814 2981 1877 prtesentes
3014 1815 3269 1865 suntnon
3297 1804 3440 1859 videt
3460 1804 3685 1861 oculus:

2105 1901 2285 1970 itaque
2331 1907 2501 1953 totum
2544 1914 2649 1951 non
2692 1907 2775 1952 est
2822 1896 2959 1951 illius
2987 1905 3127 1951 actui
3173 1895 3599 1950 adscribendum.
3631 1894 3688 1949 Si

2106 1994 2249 2048 cnim
2297 1991 2365 2045 de
2412 1991 2667 2046 membris
2710 1990 3035 2060 loqueretur,
3081 2004 3185 2042 non
3227 1990 3294 2043 de
3340 2003 3447 2043 uno
3489 1987 3691 2043 diceret

2108 2083 2286 2146 oculo,
2316 2098 2490 2151 neque
2530 2082 2775 2137 dextrum
2806 2081 2980 2135 solum
3026 2080 3311 2152 posuisset,
3358 2079 3452 2134 sed
3480 2080 3687 2134 ambos.

2109 2173 2240 2229 Nam
2266 2173 2357 2243 qui
2388 2189 2419 2227 a
2446 2173 2637 2228 dextro
2666 2173 3076 2240 scandalizatur,
3109 2173 3336 2241 idipsum
3368 2171 3506 2227 haud
3532 2170 3692 2226 dubie

2111 2266 2342 2333 patietur
2365 2279 2393 2317 a
2422 2265 2658 2319 sinistro.
2686 2263 2793 2317 Cur
2828 2278 2958 2333 ergo
2981 2262 3226 2317 dextrum
3259 2262 3469 2316 oculum
3494 2263 3692 2330 posuit,

2111 2365 2166 2409 et
2188 2369 2404 2410 manum
2430 2353 2662 2423 adjecit?
2693 2352 2759 2408 Ut
2787 2353 2963 2409 discas
2991 2368 3096 2407 non
3124 2352 3190 2406 de
3211 2353 3464 2407 membris
3490 2365 3694 2405 sermo-

2113 2460 2234 2502 nem
2264 2460 2406 2511 esse,
2436 2446 2529 2501 sed
2558 2446 2627 2500 de
2665 2446 2730 2500 iis
2754 2446 2841 2515 qui
2867 2445 3020 2501 nobis
3043 2445 3273 2500 amicitia
3301 2444 3613 2514 junguntur.
3638 2443 3693 2498 Si

2112 2540 2413 2611 quempiam
2439 2541 2508 2594 ita
2530 2553 2696 2603 amas,
2730 2539 2917 2607 inquit,
2958 2545 3017 2591 ut
3037 2552 3157 2592 eum
3188 2536 3391 2592 dexteri
3417 2537 3555 2590 oculi
3579 2536 3697 2590 loco

2116 2650 2302 2707 ponas,
2327 2643 2416 2688 aut
2439 2633 2509 2686 ita
2535 2630 2626 2686 tibi
2657 2632 2840 2686 utilem
2868 2638 3042 2701 putas,
3066 2636 3236 2698 utpro
3264 2644 3419 2682 manu
3443 2628 3588 2682 illum
3610 2627 3696 2681 ha-

2115 2729 2263 2792 beas,
2305 2728 2349 2779 si
2394 2724 2540 2780 laedit
2564 2724 2793 2779 animam
2836 2731 3014 2789 tuam,
3045 2732 3101 2777 et
3141 2721 3283 2776 hunc
3318 2719 3590 2776 abscinde.
3632 2720 3699 2774 Et

2115 2823 2222 2877 vim
2260 2821 2387 2875 dicti
2426 2817 2717 2889 perpende.
2751 2816 2866 2871 Non
2909 2818 3053 2871 enim
3096 2815 3251 2881 dixit,
3300 2814 3573 2881 Abscede;
3603 2813 3699 2869 sed

2118 2914 2401 2969 maximam
2424 2911 2812 2979 Separationem
2838 2909 3099 2976 indicans,
3123 2907 3278 2973 Erue,
3303 2908 3489 2979 inquit,
3510 2918 3559 2963 et
3582 2924 3700 2978 pro-

2107 3009 2213 3078 jice
2238 3006 2325 3060 abs
2364 3014 2427 3057 te.
2460 3002 2659 3057 Deinde
2683 3005 2805 3072 quia
2847 3016 3036 3057 severe
3064 3011 3415 3070 praeceperat,
3452 3002 3700 3071 utrinque

2120 3099 2325 3153 lucrum
2352 3111 2472 3152 esse
2500 3095 2675 3159 docet,
2718 3102 2772 3148 et
2796 3109 2861 3149 ex
2887 3094 3041 3148 bonis
3066 3104 3119 3147 et
3143 3108 3206 3147 ex
3237 3094 3412 3157 malis,
3438 3092 3489 3147 in
3514 3093 3703 3148 eadem

2120 3187 2429 3257 metaphora
2455 3187 2708 3241 insistens
2736 3204 2749 3239 :
2778 3183 3002 3255 Expedit
3029 3185 3161 3239 enim
3189 3184 3298 3249 tibi,
3328 3184 3516 3254 inquit,
3543 3194 3598 3237 ut
3619 3201 3705 3253 pe.

2120 3290 2227 3334 rcat
2268 3294 2425 3333 unum
2471 3278 2807 3333 membrorum
2848 3287 3068 3341 tuorum,
3098 3285 3146 3330 et
3184 3292 3287 3330 non
3327 3286 3485 3329 totum
3522 3291 3706 3347 corpus

2122 3383 2263 3428 tuum
2289 3373 2517 3426 mittatur
2538 3372 2591 3425 in
2619 3373 2917 3442 gehennam.
2942 3366 3074 3423 Cum
3104 3369 3245 3423 enim
3274 3384 3445 3439 neque
3470 3369 3706 3438 seipsum

2122 3474 2319 3529 servet,
2348 3473 2401 3520 et
2432 3474 2486 3520 te
2509 3477 2689 3519 secum
2719 3461 2928 3533 perdat,
2967 3477 3083 3532 quae
3107 3460 3408 3515 humanitas
3433 3469 3575 3514 esset
3594 3475 3707 3513 am-

2125 3559 2194 3616 bo
2219 3557 2465 3629 perdere,
2505 3570 2625 3611 cum
2666 3554 2823 3609 liceat
2863 3554 2927 3608 iis
2954 3552 3218 3623 separatis
3247 3566 3410 3606 unum
3454 3551 3708 3605 servare?

2124 3652 2237 3707 Cur
2254 3652 2395 3707 enim
2419 3650 2614 3705 Paulus
2630 3648 2848 3717 optabat
2872 3646 3156 3702 anathema
3178 3660 3298 3701 esse
3322 3642 3499 3718 (Rom.
3528 3644 3578 3699 9.
3612 3642 3667 3715 3)
3685 3644 3710 3695 ?

2125 3744 2241 3800 Non
2264 3745 2334 3798 ita
2361 3751 2418 3796 ut
2442 3741 2574 3795 nihil
2598 3740 2717 3794 inde
2743 3738 2875 3793 lucri
2895 3738 3232 3803 accederet‘,
3258 3736 3352 3792 sed
3377 3748 3433 3791 ut
3452 3735 3587 3791 alios
3607 3750 3712 3791 ser-

2128 3844 2296 3890 varet.
2330 3834 2425 3888 llic
2450 3842 2625 3887 autem
2656 3831 2928 3899 utriusque
2957 3829 3209 3883 damnum
3238 3836 3323 3883 est
3347 3844 3362 3880 :
3391 3834 3713 3898 quapropter

2130 3943 2236 3983 non
2264 3926 2396 3981 dixit
2419 3934 2641 3988 tantum,
2674 3920 2846 3988 Erue;
2884 3920 2982 3974 sed
3005 3922 3187 3983 etiam,
3218 3920 3407 3989 profice
3432 3918 3521 3972 abs
3547 3928 3611 3981 te,
3642 3918 3712 3971 ita

2132 4029 2188 4074 ut
2212 4032 2499 4086 numquam
2540 4022 2772 4084 repetas,
2815 4013 2859 4065 si
2903 4011 3022 4064 talis
3061 4012 3336 4065 manserit.
3364 4010 3453 4064 Sic
3478 4010 3619 4064 enim
3661 4021 3715 4063 et

2133 4110 2279 4164 illum
2306 4107 2492 4177 majori
2529 4104 2751 4160 crimine
2790 4102 3059 4158 liberabis.
3084 4110 3138 4155 et
3164 4101 3388 4170 teipsum
3425 4115 3452 4153 a
3481 4097 3716 4170 pernicie
3772 4100 3776 4109 '

2134 4201 2347 4270 eripies.
2393 4198 2463 4254 Ut
2486 4204 2663 4251 autem
2701 4195 2896 4249 clarius
2939 4194 3070 4262 legis
3097 4192 3374 4247 utilitatem
3405 4192 3715 4262 perspicias,

2135 4292 2180 4348 si
2206 4291 2397 4361 placet,
2423 4289 2475 4345 in
2500 4300 2725 4357 corpore
2745 4284 2975 4354 exempli
2997 4298 3156 4339 causa
3179 4283 3230 4337 id
3257 4282 3397 4354 quod
3419 4282 3615 4337 dictum
3638 4293 3719 4336 est

2136 4385 2496 4455 exploremus.
2539 4380 2597 4436 Si
2627 4380 2768 4436 enim
2797 4379 2945 4447 Optio
2970 4376 3209 4442 daretur,
3241 4391 3303 4432 ac
3335 4390 3556 4431 necesse
3579 4385 3719 4430 esset

2138 4488 2229 4534 aut
2255 4477 2470 4532 oculum
2500 4472 2784 4530 habentem
2811 4471 3004 4540 conjici
3030 4475 3086 4525 in
3114 4470 3309 4525 fossam
3332 4479 3388 4524 et
3410 4468 3605 4539 perire,
3629 4480 3720 4522 aut

2139 4570 2232 4625 illo
2256 4577 2430 4633 eruto,
2466 4566 2732 4636 reliquum
2778 4577 2972 4633 corpus
2996 4561 3197 4617 servari
3236 4576 3251 4615 :
3298 4574 3476 4615 annon
3517 4568 3722 4630 postre-

2141 4676 2285 4715 mum
2328 4657 2549 4714 malles?
2576 4657 2631 4711 ld
2676 4654 2876 4711 nemini
2919 4670 3024 4708 non
3066 4651 3400 4707 manifestum
3441 4661 3541 4707 est.
3592 4651 3722 4706 Illud

2140 4754 2283 4807 enim
2310 4766 2414 4807 non
2441 4760 2582 4807 esset
2615 4751 2825 4805 oculum
2867 4748 3063 4812 odisse,
3097 4746 3192 4802 sed
3234 4745 3496 4815 reliquum
3530 4760 3724 4814 corpus

2142 4859 2341 4899 amare.
2380 4843 2495 4899 Hoc
2525 4855 2687 4911 porro
2708 4839 2854 4896 etde
2873 4841 3003 4893 viris
3028 4838 3199 4908 cogita
3224 4846 3280 4894 et
3299 4838 3366 4892 de
3391 4837 3719 4893 mulieribus.

2143 4933 2274 4988 Nam
2305 4934 2349 4986 si
2373 4933 2439 4998 is,
2465 4932 2553 5001 qui
2582 4939 2633 4986 te
2655 4930 2798 4985 laedit
2822 4928 3073 4991 amando,
3103 4927 3408 4983 incurabilis
3433 4938 3633 4993 manet,
3672 4938 3729 4983 et

2145 5025 2189 5078 si
2214 5022 2482 5079 abscissus
2522 5022 2611 5086 sit,
2644 5031 2695 5075 te
2716 5020 2785 5075 ab
2805 5019 2949 5074 omni
2976 5020 3211 5089 pernicie
3236 5019 3479 5076 liberabit
3514 5037 3530 5074 :
3573 5020 3651 5075 sic
3679 5029 3734 5073 et

2149 5113 2262 5183 ipse
2298 5128 2328 5166 a
2369 5110 2657 5180 majoribus
2709 5110 2963 5181 eripietur
2999 5110 3331 5177 criminibus,
3374 5125 3545 5181 neque
3590 5108 3731 5162 ultra

2148 5222 2267 5263 cum
2297 5214 2631 5273 peccatorum
2656 5218 2873 5258 suorum
2900 5204 3126 5269 ratione,
3149 5205 3407 5260 rationem
3428 5204 3588 5257 etiam
3613 5216 3732 5269 per~

2148 5296 2305 5352 niciei
2332 5304 2435 5351 tua:
2470 5296 2708 5351 daturus.
2742 5293 2876 5349 Vide
2902 5304 3099 5365 quanta
3137 5294 3542 5350 mansuetudine
3576 5292 3730 5362 plena

2152 5389 2237 5446 lex
2274 5398 2376 5456 est,
2417 5396 2610 5460 quanta
2650 5385 3014 5458 providentia?
3040 5397 3093 5442 et
3121 5401 3240 5457 quae
3275 5404 3303 5439 a
3348 5382 3531 5439 multis
3569 5381 3728 5435 nimii

2151 5558 2207 5596 eo
2237 5543 2365 5609 quod
2403 5542 2598 5614 eleuatis
2627 5548 2737 5595 sunt
2760 5541 2881 5616 ﬁlice
2914 5542 3041 5601 Sion,
3064 5545 3117 5609 et
3140 5538 3500 5610 ambulauerunt
3537 5538 3737 5627 extensi:

2152 5607 2296 5676 collo,
2316 5604 2843 5676 conatibus-aculmina
2862 5604 3082 5676 ibant-net
3098 5614 3149 5650 ut
3171 5613 3357 5672 incessu
3377 5600 3554 5664 pedum
3572 5604 3607 5649 ti
3620 5597 3708 5649 (ιΙιε

2154 5670 2265 5739 baut
2279 5666 2483 5739 amicas,
2507 5674 2552 5718 et
2571 5666 2877 5739 lasciviebant
2898 5664 3237 5739 pectique

2220 5736 2235 5763 ³
2271 5723 2484 5791 Quidam,
2508 5742 2602 5780 non
2618 5728 2685 5779 ita
2706 5735 2758 5779 ut
2778 5723 3014 5778 neminem
3030 5723 3154 5773 lucri
3177 5724 3371 5785 faceret,
3390 5730 3485 5773 etc.
