4076 6150
439 207 546 263 259

433 325 691 380 severitas
708 337 828 378 esse
850 321 1073 388 videtur,
1093 330 1341 391 quantam
1370 321 1586 376 exhibet
1602 321 2012 392 benignitatem?

432 415 559 474 ﬂare
580 416 797 471 audiant
825 415 856 469 ii
885 416 971 485 qui
1000 414 1065 468 ad
1098 413 1297 468 theatra
1323 421 1622 482 properant,
1656 422 1711 467 et
1739 428 1859 467 sese
1885 430 2014 482 quo-

433 512 559 565 tidie
585 509 822 565 moechos
847 516 1115 578 pra-stant.
1134 507 1264 560 Nam
1282 506 1323 559 si
1347 506 2006 573 consuetudinejunctutn,

426 603 521 657 sed
550 602 886 666 damnosum,
918 601 1000 654 lex
1018 600 1167 668 jubet
1196 597 1523 657 abscindere,
1557 612 1713 665 quam
1744 597 2010 665 purgatio-

427 712 549 750 nem
578 696 805 751 habeant
825 694 912 762 qui
939 692 1168 747 nondum
1193 690 1290 744 sibi
1314 698 1487 751 notos,
1507 688 1576 743 ibi
1604 688 2004 754 commorando,

425 786 659 857 quotidie
691 787 1021 855 pertrahunt,
1050 793 1101 836 et
1132 789 1409 835 sexcentas
1436 780 1533 834 sibi
1564 788 1873 849 comparant
1914 794 2008 833 cx-

424 881 545 935 cidii
583 881 775 937 ansas?
805 879 916 933 Non
957 876 1115 931 modo
1144 876 1284 929 enim
1312 874 1576 944 impudice
1601 876 1867 944 respicere
1897 889 2003 927 non

422 971 695 1034 concedit;
741 969 832 1024 sed
875 969 994 1038 quia
1024 966 1243 1035 hujusce
1272 966 1347 1019 rei
1377 964 1628 1019 damnum
1664 964 1999 1030 monstravit,

421 1066 587 1136 legem
621 1066 838 1119 ulterius
868 1061 1122 1123 extendit,
1153 1060 1466 1116 abscindere
1491 1060 1700 1129 jubens,
1740 1060 2000 1130 longeque

418 1159 678 1228 projicere
716 1172 728 1207 :
762 1165 816 1210 et
860 1155 973 1209 huic
1020 1154 1108 1209 ille
1139 1154 1252 1223 lege
1294 1154 1498 1216 statuit,
1548 1154 1636 1221 qui
1675 1152 1743 1205 de
1779 1153 1998 1207 caritate

414 1249 710 1302 sexcenties
757 1246 1004 1316 loquutus
1048 1255 1149 1308 est,
1192 1253 1248 1298 ut
1277 1244 1521 1313 utrinque
1552 1244 1666 1319 ejus
1712 1244 1990 1311 providen—

413 1342 537 1394 tiam
567 1339 810 1403 ediscas,
856 1347 909 1391 et
950 1336 1217 1402 quomodo
1254 1336 1485 1404 undique
1531 1336 1806 1389 utilitatem
1849 1344 1991 1390 tuam

410 1432 664 1500 requirat.
715 1429 803 1484 5i.
834 1426 1039 1479 Dictum
1073 1437 1143 1479 est
1171 1436 1333 1478 autem
1366 1442 1383 1477 :
1416 1425 1723 1493 Quicumque
1750 1425 1993 1479 dimiserit

408 1540 615 1577 uxorem
656 1537 818 1582 suam,
868 1520 947 1571 det
989 1520 1066 1571 illi
1105 1517 1327 1570 libellum
1354 1515 1552 1585 repudii
1583 1515 1755 1586 (Deut.
1792 1517 1880 1570 24.
1911 1517 1985 1588 1).

406 1616 493 1671 52.
527 1615 638 1685 Ego
663 1623 824 1667 autem
842 1613 952 1671 dico
982 1612 1115 1665 vobis
1139 1629 1155 1663 .'
1187 1608 1494 1677 Quicumque
1516 1610 1757 1662 dimiserit
1782 1626 1989 1664 tutorem

404 1730 570 1777 suam,
598 1720 805 1779 excepta
832 1725 985 1763 causa
1013 1705 1357 1777 fornicationis
1376 1746 1390 1770 ,
1419 1705 1538 1775 facit
1568 1721 1677 1759 eam
1703 1705 1938 1758 masc/tari
1964 1722 1984 1759 :

401 1817 449 1860 et
468 1806 553 1875 qui
578 1804 834 1858 dimissam
857 1800 1077 1863 duxerit,
1109 1800 1401 1855 moechatur.

470 1900 525 1952 4.
548 1896 833 1965 Repudium
847 1892 1083 1947 adulterii
1098 1892 1301 1960 species.
1333 1888 1433 1942 Cur
1452 1887 1675 1949 libellum
1690 1886 1890 1956 repudii
1904 1886 1985 1939 lea:

400 1999 535 2044 vetus
554 1988 848 2059 permiserit.
866 1983 1058 2038 --Non
1087 1983 1231 2052 prius
1259 1981 1324 2035 ad
1356 1980 1603 2035 ulteriora
1627 1978 1978 2049 progreditur,

396 2082 496 2137 nisi
517 2081 690 2151 priora
720 2080 882 2149 probe
903 2075 1294 2145 expurgaverit.
1315 2074 1450 2127 Ecce
1475 2073 1616 2127 enim
1644 2071 1798 2125 aliam
1826 2070 1980 2126 nobis

395 2188 581 2227 rursus
622 2170 853 2225 ostendit
896 2168 1142 2222 adulterii
1171 2167 1424 2233 Speciem.
1454 2163 1707 2229 Quaenam
1735 2172 1816 2215 est
1846 2162 1979 2216 illa?

394 2263 503 2317 Lex
535 2272 648 2316 erat
674 2270 843 2325 vetus,
885 2258 1146 2329 eum,.qui
1174 2271 1505 2327 quacumque
1544 2270 1611 2315 ex
1636 2268 1794 2309 causa
1841 2269 1976 2308 uxo-

392 2372 507 2413 rem
537 2371 685 2409 suam
725 2354 947 2419 odisset,
979 2352 1121 2405 illam
1167 2348 1465 2419 repudiare,
1494 2356 1547 2401 et
1584 2347 1740 2401 aliam
1781 2346 1976 2402 ducere

392 2464 499 2504 non
540 2446 828 2517 prohiberi.
858 2443 1039 2512 Neque
1081 2440 1212 2497 illud
1253 2450 1427 2493 tamen
1459 2438 1769 2508 simpliciter
1798 2437 1975 2493 facere

390 2545 476 2599 lex
498 2542 740 2613 iubebat,
780 2537 871 2593 sed
907 2544 1025 2606 post
1050 2536 1230 2589 datum
1271 2533 1421 2588 uxori
1463 2532 1697 2586 libellum
1744 2530 1970 2600 repudii,

389 2638 461 2691 ita
491 2642 548 2688 ut
572 2648 676 2687 non
702 2638 884 2701 posset
913 2628 1101 2683 iterum
1130 2625 1194 2678 ad
1219 2625 1364 2679 illum
1385 2633 1673 2685 revertere,
1702 2632 1758 2676 ut
1784 2622 1970 2676 saltem

388 2724 709 2779 matrimonii
755 2721 922 2791 ﬁgura
952 2725 1210 2774 maneret.
1244 2716 1352 2771 Nisi
1376 2716 1516 2779 enim
1549 2713 1648 2767 hoc
1683 2714 1971 2785 praecepis-

387 2829 489 2882 set,
530 2829 583 2871 et
624 2818 667 2870 si
709 2812 1100 2870 licuissetiltam
1126 2809 1406 2878 repudiare
1433 2819 1487 2864 et
1524 2808 1677 2861 aliam
1706 2808 1966 2875 accipere,

385 2909 684 2977 deindeque
714 2907 945 2975 priorem
984 2904 1261 2967 reducere,
1292 2916 1479 2969 magna
1514 2902 1681 2955 futura
1728 2899 1970 2955 confusio

386 3010 523 3065 erat,
554 2999 816 3054 omnibus
865 2997 1067 3051 alienas
1112 3010 1303 3048 uxores
1347 2992 1568 3047 alternis
1613 2992 1818 3046 vicibus
1863 2992 1969 3047 fre-

385 3102 609 3164 quenter
631 3090 1009 3160 accipientibus
1029 3129 1044 3151 ,
1080 3086 1503 3154 adulterinmque
1544 3084 1881 3139 manifestum
1913 3084 1965 3138 id

386 3198 604 3255 prorsus
647 3182 852 3238 fuisset.
901 3179 1235 3248 Quapropter
1265 3190 1367 3229 non
1398 3191 1614 3244 parvam
1645 3176 1965 3230 consolatio-

384 3291 505 3331 nem
532 3272 867 3344 excogitavit,
909 3271 1142 3325 libellum
1174 3282 1365 3336 nempe
1391 3266 1614 3335 repudii.
1649 3266 1759 3322 Hoc
1805 3282 1963 3336 porro

384 3368 577 3421 factum
602 3377 682 3420 est
710 3363 775 3418 ad
804 3363 962 3417 aliam
991 3359 1440 3427 multomajorem
1480 3357 1745 3411 vitandam
1774 3358 1960 3428 nequi-

383 3460 531 3512 tiam.
576 3455 631 3512 Si
653 3458 796 3510 enim
836 3468 1059 3508 exosam
1104 3450 1447 3519 praecepisset
1490 3449 1739 3513 retineri,
1788 3449 1833 3503 is
1871 3450 1960 3519 qui

380 3547 566 3602 oderat
586 3544 865 3599 occidisset
889 3559 904 3594 :
934 3541 1053 3594 talis
1072 3541 1265 3609 quippe
1293 3546 1409 3593 erat
1432 3537 1732 3591 Iudaeorum
1757 3539 1898 3591 natio
1917 3541 1955 3593 ί.

380 3637 512 3692 Nam
542 3636 631 3705 qui
662 3650 730 3689 ne
757 3634 881 3687 ﬁliis
904 3632 1116 3700 quidem
1147 3631 1452 3699 parcebant,
1488 3628 1768 3697 pr0phetas
1800 3631 1961 3683 inter-

380 3730 645 3792 ﬁciebant,
687 3726 1100 3795 sanguinemque
1127 3730 1185 3776 ut
1210 3737 1399 3791 aquam
1440 3721 1747 3787 fundebant,
1792 3722 1957 3777 multo

378 3821 553 3874 minus
595 3817 845 3873 uxoribus
877 3816 1252 3886 pepercissent.
1299 3813 1421 3867 Ideo
1459 3813 1598 3883 quod
1639 3814 1814 3869 minus
1841 3824 1956 3869 erat

378 3912 639 3983 permisit,
668 3923 723 3966 ut
746 3911 887 3981 quod
910 3909 1077 3979 majus
1100 3917 1215 3963 erat
1244 3907 1598 3963 exscinderet.
1631 3910 1782 3975 Quod
1812 3910 1953 3964 enim

377 4004 491 4059 haec
514 4004 596 4057 lex
625 4018 729 4057 non
756 4016 787 4056 e
816 3999 1095 4070 praecipuis
1118 4004 1280 4064 esset,
1310 3996 1431 4051 audi
1454 3997 1578 4067 quid
1599 3998 1850 4053 Servatur
1875 3999 1955 4053 di-

371 4104 458 4149 cat
490 4112 503 4148 :
538 4093 740 4164 Moyses
784 4092 852 4145 ad
897 4092 1138 4145 duritiam
1184 4090 1349 4144 cordis
1397 4092 1546 4143 vestri
1594 4091 1699 4144 Iure
1750 4092 1952 4161 scripsit

366 4188 584 4264 (Matth.
626 4187 714 4243 19.
757 4186 833 4255 8),
869 4201 935 4238 ne
979 4185 1119 4238 intus
1160 4183 1483 4250 mactaretis,
1526 4184 1615 4237 sed
1663 4184 1947 4254 cjiceretis.

364 4282 499 4349 Quia
527 4294 655 4337 vero
678 4277 763 4330 ille
790 4277 917 4329 iratn
946 4290 1157 4328 omnem
1178 4273 1410 4339 sustulit,
1439 4290 1544 4328 non
1567 4275 1766 4329 cedem
1792 4276 1950 4329 modo

363 4382 570 4437 vetans,
602 4372 695 4427 sed
740 4369 873 4424 iram
900 4368 1065 4427 etiam
1092 4364 1377 4420 excludens
1407 4383 1419 4419 :
1450 4365 1600 4420 facile
1629 4366 1763 4422 hanc
1790 4367 1947 4420 indu-

360 4464 434 4519 cit
461 4464 654 4534 legem.
688 4463 912 4531 Ideoque
943 4457 1179 4531 priorum
1212 4470 1423 4525 semper
1449 4458 1729 4511 verborum
1761 4460 1946 4513 memi-

360 4555 457 4620 nit,
496 4565 553 4609 ut
579 4552 843 4616 ostendat,
874 4569 934 4607 se
974 4566 1080 4606 nott
1109 4547 1375 4600 contraria
1404 4546 1536 4609 illis,
1577 4546 1671 4601 sed
1710 4562 1943 4602 consona

357 4647 537 4702 dicere
564 4666 577 4701 :
606 4647 694 4701 illa
714 4647 1028 4709 extendens,
1058 4658 1161 4696 non
1185 4648 1463 4703 evertens;
1492 4638 1803 4705 emendans,
1835 4656 1941 4695 non

357 4739 589 4793 solvens.
622 4737 895 4807 Perpende
919 4747 1094 4790 autem
1126 4734 1272 4787 illum
1300 4745 1515 4800 semper
1540 4730 1605 4783 ad
1637 4731 1807 4785 virum
1830 4747 1942 4785 ser-

356 4843 570 4881 monem
615 4828 835 4882 referre.
881 4828 981 4895 Qui
1031 4826 1254 4885 dimittit,
1288 4823 1482 4893 inquit,
1527 4837 1733 4875 uxorem
1771 4838 1937 4888 suam,

356 4918 478 4987 facit
509 4934 617 4971 eam
658 4919 899 4973 mcecltari
921 4934 941 4980 ;
989 4928 1033 4971 et
1072 4917 1159 4985 qui
1212 4916 1470 4969 dimissam
1516 4911 1681 4975 ducit,
1724 4916 1943 4967 mercha-

354 5021 454 5064 tur.
506 5008 595 5063 llle
637 5010 814 5073 enim,
847 5020 899 5062 et
939 5010 979 5061 si
1014 5010 1229 5063 alteram
1265 5022 1369 5062 non
1397 5007 1638 5073 duxerit,
1691 5005 1795 5061 hoc
1824 5004 1940 5073 ipso

355 5117 414 5157 se
475 5101 713 5156 criminis
774 5114 926 5154 reum
982 5099 1286 5164 constituit,
1350 5097 1488 5165 quod
1542 5113 1660 5152 eam
1725 5098 1931 5152 adulte-

352 5207 467 5248 ram
515 5192 668 5247 laciat
695 5209 709 5247 :
735 5191 820 5246 hic
852 5206 1000 5255 vero,
1030 5190 1170 5261 quod
1212 5190 1437 5245 alienam
1480 5194 1655 5256 ducat,
1694 5191 1934 5247 moechus

351 5298 405 5340 et
452 5286 563 5352 ipse
607 5286 679 5339 tit.
721 5284 798 5339 Ne
850 5282 979 5337 mihi
1027 5282 1168 5338 enim
1220 5282 1386 5348 dicas,
1441 5281 1532 5335 llle
1586 5282 1743 5349 ejecit
1774 5298 1931 5338 :nam

351 5379 519 5445 ejecta
552 5378 722 5432 adhuc
750 5386 932 5432 manet
959 5376 1218 5444 ejicientis
1251 5390 1402 5428 uxor.
1440 5374 1637 5429 Deinde
1666 5390 1733 5431 ne
1763 5386 1929 5431 totum

351 5466 644 5534 conjiciens
673 5468 725 5522 in
752 5467 1055 5537 ejicientem
1073 5506 1087 5527 ,
1121 5465 1538 5533 arrogantiorem
1570 5464 1768 5522 faceret
1797 5484 1928 5523 uxo-

351 5571 486 5612 rem.
536 5556 700 5623 ipsam
727 5558 969 5628 accipere
992 5557 1187 5612 volenti
1227 5557 1443 5626 januam
1489 5558 1686 5614 claudit
1723 5560 1928 5629 dicens,

413 5652 431 5677 δ
466 5645 578 5698 Alii.
601 5648 721 5698 tales
742 5648 918 5712 quippe
938 5653 1079 5701 eram
1096 5647 1379 5699 Judeorum
1399 5664 1571 5702 mores.

1160 206 1215 263 S.
1258 205 1536 263 JOANNIS
1570 205 2050 264 CHRYSOSTOMI
2088 209 2405 268 ARCHIEP.
2437 211 2964 277 CONS'MN’I'INOP.

3603 236 3708 295 260

2131 324 2233 390 Qui
2258 326 2517 381 dimissam
2545 329 2763 398 duxerit,
2796 336 3089 403 nmechatur,
3120 354 3336 397 uxorem
3365 346 3444 399 vel
3490 347 3706 408 invitam

2118 417 2362 483 pudicam
2394 421 2641 487 reddens,
2668 434 2721 478 et
2745 426 2810 479 ad
2832 428 2993 483 alium
3019 431 3187 487 virum
3213 436 3413 493 aditum
3438 442 3534 511 ipsi
3563 448 3705 504 clau-

2117 506 2269 572 dens,
2310 515 2749 580 necpermittens
2784 519 3069 575 simultatis
3110 540 3290 582 ausam
3328 506 3583 599 prasbcre.
3612 540 3703 597 illa

2116 612 2342 669 namque
2367 617 2486 657 cum
2512 606 2775 673 didicerit,
2806 626 3022 679 promus
3054 623 3411 678 necessarium
3441 642 3580 696 esse,
3612 645 3701 688 aut

2112 689 2283 745 virum
2314 694 2401 762 qui
2428 694 2527 749 sibi
2555 698 2623 751 ab
2647 700 2799 754 initio
2836 714 2982 759 sorte
3019 711 3310 778 contigerat
3342 714 3536 774 habere
3554 689 3578 783 ς’
3611 738 3699 779 aut

2110 780 2154 833 si
2177 796 2206 835 e
2232 782 2395 839 domo
2420 786 2506 841 illa
2536 792 2855 859 egrediatur,
2881 797 3079 851 nullum
3108 802 3207 855 sibi
3246 805 3387 861 aliud
3414 780 3697 880 superesse
3750 803 3764 812 ’

2109 871 2389 942 refugium,
2437 878 2516 932 vel
2545 880 2705 935 invita
2735 896 2955 955 cogetur
2986 891 3263 962 coniugem
3294 871 3497 956 amare-
3517 921 3693 962 suum.

2107 961 2162 1016 Si
2196 979 2322 1020 vero
2352 968 2480 1023 nihil
2507 971 2603 1040 ipsi
2630 972 2727 1029 bac
2755 975 2822 1030 de
2848 993 2905 1031 re
2930 961 3192 1050 loquatur,
3228 1002 3293 1041 ne
3320 992 3527 1047 mireris
3562 1013 3576 1047 :
3611 999 3691 1051 iu-

2104 1056 2305 1113 lirmior
2332 1063 2473 1116 enim
2518 1064 2709 1122 mulier
2732 1079 2833 1125 est.
2862 1071 3193 1144 Quapropter
3229 1080 3316 1137 illa
3344 1083 3582 1151 dimissa,
3614 1094 3691 1146 vi-

2102 1161 2193 1201 ros
2220 1152 2377 1205 minis
2408 1156 2656 1211 terrendo
2702 1160 2977 1216 mulierem
3010 1182 3219 1236 quoque
3248 1176 3513 1230 emendat.
3551 1178 3619 1235 Ut
3645 1184 3690 1237 si

2100 1241 2219 1311 quis
2249 1243 2413 1301 lilium
2446 1246 2648 1304 habens
2691 1251 2966 1319 lascivum,
3003 1258 3093 1313 illo
3119 1260 3359 1333 dimisso,
3391 1268 3495 1323 illis
3525 1271 3688 1329 inter-

2099 1331 2347 1400 minetur,
2379 1338 2469 1403 qui
2512 1339 2669 1394 talem
2703 1343 2875 1411 ipsum
2905 1345 3214 1416 ell'ecerunt,
3250 1331 3501 1426 vetetque
3527 1378 3595 1427 ne
3621 1365 3688 1419 il-

2097 1419 2204 1476 lum
2237 1426 2371 1479 ultra
2402 1428 2615 1496 adeant,
2645 1434 2727 1487 vel
2760 1439 3097 1493 conveniant.
3124 1442 3273 1509 Quod
3300 1446 3345 1499 si
3370 1448 3469 1503 hoc
3493 1424 3687 1509 onero-

2094 1525 2211 1566 sum
2240 1517 2503 1587 videatur,
2534 1522 2586 1576 in
2617 1536 2849 1580 mentem
2876 1544 3061 1595 revoca
3090 1533 3177 1587 illa
3208 1551 3327 1605 qua:
3355 1553 3513 1608 supra
3541 1545 3682 1601 dicta

2094 1618 2238 1673 sunt,
2283 1624 2401 1664 cum
2441 1612 2624 1669 beatos
2660 1618 2975 1685 praedicaret
3010 1623 3321 1692 audientes;
3366 1646 3585 1704 remque
3628 1648 3681 1693 et

2091 1699 2400 1769 possibilem
2429 1712 2482 1757 et
2512 1704 2716 1761 facilem
2761 1708 3018 1765 invenies.
3051 1713 3193 1769 Mitis
3216 1721 3377 1784 enim,
3408 1699 3677 1795 pacificus,

2090 1807 2290 1861 pauper
2310 1795 2517 1863 spiritu,
2546 1807 2601 1852 et
2627 1800 2949 1868 misericors,
2974 1808 3240 1873 quomodo
3272 1828 3487 1868 uxorem
3520 1834 3678 1886 repu-

2088 1881 2287 1937 diabit?
2312 1895 2365 1939 et
2407 1888 2493 1957 qui
2542 1888 2676 1944 alios
2702 1893 3029 1960 reconciliat,
3076 1912 3181 1966 quo
3213 1911 3366 1968 pacto
3403 1881 3678 1965 dissidebit

2086 1989 2205 2028 cum
2233 1977 2456 2046 conjuge
2482 1979 2609 2033 sua?
2636 1981 2748 2035 Non
2778 1983 2877 2038 hoc
2896 2000 3024 2040 vero
3052 1996 3271 2056 tantum,
3300 1995 3392 2049 sed
3414 1995 3518 2052 alio
3546 2016 3681 2070 quo-

2084 2081 2189 2136 que
2222 2069 2382 2123 modo
2408 2070 2577 2140 legem
2618 2071 2740 2127 fecit
2771 2075 2959 2131 levem.
2991 2077 3119 2133 Nam
3152 2082 3402 2154 relinquit
3426 2088 3474 2142 ei
3508 2069 3670 2146 unum

2085 2158 2291 2227 repudii
2324 2161 2558 2229 modum,
2591 2163 2792 2230 dicens,
2824 2166 3051 2238 Excepta
3084 2188 3238 2227 causa
3276 2175 3625 2244 fornicationis
3658 2210 3677 2253 ε

2079 2248 2343 2317 siquidem
2393 2250 2445 2305 in
2489 2253 2673 2308 eadem
2719 2266 2918 2324 perstat
2948 2258 3141 2319 decori
3169 2265 3394 2323 ratione.
3438 2270 3492 2325 Si
3524 2248 3699 2329 enim”

2074 2339 2325 2410 jussisset
2364 2359 2484 2399 cum
2526 2347 2765 2415 pluribus
2810 2350 3029 2406 mixtam
3079 2357 3341 2424 retinere,
3383 2377 3565 2417 rursus
3611 2368 3667 2420 in

2078 2432 2397 2489 adulterium
2443 2453 2528 2492 res
2571 2443 2997 2498 convertebatur.
3033 2445 3218 2501 Viden’
3241 2454 3507 2519 quomodo
3552 2456 3668 2512 h:ec

2076 2540 2198 2581 cum
2231 2530 2495 2597 prioribus
2519 2537 2849 2590 consonent?
2877 2537 2975 2604 Qui
3007 2540 3146 2593 enim
3180 2557 3403 2609 uxorem
3434 2547 3664 2604 a'ienam

2076 2617 2357 2689 impudicis
2413 2625 2585 2687 oculis
2622 2641 2727 2680 non
2757 2628 2993 2697 respicit,
3041 2647 3145 2686 non
3189 2631 3568 2701 fornicabitur;
3618 2643 3663 2696 si

2075 2727 2182 2766 non
2217 2712 2539 2782 lornicetur,
2578 2717 2693 2772 viro
2734 2721 3075 2789 repudianda:
3114 2727 3295 2781 uxoris
3328 2742 3438 2783 sua:
3475 2745 3662 2787 ansam

2074 2817 2182 2861 non
2211 2805 2486 2872 prtebebit.
2515 2809 2639 2864 ldeo
2663 2810 2828 2866 libere
2855 2815 3187 2886 constringit,
3218 2826 3274 2871 et
3302 2820 3544 2876 timorem
3575 2824 3665 2878 [ir-

2074 2905 2203 2961 mat,
2243 2912 2492 2967 magnum
2534 2901 2992 2973 viropericulum,
3036 2908 3080 2962 si
3116 2909 3320 2977 eiiciat.
3344 2894 3613 2970 intentans
3646 2936 3660 2971 :

2072 3003 2194 3041 nam
2225 2988 2587 3047 fornicationis
2614 2994 2756 3049 illius
2776 3010 2897 3052 sese
2925 3013 3074 3053 reum
3108 3003 3404 3058 constituit.
3440 3006 3653 3063 Etenim

2070 3095 2138 3135 ne
2164 3095 2285 3136 cum
2316 3084 2486 3153 audis,
2522 3086 2660 3141 Erue
2685 3089 2921 3155 oculum,
2947 3101 3097 3159 putes
3128 3093 3179 3147 id
3210 3096 3370 3151 etiam
3400 3098 3468 3153 de
3493 3115 3662 3157 uxore

2068 3169 2196 3238 dici,
2224 3183 2520 3242 opportune
2547 3176 2682 3233 hanc
2708 3180 3005 3237 cautionem
3041 3184 3241 3243 induxit
3275 3204 3286 3237 :
3322 3203 3427 3242 uno
3450 3199 3657 3245 tantum

2068 3261 2248 3329 modo,
2271 3279 2370 3319 nec
2394 3265 2500 3319 alio
2524 3268 2709 3335 quovis
2729 3270 3043 3338 permittens
3063 3272 3208 3327 illam
3239 3277 3540 3346 repudiare.
3565 3282 3658 3339 '55.

2066 3353 2263 3410 Iterum
2292 3358 2503 3412 audistis
2533 3361 2653 3430 quia
2685 3362 2874 3416 dictum
2898 3373 2969 3417 est
3001 3367 3218 3441 antiquis
3257 3384 3275 3421 :
3304 3368 3425 3424 Non
3456 3375 3657 3443 pejera-

2065 3445 2139 3500 bis
2168 3462 2187 3499 :
2215 3448 2391 3503 reddes
2412 3460 2577 3503 autem
2602 3449 2821 3506 Domino
2838 3440 3134 3522 juramenta
3157 3466 3263 3510 tua.
3301 3460 3389 3515 54,
3418 3440 3527 3533 Ego
3564 3481 3657 3517 au-

2066 3546 2162 3590 tem
2185 3538 2296 3591 dico
2324 3540 2477 3605 vobis,
2503 3557 2603 3594 non
2614 3544 2799 3611 jurare
2826 3547 3048 3599 omnino.
3081 3548 3189 3603 Cur
3215 3565 3319 3604 noa
3348 3555 3525 3608 Statim
3558 3572 3653 3613 ve-

2056 3627 2142 3689 nit
2178 3627 2244 3683 ad
2270 3627 2488 3703 furtum,
2534 3633 2626 3687 sed
2665 3634 2730 3689 ad
2776 3635 2960 3690 falsum
3010 3640 3389 3710 testimonium,
3423 3646 3655 3719 illudque

2062 3721 2366 3775 mandatum
2384 3724 2710 3792 praiterivit?
2729 3726 2989 3793 Quoniam
3013 3732 3103 3799 qui
3118 3730 3345 3800 furatur,
3368 3738 3654 3807 aliquando

2053 3809 2232 3879 jurat;
2283 3813 2373 3882 qui
2425 3828 2553 3869 vero
2600 3830 2771 3885 neque
2808 3817 2991 3887 jurare
3030 3836 3202 3891 neque
3240 3828 3453 3883 mentiri
3483 3832 3649 3899 novit,

2059 3902 2226 3957 multo
2266 3903 2431 3973 magis
2461 3919 2491 3957 a
2524 3903 2661 3959 furto
2686 3907 2994 3966 abstinebit.
3027 3912 3209 3982 Itaque
3237 3931 3333 3986 per
3360 3917 3460 3974 hoc
3488 3922 3645 3977 etiam

2059 3991 2187 4046 illud
2218 3998 2699 4061 pcccatumevertit
2727 4017 2740 4052 :
2770 4015 2889 4055 nam
2914 4005 3243 4061 mendacium
3272 4026 3337 4063 ex
3366 4012 3505 4068 l'urto
3532 4016 3647 4069 ori-

2059 4092 2162 4137 tur.
2193 4084 2327 4151 Quid
2355 4094 2532 4141 autem
2562 4097 2675 4151 est.
2710 4088 2912 4144 Reddes
2954 4092 3174 4150 Domino
3194 4099 3486 4167 juramenta
3520 4106 3647 4158 tua?

2055 4173 2111 4228 Id
2135 4186 2236 4239 est,
2266 4176 2460 4231 Jurans
2487 4192 2669 4235 verum
2698 4180 2862 4236 dices.
2895 4181 3006 4252 Ego
3034 4196 3199 4241 autem
3220 4190 3333 4243 dico
3360 4193 3516 4259 vobis,
3542 4212 3641 4263 non

2044 4266 2225 4334 jurare
2251 4269 2477 4323 omnino.

2123 4358 2233 4414 5~6.
2257 4358 2720 4432 Deindeutmagis
2751 4363 3025 4434 magisque
3052 4378 3261 4439 avertat
3303 4386 3417 4439 eos,
3450 4390 3517 4435 ne
3548 4392 3644 4445 per

2054 4449 2217 4505 Deum
2250 4450 2451 4517 jurent,
2484 4454 2574 4512 ait,
2618 4452 2796 4523 Neque
2822 4471 2910 4525 per
2935 4457 3134 4524 etclam,
3165 4461 3283 4528 quia
3308 4463 3519 4525 thronus
3546 4465 3642 4520 Dti

2051 4549 2123 4594 est
2155 4556 2174 4594 :
2213 4541 2299 4597 55.
2349 4558 2505 4611 neque
2527 4559 2615 4613 per
2650 4553 2854 4610 terram,
2886 4548 3006 4617 quia
3047 4552 3320 4606 scabeltum
3355 4567 3427 4607 est
3456 4557 3640 4625 pedum

2050 4634 2193 4703 ejus;
2221 4649 2378 4703 neque
2407 4650 2493 4701 per
2518 4632 2818 4701 Jerusalem,
2848 4639 2967 4706 quia
2990 4640 3164 4693 civitas
3190 4651 3259 4697 est
3287 4647 3458 4716 magni
3488 4649 3637 4718 regis.

2047 4724 2126 4778 Ex
2156 4724 2427 4792 prophetis
2455 4724 2628 4779 adhuc
2655 4726 2906 4797 loquitur,
2936 4738 2989 4784 et
3014 4732 3245 4786 ostendit
3270 4749 3328 4789 se
3368 4751 3474 4790 non
3502 4740 3640 4793 anti-

2047 4818 2166 4886 quis
2186 4817 2488 4885 adversari;
2521 4834 2640 4873 nam
2664 4820 2715 4874 iu
2746 4836 2897 4878 more
2924 4824 3029 4879 illis
3054 4835 3169 4881 erat
3198 4843 3295 4897 per
3344 4830 3461 4887 haec
3484 4834 3632 4902 jura-

2047 4927 2126 4976 re,
2150 4919 2203 4965 et
2223 4912 2274 4966 in
2297 4912 2401 4966 line
2421 4912 2575 4981 hujus
2595 4912 2866 4983 Evangelii
2893 4916 3031 4973 hunc
3048 4917 3211 4975 fuisse
3233 4937 3435 4980 morem
3452 4935 3634 4981 osten-

2045 5001 2141 5056 dit.
2165 5001 2245 5057 Tu
2281 5016 2412 5057 vero
2454 5002 2586 5056 mihi
2625 5004 2904 5060 considera
2934 5008 3072 5062 unde
3102 5012 3322 5067 extollat
3348 5014 3633 5073 elementa.

2044 5088 2158 5145 Non
2184 5106 2252 5146 ex
2280 5092 2489 5160 propria
2520 5100 2733 5159 natura;
2762 5096 2856 5150 sed
2888 5113 2953 5151 ex
2979 5098 3071 5153 Dei
3101 5114 3225 5171 erga
3255 5104 3519 5159 elementa
3548 5110 3630 5162 ai-

2039 5179 2184 5237 fectu
2213 5178 2445 5237 demisse
2471 5191 2523 5236 et
2543 5183 2838 5240 secundum
2862 5198 3076 5260 captum
3097 5202 3337 5248 nostrum
3353 5211 3624 5263 expresso.

2036 5274 2170 5343 Quia
2189 5273 2339 5332 enim,
2353 5273 2517 5328 multa
2539 5282 2655 5329 erat
2674 5275 2985 5335 idololatria:
3008 5284 3267 5352 tyrannis,
3291 5301 3358 5340 ne
3380 5288 3631 5344 videren-

2037 5375 2123 5422 tur
2148 5369 2415 5422 elemenla
2440 5381 2507 5420 ex
2535 5380 2594 5422 se
2621 5366 2930 5427 honoranda
2960 5387 3103 5440 esse,
3129 5377 3263 5431 hanc
3293 5393 3452 5447 quam
3487 5380 3628 5434 dixi-

2035 5474 2154 5513 mus
2180 5473 2395 5515 causam
2424 5458 2617 5527 posuit,
2652 5475 2942 5532 rursusque
2970 5464 3036 5520 ad
3064 5465 3157 5521 Dei
3179 5468 3403 5537 gloriam
3452 5480 3628 5525 trans-

2037 5552 2148 5607 ivit.
2175 5551 2356 5620 Neque
2400 5549 2543 5606 enim
2588 5551 2738 5617 dixit,
2772 5552 2901 5621 Quia
2948 5556 3225 5623 pulchrum
3271 5575 3628 5631 magnumque

2034 5645 2223 5702 caelum
2256 5651 2359 5709 est,
2408 5655 2602 5714 neque,
2633 5642 2767 5709 Quia
2797 5645 2937 5700 utilis
2980 5656 3156 5715 terra;
3203 5649 3320 5717 sed,
3348 5649 3480 5716 Quia
3532 5644 3627 5699 Dei
