  <div class='ocr_page' id='page_1' title='image "/cluster/home/n/w/nwhite01/storage/ocr_20150623/57/mdp.39015008622600/189.png"; bbox 0 0 4076 6150; ppageno 0'>
   <div class='ocr_carea' id='block_1_1' title="bbox 434 267 532 326">
    <p class='ocr_par' dir='ltr' id='par_1_1' title="bbox 434 267 532 326">
     <span class='ocr_line' id='line_1_1' title="bbox 434 267 532 326; baseline 0 0"><span class='ocrx_word' id='word_1_1' title='bbox 434 267 532 326; x_wconf 73' lang='grc' dir='ltr'>ε’πί</span> 
     </span>
    </p>
   </div>
   <div class='ocr_carea' id='block_1_2' title="bbox 448 384 2041 457">
    <p class='ocr_par' dir='ltr' id='par_1_2' title="bbox 448 384 2041 457">
     <span class='ocr_line' id='line_1_2' title="bbox 448 384 2041 457; baseline -0.006 -11"><span class='ocrx_word' id='word_1_2' title='bbox 448 393 588 446; x_wconf 65' lang='grc' dir='ltr'>κατὰ</span> <span class='ocrx_word' id='word_1_3' title='bbox 619 390 716 453; x_wconf 77' lang='grc' dir='ltr'>τῆς</span> <span class='ocrx_word' id='word_1_4' title='bbox 747 387 989 455; x_wconf 83' lang='grc' dir='ltr'>κεφαλῆς</span> <span class='ocrx_word' id='word_1_5' title='bbox 1036 385 1287 457; x_wconf 71' lang='grc' dir='ltr'>ὀμνύναιυ</span> <span class='ocrx_word' id='word_1_6' title='bbox 1344 387 1438 439; x_wconf 76' lang='grc' dir='ltr'>καὶ</span> <span class='ocrx_word' id='word_1_7' title='bbox 1485 385 1594 455; x_wconf 79' lang='grc' dir='ltr'>γάρ</span> <span class='ocrx_word' id='word_1_8' title='bbox 1636 384 1702 438; x_wconf 85' lang='grc' dir='ltr'>ἂν</span> <span class='ocrx_word' id='word_1_9' title='bbox 1746 385 1840 437; x_wconf 76' lang='grc' dir='ltr'>καὶ</span> <span class='ocrx_word' id='word_1_10' title='bbox 1880 384 2041 447; x_wconf 77' lang='grc' dir='ltr'>αὐτὸς</span> 
     </span>
    </p>
   </div>
   <div class='ocr_carea' id='block_1_3' title="bbox 450 467 2039 546">
    <p class='ocr_par' dir='ltr' id='par_1_3' title="bbox 450 467 2039 546">
     <span class='ocr_line' id='line_1_3' title="bbox 450 467 2039 546; baseline -0.006 -18"><span class='ocrx_word' id='word_1_11' title='bbox 450 472 857 546; x_wconf 82' lang='grc' dir='ltr'>προσεκυνήθη·</span> <span class='ocrx_word' id='word_1_12' title='bbox 891 470 1028 524; x_wconf 88' lang='grc' dir='ltr'>ἀλλά</span> <span class='ocrx_word' id='word_1_13' title='bbox 1054 471 1155 540; x_wconf 83' lang='grc' dir='ltr'>τὴν</span> <span class='ocrx_word' id='word_1_14' title='bbox 1188 470 1344 534; x_wconf 83' lang='grc' dir='ltr'>δόξαν</span> <span class='ocrx_word' id='word_1_15' title='bbox 1373 470 1465 523; x_wconf 72' lang='grc' dir='ltr'>ἐπὶ</span> <span class='ocrx_word' id='word_1_16' title='bbox 1493 469 1585 521; x_wconf 80' lang='grc' dir='ltr'>τὸν</span> <span class='ocrx_word' id='word_1_17' title='bbox 1626 468 1760 521; x_wconf 76' lang='grc' dir='ltr'>Θεὸν</span> <span class='ocrx_word' id='word_1_18' title='bbox 1801 467 2039 536; x_wconf 77' lang='grc' dir='ltr'>ἀνάγων,</span> 
     </span>
    </p>
   </div>
   <div class='ocr_carea' id='block_1_4' title="bbox 453 549 2041 623">
    <p class='ocr_par' dir='ltr' id='par_1_4' title="bbox 453 549 2041 623">
     <span class='ocr_line' id='line_1_4' title="bbox 453 549 2041 623; baseline -0.006 -11"><span class='ocrx_word' id='word_1_19' title='bbox 453 559 548 612; x_wconf 70' lang='grc' dir='ltr'>καὶ</span> <span class='ocrx_word' id='word_1_20' title='bbox 583 556 798 619; x_wconf 77' lang='grc' dir='ltr'>δεικνὺς</span> <span class='ocrx_word' id='word_1_21' title='bbox 829 555 911 608; x_wconf 85' lang='grc' dir='ltr'>δτι</span> <span class='ocrx_word' id='word_1_22' title='bbox 941 554 1060 607; x_wconf 85' lang='grc' dir='ltr'>οὐδέ</span> <span class='ocrx_word' id='word_1_23' title='bbox 1091 553 1287 607; x_wconf 97' lang='grc' dir='ltr'>σαυτοῦ</span> <span class='ocrx_word' id='word_1_24' title='bbox 1328 549 1380 605; x_wconf 81' lang='grc' dir='ltr'>εἴ</span> <span class='ocrx_word' id='word_1_25' title='bbox 1425 552 1637 623; x_wconf 85' lang='grc' dir='ltr'>κύριος.</span> <span class='ocrx_word' id='word_1_26' title='bbox 1690 549 1886 605; x_wconf 86' lang='grc' dir='ltr'>οὐκοῦν</span> <span class='ocrx_word' id='word_1_27' title='bbox 1920 550 2041 603; x_wconf 84' lang='grc' dir='ltr'>ούδέ</span> 
     </span>
    </p>
   </div>
   <div class='ocr_carea' id='block_1_5' title="bbox 449 633 2043 708">
    <p class='ocr_par' dir='ltr' id='par_1_5' title="bbox 449 633 2043 708">
     <span class='ocr_line' id='line_1_5' title="bbox 449 633 2043 708; baseline -0.006 -14"><span class='ocrx_word' id='word_1_28' title='bbox 449 640 560 694; x_wconf 84' lang='grc' dir='ltr'>τῶν</span> <span class='ocrx_word' id='word_1_29' title='bbox 590 639 731 693; x_wconf 79' lang='grc' dir='ltr'>κατὰ</span> <span class='ocrx_word' id='word_1_30' title='bbox 758 638 858 706; x_wconf 88' lang='grc' dir='ltr'>τῆς</span> <span class='ocrx_word' id='word_1_31' title='bbox 882 637 1122 707; x_wconf 79' lang='grc' dir='ltr'>κεφαλῆς</span> <span class='ocrx_word' id='word_1_32' title='bbox 1155 638 1350 708; x_wconf 84' lang='grc' dir='ltr'>ὅρκων.</span> <span class='ocrx_word' id='word_1_33' title='bbox 1383 636 1442 688; x_wconf 86' lang='grc' dir='ltr'><strong>Εἰ</strong></span> <span class='ocrx_word' id='word_1_34' title='bbox 1467 636 1577 707; x_wconf 77' lang='grc' dir='ltr'>γάρ</span> <span class='ocrx_word' id='word_1_35' title='bbox 1615 635 1676 688; x_wconf 76' lang='grc' dir='ltr'>τὸ</span> <span class='ocrx_word' id='word_1_36' title='bbox 1707 633 1920 688; x_wconf 76' lang='grc' dir='ltr'>παιδίον</span> <span class='ocrx_word' id='word_1_37' title='bbox 1944 635 2043 686; x_wconf 86' lang='grc' dir='ltr'>οὐκ</span> 
     </span>
    </p>
   </div>
   <div class='ocr_carea' id='block_1_6' title="bbox 455 717 2044 791">
    <p class='ocr_par' dir='ltr' id='par_1_6' title="bbox 455 717 2044 791">
     <span class='ocr_line' id='line_1_6' title="bbox 455 717 2044 791; baseline -0.006 -12"><span class='ocrx_word' id='word_1_38' title='bbox 455 726 522 779; x_wconf 75' lang='grc' dir='ltr'>ἄν</span> <span class='ocrx_word' id='word_1_39' title='bbox 554 740 637 785; x_wconf 88' lang='grc' dir='ltr'>τις</span> <span class='ocrx_word' id='word_1_40' title='bbox 666 722 782 791; x_wconf 85' lang='grc' dir='ltr'>δοίη</span> <span class='ocrx_word' id='word_1_41' title='bbox 813 721 872 774; x_wconf 81' lang='grc' dir='ltr'>τὸ</span> <span class='ocrx_word' id='word_1_42' title='bbox 900 720 1090 773; x_wconf 85' lang='grc' dir='ltr'>ἐαυτοῦ</span> <span class='ocrx_word' id='word_1_43' title='bbox 1138 720 1330 790; x_wconf 81' lang='grc' dir='ltr'>ἑτέρῳ,</span> <span class='ocrx_word' id='word_1_44' title='bbox 1374 718 1556 788; x_wconf 82' lang='grc' dir='ltr'>πολλῷ</span> <span class='ocrx_word' id='word_1_45' title='bbox 1605 718 1804 789; x_wconf 80' lang='grc' dir='ltr'>μᾶλλον</span> <span class='ocrx_word' id='word_1_46' title='bbox 1840 717 1868 767; x_wconf 84' lang='lat'>6</span> <span class='ocrx_word' id='word_1_47' title='bbox 1914 717 2044 780; x_wconf 73' lang='grc' dir='ltr'>Θεὸς</span> 
     </span>
    </p>
   </div>
   <div class='ocr_carea' id='block_1_7' title="bbox 453 796 2044 876">
    <p class='ocr_par' dir='ltr' id='par_1_7' title="bbox 453 796 2044 876">
     <span class='ocr_line' id='line_1_7' title="bbox 453 796 2044 876; baseline -0.004 -18"><span class='ocrx_word' id='word_1_48' title='bbox 453 806 514 858; x_wconf 84' lang='grc' dir='ltr'>τὸ</span> <span class='ocrx_word' id='word_1_49' title='bbox 540 806 697 876; x_wconf 77' lang='grc' dir='ltr'>ἔργον</span> <span class='ocrx_word' id='word_1_50' title='bbox 723 805 784 856; x_wconf 88' lang='grc' dir='ltr'>τὸ</span> <span class='ocrx_word' id='word_1_51' title='bbox 805 803 1000 856; x_wconf 87' lang='grc' dir='ltr'>ἐαυτοῦ</span> <span class='ocrx_word' id='word_1_52' title='bbox 1029 803 1088 854; x_wconf 89' lang='grc' dir='ltr'>οὐ</span> <span class='ocrx_word' id='word_1_53' title='bbox 1129 796 1428 873; x_wconf 79' lang='grc' dir='ltr'>προήσεταί</span> <span class='ocrx_word' id='word_1_54' title='bbox 1459 819 1563 855; x_wconf 90' lang='grc' dir='ltr'>σοι.</span> <span class='ocrx_word' id='word_1_55' title='bbox 1595 802 1660 854; x_wconf 88' lang='grc' dir='ltr'>Εἰ</span> <span class='ocrx_word' id='word_1_56' title='bbox 1689 801 1798 872; x_wconf 83' lang='grc' dir='ltr'>γὰρ</span> <span class='ocrx_word' id='word_1_57' title='bbox 1839 802 1931 854; x_wconf 80' lang='grc' dir='ltr'>καὶ</span> <span class='ocrx_word' id='word_1_58' title='bbox 1977 801 2044 870; x_wconf 82' lang='grc' dir='ltr'>σὴ</span> 
     </span>
    </p>
   </div>
   <div class='ocr_carea' id='block_1_8' title="bbox 456 884 2047 960">
    <p class='ocr_par' dir='ltr' id='par_1_8' title="bbox 456 884 2047 960">
     <span class='ocr_line' id='line_1_8' title="bbox 456 884 2047 960; baseline -0.004 -18"><span class='ocrx_word' id='word_1_59' title='bbox 456 893 489 960; x_wconf 84' lang='grc' dir='ltr'>ή</span> <span class='ocrx_word' id='word_1_60' title='bbox 525 887 757 959; x_wconf 80' lang='grc' dir='ltr'>κεφαλὴ,</span> <span class='ocrx_word' id='word_1_61' title='bbox 785 887 902 941; x_wconf 78' lang='grc' dir='ltr'>ἀλλ’</span> <span class='ocrx_word' id='word_1_62' title='bbox 934 885 1118 956; x_wconf 80' lang='grc' dir='ltr'>ἐτέρου</span> <span class='ocrx_word' id='word_1_63' title='bbox 1160 885 1221 937; x_wconf 77' lang='grc' dir='ltr'>τὸ</span> <span class='ocrx_word' id='word_1_64' title='bbox 1253 885 1464 956; x_wconf 77' lang='grc' dir='ltr'>κτῆμα⁸</span> <span class='ocrx_word' id='word_1_65' title='bbox 1505 886 1600 938; x_wconf 73' lang='grc' dir='ltr'>καὶ</span> <span class='ocrx_word' id='word_1_66' title='bbox 1635 884 1888 937; x_wconf 89' lang='grc' dir='ltr'>τοσοῦτον</span> <span class='ocrx_word' id='word_1_67' title='bbox 1938 884 2047 953; x_wconf 89' lang='grc' dir='ltr'>ἀφ-</span> 
     </span>
    </p>
   </div>
   <div class='ocr_carea' id='block_1_9' title="bbox 457 965 2048 1043">
    <p class='ocr_par' dir='ltr' id='par_1_9' title="bbox 457 965 2048 1043">
     <span class='ocr_line' id='line_1_9' title="bbox 457 965 2048 1043; baseline -0.004 -17"><span class='ocrx_word' id='word_1_68' title='bbox 457 976 694 1043; x_wconf 76' lang='grc' dir='ltr'>έστηκας</span> <span class='ocrx_word' id='word_1_69' title='bbox 724 970 819 1024; x_wconf 87' lang='grc' dir='ltr'>τοῦ</span> <span class='ocrx_word' id='word_1_70' title='bbox 852 969 1039 1040; x_wconf 76' lang='grc' dir='ltr'>κύριος</span> <span class='ocrx_word' id='word_1_71' title='bbox 1075 965 1236 1030; x_wconf 78' lang='grc' dir='ltr'>εἶναι,</span> <span class='ocrx_word' id='word_1_72' title='bbox 1267 969 1347 1022; x_wconf 86' lang='grc' dir='ltr'>δτι</span> <span class='ocrx_word' id='word_1_73' title='bbox 1383 967 1506 1022; x_wconf 85' lang='grc' dir='ltr'>οὐδέ</span> <span class='ocrx_word' id='word_1_74' title='bbox 1539 968 1600 1022; x_wconf 80' lang='grc' dir='ltr'>τὸ</span> <span class='ocrx_word' id='word_1_75' title='bbox 1641 968 1859 1021; x_wconf 85' lang='grc' dir='ltr'>πάντων</span> <span class='ocrx_word' id='word_1_76' title='bbox 1887 967 2048 1038; x_wconf 81' lang='grc' dir='ltr'>ἔσχα-</span> 
     </span>
    </p>
   </div>
   <div class='ocr_carea' id='block_1_10' title="bbox 451 1046 2047 1126">
    <p class='ocr_par' dir='ltr' id='par_1_10' title="bbox 451 1046 2047 1126">
     <span class='ocr_line' id='line_1_10' title="bbox 451 1046 2047 1126; baseline -0.004 -18"><span class='ocrx_word' id='word_1_77' title='bbox 451 1071 545 1108; x_wconf 85' lang='grc' dir='ltr'>τον</span> <span class='ocrx_word' id='word_1_78' title='bbox 574 1053 915 1126; x_wconf 84' lang='grc' dir='ltr'>ἐργάσασθαι</span> <span class='ocrx_word' id='word_1_79' title='bbox 955 1053 1012 1103; x_wconf 90' lang='grc' dir='ltr'>ἐν</span> <span class='ocrx_word' id='word_1_80' title='bbox 1055 1052 1193 1122; x_wconf 87' lang='grc' dir='ltr'>αὐτῇ</span> <span class='ocrx_word' id='word_1_81' title='bbox 1248 1051 1475 1122; x_wconf 76' lang='grc' dir='ltr'>δυνήσῃ.</span> <span class='ocrx_word' id='word_1_82' title='bbox 1513 1053 1587 1104; x_wconf 88' lang='grc' dir='ltr'>Οὐ</span> <span class='ocrx_word' id='word_1_83' title='bbox 1617 1052 1727 1122; x_wconf 84' lang='grc' dir='ltr'>γὰρ</span> <span class='ocrx_word' id='word_1_84' title='bbox 1765 1046 1941 1112; x_wconf 77' lang='grc' dir='ltr'>εἶπεν,</span> <span class='ocrx_word' id='word_1_85' title='bbox 1971 1051 2047 1103; x_wconf 86' lang='grc' dir='ltr'>Οὐ</span> 
     </span>
    </p>
   </div>
   <div class='ocr_carea' id='block_1_11' title="bbox 453 1133 2048 1206">
    <p class='ocr_par' dir='ltr' id='par_1_11' title="bbox 453 1133 2048 1206">
     <span class='ocr_line' id='line_1_11' title="bbox 453 1133 2048 1206; baseline -0.005 -13"><span class='ocrx_word' id='word_1_86' title='bbox 453 1140 680 1194; x_wconf 77' lang='grc' dir='ltr'>δύνασαι</span> <span class='ocrx_word' id='word_1_87' title='bbox 709 1137 1011 1203; x_wconf 77' lang='grc' dir='ltr'>ἐξενεγκεῖν</span> <span class='ocrx_word' id='word_1_88' title='bbox 1046 1135 1228 1206; x_wconf 81' lang='grc' dir='ltr'>τρίχα·</span> <span class='ocrx_word' id='word_1_89' title='bbox 1278 1133 1416 1198; x_wconf 81' lang='grc' dir='ltr'>ἀλλ’,</span> <span class='ocrx_word' id='word_1_90' title='bbox 1449 1134 1581 1188; x_wconf 78' lang='grc' dir='ltr'>οὐδέ</span> <span class='ocrx_word' id='word_1_91' title='bbox 1621 1133 1846 1198; x_wconf 83' lang='grc' dir='ltr'>ἀλλάξαι</span> <span class='ocrx_word' id='word_1_92' title='bbox 1877 1133 2048 1200; x_wconf 85' lang='grc' dir='ltr'>αὐτῆς</span> 
     </span>
    </p>
   </div>
   <div class='ocr_carea' id='block_1_12' title="bbox 454 1216 2045 1292">
    <p class='ocr_par' dir='ltr' id='par_1_12' title="bbox 454 1216 2045 1292">
     <span class='ocr_line' id='line_1_12' title="bbox 454 1216 2045 1292; baseline -0.005 -15"><span class='ocrx_word' id='word_1_93' title='bbox 454 1224 553 1292; x_wconf 83' lang='grc' dir='ltr'>τὴν</span> <span class='ocrx_word' id='word_1_94' title='bbox 587 1221 866 1291; x_wconf 87' lang='grc' dir='ltr'>ποιότητα.</span> <span class='ocrx_word' id='word_1_95' title='bbox 927 1219 991 1272; x_wconf 90' lang='grc' dir='ltr'>Τί</span> <span class='ocrx_word' id='word_1_96' title='bbox 1038 1216 1152 1282; x_wconf 81' lang='grc' dir='ltr'>οὖν,</span> <span class='ocrx_word' id='word_1_97' title='bbox 1183 1217 1250 1271; x_wconf 83' lang='grc' dir='ltr'>ἀν</span> <span class='ocrx_word' id='word_1_98' title='bbox 1279 1220 1484 1290; x_wconf 83' lang='grc' dir='ltr'>ἀπαιτῇ</span> <span class='ocrx_word' id='word_1_99' title='bbox 1535 1235 1619 1281; x_wconf 90' lang='grc' dir='ltr'>τις</span> <span class='ocrx_word' id='word_1_100' title='bbox 1653 1219 1838 1288; x_wconf 84' lang='grc' dir='ltr'>ὅρκον,</span> <span class='ocrx_word' id='word_1_101' title='bbox 1892 1219 2045 1288; x_wconf 70' lang='grc' dir='ltr'>φησι,</span> 
     </span>
    </p>
   </div>
   <div class='ocr_carea' id='block_1_13' title="bbox 456 1301 2049 1375">
    <p class='ocr_par' dir='ltr' id='par_1_13' title="bbox 456 1301 2049 1375">
     <span class='ocr_line' id='line_1_13' title="bbox 456 1301 2049 1375; baseline -0.003 -17"><span class='ocrx_word' id='word_1_102' title='bbox 456 1307 550 1359; x_wconf 74' lang='grc' dir='ltr'>καὶ</span> <span class='ocrx_word' id='word_1_103' title='bbox 575 1305 822 1373; x_wconf 83' lang='grc' dir='ltr'>ἀνάγκην</span> <span class='ocrx_word' id='word_1_104' title='bbox 853 1303 1067 1375; x_wconf 77' lang='grc' dir='ltr'>ἐπάγῃς</span> <span class='ocrx_word' id='word_1_105' title='bbox 1098 1304 1157 1354; x_wconf 87' lang='lat'>&#39;0</span> <span class='ocrx_word' id='word_1_106' title='bbox 1188 1302 1282 1355; x_wconf 89' lang='grc' dir='ltr'>τοῦ</span> <span class='ocrx_word' id='word_1_107' title='bbox 1306 1303 1441 1355; x_wconf 88' lang='grc' dir='ltr'>Θεοῦ</span> <span class='ocrx_word' id='word_1_108' title='bbox 1479 1302 1643 1372; x_wconf 90' lang='grc' dir='ltr'>φόϐος</span> <span class='ocrx_word' id='word_1_109' title='bbox 1671 1302 1770 1372; x_wconf 89' lang='grc' dir='ltr'>τῆς</span> <span class='ocrx_word' id='word_1_110' title='bbox 1801 1301 2049 1370; x_wconf 77' lang='grc' dir='ltr'>ἀνάγκης</span> 
     </span>
    </p>
   </div>
   <div class='ocr_carea' id='block_1_14' title="bbox 455 1383 2052 1458">
    <p class='ocr_par' dir='ltr' id='par_1_14' title="bbox 455 1383 2052 1458">
     <span class='ocr_line' id='line_1_14' title="bbox 455 1383 2052 1458; baseline -0.003 -17"><span class='ocrx_word' id='word_1_111' title='bbox 455 1389 596 1442; x_wconf 77' lang='grc' dir='ltr'>ιστω</span> <span class='ocrx_word' id='word_1_112' title='bbox 621 1387 1008 1458; x_wconf 85' lang='grc' dir='ltr'>δυνατώτερος.</span> <span class='ocrx_word' id='word_1_113' title='bbox 1048 1385 1200 1438; x_wconf 80' lang='grc' dir='ltr'>Ἐπεὶ</span> <span class='ocrx_word' id='word_1_114' title='bbox 1227 1387 1276 1438; x_wconf 92' lang='grc' dir='ltr'>εἰ</span> <span class='ocrx_word' id='word_1_115' title='bbox 1301 1387 1515 1456; x_wconf 80' lang='grc' dir='ltr'>μέλλοις</span> <span class='ocrx_word' id='word_1_116' title='bbox 1539 1385 1794 1449; x_wconf 80' lang='grc' dir='ltr'>τοιαύτας</span> <span class='ocrx_word' id='word_1_117' title='bbox 1815 1383 2052 1456; x_wconf 82' lang='grc' dir='ltr'>προϐάλ-</span> 
     </span>
    </p>
   </div>
   <div class='ocr_carea' id='block_1_15' title="bbox 454 1470 2046 1543">
    <p class='ocr_par' dir='ltr' id='par_1_15' title="bbox 454 1470 2046 1543">
     <span class='ocr_line' id='line_1_15' title="bbox 454 1470 2046 1543; baseline -0.001 -18"><span class='ocrx_word' id='word_1_118' title='bbox 454 1474 642 1525; x_wconf 87' lang='grc' dir='ltr'>λεσθαι</span> <span class='ocrx_word' id='word_1_119' title='bbox 672 1471 1001 1543; x_wconf 78' lang='grc' dir='ltr'>προφάσεις,</span> <span class='ocrx_word' id='word_1_120' title='bbox 1023 1470 1174 1522; x_wconf 80' lang='grc' dir='ltr'>οὐδὲν</span> <span class='ocrx_word' id='word_1_121' title='bbox 1201 1470 1456 1538; x_wconf 80' lang='grc' dir='ltr'>φυλάξεις</span> <span class='ocrx_word' id='word_1_122' title='bbox 1484 1471 1592 1523; x_wconf 83' lang='grc' dir='ltr'>τῶν</span> <span class='ocrx_word' id='word_1_123' title='bbox 1626 1470 2046 1541; x_wconf 89' lang='grc' dir='ltr'>ἐπιταχθέντων.</span> 
     </span>
    </p>
   </div>
   <div class='ocr_carea' id='block_1_16' title="bbox 457 1549 2050 1628">
    <p class='ocr_par' dir='ltr' id='par_1_16' title="bbox 457 1549 2050 1628">
     <span class='ocr_line' id='line_1_16' title="bbox 457 1549 2050 1628; baseline -0.002 -19"><span class='ocrx_word' id='word_1_124' title='bbox 457 1557 571 1609; x_wconf 74' lang='grc' dir='ltr'>Καὶ</span> <span class='ocrx_word' id='word_1_125' title='bbox 600 1556 710 1628; x_wconf 76' lang='grc' dir='ltr'>γάρ</span> <span class='ocrx_word' id='word_1_126' title='bbox 746 1554 840 1608; x_wconf 77' lang='grc' dir='ltr'>καὶ</span> <span class='ocrx_word' id='word_1_127' title='bbox 885 1555 976 1606; x_wconf 72' lang='grc' dir='ltr'>ἐπὶ</span> <span class='ocrx_word' id='word_1_128' title='bbox 1005 1553 1106 1624; x_wconf 91' lang='grc' dir='ltr'>τῆς</span> <span class='ocrx_word' id='word_1_129' title='bbox 1149 1554 1406 1622; x_wconf 77' lang='grc' dir='ltr'>γυναικὸς</span> <span class='ocrx_word' id='word_1_130' title='bbox 1459 1555 1604 1624; x_wconf 85' lang='grc' dir='ltr'>ἐρεῖς</span> <span class='ocrx_word' id='word_1_131' title='bbox 1630 1570 1644 1582; x_wconf 80' lang='lat'>&#39;</span> <span class='ocrx_word' id='word_1_132' title='bbox 1683 1552 1749 1605; x_wconf 88' lang='grc' dir='ltr'>Τί</span> <span class='ocrx_word' id='word_1_133' title='bbox 1790 1549 1904 1618; x_wconf 83' lang='grc' dir='ltr'>οὐν,</span> <span class='ocrx_word' id='word_1_134' title='bbox 1956 1552 2050 1606; x_wconf 83' lang='grc' dir='ltr'>ἐὰν</span> 
     </span>
    </p>
   </div>
   <div class='ocr_carea' id='block_1_17' title="bbox 462 1634 2047 1712">
    <p class='ocr_par' dir='ltr' id='par_1_17' title="bbox 462 1634 2047 1712">
     <span class='ocr_line' id='line_1_17' title="bbox 462 1634 2047 1712; baseline -0.002 -19"><span class='ocrx_word' id='word_1_135' title='bbox 462 1640 701 1711; x_wconf 78' lang='grc' dir='ltr'>μάχιμος</span> <span class='ocrx_word' id='word_1_136' title='bbox 793 1638 888 1691; x_wconf 75' lang='grc' dir='ltr'>καί¹</span> <span class='ocrx_word' id='word_1_137' title='bbox 917 1637 1237 1708; x_wconf 82' lang='grc' dir='ltr'>δαπανηρά;</span> <span class='ocrx_word' id='word_1_138' title='bbox 1263 1637 1373 1691; x_wconf 78' lang='lat' dir='ltr'>Kal</span> <span class='ocrx_word' id='word_1_139' title='bbox 1402 1637 1495 1690; x_wconf 73' lang='grc' dir='ltr'>ἐπὶ</span> <span class='ocrx_word' id='word_1_140' title='bbox 1521 1636 1614 1690; x_wconf 91' lang='grc' dir='ltr'>τοῦ</span> <span class='ocrx_word' id='word_1_141' title='bbox 1646 1635 1927 1707; x_wconf 81' lang='grc' dir='ltr'>ὀφθαλμοῦ</span> <span class='ocrx_word' id='word_1_142' title='bbox 1953 1637 2047 1690; x_wconf 90' lang='grc' dir='ltr'>τοῦ</span> 
     </span>
    </p>
   </div>
   <div class='ocr_carea' id='block_1_18' title="bbox 457 1717 2047 1790">
    <p class='ocr_par' dir='ltr' id='par_1_18' title="bbox 457 1717 2047 1790">
     <span class='ocr_line' id='line_1_18' title="bbox 457 1717 2047 1790; baseline -0.003 -14"><span class='ocrx_word' id='word_1_143' title='bbox 457 1722 655 1789; x_wconf 79' lang='grc' dir='ltr'>δεξιοῦ·</span> <span class='ocrx_word' id='word_1_144' title='bbox 689 1721 753 1774; x_wconf 90' lang='grc' dir='ltr'>Τί</span> <span class='ocrx_word' id='word_1_145' title='bbox 783 1717 897 1782; x_wconf 84' lang='grc' dir='ltr'>οῦν,</span> <span class='ocrx_word' id='word_1_146' title='bbox 933 1721 1027 1774; x_wconf 73' lang='grc' dir='ltr'>ἐὰν</span> <span class='ocrx_word' id='word_1_147' title='bbox 1060 1720 1199 1790; x_wconf 83' lang='grc' dir='ltr'>φιλῶ</span> <span class='ocrx_word' id='word_1_148' title='bbox 1245 1722 1290 1752; x_wconf 76' lang='grc'>’⁸</span> <span class='ocrx_word' id='word_1_149' title='bbox 1328 1721 1511 1786; x_wconf 76' lang='grc' dir='ltr'>αὐτὸν,</span> <span class='ocrx_word' id='word_1_150' title='bbox 1561 1720 1654 1773; x_wconf 77' lang='grc' dir='ltr'>καὶ</span> <span class='ocrx_word' id='word_1_151' title='bbox 1684 1720 2047 1790; x_wconf 77' lang='grc' dir='ltr'>διακαίωμαις</span> 
     </span>
    </p>
   </div>
   <div class='ocr_carea' id='block_1_19' title="bbox 460 1801 2050 1874">
    <p class='ocr_par' dir='ltr' id='par_1_19' title="bbox 460 1801 2050 1874">
     <span class='ocr_line' id='line_1_19' title="bbox 460 1801 2050 1874; baseline -0.002 -15"><span class='ocrx_word' id='word_1_152' title='bbox 460 1806 571 1859; x_wconf 79' lang='lat' dir='ltr'><strong>Kal</strong></span> <span class='ocrx_word' id='word_1_153' title='bbox 605 1805 698 1858; x_wconf 79' lang='grc' dir='ltr'>ἐπὶ</span> <span class='ocrx_word' id='word_1_154' title='bbox 735 1804 840 1874; x_wconf 87' lang='grc' dir='ltr'>τῆς</span> <span class='ocrx_word' id='word_1_155' title='bbox 874 1803 1047 1874; x_wconf 83' lang='grc' dir='ltr'>ὅψεως</span> <span class='ocrx_word' id='word_1_156' title='bbox 1074 1805 1172 1873; x_wconf 88' lang='grc' dir='ltr'>τῆς</span> <span class='ocrx_word' id='word_1_157' title='bbox 1217 1805 1539 1858; x_wconf 81' lang='grc' dir='ltr'>ἀκολάστου’</span> <span class='ocrx_word' id='word_1_158' title='bbox 1573 1804 1638 1856; x_wconf 91' lang='grc' dir='ltr'>Τί</span> <span class='ocrx_word' id='word_1_159' title='bbox 1682 1801 1798 1868; x_wconf 82' lang='grc' dir='ltr'>οῦν,</span> <span class='ocrx_word' id='word_1_160' title='bbox 1840 1803 1936 1857; x_wconf 83' lang='grc' dir='ltr'>ἐὰν</span> <span class='ocrx_word' id='word_1_161' title='bbox 1976 1803 2050 1874; x_wconf 82' lang='grc' dir='ltr'>μὴ</span> 
     </span>
    </p>
   </div>
   <div class='ocr_carea' id='block_1_20' title="bbox 461 1887 2048 1961">
    <p class='ocr_par' dir='ltr' id='par_1_20' title="bbox 461 1887 2048 1961">
     <span class='ocr_line' id='line_1_20' title="bbox 461 1887 2048 1961; baseline -0.001 -19"><span class='ocrx_word' id='word_1_162' title='bbox 461 1891 707 1961; x_wconf 78' lang='grc' dir='ltr'>δύνωμαι</span> <span class='ocrx_word' id='word_1_163' title='bbox 742 1890 814 1959; x_wconf 85' lang='grc' dir='ltr'>μὴ</span> <span class='ocrx_word' id='word_1_164' title='bbox 848 1889 983 1960; x_wconf 82' lang='grc' dir='ltr'>ὁρᾷν</span> <span class='ocrx_word' id='word_1_165' title='bbox 1009 1889 1090 1952; x_wconf 83' lang='grc'>¹⁷;</span> <span class='ocrx_word' id='word_1_166' title='bbox 1125 1887 1230 1942; x_wconf 74' lang='grc' dir='ltr'>Καὶ</span> <span class='ocrx_word' id='word_1_167' title='bbox 1259 1889 1349 1942; x_wconf 70' lang='grc' dir='ltr'>ἐπὶ</span> <span class='ocrx_word' id='word_1_168' title='bbox 1385 1889 1480 1960; x_wconf 89' lang='grc' dir='ltr'>τῆς</span> <span class='ocrx_word' id='word_1_169' title='bbox 1512 1887 1650 1960; x_wconf 85' lang='grc' dir='ltr'>πρὸς</span> <span class='ocrx_word' id='word_1_170' title='bbox 1687 1888 1778 1941; x_wconf 81' lang='grc' dir='ltr'>τὸν</span> <span class='ocrx_word' id='word_1_171' title='bbox 1818 1887 2048 1956; x_wconf 60' lang='grc' dir='ltr'>ἀδελφὴν</span> 
     </span>
    </p>
   </div>
   <div class='ocr_carea' id='block_1_21' title="bbox 459 1965 2050 2046">
    <p class='ocr_par' dir='ltr' id='par_1_21' title="bbox 459 1965 2050 2046">
     <span class='ocr_line' id='line_1_21' title="bbox 459 1965 2050 2046; baseline -0.003 -19"><span class='ocrx_word' id='word_1_172' title='bbox 459 1974 650 2046; x_wconf 77' lang='grc' dir='ltr'>ὀργῆςο</span> <span class='ocrx_word' id='word_1_173' title='bbox 692 1973 756 2024; x_wconf 87' lang='grc' dir='ltr'>Τί</span> <span class='ocrx_word' id='word_1_174' title='bbox 801 1968 914 2036; x_wconf 85' lang='grc' dir='ltr'>οῦν,</span> <span class='ocrx_word' id='word_1_175' title='bbox 967 1971 1063 2024; x_wconf 88' lang='grc' dir='ltr'>ἐάν</span> <span class='ocrx_word' id='word_1_176' title='bbox 1110 1972 1390 2043; x_wconf 81' lang='grc' dir='ltr'>προπετὴς</span> <span class='ocrx_word' id='word_1_177' title='bbox 1439 1965 1506 2034; x_wconf 79' lang='grc' dir='ltr'>ὦ,</span> <span class='ocrx_word' id='word_1_178' title='bbox 1549 1972 1642 2024; x_wconf 77' lang='grc' dir='ltr'>καὶ</span> <span class='ocrx_word' id='word_1_179' title='bbox 1683 1971 1756 2042; x_wconf 86' lang='grc' dir='ltr'>μὴ</span> <span class='ocrx_word' id='word_1_180' title='bbox 1808 1970 2050 2041; x_wconf 76' lang='grc' dir='ltr'>δύνωμαι</span> 
     </span>
    </p>
   </div>
   <div class='ocr_carea' id='block_1_22' title="bbox 460 2057 2052 2129">
    <p class='ocr_par' dir='ltr' id='par_1_22' title="bbox 460 2057 2052 2129">
     <span class='ocr_line' id='line_1_22' title="bbox 460 2057 2052 2129; baseline -0.003 -17"><span class='ocrx_word' id='word_1_181' title='bbox 460 2060 705 2128; x_wconf 84' lang='grc' dir='ltr'>γλώττης</span> <span class='ocrx_word' id='word_1_182' title='bbox 736 2061 990 2129; x_wconf 85' lang='grc' dir='ltr'>κρατεῖν;</span> <span class='ocrx_word' id='word_1_183' title='bbox 1022 2059 1115 2110; x_wconf 76' lang='grc' dir='ltr'>καὶ</span> <span class='ocrx_word' id='word_1_184' title='bbox 1143 2059 1318 2112; x_wconf 87' lang='grc' dir='ltr'>πάντα</span> <span class='ocrx_word' id='word_1_185' title='bbox 1349 2057 1535 2121; x_wconf 79' lang='grc' dir='ltr'>ἁπλῶς</span> <span class='ocrx_word' id='word_1_186' title='bbox 1570 2057 1711 2110; x_wconf 85' lang='grc' dir='ltr'>οῦτω</span> <span class='ocrx_word' id='word_1_187' title='bbox 1738 2059 2052 2128; x_wconf 75' lang='grc' dir='ltr'>καταπατή-</span> 
     </span>
    </p>
   </div>
   <div class='ocr_carea' id='block_1_23' title="bbox 463 2139 2050 2214">
    <p class='ocr_par' dir='ltr' id='par_1_23' title="bbox 463 2139 2050 2214">
     <span class='ocr_line' id='line_1_23' title="bbox 463 2139 2050 2214; baseline -0.004 -17"><span class='ocrx_word' id='word_1_188' title='bbox 463 2161 578 2207; x_wconf 88' lang='grc' dir='ltr'>σεις</span> <span class='ocrx_word' id='word_1_189' title='bbox 605 2142 672 2196; x_wconf 75' lang='grc' dir='ltr'>τά</span> <span class='ocrx_word' id='word_1_190' title='bbox 702 2141 990 2214; x_wconf 78' lang='grc' dir='ltr'>εἰρημένα.</span> <span class='ocrx_word' id='word_1_191' title='bbox 1028 2142 1288 2210; x_wconf 82' lang='grc' dir='ltr'>Καίτοιγε</span> <span class='ocrx_word' id='word_1_192' title='bbox 1334 2142 1427 2194; x_wconf 72' lang='grc' dir='ltr'>ἐπὶ</span> <span class='ocrx_word' id='word_1_193' title='bbox 1471 2141 1581 2192; x_wconf 87' lang='grc' dir='ltr'>τῶν</span> <span class='ocrx_word' id='word_1_194' title='bbox 1611 2139 1792 2210; x_wconf 85' lang='grc' dir='ltr'>νόμων</span> <span class='ocrx_word' id='word_1_195' title='bbox 1824 2141 1932 2192; x_wconf 81' lang='grc' dir='ltr'>τῶν</span> <span class='ocrx_word' id='word_1_196' title='bbox 1965 2141 2050 2192; x_wconf 86' lang='grc' dir='ltr'>ἀν-</span> 
     </span>
    </p>
   </div>
   <div class='ocr_carea' id='block_1_24' title="bbox 461 2223 2047 2300">
    <p class='ocr_par' dir='ltr' id='par_1_24' title="bbox 461 2223 2047 2300">
     <span class='ocr_line' id='line_1_24' title="bbox 461 2223 2047 2300; baseline -0.004 -19"><span class='ocrx_word' id='word_1_197' title='bbox 461 2227 747 2300; x_wconf 84' lang='grc' dir='ltr'>θρωπίνων</span> <span class='ocrx_word' id='word_1_198' title='bbox 805 2224 1045 2296; x_wconf 79' lang='grc' dir='ltr'>οὐδαμοῦ</span> <span class='ocrx_word' id='word_1_199' title='bbox 1099 2225 1258 2278; x_wconf 87' lang='grc' dir='ltr'>τοῦτο</span> <span class='ocrx_word' id='word_1_200' title='bbox 1304 2225 1512 2295; x_wconf 81' lang='grc' dir='ltr'>τολμᾷς</span> <span class='ocrx_word' id='word_1_201' title='bbox 1559 2223 1929 2294; x_wconf 84' lang='grc' dir='ltr'>προϐαλέσθαι</span> <span class='ocrx_word' id='word_1_202' title='bbox 1980 2225 2047 2286; x_wconf 76' lang='grc'>’⁸,</span> 
     </span>
    </p>
   </div>
   <div class='ocr_carea' id='block_1_25' title="bbox 459 2305 2050 2371">
    <p class='ocr_par' dir='ltr' id='par_1_25' title="bbox 459 2305 2050 2371">
     <span class='ocr_line' id='line_1_25' title="bbox 459 2305 2050 2371; baseline -0.003 -7"><span class='ocrx_word' id='word_1_203' title='bbox 459 2313 580 2364; x_wconf 80' lang='grc' dir='ltr'>οὐδὲ</span> <span class='ocrx_word' id='word_1_204' title='bbox 611 2313 805 2364; x_wconf 79' lang='grc' dir='ltr'>εἰπεῖν’</span> <span class='ocrx_word' id='word_1_205' title='bbox 847 2310 913 2362; x_wconf 87' lang='grc' dir='ltr'>Τί</span> <span class='ocrx_word' id='word_1_206' title='bbox 959 2305 1072 2369; x_wconf 84' lang='grc' dir='ltr'>οὗν,</span> <span class='ocrx_word' id='word_1_207' title='bbox 1109 2310 1204 2362; x_wconf 79' lang='grc' dir='ltr'>ἐὰν</span> <span class='ocrx_word' id='word_1_208' title='bbox 1247 2308 1308 2361; x_wconf 75' lang='grc' dir='ltr'>τὸ</span> <span class='ocrx_word' id='word_1_209' title='bbox 1352 2309 1448 2362; x_wconf 77' lang='grc' dir='ltr'>καὶ</span> <span class='ocrx_word' id='word_1_210' title='bbox 1497 2307 1588 2371; x_wconf 87' lang='grc' dir='ltr'>τό;</span> <span class='ocrx_word' id='word_1_211' title='bbox 1625 2306 1763 2359; x_wconf 82' lang='grc' dir='ltr'>ἀλλά</span> <span class='ocrx_word' id='word_1_212' title='bbox 1788 2307 1882 2360; x_wconf 76' lang='grc' dir='ltr'>καὶ</span> <span class='ocrx_word' id='word_1_213' title='bbox 1910 2307 2050 2360; x_wconf 83' lang='grc' dir='ltr'>ἐκὼν</span> 
     </span>
    </p>
   </div>
   <div class='ocr_carea' id='block_1_26' title="bbox 462 2391 2048 2466">
    <p class='ocr_par' dir='ltr' id='par_1_26' title="bbox 462 2391 2048 2466">
     <span class='ocr_line' id='line_1_26' title="bbox 462 2391 2048 2466; baseline -0.004 -17"><span class='ocrx_word' id='word_1_214' title='bbox 462 2397 554 2449; x_wconf 77' lang='grc' dir='ltr'>καί</span> <span class='ocrx_word' id='word_1_215' title='bbox 581 2395 729 2449; x_wconf 85' lang='grc' dir='ltr'>ἀκων</span> <span class='ocrx_word' id='word_1_216' title='bbox 757 2393 1031 2466; x_wconf 83' lang='grc' dir='ltr'>καταδέχῃ</span> <span class='ocrx_word' id='word_1_217' title='bbox 1061 2395 1128 2447; x_wconf 73' lang='grc' dir='ltr'>τά</span> <span class='ocrx_word' id='word_1_218' title='bbox 1155 2391 1540 2463; x_wconf 73' lang='grc' dir='ltr'>γεγραμμένα.</span> <span class='ocrx_word' id='word_1_219' title='bbox 1569 2392 1780 2454; x_wconf 78' lang='grc' dir='ltr'>’Λλλως</span> <span class='ocrx_word' id='word_1_220' title='bbox 1817 2391 1896 2454; x_wconf 88' lang='grc' dir='ltr'>δέ,</span> <span class='ocrx_word' id='word_1_221' title='bbox 1928 2391 2048 2445; x_wconf 87' lang='grc' dir='ltr'>οὐδέ</span> 
     </span>
    </p>
   </div>
   <div class='ocr_carea' id='block_1_27' title="bbox 461 2474 2049 2550">
    <p class='ocr_par' dir='ltr' id='par_1_27' title="bbox 461 2474 2049 2550">
     <span class='ocr_line' id='line_1_27' title="bbox 461 2474 2049 2550; baseline -0.003 -18"><span class='ocrx_word' id='word_1_222' title='bbox 461 2481 709 2549; x_wconf 81' lang='grc' dir='ltr'>ἀνάγκην</span> <span class='ocrx_word' id='word_1_223' title='bbox 741 2478 1023 2550; x_wconf 85' lang='grc' dir='ltr'>ὐποστήσῃ</span> <span class='ocrx_word' id='word_1_224' title='bbox 1053 2477 1202 2531; x_wconf 84' lang='grc' dir='ltr'>ποτέ.</span> <span class='ocrx_word' id='word_1_225' title='bbox 1239 2477 1298 2529; x_wconf 88' lang='grc' dir='ltr'>Ὁ</span> <span class='ocrx_word' id='word_1_226' title='bbox 1324 2475 1432 2547; x_wconf 88' lang='grc' dir='ltr'>γάρ</span> <span class='ocrx_word' id='word_1_227' title='bbox 1467 2474 1576 2528; x_wconf 79' lang='grc' dir='ltr'>τῶν</span> <span class='ocrx_word' id='word_1_228' title='bbox 1608 2474 1918 2546; x_wconf 79' lang='grc' dir='ltr'>ἔμπροσθεν</span> <span class='ocrx_word' id='word_1_229' title='bbox 1948 2493 2049 2546; x_wconf 80' lang='grc' dir='ltr'>μα-</span> 
     </span>
    </p>
   </div>
   <div class='ocr_carea' id='block_1_28' title="bbox 463 2558 2050 2633">
    <p class='ocr_par' dir='ltr' id='par_1_28' title="bbox 463 2558 2050 2633">
     <span class='ocr_line' id='line_1_28' title="bbox 463 2558 2050 2633; baseline -0.002 -18"><span class='ocrx_word' id='word_1_230' title='bbox 463 2561 749 2633; x_wconf 75' lang='grc' dir='ltr'>καρισμῶν</span> <span class='ocrx_word' id='word_1_231' title='bbox 779 2561 1042 2625; x_wconf 87' lang='grc' dir='ltr'>ἀκούσας,</span> <span class='ocrx_word' id='word_1_232' title='bbox 1087 2561 1180 2615; x_wconf 74' lang='grc' dir='ltr'>καὶ</span> <span class='ocrx_word' id='word_1_233' title='bbox 1216 2558 1458 2614; x_wconf 91' lang='grc' dir='ltr'>τοιοῦτον</span> <span class='ocrx_word' id='word_1_234' title='bbox 1482 2558 1671 2612; x_wconf 79' lang='grc' dir='ltr'>ἑαυτὸν</span> <span class='ocrx_word' id='word_1_235' title='bbox 1699 2559 2050 2630; x_wconf 71' lang='grc' dir='ltr'>παρασκευάο</span> 
     </span>
    </p>
   </div>
   <div class='ocr_carea' id='block_1_29' title="bbox 465 2639 2051 2715">
    <p class='ocr_par' dir='ltr' id='par_1_29' title="bbox 465 2639 2051 2715">
     <span class='ocr_line' id='line_1_29' title="bbox 465 2639 2051 2715; baseline -0.002 -17"><span class='ocrx_word' id='word_1_236' title='bbox 465 2664 584 2708; x_wconf 86' lang='grc' dir='ltr'>σας,</span> <span class='ocrx_word' id='word_1_237' title='bbox 611 2639 722 2698; x_wconf 69' lang='grc' dir='ltr'>οἷον</span> <span class='ocrx_word' id='word_1_238' title='bbox 749 2643 1013 2708; x_wconf 79' lang='grc' dir='ltr'>ἐπέταξεν</span> <span class='ocrx_word' id='word_1_239' title='bbox 1045 2645 1073 2697; x_wconf 98' lang='lat'>6</span> <span class='ocrx_word' id='word_1_240' title='bbox 1106 2643 1364 2715; x_wconf 83' lang='grc' dir='ltr'>Χριστὸς,</span> <span class='ocrx_word' id='word_1_241' title='bbox 1394 2643 1651 2713; x_wconf 73' lang='grc' dir='ltr'>οὐδεμίαν</span> <span class='ocrx_word' id='word_1_242' title='bbox 1686 2643 1816 2713; x_wconf 88' lang='grc' dir='ltr'>παρ’</span> <span class='ocrx_word' id='word_1_243' title='bbox 1839 2642 2051 2708; x_wconf 78' lang='grc' dir='ltr'>οὐδενὸς</span> 
     </span>
    </p>
   </div>
   <div class='ocr_carea' id='block_1_30' title="bbox 463 2725 2050 2799">
    <p class='ocr_par' dir='ltr' id='par_1_30' title="bbox 463 2725 2050 2799">
     <span class='ocr_line' id='line_1_30' title="bbox 463 2725 2050 2799; baseline -0.001 -17"><span class='ocrx_word' id='word_1_244' title='bbox 463 2730 834 2799; x_wconf 82' lang='grc' dir='ltr'>ὐποστήσεται</span> <span class='ocrx_word' id='word_1_245' title='bbox 860 2726 1117 2797; x_wconf 85' lang='grc' dir='ltr'>τοιαύτην</span> <span class='ocrx_word' id='word_1_246' title='bbox 1148 2727 1417 2798; x_wconf 87' lang='grc' dir='ltr'>ἀνάγκην,</span> <span class='ocrx_word' id='word_1_247' title='bbox 1460 2725 1738 2797; x_wconf 73' lang='grc' dir='ltr'>αἰδέσιμος</span> <span class='ocrx_word' id='word_1_248' title='bbox 1778 2725 1854 2780; x_wconf 82' lang='grc' dir='ltr'>ὢν</span> <span class='ocrx_word' id='word_1_249' title='bbox 1898 2726 2050 2798; x_wconf 80' lang='grc' dir='ltr'>παρὰ</span> 
     </span>
    </p>
   </div>
   <div class='ocr_carea' id='block_1_31' title="bbox 465 2808 2049 2882">
    <p class='ocr_par' dir='ltr' id='par_1_31' title="bbox 465 2808 2049 2882">
     <span class='ocr_line' id='line_1_31' title="bbox 465 2808 2049 2882; baseline -0.001 -17"><span class='ocrx_word' id='word_1_250' title='bbox 465 2814 597 2865; x_wconf 81' lang='grc' dir='ltr'>πᾶσι</span> <span class='ocrx_word' id='word_1_251' title='bbox 647 2812 740 2864; x_wconf 75' lang='grc' dir='ltr'>καὶ</span> <span class='ocrx_word' id='word_1_252' title='bbox 793 2810 1008 2882; x_wconf 87' lang='grc' dir='ltr'>σεμνός.</span> <span class='ocrx_word' id='word_1_253' title='bbox 1040 2811 1234 2863; x_wconf 82' lang='grc' dir='ltr'>Ἔστω</span> <span class='ocrx_word' id='word_1_254' title='bbox 1269 2808 1339 2862; x_wconf 80' lang='grc' dir='ltr'>δὲ</span> <span class='ocrx_word' id='word_1_255' title='bbox 1371 2809 1514 2878; x_wconf 74' lang='grc' dir='ltr'>ὑμῖν</span> <span class='ocrx_word' id='word_1_256' title='bbox 1558 2810 1603 2843; x_wconf 82' lang='grc'>¹⁹</span> <span class='ocrx_word' id='word_1_257' title='bbox 1660 2810 1726 2864; x_wconf 82' lang='grc' dir='ltr'>τὸ</span> <span class='ocrx_word' id='word_1_258' title='bbox 1773 2809 1893 2876; x_wconf 76' lang='grc' dir='ltr'>ναι,</span> <span class='ocrx_word' id='word_1_259' title='bbox 1928 2810 2049 2876; x_wconf 80' lang='grc' dir='ltr'>ναι,</span> 
     </span>
    </p>
   </div>
   <div class='ocr_carea' id='block_1_32' title="bbox 463 2888 2050 2960">
    <p class='ocr_par' dir='ltr' id='par_1_32' title="bbox 463 2888 2050 2960">
     <span class='ocr_line' id='line_1_32' title="bbox 463 2888 2050 2960; baseline 0.001 -12"><span class='ocrx_word' id='word_1_260' title='bbox 463 2897 557 2949; x_wconf 72' lang='grc' dir='ltr'>καί</span> <span class='ocrx_word' id='word_1_261' title='bbox 592 2894 656 2947; x_wconf 84' lang='grc' dir='ltr'>τὸ</span> <span class='ocrx_word' id='word_1_262' title='bbox 699 2888 794 2953; x_wconf 76' lang='grc' dir='ltr'>οὓ,</span> <span class='ocrx_word' id='word_1_263' title='bbox 842 2893 936 2947; x_wconf 86' lang='grc' dir='ltr'>οὔ·</span> <span class='ocrx_word' id='word_1_264' title='bbox 985 2892 1052 2946; x_wconf 83' lang='grc' dir='ltr'>τὸ</span> <span class='ocrx_word' id='word_1_265' title='bbox 1101 2892 1170 2946; x_wconf 78' lang='grc' dir='ltr'>δὲ</span> <span class='ocrx_word' id='word_1_266' title='bbox 1221 2892 1519 2960; x_wconf 76' lang='grc' dir='ltr'>περισσὸν</span> <span class='ocrx_word' id='word_1_267' title='bbox 1559 2893 1787 2946; x_wconf 75' lang='grc' dir='ltr'>τούτων</span> <span class='ocrx_word' id='word_1_268' title='bbox 1827 2894 1896 2948; x_wconf 81' lang='grc' dir='ltr'>ἐκ</span> <span class='ocrx_word' id='word_1_269' title='bbox 1943 2895 2050 2949; x_wconf 83' lang='grc' dir='ltr'>τοῦ</span> 
     </span>
    </p>
   </div>
   <div class='ocr_carea' id='block_1_33' title="bbox 463 2972 2052 3048">
    <p class='ocr_par' dir='ltr' id='par_1_33' title="bbox 463 2972 2052 3048">
     <span class='ocr_line' id='line_1_33' title="bbox 463 2972 2052 3048; baseline -0.001 -16"><span class='ocrx_word' id='word_1_270' title='bbox 463 2979 735 3046; x_wconf 77' lang='grc' dir='ltr'>πονηροῦ</span> <span class='ocrx_word' id='word_1_271' title='bbox 762 2979 911 3033; x_wconf 83' lang='grc' dir='ltr'>ἐστι.</span> <span class='ocrx_word' id='word_1_272' title='bbox 941 2977 1006 3030; x_wconf 87' lang='grc' dir='ltr'>Τί</span> <span class='ocrx_word' id='word_1_273' title='bbox 1033 2972 1126 3030; x_wconf 84' lang='grc' dir='ltr'>οὖν</span> <span class='ocrx_word' id='word_1_274' title='bbox 1154 2979 1269 3030; x_wconf 88' lang='grc' dir='ltr'>ἐστι</span> <span class='ocrx_word' id='word_1_275' title='bbox 1306 2977 1366 3030; x_wconf 83' lang='grc' dir='ltr'>τὸ</span> <span class='ocrx_word' id='word_1_276' title='bbox 1407 2977 1662 3048; x_wconf 83' lang='grc' dir='ltr'>περισσὸν</span> <span class='ocrx_word' id='word_1_277' title='bbox 1702 2977 1797 3031; x_wconf 90' lang='grc' dir='ltr'>τοῦ</span> <span class='ocrx_word' id='word_1_278' title='bbox 1829 2977 1927 3032; x_wconf 80' lang='grc' dir='ltr'>ναὶ</span> <span class='ocrx_word' id='word_1_279' title='bbox 1956 2979 2052 3033; x_wconf 76' lang='grc' dir='ltr'>καὶ</span> 
     </span>
    </p>
   </div>
   <div class='ocr_carea' id='block_1_34' title="bbox 461 3059 2052 3134">
    <p class='ocr_par' dir='ltr' id='par_1_34' title="bbox 461 3059 2052 3134">
     <span class='ocr_line' id='line_1_34' title="bbox 461 3059 2052 3134; baseline 0 -20"><span class='ocrx_word' id='word_1_280' title='bbox 461 3061 555 3116; x_wconf 82' lang='grc' dir='ltr'>τοῦ</span> <span class='ocrx_word' id='word_1_281' title='bbox 587 3063 698 3128; x_wconf 63' lang='lat' dir='ltr'>of};</span> <span class='ocrx_word' id='word_1_282' title='bbox 733 3062 791 3115; x_wconf 86' lang='grc' dir='ltr'>Ὀ</span> <span class='ocrx_word' id='word_1_283' title='bbox 817 3064 998 3134; x_wconf 85' lang='grc' dir='ltr'>ὅρκος,</span> <span class='ocrx_word' id='word_1_284' title='bbox 1046 3061 1108 3115; x_wconf 87' lang='grc' dir='ltr'>οὐ</span> <span class='ocrx_word' id='word_1_285' title='bbox 1139 3059 1199 3114; x_wconf 84' lang='grc' dir='ltr'>τὸ</span> <span class='ocrx_word' id='word_1_286' title='bbox 1238 3062 1534 3133; x_wconf 76' lang='grc' dir='ltr'>ἐπιορκεῖν.</span> <span class='ocrx_word' id='word_1_287' title='bbox 1573 3062 1779 3115; x_wconf 81' lang='grc' dir='ltr'>Ἐκεῖνο</span> <span class='ocrx_word' id='word_1_288' title='bbox 1821 3061 1930 3132; x_wconf 83' lang='grc' dir='ltr'>γὰρ</span> <span class='ocrx_word' id='word_1_289' title='bbox 1957 3062 2052 3116; x_wconf 76' lang='grc' dir='ltr'>καὶ</span> 
     </span>
    </p>
   </div>
   <div class='ocr_carea' id='block_1_35' title="bbox 461 3141 2050 3217">
    <p class='ocr_par' dir='ltr' id='par_1_35' title="bbox 461 3141 2050 3217">
     <span class='ocr_line' id='line_1_35' title="bbox 461 3141 2050 3217; baseline -0.001 -17"><span class='ocrx_word' id='word_1_290' title='bbox 461 3145 886 3217; x_wconf 78' lang='grc' dir='ltr'>ὡμολογημένον</span> <span class='ocrx_word' id='word_1_291' title='bbox 912 3145 1051 3211; x_wconf 77' lang='grc' dir='ltr'>ἐστὶ,</span> <span class='ocrx_word' id='word_1_292' title='bbox 1079 3145 1175 3198; x_wconf 79' lang='grc' dir='ltr'>καί</span> <span class='ocrx_word' id='word_1_293' title='bbox 1202 3141 1377 3209; x_wconf 76' lang='grc' dir='ltr'>οὐδεὶς</span> <span class='ocrx_word' id='word_1_294' title='bbox 1413 3144 1585 3199; x_wconf 86' lang='grc' dir='ltr'>δεῖται</span> <span class='ocrx_word' id='word_1_295' title='bbox 1628 3145 1841 3216; x_wconf 81' lang='grc' dir='ltr'>μαθεῖν,</span> <span class='ocrx_word' id='word_1_296' title='bbox 1866 3147 1947 3199; x_wconf 83' lang='grc' dir='ltr'>ὅτι</span> <span class='ocrx_word' id='word_1_297' title='bbox 1987 3147 2050 3199; x_wconf 84' lang='grc' dir='ltr'>ἐκ</span> 
     </span>
    </p>
   </div>
   <div class='ocr_carea' id='block_1_36' title="bbox 466 3227 2048 3302">
    <p class='ocr_par' dir='ltr' id='par_1_36' title="bbox 466 3227 2048 3302">
     <span class='ocr_line' id='line_1_36' title="bbox 466 3227 2048 3302; baseline 0 -20"><span class='ocrx_word' id='word_1_298' title='bbox 466 3231 564 3284; x_wconf 84' lang='grc' dir='ltr'>τοῦ</span> <span class='ocrx_word' id='word_1_299' title='bbox 604 3229 845 3302; x_wconf 86' lang='grc' dir='ltr'>πονηροῦ</span> <span class='ocrx_word' id='word_1_300' title='bbox 890 3230 1028 3291; x_wconf 84' lang='grc' dir='ltr'>ἐστι,</span> <span class='ocrx_word' id='word_1_301' title='bbox 1069 3229 1164 3282; x_wconf 72' lang='grc' dir='ltr'>καὶ</span> <span class='ocrx_word' id='word_1_302' title='bbox 1198 3227 1258 3280; x_wconf 89' lang='grc' dir='ltr'>οὐ</span> <span class='ocrx_word' id='word_1_303' title='bbox 1299 3229 1572 3300; x_wconf 82' lang='grc' dir='ltr'>περιττὸν,</span> <span class='ocrx_word' id='word_1_304' title='bbox 1621 3229 1735 3282; x_wconf 82' lang='grc' dir='ltr'>ἀλλ’</span> <span class='ocrx_word' id='word_1_305' title='bbox 1771 3229 2048 3283; x_wconf 89' lang='grc' dir='ltr'>ἐναντίον·</span> 
     </span>
    </p>
   </div>
   <div class='ocr_carea' id='block_1_37' title="bbox 459 3311 2044 3386">
    <p class='ocr_par' dir='ltr' id='par_1_37' title="bbox 459 3311 2044 3386">
     <span class='ocr_line' id='line_1_37' title="bbox 459 3311 2044 3386; baseline -0.001 -19"><span class='ocrx_word' id='word_1_306' title='bbox 459 3314 520 3369; x_wconf 80' lang='grc' dir='ltr'>τὺ</span> <span class='ocrx_word' id='word_1_307' title='bbox 543 3315 599 3368; x_wconf 89' lang='grc' dir='ltr'>δέ</span> <span class='ocrx_word' id='word_1_308' title='bbox 631 3313 905 3386; x_wconf 80' lang='grc' dir='ltr'>περιττὸν,</span> <span class='ocrx_word' id='word_1_309' title='bbox 941 3313 1003 3365; x_wconf 82' lang='grc' dir='ltr'>τὸ</span> <span class='ocrx_word' id='word_1_310' title='bbox 1038 3311 1200 3366; x_wconf 86' lang='grc' dir='ltr'>πλέον</span> <span class='ocrx_word' id='word_1_311' title='bbox 1225 3313 1318 3366; x_wconf 74' lang='grc' dir='ltr'>καὶ</span> <span class='ocrx_word' id='word_1_312' title='bbox 1343 3313 1408 3365; x_wconf 86' lang='grc' dir='ltr'>ἐκ</span> <span class='ocrx_word' id='word_1_313' title='bbox 1433 3313 1752 3384; x_wconf 83' lang='grc' dir='ltr'>περιουσίας</span> <span class='ocrx_word' id='word_1_314' title='bbox 1794 3312 2044 3385; x_wconf 83' lang='grc' dir='ltr'>προσκεί-</span> 
     </span>
    </p>
   </div>
   <div class='ocr_carea' id='block_1_38' title="bbox 467 3392 2050 3470">
    <p class='ocr_par' dir='ltr' id='par_1_38' title="bbox 467 3392 2050 3470">
     <span class='ocr_line' id='line_1_38' title="bbox 467 3392 2050 3470; baseline -0.002 -17"><span class='ocrx_word' id='word_1_315' title='bbox 467 3418 650 3470; x_wconf 85' lang='grc' dir='ltr'>μενον,</span> <span class='ocrx_word' id='word_1_316' title='bbox 686 3400 824 3470; x_wconf 81' lang='grc' dir='ltr'>ὅπερ</span> <span class='ocrx_word' id='word_1_317' title='bbox 866 3397 1012 3452; x_wconf 76' lang='grc' dir='ltr'>ἐστὶν</span> <span class='ocrx_word' id='word_1_318' title='bbox 1051 3400 1080 3451; x_wconf 89' lang='lat'>6</span> <span class='ocrx_word' id='word_1_319' title='bbox 1124 3397 1300 3470; x_wconf 87' lang='grc' dir='ltr'>ὅρκος.</span> <span class='ocrx_word' id='word_1_320' title='bbox 1347 3396 1414 3449; x_wconf 87' lang='grc' dir='ltr'>Τί</span> <span class='ocrx_word' id='word_1_321' title='bbox 1452 3392 1567 3463; x_wconf 81' lang='grc' dir='ltr'>οὖν,</span> <span class='ocrx_word' id='word_1_322' title='bbox 1618 3398 1806 3468; x_wconf 75' lang='grc' dir='ltr'>φησὶν,</span> <span class='ocrx_word' id='word_1_323' title='bbox 1842 3399 1906 3450; x_wconf 91' lang='grc' dir='ltr'>ἐκ</span> <span class='ocrx_word' id='word_1_324' title='bbox 1952 3396 2050 3450; x_wconf 84' lang='grc' dir='ltr'>τοῦ</span> 
     </span>
    </p>
   </div>
   <div class='ocr_carea' id='block_1_39' title="bbox 464 3476 2053 3555">
    <p class='ocr_par' dir='ltr' id='par_1_39' title="bbox 464 3476 2053 3555">
     <span class='ocr_line' id='line_1_39' title="bbox 464 3476 2053 3555; baseline -0.001 -19"><span class='ocrx_word' id='word_1_325' title='bbox 464 3481 703 3555; x_wconf 89' lang='grc' dir='ltr'>πονηροῦ</span> <span class='ocrx_word' id='word_1_326' title='bbox 729 3477 798 3554; x_wconf 75' lang='grc' dir='ltr'>ἦν</span> <span class='ocrx_word' id='word_1_327' title='bbox 824 3482 868 3514; x_wconf 84' lang='grc'><strong><em>³⁸</em></strong></span> <span class='ocrx_word' id='word_1_328' title='bbox 895 3501 908 3540; x_wconf 89' lang='grc'>;</span> <span class='ocrx_word' id='word_1_329' title='bbox 945 3481 1039 3535; x_wconf 80' lang='grc' dir='ltr'>καὶ</span> <span class='ocrx_word' id='word_1_330' title='bbox 1065 3481 1114 3533; x_wconf 85' lang='grc' dir='ltr'>εἰ</span> <span class='ocrx_word' id='word_1_331' title='bbox 1145 3481 1209 3533; x_wconf 90' lang='grc' dir='ltr'>ἐκ</span> <span class='ocrx_word' id='word_1_332' title='bbox 1235 3478 1329 3533; x_wconf 90' lang='grc' dir='ltr'>τοῦ</span> <span class='ocrx_word' id='word_1_333' title='bbox 1376 3479 1614 3552; x_wconf 90' lang='grc' dir='ltr'>πονηροῦ</span> <span class='ocrx_word' id='word_1_334' title='bbox 1641 3476 1730 3552; x_wconf 79' lang='grc' dir='ltr'>ἦν,</span> <span class='ocrx_word' id='word_1_335' title='bbox 1753 3481 1870 3544; x_wconf 86' lang='grc' dir='ltr'>πῶς</span> <span class='ocrx_word' id='word_1_336' title='bbox 1889 3481 2053 3552; x_wconf 87' lang='grc' dir='ltr'>νόμος</span> 
     </span>
    </p>
   </div>
   <div class='ocr_carea' id='block_1_40' title="bbox 460 3561 2047 3635">
    <p class='ocr_par' dir='ltr' id='par_1_40' title="bbox 460 3561 2047 3635">
     <span class='ocr_line' id='line_1_40' title="bbox 460 3561 2047 3635; baseline 0 -18"><span class='ocrx_word' id='word_1_337' title='bbox 460 3561 564 3634; x_wconf 79' lang='grc' dir='ltr'>ἦν;</span> <span class='ocrx_word' id='word_1_338' title='bbox 595 3567 668 3618; x_wconf 80' lang='grc' dir='ltr'>Τὸ</span> <span class='ocrx_word' id='word_1_339' title='bbox 699 3564 830 3617; x_wconf 75' lang='grc' dir='ltr'>αὐτὸ</span> <span class='ocrx_word' id='word_1_340' title='bbox 863 3563 928 3634; x_wconf 85' lang='grc' dir='ltr'>δὴ</span> <span class='ocrx_word' id='word_1_341' title='bbox 963 3564 1121 3618; x_wconf 88' lang='grc' dir='ltr'>τοῦτο</span> <span class='ocrx_word' id='word_1_342' title='bbox 1155 3564 1249 3615; x_wconf 75' lang='grc' dir='ltr'>καὶ</span> <span class='ocrx_word' id='word_1_343' title='bbox 1283 3563 1411 3632; x_wconf 79' lang='grc' dir='ltr'>περὶ</span> <span class='ocrx_word' id='word_1_344' title='bbox 1443 3562 1544 3633; x_wconf 88' lang='grc' dir='ltr'>τῆς</span> <span class='ocrx_word' id='word_1_345' title='bbox 1574 3563 1833 3631; x_wconf 81' lang='grc' dir='ltr'>γυναικὸς</span> <span class='ocrx_word' id='word_1_346' title='bbox 1873 3566 2047 3635; x_wconf 88' lang='grc' dir='ltr'>ἐρεῖς·</span> 
     </span>
    </p>
   </div>
   <div class='ocr_carea' id='block_1_41' title="bbox 465 3644 2054 3718">
    <p class='ocr_par' dir='ltr' id='par_1_41' title="bbox 465 3644 2054 3718">
     <span class='ocr_line' id='line_1_41' title="bbox 465 3644 2054 3718; baseline -0.001 -16"><span class='ocrx_word' id='word_1_347' title='bbox 465 3648 580 3711; x_wconf 77' lang='grc' dir='ltr'>πῶς</span> <span class='ocrx_word' id='word_1_348' title='bbox 615 3648 829 3718; x_wconf 81' lang='grc' dir='ltr'>μοιχεία</span> <span class='ocrx_word' id='word_1_349' title='bbox 857 3646 952 3698; x_wconf 82' lang='grc' dir='ltr'>νῦν</span> <span class='ocrx_word' id='word_1_350' title='bbox 984 3645 1297 3716; x_wconf 85' lang='grc' dir='ltr'>νενόμισται</span> <span class='ocrx_word' id='word_1_351' title='bbox 1325 3644 1386 3697; x_wconf 83' lang='grc' dir='ltr'>τὸ</span> <span class='ocrx_word' id='word_1_352' title='bbox 1424 3646 1687 3716; x_wconf 85' lang='grc' dir='ltr'>πρότερον</span> <span class='ocrx_word' id='word_1_353' title='bbox 1722 3647 2054 3718; x_wconf 86' lang='grc' dir='ltr'>ἐπιτετραμ-</span> 
     </span>
    </p>
   </div>
   <div class='ocr_carea' id='block_1_42' title="bbox 468 3725 2054 3800">
    <p class='ocr_par' dir='ltr' id='par_1_42' title="bbox 468 3725 2054 3800">
     <span class='ocr_line' id='line_1_42' title="bbox 468 3725 2054 3800; baseline -0.001 -16"><span class='ocrx_word' id='word_1_354' title='bbox 468 3733 661 3800; x_wconf 72' lang='grc' dir='ltr'>μένονς</span> <span class='ocrx_word' id='word_1_355' title='bbox 694 3731 759 3781; x_wconf 82' lang='grc' dir='ltr'>Τί</span> <span class='ocrx_word' id='word_1_356' title='bbox 805 3725 897 3782; x_wconf 85' lang='grc' dir='ltr'>οῦν</span> <span class='ocrx_word' id='word_1_357' title='bbox 937 3728 1073 3800; x_wconf 75' lang='grc' dir='ltr'>πρὸς</span> <span class='ocrx_word' id='word_1_358' title='bbox 1122 3728 1296 3781; x_wconf 89' lang='grc' dir='ltr'>ταῦτα</span> <span class='ocrx_word' id='word_1_359' title='bbox 1339 3727 1486 3780; x_wconf 81' lang='grc' dir='ltr'>ἔστιν</span> <span class='ocrx_word' id='word_1_360' title='bbox 1536 3730 1741 3795; x_wconf 78' lang='grc' dir='ltr'>εἰπεῖνς</span> <span class='ocrx_word' id='word_1_361' title='bbox 1785 3727 1910 3784; x_wconf 87' lang='grc' dir='ltr'>’Ότι</span> <span class='ocrx_word' id='word_1_362' title='bbox 1949 3731 2054 3800; x_wconf 86' lang='grc' dir='ltr'>τῆς</span> 
     </span>
    </p>
   </div>
   <div class='ocr_carea' id='block_1_43' title="bbox 464 3809 2051 3885">
    <p class='ocr_par' dir='ltr' id='par_1_43' title="bbox 464 3809 2051 3885">
     <span class='ocr_line' id='line_1_43' title="bbox 464 3809 2051 3885; baseline 0.001 -18"><span class='ocrx_word' id='word_1_363' title='bbox 464 3814 747 3876; x_wconf 84' lang='grc' dir='ltr'>ἀσθενείας</span> <span class='ocrx_word' id='word_1_364' title='bbox 765 3812 873 3865; x_wconf 85' lang='grc' dir='ltr'>τῶν</span> <span class='ocrx_word' id='word_1_365' title='bbox 902 3812 1206 3883; x_wconf 82' lang='grc' dir='ltr'>δεχομένων</span> <span class='ocrx_word' id='word_1_366' title='bbox 1234 3812 1358 3875; x_wconf 81' lang='grc' dir='ltr'>τοὺς</span> <span class='ocrx_word' id='word_1_367' title='bbox 1380 3813 1576 3884; x_wconf 88' lang='grc' dir='ltr'>νόμους</span> <span class='ocrx_word' id='word_1_368' title='bbox 1603 3809 1670 3885; x_wconf 83' lang='grc' dir='ltr'>ἦν</span> <span class='ocrx_word' id='word_1_369' title='bbox 1690 3813 1757 3867; x_wconf 88' lang='grc' dir='ltr'>τὰ</span> <span class='ocrx_word' id='word_1_370' title='bbox 1782 3814 2051 3885; x_wconf 87' lang='grc' dir='ltr'>λεγόμενα</span> 
     </span>
    </p>
   </div>
   <div class='ocr_carea' id='block_1_44' title="bbox 462 3895 2052 3970">
    <p class='ocr_par' dir='ltr' id='par_1_44' title="bbox 462 3895 2052 3970">
     <span class='ocr_line' id='line_1_44' title="bbox 462 3895 2052 3970; baseline 0.001 -20"><span class='ocrx_word' id='word_1_371' title='bbox 462 3899 584 3953; x_wconf 82' lang='grc' dir='ltr'>τότε</span> <span class='ocrx_word' id='word_1_372' title='bbox 608 3915 621 3927; x_wconf 91' lang='grc'>·</span> <span class='ocrx_word' id='word_1_373' title='bbox 656 3897 778 3950; x_wconf 72' lang='grc' dir='ltr'>ἐπεὶ</span> <span class='ocrx_word' id='word_1_374' title='bbox 808 3897 900 3950; x_wconf 84' lang='grc' dir='ltr'>καὶ</span> <span class='ocrx_word' id='word_1_375' title='bbox 922 3896 984 3948; x_wconf 86' lang='grc' dir='ltr'>τὸ</span> <span class='ocrx_word' id='word_1_376' title='bbox 1023 3897 1216 3969; x_wconf 79' lang='grc' dir='ltr'>κνίσσῃ</span> <span class='ocrx_word' id='word_1_377' title='bbox 1247 3895 1646 3968; x_wconf 85' lang='grc' dir='ltr'>θεραπεύεσθαι</span> <span class='ocrx_word' id='word_1_378' title='bbox 1688 3897 1891 3970; x_wconf 82' lang='grc' dir='ltr'>σφόδρα</span> <span class='ocrx_word' id='word_1_379' title='bbox 1923 3899 2052 3952; x_wconf 83' lang='grc' dir='ltr'>ἀνά-</span> 
     </span>
    </p>
   </div>
   <div class='ocr_carea' id='block_1_45' title="bbox 465 3978 2052 4051">
    <p class='ocr_par' dir='ltr' id='par_1_45' title="bbox 465 3978 2052 4051">
     <span class='ocr_line' id='line_1_45' title="bbox 465 3978 2052 4051; baseline 0.001 -17"><span class='ocrx_word' id='word_1_380' title='bbox 465 3983 574 4048; x_wconf 85' lang='grc' dir='ltr'>ξιον</span> <span class='ocrx_word' id='word_1_381' title='bbox 604 3979 762 4043; x_wconf 75' lang='grc' dir='ltr'>Θεοῦ,</span> <span class='ocrx_word' id='word_1_382' title='bbox 805 3979 994 4051; x_wconf 80' lang='grc' dir='ltr'>ὥσπερ</span> <span class='ocrx_word' id='word_1_383' title='bbox 1022 3979 1115 4032; x_wconf 74' lang='grc' dir='ltr'>καὶ</span> <span class='ocrx_word' id='word_1_384' title='bbox 1161 3979 1222 4032; x_wconf 82' lang='grc' dir='ltr'>τὸ</span> <span class='ocrx_word' id='word_1_385' title='bbox 1261 3978 1534 4050; x_wconf 74' lang='grc' dir='ltr'>ψελλίζειν</span> <span class='ocrx_word' id='word_1_386' title='bbox 1577 3981 1792 4047; x_wconf 83' lang='grc' dir='ltr'>ἀνάξιον</span> <span class='ocrx_word' id='word_1_387' title='bbox 1835 3981 2052 4051; x_wconf 84' lang='grc' dir='ltr'>φιλοσό-</span> 
     </span>
    </p>
   </div>
   <div class='ocr_carea' id='block_1_46' title="bbox 464 4062 2051 4137">
    <p class='ocr_par' dir='ltr' id='par_1_46' title="bbox 464 4062 2051 4137">
     <span class='ocr_line' id='line_1_46' title="bbox 464 4062 2051 4137; baseline -0.001 -18"><span class='ocrx_word' id='word_1_388' title='bbox 464 4085 587 4137; x_wconf 77' lang='grc' dir='ltr'>φου.</span> <span class='ocrx_word' id='word_1_389' title='bbox 625 4064 855 4136; x_wconf 80' lang='grc' dir='ltr'>Μοιχεία</span> <span class='ocrx_word' id='word_1_390' title='bbox 881 4065 1063 4117; x_wconf 77' lang='grc' dir='ltr'>τοίνυν</span> <span class='ocrx_word' id='word_1_391' title='bbox 1098 4062 1358 4134; x_wconf 80' lang='grc' dir='ltr'>ἐνομίσθη</span> <span class='ocrx_word' id='word_1_392' title='bbox 1407 4063 1502 4116; x_wconf 88' lang='grc' dir='ltr'>νῦν</span> <span class='ocrx_word' id='word_1_393' title='bbox 1542 4063 1601 4117; x_wconf 79' lang='grc' dir='ltr'>τὸ</span> <span class='ocrx_word' id='word_1_394' title='bbox 1647 4065 1907 4130; x_wconf 86' lang='grc' dir='ltr'>τοιοῦτον,</span> <span class='ocrx_word' id='word_1_395' title='bbox 1957 4066 2051 4120; x_wconf 78' lang='grc' dir='ltr'>καὶ</span> 
     </span>
    </p>
   </div>
   <div class='ocr_carea' id='block_1_47' title="bbox 460 4146 2049 4219">
    <p class='ocr_par' dir='ltr' id='par_1_47' title="bbox 460 4146 2049 4219">
     <span class='ocr_line' id='line_1_47' title="bbox 460 4146 2049 4219; baseline -0.003 -14"><span class='ocrx_word' id='word_1_396' title='bbox 460 4155 526 4205; x_wconf 83' lang='grc' dir='ltr'>ἐκ</span> <span class='ocrx_word' id='word_1_397' title='bbox 551 4149 644 4204; x_wconf 82' lang='grc' dir='ltr'>τοῦ</span> <span class='ocrx_word' id='word_1_398' title='bbox 673 4146 916 4219; x_wconf 84' lang='grc' dir='ltr'>πονηροῦ</span> <span class='ocrx_word' id='word_1_399' title='bbox 948 4147 1009 4200; x_wconf 76' lang='grc' dir='ltr'>τὸ</span> <span class='ocrx_word' id='word_1_400' title='bbox 1034 4146 1285 4217; x_wconf 85' lang='grc' dir='ltr'>όμνύναι,</span> <span class='ocrx_word' id='word_1_401' title='bbox 1314 4147 1402 4198; x_wconf 78' lang='grc' dir='ltr'>ὅτε</span> <span class='ocrx_word' id='word_1_402' title='bbox 1427 4147 1670 4201; x_wconf 78' lang='grc' dir='ltr'>ἐπέδωκε</span> <span class='ocrx_word' id='word_1_403' title='bbox 1696 4148 1762 4200; x_wconf 85' lang='grc' dir='ltr'>τά</span> <span class='ocrx_word' id='word_1_404' title='bbox 1797 4149 1894 4219; x_wconf 86' lang='grc' dir='ltr'>τῆς</span> <span class='ocrx_word' id='word_1_405' title='bbox 1922 4149 2049 4218; x_wconf 88' lang='grc' dir='ltr'>ἀρε-</span> 
     </span>
    </p>
   </div>
   <div class='ocr_carea' id='block_1_48' title="bbox 459 4227 2052 4303">
    <p class='ocr_par' dir='ltr' id='par_1_48' title="bbox 459 4227 2052 4303">
     <span class='ocr_line' id='line_1_48' title="bbox 459 4227 2052 4303; baseline -0.003 -15"><span class='ocrx_word' id='word_1_406' title='bbox 459 4236 581 4303; x_wconf 84' lang='grc' dir='ltr'>τῆς.</span> <span class='ocrx_word' id='word_1_407' title='bbox 620 4234 683 4287; x_wconf 84' lang='grc' dir='ltr'>Εἰ</span> <span class='ocrx_word' id='word_1_408' title='bbox 705 4233 770 4286; x_wconf 75' lang='grc' dir='ltr'>’δὲ</span> <span class='ocrx_word' id='word_1_409' title='bbox 799 4229 1049 4285; x_wconf 80' lang='grc' dir='ltr'>διαϐόλου</span> <span class='ocrx_word' id='word_1_410' title='bbox 1082 4229 1254 4284; x_wconf 87' lang='grc' dir='ltr'>ταῦτα</span> <span class='ocrx_word' id='word_1_411' title='bbox 1294 4230 1352 4296; x_wconf 82' lang='grc' dir='ltr'>ἐξ</span> <span class='ocrx_word' id='word_1_412' title='bbox 1383 4231 1558 4302; x_wconf 87' lang='grc' dir='ltr'>ἀρχῆς</span> <span class='ocrx_word' id='word_1_413' title='bbox 1581 4227 1721 4302; x_wconf 74' lang='grc' dir='ltr'>ἦσαν</span> <span class='ocrx_word' id='word_1_414' title='bbox 1742 4233 1917 4303; x_wconf 86' lang='grc' dir='ltr'>νόμοι,</span> <span class='ocrx_word' id='word_1_415' title='bbox 1950 4235 2052 4286; x_wconf 87' lang='grc' dir='ltr'>οὐκ</span> 
     </span>
    </p>
   </div>
   <div class='ocr_carea' id='block_1_49' title="bbox 459 4312 2052 4386">
    <p class='ocr_par' dir='ltr' id='par_1_49' title="bbox 459 4312 2052 4386">
     <span class='ocr_line' id='line_1_49' title="bbox 459 4312 2052 4386; baseline 0.008 -21"><span class='ocrx_word' id='word_1_416' title='bbox 459 4321 525 4370; x_wconf 71' lang='grc' dir='ltr'>ἂν</span> <span class='ocrx_word' id='word_1_417' title='bbox 556 4315 808 4369; x_wconf 85' lang='grc' dir='ltr'>τοσοῦτον</span> <span class='ocrx_word' id='word_1_418' title='bbox 845 4315 886 4345; x_wconf 86' lang='grc'><strong>³¹</strong></span> <span class='ocrx_word' id='word_1_419' title='bbox 925 4312 1318 4383; x_wconf 82' lang='grc' dir='ltr'>κατώρθωσαν.</span> <span class='ocrx_word' id='word_1_420' title='bbox 1368 4315 1475 4367; x_wconf 77' lang='grc' dir='ltr'>Καὶ</span> <span class='ocrx_word' id='word_1_421' title='bbox 1507 4316 1616 4386; x_wconf 80' lang='grc' dir='ltr'>γὰρ</span> <span class='ocrx_word' id='word_1_422' title='bbox 1662 4317 1708 4368; x_wconf 85' lang='grc' dir='ltr'>εί</span> <span class='ocrx_word' id='word_1_423' title='bbox 1756 4315 1830 4386; x_wconf 81' lang='grc' dir='ltr'>μὴ</span> <span class='ocrx_word' id='word_1_424' title='bbox 1867 4318 2052 4370; x_wconf 76' lang='grc' dir='ltr'>ἐκεῖνα</span> 
     </span>
    </p>
   </div>
   <div class='ocr_carea' id='block_1_50' title="bbox 460 4396 2049 4471">
    <p class='ocr_par' dir='ltr' id='par_1_50' title="bbox 460 4396 2049 4471">
     <span class='ocr_line' id='line_1_50' title="bbox 460 4396 2049 4471; baseline -0.002 -18"><span class='ocrx_word' id='word_1_425' title='bbox 460 4401 681 4469; x_wconf 82' lang='grc' dir='ltr'>πρῶτον</span> <span class='ocrx_word' id='word_1_426' title='bbox 712 4397 1077 4471; x_wconf 79' lang='grc' dir='ltr'>προέδραμεν,</span> <span class='ocrx_word' id='word_1_427' title='bbox 1129 4399 1230 4450; x_wconf 86' lang='grc' dir='ltr'>οὐκ</span> <span class='ocrx_word' id='word_1_428' title='bbox 1265 4397 1330 4450; x_wconf 81' lang='grc' dir='ltr'>ἂν</span> <span class='ocrx_word' id='word_1_429' title='bbox 1374 4396 1547 4460; x_wconf 76' lang='grc' dir='ltr'>οὕτως</span> <span class='ocrx_word' id='word_1_430' title='bbox 1593 4398 1829 4462; x_wconf 77' lang='grc' dir='ltr'>εὐκόλως</span> <span class='ocrx_word' id='word_1_431' title='bbox 1856 4398 2049 4469; x_wconf 80' lang='grc' dir='ltr'>ἐδέχθη</span> 
     </span>
    </p>
   </div>
   <div class='ocr_carea' id='block_1_51' title="bbox 459 4481 2047 4553">
    <p class='ocr_par' dir='ltr' id='par_1_51' title="bbox 459 4481 2047 4553">
     <span class='ocr_line' id='line_1_51' title="bbox 459 4481 2047 4553; baseline -0.001 -19"><span class='ocrx_word' id='word_1_432' title='bbox 459 4489 525 4538; x_wconf 61' lang='grc' dir='ltr'>τά</span> <span class='ocrx_word' id='word_1_433' title='bbox 553 4483 668 4537; x_wconf 87' lang='grc' dir='ltr'>νῦν.</span> <span class='ocrx_word' id='word_1_434' title='bbox 701 4485 791 4552; x_wconf 81' lang='grc' dir='ltr'>Μὴ</span> <span class='ocrx_word' id='word_1_435' title='bbox 833 4483 1010 4535; x_wconf 89' lang='grc' dir='ltr'>τοίνυν</span> <span class='ocrx_word' id='word_1_436' title='bbox 1051 4481 1230 4534; x_wconf 66' lang='grc' dir='ltr'>αὐτῶν</span> <span class='ocrx_word' id='word_1_437' title='bbox 1257 4481 1474 4535; x_wconf 83' lang='grc' dir='ltr'>ἁταίτει</span> <span class='ocrx_word' id='word_1_438' title='bbox 1504 4481 1601 4550; x_wconf 78' lang='grc' dir='ltr'>τὴν</span> <span class='ocrx_word' id='word_1_439' title='bbox 1627 4482 1828 4553; x_wconf 73' lang='grc' dir='ltr'>ἀρετὴν</span> <span class='ocrx_word' id='word_1_440' title='bbox 1863 4481 1958 4536; x_wconf 91' lang='grc' dir='ltr'>νῦν</span> <span class='ocrx_word' id='word_1_441' title='bbox 1981 4484 2047 4545; x_wconf 79' lang='grc'>³³,</span> 
     </span>
    </p>
   </div>
   <div class='ocr_carea' id='block_1_52' title="bbox 460 4564 2049 4640">
    <p class='ocr_par' dir='ltr' id='par_1_52' title="bbox 460 4564 2049 4640">
     <span class='ocr_line' id='line_1_52' title="bbox 460 4564 2049 4640; baseline -0.001 -19"><span class='ocrx_word' id='word_1_442' title='bbox 460 4570 550 4621; x_wconf 79' lang='grc' dir='ltr'>ὅτε</span> <span class='ocrx_word' id='word_1_443' title='bbox 589 4566 864 4640; x_wconf 79' lang='grc' dir='ltr'>παρῆλθεν</span> <span class='ocrx_word' id='word_1_444' title='bbox 900 4564 1080 4619; x_wconf 78' lang='grc' dir='ltr'>αὐτῶν</span> <span class='ocrx_word' id='word_1_445' title='bbox 1113 4567 1145 4635; x_wconf 77' lang='grc' dir='ltr'>ἡ</span> <span class='ocrx_word' id='word_1_446' title='bbox 1181 4566 1358 4634; x_wconf 80' lang='grc' dir='ltr'>χρεία’</span> <span class='ocrx_word' id='word_1_447' title='bbox 1396 4564 1532 4618; x_wconf 85' lang='grc' dir='ltr'>ἀλλά</span> <span class='ocrx_word' id='word_1_448' title='bbox 1559 4565 1702 4627; x_wconf 88' lang='grc' dir='ltr'>τότε,</span> <span class='ocrx_word' id='word_1_449' title='bbox 1740 4565 1828 4617; x_wconf 78' lang='grc' dir='ltr'>ὅτε</span> <span class='ocrx_word' id='word_1_450' title='bbox 1862 4566 1890 4617; x_wconf 93' lang='lat'>6</span> <span class='ocrx_word' id='word_1_451' title='bbox 1926 4584 2049 4620; x_wconf 87' lang='grc' dir='ltr'>και-</span> 
     </span>
    </p>
   </div>
   <div class='ocr_carea' id='block_1_53' title="bbox 467 4647 2045 4723">
    <p class='ocr_par' dir='ltr' id='par_1_53' title="bbox 467 4647 2045 4723">
     <span class='ocr_line' id='line_1_53' title="bbox 467 4647 2045 4723; baseline -0.001 -18"><span class='ocrx_word' id='word_1_452' title='bbox 467 4652 556 4722; x_wconf 78' lang='grc' dir='ltr'>ρὸς</span> <span class='ocrx_word' id='word_1_453' title='bbox 589 4652 729 4706; x_wconf 88' lang='grc' dir='ltr'>αὐτά</span> <span class='ocrx_word' id='word_1_454' title='bbox 758 4648 911 4723; x_wconf 65' lang='lat'><strong>[250]</strong></span> <span class='ocrx_word' id='word_1_455' title='bbox 945 4648 1148 4702; x_wconf 79' lang='grc' dir='ltr'>ἐκάλει·</span> <span class='ocrx_word' id='word_1_456' title='bbox 1192 4647 1391 4718; x_wconf 80' lang='grc' dir='ltr'>μᾶλλον</span> <span class='ocrx_word' id='word_1_457' title='bbox 1418 4647 1496 4713; x_wconf 86' lang='grc' dir='ltr'>δέ,</span> <span class='ocrx_word' id='word_1_458' title='bbox 1525 4648 1571 4700; x_wconf 84' lang='grc' dir='ltr'>εἰ</span> <span class='ocrx_word' id='word_1_459' title='bbox 1596 4647 1794 4717; x_wconf 81' lang='grc' dir='ltr'>βούλει,</span> <span class='ocrx_word' id='word_1_460' title='bbox 1818 4650 1910 4703; x_wconf 74' lang='grc' dir='ltr'>καὶ</span> <span class='ocrx_word' id='word_1_461' title='bbox 1933 4650 2045 4704; x_wconf 86' lang='grc' dir='ltr'>νῦν.</span> 
     </span>
    </p>
   </div>
   <div class='ocr_carea' id='block_1_54' title="bbox 460 4729 2050 4806">
    <p class='ocr_par' dir='ltr' id='par_1_54' title="bbox 460 4729 2050 4806">
     <span class='ocr_line' id='line_1_54' title="bbox 460 4729 2050 4806; baseline -0.001 -18"><span class='ocrx_word' id='word_1_462' title='bbox 460 4737 572 4788; x_wconf 74' lang='grc' dir='ltr'>Καὶ</span> <span class='ocrx_word' id='word_1_463' title='bbox 600 4735 709 4806; x_wconf 80' lang='grc' dir='ltr'>γὰρ</span> <span class='ocrx_word' id='word_1_464' title='bbox 750 4734 845 4788; x_wconf 77' lang='grc' dir='ltr'>καὶ</span> <span class='ocrx_word' id='word_1_465' title='bbox 883 4731 980 4786; x_wconf 91' lang='grc' dir='ltr'>νῦν</span> <span class='ocrx_word' id='word_1_466' title='bbox 1023 4733 1056 4804; x_wconf 81' lang='grc' dir='ltr'>ἡ</span> <span class='ocrx_word' id='word_1_467' title='bbox 1100 4731 1270 4802; x_wconf 80' lang='grc' dir='ltr'>ἀρετὴ</span> <span class='ocrx_word' id='word_1_468' title='bbox 1309 4729 1490 4783; x_wconf 82' lang='grc' dir='ltr'>αὐτῶν</span> <span class='ocrx_word' id='word_1_469' title='bbox 1537 4730 1829 4798; x_wconf 78' lang='grc' dir='ltr'>δείκνυται,</span> <span class='ocrx_word' id='word_1_470' title='bbox 1877 4732 1921 4763; x_wconf 86' lang='grc'>³³</span> <span class='ocrx_word' id='word_1_471' title='bbox 1955 4735 2050 4787; x_wconf 78' lang='grc' dir='ltr'>καὶ</span> 
     </span>
    </p>
   </div>
   <div class='ocr_carea' id='block_1_55' title="bbox 461 4814 2046 4888">
    <p class='ocr_par' dir='ltr' id='par_1_55' title="bbox 461 4814 2046 4888">
     <span class='ocr_line' id='line_1_55' title="bbox 461 4814 2046 4888; baseline -0.002 -17"><span class='ocrx_word' id='word_1_472' title='bbox 461 4818 528 4871; x_wconf 86' lang='grc' dir='ltr'>δι’</span> <span class='ocrx_word' id='word_1_473' title='bbox 552 4819 683 4871; x_wconf 76' lang='grc' dir='ltr'>αὐτὸ</span> <span class='ocrx_word' id='word_1_474' title='bbox 707 4817 864 4871; x_wconf 89' lang='grc' dir='ltr'>τοῦτο</span> <span class='ocrx_word' id='word_1_475' title='bbox 898 4816 1151 4888; x_wconf 85' lang='grc' dir='ltr'>μάλιστα,</span> <span class='ocrx_word' id='word_1_476' title='bbox 1182 4815 1248 4868; x_wconf 80' lang='grc' dir='ltr'>δι’</span> <span class='ocrx_word' id='word_1_477' title='bbox 1278 4815 1306 4866; x_wconf 83' lang='lat'>6</span> <span class='ocrx_word' id='word_1_478' title='bbox 1333 4814 1464 4886; x_wconf 81' lang='grc' dir='ltr'>παρ’</span> <span class='ocrx_word' id='word_1_479' title='bbox 1495 4814 1650 4886; x_wconf 80' lang='grc' dir='ltr'>ημῶν</span> <span class='ocrx_word' id='word_1_480' title='bbox 1683 4815 2046 4873; x_wconf 79' lang='grc' dir='ltr'>διαϐάλλεται,</span> 
     </span>
    </p>
   </div>
   <div class='ocr_carea' id='block_1_56' title="bbox 463 4896 2048 4971">
    <p class='ocr_par' dir='ltr' id='par_1_56' title="bbox 463 4896 2048 4971">
     <span class='ocr_line' id='line_1_56' title="bbox 463 4896 2048 4971; baseline 0 -20"><span class='ocrx_word' id='word_1_481' title='bbox 463 4901 536 4952; x_wconf 84' lang='grc' dir='ltr'>Ίὸ</span> <span class='ocrx_word' id='word_1_482' title='bbox 563 4901 672 4971; x_wconf 73' lang='grc' dir='ltr'>γάρ</span> <span class='ocrx_word' id='word_1_483' title='bbox 688 4900 913 4954; x_wconf 85' lang='grc' dir='ltr'>τοιαῦτα</span> <span class='ocrx_word' id='word_1_484' title='bbox 937 4900 1077 4954; x_wconf 85' lang='grc' dir='ltr'>αὐτά</span> <span class='ocrx_word' id='word_1_485' title='bbox 1102 4898 1389 4970; x_wconf 85' lang='grc' dir='ltr'>φαίνεσθαι</span> <span class='ocrx_word' id='word_1_486' title='bbox 1419 4896 1536 4963; x_wconf 90' lang='grc' dir='ltr'>νῦν,</span> <span class='ocrx_word' id='word_1_487' title='bbox 1567 4899 1841 4969; x_wconf 89' lang='grc' dir='ltr'>ἐγκώμιον</span> <span class='ocrx_word' id='word_1_488' title='bbox 1868 4901 2048 4952; x_wconf 76' lang='grc' dir='ltr'>αὐτῶν</span> 
     </span>
    </p>
   </div>
   <div class='ocr_carea' id='block_1_57' title="bbox 464 4983 2048 5055">
    <p class='ocr_par' dir='ltr' id='par_1_57' title="bbox 464 4983 2048 5055">
     <span class='ocr_line' id='line_1_57' title="bbox 464 4983 2048 5055; baseline 0.002 -20"><span class='ocrx_word' id='word_1_489' title='bbox 464 4984 723 5052; x_wconf 81' lang='grc' dir='ltr'>μέγιστόν</span> <span class='ocrx_word' id='word_1_490' title='bbox 753 4987 918 5040; x_wconf 89' lang='grc' dir='ltr'>ἐστιν.</span> <span class='ocrx_word' id='word_1_491' title='bbox 965 4985 1026 5038; x_wconf 79' lang='grc' dir='ltr'>ἰ·ἰὶ</span> <span class='ocrx_word' id='word_1_492' title='bbox 1055 4985 1164 5054; x_wconf 82' lang='grc' dir='ltr'>γάρ</span> <span class='ocrx_word' id='word_1_493' title='bbox 1198 4985 1272 5054; x_wconf 80' lang='grc' dir='ltr'>μὴ</span> <span class='ocrx_word' id='word_1_494' title='bbox 1303 4983 1484 5047; x_wconf 84' lang='grc' dir='ltr'>καλῶς</span> <span class='ocrx_word' id='word_1_495' title='bbox 1511 4985 1662 5055; x_wconf 81' lang='grc' dir='ltr'>ἡμᾶς</span> <span class='ocrx_word' id='word_1_496' title='bbox 1703 4984 1917 5055; x_wconf 74' lang='grc' dir='ltr'>ἔθρεψε,</span> <span class='ocrx_word' id='word_1_497' title='bbox 1955 4986 2048 5038; x_wconf 74' lang='grc' dir='ltr'>καὶ</span> 
     </span>
    </p>
   </div>
   <div class='ocr_carea' id='block_1_58' title="bbox 463 5066 2046 5139">
    <p class='ocr_par' dir='ltr' id='par_1_58' title="bbox 463 5066 2046 5139">
     <span class='ocr_line' id='line_1_58' title="bbox 463 5066 2046 5139; baseline 0.001 -21"><span class='ocrx_word' id='word_1_498' title='bbox 463 5068 600 5137; x_wconf 79' lang='grc' dir='ltr'>πρὸς</span> <span class='ocrx_word' id='word_1_499' title='bbox 629 5066 727 5136; x_wconf 72' lang='grc' dir='ltr'>τὴν</span> <span class='ocrx_word' id='word_1_500' title='bbox 757 5067 869 5119; x_wconf 84' lang='grc' dir='ltr'>τῶν</span> <span class='ocrx_word' id='word_1_501' title='bbox 907 5069 1170 5137; x_wconf 75' lang='grc' dir='ltr'>μειζόνων</span> <span class='ocrx_word' id='word_1_502' title='bbox 1199 5067 1464 5139; x_wconf 80' lang='grc' dir='ltr'>ὑποδοχὴν</span> <span class='ocrx_word' id='word_1_503' title='bbox 1488 5067 1826 5137; x_wconf 81' lang='grc' dir='ltr'>ἐπιτηδείους</span> <span class='ocrx_word' id='word_1_504' title='bbox 1857 5068 2046 5137; x_wconf 78' lang='grc' dir='ltr'>ἐποίη-</span> 
     </span>
    </p>
   </div>
   <div class='ocr_carea' id='block_1_59' title="bbox 464 5148 2046 5224">
    <p class='ocr_par' dir='ltr' id='par_1_59' title="bbox 464 5148 2046 5224">
     <span class='ocr_line' id='line_1_59' title="bbox 464 5148 2046 5224; baseline -0.002 -18"><span class='ocrx_word' id='word_1_505' title='bbox 464 5163 574 5214; x_wconf 72' lang='grc' dir='ltr'>σεν,</span> <span class='ocrx_word' id='word_1_506' title='bbox 603 5154 703 5206; x_wconf 89' lang='grc' dir='ltr'>οὐκ</span> <span class='ocrx_word' id='word_1_507' title='bbox 726 5151 790 5205; x_wconf 84' lang='grc' dir='ltr'>ἀν</span> <span class='ocrx_word' id='word_1_508' title='bbox 824 5152 996 5222; x_wconf 85' lang='grc' dir='ltr'>ἐφάνη</span> <span class='ocrx_word' id='word_1_509' title='bbox 1022 5153 1486 5224; x_wconf 84' lang='grc' dir='ltr'>τοιαῦτα.”Ωσπερ</span> <span class='ocrx_word' id='word_1_510' title='bbox 1510 5148 1647 5206; x_wconf 77' lang='grc' dir='ltr'>οὗνὸ</span> <span class='ocrx_word' id='word_1_511' title='bbox 1673 5151 1894 5222; x_wconf 82' lang='grc' dir='ltr'>μαστὸς,</span> <span class='ocrx_word' id='word_1_512' title='bbox 1919 5153 2046 5206; x_wconf 77' lang='grc' dir='ltr'>ὅταν</span> 
     </span>
    </p>
   </div>
   <div class='ocr_carea' id='block_1_60' title="bbox 461 5234 2046 5308">
    <p class='ocr_par' dir='ltr' id='par_1_60' title="bbox 461 5234 2046 5308">
     <span class='ocr_line' id='line_1_60' title="bbox 461 5234 2046 5308; baseline -0.001 -18"><span class='ocrx_word' id='word_1_513' title='bbox 461 5239 518 5290; x_wconf 77' lang='grc' dir='ltr'>τὸ</span> <span class='ocrx_word' id='word_1_514' title='bbox 560 5236 724 5290; x_wconf 82' lang='grc' dir='ltr'>αὐτοῦ</span> <span class='ocrx_word' id='word_1_515' title='bbox 781 5234 1044 5308; x_wconf 81' lang='grc' dir='ltr'>πληρώση</span> <span class='ocrx_word' id='word_1_516' title='bbox 1092 5239 1219 5299; x_wconf 76' lang='grc' dir='ltr'>πᾶν,</span> <span class='ocrx_word' id='word_1_517' title='bbox 1277 5239 1370 5290; x_wconf 69' lang='grc' dir='ltr'>καὶ</span> <span class='ocrx_word' id='word_1_518' title='bbox 1410 5238 1545 5307; x_wconf 70' lang='grc' dir='ltr'>πρὸς</span> <span class='ocrx_word' id='word_1_519' title='bbox 1577 5239 1676 5308; x_wconf 78' lang='grc' dir='ltr'>τὴν</span> <span class='ocrx_word' id='word_1_520' title='bbox 1711 5237 2046 5307; x_wconf 75' lang='grc' dir='ltr'>τελειοτέραν</span> 
     </span>
    </p>
   </div>
   <div class='ocr_carea' id='block_1_61' title="bbox 460 5320 2046 5392">
    <p class='ocr_par' dir='ltr' id='par_1_61' title="bbox 460 5320 2046 5392">
     <span class='ocr_line' id='line_1_61' title="bbox 460 5320 2046 5392; baseline 0.001 -20"><span class='ocrx_word' id='word_1_521' title='bbox 460 5320 744 5389; x_wconf 80' lang='grc' dir='ltr'>τράπεζαν</span> <span class='ocrx_word' id='word_1_522' title='bbox 787 5320 848 5373; x_wconf 86' lang='grc' dir='ltr'>τὸ</span> <span class='ocrx_word' id='word_1_523' title='bbox 883 5320 1096 5373; x_wconf 85' lang='grc' dir='ltr'>παιδίον</span> <span class='ocrx_word' id='word_1_524' title='bbox 1129 5321 1500 5392; x_wconf 74' lang='grc' dir='ltr'>παραπέμπη,</span> <span class='ocrx_word' id='word_1_525' title='bbox 1547 5320 1731 5373; x_wconf 79' lang='grc' dir='ltr'>λοιπὸν</span> <span class='ocrx_word' id='word_1_526' title='bbox 1774 5320 2046 5391; x_wconf 76' lang='grc' dir='ltr'>ἄχρηστος</span> 
     </span>
    </p>
   </div>
   <div class='ocr_carea' id='block_1_62' title="bbox 461 5399 2046 5475">
    <p class='ocr_par' dir='ltr' id='par_1_62' title="bbox 461 5399 2046 5475">
     <span class='ocr_line' id='line_1_62' title="bbox 461 5399 2046 5475; baseline -0.001 -20"><span class='ocrx_word' id='word_1_527' title='bbox 461 5406 733 5472; x_wconf 79' lang='grc' dir='ltr'>φαίνεται,</span> <span class='ocrx_word' id='word_1_528' title='bbox 765 5405 861 5459; x_wconf 74' lang='grc' dir='ltr'>καὶ</span> <span class='ocrx_word' id='word_1_529' title='bbox 897 5404 946 5457; x_wconf 83' lang='grc' dir='ltr'>οἰ</span> <span class='ocrx_word' id='word_1_530' title='bbox 987 5403 1252 5475; x_wconf 88' lang='grc' dir='ltr'>πρότερον</span> <span class='ocrx_word' id='word_1_531' title='bbox 1277 5405 1575 5471; x_wconf 85' lang='grc' dir='ltr'>ἀναγκαῖον</span> <span class='ocrx_word' id='word_1_532' title='bbox 1605 5403 1766 5456; x_wconf 62' lang='grc' dir='ltr'>αὐτὴν</span> <span class='ocrx_word' id='word_1_533' title='bbox 1792 5399 1930 5456; x_wconf 82' lang='grc' dir='ltr'>εἷναι</span> <span class='ocrx_word' id='word_1_534' title='bbox 1962 5422 2046 5454; x_wconf 88' lang='grc' dir='ltr'>νο-</span> 
     </span>
    </p>
   </div>
   <div class='ocr_carea' id='block_1_63' title="bbox 461 5487 2044 5562">
    <p class='ocr_par' dir='ltr' id='par_1_63' title="bbox 461 5487 2044 5562">
     <span class='ocr_line' id='line_1_63' title="bbox 461 5487 2044 5562; baseline 0.003 -25"><span class='ocrx_word' id='word_1_535' title='bbox 461 5489 711 5560; x_wconf 62' lang='grc' dir='ltr'>μίζοντες</span> <span class='ocrx_word' id='word_1_536' title='bbox 757 5490 836 5562; x_wconf 78' lang='grc' dir='ltr'>τῷ</span> <span class='ocrx_word' id='word_1_537' title='bbox 888 5489 1088 5560; x_wconf 86' lang='grc' dir='ltr'>παιδίῳ</span> <span class='ocrx_word' id='word_1_538' title='bbox 1116 5490 1314 5559; x_wconf 82' lang='grc' dir='ltr'>γονεῖς,</span> <span class='ocrx_word' id='word_1_539' title='bbox 1362 5487 1577 5559; x_wconf 86' lang='grc' dir='ltr'>μυρίοις</span> <span class='ocrx_word' id='word_1_540' title='bbox 1619 5488 1783 5542; x_wconf 78' lang='grc' dir='ltr'>αὐτὸν</span> <span class='ocrx_word' id='word_1_541' title='bbox 1821 5487 2044 5541; x_wconf 84' lang='grc' dir='ltr'>διαϐάλ-</span> 
     </span>
    </p>
   </div>
   <div class='ocr_carea' id='block_1_64' title="bbox 1141 265 3020 329">
    <p class='ocr_par' dir='ltr' id='par_1_64' title="bbox 1141 265 3020 329">
     <span class='ocr_line' id='line_1_64' title="bbox 1141 265 3020 329; baseline -0.004 0"><span class='ocrx_word' id='word_1_542' title='bbox 1141 273 1198 329; x_wconf 90' lang='lat' dir='ltr'>S.</span> <span class='ocrx_word' id='word_1_543' title='bbox 1242 271 1529 328; x_wconf 77' lang='lat' dir='ltr'>JOANNIS</span> <span class='ocrx_word' id='word_1_544' title='bbox 1567 269 2063 327; x_wconf 74' lang='lat' dir='ltr'>CHRYSOSTOMI</span> <span class='ocrx_word' id='word_1_545' title='bbox 2103 269 2425 328; x_wconf 78' lang='lat' dir='ltr'>ARCHIEP.</span> <span class='ocrx_word' id='word_1_546' title='bbox 2466 265 3020 326; x_wconf 71' lang='lat' dir='ltr'>CONSTA&#39;NTINOP.</span> 
     </span>
    </p>
   </div>
   <div class='ocr_carea' id='block_1_65' title="bbox 3625 271 3735 326">
    <p class='ocr_par' dir='ltr' id='par_1_65' title="bbox 3625 271 3735 326">
     <span class='ocr_line' id='line_1_65' title="bbox 3625 271 3735 326; baseline 0.027 -3"><span class='ocrx_word' id='word_1_547' title='bbox 3625 271 3735 326; x_wconf 67' lang='lat'>262</span> 
     </span>
    </p>
   </div>
   <div class='ocr_carea' id='block_1_66' title="bbox 2143 377 3737 453">
    <p class='ocr_par' dir='ltr' id='par_1_66' title="bbox 2143 377 3737 453">
     <span class='ocr_line' id='line_1_66' title="bbox 2143 377 3737 453; baseline 0.001 -19"><span class='ocrx_word' id='word_1_548' title='bbox 2143 381 2294 434; x_wconf 89' lang='grc' dir='ltr'>λουσι</span> <span class='ocrx_word' id='word_1_549' title='bbox 2328 377 2645 452; x_wconf 78' lang='grc' dir='ltr'>σκώμμασι·</span> <span class='ocrx_word' id='word_1_550' title='bbox 2673 379 2858 432; x_wconf 88' lang='grc' dir='ltr'>πολλοί</span> <span class='ocrx_word' id='word_1_551' title='bbox 2885 380 2940 433; x_wconf 90' lang='grc' dir='ltr'>δὲ</span> <span class='ocrx_word' id='word_1_552' title='bbox 2967 380 3086 433; x_wconf 88' lang='grc' dir='ltr'>οὐδέ</span> <span class='ocrx_word' id='word_1_553' title='bbox 3116 381 3356 452; x_wconf 81' lang='grc' dir='ltr'>ῥήμασιν</span> <span class='ocrx_word' id='word_1_554' title='bbox 3376 380 3543 434; x_wconf 78' lang='grc' dir='ltr'>αὐτὸν</span> <span class='ocrx_word' id='word_1_555' title='bbox 3572 385 3737 453; x_wconf 77' lang='grc' dir='ltr'>μόνον</span> 
     </span>
    </p>
   </div>
   <div class='ocr_carea' id='block_1_67' title="bbox 2142 462 3740 540">
    <p class='ocr_par' dir='ltr' id='par_1_67' title="bbox 2142 462 3740 540">
     <span class='ocr_line' id='line_1_67' title="bbox 2142 462 3740 540; baseline -0.001 -22"><span class='ocrx_word' id='word_1_556' title='bbox 2142 463 2543 525; x_wconf 88' lang='grc' dir='ltr'>διαϐάλλουσιν,</span> <span class='ocrx_word' id='word_1_557' title='bbox 2585 462 2720 516; x_wconf 81' lang='grc' dir='ltr'>ἀλλὰ</span> <span class='ocrx_word' id='word_1_558' title='bbox 2764 465 2859 517; x_wconf 82' lang='grc' dir='ltr'>καί</span> <span class='ocrx_word' id='word_1_559' title='bbox 2908 467 3124 536; x_wconf 84' lang='grc' dir='ltr'>πικροῖς</span> <span class='ocrx_word' id='word_1_560' title='bbox 3167 465 3476 537; x_wconf 86' lang='grc' dir='ltr'>ἐπιχρίουσι</span> <span class='ocrx_word' id='word_1_561' title='bbox 3519 467 3566 500; x_wconf 68' lang='grc'>³⁵</span> <span class='ocrx_word' id='word_1_562' title='bbox 3600 486 3740 540; x_wconf 63' lang='lat' dir='ltr'>epap-</span> 
     </span>
    </p>
   </div>
   <div class='ocr_carea' id='block_1_68' title="bbox 2149 546 3740 622">
    <p class='ocr_par' dir='ltr' id='par_1_68' title="bbox 2149 546 3740 622">
     <span class='ocr_line' id='line_1_68' title="bbox 2149 546 3740 622; baseline 0.004 -22"><span class='ocrx_word' id='word_1_563' title='bbox 2149 549 2365 618; x_wconf 88' lang='grc' dir='ltr'>μάκοις,</span> <span class='ocrx_word' id='word_1_564' title='bbox 2395 548 2460 601; x_wconf 80' lang='grc' dir='ltr'>ἵν’</span> <span class='ocrx_word' id='word_1_565' title='bbox 2488 548 2618 601; x_wconf 84' lang='grc' dir='ltr'>ὅταν</span> <span class='ocrx_word' id='word_1_566' title='bbox 2668 547 2744 619; x_wconf 83' lang='grc' dir='ltr'>μὴ</span> <span class='ocrx_word' id='word_1_567' title='bbox 2779 546 2973 619; x_wconf 87' lang='grc' dir='ltr'>ἰσχύσῃ</span> <span class='ocrx_word' id='word_1_568' title='bbox 3001 548 3067 602; x_wconf 84' lang='grc' dir='ltr'>τά</span> <span class='ocrx_word' id='word_1_569' title='bbox 3098 551 3319 620; x_wconf 76' lang='grc' dir='ltr'>ῥήματα</span> <span class='ocrx_word' id='word_1_570' title='bbox 3365 547 3464 622; x_wconf 81' lang='grc' dir='ltr'>τὴν</span> <span class='ocrx_word' id='word_1_571' title='bbox 3507 551 3740 622; x_wconf 82' lang='grc' dir='ltr'>ἄκαιρον</span> 
     </span>
    </p>
   </div>
   <div class='ocr_carea' id='block_1_69' title="bbox 2146 630 3739 711">
    <p class='ocr_par' dir='ltr' id='par_1_69' title="bbox 2146 630 3739 711">
     <span class='ocr_line' id='line_1_69' title="bbox 2146 630 3739 711; baseline 0.006 -28"><span class='ocrx_word' id='word_1_572' title='bbox 2146 633 2274 701; x_wconf 74' lang='grc' dir='ltr'>περὶ</span> <span class='ocrx_word' id='word_1_573' title='bbox 2304 631 2466 686; x_wconf 82' lang='grc' dir='ltr'>αὐτὸν</span> <span class='ocrx_word' id='word_1_574' title='bbox 2501 630 2739 684; x_wconf 87' lang='grc' dir='ltr'>διάθεσιν</span> <span class='ocrx_word' id='word_1_575' title='bbox 2793 630 3002 708; x_wconf 79' lang='grc' dir='ltr'>ἀνελεῖν</span> <span class='ocrx_word' id='word_1_576' title='bbox 3036 631 3146 711; x_wconf 32' lang='grc' dir='ltr'>τοῦ,</span> <span class='ocrx_word' id='word_1_577' title='bbox 3181 633 3422 698; x_wconf 81' lang='grc' dir='ltr'>παιδίου,</span> <span class='ocrx_word' id='word_1_578' title='bbox 3454 634 3523 688; x_wconf 76' lang='grc' dir='ltr'>τά</span> <span class='ocrx_word' id='word_1_579' title='bbox 3556 638 3739 708; x_wconf 82' lang='grc' dir='ltr'>πράγ-</span> 
     </span>
    </p>
   </div>
   <div class='ocr_carea' id='block_1_70' title="bbox 2149 707 3141 787">
    <p class='ocr_par' dir='ltr' id='par_1_70' title="bbox 2149 707 3141 787">
     <span class='ocr_line' id='line_1_70' title="bbox 2149 707 3141 787; baseline -0.004 -18"><span class='ocrx_word' id='word_1_580' title='bbox 2149 733 2294 787; x_wconf 88' lang='grc' dir='ltr'>ματα</span> <span class='ocrx_word' id='word_1_581' title='bbox 2326 716 2494 786; x_wconf 75' lang='grc' dir='ltr'>σϐέσῃ</span> <span class='ocrx_word' id='word_1_582' title='bbox 2526 715 2617 768; x_wconf 81' lang='grc' dir='ltr'>τὸν</span> <span class='ocrx_word' id='word_1_583' title='bbox 2657 714 2842 767; x_wconf 84' lang='grc' dir='ltr'>πόθον.</span> <span class='ocrx_word' id='word_1_584' title='bbox 2923 707 2928 711; x_wconf 60' lang='grc'><em>’</em></span> <span class='ocrx_word' id='word_1_585' title='bbox 2981 707 2984 708; x_wconf 17' lang='grc' dir='ltr'><em>ν</em></span> <span class='ocrx_word' id='word_1_586' title='bbox 3063 707 3069 711; x_wconf 62' lang='grc'><em>’</em></span> <span class='ocrx_word' id='word_1_587' title='bbox 3117 707 3141 712; x_wconf 66' lang='grc'><strong>”</strong></span> 
     </span>
    </p>
   </div>
   <div class='ocr_carea' id='block_1_71' title="bbox 2221 799 3741 875">
    <p class='ocr_par' dir='ltr' id='par_1_71' title="bbox 2221 799 3741 875">
     <span class='ocr_line' id='line_1_71' title="bbox 2221 799 3741 875; baseline 0.005 -23"><span class='ocrx_word' id='word_1_588' title='bbox 2221 806 2295 864; x_wconf 72' lang='grc' dir='ltr'>ς’.</span> <span class='ocrx_word' id='word_1_589' title='bbox 2316 799 2472 853; x_wconf 84' lang='grc' dir='ltr'>Οῦτω</span> <span class='ocrx_word' id='word_1_590' title='bbox 2499 801 2592 852; x_wconf 75' lang='grc' dir='ltr'>καὶ</span> <span class='ocrx_word' id='word_1_591' title='bbox 2608 801 2635 850; x_wconf 91' lang='lat'>6</span> <span class='ocrx_word' id='word_1_592' title='bbox 2659 799 2894 869; x_wconf 83' lang='grc' dir='ltr'>Χριστὸς</span> <span class='ocrx_word' id='word_1_593' title='bbox 2911 800 2974 852; x_wconf 91' lang='grc' dir='ltr'>ἐκ</span> <span class='ocrx_word' id='word_1_594' title='bbox 3007 802 3102 854; x_wconf 89' lang='grc' dir='ltr'>τοῦ</span> <span class='ocrx_word' id='word_1_595' title='bbox 3125 800 3360 872; x_wconf 85' lang='grc' dir='ltr'>πονηροῦ</span> <span class='ocrx_word' id='word_1_596' title='bbox 3383 803 3522 856; x_wconf 87' lang='grc' dir='ltr'>αὐτά</span> <span class='ocrx_word' id='word_1_597' title='bbox 3538 803 3741 875; x_wconf 80' lang='grc' dir='ltr'>ἔφησεν</span> 
     </span>
    </p>
   </div>
   <div class='ocr_carea' id='block_1_72' title="bbox 2148 881 3735 956">
    <p class='ocr_par' dir='ltr' id='par_1_72' title="bbox 2148 881 3735 956">
     <span class='ocr_line' id='line_1_72' title="bbox 2148 881 3735 956; baseline 0.004 -20"><span class='ocrx_word' id='word_1_598' title='bbox 2148 881 2310 945; x_wconf 76' lang='grc' dir='ltr'>εἶναι,</span> <span class='ocrx_word' id='word_1_599' title='bbox 2339 884 2438 953; x_wconf 87' lang='grc' dir='ltr'>οὐχ</span> <span class='ocrx_word' id='word_1_600' title='bbox 2466 884 2550 936; x_wconf 83' lang='grc' dir='ltr'>ίνα</span> <span class='ocrx_word' id='word_1_601' title='bbox 2578 883 2723 956; x_wconf 79' lang='grc' dir='ltr'>δείξῃ</span> <span class='ocrx_word' id='word_1_602' title='bbox 2754 883 2848 937; x_wconf 89' lang='grc' dir='ltr'>τοῦ</span> <span class='ocrx_word' id='word_1_603' title='bbox 2875 884 3122 939; x_wconf 85' lang='grc' dir='ltr'>διαϐόλου</span> <span class='ocrx_word' id='word_1_604' title='bbox 3154 887 3253 956; x_wconf 77' lang='grc' dir='ltr'>τὴν</span> <span class='ocrx_word' id='word_1_605' title='bbox 3284 885 3519 940; x_wconf 79' lang='grc' dir='ltr'>παλαιάν</span> <span class='ocrx_word' id='word_1_606' title='bbox 3547 885 3735 951; x_wconf 76' lang='grc' dir='ltr'>οὖσαν,</span> 
     </span>
    </p>
   </div>
   <div class='ocr_carea' id='block_1_73' title="bbox 2147 965 3743 1043">
    <p class='ocr_par' dir='ltr' id='par_1_73' title="bbox 2147 965 3743 1043">
     <span class='ocr_line' id='line_1_73' title="bbox 2147 965 3743 1043; baseline 0.005 -25"><span class='ocrx_word' id='word_1_607' title='bbox 2147 965 2379 1020; x_wconf 84' lang='grc' dir='ltr'>ἀλλ’ἵνα</span> <span class='ocrx_word' id='word_1_608' title='bbox 2408 966 2548 1036; x_wconf 84' lang='grc' dir='ltr'>μετὰ</span> <span class='ocrx_word' id='word_1_609' title='bbox 2589 967 2790 1037; x_wconf 84' lang='grc' dir='ltr'>πολλῆς</span> <span class='ocrx_word' id='word_1_610' title='bbox 2818 966 2919 1037; x_wconf 82' lang='grc' dir='ltr'>τῆς</span> <span class='ocrx_word' id='word_1_611' title='bbox 2971 969 3278 1040; x_wconf 80' lang='grc' dir='ltr'>ὑπερϐολῆς</span> <span class='ocrx_word' id='word_1_612' title='bbox 3328 971 3592 1043; x_wconf 82' lang='grc' dir='ltr'>ἀπαγάγῃ</span> <span class='ocrx_word' id='word_1_613' title='bbox 3639 973 3743 1042; x_wconf 80' lang='grc' dir='ltr'>τῆς</span> 
     </span>
    </p>
   </div>
   <div class='ocr_carea' id='block_1_74' title="bbox 2149 1047 3740 1121">
    <p class='ocr_par' dir='ltr' id='par_1_74' title="bbox 2149 1047 3740 1121">
     <span class='ocr_line' id='line_1_74' title="bbox 2149 1047 3740 1121; baseline 0.003 -19"><span class='ocrx_word' id='word_1_614' title='bbox 2149 1048 2390 1112; x_wconf 78' lang='grc' dir='ltr'>παλαιᾶς</span> <span class='ocrx_word' id='word_1_615' title='bbox 2421 1047 2714 1110; x_wconf 80' lang='grc' dir='ltr'>εὐτελείας.</span> <span class='ocrx_word' id='word_1_616' title='bbox 2756 1049 2864 1102; x_wconf 78' lang='grc' dir='ltr'>Καὶ</span> <span class='ocrx_word' id='word_1_617' title='bbox 2908 1049 3045 1121; x_wconf 77' lang='grc' dir='ltr'>πρὸς</span> <span class='ocrx_word' id='word_1_618' title='bbox 3083 1051 3180 1120; x_wconf 82' lang='grc' dir='ltr'>μὲν</span> <span class='ocrx_word' id='word_1_619' title='bbox 3215 1052 3411 1116; x_wconf 81' lang='grc' dir='ltr'>αὐτοὺς</span> <span class='ocrx_word' id='word_1_620' title='bbox 3453 1053 3627 1107; x_wconf 85' lang='grc' dir='ltr'>ταῦτα</span> <span class='ocrx_word' id='word_1_621' title='bbox 3655 1054 3740 1107; x_wconf 83' lang='grc' dir='ltr'>λέ-</span> 
     </span>
    </p>
   </div>
   <div class='ocr_carea' id='block_1_75' title="bbox 2149 1133 3740 1206">
    <p class='ocr_par' dir='ltr' id='par_1_75' title="bbox 2149 1133 3740 1206">
     <span class='ocr_line' id='line_1_75' title="bbox 2149 1133 3740 1206; baseline 0.003 -20"><span class='ocrx_word' id='word_1_622' title='bbox 2149 1152 2258 1204; x_wconf 76' lang='grc' dir='ltr'>γειο</span> <span class='ocrx_word' id='word_1_623' title='bbox 2294 1134 2386 1186; x_wconf 73' lang='grc' dir='ltr'>ἐπὶ</span> <span class='ocrx_word' id='word_1_624' title='bbox 2427 1133 2484 1186; x_wconf 87' lang='grc' dir='ltr'>δέ</span> <span class='ocrx_word' id='word_1_625' title='bbox 2526 1134 2635 1186; x_wconf 80' lang='grc' dir='ltr'>τῶν</span> <span class='ocrx_word' id='word_1_626' title='bbox 2681 1134 3027 1203; x_wconf 82' lang='grc' dir='ltr'>ἀναισθήτων</span> <span class='ocrx_word' id='word_1_627' title='bbox 3066 1135 3362 1201; x_wconf 84' lang='grc' dir='ltr'>Ἰουδαίων,</span> <span class='ocrx_word' id='word_1_628' title='bbox 3412 1137 3507 1190; x_wconf 82' lang='grc' dir='ltr'>καί</span> <span class='ocrx_word' id='word_1_629' title='bbox 3541 1140 3740 1206; x_wconf 86' lang='grc' dir='ltr'>ἐπιμε-</span> 
     </span>
    </p>
   </div>
   <div class='ocr_carea' id='block_1_76' title="bbox 2149 1217 3741 1294">
    <p class='ocr_par' dir='ltr' id='par_1_76' title="bbox 2149 1217 3741 1294">
     <span class='ocr_line' id='line_1_76' title="bbox 2149 1217 3741 1294; baseline 0.003 -23"><span class='ocrx_word' id='word_1_630' title='bbox 2149 1219 2350 1272; x_wconf 86' lang='grc' dir='ltr'>νόντων</span> <span class='ocrx_word' id='word_1_631' title='bbox 2396 1221 2510 1282; x_wconf 89' lang='grc' dir='ltr'>τοῖς</span> <span class='ocrx_word' id='word_1_632' title='bbox 2557 1217 2766 1281; x_wconf 77' lang='grc' dir='ltr'>αὐτοῖς.</span> <span class='ocrx_word' id='word_1_633' title='bbox 2830 1218 3082 1291; x_wconf 85' lang='grc' dir='ltr'>καθάπερ</span> <span class='ocrx_word' id='word_1_634' title='bbox 3136 1221 3331 1292; x_wconf 81' lang='grc' dir='ltr'>πικρίᾳ</span> <span class='ocrx_word' id='word_1_635' title='bbox 3377 1224 3483 1275; x_wconf 82' lang='grc' dir='ltr'>τινὶ</span> <span class='ocrx_word' id='word_1_636' title='bbox 3528 1223 3608 1292; x_wconf 82' lang='grc' dir='ltr'>τῷ</span> <span class='ocrx_word' id='word_1_637' title='bbox 3640 1225 3741 1294; x_wconf 79' lang='grc' dir='ltr'>τῆς</span> 
     </span>
    </p>
   </div>
   <div class='ocr_carea' id='block_1_77' title="bbox 2151 1301 3742 1376">
    <p class='ocr_par' dir='ltr' id='par_1_77' title="bbox 2151 1301 3742 1376">
     <span class='ocr_line' id='line_1_77' title="bbox 2151 1301 3742 1376; baseline 0.004 -21"><span class='ocrx_word' id='word_1_638' title='bbox 2151 1301 2531 1372; x_wconf 81' lang='grc' dir='ltr'>αἰχμαλωσίας</span> <span class='ocrx_word' id='word_1_639' title='bbox 2594 1302 2743 1372; x_wconf 89' lang='grc' dir='ltr'>φόϐῳ</span> <span class='ocrx_word' id='word_1_640' title='bbox 2795 1303 2894 1370; x_wconf 82' lang='grc' dir='ltr'>τὴν</span> <span class='ocrx_word' id='word_1_641' title='bbox 2935 1303 3090 1357; x_wconf 87' lang='grc' dir='ltr'>πόλιν</span> <span class='ocrx_word' id='word_1_642' title='bbox 3139 1305 3482 1376; x_wconf 86' lang='grc' dir='ltr'>περιχρίσας,</span> <span class='ocrx_word' id='word_1_643' title='bbox 3540 1309 3742 1361; x_wconf 84' lang='grc' dir='ltr'>ἄϐατον</span> 
     </span>
    </p>
   </div>
   <div class='ocr_carea' id='block_1_78' title="bbox 2151 1387 3743 1459">
    <p class='ocr_par' dir='ltr' id='par_1_78' title="bbox 2151 1387 3743 1459">
     <span class='ocr_line' id='line_1_78' title="bbox 2151 1387 3743 1459; baseline 0.003 -19"><span class='ocrx_word' id='word_1_644' title='bbox 2151 1387 2424 1456; x_wconf 85' lang='grc' dir='ltr'>ἐποίησεν.</span> <span class='ocrx_word' id='word_1_645' title='bbox 2466 1387 2682 1458; x_wconf 72' lang='grc' dir='ltr'>Ἐπειδὴ</span> <span class='ocrx_word' id='word_1_646' title='bbox 2717 1389 2771 1440; x_wconf 86' lang='grc' dir='ltr'>δέ</span> <span class='ocrx_word' id='word_1_647' title='bbox 2805 1389 2923 1440; x_wconf 85' lang='grc' dir='ltr'>οὐδέ</span> <span class='ocrx_word' id='word_1_648' title='bbox 2958 1387 3113 1442; x_wconf 89' lang='grc' dir='ltr'>τοῦτο</span> <span class='ocrx_word' id='word_1_649' title='bbox 3145 1390 3360 1459; x_wconf 72' lang='grc' dir='ltr'>ἴσχυσεν</span> <span class='ocrx_word' id='word_1_650' title='bbox 3391 1393 3585 1455; x_wconf 82' lang='grc' dir='ltr'>αὐτοὺς</span> <span class='ocrx_word' id='word_1_651' title='bbox 3616 1409 3743 1445; x_wconf 85' lang='grc' dir='ltr'>κατ-</span> 
     </span>
    </p>
   </div>
   <div class='ocr_carea' id='block_1_79' title="bbox 2153 1465 3741 1541">
    <p class='ocr_par' dir='ltr' id='par_1_79' title="bbox 2153 1465 3741 1541">
     <span class='ocr_line' id='line_1_79' title="bbox 2153 1465 3741 1541; baseline 0.002 -21"><span class='ocrx_word' id='word_1_652' title='bbox 2153 1468 2314 1537; x_wconf 87' lang='grc' dir='ltr'>έχειν.</span> <span class='ocrx_word' id='word_1_653' title='bbox 2339 1465 2473 1518; x_wconf 86' lang='grc' dir='ltr'>ἀλλά</span> <span class='ocrx_word' id='word_1_654' title='bbox 2493 1467 2654 1519; x_wconf 85' lang='grc' dir='ltr'>πάλιν</span> <span class='ocrx_word' id='word_1_655' title='bbox 2684 1467 2856 1537; x_wconf 82' lang='grc' dir='ltr'>αὐτὴν</span> <span class='ocrx_word' id='word_1_656' title='bbox 2879 1465 3184 1536; x_wconf 76' lang='grc' dir='ltr'>ἐπεθύμουν</span> <span class='ocrx_word' id='word_1_657' title='bbox 3220 1469 3365 1530; x_wconf 88' lang='grc' dir='ltr'>ἰδεῖν,</span> <span class='ocrx_word' id='word_1_658' title='bbox 3397 1469 3584 1541; x_wconf 84' lang='grc' dir='ltr'>ὥσπερ</span> <span class='ocrx_word' id='word_1_659' title='bbox 3608 1489 3741 1525; x_wconf 89' lang='grc' dir='ltr'>παι-</span> 
     </span>
    </p>
   </div>
   <div class='ocr_carea' id='block_1_80' title="bbox 2153 1549 3742 1626">
    <p class='ocr_par' dir='ltr' id='par_1_80' title="bbox 2153 1549 3742 1626">
     <span class='ocr_line' id='line_1_80' title="bbox 2153 1549 3742 1626; baseline 0.003 -23"><span class='ocrx_word' id='word_1_660' title='bbox 2153 1549 2264 1603; x_wconf 87' lang='grc' dir='ltr'>δίον</span> <span class='ocrx_word' id='word_1_661' title='bbox 2309 1550 2401 1601; x_wconf 79' lang='grc' dir='ltr'>ἐπί</span> <span class='ocrx_word' id='word_1_662' title='bbox 2448 1549 2545 1620; x_wconf 82' lang='grc' dir='ltr'>τὴν</span> <span class='ocrx_word' id='word_1_663' title='bbox 2609 1550 2775 1620; x_wconf 78' lang='grc' dir='ltr'>θηλὴν</span> <span class='ocrx_word' id='word_1_664' title='bbox 2829 1551 3277 1623; x_wconf 86' lang='grc' dir='ltr'>κατατρέχοντες,</span> <span class='ocrx_word' id='word_1_665' title='bbox 3329 1553 3510 1606; x_wconf 82' lang='grc' dir='ltr'>τέλεον</span> <span class='ocrx_word' id='word_1_666' title='bbox 3570 1555 3742 1626; x_wconf 73' lang='grc' dir='ltr'>αὐτὴν</span> 
     </span>
    </p>
   </div>
   <div class='ocr_carea' id='block_1_81' title="bbox 2152 1633 3742 1705">
    <p class='ocr_par' dir='ltr' id='par_1_81' title="bbox 2152 1633 3742 1705">
     <span class='ocr_line' id='line_1_81' title="bbox 2152 1633 3742 1705; baseline 0.004 -19"><span class='ocrx_word' id='word_1_667' title='bbox 2152 1633 2455 1703; x_wconf 68' lang='grc' dir='ltr'>ἀπέκρυψε,</span> <span class='ocrx_word' id='word_1_668' title='bbox 2517 1633 2757 1686; x_wconf 81' lang='grc' dir='ltr'>καθελών</span> <span class='ocrx_word' id='word_1_669' title='bbox 2804 1651 2863 1686; x_wconf 87' lang='grc' dir='ltr'>τε</span> <span class='ocrx_word' id='word_1_670' title='bbox 2921 1636 3114 1705; x_wconf 79' lang='grc' dir='ltr'>αὐτὴν,</span> <span class='ocrx_word' id='word_1_671' title='bbox 3171 1639 3259 1690; x_wconf 55' lang='grc' dir='ltr'>καὶ</span> <span class='ocrx_word' id='word_1_672' title='bbox 3310 1637 3436 1700; x_wconf 82' lang='grc' dir='ltr'>τούς</span> <span class='ocrx_word' id='word_1_673' title='bbox 3488 1639 3742 1704; x_wconf 89' lang='grc' dir='ltr'>πλείονας</span> 
     </span>
    </p>
   </div>
   <div class='ocr_carea' id='block_1_82' title="bbox 2154 1717 3744 1795">
    <p class='ocr_par' dir='ltr' id='par_1_82' title="bbox 2154 1717 3744 1795">
     <span class='ocr_line' id='line_1_82' title="bbox 2154 1717 3744 1795; baseline 0.006 -26"><span class='ocrx_word' id='word_1_674' title='bbox 2154 1717 2344 1788; x_wconf 80' lang='grc' dir='ltr'>πόρῤω</span> <span class='ocrx_word' id='word_1_675' title='bbox 2383 1718 2587 1787; x_wconf 87' lang='grc' dir='ltr'>ταύτης</span> <span class='ocrx_word' id='word_1_676' title='bbox 2640 1717 2962 1786; x_wconf 72' lang='grc' dir='ltr'>ἀπαγαγώψ</span> <span class='ocrx_word' id='word_1_677' title='bbox 3014 1719 3268 1792; x_wconf 83' lang='grc' dir='ltr'>καθάπερ</span> <span class='ocrx_word' id='word_1_678' title='bbox 3309 1721 3402 1775; x_wconf 78' lang='grc' dir='ltr'>ἐπί⁵</span> <span class='ocrx_word' id='word_1_679' title='bbox 3442 1723 3550 1776; x_wconf 83' lang='grc' dir='ltr'>τῶν</span> <span class='ocrx_word' id='word_1_680' title='bbox 3601 1724 3744 1795; x_wconf 81' lang='grc' dir='ltr'>βοῶν</span> 
     </span>
    </p>
   </div>
   <div class='ocr_carea' id='block_1_83' title="bbox 2155 1801 3742 1878">
    <p class='ocr_par' dir='ltr' id='par_1_83' title="bbox 2155 1801 3742 1878">
     <span class='ocr_line' id='line_1_83' title="bbox 2155 1801 3742 1878; baseline 0.007 -27"><span class='ocrx_word' id='word_1_681' title='bbox 2155 1801 2338 1855; x_wconf 69' lang='grc' dir='ltr'>πολλοὶ</span> <span class='ocrx_word' id='word_1_682' title='bbox 2384 1803 2483 1863; x_wconf 74' lang='grc' dir='ltr'>τὰς</span> <span class='ocrx_word' id='word_1_683' title='bbox 2521 1802 2780 1872; x_wconf 73' lang='grc' dir='ltr'>δαμάλεις</span> <span class='ocrx_word' id='word_1_684' title='bbox 2821 1803 3228 1868; x_wconf 82' lang='grc' dir='ltr'>ἀποκλείοντες,</span> <span class='ocrx_word' id='word_1_685' title='bbox 3271 1804 3350 1875; x_wconf 82' lang='grc' dir='ltr'>τῷ</span> <span class='ocrx_word' id='word_1_686' title='bbox 3405 1807 3581 1878; x_wconf 81' lang='grc' dir='ltr'>χρόνῳ</span> <span class='ocrx_word' id='word_1_687' title='bbox 3620 1809 3742 1862; x_wconf 61' lang='grc' dir='ltr'>πεί.</span> 
     </span>
    </p>
   </div>
   <div class='ocr_carea' id='block_1_84' title="bbox 2153 1883 3740 1958">
    <p class='ocr_par' dir='ltr' id='par_1_84' title="bbox 2153 1883 3740 1958">
     <span class='ocr_line' id='line_1_84' title="bbox 2153 1883 3740 1958; baseline 0.007 -22"><span class='ocrx_word' id='word_1_688' title='bbox 2153 1883 2337 1937; x_wconf 88' lang='grc' dir='ltr'>θουσιν</span> <span class='ocrx_word' id='word_1_689' title='bbox 2383 1885 2688 1956; x_wconf 85' lang='grc' dir='ltr'>ἀποστῆναι</span> <span class='ocrx_word' id='word_1_690' title='bbox 2733 1886 2834 1956; x_wconf 76' lang='grc' dir='ltr'>τῆς</span> <span class='ocrx_word' id='word_1_691' title='bbox 2884 1887 3122 1950; x_wconf 81' lang='grc' dir='ltr'>παλαιᾶς</span> <span class='ocrx_word' id='word_1_692' title='bbox 3169 1888 3262 1940; x_wconf 90' lang='grc' dir='ltr'>τοῦ</span> <span class='ocrx_word' id='word_1_693' title='bbox 3308 1889 3582 1958; x_wconf 84' lang='grc' dir='ltr'>γάλακτος</span> <span class='ocrx_word' id='word_1_694' title='bbox 3611 1910 3740 1946; x_wconf 73' lang='grc' dir='ltr'>συν-</span> 
     </span>
    </p>
   </div>
   <div class='ocr_carea' id='block_1_85' title="bbox 2152 1966 3742 2046">
    <p class='ocr_par' dir='ltr' id='par_1_85' title="bbox 2152 1966 3742 2046">
     <span class='ocr_line' id='line_1_85' title="bbox 2152 1966 3742 2046; baseline 0.004 -26"><span class='ocrx_word' id='word_1_695' title='bbox 2152 1968 2360 2038; x_wconf 84' lang='grc' dir='ltr'>ηθείας.</span> <span class='ocrx_word' id='word_1_696' title='bbox 2397 1971 2457 2022; x_wconf 81' lang='grc' dir='ltr'>Εἰ</span> <span class='ocrx_word' id='word_1_697' title='bbox 2494 1969 2549 2021; x_wconf 86' lang='grc' dir='ltr'>δέ</span> <span class='ocrx_word' id='word_1_698' title='bbox 2581 1968 2675 2022; x_wconf 88' lang='grc' dir='ltr'>τοῦ</span> <span class='ocrx_word' id='word_1_699' title='bbox 2713 1968 2961 2022; x_wconf 88' lang='grc' dir='ltr'>διαϐόλου</span> <span class='ocrx_word' id='word_1_700' title='bbox 2990 1966 3058 2040; x_wconf 84' lang='grc' dir='ltr'>ῆν</span> <span class='ocrx_word' id='word_1_701' title='bbox 3086 1972 3118 2039; x_wconf 85' lang='grc' dir='ltr'>ἡ</span> <span class='ocrx_word' id='word_1_702' title='bbox 3151 1971 3384 2036; x_wconf 79' lang='grc' dir='ltr'>Παλαιὰ,</span> <span class='ocrx_word' id='word_1_703' title='bbox 3418 1974 3516 2027; x_wconf 87' lang='grc' dir='ltr'>οὐκ</span> <span class='ocrx_word' id='word_1_704' title='bbox 3550 1975 3614 2027; x_wconf 83' lang='grc' dir='ltr'>ἂν</span> <span class='ocrx_word' id='word_1_705' title='bbox 3641 1975 3742 2046; x_wconf 85' lang='grc' dir='ltr'>τῆς</span> 
     </span>
    </p>
   </div>
   <div class='ocr_carea' id='block_1_86' title="bbox 2153 2053 3743 2127">
    <p class='ocr_par' dir='ltr' id='par_1_86' title="bbox 2153 2053 3743 2127">
     <span class='ocr_line' id='line_1_86' title="bbox 2153 2053 3743 2127; baseline 0.002 -23"><span class='ocrx_word' id='word_1_706' title='bbox 2153 2053 2596 2124; x_wconf 83' lang='grc' dir='ltr'>εἰδωλολατρείας</span> <span class='ocrx_word' id='word_1_707' title='bbox 2645 2053 2954 2123; x_wconf 80' lang='grc' dir='ltr'>ἀπήγαγεν,</span> <span class='ocrx_word' id='word_1_708' title='bbox 3001 2053 3136 2106; x_wconf 75' lang='grc' dir='ltr'>ἀλλὰ</span> <span class='ocrx_word' id='word_1_709' title='bbox 3186 2055 3502 2110; x_wconf 87' lang='grc' dir='ltr'>τούναντίον</span> <span class='ocrx_word' id='word_1_710' title='bbox 3545 2058 3743 2127; x_wconf 78' lang='grc' dir='ltr'>ἐνῆγεν</span> 
     </span>
    </p>
   </div>
   <div class='ocr_carea' id='block_1_87' title="bbox 2152 2135 3744 2209">
    <p class='ocr_par' dir='ltr' id='par_1_87' title="bbox 2152 2135 3744 2209">
     <span class='ocr_line' id='line_1_87' title="bbox 2152 2135 3744 2209; baseline 0.004 -21"><span class='ocrx_word' id='word_1_711' title='bbox 2152 2135 2216 2188; x_wconf 83' lang='grc' dir='ltr'>ἂν</span> <span class='ocrx_word' id='word_1_712' title='bbox 2249 2137 2328 2199; x_wconf 84' lang='grc' dir='ltr'>εἰς</span> <span class='ocrx_word' id='word_1_713' title='bbox 2358 2136 2526 2207; x_wconf 79' lang='grc' dir='ltr'>αὐτὴν</span> <span class='ocrx_word' id='word_1_714' title='bbox 2560 2136 2652 2188; x_wconf 70' lang='grc' dir='ltr'>καὶ</span> <span class='ocrx_word' id='word_1_715' title='bbox 2690 2135 2939 2189; x_wconf 83' lang='grc' dir='ltr'>ἐνέϐαλλε</span> <span class='ocrx_word' id='word_1_716' title='bbox 2974 2137 3051 2166; x_wconf 66' lang='grc' dir='ltr'>π’</span> <span class='ocrx_word' id='word_1_717' title='bbox 3097 2136 3256 2191; x_wconf 87' lang='grc' dir='ltr'>τοῦτο</span> <span class='ocrx_word' id='word_1_718' title='bbox 3287 2139 3396 2209; x_wconf 78' lang='grc' dir='ltr'>γάρ</span> <span class='ocrx_word' id='word_1_719' title='bbox 3429 2141 3457 2194; x_wconf 93' lang='lat'>6</span> <span class='ocrx_word' id='word_1_720' title='bbox 3488 2141 3744 2206; x_wconf 85' lang='grc' dir='ltr'>διάϐολος</span> 
     </span>
    </p>
   </div>
   <div class='ocr_carea' id='block_1_88' title="bbox 2152 2217 3744 2292">
    <p class='ocr_par' dir='ltr' id='par_1_88' title="bbox 2152 2217 3744 2292">
     <span class='ocr_line' id='line_1_88' title="bbox 2152 2217 3744 2292; baseline 0.006 -23"><span class='ocrx_word' id='word_1_721' title='bbox 2152 2217 2330 2288; x_wconf 69' lang='grc' dir='ltr'>ἤθελε.</span> <span class='ocrx_word' id='word_1_722' title='bbox 2366 2219 2477 2272; x_wconf 87' lang='grc' dir='ltr'>Νῦν</span> <span class='ocrx_word' id='word_1_723' title='bbox 2520 2219 2575 2271; x_wconf 87' lang='grc' dir='ltr'>δέ</span> <span class='ocrx_word' id='word_1_724' title='bbox 2615 2219 2927 2273; x_wconf 89' lang='grc' dir='ltr'>τούναντίον</span> <span class='ocrx_word' id='word_1_725' title='bbox 2960 2220 3177 2291; x_wconf 83' lang='grc' dir='ltr'>ὁρῶμεν</span> <span class='ocrx_word' id='word_1_726' title='bbox 3213 2222 3320 2276; x_wconf 84' lang='grc' dir='ltr'>ὐπὸ</span> <span class='ocrx_word' id='word_1_727' title='bbox 3367 2225 3469 2292; x_wconf 82' lang='grc' dir='ltr'>τῆς</span> <span class='ocrx_word' id='word_1_728' title='bbox 3500 2225 3744 2291; x_wconf 79' lang='grc' dir='ltr'>Παλαιᾶς</span> 
     </span>
    </p>
   </div>
   <div class='ocr_carea' id='block_1_89' title="bbox 2151 2302 3744 2375">
    <p class='ocr_par' dir='ltr' id='par_1_89' title="bbox 2151 2302 3744 2375">
     <span class='ocr_line' id='line_1_89' title="bbox 2151 2302 3744 2375; baseline 0.006 -21"><span class='ocrx_word' id='word_1_729' title='bbox 2151 2302 2454 2372; x_wconf 85' lang='grc' dir='ltr'>γινόμενον.</span> <span class='ocrx_word' id='word_1_730' title='bbox 2485 2302 2595 2354; x_wconf 84' lang='lat' dir='ltr'><strong>Kal</strong></span> <span class='ocrx_word' id='word_1_731' title='bbox 2651 2302 2782 2355; x_wconf 84' lang='grc' dir='ltr'>αὐτὸ</span> <span class='ocrx_word' id='word_1_732' title='bbox 2820 2302 2876 2355; x_wconf 83' lang='grc' dir='ltr'>δὲ</span> <span class='ocrx_word' id='word_1_733' title='bbox 2917 2303 3096 2361; x_wconf 88' lang='grc' dir='ltr'>τοῦτο.</span> <span class='ocrx_word' id='word_1_734' title='bbox 3128 2306 3157 2358; x_wconf 91' lang='lat'>6</span> <span class='ocrx_word' id='word_1_735' title='bbox 3203 2305 3386 2375; x_wconf 89' lang='grc' dir='ltr'>δρκος,</span> <span class='ocrx_word' id='word_1_736' title='bbox 3416 2308 3478 2361; x_wconf 71' lang='grc' dir='ltr'>τὸ</span> <span class='ocrx_word' id='word_1_737' title='bbox 3513 2308 3744 2363; x_wconf 70' lang='grc' dir='ltr'>παλαιὸν</span> 
     </span>
    </p>
   </div>
   <div class='ocr_carea' id='block_1_90' title="bbox 2150 2383 3743 2459">
    <p class='ocr_par' dir='ltr' id='par_1_90' title="bbox 2150 2383 3743 2459">
     <span class='ocr_line' id='line_1_90' title="bbox 2150 2383 3743 2459; baseline 0.006 -23"><span class='ocrx_word' id='word_1_738' title='bbox 2150 2383 2239 2437; x_wconf 79' lang='grc' dir='ltr'>διὰ</span> <span class='ocrx_word' id='word_1_739' title='bbox 2271 2383 2430 2437; x_wconf 84' lang='grc' dir='ltr'>τοῦτο</span> <span class='ocrx_word' id='word_1_740' title='bbox 2481 2384 2866 2456; x_wconf 81' lang='grc' dir='ltr'>ἐνομοθετήθη,</span> <span class='ocrx_word' id='word_1_741' title='bbox 2911 2385 2998 2439; x_wconf 82' lang='grc' dir='ltr'>ἵνα</span> <span class='ocrx_word' id='word_1_742' title='bbox 3041 2385 3116 2459; x_wconf 80' lang='grc' dir='ltr'>μὴ</span> <span class='ocrx_word' id='word_1_743' title='bbox 3164 2389 3306 2442; x_wconf 86' lang='grc' dir='ltr'>κατά</span> <span class='ocrx_word' id='word_1_744' title='bbox 3351 2391 3458 2444; x_wconf 83' lang='grc' dir='ltr'>τῶν</span> <span class='ocrx_word' id='word_1_745' title='bbox 3504 2393 3743 2446; x_wconf 75' lang='grc' dir='ltr'>εἰδώλων</span> 
     </span>
    </p>
   </div>
   <div class='ocr_carea' id='block_1_91' title="bbox 2151 2466 3741 2542">
    <p class='ocr_par' dir='ltr' id='par_1_91' title="bbox 2151 2466 3741 2542">
     <span class='ocr_line' id='line_1_91' title="bbox 2151 2466 3741 2542; baseline 0.006 -24"><span class='ocrx_word' id='word_1_746' title='bbox 2151 2466 2443 2536; x_wconf 82' lang='grc' dir='ltr'>ὀμνύωσιν.</span> <span class='ocrx_word' id='word_1_747' title='bbox 2481 2466 2742 2534; x_wconf 83' lang='grc' dir='ltr'>Ὀμεῖσθε</span> <span class='ocrx_word' id='word_1_748' title='bbox 2773 2470 2902 2539; x_wconf 83' lang='grc' dir='ltr'>γὰρ,</span> <span class='ocrx_word' id='word_1_749' title='bbox 2944 2469 3102 2540; x_wconf 78' lang='grc' dir='ltr'>φησὶ,</span> <span class='ocrx_word' id='word_1_750' title='bbox 3136 2469 3246 2523; x_wconf 72' lang='grc' dir='ltr'>τὸν</span> <span class='ocrx_word' id='word_1_751' title='bbox 3273 2474 3422 2526; x_wconf 75' lang='grc' dir='ltr'>Θεὸν</span> <span class='ocrx_word' id='word_1_752' title='bbox 3450 2475 3558 2527; x_wconf 75' lang='grc' dir='ltr'>τὼ·</span> <span class='ocrx_word' id='word_1_753' title='bbox 3587 2476 3741 2542; x_wconf 71' lang='grc' dir='ltr'>ἀλη-</span> 
     </span>
    </p>
   </div>
   <div class='ocr_carea' id='block_1_92' title="bbox 2152 2550 3744 2629">
    <p class='ocr_par' dir='ltr' id='par_1_92' title="bbox 2152 2550 3744 2629">
     <span class='ocr_line' id='line_1_92' title="bbox 2152 2550 3744 2629; baseline 0.006 -26"><span class='ocrx_word' id='word_1_754' title='bbox 2152 2551 2339 2604; x_wconf 74' lang='grc' dir='ltr'>θινόν.</span> <span class='ocrx_word' id='word_1_755' title='bbox 2387 2551 2462 2602; x_wconf 88' lang='grc' dir='ltr'>Οὐ</span> <span class='ocrx_word' id='word_1_756' title='bbox 2517 2550 2696 2605; x_wconf 91' lang='grc' dir='ltr'>τοίνυν</span> <span class='ocrx_word' id='word_1_757' title='bbox 2732 2554 2904 2622; x_wconf 87' lang='grc' dir='ltr'>μικρά</span> <span class='ocrx_word' id='word_1_758' title='bbox 2942 2552 3304 2625; x_wconf 84' lang='grc' dir='ltr'>κατώρθωσεν</span> <span class='ocrx_word' id='word_1_759' title='bbox 3335 2558 3362 2609; x_wconf 92' lang='lat'>6</span> <span class='ocrx_word' id='word_1_760' title='bbox 3394 2557 3578 2629; x_wconf 82' lang='grc' dir='ltr'>νόμος.</span> <span class='ocrx_word' id='word_1_761' title='bbox 3604 2559 3744 2613; x_wconf 86' lang='grc' dir='ltr'>ἀλλά</span> 
     </span>
    </p>
   </div>
   <div class='ocr_carea' id='block_1_93' title="bbox 2153 2635 3744 2713">
    <p class='ocr_par' dir='ltr' id='par_1_93' title="bbox 2153 2635 3744 2713">
     <span class='ocr_line' id='line_1_93' title="bbox 2153 2635 3744 2713; baseline 0.007 -26"><span class='ocrx_word' id='word_1_762' title='bbox 2153 2636 2247 2688; x_wconf 74' lang='grc' dir='ltr'>καὶ</span> <span class='ocrx_word' id='word_1_763' title='bbox 2275 2635 2478 2706; x_wconf 85' lang='grc' dir='ltr'>σφόδρα</span> <span class='ocrx_word' id='word_1_764' title='bbox 2511 2635 2738 2706; x_wconf 85' lang='grc' dir='ltr'>μεγάλα.</span> <span class='ocrx_word' id='word_1_765' title='bbox 2773 2636 2846 2688; x_wconf 86' lang='grc' dir='ltr'>Τὺ</span> <span class='ocrx_word' id='word_1_766' title='bbox 2875 2637 2984 2709; x_wconf 82' lang='grc' dir='ltr'>γάρ</span> <span class='ocrx_word' id='word_1_767' title='bbox 3016 2638 3108 2691; x_wconf 79' lang='grc' dir='ltr'>ἐπὶ</span> <span class='ocrx_word' id='word_1_768' title='bbox 3150 2639 3247 2710; x_wconf 79' lang='grc' dir='ltr'>τὴν</span> <span class='ocrx_word' id='word_1_769' title='bbox 3279 2642 3509 2713; x_wconf 78' lang='grc' dir='ltr'>στερεὰν</span> <span class='ocrx_word' id='word_1_770' title='bbox 3543 2645 3744 2708; x_wconf 80' lang='grc' dir='ltr'>αὐτοὺς</span> 
     </span>
    </p>
   </div>
   <div class='ocr_carea' id='block_1_94' title="bbox 2152 2718 3741 2798">
    <p class='ocr_par' dir='ltr' id='par_1_94' title="bbox 2152 2718 3741 2798">
     <span class='ocr_line' id='line_1_94' title="bbox 2152 2718 3741 2798; baseline 0.006 -27"><span class='ocrx_word' id='word_1_771' title='bbox 2152 2720 2358 2798; x_wconf 65' lang='grc' dir='ltr'>τροφὴν</span> <span class='ocrx_word' id='word_1_772' title='bbox 2402 2718 2597 2782; x_wconf 81' lang='grc' dir='ltr'>ἐλθεῖν,</span> <span class='ocrx_word' id='word_1_773' title='bbox 2635 2719 2737 2788; x_wconf 84' lang='grc' dir='ltr'>τῆς</span> <span class='ocrx_word' id='word_1_774' title='bbox 2780 2720 2990 2773; x_wconf 85' lang='grc' dir='ltr'>ἐκείνου</span> <span class='ocrx_word' id='word_1_775' title='bbox 3026 2723 3263 2794; x_wconf 82' lang='grc' dir='ltr'>σπουδῆς</span> <span class='ocrx_word' id='word_1_776' title='bbox 3308 2725 3529 2792; x_wconf 84' lang='grc' dir='ltr'>γέγονεν</span> <span class='ocrx_word' id='word_1_777' title='bbox 3558 2725 3741 2798; x_wconf 75' lang='grc' dir='ltr'>ἔργον.</span> 
     </span>
    </p>
   </div>
   <div class='ocr_carea' id='block_1_95' title="bbox 2155 2797 3741 2879">
    <p class='ocr_par' dir='ltr' id='par_1_95' title="bbox 2155 2797 3741 2879">
     <span class='ocr_line' id='line_1_95' title="bbox 2155 2797 3741 2879; baseline 0.004 -23"><span class='ocrx_word' id='word_1_778' title='bbox 2155 2801 2220 2856; x_wconf 84' lang='grc' dir='ltr'>Τί</span> <span class='ocrx_word' id='word_1_779' title='bbox 2253 2797 2380 2868; x_wconf 84' lang='grc' dir='ltr'>οῦν;</span> <span class='ocrx_word' id='word_1_780' title='bbox 2412 2805 2532 2874; x_wconf 82' lang='grc' dir='ltr'>οὐχί</span> <span class='ocrx_word' id='word_1_781' title='bbox 2563 2803 2659 2856; x_wconf 90' lang='grc' dir='ltr'>τοῦ</span> <span class='ocrx_word' id='word_1_782' title='bbox 2691 2803 2961 2876; x_wconf 86' lang='grc' dir='ltr'>Πονηροῦ,</span> <span class='ocrx_word' id='word_1_783' title='bbox 2995 2808 3178 2876; x_wconf 60' lang='grc' dir='ltr'>φησὶν,</span> <span class='ocrx_word' id='word_1_784' title='bbox 3220 2808 3336 2860; x_wconf 71' lang='grc' dir='ltr'>ἐστὶ</span> <span class='ocrx_word' id='word_1_785' title='bbox 3366 2808 3428 2861; x_wconf 72' lang='grc' dir='ltr'>τὸ</span> <span class='ocrx_word' id='word_1_786' title='bbox 3468 2797 3699 2879; x_wconf 78' lang='grc' dir='ltr'>ὀμνύναι</span> <span class='ocrx_word' id='word_1_787' title='bbox 3726 2829 3741 2873; x_wconf 87' lang='lat'><strong>;</strong></span> 
     </span>
    </p>
   </div>
   <div class='ocr_carea' id='block_1_96' title="bbox 2156 2883 3747 2965">
    <p class='ocr_par' dir='ltr' id='par_1_96' title="bbox 2156 2883 3747 2965">
     <span class='ocr_line' id='line_1_96' title="bbox 2156 2883 3747 2965; baseline 0.004 -23"><span class='ocrx_word' id='word_1_788' title='bbox 2156 2888 2268 2942; x_wconf 81' lang='lat' dir='ltr'>Kal</span> <span class='ocrx_word' id='word_1_789' title='bbox 2301 2888 2506 2958; x_wconf 87' lang='grc' dir='ltr'>σφόδρα</span> <span class='ocrx_word' id='word_1_790' title='bbox 2560 2887 2659 2958; x_wconf 83' lang='grc' dir='ltr'>μὲν</span> <span class='ocrx_word' id='word_1_791' title='bbox 2692 2883 2785 2940; x_wconf 81' lang='grc' dir='ltr'>οῦν</span> <span class='ocrx_word' id='word_1_792' title='bbox 2826 2886 2920 2940; x_wconf 90' lang='grc' dir='ltr'>τοῦ</span> <span class='ocrx_word' id='word_1_793' title='bbox 2977 2889 3215 2960; x_wconf 87' lang='grc' dir='ltr'>πονηροῦ</span> <span class='ocrx_word' id='word_1_794' title='bbox 3237 2908 3249 2918; x_wconf 92' lang='grc'><strong>·</strong></span> <span class='ocrx_word' id='word_1_795' title='bbox 3294 2891 3429 2946; x_wconf 86' lang='grc' dir='ltr'>ἀλλά</span> <span class='ocrx_word' id='word_1_796' title='bbox 3455 2892 3573 2959; x_wconf 90' lang='grc' dir='ltr'>νῦν,</span> <span class='ocrx_word' id='word_1_797' title='bbox 3605 2896 3747 2965; x_wconf 85' lang='grc' dir='ltr'>μετά</span> 
     </span>
    </p>
   </div>
   <div class='ocr_carea' id='block_1_97' title="bbox 2157 2970 3746 3043">
    <p class='ocr_par' dir='ltr' id='par_1_97' title="bbox 2157 2970 3746 3043">
     <span class='ocr_line' id='line_1_97' title="bbox 2157 2970 3746 3043; baseline 0.004 -19"><span class='ocrx_word' id='word_1_798' title='bbox 2157 2971 2254 3043; x_wconf 84' lang='grc' dir='ltr'>τὴν</span> <span class='ocrx_word' id='word_1_799' title='bbox 2284 2970 2554 3043; x_wconf 87' lang='grc' dir='ltr'>τοσαύτην</span> <span class='ocrx_word' id='word_1_800' title='bbox 2585 2971 2924 3040; x_wconf 82' lang='grc' dir='ltr'>φιλοσοφίαν,</span> <span class='ocrx_word' id='word_1_801' title='bbox 2956 2975 3077 3026; x_wconf 91' lang='grc' dir='ltr'>τότε</span> <span class='ocrx_word' id='word_1_802' title='bbox 3106 2975 3162 3027; x_wconf 77' lang='grc' dir='ltr'>δέ</span> <span class='ocrx_word' id='word_1_803' title='bbox 3190 2974 3272 3028; x_wconf 79' lang='grc' dir='ltr'>οὔ.</span> <span class='ocrx_word' id='word_1_804' title='bbox 3314 2975 3417 3029; x_wconf 77' lang='grc' dir='ltr'>Καὶ</span> <span class='ocrx_word' id='word_1_805' title='bbox 3448 2977 3562 3042; x_wconf 83' lang='grc' dir='ltr'>πῶς</span> <span class='ocrx_word' id='word_1_806' title='bbox 3592 2977 3658 3031; x_wconf 80' lang='grc' dir='ltr'>ἂν</span> <span class='ocrx_word' id='word_1_807' title='bbox 3684 2980 3746 3032; x_wconf 82' lang='grc' dir='ltr'>τδ</span> 
     </span>
    </p>
   </div>
   <div class='ocr_carea' id='block_1_98' title="bbox 2157 3052 3742 3127">
    <p class='ocr_par' dir='ltr' id='par_1_98' title="bbox 2157 3052 3742 3127">
     <span class='ocr_line' id='line_1_98' title="bbox 2157 3052 3742 3127; baseline 0.003 -19"><span class='ocrx_word' id='word_1_808' title='bbox 2157 3052 2289 3109; x_wconf 72' lang='grc' dir='ltr'>αὐτὸ</span> <span class='ocrx_word' id='word_1_809' title='bbox 2315 3053 2545 3122; x_wconf 87' lang='grc' dir='ltr'>γένοιτο,</span> <span class='ocrx_word' id='word_1_810' title='bbox 2575 3053 2727 3124; x_wconf 78' lang='grc' dir='ltr'>φησί,</span> <span class='ocrx_word' id='word_1_811' title='bbox 2759 3053 2854 3106; x_wconf 87' lang='grc' dir='ltr'>νῦν</span> <span class='ocrx_word' id='word_1_812' title='bbox 2885 3054 2984 3126; x_wconf 84' lang='grc' dir='ltr'>μὲν</span> <span class='ocrx_word' id='word_1_813' title='bbox 3019 3056 3203 3118; x_wconf 85' lang='grc' dir='ltr'>καλὸν,</span> <span class='ocrx_word' id='word_1_814' title='bbox 3237 3057 3333 3110; x_wconf 91' lang='grc' dir='ltr'>νῦν</span> <span class='ocrx_word' id='word_1_815' title='bbox 3365 3058 3420 3112; x_wconf 85' lang='grc' dir='ltr'>δέ</span> <span class='ocrx_word' id='word_1_816' title='bbox 3448 3061 3508 3112; x_wconf 83' lang='grc' dir='ltr'>οὐ</span> <span class='ocrx_word' id='word_1_817' title='bbox 3543 3061 3742 3127; x_wconf 87' lang='grc' dir='ltr'>καλόν;</span> 
     </span>
    </p>
   </div>
   <div class='ocr_carea' id='block_1_99' title="bbox 2169 3136 3746 3210">
    <p class='ocr_par' dir='ltr' id='par_1_99' title="bbox 2169 3136 3746 3210">
     <span class='ocr_line' id='line_1_99' title="bbox 2169 3136 3746 3210; baseline 0.006 -21"><span class='ocrx_word' id='word_1_818' title='bbox 2169 3136 2309 3204; x_wconf 85' lang='grc' dir='ltr'>Ἐγὼ</span> <span class='ocrx_word' id='word_1_819' title='bbox 2334 3137 2391 3190; x_wconf 86' lang='grc' dir='ltr'>δέ</span> <span class='ocrx_word' id='word_1_820' title='bbox 2418 3137 2730 3190; x_wconf 89' lang='grc' dir='ltr'>τούναντίον</span> <span class='ocrx_word' id='word_1_821' title='bbox 2752 3137 2915 3204; x_wconf 75' lang='grc' dir='ltr'>λέγωο</span> <span class='ocrx_word' id='word_1_822' title='bbox 2950 3139 3066 3200; x_wconf 84' lang='grc' dir='ltr'>πῶς</span> <span class='ocrx_word' id='word_1_823' title='bbox 3095 3139 3151 3192; x_wconf 86' lang='grc' dir='ltr'>δὲ</span> <span class='ocrx_word' id='word_1_824' title='bbox 3182 3141 3282 3194; x_wconf 90' lang='grc' dir='ltr'>οὐκ</span> <span class='ocrx_word' id='word_1_825' title='bbox 3306 3141 3371 3194; x_wconf 85' lang='grc' dir='ltr'>ἂν</span> <span class='ocrx_word' id='word_1_826' title='bbox 3402 3143 3613 3210; x_wconf 89' lang='grc' dir='ltr'>γένοιτο</span> <span class='ocrx_word' id='word_1_827' title='bbox 3647 3162 3746 3198; x_wconf 84' lang='grc' dir='ltr'>κα-</span> 
     </span>
    </p>
   </div>
   <div class='ocr_carea' id='block_1_100' title="bbox 2154 3217 3744 3292">
    <p class='ocr_par' dir='ltr' id='par_1_100' title="bbox 2154 3217 3744 3292">
     <span class='ocr_line' id='line_1_100' title="bbox 2154 3217 3744 3292; baseline 0.007 -21"><span class='ocrx_word' id='word_1_828' title='bbox 2154 3217 2246 3272; x_wconf 77' lang='grc' dir='ltr'>λὸν</span> <span class='ocrx_word' id='word_1_829' title='bbox 2294 3221 2389 3272; x_wconf 76' lang='grc' dir='ltr'>καὶ</span> <span class='ocrx_word' id='word_1_830' title='bbox 2435 3220 2496 3273; x_wconf 88' lang='grc' dir='ltr'>οὐ</span> <span class='ocrx_word' id='word_1_831' title='bbox 2544 3219 2725 3281; x_wconf 85' lang='grc' dir='ltr'>καλὸν,</span> <span class='ocrx_word' id='word_1_832' title='bbox 2754 3221 2862 3272; x_wconf 83' lang='grc' dir='ltr'>τῶν</span> <span class='ocrx_word' id='word_1_833' title='bbox 2904 3223 3246 3292; x_wconf 87' lang='grc' dir='ltr'>πραγμάτων</span> <span class='ocrx_word' id='word_1_834' title='bbox 3296 3226 3550 3280; x_wconf 82' lang='grc' dir='ltr'>ἁπάντων</span> <span class='ocrx_word' id='word_1_835' title='bbox 3604 3231 3744 3282; x_wconf 86' lang='grc' dir='ltr'>αὐτά</span> 
     </span>
    </p>
   </div>
   <div class='ocr_carea' id='block_1_101' title="bbox 2158 3300 3746 3377">
    <p class='ocr_par' dir='ltr' id='par_1_101' title="bbox 2158 3300 3746 3377">
     <span class='ocr_line' id='line_1_101' title="bbox 2158 3300 3746 3377; baseline 0.008 -23"><span class='ocrx_word' id='word_1_836' title='bbox 2158 3300 2426 3372; x_wconf 83' lang='grc' dir='ltr'>βοώντων,</span> <span class='ocrx_word' id='word_1_837' title='bbox 2453 3303 2562 3357; x_wconf 83' lang='grc' dir='ltr'>τῶν</span> <span class='ocrx_word' id='word_1_838' title='bbox 2583 3305 2809 3376; x_wconf 85' lang='grc' dir='ltr'>τεχνῶν,</span> <span class='ocrx_word' id='word_1_839' title='bbox 2833 3305 2941 3357; x_wconf 81' lang='grc' dir='ltr'>τῶν</span> <span class='ocrx_word' id='word_1_840' title='bbox 2967 3307 3215 3377; x_wconf 82' lang='grc' dir='ltr'>καρπῶν,</span> <span class='ocrx_word' id='word_1_841' title='bbox 3244 3309 3352 3362; x_wconf 86' lang='grc' dir='ltr'>τῶν</span> <span class='ocrx_word' id='word_1_842' title='bbox 3376 3311 3552 3365; x_wconf 80' lang='grc' dir='ltr'>ἄλλων</span> <span class='ocrx_word' id='word_1_843' title='bbox 3573 3315 3746 3368; x_wconf 83' lang='grc' dir='ltr'>ἀπάν-</span> 
     </span>
    </p>
   </div>
   <div class='ocr_carea' id='block_1_102' title="bbox 2154 3387 3746 3468">
    <p class='ocr_par' dir='ltr' id='par_1_102' title="bbox 2154 3387 3746 3468">
     <span class='ocr_line' id='line_1_102' title="bbox 2154 3387 3746 3468; baseline 0.007 -31"><span class='ocrx_word' id='word_1_844' title='bbox 2154 3403 2295 3453; x_wconf 75' lang='grc' dir='ltr'>τωνς</span> <span class='ocrx_word' id='word_1_845' title='bbox 2323 3389 2464 3459; x_wconf 88' lang='grc' dir='ltr'>Ὅρα</span> <span class='ocrx_word' id='word_1_846' title='bbox 2494 3387 2624 3455; x_wconf 88' lang='grc' dir='ltr'>γοῦν</span> <span class='ocrx_word' id='word_1_847' title='bbox 2657 3389 2750 3441; x_wconf 74' lang='grc' dir='ltr'>ἐπὶ</span> <span class='ocrx_word' id='word_1_848' title='bbox 2779 3389 2878 3458; x_wconf 86' lang='grc' dir='ltr'>τῆς</span> <span class='ocrx_word' id='word_1_849' title='bbox 2921 3391 3134 3458; x_wconf 86' lang='grc' dir='ltr'>φύσεως</span> <span class='ocrx_word' id='word_1_850' title='bbox 3163 3393 3260 3462; x_wconf 86' lang='grc' dir='ltr'>τῆς</span> <span class='ocrx_word' id='word_1_851' title='bbox 3306 3397 3580 3468; x_wconf 84' lang='grc' dir='ltr'>ἡμετέρας</span> <span class='ocrx_word' id='word_1_852' title='bbox 3609 3399 3746 3451; x_wconf 72' lang='grc' dir='ltr'>αὐτὸ</span> 
     </span>
    </p>
   </div>
   <div class='ocr_carea' id='block_1_103' title="bbox 2156 3474 3742 3554">
    <p class='ocr_par' dir='ltr' id='par_1_103' title="bbox 2156 3474 3742 3554">
     <span class='ocr_line' id='line_1_103' title="bbox 2156 3474 3742 3554; baseline 0.004 -27"><span class='ocrx_word' id='word_1_853' title='bbox 2156 3474 2376 3544; x_wconf 82' lang='grc' dir='ltr'>πρῶτον</span> <span class='ocrx_word' id='word_1_854' title='bbox 2409 3475 2726 3544; x_wconf 85' lang='grc' dir='ltr'>συμϐαῖνον.</span> <span class='ocrx_word' id='word_1_855' title='bbox 2772 3475 2846 3526; x_wconf 87' lang='grc' dir='ltr'>Τὸ</span> <span class='ocrx_word' id='word_1_856' title='bbox 2881 3475 2991 3546; x_wconf 78' lang='grc' dir='ltr'>γάρ</span> <span class='ocrx_word' id='word_1_857' title='bbox 3039 3475 3403 3544; x_wconf 80' lang='grc' dir='ltr'>βαστάζεσθαι</span> <span class='ocrx_word' id='word_1_858' title='bbox 3447 3481 3506 3533; x_wconf 90' lang='grc' dir='ltr'>ἐν</span> <span class='ocrx_word' id='word_1_859' title='bbox 3547 3482 3648 3552; x_wconf 86' lang='grc' dir='ltr'>μέν</span> <span class='ocrx_word' id='word_1_860' title='bbox 3675 3486 3742 3554; x_wconf 79' lang='grc' dir='ltr'>τῇ</span> 
     </span>
    </p>
   </div>
   <div class='ocr_carea' id='block_1_104' title="bbox 2163 3558 3747 3636">
    <p class='ocr_par' dir='ltr' id='par_1_104' title="bbox 2163 3558 3747 3636">
     <span class='ocr_line' id='line_1_104' title="bbox 2163 3558 3747 3636; baseline 0.005 -26"><span class='ocrx_word' id='word_1_861' title='bbox 2163 3558 2348 3629; x_wconf 81' lang='grc' dir='ltr'>πρώτῃ</span> <span class='ocrx_word' id='word_1_862' title='bbox 2376 3558 2562 3630; x_wconf 79' lang='grc' dir='ltr'>ἡλικίᾳ</span> <span class='ocrx_word' id='word_1_863' title='bbox 2596 3559 2778 3621; x_wconf 86' lang='grc' dir='ltr'>καλὸν,</span> <span class='ocrx_word' id='word_1_864' title='bbox 2812 3559 2948 3629; x_wconf 86' lang='grc' dir='ltr'>μετά</span> <span class='ocrx_word' id='word_1_865' title='bbox 2974 3559 3031 3612; x_wconf 86' lang='grc' dir='ltr'>δέ</span> <span class='ocrx_word' id='word_1_866' title='bbox 3061 3559 3232 3614; x_wconf 88' lang='grc' dir='ltr'>ταῦτα</span> <span class='ocrx_word' id='word_1_867' title='bbox 3262 3561 3524 3634; x_wconf 81' lang='grc' dir='ltr'>ὀλέθριον·</span> <span class='ocrx_word' id='word_1_868' title='bbox 3559 3564 3619 3617; x_wconf 80' lang='grc' dir='ltr'>τὸ</span> <span class='ocrx_word' id='word_1_869' title='bbox 3655 3585 3747 3636; x_wconf 84' lang='grc' dir='ltr'>με·</span> 
     </span>
    </p>
   </div>
   <div class='ocr_carea' id='block_1_105' title="bbox 2160 3641 3744 3719">
    <p class='ocr_par' dir='ltr' id='par_1_105' title="bbox 2160 3641 3744 3719">
     <span class='ocr_line' id='line_1_105' title="bbox 2160 3641 3744 3719; baseline -0.005 -24"><span class='ocrx_word' id='word_1_870' title='bbox 2160 3641 2483 3713; x_wconf 87' lang='grc' dir='ltr'>μασημένην</span> <span class='ocrx_word' id='word_1_871' title='bbox 2523 3641 2729 3713; x_wconf 81' lang='grc' dir='ltr'>τροφὴν</span> <span class='ocrx_word' id='word_1_872' title='bbox 2776 3642 2997 3705; x_wconf 86' lang='grc' dir='ltr'>ἐσθίειν,</span> <span class='ocrx_word' id='word_1_873' title='bbox 3036 3645 3095 3695; x_wconf 88' lang='grc' dir='ltr'>ἐν</span> <span class='ocrx_word' id='word_1_874' title='bbox 3147 3645 3244 3715; x_wconf 80' lang='grc' dir='ltr'>μὲν</span> <span class='ocrx_word' id='word_1_875' title='bbox 3293 3646 3598 3719; x_wconf 72' lang='grc' dir='ltr'>προοιμίοις</span> <span class='ocrx_word' id='word_1_876' title='bbox 3644 3650 3744 3719; x_wconf 41' lang='lat' dir='ltr'>uti;</span> 
     </span>
    </p>
   </div>
   <div class='ocr_carea' id='block_1_106' title="bbox 2157 3723 3739 3802">
    <p class='ocr_par' dir='ltr' id='par_1_106' title="bbox 2157 3723 3739 3802">
     <span class='ocr_line' id='line_1_106' title="bbox 2157 3723 3739 3802; baseline 0.006 -26"><span class='ocrx_word' id='word_1_877' title='bbox 2157 3723 2302 3795; x_wconf 79' lang='grc' dir='ltr'>ζωῆς</span> <span class='ocrx_word' id='word_1_878' title='bbox 2326 3725 2483 3796; x_wconf 75' lang='grc' dir='ltr'>ἡμῶν</span> <span class='ocrx_word' id='word_1_879' title='bbox 2519 3725 2702 3788; x_wconf 79' lang='grc' dir='ltr'>καλὸν,</span> <span class='ocrx_word' id='word_1_880' title='bbox 2743 3727 2880 3796; x_wconf 85' lang='grc' dir='ltr'>μετά</span> <span class='ocrx_word' id='word_1_881' title='bbox 2911 3726 2965 3778; x_wconf 84' lang='grc' dir='ltr'>δὲ</span> <span class='ocrx_word' id='word_1_882' title='bbox 2992 3727 3167 3782; x_wconf 88' lang='grc' dir='ltr'>ταῦτα</span> <span class='ocrx_word' id='word_1_883' title='bbox 3205 3728 3534 3801; x_wconf 86' lang='grc' dir='ltr'>βδελυγμίας</span> <span class='ocrx_word' id='word_1_884' title='bbox 3559 3733 3739 3802; x_wconf 88' lang='grc' dir='ltr'>γέμει·</span> 
     </span>
    </p>
   </div>
   <div class='ocr_carea' id='block_1_107' title="bbox 2153 3808 3741 3883">
    <p class='ocr_par' dir='ltr' id='par_1_107' title="bbox 2153 3808 3741 3883">
     <span class='ocr_line' id='line_1_107' title="bbox 2153 3808 3741 3883; baseline 0.003 -23"><span class='ocrx_word' id='word_1_885' title='bbox 2153 3808 2215 3860; x_wconf 86' lang='grc' dir='ltr'>τὸ</span> <span class='ocrx_word' id='word_1_886' title='bbox 2239 3809 2802 3879; x_wconf 84' lang='grc' dir='ltr'>γαλακτοτροφεῖσθαι</span> <span class='ocrx_word' id='word_1_887' title='bbox 2845 3809 2938 3862; x_wconf 77' lang='grc' dir='ltr'>καί</span> <span class='ocrx_word' id='word_1_888' title='bbox 2978 3811 3114 3879; x_wconf 84' lang='grc' dir='ltr'>πρὸς</span> <span class='ocrx_word' id='word_1_889' title='bbox 3160 3812 3260 3883; x_wconf 77' lang='grc' dir='ltr'>τὴν</span> <span class='ocrx_word' id='word_1_890' title='bbox 3290 3811 3459 3883; x_wconf 79' lang='grc' dir='ltr'>θηλὴν</span> <span class='ocrx_word' id='word_1_891' title='bbox 3498 3813 3741 3883; x_wconf 78' lang='grc' dir='ltr'>φεύγειν,</span> 
     </span>
    </p>
   </div>
   <div class='ocr_carea' id='block_1_108' title="bbox 2154 3891 3743 3970">
    <p class='ocr_par' dir='ltr' id='par_1_108' title="bbox 2154 3891 3743 3970">
     <span class='ocr_line' id='line_1_108' title="bbox 2154 3891 3743 3970; baseline 0.006 -27"><span class='ocrx_word' id='word_1_892' title='bbox 2154 3891 2214 3944; x_wconf 83' lang='grc' dir='ltr'>ἐν</span> <span class='ocrx_word' id='word_1_893' title='bbox 2238 3892 2378 3964; x_wconf 85' lang='grc' dir='ltr'>ἀρχῇ</span> <span class='ocrx_word' id='word_1_894' title='bbox 2428 3893 2526 3962; x_wconf 79' lang='grc' dir='ltr'>μὲν</span> <span class='ocrx_word' id='word_1_895' title='bbox 2568 3895 2836 3964; x_wconf 77' lang='grc' dir='ltr'>χρήσιμον</span> <span class='ocrx_word' id='word_1_896' title='bbox 2861 3894 2956 3946; x_wconf 78' lang='grc' dir='ltr'>καὶ</span> <span class='ocrx_word' id='word_1_897' title='bbox 2989 3897 3276 3966; x_wconf 85' lang='grc' dir='ltr'>σωτήριον,</span> <span class='ocrx_word' id='word_1_898' title='bbox 3321 3897 3468 3970; x_wconf 68' lang='grc'>[251]</span> <span class='ocrx_word' id='word_1_899' title='bbox 3506 3899 3644 3968; x_wconf 85' lang='grc' dir='ltr'>μετά</span> <span class='ocrx_word' id='word_1_900' title='bbox 3684 3901 3743 3952; x_wconf 85' lang='grc' dir='ltr'>δὲ</span> 
     </span>
    </p>
   </div>
   <div class='ocr_carea' id='block_1_109' title="bbox 2153 3975 3741 4052">
    <p class='ocr_par' dir='ltr' id='par_1_109' title="bbox 2153 3975 3741 4052">
     <span class='ocr_line' id='line_1_109' title="bbox 2153 3975 3741 4052; baseline 0.007 -25"><span class='ocrx_word' id='word_1_901' title='bbox 2153 3975 2328 4029; x_wconf 84' lang='grc' dir='ltr'>ταῦτα</span> <span class='ocrx_word' id='word_1_902' title='bbox 2369 3975 2612 4048; x_wconf 82' lang='grc' dir='ltr'>ὀλέθριον</span> <span class='ocrx_word' id='word_1_903' title='bbox 2665 3977 2758 4029; x_wconf 78' lang='grc' dir='ltr'>καὶ</span> <span class='ocrx_word' id='word_1_904' title='bbox 2810 3976 3092 4047; x_wconf 80' lang='grc' dir='ltr'>βλαϐερόν.</span> <span class='ocrx_word' id='word_1_905' title='bbox 3128 3981 3289 4052; x_wconf 84' lang='grc' dir='ltr'>Ὀρᾷς</span> <span class='ocrx_word' id='word_1_906' title='bbox 3336 3982 3449 4045; x_wconf 85' lang='grc' dir='ltr'>πῶς</span> <span class='ocrx_word' id='word_1_907' title='bbox 3486 3984 3555 4036; x_wconf 82' lang='grc' dir='ltr'>τά</span> <span class='ocrx_word' id='word_1_908' title='bbox 3600 3985 3741 4038; x_wconf 78' lang='grc' dir='ltr'>αὐτά</span> 
     </span>
    </p>
   </div>
   <div class='ocr_carea' id='block_1_110' title="bbox 2155 4059 3741 4130">
    <p class='ocr_par' dir='ltr' id='par_1_110' title="bbox 2155 4059 3741 4130">
     <span class='ocr_line' id='line_1_110' title="bbox 2155 4059 3741 4130; baseline 0.006 -19"><span class='ocrx_word' id='word_1_909' title='bbox 2155 4059 2456 4130; x_wconf 88' lang='grc' dir='ltr'>πράγματα</span> <span class='ocrx_word' id='word_1_910' title='bbox 2502 4060 2606 4112; x_wconf 78' lang='grc' dir='ltr'>ὑπὸ</span> <span class='ocrx_word' id='word_1_911' title='bbox 2653 4059 2760 4112; x_wconf 82' lang='grc' dir='ltr'>τῶν</span> <span class='ocrx_word' id='word_1_912' title='bbox 2798 4061 3006 4130; x_wconf 80' lang='grc' dir='ltr'>καιρῶν</span> <span class='ocrx_word' id='word_1_913' title='bbox 3057 4063 3216 4126; x_wconf 86' lang='grc' dir='ltr'>καλὰ,</span> <span class='ocrx_word' id='word_1_914' title='bbox 3269 4065 3361 4118; x_wconf 72' lang='grc' dir='ltr'>καὶ</span> <span class='ocrx_word' id='word_1_915' title='bbox 3407 4067 3467 4118; x_wconf 89' lang='grc' dir='ltr'>οὐ</span> <span class='ocrx_word' id='word_1_916' title='bbox 3516 4068 3741 4121; x_wconf 89' lang='grc' dir='ltr'>τοιαῦτα</span> 
     </span>
    </p>
   </div>
   <div class='ocr_carea' id='block_1_111' title="bbox 2155 4143 3741 4219">
    <p class='ocr_par' dir='ltr' id='par_1_111' title="bbox 2155 4143 3741 4219">
     <span class='ocr_line' id='line_1_111' title="bbox 2155 4143 3741 4219; baseline 0.006 -26"><span class='ocrx_word' id='word_1_917' title='bbox 2155 4143 2401 4211; x_wconf 86' lang='grc' dir='ltr'>φαίνεται</span> <span class='ocrx_word' id='word_1_918' title='bbox 2431 4143 2628 4206; x_wconf 86' lang='grc' dir='ltr'>πάλιν;</span> <span class='ocrx_word' id='word_1_919' title='bbox 2665 4145 2777 4196; x_wconf 78' lang='lat' dir='ltr'><strong>Kal</strong></span> <span class='ocrx_word' id='word_1_920' title='bbox 2807 4145 2918 4215; x_wconf 76' lang='grc' dir='ltr'>γάρ</span> <span class='ocrx_word' id='word_1_921' title='bbox 2948 4143 3010 4197; x_wconf 76' lang='grc' dir='ltr'>τὸ</span> <span class='ocrx_word' id='word_1_922' title='bbox 3037 4146 3249 4215; x_wconf 78' lang='grc' dir='ltr'>ἱμάτιον</span> <span class='ocrx_word' id='word_1_923' title='bbox 3280 4151 3465 4219; x_wconf 86' lang='grc' dir='ltr'>φορεῖν</span> <span class='ocrx_word' id='word_1_924' title='bbox 3490 4150 3741 4203; x_wconf 65' lang='grc' dir='ltr'>παιδικὶν</span> 
     </span>
    </p>
   </div>
   <div class='ocr_carea' id='block_1_112' title="bbox 2157 4228 3740 4304">
    <p class='ocr_par' dir='ltr' id='par_1_112' title="bbox 2157 4228 3740 4304">
     <span class='ocr_line' id='line_1_112' title="bbox 2157 4228 3740 4304; baseline 0.003 -25"><span class='ocrx_word' id='word_1_925' title='bbox 2157 4228 2427 4300; x_wconf 82' lang='grc' dir='ltr'>μειρακίῳ</span> <span class='ocrx_word' id='word_1_926' title='bbox 2465 4229 2561 4298; x_wconf 89' lang='grc' dir='ltr'>μέν</span> <span class='ocrx_word' id='word_1_927' title='bbox 2603 4229 2717 4280; x_wconf 82' lang='grc' dir='ltr'>δντι</span> <span class='ocrx_word' id='word_1_928' title='bbox 2760 4229 2941 4292; x_wconf 76' lang='grc' dir='ltr'>καλὸν,</span> <span class='ocrx_word' id='word_1_929' title='bbox 2973 4231 3128 4300; x_wconf 61' lang='grc' dir='ltr'>ἀνδρὶ⁵</span> <span class='ocrx_word' id='word_1_930' title='bbox 3167 4231 3224 4284; x_wconf 82' lang='grc' dir='ltr'>δέ</span> <span class='ocrx_word' id='word_1_931' title='bbox 3257 4233 3538 4304; x_wconf 85' lang='grc' dir='ltr'>γενομένῳ</span> <span class='ocrx_word' id='word_1_932' title='bbox 3573 4235 3740 4287; x_wconf 85' lang='grc' dir='ltr'>πάλιν</span> 
     </span>
    </p>
   </div>
   <div class='ocr_carea' id='block_1_113' title="bbox 2152 4312 3740 4387">
    <p class='ocr_par' dir='ltr' id='par_1_113' title="bbox 2152 4312 3740 4387">
     <span class='ocr_line' id='line_1_113' title="bbox 2152 4312 3740 4387; baseline 0.003 -22"><span class='ocrx_word' id='word_1_933' title='bbox 2152 4314 2398 4385; x_wconf 82' lang='grc' dir='ltr'>αἰσχρόν.</span> <span class='ocrx_word' id='word_1_934' title='bbox 2436 4313 2625 4366; x_wconf 79' lang='grc' dir='ltr'>Βούλει</span> <span class='ocrx_word' id='word_1_935' title='bbox 2671 4313 2764 4366; x_wconf 74' lang='grc' dir='ltr'>καὶ</span> <span class='ocrx_word' id='word_1_936' title='bbox 2825 4315 2888 4366; x_wconf 89' lang='grc' dir='ltr'>ἐκ</span> <span class='ocrx_word' id='word_1_937' title='bbox 2924 4312 3031 4366; x_wconf 83' lang='grc' dir='ltr'>τῶν</span> <span class='ocrx_word' id='word_1_938' title='bbox 3071 4315 3327 4369; x_wconf 88' lang='grc' dir='ltr'>ἐναντίων</span> <span class='ocrx_word' id='word_1_939' title='bbox 3376 4316 3586 4387; x_wconf 89' lang='grc' dir='ltr'>μαθεῖν,</span> <span class='ocrx_word' id='word_1_940' title='bbox 3623 4318 3740 4382; x_wconf 84' lang='grc' dir='ltr'>πῶς</span> 
     </span>
    </p>
   </div>
   <div class='ocr_carea' id='block_1_114' title="bbox 2151 4396 3742 4474">
    <p class='ocr_par' dir='ltr' id='par_1_114' title="bbox 2151 4396 3742 4474">
     <span class='ocr_line' id='line_1_114' title="bbox 2151 4396 3742 4474; baseline 0.004 -24"><span class='ocrx_word' id='word_1_941' title='bbox 2151 4397 2230 4468; x_wconf 82' lang='grc' dir='ltr'>τῷ</span> <span class='ocrx_word' id='word_1_942' title='bbox 2264 4398 2416 4451; x_wconf 81' lang='grc' dir='ltr'>παιδὶ</span> <span class='ocrx_word' id='word_1_943' title='bbox 2443 4397 2510 4450; x_wconf 79' lang='grc' dir='ltr'>τὰ</span> <span class='ocrx_word' id='word_1_944' title='bbox 2539 4396 2634 4450; x_wconf 89' lang='grc' dir='ltr'>τοῦ</span> <span class='ocrx_word' id='word_1_945' title='bbox 2677 4397 2871 4467; x_wconf 83' lang='grc' dir='ltr'>ἀνδρὸς</span> <span class='ocrx_word' id='word_1_946' title='bbox 2923 4399 3245 4472; x_wconf 86' lang='grc' dir='ltr'>ἀνάρμοστα</span> <span class='ocrx_word' id='word_1_947' title='bbox 3292 4401 3483 4469; x_wconf 87' lang='grc' dir='ltr'>πάλιν;</span> <span class='ocrx_word' id='word_1_948' title='bbox 3534 4403 3632 4466; x_wconf 72' lang='grc' dir='ltr'>Δὸς</span> <span class='ocrx_word' id='word_1_949' title='bbox 3661 4404 3742 4474; x_wconf 79' lang='grc' dir='ltr'>τῷ</span> 
     </span>
    </p>
   </div>
   <div class='ocr_carea' id='block_1_115' title="bbox 2153 4480 3740 4555">
    <p class='ocr_par' dir='ltr' id='par_1_115' title="bbox 2153 4480 3740 4555">
     <span class='ocr_line' id='line_1_115' title="bbox 2153 4480 3740 4555; baseline 0.004 -21"><span class='ocrx_word' id='word_1_950' title='bbox 2153 4480 2305 4534; x_wconf 73' lang='grc' dir='ltr'>παιδὶ</span> <span class='ocrx_word' id='word_1_951' title='bbox 2337 4481 2551 4549; x_wconf 78' lang='grc' dir='ltr'>ἱμάτιον</span> <span class='ocrx_word' id='word_1_952' title='bbox 2584 4480 2856 4550; x_wconf 81' lang='grc' dir='ltr'>ἀνδρικὸν,</span> <span class='ocrx_word' id='word_1_953' title='bbox 2883 4482 2978 4535; x_wconf 79' lang='grc' dir='ltr'>καὶ</span> <span class='ocrx_word' id='word_1_954' title='bbox 3005 4484 3172 4547; x_wconf 85' lang='grc' dir='ltr'>πολύς</span> <span class='ocrx_word' id='word_1_955' title='bbox 3201 4484 3350 4538; x_wconf 79' lang='grc' dir='ltr'>ἔσται</span> <span class='ocrx_word' id='word_1_956' title='bbox 3376 4487 3404 4538; x_wconf 91' lang='lat'>6</span> <span class='ocrx_word' id='word_1_957' title='bbox 3429 4485 3620 4555; x_wconf 88' lang='grc' dir='ltr'>γέλως,</span> <span class='ocrx_word' id='word_1_958' title='bbox 3647 4491 3740 4540; x_wconf 73' lang='grc' dir='ltr'>καὶ</span> 
     </span>
    </p>
   </div>
   <div class='ocr_carea' id='block_1_116' title="bbox 2156 4563 3737 4641">
    <p class='ocr_par' dir='ltr' id='par_1_116' title="bbox 2156 4563 3737 4641">
     <span class='ocr_line' id='line_1_116' title="bbox 2156 4563 3737 4641; baseline 0.004 -24"><span class='ocrx_word' id='word_1_959' title='bbox 2156 4563 2358 4634; x_wconf 74' lang='grc' dir='ltr'>μείζων</span> <span class='ocrx_word' id='word_1_960' title='bbox 2384 4565 2412 4615; x_wconf 89' lang='lat'>6</span> <span class='ocrx_word' id='word_1_961' title='bbox 2451 4564 2715 4628; x_wconf 72' lang='grc' dir='ltr'>κίνδυνος,</span> <span class='ocrx_word' id='word_1_962' title='bbox 2748 4568 2805 4620; x_wconf 88' lang='grc' dir='ltr'>ἐν</span> <span class='ocrx_word' id='word_1_963' title='bbox 2845 4567 2923 4636; x_wconf 83' lang='grc' dir='ltr'>τῷ</span> <span class='ocrx_word' id='word_1_964' title='bbox 2965 4566 3201 4638; x_wconf 77' lang='grc' dir='ltr'>βαδίζειν</span> <span class='ocrx_word' id='word_1_965' title='bbox 3233 4569 3376 4623; x_wconf 75' lang='grc' dir='ltr'>οὕτω</span> <span class='ocrx_word' id='word_1_966' title='bbox 3408 4588 3737 4641; x_wconf 86' lang='grc' dir='ltr'>περιτρεπο-</span> 
     </span>
    </p>
   </div>
   <div class='ocr_carea' id='block_1_117' title="bbox 2155 4647 3739 4726">
    <p class='ocr_par' dir='ltr' id='par_1_117' title="bbox 2155 4647 3739 4726">
     <span class='ocr_line' id='line_1_117' title="bbox 2155 4647 3739 4726; baseline 0.007 -28"><span class='ocrx_word' id='word_1_967' title='bbox 2155 4647 2316 4717; x_wconf 84' lang='grc' dir='ltr'>μένου</span> <span class='ocrx_word' id='word_1_968' title='bbox 2344 4647 2624 4711; x_wconf 86' lang='grc' dir='ltr'>πολλάκις.</span> <span class='ocrx_word' id='word_1_969' title='bbox 2648 4651 2747 4712; x_wconf 76' lang='grc' dir='ltr'>Δὸς</span> <span class='ocrx_word' id='word_1_970' title='bbox 2785 4651 2934 4720; x_wconf 78' lang='grc' dir='ltr'>αὐτῷ</span> <span class='ocrx_word' id='word_1_971' title='bbox 2980 4653 3386 4725; x_wconf 74' lang='grc' dir='ltr'>μεταχειρίζειν</span> <span class='ocrx_word' id='word_1_972' title='bbox 3435 4655 3739 4726; x_wconf 84' lang='grc' dir='ltr'>πράγματα</span> 
     </span>
    </p>
   </div>
   <div class='ocr_carea' id='block_1_118' title="bbox 2152 4730 3739 4810">
    <p class='ocr_par' dir='ltr' id='par_1_118' title="bbox 2152 4730 3739 4810">
     <span class='ocr_line' id='line_1_118' title="bbox 2152 4730 3739 4810; baseline 0.006 -26"><span class='ocrx_word' id='word_1_973' title='bbox 2152 4730 2424 4797; x_wconf 70' lang='grc' dir='ltr'>πολιτικά,</span> <span class='ocrx_word' id='word_1_974' title='bbox 2453 4734 2547 4785; x_wconf 74' lang='grc' dir='ltr'>καὶ</span> <span class='ocrx_word' id='word_1_975' title='bbox 2575 4733 3003 4804; x_wconf 79' lang='grc' dir='ltr'>ἐμπορεύεσθαι,</span> <span class='ocrx_word' id='word_1_976' title='bbox 3037 4738 3132 4790; x_wconf 77' lang='grc' dir='ltr'>καὶ</span> <span class='ocrx_word' id='word_1_977' title='bbox 3161 4738 3430 4810; x_wconf 83' lang='grc' dir='ltr'>σπείρειν,</span> <span class='ocrx_word' id='word_1_978' title='bbox 3462 4740 3557 4792; x_wconf 74' lang='grc' dir='ltr'>καὶ</span> <span class='ocrx_word' id='word_1_979' title='bbox 3592 4741 3739 4810; x_wconf 81' lang='grc' dir='ltr'>ἁμᾶ·</span> 
     </span>
    </p>
   </div>
   <div class='ocr_carea' id='block_1_119' title="bbox 2153 4814 3738 4891">
    <p class='ocr_par' dir='ltr' id='par_1_119' title="bbox 2153 4814 3738 4891">
     <span class='ocr_line' id='line_1_119' title="bbox 2153 4814 3738 4891; baseline 0.006 -24"><span class='ocrx_word' id='word_1_980' title='bbox 2153 4814 2297 4880; x_wconf 84' lang='grc' dir='ltr'>σθαι,</span> <span class='ocrx_word' id='word_1_981' title='bbox 2332 4817 2426 4868; x_wconf 74' lang='grc' dir='ltr'>καὶ</span> <span class='ocrx_word' id='word_1_982' title='bbox 2467 4817 2628 4871; x_wconf 88' lang='grc' dir='ltr'>πάλιν</span> <span class='ocrx_word' id='word_1_983' title='bbox 2660 4816 2829 4882; x_wconf 83' lang='grc' dir='ltr'>πολὺς</span> <span class='ocrx_word' id='word_1_984' title='bbox 2878 4818 3032 4873; x_wconf 79' lang='grc' dir='ltr'>ἔσται</span> <span class='ocrx_word' id='word_1_985' title='bbox 3065 4821 3093 4872; x_wconf 87' lang='lat'>6</span> <span class='ocrx_word' id='word_1_986' title='bbox 3143 4821 3336 4886; x_wconf 83' lang='grc' dir='ltr'>γέλως.</span> <span class='ocrx_word' id='word_1_987' title='bbox 3375 4823 3486 4875; x_wconf 72' lang='grc' dir='ltr'>Καὶ</span> <span class='ocrx_word' id='word_1_988' title='bbox 3513 4824 3563 4876; x_wconf 90' lang='grc' dir='ltr'>τί</span> <span class='ocrx_word' id='word_1_989' title='bbox 3593 4823 3738 4891; x_wconf 87' lang='grc' dir='ltr'>λέγω</span> 
     </span>
    </p>
   </div>
   <div class='ocr_carea' id='block_1_120' title="bbox 2150 4898 3737 4976">
    <p class='ocr_par' dir='ltr' id='par_1_120' title="bbox 2150 4898 3737 4976">
     <span class='ocr_line' id='line_1_120' title="bbox 2150 4898 3737 4976; baseline 0.006 -25"><span class='ocrx_word' id='word_1_990' title='bbox 2150 4898 2351 4962; x_wconf 85' lang='grc' dir='ltr'>ταῦτα;</span> <span class='ocrx_word' id='word_1_991' title='bbox 2398 4900 2456 4952; x_wconf 89' lang='grc' dir='ltr'>Ὀ</span> <span class='ocrx_word' id='word_1_992' title='bbox 2488 4901 2596 4970; x_wconf 80' lang='grc' dir='ltr'>γάρ</span> <span class='ocrx_word' id='word_1_993' title='bbox 2644 4899 2804 4968; x_wconf 81' lang='grc' dir='ltr'>φόνος</span> <span class='ocrx_word' id='word_1_994' title='bbox 2848 4903 2876 4954; x_wconf 94' lang='lat'>6</span> <span class='ocrx_word' id='word_1_995' title='bbox 2927 4902 3078 4974; x_wconf 87' lang='grc' dir='ltr'>παρά</span> <span class='ocrx_word' id='word_1_996' title='bbox 3120 4906 3283 4958; x_wconf 82' lang='grc' dir='ltr'>πᾶσιν</span> <span class='ocrx_word' id='word_1_997' title='bbox 3315 4905 3737 4976; x_wconf 77' lang='grc' dir='ltr'>ὡμολογημένος</span> 
     </span>
    </p>
   </div>
   <div class='ocr_carea' id='block_1_121' title="bbox 2151 4980 3737 5062">
    <p class='ocr_par' dir='ltr' id='par_1_121' title="bbox 2151 4980 3737 5062">
     <span class='ocr_line' id='line_1_121' title="bbox 2151 4980 3737 5062; baseline 0.003 -24"><span class='ocrx_word' id='word_1_998' title='bbox 2151 4984 2359 5056; x_wconf 79' lang='grc' dir='ltr'>εὕρεμα</span> <span class='ocrx_word' id='word_1_999' title='bbox 2390 4980 2527 5036; x_wconf 78' lang='grc' dir='ltr'>εἶναι</span> <span class='ocrx_word' id='word_1_1000' title='bbox 2554 4983 2648 5036; x_wconf 87' lang='grc' dir='ltr'>τοῦ</span> <span class='ocrx_word' id='word_1_1001' title='bbox 2675 4986 2934 5058; x_wconf 89' lang='grc' dir='ltr'>πονηροῦ,</span> <span class='ocrx_word' id='word_1_1002' title='bbox 2961 4981 3115 5051; x_wconf 73' lang='grc' dir='ltr'>οὗτος</span> <span class='ocrx_word' id='word_1_1003' title='bbox 3137 4988 3524 5060; x_wconf 84' lang='grc' dir='ltr'>ἐπιλαϐόμενος</span> <span class='ocrx_word' id='word_1_1004' title='bbox 3543 4991 3737 5062; x_wconf 85' lang='grc' dir='ltr'>καιροῦ</span> 
     </span>
    </p>
   </div>
   <div class='ocr_carea' id='block_1_122' title="bbox 2148 5069 3738 5144">
    <p class='ocr_par' dir='ltr' id='par_1_122' title="bbox 2148 5069 3738 5144">
     <span class='ocr_line' id='line_1_122' title="bbox 2148 5069 3738 5144; baseline 0.003 -24"><span class='ocrx_word' id='word_1_1005' title='bbox 2148 5069 2242 5121; x_wconf 91' lang='grc' dir='ltr'>τοῦ</span> <span class='ocrx_word' id='word_1_1006' title='bbox 2275 5073 2660 5140; x_wconf 75' lang='grc' dir='ltr'>προσήκοντος,</span> <span class='ocrx_word' id='word_1_1007' title='bbox 2679 5069 2767 5121; x_wconf 79' lang='grc' dir='ltr'>τὸν</span> <span class='ocrx_word' id='word_1_1008' title='bbox 2791 5071 3166 5141; x_wconf 84' lang='grc' dir='ltr'>ἐργασάμενον</span> <span class='ocrx_word' id='word_1_1009' title='bbox 3196 5071 3360 5125; x_wconf 82' lang='grc' dir='ltr'>αὐτὸν</span> <span class='ocrx_word' id='word_1_1010' title='bbox 3387 5072 3569 5135; x_wconf 79' lang='grc' dir='ltr'>Φινεὲς</span> <span class='ocrx_word' id='word_1_1011' title='bbox 3589 5073 3738 5144; x_wconf 81' lang='grc' dir='ltr'>ἱερω-</span> 
     </span>
    </p>
   </div>
   <div class='ocr_carea' id='block_1_123' title="bbox 2151 5150 3736 5226">
    <p class='ocr_par' dir='ltr' id='par_1_123' title="bbox 2151 5150 3736 5226">
     <span class='ocr_line' id='line_1_123' title="bbox 2151 5150 3736 5226; baseline 0.003 -22"><span class='ocrx_word' id='word_1_1012' title='bbox 2151 5151 2284 5223; x_wconf 83' lang='grc' dir='ltr'>σύνῃ</span> <span class='ocrx_word' id='word_1_1013' title='bbox 2318 5150 2618 5221; x_wconf 76' lang='grc' dir='ltr'>τιμηθῆναι</span> <span class='ocrx_word' id='word_1_1014' title='bbox 2667 5152 2940 5223; x_wconf 85' lang='grc' dir='ltr'>ἐποίησεν.</span> <span class='ocrx_word' id='word_1_1015' title='bbox 2967 5154 3090 5207; x_wconf 85' lang='grc' dir='ltr'>’Ὁτι</span> <span class='ocrx_word' id='word_1_1016' title='bbox 3143 5155 3252 5224; x_wconf 81' lang='grc' dir='ltr'>γὰρ</span> <span class='ocrx_word' id='word_1_1017' title='bbox 3297 5156 3326 5207; x_wconf 92' lang='lat'>6</span> <span class='ocrx_word' id='word_1_1018' title='bbox 3375 5155 3532 5223; x_wconf 88' lang='grc' dir='ltr'>φόνος</span> <span class='ocrx_word' id='word_1_1019' title='bbox 3577 5155 3736 5226; x_wconf 78' lang='grc' dir='ltr'>ἔργον</span> 
     </span>
    </p>
   </div>
   <div class='ocr_carea' id='block_1_124' title="bbox 2149 5235 3736 5308">
    <p class='ocr_par' dir='ltr' id='par_1_124' title="bbox 2149 5235 3736 5308">
     <span class='ocr_line' id='line_1_124' title="bbox 2149 5235 3736 5308; baseline 0.004 -20"><span class='ocrx_word' id='word_1_1020' title='bbox 2149 5238 2378 5294; x_wconf 85' lang='grc' dir='ltr'>ἐκείνου,</span> <span class='ocrx_word' id='word_1_1021' title='bbox 2417 5235 2648 5288; x_wconf 76' lang='grc' dir='ltr'>ἄκουσον</span> <span class='ocrx_word' id='word_1_1022' title='bbox 2671 5235 2724 5289; x_wconf 91' lang='grc' dir='ltr'>τί</span> <span class='ocrx_word' id='word_1_1023' title='bbox 2757 5255 2942 5306; x_wconf 86' lang='grc' dir='ltr'>φησιν·</span> <span class='ocrx_word' id='word_1_1024' title='bbox 2987 5238 3173 5308; x_wconf 76' lang='grc' dir='ltr'>Ὑμεῖς</span> <span class='ocrx_word' id='word_1_1025' title='bbox 3204 5240 3277 5293; x_wconf 81' lang='grc' dir='ltr'>τὰ</span> <span class='ocrx_word' id='word_1_1026' title='bbox 3317 5239 3463 5308; x_wconf 71' lang='grc' dir='ltr'>ἔργα</span> <span class='ocrx_word' id='word_1_1027' title='bbox 3488 5240 3596 5294; x_wconf 85' lang='grc' dir='ltr'>τοῦ</span> <span class='ocrx_word' id='word_1_1028' title='bbox 3626 5258 3736 5294; x_wconf 81' lang='grc' dir='ltr'>πα-</span> 
     </span>
    </p>
   </div>
   <div class='ocr_carea' id='block_1_125' title="bbox 2149 5318 3738 5391">
    <p class='ocr_par' dir='ltr' id='par_1_125' title="bbox 2149 5318 3738 5391">
     <span class='ocr_line' id='line_1_125' title="bbox 2149 5318 3738 5391; baseline 0.004 -19"><span class='ocrx_word' id='word_1_1029' title='bbox 2149 5319 2287 5386; x_wconf 81' lang='grc' dir='ltr'>τρὸς</span> <span class='ocrx_word' id='word_1_1030' title='bbox 2316 5318 2483 5387; x_wconf 72' lang='grc' dir='ltr'>ὑμῶι⁴</span> <span class='ocrx_word' id='word_1_1031' title='bbox 2510 5318 2714 5373; x_wconf 78' lang='grc' dir='ltr'>θέλετε</span> <span class='ocrx_word' id='word_1_1032' title='bbox 2744 5322 2958 5375; x_wconf 74' lang='grc' dir='ltr'>ποιεῖν·</span> <span class='ocrx_word' id='word_1_1033' title='bbox 2987 5323 3216 5388; x_wconf 74' lang='grc' dir='ltr'>ἐκεῖνος</span> <span class='ocrx_word' id='word_1_1034' title='bbox 3241 5324 3738 5391; x_wconf 70' lang='grc' dir='ltr'>ἀνθρωποκτόνος</span> 
     </span>
    </p>
   </div>
   <div class='ocr_carea' id='block_1_126' title="bbox 2148 5400 3735 5478">
    <p class='ocr_par' dir='ltr' id='par_1_126' title="bbox 2148 5400 3735 5478">
     <span class='ocr_line' id='line_1_126' title="bbox 2148 5400 3735 5478; baseline 0.002 -21"><span class='ocrx_word' id='word_1_1035' title='bbox 2148 5400 2227 5472; x_wconf 75' lang='grc' dir='ltr'>ἧν</span> <span class='ocrx_word' id='word_1_1036' title='bbox 2257 5403 2357 5457; x_wconf 78' lang='grc' dir='ltr'>ἀπ’</span> <span class='ocrx_word' id='word_1_1037' title='bbox 2382 5401 2594 5473; x_wconf 79' lang='grc' dir='ltr'>ἀρχῆς.</span> <span class='ocrx_word' id='word_1_1038' title='bbox 2616 5403 2754 5456; x_wconf 81' lang='grc' dir='ltr'>Ἀλλ’</span> <span class='ocrx_word' id='word_1_1039' title='bbox 2778 5406 2994 5472; x_wconf 82' lang='grc' dir='ltr'>ἐγένετο</span> <span class='ocrx_word' id='word_1_1040' title='bbox 3014 5406 3458 5478; x_wconf 87' lang='grc' dir='ltr'>ἀνθρωποκτόνος</span> <span class='ocrx_word' id='word_1_1041' title='bbox 3478 5409 3507 5460; x_wconf 91' lang='lat'>6</span> <span class='ocrx_word' id='word_1_1042' title='bbox 3526 5408 3735 5472; x_wconf 78' lang='grc' dir='ltr'>Φινεὲς,</span> 
     </span>
    </p>
   </div>
   <div class='ocr_carea' id='block_1_127' title="bbox 2149 5486 3734 5562">
    <p class='ocr_par' dir='ltr' id='par_1_127' title="bbox 2149 5486 3734 5562">
     <span class='ocr_line' id='line_1_127' title="bbox 2149 5486 3734 5562; baseline 0.003 -20"><span class='ocrx_word' id='word_1_1043' title='bbox 2149 5486 2260 5542; x_wconf 77' lang='grc' dir='ltr'>Καὶ</span> <span class='ocrx_word' id='word_1_1044' title='bbox 2293 5487 2580 5556; x_wconf 73' lang='grc' dir='ltr'>ἐλογίσθη</span> <span class='ocrx_word' id='word_1_1045' title='bbox 2611 5488 2770 5554; x_wconf 80' lang='grc' dir='ltr'>αὐτῷ</span> <span class='ocrx_word' id='word_1_1046' title='bbox 2801 5492 2888 5555; x_wconf 78' lang='grc' dir='ltr'>εἰς</span> <span class='ocrx_word' id='word_1_1047' title='bbox 2911 5489 3330 5557; x_wconf 75' lang='grc' dir='ltr'>δικαιοσύνην,</span> <span class='ocrx_word' id='word_1_1048' title='bbox 3356 5491 3540 5562; x_wconf 82' lang='grc' dir='ltr'>φησίν.</span> <span class='ocrx_word' id='word_1_1049' title='bbox 3585 5491 3645 5546; x_wconf 87' lang='grc' dir='ltr'>Ὀ</span> <span class='ocrx_word' id='word_1_1050' title='bbox 3677 5490 3734 5545; x_wconf 77' lang='grc' dir='ltr'>δὲ</span> 
     </span>
    </p>
   </div>
   <div class='ocr_carea' id='block_1_128' title="bbox 531 5589 2048 5666">
    <p class='ocr_par' dir='ltr' id='par_1_128' title="bbox 531 5593 2048 5666">
     <span class='ocr_line' id='line_1_128' title="bbox 531 5593 2048 5666; baseline -0.009 -13"><span class='ocrx_word' id='word_1_1051' title='bbox 531 5598 577 5629; x_wconf 76' lang='grc'>³⁸</span> <span class='ocrx_word' id='word_1_1052' title='bbox 604 5598 765 5666; x_wconf 78' lang='grc' dir='ltr'>φιλῶ]</span> <span class='ocrx_word' id='word_1_1053' title='bbox 801 5598 891 5652; x_wconf 89' lang='lat' dir='ltr'>Sic</span> <span class='ocrx_word' id='word_1_1054' title='bbox 914 5595 973 5648; x_wconf 84' lang='lat' dir='ltr'>E.</span> <span class='ocrx_word' id='word_1_1055' title='bbox 1001 5594 1097 5666; x_wconf 79' lang='lat' dir='ltr'>Ep.</span> <span class='ocrx_word' id='word_1_1056' title='bbox 1128 5594 1226 5650; x_wconf 81' lang='lat' dir='ltr'>Ge.</span> <span class='ocrx_word' id='word_1_1057' title='bbox 1258 5593 1410 5666; x_wconf 56' lang='lat' dir='ltr'>Am}.</span> <span class='ocrx_word' id='word_1_1058' title='bbox 1434 5593 1597 5666; x_wconf 68' lang='lat' dir='ltr'><strong>vulgo</strong></span> <span class='ocrx_word' id='word_1_1059' title='bbox 1625 5593 1824 5666; x_wconf 68' lang='grc' dir='ltr'>ἀφελιῖ).</span> <span class='ocrx_word' id='word_1_1060' title='bbox 1849 5593 2048 5666; x_wconf 22' lang='grc' dir='ltr'>ἐάνλάφ.</span> 
     </span>
    </p>
   </div>
   <div class='ocr_carea' id='block_1_129' title="bbox 2152 5589 3733 5666">
    <p class='ocr_par' dir='ltr' id='par_1_129' title="bbox 2179 5589 3733 5666">
     <span class='ocr_line' id='line_1_129' title="bbox 2179 5589 3733 5666; baseline 0.004 -22"><span class='ocrx_word' id='word_1_1061' title='bbox 2179 5591 2361 5666; x_wconf 76' lang='grc' dir='ltr'>αὐτὸν,</span> <span class='ocrx_word' id='word_1_1062' title='bbox 2380 5592 2750 5666; x_wconf 74' lang='grc' dir='ltr'>δεδικαίωμαι</span> <span class='ocrx_word' id='word_1_1063' title='bbox 2868 5592 2931 5648; x_wconf 84' lang='lat' dir='ltr'>C.</span> <span class='ocrx_word' id='word_1_1064' title='bbox 2993 5595 3035 5625; x_wconf 74' lang='lat'>&#39;7</span> <span class='ocrx_word' id='word_1_1065' title='bbox 3063 5593 3338 5666; x_wconf 63' lang='lat' dir='ltr'>Edqhalur</span> <span class='ocrx_word' id='word_1_1066' title='bbox 3359 5596 3411 5653; x_wconf 71' lang='grc' dir='ltr'>τί</span> <span class='ocrx_word' id='word_1_1067' title='bbox 3431 5589 3546 5654; x_wconf 77' lang='grc' dir='ltr'>οὖν,</span> <span class='ocrx_word' id='word_1_1068' title='bbox 3576 5595 3733 5650; x_wconf 84' lang='grc' dir='ltr'>δύνα-</span> 
     </span>
    </p>
   </div>
   <div class='ocr_carea' id='block_1_130' title="bbox 485 5662 2048 5739">
    <p class='ocr_par' dir='ltr' id='par_1_130' title="bbox 485 5662 2048 5739">
     <span class='ocr_line' id='line_1_130' title="bbox 485 5662 2048 5739; baseline -0.004 -19"><span class='ocrx_word' id='word_1_1069' title='bbox 485 5685 558 5739; x_wconf 77' lang='grc' dir='ltr'>ιαι</span> <span class='ocrx_word' id='word_1_1070' title='bbox 599 5662 671 5739; x_wconf 78' lang='grc' dir='ltr'>μὴ</span> <span class='ocrx_word' id='word_1_1071' title='bbox 697 5662 864 5738; x_wconf 78' lang='grc' dir='ltr'>ὁρἄ;</span> <span class='ocrx_word' id='word_1_1072' title='bbox 896 5668 1021 5721; x_wconf 66' lang='lat' dir='ltr'>Loci</span> <span class='ocrx_word' id='word_1_1073' title='bbox 1049 5662 1847 5739; x_wconf 42' lang='lat' dir='ltr'>&#39;inlegrilasiiisdenlsyh§i5liis</span> <span class='ocrx_word' id='word_1_1074' title='bbox 1875 5663 2048 5739; x_wconf 57' lang='grc' dir='ltr'>εἰβὶιηιι</span> 
     </span>
    </p>
   </div>
   <div class='ocr_carea' id='block_1_131' title="bbox 2152 5662 2867 5739">
    <p class='ocr_par' dir='ltr' id='par_1_131' title="bbox 2197 5662 2867 5739">
     <span class='ocr_line' id='line_1_131' title="bbox 2197 5662 2867 5739; baseline 0.001 -24"><span class='ocrx_word' id='word_1_1075' title='bbox 2197 5662 2524 5739; x_wconf 48' lang='grc' dir='ltr'>’⁸οπροϐάλλε</span> <span class='ocrx_word' id='word_1_1076' title='bbox 2536 5663 2658 5716; x_wconf 83' lang='grc' dir='ltr'>σθαι</span> <span class='ocrx_word' id='word_1_1077' title='bbox 2679 5667 2743 5716; x_wconf 71' lang='grc' dir='ltr'>Α.</span> <span class='ocrx_word' id='word_1_1078' title='bbox 2764 5664 2867 5739; x_wconf 78' lang='lat' dir='ltr'>_Ep.</span> 
     </span>
    </p>
   </div>
   <div class='ocr_carea' id='block_1_132' title="bbox 1615 5729 2652 5805">
    <p class='ocr_par' dir='ltr' id='par_1_132' title="bbox 1615 5729 2652 5805">
     <span class='ocr_line' id='line_1_132' title="bbox 1615 5729 2652 5805; baseline 0 -19"><span class='ocrx_word' id='word_1_1079' title='bbox 1615 5730 1849 5805; x_wconf 44' lang='lat' dir='ltr'>ﬁvlésu</span> <span class='ocrx_word' id='word_1_1080' title='bbox 1890 5732 1949 5784; x_wconf 85' lang='grc' dir='ltr'>Β.</span> <span class='ocrx_word' id='word_1_1081' title='bbox 1988 5732 2045 5805; x_wconf 55' lang='grc' dir='ltr'>Ιῗ.</span> <span class='ocrx_word' id='word_1_1082' title='bbox 2075 5749 2199 5804; x_wconf 87' lang='lat' dir='ltr'><strong>p.p.</strong></span> <span class='ocrx_word' id='word_1_1083' title='bbox 2233 5729 2438 5805; x_wconf 70' lang='grc' dir='ltr'>ἦνήηι.</span> <span class='ocrx_word' id='word_1_1084' title='bbox 2470 5736 2652 5788; x_wconf 67' lang='lat' dir='ltr'>iidem.</span> 
     </span>
    </p>
   </div>
   <div class='ocr_carea' id='block_1_133' title="bbox 1315 5771 2048 5874">
    <p class='ocr_par' dir='ltr' id='par_1_133' title="bbox 1315 5771 2031 5874">
     <span class='ocr_line' id='line_1_133' title="bbox 1315 5771 2031 5874; baseline -0.006 -15"><span class='ocrx_word' id='word_1_1085' title='bbox 1315 5806 1359 5837; x_wconf 80' lang='grc'>³²</span> <span class='ocrx_word' id='word_1_1086' title='bbox 1412 5803 1505 5858; x_wconf 84' lang='grc' dir='ltr'>νῦν</span> <span class='ocrx_word' id='word_1_1087' title='bbox 1548 5771 1730 5858; x_wconf 57' lang='grc' dir='ltr'>3ιίόίᾸί</span> <span class='ocrx_word' id='word_1_1088' title='bbox 1771 5820 1833 5856; x_wconf 71' lang='lat' dir='ltr'>ex</span> <span class='ocrx_word' id='word_1_1089' title='bbox 1871 5805 1934 5855; x_wconf 73' lang='grc' dir='ltr'>Α.</span> <span class='ocrx_word' id='word_1_1090' title='bbox 1970 5803 2031 5874; x_wconf 66' lang='grc' dir='ltr'>ί).</span> 
     </span>
    </p>
   </div>
   <div class='ocr_carea' id='block_1_134' title="bbox 2152 5771 3472 5874">
    <p class='ocr_par' dir='ltr' id='par_1_134' title="bbox 2152 5771 3472 5874">
     <span class='ocr_line' id='line_1_134' title="bbox 2152 5771 3472 5808; baseline 0.002 -22"><span class='ocrx_word' id='word_1_1091' title='bbox 2152 5771 2199 5804; x_wconf 72' lang='grc' dir='ltr'>γ.</span> <span class='ocrx_word' id='word_1_1092' title='bbox 2240 5771 2298 5805; x_wconf 68' lang='grc' dir='ltr'>,μ</span> <span class='ocrx_word' id='word_1_1093' title='bbox 2841 5771 3076 5789; x_wconf 59' lang='grc' dir='ltr'>...υ-...πη</span> <span class='ocrx_word' id='word_1_1094' title='bbox 3106 5771 3167 5788; x_wconf 77' lang='grc' dir='ltr'>η.</span> <span class='ocrx_word' id='word_1_1095' title='bbox 3315 5771 3472 5808; x_wconf 65' lang='grc' dir='ltr'>...ω-ι,</span> 
     </span>
     <span class='ocr_line' id='line_1_135' title="bbox 2175 5805 3472 5874; baseline 0.002 -17"><span class='ocrx_word' id='word_1_1096' title='bbox 2175 5821 2258 5874; x_wconf 21' lang='grc' dir='ltr'>μὴ</span> <span class='ocrx_word' id='word_1_1097' title='bbox 2283 5805 2372 5858; x_wconf 84' lang='grc' dir='ltr'>ὅτε</span> <span class='ocrx_word' id='word_1_1098' title='bbox 2424 5815 2546 5873; x_wconf 77' lang='lat' dir='ltr'>post</span> <span class='ocrx_word' id='word_1_1099' title='bbox 2579 5805 2701 5857; x_wconf 84' lang='grc' dir='ltr'>τότε</span> <span class='ocrx_word' id='word_1_1100' title='bbox 2733 5806 2931 5874; x_wconf 53' lang='lat' dir='ltr'>exciglil</span> <span class='ocrx_word' id='word_1_1101' title='bbox 2978 5807 3030 5858; x_wconf 89' lang='lat' dir='ltr'>in</span> <span class='ocrx_word' id='word_1_1102' title='bbox 3078 5805 3136 5858; x_wconf 78' lang='grc' dir='ltr'>Ι).</span> <span class='ocrx_word' id='word_1_1103' title='bbox 3171 5805 3307 5860; x_wconf 84' lang='lat' dir='ltr'>Mor.</span> <span class='ocrx_word' id='word_1_1104' title='bbox 3342 5807 3472 5862; x_wconf 78' lang='lat' dir='ltr'>Bon.</span> 
     </span>
    </p>
   </div>
   <div class='ocr_carea' id='block_1_135' title="bbox 491 5730 1641 5808">
    <p class='ocr_par' dir='ltr' id='par_1_135' title="bbox 491 5730 1641 5808">
     <span class='ocr_line' id='line_1_136' title="bbox 491 5730 1641 5808; baseline 0.003 0"><span class='ocrx_word' id='word_1_1105' title='bbox 491 5730 671 5808; x_wconf 59' lang='lat' dir='ltr'>sum;</span> <span class='ocrx_word' id='word_1_1106' title='bbox 720 5730 930 5804; x_wconf 62' lang='lat' dir='ltr'>mo;</span> <span class='ocrx_word' id='word_1_1107' title='bbox 967 5738 1118 5808; x_wconf 61' lang='grc' dir='ltr'>ὑμῶν</span> <span class='ocrx_word' id='word_1_1108' title='bbox 1534 5735 1578 5764; x_wconf 75' lang='grc' dir='ltr'>³ο</span> <span class='ocrx_word' id='word_1_1109' title='bbox 1601 5730 1641 5808; x_wconf 63' lang='grc' dir='ltr'>,ἦ</span> 
     </span>
    </p>
   </div>
   <div class='ocr_carea' id='block_1_136' title="bbox 465 5807 1218 5870">
    <p class='ocr_par' dir='ltr' id='par_1_136' title="bbox 465 5807 1218 5870">
     <span class='ocr_line' id='line_1_137' title="bbox 465 5807 1218 5870; baseline 0.004 -13"><span class='ocrx_word' id='word_1_1110' title='bbox 465 5807 578 5859; x_wconf 70' lang='lat' dir='ltr'><strong>.llm</strong></span> <span class='ocrx_word' id='word_1_1111' title='bbox 626 5807 859 5870; x_wconf 80' lang='grc' dir='ltr'>εὐκόλως</span> <span class='ocrx_word' id='word_1_1112' title='bbox 903 5807 1014 5862; x_wconf 84' lang='grc'><strong>0111.</strong></span> <span class='ocrx_word' id='word_1_1113' title='bbox 1061 5808 1118 5860; x_wconf 82' lang='grc' dir='ltr'>Β.</span> <span class='ocrx_word' id='word_1_1114' title='bbox 1158 5807 1218 5860; x_wconf 79' lang='lat' dir='ltr'>F.</span> 
     </span>
    </p>
   </div>
   <div class='ocr_carea' id='block_1_137' title="bbox 2946 5665 3731 5736">
    <p class='ocr_par' dir='ltr' id='par_1_137' title="bbox 2946 5665 3731 5736">
     <span class='ocr_line' id='line_1_138' title="bbox 2946 5665 3731 5736; baseline 0.034 -41"><span class='ocrx_word' id='word_1_1115' title='bbox 2946 5666 2992 5736; x_wconf 59' lang='grc' dir='ltr'>σο</span> <span class='ocrx_word' id='word_1_1116' title='bbox 3026 5665 3176 5736; x_wconf 69' lang='grc' dir='ltr'>ὑμῖν]</span> <span class='ocrx_word' id='word_1_1117' title='bbox 3209 5666 3364 5735; x_wconf 83' lang='grc' dir='ltr'>ὑμῶν</span> <span class='ocrx_word' id='word_1_1118' title='bbox 3401 5667 3456 5720; x_wconf 74' lang='grc' dir='ltr'>Β.</span> <span class='ocrx_word' id='word_1_1119' title='bbox 3491 5667 3550 5722; x_wconf 82' lang='grc' dir='ltr'>υ.</span> <span class='ocrx_word' id='word_1_1120' title='bbox 3584 5666 3644 5720; x_wconf 59' lang='grc' dir='ltr'>Γ.</span> <span class='ocrx_word' id='word_1_1121' title='bbox 3677 5667 3731 5722; x_wconf 63' lang='grc'>2.</span> 
     </span>
    </p>
   </div>
   <div class='ocr_carea' id='block_1_138' title="bbox 2763 5734 3738 5863">
    <p class='ocr_par' dir='ltr' id='par_1_138' title="bbox 2763 5734 3738 5863">
     <span class='ocr_line' id='line_1_139' title="bbox 2763 5734 3730 5810; baseline 0.006 -26"><span class='ocrx_word' id='word_1_1122' title='bbox 2763 5734 2800 5762; x_wconf 89' lang='grc'>³¹</span> <span class='ocrx_word' id='word_1_1123' title='bbox 2831 5734 3076 5789; x_wconf 85' lang='grc' dir='ltr'>τοσοῦτοι</span> <span class='ocrx_word' id='word_1_1124' title='bbox 3106 5734 3174 5788; x_wconf 58' lang='grc' dir='ltr'>Α.</span> <span class='ocrx_word' id='word_1_1125' title='bbox 3216 5734 3277 5788; x_wconf 74' lang='grc' dir='ltr'>(ἶ.</span> <span class='ocrx_word' id='word_1_1126' title='bbox 3312 5736 3642 5810; x_wconf 76' lang='grc' dir='ltr'>κατώρθωσε</span> <span class='ocrx_word' id='word_1_1127' title='bbox 3670 5737 3730 5790; x_wconf 87' lang='lat' dir='ltr'><strong>D.</strong></span> 
     </span>
     <span class='ocr_line' id='line_1_140' title="bbox 2769 5805 3738 5863; baseline 0.006 -7"><span class='ocrx_word' id='word_1_1128' title='bbox 2769 5806 2931 5858; x_wconf 75' lang='lat' dir='ltr'>xciuil</span> <span class='ocrx_word' id='word_1_1129' title='bbox 2978 5807 3030 5858; x_wconf 89' lang='lat' dir='ltr'>in</span> <span class='ocrx_word' id='word_1_1130' title='bbox 3078 5805 3136 5858; x_wconf 79' lang='grc' dir='ltr'>Ι).</span> <span class='ocrx_word' id='word_1_1131' title='bbox 3171 5805 3307 5860; x_wconf 83' lang='lat' dir='ltr'>Mor.</span> <span class='ocrx_word' id='word_1_1132' title='bbox 3342 5807 3472 5862; x_wconf 78' lang='lat' dir='ltr'>Bon.</span> <span class='ocrx_word' id='word_1_1133' title='bbox 3552 5807 3598 5838; x_wconf 87' lang='grc'><em>³³</em></span> <span class='ocrx_word' id='word_1_1134' title='bbox 3643 5808 3738 5863; x_wconf 86' lang='lat' dir='ltr'>Sic</span> 
     </span>
    </p>
   </div>
   <div class='ocr_carea' id='block_1_139' title="bbox 467 5873 2048 5948">
    <p class='ocr_par' dir='ltr' id='par_1_139' title="bbox 467 5873 2037 5948">
     <span class='ocr_line' id='line_1_141' title="bbox 467 5873 2037 5948; baseline -0.001 -20"><span class='ocrx_word' id='word_1_1135' title='bbox 467 5877 524 5948; x_wconf 64' lang='lat' dir='ltr'>If}.</span> <span class='ocrx_word' id='word_1_1136' title='bbox 571 5879 664 5948; x_wconf 62' lang='lat' dir='ltr'>hoc</span> <span class='ocrx_word' id='word_1_1137' title='bbox 700 5891 812 5942; x_wconf 66' lang='lat' dir='ltr'>ipso</span> <span class='ocrx_word' id='word_1_1138' title='bbox 863 5894 1185 5948; x_wconf 80' lang='lat' dir='ltr'>qunquequo</span> <span class='ocrx_word' id='word_1_1139' title='bbox 1228 5880 1457 5948; x_wconf 69' lang='lat' dir='ltr'>math</span> <span class='ocrx_word' id='word_1_1140' title='bbox 1499 5884 1783 5948; x_wconf 56' lang='grc' dir='ltr'>ηεεαδιιιιιν</span> <span class='ocrx_word' id='word_1_1141' title='bbox 1825 5891 1856 5926; x_wconf 82' lang='grc' dir='ltr'><strong><em>η</em></strong></span> <span class='ocrx_word' id='word_1_1142' title='bbox 1889 5873 2037 5948; x_wconf 54' lang='lat' dir='ltr'>nobis</span> 
     </span>
    </p>
   </div>
   <div class='ocr_carea' id='block_1_140' title="bbox 2152 5873 3736 5948">
    <p class='ocr_par' dir='ltr' id='par_1_140' title="bbox 2152 5873 3736 5948">
     <span class='ocr_line' id='line_1_142' title="bbox 2152 5873 3736 5948; baseline 0.003 -21"><span class='ocrx_word' id='word_1_1143' title='bbox 2152 5873 2187 5929; x_wconf 70' lang='grc' dir='ltr'>ι.</span> <span class='ocrx_word' id='word_1_1144' title='bbox 2222 5873 2394 5948; x_wconf 61' lang='lat' dir='ltr'><strong>Vulgo</strong></span> <span class='ocrx_word' id='word_1_1145' title='bbox 2423 5876 2622 5948; x_wconf 57' lang='lat' dir='ltr'>legitur</span> <span class='ocrx_word' id='word_1_1146' title='bbox 2649 5875 2742 5948; x_wconf 77' lang='grc' dir='ltr'>καὶ</span> <span class='ocrx_word' id='word_1_1147' title='bbox 2785 5873 2888 5948; x_wconf 46' lang='grc' dir='ltr'>διὲξ</span> <span class='ocrx_word' id='word_1_1148' title='bbox 2910 5875 3346 5948; x_wconf 15' lang='grc' dir='ltr'>τοῦτοίμάλιστα</span> <span class='ocrx_word' id='word_1_1149' title='bbox 3392 5877 3522 5948; x_wconf 58' lang='grc' dir='ltr'>παρέ</span> <span class='ocrx_word' id='word_1_1150' title='bbox 3551 5878 3736 5948; x_wconf 79' lang='grc' dir='ltr'>αὐτῷν</span> 
     </span>
    </p>
   </div>
   <div class='ocr_carea' id='block_1_141' title="bbox 468 5943 2048 6016">
    <p class='ocr_par' dir='ltr' id='par_1_141' title="bbox 468 5943 2048 6016">
     <span class='ocr_line' id='line_1_143' title="bbox 468 5943 2048 6016; baseline -0.001 -17"><span class='ocrx_word' id='word_1_1151' title='bbox 468 5947 828 6010; x_wconf 74' lang='grc' dir='ltr'>ἰιιιϐάλλεται,</span> <span class='ocrx_word' id='word_1_1152' title='bbox 863 5943 957 6002; x_wconf 66' lang='lat' dir='ltr'>liu-</span> <span class='ocrx_word' id='word_1_1153' title='bbox 980 5943 1134 6002; x_wconf 65' lang='grc' dir='ltr'>ξιιίιιίι·</span> <span class='ocrx_word' id='word_1_1154' title='bbox 1163 5949 1313 6004; x_wconf 74' lang='lat' dir='ltr'>Arm.</span> <span class='ocrx_word' id='word_1_1155' title='bbox 1347 5947 1448 6001; x_wconf 71' lang='lat' dir='ltr'>nisi</span> <span class='ocrx_word' id='word_1_1156' title='bbox 1473 5947 1616 6016; x_wconf 62' lang='grc' dir='ltr'>ιιιιοιί</span> <span class='ocrx_word' id='word_1_1157' title='bbox 1648 5943 1800 6015; x_wconf 79' lang='grc' dir='ltr'>ὐμῶν</span> <span class='ocrx_word' id='word_1_1158' title='bbox 1829 5960 1924 6016; x_wconf 82' lang='lat' dir='ltr'>pro</span> <span class='ocrx_word' id='word_1_1159' title='bbox 1955 5945 2048 5998; x_wconf 78' lang='grc' dir='ltr'>αὐτ</span> 
     </span>
    </p>
   </div>
   <div class='ocr_carea' id='block_1_142' title="bbox 2152 5943 2343 6016">
    <p class='ocr_par' dir='ltr' id='par_1_142' title="bbox 2165 5943 2343 6000">
     <span class='ocr_line' id='line_1_144' title="bbox 2165 5943 2343 6000; baseline 0 0"><span class='ocrx_word' id='word_1_1160' title='bbox 2165 5943 2343 6000; x_wconf 60' lang='lat' dir='ltr'><strong>habet;</strong></span> 
     </span>
    </p>
   </div>
   <div class='ocr_carea' id='block_1_143' title="bbox 2420 5944 3728 6014">
    <p class='ocr_par' dir='ltr' id='par_1_143' title="bbox 2420 5944 3728 6014">
     <span class='ocr_line' id='line_1_145' title="bbox 2420 5944 3728 6014; baseline 0.002 -17"><span class='ocrx_word' id='word_1_1161' title='bbox 2420 5946 2463 5976; x_wconf 74' lang='lat'><strong>&quot;‘</strong></span> <span class='ocrx_word' id='word_1_1162' title='bbox 2493 5944 2832 6014; x_wconf 82' lang='grc' dir='ltr'>περιχρίουσι</span> <span class='ocrx_word' id='word_1_1163' title='bbox 2855 5944 2911 5995; x_wconf 85' lang='grc' dir='ltr'>Β.</span> <span class='ocrx_word' id='word_1_1164' title='bbox 2947 5944 3005 5998; x_wconf 79' lang='lat' dir='ltr'>F.</span> <span class='ocrx_word' id='word_1_1165' title='bbox 3084 5944 3128 5975; x_wconf 81' lang='grc'><strong><em>³⁵</em></strong></span> <span class='ocrx_word' id='word_1_1166' title='bbox 3148 5947 3366 5999; x_wconf 81' lang='grc' dir='ltr'>ἐνέϐαλε</span> <span class='ocrx_word' id='word_1_1167' title='bbox 3399 5944 3546 6000; x_wconf 53' lang='grc' dir='ltr'>ΑζΒ.</span> <span class='ocrx_word' id='word_1_1168' title='bbox 3588 5947 3728 6005; x_wconf 84' lang='grc' dir='ltr'>υ.Ε.</span> 
     </span>
    </p>
   </div>
  </div>
