4076 6150
397 251 490 304 961

395 363 524 418 illud
569 361 791 417 thronus
820 372 920 428 est,
965 362 1079 417 iure
1115 354 1424 431 scabellum,
1469 365 1700 437 undique
1731 368 1874 438 ipsos
1911 370 1977 424 ad

400 454 677 510 Dominum
709 452 1057 526 Compeliens.
1089 454 1177 512 56.
1211 456 1386 526 Neque
1416 475 1503 526 per
1526 470 1678 527 caput
1705 468 1866 527 tuum,
1897 454 1982 515 in-

391 549 528 618 quit,
571 549 689 619 quia
716 562 816 601 non
853 558 994 617 potes
1023 566 1179 603 unum
1199 549 1441 620 capillum
1482 550 1648 603 album
1678 555 1864 623 facere,
1895 564 1982 607 aut

391 641 610 711 nigrum.
655 638 863 695 Rursus
903 649 1008 693 non
1038 639 1306 695 hominem
1350 641 1641 705 admirans,
1670 643 1977 711 subiunxit,

390 745 563 798 neque
600 745 694 798 per
729 740 888 799 caput
920 722 1035 800 eius
1067 745 1187 785 esse
1209 729 1515 798 iurandutn,
1562 731 1796 802 alioquin
1837 734 1977 787 enim

389 822 502 890 ipse
524 820 683 874 homo
710 820 959 875 adoratus
986 821 1202 883 fuisset;
1226 820 1317 874 sed
1334 821 1555 891 gloriam
1585 822 1692 876 Deo
1716 824 1973 889 referens,

389 920 442 968 et
460 910 771 977 ostendens,
811 922 862 966 te
895 929 963 967 ne
1001 913 1212 982 quidem
1242 913 1314 967 ttti
1350 912 1627 968 dominum
1666 930 1807 979 esse,
1849 930 1976 985 ergo

391 1020 559 1076 neque
584 1006 1006 1075 juratnentorum
1053 1022 1145 1074 per
1184 1013 1343 1075 caput
1366 1006 1705 1061 emissorum.
1746 1006 1802 1062 Si
1832 1008 1973 1062 enim

384 1111 542 1151 nemo
573 1097 733 1150 lilium
775 1112 927 1149 suum
957 1091 1111 1150 alteri
1149 1096 1371 1160 dederit,
1423 1097 1589 1151 multo
1627 1099 1801 1152 minus
1834 1098 1975 1153 Dens

383 1202 514 1255 opus
544 1200 697 1240 suum
743 1186 834 1240 tibi
860 1186 1139 1241 concedet.
1185 1187 1400 1241 Etiamsi
1432 1189 1575 1243 enim
1616 1198 1775 1259 caput
1824 1201 1969 1245 tuum

381 1279 471 1344 sit,
506 1276 600 1333 sed
629 1278 849 1332 alterius
884 1285 967 1332 est
1008 1279 1272 1347 possessio
1307 1296 1319 1329 :
1354 1281 1663 1348 tantumque
1701 1283 1853 1335 abest
1901 1294 1968 1335 ne

382 1371 629 1425 dominus
655 1369 772 1437 eius
816 1369 911 1433 sis,
951 1378 1010 1422 ut
1039 1378 1105 1424 ne
1151 1366 1428 1423 minimum
1457 1368 1670 1439 quidem
1704 1373 1873 1435 possis
1917 1374 1966 1427 iu

381 1456 474 1515 illo
503 1462 732 1530 operari.
761 1459 875 1514 Non
906 1461 1048 1515 enim
1069 1460 1219 1524 dixit,
1246 1461 1359 1515 Non
1384 1470 1532 1530 potes
1561 1462 1853 1531 producere
1878 1481 1968 1518 ca-

380 1551 595 1621 pillum;
642 1549 759 1617 sed,
812 1550 992 1621 Neque
1041 1551 1156 1622 ejus
1203 1552 1509 1622 qualitatem
1550 1565 1776 1609 mutare.
1828 1556 1963 1624 Quid

378 1642 556 1712 igitur,
584 1642 626 1695 si
658 1643 797 1710 quis,
831 1643 1058 1712 inquies,
1085 1644 1444 1711 jttramentum
1472 1645 1665 1714 exigat,
1701 1650 1754 1698 et
1780 1659 1964 1700 neCcs-

374 1735 584 1788 sitatem
613 1727 862 1788 inducat?
905 1734 995 1788 Dei
1025 1735 1184 1789 timor
1225 1735 1540 1790 necessitate
1569 1737 1638 1791 sit
1674 1740 1959 1805 potentior.

374 1823 504 1878 Nam
545 1825 588 1878 si
620 1816 755 1879 velis
801 1812 1107 1893 huiusmodi
1132 1840 1318 1878 causas
1363 1826 1617 1895 olijiccre,
1665 1829 1864 1881 nullttm
1896 1838 1962 1883 ex

374 1916 652 1984 prmceptis
697 1912 958 1971 servabis.
1002 1912 1132 1970 Nam
1163 1929 1211 1971 et
1257 1917 1323 1972 de
1373 1926 1539 1973 uxore
1583 1920 1821 1975 dicturus
1858 1938 1959 1977 es:

372 2006 508 2074 Quid
539 2006 716 2076 igitur,
746 2006 789 2060 si
820 2005 1046 2077 litigiosa
1075 2010 1128 2061 et
1165 2017 1469 2077 sumptuosa
1502 2011 1608 2063 sit?
1640 2010 1706 2065 Et
1728 2012 1796 2066 de
1828 2029 1960 2067 ocu-

374 2098 425 2149 lo
444 2097 631 2151 dextro
665 2114 677 2147 :
707 2096 841 2162 Quid
866 2096 1044 2167 igitur,
1067 2092 1346 2167 sidiligam
1362 2112 1511 2158 eum.
1530 2104 1585 2154 et
1613 2100 1770 2154 urar?
1801 2100 1863 2154 Et
1892 2101 1960 2156 de

320 2184 329 2188 â€™
372 2188 639 2257 impudico
666 2198 881 2258 aspectu
910 2206 922 2240 :
957 2184 1090 2254 Quid
1124 2190 1300 2260 igitur,
1335 2198 1401 2244 an
1434 2206 1648 2261 possum
1674 2209 1777 2246 uon
1804 2194 1953 2249 vide-

369 2280 467 2333 re?
497 2279 561 2333 Et
585 2279 650 2334 de
674 2280 748 2333 ira
778 2280 828 2333 iu
853 2279 1070 2334 fratrem
1096 2288 1108 2333 ':
1138 2281 1273 2347 Quid
1305 2281 1481 2351 igitur,
1511 2282 1553 2335 si
1579 2297 1814 2352 prtcceps
1836 2286 1956 2351 sim,

366 2381 422 2425 et
452 2372 681 2441 linguam
711 2383 895 2426 tenere
927 2388 1031 2425 non
1057 2372 1295 2442 possim?
1333 2374 1394 2427 Et
1423 2374 1500 2427 sic
1531 2387 1749 2443 prorsUS
1778 2379 1955 2432 omnia

367 2478 524 2531 supra
552 2463 690 2517 dicta
735 2462 984 2520 calcabis.
1031 2464 1186 2533 Atqui
1230 2465 1280 2518 in
1316 2465 1515 2533 legibus
1558 2467 1803 2521 humanis
1845 2471 1957 2522 haec

365 2552 658 2607 obtendere
702 2569 804 2605 non
850 2553 1014 2618 ausis,
1060 2564 1233 2624 neque
1277 2556 1477 2621 dicere,
1525 2556 1660 2623 Quid
1693 2559 1865 2628 igitur,
1911 2561 1953 2612 si

363 2640 487 2711 hoc,
532 2645 612 2701 vel
658 2645 827 2700 illud?
861 2646 954 2701 sed
1004 2662 1096 2702 seu
1136 2658 1324 2717 sponte
1354 2663 1447 2701 seu
1495 2649 1689 2705 invitus
1730 2665 1791 2705 ea
1836 2667 1957 2721 qua:

362 2737 556 2807 scripta
599 2747 723 2792 sunt
760 2739 976 2807 accipis.
1023 2739 1270 2808 Alioquin
1310 2750 1486 2795 autem
1534 2755 1819 2813 numquam
1848 2747 1952 2800 vim

363 2829 801 2883 necessitatemve
848 2830 1083 2899 patieris.
1138 2830 1271 2885 Nam
1303 2833 1389 2901 qui
1430 2834 1782 2890 beatitudines
1808 2836 1953 2904 prius

357 2917 660 2975 enuntiatas
685 2917 901 2984 audivit,
929 2938 992 2977 ac
1011 2924 1243 2991 seipsum
1277 2926 1343 2977 ita
1372 2928 1689 2995 composuit,
1723 2928 1780 2982 ut
1798 2929 1950 2983 Chri-

358 3022 472 3065 stus
488 3006 667 3081 jussit,
699 3010 893 3067 nullam
923 3029 949 3066 a
982 3016 1170 3083 quovis
1199 3016 1414 3070 homine
1437 3016 1739 3083 huiusmodi
1764 3030 1951 3074 neces-

357 3100 565 3157 sitatem
595 3104 845 3172 patietur,
880 3120 999 3158 cum
1030 3105 1101 3158 sit
1129 3106 1264 3173 apttd
1293 3121 1481 3161 omnes
1511 3108 1854 3163 admirandus
1894 3122 1949 3164 et

356 3192 699 3247 honorabilis.
726 3193 812 3248 57.
845 3193 926 3247 Sit
947 3200 1111 3247 autem
1134 3212 1294 3248 sermo
1321 3208 1495 3262 vester,
1520 3207 1610 3261 est,
1641 3209 1727 3264 est,
1744 3212 1944 3267 et,non,

354 3297 453 3335 non
485 3299 503 3336 :
532 3280 668 3353 quod
704 3293 869 3337 autem
910 3290 1046 3337 ultra
1081 3284 1398 3357 adjunqitur,
1432 3306 1494 3341 ex
1521 3291 1653 3344 malo
1689 3308 1781 3345 est.
1810 3293 1945 3359 Quid

352 3369 509 3443 igitur
530 3386 979 3441 Supervacaneum
1005 3376 1128 3430 illud
1150 3388 1247 3440 est,
1271 3380 1425 3441 ultra,
1450 3379 1538 3433 Est
1559 3390 1604 3434 et
1630 3398 1731 3437 non
1748 3384 1773 3436 ?
1792 3384 1949 3439 Jura-

353 3470 612 3529 mentum,
641 3483 745 3521 non
768 3476 944 3521 autem
975 3464 1285 3538 periurium.
1317 3465 1428 3527 Hoc
1444 3475 1588 3527 enim
1615 3474 1667 3529 itt
1695 3476 1943 3532 confesso

348 3563 450 3622 est,
483 3568 537 3611 et
563 3568 721 3612 nemo
747 3567 828 3613 est
852 3560 975 3628 quin
1020 3556 1285 3626 didicerit,
1315 3579 1341 3616 a
1372 3565 1512 3619 malo
1536 3582 1676 3631 esse,
1705 3585 1806 3624 nec
1847 3586 1941 3626 su-

350 3660 734 3715 pervacaneum
779 3664 918 3714 esse,
961 3652 1052 3705 sed
1083 3654 1407 3709 contrarium
1441 3674 1453 3710 :
1487 3666 1939 3727 supervacaneum

348 3740 525 3792 autem
567 3746 668 3800 est,
696 3738 839 3809 qttod
882 3739 1019 3795 ultra
1049 3749 1103 3797 et
1130 3756 1250 3797 cum
1288 3744 1639 3801 redundantia
1669 3749 1937 3818 adjicitur,

347 3827 558 3900 taleque
591 3842 672 3885 est
697 3826 1077 3901 jttramentum.
1117 3834 1379 3903 Quidnam
1410 3854 1539 3893 vero
1563 3840 1691 3896 dicit
1726 3858 1755 3897 a
1799 3847 1941 3900 malo

345 3925 504 3977 esse?
525 3932 580 3978 et
608 3925 651 3978 si
682 3941 709 3978 a
751 3920 893 3980 malo
919 3937 1057 3992 erat,
1080 3941 1175 3983 cur
1213 3923 1499 3998 jubebatur
1528 3933 1578 3987 in
1610 3930 1766 4005 lege?
1794 3934 1936 4007 idip-

346 4024 464 4069 sum
494 4017 651 4071 etiam
677 4011 743 4072 de
783 4032 949 4073 uxore
973 4014 1156 4074 dices:
1188 4022 1422 4093 Curiam
1465 4026 1744 4084 fornicatio
1774 4042 1936 4101 repu-

346 4115 488 4161 tatur
532 4106 582 4161 id
624 4109 763 4177 qttod
804 4111 928 4164 olim
960 4107 1403 4179 permittebatur?
1439 4114 1574 4184 Quid
1615 4120 1681 4173 ad
1710 4123 1822 4175 haec
1851 4124 1936 4175 di-

344 4197 569 4251 cendum
588 4198 609 4251 ?
628 4199 751 4253 llaec
772 4206 897 4254 tunc
916 4194 1056 4255 dicta
1081 4203 1242 4258 fuisse
1265 4206 1555 4261 Secundum
1575 4208 1933 4267 infirmitatem

344 4302 529 4341 eorum
556 4291 645 4358 qui
669 4290 816 4361 leges
838 4292 1209 4362 accipiebant:
1242 4310 1361 4349 nam
1394 4309 1446 4351 et
1474 4298 1661 4355 nidore
1689 4304 1932 4359 victima-

344 4392 458 4433 rum
491 4380 592 4435 coii
623 4378 893 4452 indignum
920 4384 1204 4439 admodum
1237 4385 1346 4442 Deo
1370 4396 1469 4453 est,
1506 4391 1645 4445 sicut
1675 4393 1935 4451 balbutire

344 4471 613 4542 indignum
645 4472 981 4545 philosopho.
1032 4475 1362 4533 Adulterium
1390 4494 1518 4551 ergo
1554 4494 1695 4540 nunc
1721 4496 1935 4556 reputa-

342 4571 428 4616 tur
454 4558 616 4627 illud;
660 4570 715 4619 et
742 4578 772 4619 a
801 4566 942 4620 malo
971 4572 1053 4621 est
1078 4567 1277 4636 iurare,
1303 4572 1516 4640 qttando
1542 4585 1694 4628 aucta
1726 4583 1782 4630 et
1808 4594 1930 4649 per-

342 4653 475 4707 fema
522 4648 687 4708 virtus
731 4664 830 4709 est.
859 4654 915 4711 Si
955 4668 1083 4711 vero
1132 4659 1214 4714 hz'e
1237 4660 1306 4714 ab
1358 4662 1505 4718 initio
1543 4665 1736 4722 diaboli
1788 4648 1931 4740 leges

341 4742 585 4808 fuissent,
617 4753 720 4796 non
753 4744 931 4815 utique
959 4755 1158 4801 tantum
1190 4751 1558 4819 profecissent.
1585 4756 1793 4812 Etenim
1828 4763 1928 4816 uisi

340 4832 425 4888 illa
456 4829 809 4903 praeivisscnt,
838 4852 943 4890 non
977 4838 1045 4891 ita
1074 4838 1227 4894 facile
1252 4841 1366 4896 hzec
1394 4860 1534 4899 nunc
1556 4860 1774 4919 accepta
1801 4852 1929 4906 fuis-

337 4933 476 4979 sent.
505 4922 623 4978 Noli
664 4924 820 4995 igitur
852 4942 1034 4982 eorum
1081 4933 1353 4999 requirere
1398 4936 1668 5004 virtutem,
1716 4943 1929 5009 quando

335 5032 521 5071 eorum
560 5030 690 5070 usus
733 5020 1063 5086 prieterivit:
1107 5029 1232 5078 tunc
1261 5026 1401 5079 enim
1448 5037 1655 5098 tempus
1686 5033 1736 5086 id
1779 5043 1929 5104 pete-

338 5109 457 5174 bat;
491 5108 598 5160 imo
627 5118 774 5175 vero,
806 5110 848 5163 si
876 5111 975 5175 vis,
1007 5112 1165 5167 etiam
1196 5131 1354 5171 nunc.
1389 5117 1522 5174 Nam
1545 5136 1729 5178 eorum
1761 5127 1927 5182 virtus

336 5199 635 5253 ostenditur
683 5208 749 5254 ex
796 5215 863 5255 eo
910 5200 1025 5269 ipso
1069 5220 1174 5271 quo
1218 5208 1384 5277 magis
1430 5225 1731 5270 accusatur.
1770 5217 1922 5284 Quod

335 5290 477 5344 enim
506 5290 619 5345 haec
663 5293 785 5347 talia
818 5309 958 5348 nunc
996 5295 1295 5359 videantur,
1328 5314 1511 5355 eorum
1552 5307 1780 5360 maxima
1814 5311 1923 5363 laus

335 5391 435 5433 est.
464 5380 573 5439 Nisi
618 5384 759 5437 enim
794 5400 890 5437 nos
932 5386 1153 5454 pulchre
1187 5390 1514 5456 uutrivisset,
1544 5403 1598 5449 et
1625 5396 1690 5451 ad
1722 5400 1919 5468 majora

342 5472 641 5539 recipientia
677 5473 896 5529 idoneos
936 5476 1275 5542 reddidisset,
1315 5495 1418 5535 non
1449 5484 1569 5539 talia
1611 5488 1914 5545 viderentur

337 5577 475 5615 esse.
525 5563 978 5630 Quemadmodum
1030 5569 1435 5632 mamilla,cum
1481 5562 1633 5630 suum
1686 5580 1921 5650 implevit

339 5654 587 5721 officium,
619 5666 671 5710 et
699 5658 762 5710 Í¾Î¹â€¹1
806 5661 1169 5729 periei-liorem
1222 5678 1457 5718 mensam
1506 5684 1634 5736 puer
1671 5672 1914 5742 mittitur,

1505 249 1615 309 â€™lN
1655 254 2058 311 ÎœÎ›Î¤Î¤Î™Î™ÎºÎ•Ï…Îœ
2100 259 2327 318 Î¹Î¹Ï…Î»Î·Î¹.
2370 264 2531 324 XVII.

3570 290 3677 344 if?!

2093 370 2309 432 demum
2332 372 2532 437 inutilis
2560 383 2790 451 videtur;
2821 400 3064 458 parentes
3092 399 3329 468 vero,qui
3358 398 3501 458 diam
3533 420 3668 471 prim

2086 478 2255 554 puero
2287 476 2639 554 necessariam
2668 491 2790 533 esse
2815 482 3099 548 putabant,
3134 481 3278 545 mille
3306 500 3485 554 postea
3532 495 3671 551 illam

2076 539 2421 603 irrisiOuibus
2447 539 2887 625 prosequuntur;
2918 539 3098 618 multi,
3130 539 3334 621 autemr
3371 587 3477 625 non
3534 591 3655 627 ver-

2077 632 2159 686 his
2197 639 2373 693 solum
2426 643 2573 699 illam
2610 653 2922 718 traducunt,
2956 656 3048 709 sed
3078 658 3239 712 etiam
3272 663 3475 716 amaris
3509 666 3652 721 illam

2074 727 2674 804 obiitntutuuguentis;
2714 753 2771 796 ut
2795 744 2839 796 si
2873 761 2978 799 nou
3020 750 3231 816 possint
3261 754 3417 806 verba
3452 756 3654 825 impor-

2072 825 2263 873 tuttuttt
2332 823 2654 882 huiusmodi
2704 836 2857 903 pueri
2907 837 3155 894 aï¬‚â€˜eetutn
3206 856 3504 910 remOvcre,
3565 868 3650 903 res

2070 903 2200 973 ipsa:
2237 908 2567 969 desiderium
2617 931 2887 979 avertant.
2932 928 2948 958 Â¹
2994 930 3086 984 Sic
3138 932 3391 988 Christus
3431 952 3458 989 a
3506 940 3649 991 malo

2067 994 2180 1047 haec
2206 1011 2325 1050 esse
2354 1000 2516 1066 dixit,
2566 1019 2668 1057 non
2699 1016 2757 1058 Î¹Î¹Î¹
2804 1011 3113 1067 tistcnderet
3153 1027 3386 1071 veterem
3415 1019 3583 1090 legem
3614 1038 3642 1076 Ï„Î¹

2062 1085 2275 1141 diabolo
2302 1092 2579 1158 prodiisse,
2610 1097 2703 1151 sed
2733 1106 2788 1151 ut
2816 1102 3182 1158 vehementitts
3203 1121 3233 1161 a
3255 1109 3419 1163 veteri
3446 1085 3648 1167 vilitate

2063 1188 2358 1238 reVocaret.
2393 1183 2458 1238 Et
2492 1186 2765 1258 discipulis
2790 1193 3007 1260 quidem
3056 1196 3171 1253 haec
3197 1199 3367 1267 dicit;
3421 1205 3515 1258 sed
3555 1205 3647 1259 Ju-

2060 1268 2189 1324 daeis
2207 1275 2434 1342 stupidis
2457 1286 2511 1331 et
2552 1278 2601 1332 in
2636 1281 2820 1336 iisdem
2853 1291 3345 1355 perseverantibus,
3379 1306 3478 1348 ceu
3510 1307 3610 1366 qua
3633 1329 3646 1340 -

2058 1363 2178 1416 dam
2201 1368 2573 1433 amaritudine,
2600 1375 2922 1442 captivitatis
2964 1390 3107 1435 metu
3139 1384 3324 1439 urbem
3374 1388 3646 1445 circumli-

2061 1454 2220 1508 nitatn
2277 1455 2602 1514 inaccessam
2648 1465 2897 1521 reddidit.
2930 1469 3061 1535 Quia
3090 1487 3217 1527 vero
3244 1490 3309 1529 ne
3335 1475 3387 1530 id
3422 1480 3637 1547 quidem

2059 1548 2226 1613 potuit
2255 1549 2397 1618 ipsos
2425 1553 2653 1607 retinere
2678 1596 2693 1617 ,
2720 1557 2812 1610 sed
2836 1574 2952 1611 eam
2978 1576 3163 1615 rursus
3190 1564 3370 1621 videre
3390 1570 3647 1637 optabant

2055 1640 2205 1703 quasi
2231 1640 2378 1707 pueri
2409 1642 2474 1695 ad
2503 1645 2790 1698 mamillam
2835 1660 3210 1719 accurreutes,
3255 1655 3469 1713 demum
3499 1660 3643 1716 illam

2055 1727 2359 1792 occultavit,
2391 1731 2476 1784 illa
2505 1733 2616 1801 ipsa
2644 1735 2842 1801 diruta,
2873 1749 2921 1791 et
2955 1742 3219 1815 plerisque
3241 1758 3428 1803 eorum
3462 1754 3642 1819 procul

2056 1817 2299 1872 abductis
2338 1838 2348 1872 :
2382 1824 2830 1892 quemadmodum
2882 1831 3091 1898 pluritui
3140 1835 3366 1904 vitulos,
3397 1855 3425 1892 a
3472 1842 3647 1896 vaccis

2054 1908 2312 1965 abductos
2339 1911 2677 1985 inclusosque
2696 1960 2711 1977 .
2748 1927 2988 1989 tempore
3010 1924 3397 1995 assueihciunt;
3429 1940 3487 1985 ut
3513 1947 3541 1985 a
3569 1934 3645 1985 la-

2052 2001 2152 2055 ctis
2172 2006 2557 2061 consuetudine
2583 2009 2891 2066 abscedant.
2921 2012 3050 2069 Nam
3077 2018 3119 2070 si
3152 2017 3347 2075 diaboli
3378 2034 3528 2077 vetus
3560 2026 3643 2080 lex

2052 2102 2226 2158 esset,
2274 2102 2377 2149 non
2425 2099 2492 2151 ab
2535 2099 2835 2157 idololatria
2864 2105 3205 2175 abduxisset,
3242 2112 3349 2166 imo
3376 2128 3558 2171 contra
3589 2120 3640 2172 iu

2053 2182 2193 2237 illam
2221 2185 2587 2255 coniecisset:
2623 2192 2672 2246 id
2722 2195 2863 2248 enim
2907 2198 3124 2253 volebat
3176 2201 3441 2261 diabolus.
3489 2208 3643 2263 Nunc

2050 2282 2226 2329 autem
2250 2280 2577 2334 contrarium
2608 2298 2823 2349 prorsus
2846 2286 3086 2341 videmus
3108 2305 3136 2342 a
3159 2294 3327 2350 veteri
3345 2297 3462 2366 lege
3478 2299 3637 2355 efiici.

2054 2365 2119 2418 Et
2142 2366 2312 2435 ipsum
2343 2385 2554 2442 quoqtte
2579 2374 2937 2443 jttramentum
2962 2381 3084 2437 ideo
3110 2384 3160 2437 in
3188 2389 3351 2442 veteri
3382 2365 3636 2448 statutum

2051 2456 2164 2522 fttit,
2199 2474 2267 2513 ne
2297 2476 2391 2528 per
2422 2464 2558 2518 idola
2584 2466 2850 2535 iurarent.
2889 2469 3104 2540 Jurate,
3139 2475 3325 2546 inquit,
3355 2498 3445 2550 per
3475 2482 3639 2538 Deum

2048 2562 2215 2605 verum
2243 2556 2383 2622 (Î»ÎµÎ½.
2407 2557 2463 2625 4,
2486 2556 2521 2610 2
2542 2558 2580 2625 ).
2606 2558 2722 2614 Non
2751 2561 2909 2630 igitur
2935 2575 3094 2634 parva
3123 2570 3364 2636 quaedam
3392 2574 3480 2631 lex
3509 2577 3638 2632 eii'e-

2045 2643 2137 2705 cit,
2167 2644 2260 2696 sed
2288 2661 2475 2714 magna
2510 2647 2709 2717 utique.
2743 2650 2875 2707 Nam
2915 2654 2980 2708 ad
3012 2657 3239 2713 solidum
3268 2661 3448 2720 cibum
3484 2680 3638 2722 acce-

2045 2732 2208 2797 dere,
2240 2735 2290 2788 id
2337 2737 2635 2794 SeIâ€˜VuIOI'lS
2674 2741 2770 2796 fuit
2793 2758 2947 2817 opus.
2982 2747 3120 2814 Quid
3166 2749 3362 2820 igitur?
3404 2770 3636 2814 annona

2048 2826 2187 2879 maio
2208 2836 2290 2880 est
2314 2828 2529 2896 iurare?
2555 2832 2595 2884 A
2628 2832 2770 2888 malo
2811 2844 2895 2889 est
2918 2838 3133 2908 utique;
3176 2843 3271 2897 sed
3320 2857 3461 2902 nunc
3513 2861 3636 2921 post

2046 2924 2242 2970 tantam
2275 2919 2697 2989 philosophiam;
2746 2932 2874 2982 tunc
2922 2939 3101 2985 autem
3143 2933 3382 2993 minime.
3414 2919 3638 3012 thuo-

2043 3007 2240 3074 modo,
2298 3010 2533 3082 inquies,
2582 3014 2809 3085 idipsum
2857 3023 3026 3089 possit
3071 3037 3193 3080 esse
3233 3041 3375 3082 nunc
3400 3007 3630 3095 bonum,

2045 3110 2186 3153 nunc
2224 3101 2443 3157 minime
2497 3103 2730 3161 bonum?
2779 3108 2890 3179 Ego
2919 3121 3095 3169 autem
3119 3129 3150 3170 e
3176 3122 3449 3175 contrario
3474 3122 3596 3178 dico
3615 3140 3653 3190 ,'

2042 3191 2310 3262 quomodo
2356 3208 2460 3249 non
2506 3197 2575 3250 sit
2615 3206 2670 3252 et
2713 3199 2907 3256 bonum
2952 3215 3009 3260 et
3050 3220 3156 3261 non
3205 3208 3438 3276 bonum,
3471 3216 3634 3270 rebus

2040 3281 2286 3335 omnihtts
2312 3284 2389 3338 sic
2412 3285 2782 3355 clamantibus,
2816 3294 3051 3369 artibus,
3085 3298 3343 3359 fructibus
3366 3346 3379 3368 ,
3408 3306 3633 3378 aliisque

2041 3374 2334 3432 omnibus?
2357 3377 2589 3434 Primum
2620 3381 2670 3436 id
2702 3384 2882 3439 videas
2904 3386 2955 3442 in
2990 3398 3175 3447 natura
3211 3406 3390 3451 nostra
3417 3401 3631 3456 contin-

2040 3480 2184 3534 gere.
2213 3458 2421 3523 Gestari
2448 3472 2590 3526 enim
2619 3474 2669 3529 iu
2701 3476 2868 3544 prima
2897 3489 3054 3535 astate
3080 3481 3274 3541 bonum
3299 3499 3409 3553 est,
3445 3505 3629 3561 postea

2040 3570 2173 3612 vero
2201 3561 2557 3629 perniciosum
2581 3581 2595 3630 ;
2637 3571 2946 3636 pratmansis
2972 3574 3044 3630 uti
3071 3576 3204 3632 cibis
3233 3579 3284 3635 in
3310 3582 3484 3651 prium
3509 3587 3630 3642 vita:

2041 3657 2281 3722 tempore
2311 3654 2529 3722 bonum,
2583 3670 2764 3728 postea
2812 3674 2939 3718 vero
2968 3663 3191 3724 horrore
3222 3672 3434 3742 plenum
3456 3694 3469 3740 ;
3494 3677 3629 3734 lacte

2037 3745 2105 3797 ali
2134 3748 2188 3799 et
2232 3747 2296 3800 ad
2326 3758 2611 3804 mammam
2652 3755 2938 3825 confugere
2960 3758 3112 3816 initio
3139 3761 3267 3820 utile
3292 3775 3376 3822 est
3402 3776 3455 3823 et
3480 3773 3627 3825 salu-

2038 3845 2187 3899 tare,
2243 3845 2427 3909 postea
2475 3856 2602 3896 vero
2655 3847 3013 3913 perniciosum
3061 3859 3117 3907 et
3155 3856 3391 3912 noxium.
3441 3860 3629 3919 Viden'

2035 3928 2306 3993 quomodo
2345 3929 2546 3985 caulem
2589 3949 2677 3988 res
2709 3938 3002 3995 secundum
3032 3950 3273 4014 tempora
3302 3948 3455 4004 bona!
3484 3954 3624 4017 sint,

2035 4025 2089 4070 et
2117 4027 2299 4086 postea
2332 4037 2436 4075 non
2459 4022 2593 4077 tales
2633 4029 2958 4097 appareant?
2980 4031 3113 4089 Nam
3154 4037 3359 4104 puerile
3408 4044 3624 4110 pallium

2034 4117 2247 4175 gestare
2277 4122 2443 4179 puero
2469 4113 2682 4182 quidem
2721 4116 3025 4189 honestum,
3077 4126 3197 4182 viro
3242 4138 3419 4185 autem
3449 4141 3623 4204 turpe.

2040 4197 2197 4252 Visne
2222 4201 2382 4255 etiam
2431 4214 2497 4258 ex
2527 4207 2810 4262 contrariis
2838 4210 3063 4277 idipsum
3089 4215 3297 4273 discere
3321 4262 3337 4286 ,
3359 4197 3627 4291 quomtido

2037 4304 2157 4355 qua:
2186 4291 2301 4343 viro
2329 4301 2641 4363 competunt
2663 4338 2677 4357 ,
2707 4312 2871 4365 puero
2901 4310 3021 4371 apta
3050 4318 3154 4359 non
3188 4308 3334 4363 sint?
3362 4312 3433 4366 Da
3462 4329 3629 4382 puero

2036 4378 2250 4446 pallium
2273 4381 2446 4449 virile,
2471 4384 2594 4438 hinc
2615 4387 2873 4455 plurimus
2894 4403 3147 4462 sequetur
3165 4398 3323 4466 risus,
3350 4403 3629 4473 maiusque

2036 4470 2086 4521 in
2138 4469 2433 4526 incedendo
2458 4476 2774 4544 periculum,
2807 4481 2878 4535 ita
2910 4498 3052 4554 saepe
3080 4488 3182 4543 huc
3211 4490 3336 4545 illuc
3367 4505 3623 4551 vertetur.

2036 4558 2106 4614 Da
2128 4562 2286 4615 etiam
2311 4563 2381 4617 illi
2401 4564 2579 4620 civilia
2604 4572 2808 4637 negotia
2829 4577 3121 4643 tractanda,
3141 4580 3224 4635 vel
3246 4593 3624 4655 mercaturam,

2033 4654 2116 4707 vel
2146 4656 2358 4711 serendi
2390 4660 2731 4728 metendique
2750 4673 2941 4731 artem,
2964 4678 3019 4721 et
3040 4670 3321 4726 ridiculum
3347 4674 3447 4729 hoc
3473 4678 3623 4731 vitic-

2036 4747 2196 4801 hitur.
2227 4748 2291 4803 Et
2319 4764 2415 4803 cur
2447 4752 2559 4805 hate
2587 4753 2749 4809 dico?
2775 4756 2908 4811 Nam
2939 4760 3135 4825 ctedes,
3165 4779 3323 4832 quam
3352 4766 3626 4830 inventum

2030 4847 2150 4891 esse
2168 4836 2362 4893 diaboli
2381 4842 2432 4894 in
2449 4854 2548 4895 con
2556 4842 2694 4898 fesso
2709 4845 2845 4913 apud
2853 4856 3044 4902 omnes
3056 4857 3159 4918 est,
3175 4866 3475 4923 opportuno
3495 4870 3629 4915 tetu-

2035 4938 2162 4995 pore
2190 4927 2359 4995 facta,
2394 4931 2793 4989 interfectorem
2825 4935 3083 4994 Phineem
3112 4946 3392 5003 sacerdotii
3424 4950 3627 5008 honore

2030 5015 2303 5073 decoravit
2350 5019 2548 5091 (Num.
2602 5021 2727 5096 25).
2766 5025 2919 5092 Quod
2965 5031 3105 5085 enim
3158 5036 3332 5092 credes
3378 5041 3446 5094 sit
3493 5057 3623 5112 Î¿ÏÎ¹Î¹Îµ

2031 5110 2224 5163 diaboli
2249 5152 2262 5171 ,
2307 5112 2427 5165 audi
2468 5116 2737 5183 quomodo
2778 5118 2922 5174 dicat
2972 5122 3128 5190 ipse:
3171 5125 3268 5182 Vos
3294 5147 3449 5198 opera
3469 5110 3628 5200 patris

2032 5203 2180 5256 vestri
2198 5202 2347 5256 vultis
2368 5205 2535 5272 facere
2553 5221 2570 5259 :
2585 5207 2673 5261 ille
2698 5209 2952 5266 homicida
2969 5225 3075 5269 erat
3100 5234 3131 5270 a
3157 5221 3407 5290 principio
3431 5220 3626 5291 (Joan.

2028 5294 2085 5345 .8.
2110 5294 2196 5347 di.
2226 5294 2295 5347 44
2317 5296 2355 5360 ).
2387 5294 2491 5350 Sed
2522 5296 2781 5355 homicida
2811 5302 2906 5358 fuit
2932 5305 3092 5360 etiam
3119 5307 3366 5372 Phinces,
3392 5307 3625 5378 Etrepnh

2101 5485 2440 5562 aliisverb'is
2481 5500 2641 5545 notam
2686 5500 3048 5550 arithmeticam
3092 5501 3123 5550 6
3157 5502 3436 5562 praefixerat
3482 5501 3619 5550 Mon-

2041 5551 2352 5629 Î¾Ï‚á¿“Î´Î¹Î¿Î¸Î·á½¶Î¼Ï‚Î½
2384 5555 2499 5629 hinc
2520 5571 2776 5629 perperam
2812 5576 2987 5629 novum
3009 5551 3208 5611 ordiens
3241 5570 3614 5629 paragraphum.

2042 5612 2151 5661 Non
2225 5612 2537 5684 tolerandum
2584 5612 2677 5669 h'oc
2717 5623 2986 5683 apodoseos
3034 5640 3057 5670 a
3109 5612 3294 5684 protii'si
3350 5612 3619 5677 tilitortium

2040 5677 2372 5723 correximus.
2408 5678 2541 5727 Eutr.
