4076 6150
439 295 546 350 265

437 421 593 465 totum
643 421 714 466 est
767 413 815 468 ei
844 413 912 467 ad
958 412 1208 480 justitiam
1262 407 1446 484 (Paul.
1496 407 1625 471 103,
1662 407 2020 479 5|),inqnit.

437 501 704 557 Abraham
733 519 861 558 vero
893 519 998 558 non
1022 501 1288 558 homicida
1315 502 1525 567 solum,
1575 499 1670 556 sed
1717 499 1877 555 etiam
1929 497 2024 552 lilii

437 593 752 650 interfector
793 595 999 662 factus,
1051 593 1194 665 quod
1238 592 1391 663 pejus
1421 600 1566 650 erat.
1600 591 1678 646 sic
1703 591 1872 660 magis
1912 589 2026 643 Deo

436 686 654 754 placuit.
689 687 877 742 Petrus
903 701 1032 742 vero
1079 683 1341 752 duplicem
1373 681 1574 736 czcdem
1605 679 1760 746 fecit,
1789 689 2022 732 attamen

433 777 708 845 spirituale
751 787 864 833 erat
917 778 970 831 id
999 775 1140 846 quod
1180 773 1374 829 factum
1403 772 1528 844 est(
1555 771 1667 825 Act.
1687 772 1779 841 ὅ).
1811 769 1886 824 Ne
1917 771 2018 823 ita-

432 885 538 938 que
565 871 880 939 simpliciter
910 885 996 926 res
1026 867 1416 933 examiacmus,
1465 865 1560 920 sed
1609 869 1768 919 etiam
1813 872 2026 932 tempus

440 972 495 1014 et
524 976 738 1016 causam
769 970 824 1015 et
843 961 1168 1016 voluntatem
1196 964 1250 1012 et
1271 971 1620 1028 personarum
1646 954 2019 1020 diﬁ'erentiam,

427 1063 483 1106 et
515 1053 601 1108 illa
649 1053 826 1107 omnia
865 1068 985 1123 quae
1030 1066 1134 1106 una
1177 1057 1505 1105 concurrunt
1547 1057 1795 1103 accurate
1834 1045 2020 1116 esplo-

431 1159 610 1197 remus
665 1161 678 1198 :
737 1159 910 1214 neque
977 1143 1122 1198 enim
1184 1151 1357 1211 potest
1405 1142 1605 1194 veritas
1654 1139 1760 1192 alio
1832 1139 2018 1208 attingi

428 1236 1094 1305 modo:studeamusque,
1146 1235 1190 1290 si
1235 1234 1459 1288 velimus
1513 1247 1732 1302 regnum
1782 1232 2016 1301 assequi.

425 1344 582 1397 supra
615 1339 798 1384 vetera
823 1337 1084 1398 prreeepta
1106 1326 1304 1396 aliquid
1335 1326 1566 1395 operari,
1608 1325 1730 1393 quia
1757 1339 1862 1378 non
1893 1338 2013 1392 pos-

425 1434 610 1473 sumus
640 1420 794 1474 aliter
814 1419 1047 1473 c'elestia
1091 1418 1358 1472 obtinere.
1385 1415 1516 1470 Nam
1548 1415 1592 1469 si
1622 1415 1687 1469 ad
1715 1429 2016 1470 mensuram

424 1520 626 1564 tantum
649 1520 889 1564 veterum
923 1508 1327 1578 perveniamus,
1356 1517 1506 1561 extra
1530 1506 1711 1560 limina
1737 1506 2014 1560 stabimus.

424 1599 543 1654 Nisi
557 1601 688 1654 enim
710 1599 1034 1654 abundaverit
1055 1599 1258 1671 justitia
1288 1607 1447 1652 uestra
1477 1597 1593 1665 plus
1634 1613 1784 1665 quam
1829 1595 2018 1649 scriba-

422 1707 531 1744 rum
561 1701 606 1744 et
634 1690 1034 1755 Pharisaeorum,
1061 1706 1161 1742 non
1185 1688 1435 1742 iutrabitis
1462 1688 1514 1740 in
1542 1704 1754 1758 regnum
1774 1687 2016 1741 caelorum

421 1780 634 1853 (Matth.
658 1782 712 1837 5.
746 1781 873 1852 ΞΟ).
907 1783 1154 1835 Attamen
1187 1787 1305 1850 post
1330 1778 1801 1834 comminationem
1831 1776 2015 1845 hujus-

421 1873 568 1928 modi
597 1872 814 1942 quidam
845 1881 972 1928 sunt
997 1872 1084 1941 qui
1116 1887 1222 1926 non
1253 1870 1412 1926 modo
1437 1870 1698 1940 justitiam
1732 1868 1873 1922 illam
1906 1883 2012 1920 non

419 1973 698 2034 superant,
740 1964 834 2019 sed
886 1964 1042 2033 longe
1098 1973 1218 2034 post
1262 1962 1406 2016 illam
1461 1960 1856 2030 relinquttntur.
1895 1957 2012 2012 Non

418 2056 578 2110 modo
604 2057 745 2111 enim
790 2055 1091 2125 juramenta
1143 2069 1248 2108 non
1276 2053 1501 2123 fugiunt,
1543 2050 1639 2106 sed
1669 2049 1830 2105 etiam
1863 2049 2011 2119 peje-

417 2158 572 2214 rant;
599 2166 703 2204 non
733 2148 894 2202 modo
939 2147 1265 2217 impudicum
1295 2153 1570 2215 aspectum
1595 2158 1701 2196 non
1732 2141 2009 2207 devitant,

416 2239 510 2294 sed
534 2240 696 2292 etiam
729 2238 780 2292 in
827 2238 1000 2307 ipsum
1033 2247 1238 2304 turpem
1264 2244 1440 2290 actum
1473 2241 1739 2304 proruunt
1761 2272 1776 2296 ,
1805 2231 2012 2302 aliaque

414 2330 594 2384 omnia
637 2327 902 2398 prohibita
925 2328 1144 2397 impune
1189 2325 1614 2382 audentzunnm
1657 2332 1860 2377 tantum
1914 2337 2012 2376 ει·-

412 2431 719 2491 spectantes
745 2419 987 2490 supplicii
1015 2419 1157 2474 diem
1175 2461 1190 2485 ,
1216 2417 1428 2488 quando
1459 2431 1556 2486 pro
1579 2415 1872 2471 sceleribus
1898 2414 2010 2468 suis

414 2525 690 2572 extremas
716 2514 920 2569 dabunt
959 2527 1144 2582 ptenas
1176 2529 1192 2567 :
1223 2510 1365 2581 quod
1411 2524 1572 2564 unum
1603 2507 1894 2576 repositum
1927 2515 2010 2561 est

412 2611 477 2664 iis
497 2610 585 2679 qui
607 2609 658 2662 in
682 2607 916 2678 nequitia
935 2607 1096 2660 vitam
1115 2604 1336 2660 obeunt.
1367 2603 1440 2656 De
1465 2601 1568 2655 illis
1591 2601 1786 2670 quippe
1808 2598 2006 2668 despc-

413 2701 633 2754 randum
660 2709 767 2764 est,
793 2708 849 2754 et
878 2697 1005 2752 nihil
1033 2696 1178 2751 aliud
1207 2693 1654 2766 exspectandum,
1696 2706 1857 2763 quam
1881 2706 2009 2760 sup-

411 2792 647 2861 plicium.
669 2789 768 2858 Qui
795 2788 938 2845 enim
960 2788 1047 2854 hic
1065 2787 1238 2841 adhuc
1263 2793 1572 2855 supersunt,
1607 2782 1762 2838 facile
1784 2789 2008 2852 possunt

413 2892 744 2956 etpugnare,
775 2889 831 2934 et
859 2879 1095 2944 vincere,
1125 2887 1179 2934 et
1213 2877 1480 2931 coronari.

480 2973 533 3027 7.
567 2970 782 3026 Muralis
805 2970 1088 3024 exhortatio
1129 2967 1193 3022 de
1214 2967 1496 3036 ableganda
1533 2965 1890 3020 consuetudine
1918 2969 2005 3035 iw

409 3065 577 3118 randi.
604 3061 788 3122 Praei:
801 3061 1180 3118 consuetudinis
1201 3058 1521 3115 eliminandas
1542 3056 1892 3112 modum—Ne
1909 3058 2007 3112 ita-

411 3171 511 3227 que
523 3155 794 3220 concidas,
809 3155 880 3208 nti
901 3155 1080 3221 homo,
1097 3169 1268 3224 neque
1286 3152 1476 3208 bonam
1507 3151 1650 3206 illam
1674 3151 2002 3206 alacritatem

407 3243 638 3296 amittas.
683 3239 864 3311 Neque
888 3240 1030 3295 enim
1053 3253 1279 3295 onerosa
1319 3245 1444 3291 sunt
1480 3252 1542 3291 ea
1573 3252 1692 3305 qua:
1723 3235 1999 3304 jubeutur.

407 3326 555 3391 Quis,
601 3339 804 3394 quatso,
835 3324 987 3379 labor
1013 3324 1064 3378 in
1089 3323 1302 3378 vitando
1324 3320 1663 3390 juramento?
1689 3335 1814 3374 num
1843 3335 2002 3388 pecu-

407 3420 615 3474 niarum
650 3420 886 3486 impensa
917 3417 1042 3473 est?
1068 3433 1196 3471 num
1223 3415 1386 3471 sudor
1405 3424 1460 3470 et
1490 3414 1770 3469 arruntna?
1799 3412 2005 3469 Sufficit

404 3524 610 3567 tantum
643 3511 802 3574 velle,
834 3519 889 3566 et
917 3520 1086 3564 totum
1116 3509 1305 3564 factum
1327 3517 1427 3562 est.
1458 3507 1514 3562 Si
1556 3522 1684 3562 vero
1711 3516 2000 3561 consuetu-

404 3605 586 3660 dinem
625 3604 760 3658 mihi
793 3602 1037 3672 objicias,
1067 3602 1138 3657 ob
1179 3601 1281 3654 bne
1308 3601 1478 3668 ipsum
1520 3599 1752 3654 maxime
1777 3599 1898 3653 dico
1926 3597 2002 3652 fa-

404 3697 559 3750 cilem
607 3709 730 3749 esse
758 3691 1219 3748 emendationem.
1251 3689 1383 3746 Nam
1423 3688 1468 3743 si
1497 3691 1549 3742 in
1592 3689 1748 3742 aliam
1779 3697 1830 3742 te
1868 3703 1999 3742 cono

405 3785 738 3840 suetudinem
782 3780 1094 3845 transferas,
1133 3781 1246 3850 jam
1273 3788 1439 3834 totum
1472 3777 1764 3848 perfecisti.
1815 3777 1998 3849 Cogita

405 3879 546 3933 enim
579 3876 774 3931 multos
802 3875 939 3946 apud
961 3874 1183 3944 gentiles
1205 3887 1349 3937 esse,
1371 3871 1459 3941 qui
1483 3869 1622 3926 balbi
1647 3884 1768 3924 cum
1795 3878 1996 3936 essent,

408 3973 573 4028 multo
601 3970 776 4023 studio
806 3967 1160 4024 olfendcntem
1188 3966 1420 4034 linguam
1448 3972 1794 4017 correxerunt
1817 3977 1832 4026 ;
1863 3962 1998 4016 alios

405 4068 491 4136 qui
531 4082 650 4120 cum
703 4063 956 4118 humeros
986 4060 1294 4130 frequenter
1322 4067 1377 4112 et
1407 4057 1712 4111 indecenter
1737 4057 1998 4125 agitarent

406 4165 790 4224 moverentqne
815 4194 829 4211 .
857 4153 1100 4222 apposito
1130 4151 1341 4221 gladio,
1368 4148 1563 4203 dehinc
1589 4147 1657 4202 ab
1706 4147 1807 4200 hoc
1831 4146 1996 4200 absti-

405 4259 652 4305 nuerunt.
676 4249 809 4316 Quia
844 4247 984 4300 enim
1015 4241 1303 4311 Scripturis
1331 4257 1438 4294 non
1466 4239 1844 4307 obtemperans
1868 4279 1883 4300 ,
1929 4237 1997 4291 ab

403 4355 745 4396 externorum
777 4337 1034 4404 exemplis
1059 4350 1153 4388 vos
1179 4333 1466 4387 admonere
1491 4345 1674 4400 cogor.
1698 4328 1810 4384 Hoc
1830 4328 1990 4384 etiam

401 4435 544 4498 Deus
569 4432 769 4488 Judznis
797 4429 1022 4484 faciebat
1051 4427 1135 4482 his
1153 4425 1331 4481 verbis
1359 4443 1370 4478 :
1399 4423 1543 4478 Abite
1583 4424 1635 4475 in
1661 4423 1854 4477 insulas
1875 4423 1994 4476 Clie-

403 4528 532 4593 tiim,
560 4535 608 4578 et
635 4525 686 4577 in
727 4522 890 4578 Cedar
910 4521 1087 4573 mittite
1107 4534 1126 4573 :
1155 4528 1201 4570 et
1230 4517 1403 4570 discite
1426 4516 1470 4568 si
1502 4514 1798 4566 mutaverint
1824 4522 1993 4581 gentes

403 4622 523 4673 «(eos
547 4634 666 4672 suos
696 4633 716 4671 :
741 4625 785 4670 et
813 4613 910 4685 ipsi
936 4629 1035 4667 non
1078 4619 1194 4664 sunt
1241 4609 1311 4662 dii
1341 4604 1488 4676 (Jer.
1517 4605 1571 4658 2.
1605 4603 1690 4659 l0.
1720 4604 1777 4657 ll
1807 4603 1845 4672 ).
1880 4602 1991 4654 lnio

403 4711 466 4764 ad
497 4708 877 4764 irrationabilia
905 4720 1048 4774 sarpe
1076 4701 1270 4765 mittit,
1305 4699 1489 4752 dicens
1522 4715 1536 4752 :
1581 4693 1718 4748 Vade
1768 4695 1836 4748 ad
1879 4695 1988 4763 {or-

405 4802 608 4861 niicant,
638 4799 798 4868 piger,
827 4807 874 4849 et
912 4792 1156 4850 tumulare
1195 4791 1301 4844 vias
1329 4789 1458 4860 ejus,
1489 4795 1534 4840 et
1577 4785 1702 4838 vade
1739 4783 1806 4837 ad
1843 4801 1990 4851 apem

401 4890 420 4956 ζ
447 4889 598 4942 Prov.
624 4887 678 4942 6.
709 4888 800 4956 6).
854 4887 964 4940 lloe
1012 4887 1188 4953 itaque
1213 4890 1268 4935 et
1315 4893 1414 4950 ego
1441 4891 1583 4932 nunc
1625 4875 1776 4930 vobis
1821 4874 1939 4927 dico
1972 4889 1985 4925 :

399 4976 751 5032 Considerate
789 4975 1094 5031 Graecorum
1141 4969 1506 5043 pbiiOSOphos,
1549 4976 1604 5024 et
1653 4977 1775 5020 tunc
1808 4965 1987 5019 scietis

400 5078 603 5142 quanto
641 5069 743 5122 sint
773 5066 917 5133 digni
947 5066 1209 5134 supplicio
1238 5065 1270 5118 ii
1294 5063 1382 5134 qui
1413 5061 1620 5116 divinas
1644 5059 1790 5128 leges
1816 5067 1986 5111 trans-

401 5159 717 5231 grediuntur
746 5175 760 5213 :
792 5171 912 5210 cum
957 5156 1029 5210 illi
1083 5171 1177 5224 pro
1207 5153 1434 5207 humana
1466 5152 1566 5205 hac
1604 5151 1880 5203 honestate
1906 5148 1986 5201 la-

401 5255 562 5308 bores
588 5251 896 5304 innumeros
924 5245 1258 5316 pertulerint,
1291 5259 1386 5297 vos
1411 5259 1538 5296 vero
1560 5255 1627 5294 ne
1649 5255 1742 5307 pro
1763 5239 1990 5292 etelesti-

401 5345 502 5399 bus
526 5342 742 5413 quidem
763 5337 916 5393 bonis
936 5339 951 5371 ³
975 5351 1151 5406 parem
1167 5334 1422 5389 exhibere
1442 5331 1767 5400 diligentiam
1790 5329 1982 5382 velitis.

402 5435 456 5490 Si
512 5449 672 5505 porro
719 5438 838 5501 post
901 5429 1014 5484 lucc
1053 5426 1287 5490 dixeris,
1343 5439 1499 5493 posse
1545 5419 1984 5475 consuetudinem

398 5527 716 5595 intercipere
743 5527 905 5582 etiam
932 5524 1052 5578 illos
1076 5521 1164 5586 qui
1208 5518 1495 5573 admodum
1545 5513 1646 5569 sibi
1685 5521 1901 5578 cavent,
1935 5512 1982 5567 id

401 5619 558 5672 etiam
587 5633 685 5687 ego
715 5617 915 5680 fateor;
948 5631 1110 5669 unum
1136 5611 1186 5667 id
1220 5609 1412 5683 adjicio
1440 5627 1453 5663 ε
1479 5617 1533 5662 ιιι
1565 5607 1717 5661 facile
1743 5602 1988 5673 intercipi

471 5791 487 5821 ι
523 5787 638 5846 Alii,
660 5802 714 5837 ne
735 5804 828 5854 pro
851 5793 982 5846 ca’lis
1001 5789 1208 5851 quidem.

1188 296 1244 353 S.
1283 294 1562 351 JOANNIS
1597 289 2067 349 CIIRYSOSTOMI
2107 289 2424 348 ARCHIEP.
2468 251 3003 350 CONSTANTINOP.

3615 303 3722 357 913$

2134 415 2285 477 potes
2310 447 2324 471 ,
2361 405 2428 460 ita
2470 403 2624 460 facile
2649 415 2801 476 potes
2832 415 2883 462 te
2907 404 3218 465 emendare.
3257 407 3312 465 Si
3354 409 3499 464 enim
3527 411 3726 467 multus

2133 497 2226 551 tibi
2249 497 2393 552 domi
2415 499 2663 553 custodes
2693 508 2916 566 statuas,
2950 514 3163 555 servum
3184 500 3451 565 videlicet,
3476 520 3722 565 uxorem.

2129 591 2380 658 amicum,
2411 593 2478 646 ab
2507 591 2753 675 omnibus
2785 594 2968 662 pulsus
2997 603 3156 664 atque
3202 597 3464 667 agitatus,
3512 595 3665 652 facile
3692 616 3721 652 a

2131 697 2296 750 prava
2347 683 2729 738 consuetudine
2757 683 3007 738 absistes.
3054 685 3110 740 Si
3141 701 3235 756 per
3279 685 3462 741 decem
3509 689 3625 742 dies
3647 689 3722 742 ita

2127 771 2334 840 agendo
2381 788 2729 841 perseveres,
2775 789 2877 827 non
2931 776 3034 830 erit
3085 775 3422 833 diuturniora
3478 786 3724 848 Iemporn

2129 876 2295 932 opus;
2319 863 2410 917 sed
2443 864 2533 918 tibi
2564 880 2649 918 res
2690 865 2740 918 in
2790 876 2901 918 tuto
2932 867 3100 936 posita
3131 867 3232 921 erit
3256 909 3270 932 ,
3315 870 3722 924 consuetudinis

2127 953 2341 1021 Optimae
2367 952 2612 1008 firmitate
2633 955 2740 1022 jam
2767 955 2970 1010 radices
3001 957 3268 1012 mittente.
3297 958 3427 1012 Cum
3457 975 3585 1029 ergo
3607 976 3722 1015 co:-

2129 1045 2272 1112 pcris
2299 1044 2348 1098 id
2379 1047 2670 1118 corrigere,
2702 1047 2908 1100 etiamsi
2942 1047 3108 1102 semel
3136 1058 3226 1102 aut
3248 1049 3327 1104 bis
3346 1049 3516 1118 legem
3546 1063 3719 1104 trans-

2131 1136 2410 1204 grcdiaris,
2442 1137 2651 1190 etiamsi
2683 1146 2764 1191 ter
2790 1138 3154 1208 vigesiesque,
3185 1156 3251 1193 ne
3296 1139 3552 1210 desperes
3584 1143 3716 1196 :sed

2125 1244 2361 1298 resurgo,
2408 1229 2758 1301 eamdemque
2782 1247 2964 1284 curam
2991 1233 3222 1302 suscipe,
3257 1234 3516 1304 planeque
3546 1249 3712 1304 supe-‘

2125 1321 2286 1375 rabis.
2319 1323 2499 1392 Neque
2524 1323 2664 1378 enim
2697 1324 2810 1378 leve
2830 1325 3026 1378 malum
3047 1337 3127 1379 est
3147 1327 3460 1396 perjurium.
3483 1328 3536 1383 Si
3568 1330 3715 1383 enim

2119 1413 2300 1484 jnrare
2327 1431 2356 1468 a
2399 1416 2540 1469 malo
2570 1427 2672 1479 est,
2705 1417 2946 1486 pejerare
2974 1429 3174 1486 quanto
3200 1419 3460 1488 supplicio
3485 1420 3584 1474 erit
3613 1421 3714 1476 οι)-

2124 1507 2374 1561 noxium?
2403 1507 2526 1562 Haec
2554 1507 2691 1562 dicta
2725 1508 3013 1562 laudastis?
3039 1508 3142 1563 Sed
3167 1509 3462 1579 plausibus,
3486 1511 3715 1565 tumultu

2121 1607 2174 1651 et
2201 1600 2376 1652 sonitu
2405 1614 2509 1653 non
2537 1614 2673 1673 opus
2702 1609 2781 1653 est
2825 1599 2977 1652 mihi.
3012 1598 3183 1654 Unum
3237 1601 3358 1654 volo
3396 1611 3622 1666 tantum,
3656 1610 3716 1657 ut

2121 1703 2242 1741 cum
2269 1688 2446 1757 quiete
2474 1699 2528 1743 et
2551 1689 2725 1760 sagaci
2751 1689 3043 1743 attentione
3072 1705 3190 1758 qua:
3220 1689 3468 1746 dicuntur
3493 1692 3713 1746 audien-

2122 1785 2233 1843 tes,
2282 1778 2421 1832 dieta
2453 1781 2842 1849 exsequamini.
2889 1779 3001 1835 lloc
3045 1780 3172 1833 mihi
3204 1781 3420 1850 plausus
3457 1793 3512 1837 et
3541 1783 3712 1841 laudis

2120 1871 2238 1926 loco
2260 1879 2361 1925 est.
2385 1871 2440 1926 Si
2467 1887 2594 1926 vero
2615 1887 2677 1926 ea
2703 1888 2820 1942 quae
2839 1873 3087 1928 dicuntur
3106 1873 3314 1940 audias,
3339 1884 3394 1929 et
3421 1891 3524 1930 non
3549 1876 3711 1931 facias

2118 1976 2178 2014 ea
2209 1978 2328 2032 qua:
2355 1964 2556 2030 laudas,
2589 1963 2761 2033 majus
2789 1964 2892 2017 erit
2934 1964 3272 2033 supplicium,
3317 1967 3527 2035 gravior
3547 1982 3708 2020 accn-

2117 2056 2254 2110 satio
2275 2097 2292 2120 ,
2321 2057 2577 2126 nobisque
2603 2057 2774 2127 pudor
2798 2066 2852 2111 et
2881 2057 3077 2112 irrisio.
3114 2057 3228 2111 Non
3271 2060 3411 2111 enim
3443 2062 3708 2113 tbean-um

2116 2159 2239 2202 sunt
2269 2147 2552 2211 h:ec,non
2589 2147 2855 2218 tragtedos
2907 2164 3047 2203 nunc
3103 2151 3376 2217 spectatis,
3432 2159 3487 2203 ut
3532 2151 3708 2205 solum

2116 2239 2397 2308 plaudatis.
2441 2237 2798 2308 Magisterium
2824 2249 2905 2292 est
2932 2238 3019 2292 hic
3043 2238 3335 2307 spirituale.
3365 2237 3702 2310 Quapmptvr

2115 2345 2280 2384 unum
2308 2330 2542 2384 studium
2568 2339 2671 2396 est,
2701 2338 2756 2383 ut
2780 2345 2898 2400 qua:
2918 2330 3167 2383 dicuntur
3187 2344 3348 2400 opere
3368 2331 3703 2399 complestis,

2116 2430 2170 2475 et
2225 2421 2590 2476 obedientiam
2638 2421 2803 2491 gestis
2850 2421 3302 2476 connnonstretis.
3365 2421 3513 2476 Tunc
3561 2424 3705 2477 enim

2114 2515 2290 2568 omnia
2317 2513 2588 2582 assequuti
2609 2514 2809 2567 erimus
2840 2529 2853 2565 :
2894 2521 2948 2566 at
2972 2527 3112 2566 nunc
3140 2527 3274 2582 pene
3301 2512 3592 2582 deSperarc
3613 2529 3704 2567 co-

2112 2621 2226 2676 gor.
2257 2604 2387 2659 Nam
2408 2616 2462 2659 et
2487 2605 2731 2674 privatim
2759 2621 2856 2660 eos
2877 2646 2891 2668 ,
2923 2605 3010 2674 qui
3043 2619 3129 2658 me
3151 2614 3540 2672 convenerunt,
3588 2603 3703 2660 ha‘c

2113 2711 2335 2753 monere
2363 2711 2468 2750 non
2513 2696 2739 2760 cessavi,
2769 2704 2823 2749 et
2855 2695 3003 2749 vobis
3039 2695 3092 2749 in
3122 2709 3404 2749 commune
3427 2695 3700 2764 loquutus,

2113 2788 2244 2844 nihil
2275 2801 2450 2844 tamen
2481 2787 2604 2842 hinc
2640 2787 2844 2842 fructus
2873 2788 3129 2840 hactenus
3163 2796 3468 2856 perceptum
3497 2787 3651 2840 video
3684 2805 3698 2839 :

2111 2880 2207 2937 sed
2230 2896 2323 2935 vos
2351 2881 2535 2950 primis
2547 2879 2721 2934 adlmc
2737 2877 3020 2935 elementis
3046 2877 3312 2932 luerentes
3333 2893 3493 2933 cerno
3517 2894 3533 2934 :
3555 2880 3700 2948 quod

2111 2984 2241 3026 sane
2269 2969 2558 3024 maximum
2612 2978 2790 3039 potest
2841 2967 3052 3023 docenti
3102 2965 3369 3021 fastidium
3419 2983 3697 3037 generare.

2111 3061 2246 3117 Vide
2267 3062 2424 3132 igitur
2441 3071 2494 3117 et
2509 3061 2731 3116 Paulum
2756 3059 2807 3115 id
2830 3060 3054 3114 moleste
3077 3059 3358 3123 ferentem,
3379 3058 3519 3128 quod
3547 3058 3700 3114 audi—

2113 3168 2254 3212 tores
2280 3156 2444 3209 multo
2465 3163 2705 3225 tempore
2733 3153 2783 3207 in
2807 3153 2984 3223 priore
3005 3151 3298 3222 disciplina:
3325 3151 3488 3221 gradu
3510 3167 3698 3207 mane-

2109 3257 2248 3304 rent.
2282 3245 2419 3300 Nam
2444 3263 2555 3299 cum
2577 3244 2848 3308 deberetis,
2878 3243 3073 3315 inquit,
3102 3243 3330 3314 magistri
3363 3259 3468 3298 esse
3492 3253 3699 3314 propter

2109 3349 2335 3409 tempus,
2379 3353 2581 3391 rursum
2626 3337 2862 3407 indigetis
2889 3345 2945 3390 ut
2966 3336 3246 3389 doreamini
3270 3335 3310 3392 ‘.
3331 3350 3560 3404 quamam
3588 3337 3696 3390 ele-

2107 3441 2276 3483 menta
2291 3429 2390 3482 sint
2407 3426 2642 3498 principii
2667 3426 2912 3479 sermonis
2935 3423 3030 3477 Dei
3052 3422 3238 3496 (Hebr.
3267 3424 3319 3479 5.
3352 3424 3464 3495 12).
3488 3424 3612 3480 Ideo
3633 3437 3689 3481 et

2107 3539 2207 3578 nos
2223 3523 2462 3592 legemus
2479 3519 2862 3591 etplangimus.
2890 3519 2968 3574 Ac
2989 3517 3034 3572 si
3057 3529 3462 3586 perseverantes
3492 3533 3586 3571 vos
3610 3518 3690 3572 vi-

2106 3617 2258 3682 dero,
2281 3630 2374 3669 vos
2390 3614 2606 3668 demum
2622 3626 2896 3666 sacrorum
2921 3610 3160 3663 liminum
3182 3607 3324 3662 aditu
3350 3608 3682 3674 interdicam,

2108 3723 2206 3762 nec
2253 3721 2359 3760 non
2402 3702 2805 3773 participatione
2843 3701 3219 3756 immortalium
3276 3699 3648 3771 mysteriorum
3673 3743 3689 3768 ,

2105 3797 2551 3870 quemadmodum
2577 3795 2948 3859 fornicatores,
2979 3791 3274 3858 adulteros,
3300 3803 3352 3845 et
3383 3806 3475 3847 eos
3502 3795 3594 3864 qui
3621 3791 3687 3846 de

2103 3889 2337 3945 caedibus
2360 3897 2698 3942 accusantur.
2738 3884 2927 3940 Melius
2950 3897 3177 3953 namque
3207 3893 3288 3938 est
3318 3899 3438 3937 cum
3483 3883 3688 3937 duobus

2103 3981 2188 4036 vel
2219 3979 2386 4034 tribus
2427 3978 2569 4048 leges
2620 3975 2709 4030 Dei
2757 3973 3162 4029 observantibus
3184 3983 3464 4027 eonsuetas
3495 3975 3687 4027 afferre

2103 4087 2310 4144 preces,
2359 4086 2514 4140 quam
2553 4079 2748 4123 ccetum
2795 4079 3119 4136 congregare
3151 4063 3547 4134 improborum,
3595 4065 3684 4134 qui

2101 4175 2324 4222 exteros
2349 4169 2717 4231 corrumpunt.
2756 4159 2834 4214 Ne
2859 4158 2978 4229 quis
2999 4158 3169 4222 dives,
3197 4173 3262 4212 ne
3292 4157 3410 4226 quis
3434 4172 3466 4211 e
3489 4156 3685 4226 primo~

2100 4258 2249 4313 ribus
2271 4257 2502 4318 infletur,
2531 4255 2611 4308 vel
2645 4250 2925 4321 supercilia
2951 4248 3179 4304 attollat.
3209 4247 3329 4301 Haec
3352 4247 3525 4300 omnia
3557 4247 3686 4302 mihi

2101 4349 2274 4404 falmla
2304 4357 2447 4412 sunt,
2481 4344 2664 4400 umbra
2692 4353 2746 4398 et
2773 4342 3064 4397 somnium.
3089 4339 3277 4394 Nullus
3304 4341 3449 4394 enim
3472 4355 3681 4403 eorum,

2099 4443 2184 4510 qui
2218 4454 2359 4494 nunc
2384 4435 2745 4507 opulentiores
2767 4445 2910 4500 sunt,
2932 4432 3061 4486 mihi
3087 4442 3210 4485 tunc
3238 4431 3678 4500 patrocinabitur,

2098 4548 2216 4586 cum
2245 4533 2536 4584 accusabor
2564 4540 2617 4583 et
2639 4527 2872 4582 rationes
2897 4524 3025 4579 dare
3049 4539 3229 4594 cogar,
3259 4523 3400 4594 quod
3431 4540 3534 4576 non
3562 4538 3685 4578 cum

2097 4625 2275 4680 debita
2303 4623 2638 4678 vehementia
2666 4620 2811 4692 leges
2833 4617 2926 4674 Dei
2954 4617 3358 4673 viudicaverim.
3381 4617 3492 4672 Hoc
3515 4618 3681 4685 enim,

2098 4718 2198 4772 hoc
2227 4727 2373 4772 certe
2393 4713 2764 4771 admirandum
2796 4712 2942 4766 illum
2973 4726 3154 4765 senem
3182 4752 3196 4776 ,
3228 4707 3344 4764 Heli
3375 4709 3518 4775 dico,
3559 4727 3683 4779 per-

2095 4809 2250 4876 didit,
2277 4810 2376 4864 etsi
2405 4805 2932 4877 irreprehensibilem
2955 4803 3178 4857 duxerat
3205 4804 3366 4856 vitam
3399 4821 3409 4855 :
3445 4811 3682 4856 attamen

2094 4905 2240 4975 quia,
2268 4917 2389 4956 cum
2419 4901 2755 4956 conculcatas
2799 4896 2894 4951 Dei
2923 4895 3067 4965 leges
3089 4892 3315 4959 videret,
3343 4893 3395 4947 id
3425 4893 3681 4963 neglexit,

2095 5012 2216 5050 cum
2244 4995 2366 5049 filiis
2388 4992 2604 5064 punitus
2635 4997 2738 5054 est,
2785 4997 2840 5042 et
2876 5000 3037 5056 grave
3063 4985 3384 5054 supplicium
3412 4985 3593 5038 subiit.
3627 4983 3681 5038 Si

2093 5098 2271 5145 autem
2297 5086 2386 5141 ubi
2421 5093 2564 5139 tanta
2601 5090 2805 5137 natura:
2849 5079 3091 5150 tyrannis
3117 5086 3271 5142 erat,
3320 5078 3396 5141 is,
3437 5076 3525 5146 qui
3574 5092 3682 5130 non

2093 5180 2268 5236 debita
2318 5176 2603 5233 severitate
2636 5187 2758 5228 cum
2791 5171 2912 5225 filiis
2952 5169 3062 5223 suis
3105 5179 3188 5223 est
3213 5183 3365 5232 usus,
3395 5168 3463 5220 ita
3490 5182 3681 5236 graves

2092 5272 2237 5329 dedit
2263 5283 2469 5339 pcenas,
2501 5281 2600 5337 qua
2631 5279 2729 5318 nos
2754 5262 2908 5318 venia
2949 5261 3267 5316 donabimur
3292 5260 3360 5314 ab
3387 5259 3474 5314 illa
3503 5271 3681 5330 tyran-

2093 5364 2216 5419 uide
2245 5361 2470 5424 liberati,
2502 5359 2591 5429 qui
2632 5367 2810 5412 tamen
2835 5355 3012 5409 omnia
3039 5354 3347 5408 adulatione
3376 5355 3675 5422 corruian

2092 5455 2246 5512 mus?
2272 5454 2350 5508 Ne
2388 5453 2566 5521 itaque
2593 5460 2648 5506 et
2693 5463 2792 5503 nos
2815 5458 2870 5503 et
2891 5463 2986 5502 vos
3012 5448 3154 5515 ipsos
3183 5446 3438 5514 perdatis,
3467 5446 3647 5499 obtem

2092 5557 2304 5620 perate,
2332 5543 2559 5600 obsecro
2587 5582 2600 5606 ,
2633 5549 2690 5596 ut
2717 5541 3024 5595 innumeros
3054 5537 3204 5590 vobis
3230 5537 3597 5605 explet':'ttorcs
3628 5550 3675 5589 et

2090 5639 2384 5699 munitores
2425 5635 2826 5697 constituentes,
2879 5647 2908 5684 a
2931 5630 3356 5699 juramcntorum
3387 5640 3676 5684 consuetu-

2156 5774 2175 5801 ι
2210 5765 2326 5826 Alli,
2350 5773 2546 5813 rursum
2568 5755 2793 5822 indigetis
2817 5762 3046 5818 tempore,
3066 5759 3114 5803 ut
3138 5749 3420 5802 doceamini.
