4076 6150
389 208 493 265 265

387 510 635 565 fruamini
668 507 822 564 bonis
852 526 865 562 :
890 526 1009 579 qua:
1064 527 1161 566 nos
1190 526 1379 565 omnes
1419 511 1629 581 assequi
1660 511 1969 580 contingat,

1505 208 1568 262 ΙΝ
1610 206 2010 263 ΜΑΤἸἸΙΑΞΕΜ
2051 208 2274 262 ιιοιιιι.
2324 208 2503 265 ΧῪΙΙΙ.

388 328 516 381 dine
563 326 881 387 liberemini,
928 337 983 379 nt
1029 326 1154 381 hinc
1206 337 1507 397 pergentes,
1559 328 1716 381 aliam
1759 342 1971 396 quoque

389 423 638 473 virtutem
658 434 782 471 cum
805 419 1056 473 facilitate
1084 434 1271 488 magna
1317 420 1616 488 impleatis,
1675 428 1730 473 et
1779 418 1970 472 futuris

3580 216 3685 268 Qlifi

2078 326 2246 395 gratia
2278 339 2329 381 ct
2358 328 2724 383 misericordia
2756 330 2962 385 Domini
2992 334 3155 385 nostri
3183 333 3309 390 Jesu
3338 335 3555 401 Christi,
3591 345 3677 396 cui

2079 419 2248 487 gloria
2272 428 2326 474 et
2354 420 2633 488 imperium
2658 435 2798 473 nunc
2819 430 2872 474 ct
2899 436 3145 492 semper,
3179 436 3232 479 et
3265 426 3318 479 in
3344 428 3540 482 secula
3578 448 3682 487 scc-

2079 510 2342 564 eulorutn.
2380 513 2571 566 Amen.

3581 657 3651 666 ...-

1734 715 2082 777 HOMILIA
2123 714 2358 777 XVIII.

381 869 509 923 Car.
538 867 592 923 5.
635 884 685 921 v.
710 868 799 923 38.
845 867 1067 921 Audistis
1107 866 1227 937 quia
1269 865 1459 918 dictum
1497 875 1567 918 est
1592 880 1609 917 :
1636 862 1849 916 Oculum
1878 878 1969 931 pro

418 959 630 1025 ’oculo,
654 967 702 1013 et
728 958 926 1011 dentem
953 975 1045 1027 pro
1073 957 1242 1010 dente.
1274 956 1360 1010 39.
1404 953 1517 1025 Ego
1551 965 1720 1007 autent
1745 954 1859 1006 dico
1880 969 1969 1005 vo-

451 1052 557 1112 bis,
601 1067 699 1104 non
743 1051 973 1104 resistere
1022 1048 1306 1107 mulo_:sed
1327 1050 1368 1101 si
1395 1048 1507 1118 quis
1534 1046 1830 1114 percusserit
1853 1056 1898 1099 te
1917 1046 1968 1098 itt

453 1143 711 1196 dexteram
750 1142 1045 1205 maxillam,
1081 1140 1248 1209 prazbe
1268 1141 1316 1193 ei
1337 1149 1382 1191 et
1411 1142 1647 1194 alterunt.
1670 1141 1760 1194 40.
1790 1137 1854 1192 Et
1882 1154 1969 1190 uo-

452 1234 576 1287 lenti
613 1244 777 1287 tecum
814 1233 865 1286 in
897 1233 1097 1303 judicio
1122 1232 1452 1298 contendere,
1492 1240 1538 1284 ct
1579 1230 1801 1284 tunicam
1829 1240 1968 1282 tuam

450 1324 655 1387 tollere,
681 1324 876 1376 dimitte
905 1323 950 1376 ei
976 1333 1025 1376 et
1052 1321 1285 1391 pallium.

454 1418 501 1470 Ι.
549 1415 683 1481 Quid
695 1415 944 1485 signiﬁcet
965 1414 1143 1467 oculus
1162 1414 1513 1467 scandalizans
1532 1453 1548 1479 ,
1570 1429 1716 1483 quem
1739 1412 1965 1465 Christus

378 1510 518 1575 jubet
546 1508 672 1561 erui.
714 1506 818 1561 Car
840 1515 1091 1575 praecepta
1118 1505 1241 1575 legis
1269 1505 1444 1559 veteris
1479 1522 1579 1559 non
1620 1506 1693 1558 ita
1728 1503 1966 1558 sublimia

381 1608 559 1653 essent.
586 1628 656 1639 ——-
686 1597 844 1653 Vides
880 1613 1000 1653 eum
1033 1612 1139 1651 non
1189 1597 1257 1652 de
1303 1597 1460 1651 oculo
1510 1598 1685 1666 priora
1726 1597 1959 1663 dixisse,

378 1706 499 1743 cum
542 1689 755 1759 juberet
796 1690 1011 1744 oculum
1066 1705 1258 1744 eruere
1304 1690 1393 1760 qui
1447 1689 1599 1744 nobis
1642 1687 1961 1743 offendiculo

378 1792 541 1844 esset,
574 1782 666 1835 sed
688 1781 753 1835 de
778 1799 843 1835 eo
862 1781 952 1850 qni
981 1798 1075 1850 per
1093 1781 1379 1835 amicitiam
1419 1795 1515 1835 nos
1545 1779 1795 1843 laederet,
1828 1789 1880 1833 et
1908 1780 1960 1832 in

381 1873 631 1941 perniciei
675 1872 981 1926 barathrmn
1023 1870 1349 1940 conjiceret?
1381 1870 1511 1924 Nam
1555 1869 1645 1938 qui
1699 1878 1839 1924 tanta
1873 1867 1959 1923 hic

382 1964 672 2035 hyperbole
698 1965 885 2029 utitur,
916 1981 1087 2034 neque
1126 1964 1366 2028 alterius,
1413 1964 1501 2032 qui
1551 1963 1703 2018 nobis
1743 1963 1957 2016 oculum

376 2058 634 2121 eruisset,
684 2057 900 2112 oculum
940 2072 1129 2112 eruere
1185 2056 1452 2126 permitti,
1503 2054 1772 2126 quomodo
1800 2071 1957 2111 suam

375 2163 565 2204 eruere
609 2148 725 2220 lege
765 2149 1071 2203 sanxisset?
1105 2148 1258 2216 Quod
1290 2150 1335 2203 si
1365 2148 1483 2219 quis
1508 2160 1742 2203 veterem
1778 2147 1949 2202 redar-

376 2252 503 2313 guat
534 2242 738 2312 legem,
786 2260 905 2312 qua:
944 2242 1129 2312 jnbeat
1169 2259 1228 2298 se
1252 2244 1322 2297 ita
1352 2243 1568 2307 ulcisci,
1603 2243 1647 2296 is
1671 2240 1957 2296 admodum

375 2335 504 2389 mihi
547 2335 758 2390 videtur
811 2336 1161 2406 sapientiam,
1203 2352 1325 2404 qua:
1370 2335 1723 2405 lcgislatorem
1766 2334 1955 2398 decet,

376 2425 621 2494 ignorare
646 2468 660 2494 ,
697 2442 907 2482 necnon
955 2436 1254 2494 temporum
1295 2427 1557 2480 rationem
1590 2436 1645 2480 et
1675 2425 1954 2496 indulgen-

378 2519 464 2572 lite
492 2519 796 2575 utilitatem.
832 2518 887 2573 Si
922 2519 1242 2590 cogitaveris
1281 2521 1424 2575 enim
1447 2562 1462 2587 ,
1512 2521 1729 2591 quinam
1775 2529 1959 2575 essent

375 2610 407 2664 ii
436 2611 524 2680 qui
553 2611 673 2665 talia
700 2610 943 2665 audirent
966 2651 983 2675 ,
1010 2611 1278 2681 quomodo
1303 2611 1475 2666 allecti
1494 2653 1509 2676 ,
1532 2620 1586 2665 et
1611 2609 1827 2682 quando
1861 2612 1958 2666 has

374 2703 521 2772 leges
548 2703 874 2772 acceperint,
916 2703 1235 2773 legislatoris
1254 2703 1567 2771 sapientiam
1597 2703 1818 2757 multum
1845 2702 1929 2756 lau

366 2795 553 2860 dabis,
600 2795 913 2865 videbisque
958 2811 1119 2850 unum
1160 2804 1215 2851 et
1250 2796 1495 2850 eumdem
1539 2811 1659 2851 esse
1698 2796 1787 2865 qui
1841 2795 1951 2849 haae

374 2896 430 2943 et
474 2888 562 2941 illa
604 2888 882 2953 statuerit,
932 2898 988 2941 et
1031 2887 1187 2941 valde
1214 2887 1415 2942 utiliter
1445 2896 1702 2956 utraque,
1734 2902 1799 2941 ac
1826 2903 1947 2941 con-

371 2980 579 3050 gruenti
626 2988 868 3049 tempore
907 2980 1202 3049 scripserit.
1233 2978 1366 3035 Nam
1389 2980 1434 3034 si
1463 2981 1531 3033 ab
1560 2979 1710 3033 initio
1741 2979 1855 3033 lucc
1878 2979 1953 3033 sic

370 3072 477 3125 alta
508 3082 561 3126 et
587 3072 833 3126 sublimia
866 3082 1134 3141 praecepta
1176 3072 1479 3141 intulisset,
1522 3087 1694 3142 neque
1723 3071 1836 3127 lure
1861 3088 1954 3126 ne-

370 3179 473 3233 que
499 3164 587 3218 illa
616 3164 976 3235 recepissent;
1012 3165 1125 3234 jam
1154 3179 1283 3219 vero
1307 3180 1429 3219 cum
1459 3174 1765 3234 opportuno
1803 3173 1948 3217 utra-

372 3274 473 3327 que
516 3268 760 3326 tempore
806 3256 1088 3320 statuerit,
1138 3270 1233 3325 per
1273 3264 1498 3326 utraque
1549 3264 1715 3308 totum
1768 3254 1952 3308 orbem

375 3350 630 3406 correxit.
672 3348 923 3418 Alioquin
963 3357 1144 3402 autem
1190 3346 1304 3401 hare
1329 3347 1522 3413 jussit,
1556 3360 1661 3400 non
1690 3353 1748 3399 ut
1771 3354 1955 3399 mutuo

376 3443 530 3497 nobis
576 3441 765 3497 oculos
806 3454 1091 3503 eruamus,
1123 3439 1216 3493 sed
1247 3448 1303 3493 ut
1330 3439 1509 3509 potius
1528 3453 1719 3492 manus
1746 3447 1955 3491 nostras

370 3534 758 3589 contineamus.
788 3532 917 3587 Nam
944 3532 1303 3602 rependendae
1332 3531 1463 3585 vicis
1489 3530 1834 3585 comminatio
1855 3530 1955 3583 im-

373 3638 551 3696 petum
596 3625 887 3680 inl’erenda:
919 3624 1129 3695 injuria:
1156 3624 1417 3679 coercuit.
1450 3624 1623 3692 Atque
1653 3622 1725 3677 ita
1753 3622 1952 3677 sensim

371 3720 592 3775 multam
641 3719 955 3773 disseminat
1005 3718 1394 3788 philosophiam
1439 3736 1454 3772 :
1506 3716 1719 3786 quando
1769 3716 1952 3771 lazsutn

371 3826 551 3882 parem
596 3810 891 3877 rependere
937 3810 1105 3864 vicem
1150 3810 1343 3880 jubet;
1398 3824 1719 3878 quamquam
1750 3808 1953 3877 majore

371 3904 561 3972 dignus
591 3912 707 3956 erat
746 3902 1006 3972 supplicio
1048 3904 1090 3957 is
1133 3919 1163 3957 a
1203 3918 1308 3972 quo
1346 3901 1599 3971 iniquitas
1651 3900 1952 3969 hujusmodi

371 3995 601 4065 cepisset
624 3993 901 4047 exordium
931 4010 945 4046 :
974 3992 1104 4047 illud
1130 3993 1274 4046 enim
1307 3992 1574 4061 atquitatis
1605 3992 1741 4045 ratio
1768 4000 1952 4060 postu-

376 4086 537 4138 labat.
569 4083 673 4139 Sed
704 4084 823 4152 quia
852 4082 1231 4153 benignitatem
1273 4083 1484 4136 volebat
1513 4082 1721 4151 justitia
1751 4092 1957 4151 tempe-

372 4194 492 4233 rare
513 4220 527 4242 ,
563 4193 717 4240 cum,
762 4176 852 4247 qui
885 4175 1116 4246 iniquius
1143 4192 1201 4231 se
1224 4184 1465 4246 gesserat
1484 4216 1499 4237 ,
1528 4176 1753 4241 minori,
1795 4192 1953 4245 quant

374 4269 697 4331 merebatur,
730 4266 949 4321 damnat
976 4267 1270 4336 supplicio,
1307 4266 1508 4321 docens
1534 4275 1590 4320 ut
1618 4266 1670 4319 in
1703 4266 1956 4336 patiendo

377 4378 620 4432 magnam
643 4376 920 4416 servemus
945 4361 1390 4415 moderationem.
1414 4358 1545 4414 Cum
1570 4374 1701 4429 ergo
1722 4359 1953 4428 priorem

375 4454 544 4524 legem
578 4453 916 4523 promlisset,
950 4451 1202 4522 illamque
1243 4459 1408 4505 totam
1443 4449 1688 4520 legisset,
1723 4449 1956 4504 ostendit

377 4554 562 4616 postea
607 4562 711 4599 non
754 4543 974 4598 fratrem
1000 4558 1119 4597 esse
1158 4542 1247 4612 qui
1290 4541 1409 4595 talia
1459 4540 1819 4611 perpetravit,
1858 4540 1956 4595 sed

380 4637 696 4705 malignum,
723 4634 948 4702 ideoque
974 4633 1243 4703 subjunxit
1268 4650 1282 4686 ε
1313 4631 1423 4702 Ego
1443 4641 1613 4685 autent
1641 4631 1755 4685 dico
1782 4629 1918 4685 vobis
1938 4673 1953 4694 ,

378 4747 479 4782 non
512 4727 742 4781 resistere
780 4724 934 4777 malo.
973 4723 1091 4778 Non
1136 4724 1303 4786 dixit,
1336 4722 1450 4778 Non
1483 4722 1736 4778 resistere
1765 4721 1953 4775 fratri:

380 4820 499 4885 sed,
534 4816 675 4870 Helo
696 4857 712 4881 ,
742 4814 1031 4869 ostendens
1060 4814 1150 4868 illo
1176 4814 1461 4883 instigante
1483 4814 1605 4866 talia
1636 4811 1954 4883 perpetrari,

380 4924 543 4983 atque
566 4909 645 4965 sic
672 4922 915 4978 magnam
938 4907 1029 4961 ira:
1060 4916 1259 4977 partem
1280 4906 1542 4961 adversus
1559 4922 1681 4960 eum
1706 4905 1795 4973 qui
1822 4905 1957 4971 inju-

382 5008 515 5061 riam
565 5001 741 5057 intulit
781 5008 1095 5067 conceptam
1132 4998 1326 5052 sedans
1372 5005 1427 5051 et
1468 4996 1781 5058 succidens,
1838 5010 1957 5046 eum

383 5114 599 5156 causam
632 5096 684 5150 in
713 5094 940 5147 alterum
970 5088 1239 5145 transfert.
1267 5088 1403 5155 Quid
1429 5088 1625 5158 igitur?
1654 5102 1830 5139 annon
1862 5085 1957 5138 tle-

383 5192 601 5253 bemus,
652 5184 889 5255 inquies,
934 5182 1183 5237 resistere
1222 5179 1395 5234 malo?
1439 5178 1690 5239 Dehetis,
1728 5177 1821 5231 sed
1854 5193 1960 5231 non

386 5285 487 5340 hoc
514 5282 673 5337 modo
698 5299 714 5338 :
737 5293 918 5334 verum
944 5284 1003 5330 ut
1023 5278 1137 5345 ipse
1166 5273 1418 5342 praecepit
1442 5290 1455 5324 :
1484 5281 1542 5325 ut
1564 5268 1769 5325 scilicet
1793 5270 1958 5339 parati

386 5379 552 5433 simus
577 5376 645 5431 ad
688 5369 1020 5442 recipiendas
1051 5367 1302 5437 injurias;
1328 5366 1405 5420 sic
1440 5367 1582 5420 enim
1616 5365 1763 5418 illum
1806 5380 1963 5433 supe-

388 5470 546 5526 rahis.
569 5467 755 5537 Neque
793 5465 937 5519 enim
965 5464 1087 5533 igne
1113 5460 1248 5530 ignis
1281 5459 1658 5529 exstinguitur,
1683 5457 1775 5512 sed
1804 5473 1961 5527 aqua.

389 5562 455 5617 Ut
477 5570 651 5615 autem
675 5559 869 5620 discas,
895 5556 1053 5610 etiam
1086 5555 1137 5607 in
1168 5552 1333 5606 veteri
1362 5554 1475 5621 lege
1491 5566 1613 5606 eum
1641 5552 1728 5621 qui
1756 5559 1965 5619 patere-

385 5663 468 5715 tur
522 5653 743 5716 vicissc,
772 5658 1191 5715 coronatumque
1235 5643 1428 5712 fuisse,
1473 5643 1523 5699 id
1563 5642 1843 5713 diligenter
1870 5657 1963 5697 cx-

2084 860 2264 930 plora,
2294 870 2347 913 ot
2373 860 2579 914 videbis
2602 877 2722 913 eum
2758 861 2912 929 longe
2941 860 3214 915 anteferri.
3246 860 3376 915 Nam
3403 863 3493 932 qui
3527 862 3675 933 prirr

2080 968 2269 1007 manus
2313 954 2521 1024 iniquas
2563 954 2776 1020 intulit,
2824 953 2957 1009 duos
2987 955 3101 1023 ipse
3130 955 3314 1009 oculos
3340 956 3546 1011 eruisse
3571 955 3669 1011 de-

2084 1043 2455 1112 prehenditur,
2484 1055 2536 1100 et
2560 1046 2787 1114 proximi
2815 1046 2896 1099 sui
2924 1056 2979 1100 et
3001 1063 3176 1100 suum.
3208 1046 3438 1117 Ideoque
3458 1047 3580 1116 jure
3602 1050 3671 1102 ah

2075 1138 2325 1192 omnibus
2365 1137 2491 1193 odio
2528 1138 2776 1207 habetur,
2807 1152 2862 1194 et
2888 1140 3033 1195 mille
3058 1140 3524 1196 criminationibus
3562 1142 3668 1196 im-

2078 1230 2297 1297 petitur.
2327 1229 2429 1297 Qui
2452 1246 2581 1285 vero
2611 1230 2770 1284 laesus
2812 1242 2927 1297 est,
2977 1241 3330 1301 prtetcrquam
3366 1232 3507 1302 quod
3549 1234 3666 1303 pari

2077 1334 2234 1387 pinna
2268 1320 2589 1387 vindicatur,
2642 1321 2774 1375 nihil
2816 1321 2941 1375 mali
2978 1322 3174 1376 intulit.
3209 1321 3440 1394 Ideoque
3467 1325 3665 1379 multos

2075 1408 2238 1465 habet
2281 1424 2373 1464 seu
2417 1412 2888 1466 commiseratione
2933 1413 3201 1480 dolentes,
3234 1423 3415 1484 utpote
3449 1432 3615 1483 purus
3642 1458 3657 1482 ,

2071 1501 2282 1555 etiamsi
2323 1502 2453 1557 ultio
2486 1502 2622 1557 facta
2658 1504 2837 1557 fuerit.
2882 1503 3171 1559 Calamitas
3204 1522 3298 1575 par
3317 1517 3398 1561 est
3421 1508 3473 1561 in
3498 1508 3660 1562 utris-

2070 1608 2175 1660 que
2200 1634 2213 1655 ,
2266 1592 2435 1662 gloria
2475 1608 2603 1646 vero
2647 1609 2751 1647 non
2800 1611 2893 1663 par
2931 1594 3069 1663 apud
3116 1594 3281 1649 Deum
3313 1606 3364 1650 et
3393 1596 3658 1653 homines.

2068 1685 2408 1755 Quapropter
2445 1701 2620 1755 neque
2654 1687 2933 1741 calamitas
2961 1686 3214 1757 deinceps
3243 1704 3340 1757 par
3366 1698 3466 1743 est.
3503 1691 3658 1745 Prin-

2068 1779 2208 1848 cipio
2250 1779 2430 1849 itaque
2457 1779 2624 1843 dixit,
2658 1780 2757 1846 Qui
2783 1779 3020 1833 irascitur
3042 1782 3192 1852 fratri
3219 1798 3312 1835 suo
3342 1783 3450 1837 sine
3470 1800 3656 1851 causa,

2067 1882 2114 1924 et
2133 1873 2221 1941 qui
2244 1873 2391 1925 illaut
2416 1872 2617 1941 fatuum
2648 1874 2900 1943 appellat,
2940 1891 3056 1929 reus
3098 1875 3193 1928 erit
3225 1876 3467 1945 gehenna:
3491 1878 3659 1948 ignis,

2068 1965 2155 2021 hic
2183 1982 2312 2020 vero
2339 1966 2597 2036 majorem
2625 1967 2786 2021 etiam
2828 1968 3054 2038 requirit
3081 1967 3511 2038 philosophiam,
3551 1987 3655 2026 non

2044 2058 2232 2129 Amodo
2257 2059 2537 2129 quiescere
2562 2060 2758 2128 jubens
2782 2075 2909 2114 eum
2941 2061 3031 2130 qui
3063 2059 3187 2114 talia
3221 2076 3407 2129 passus
3434 2062 3530 2121 sit,
3563 2062 3655 2117 scd

2066 2151 2228 2204 etiam
2255 2166 2374 2204 cum
2404 2151 2645 2205 czedente
2683 2152 2861 2205 ollicio
2900 2160 3140 2217 certare,
3190 2152 3396 2221 ipsique
3430 2154 3654 2209 alteram

2072 2244 2344 2298 maxillam
2389 2244 2648 2311 praebere.
2692 2244 2803 2299 Hoc
2848 2253 3027 2299 autem
3068 2244 3229 2307 dicit,
3279 2261 3384 2299 non
3428 2261 3525 2314 pro
3566 2248 3655 2300 illo

2067 2336 2272 2406 injuria:
2301 2353 2499 2408 genere
2528 2347 2733 2392 tantum
2764 2339 2935 2410 legem
2980 2339 3192 2396 ferens.
3241 2341 3333 2396 sed
3374 2341 3441 2395 ad
3491 2341 3651 2397 talem

2066 2428 2119 2484 in
2149 2432 2267 2485 aliis
2295 2431 2544 2487 omnibus
2568 2431 2906 2486 tolerantiam
2935 2446 3033 2486 nos
3063 2431 3366 2487 instituens.

2134 2521 2189 2574 2.
2232 2521 2460 2576 Christus
2484 2522 2622 2589 quod
2640 2522 2704 2577 de
2728 2521 2947 2593 colapho
2984 2523 3105 2577 dicit
3145 2524 3214 2576 ad
3249 2541 3447 2578 omnem
3470 2535 3652 2579 contu-

2064 2611 2269 2667 mellam
2297 2612 2539 2667 extendit.
2566 2612 2817 2668 Patiendo
2846 2616 3042 2668 vincere
3061 2624 3274 2684 oportet.
3298 2644 3367 2655 --
3388 2615 3654 2683 Quemad-

2064 2704 2280 2760 modum
2304 2704 2447 2758 enim
2476 2720 2596 2760 cum
2639 2705 2799 2769 dicit,
2848 2705 2948 2773 Qui
2988 2716 3127 2760 rocat
3166 2710 3374 2777 fratrem
3399 2712 3652 2779 suumfa-

2064 2804 2203 2848 tuum
2224 2836 2239 2860 ,
2268 2808 2381 2848 rcus
2406 2796 2498 2848 erit
2527 2796 2769 2866 gehenna:
2789 2796 2921 2868 ignis
2941 2836 2957 2863 ,
2990 2812 3093 2850 non
3122 2795 3191 2851 de
3223 2796 3325 2852 hoc
3355 2813 3460 2852 uno
3487 2798 3657 2854 verbo

2064 2885 2165 2940 hoc
2189 2885 2349 2951 dicit,
2378 2885 2473 2941 sed
2495 2887 2563 2941 de
2584 2886 2822 2956 qualibet
2842 2887 3163 2942 contumelia
3191 2903 3206 2946 ;
3238 2888 3304 2941 ita
3330 2887 3414 2943 hic
3440 2905 3655 2960 quoque

2064 2978 2237 3047 legem
2283 2979 2506 3046 statuit,
2541 2996 2646 3033 non
2676 2988 2882 3035 tantum
2910 2990 2969 3034 ut
2992 2980 3235 3049 colaphis
3261 2984 3383 3037 caesi
3407 3023 3421 3048 ,
3457 2983 3505 3036 id
3539 2982 3648 3038 for-

2064 3070 2186 3125 titer
2215 3070 2469 3136 feramus,
2501 3070 2596 3125 sed
2624 3081 2679 3125 ut
2701 3072 2913 3141 quidvis
2942 3071 3086 3124 aliud
3115 3072 3409 3140 patientes,
3444 3090 3509 3127 nc
3541 3082 3663 3127 tut'v

2063 3162 2268 3215 bemur.
2312 3162 2600 3231 Propterea
2638 3175 2691 3217 et
2728 3163 2798 3217 ibi
2831 3173 3126 3218 extremam
3153 3163 3344 3234 selegit
3371 3165 3646 3233 injuriam,

2062 3264 2115 3306 et
2155 3252 2242 3307 hic
2281 3270 2435 3320 eam,
2480 3270 2599 3324 quae
2641 3256 2898 3323 probrosa
2929 3265 2983 3308 ct
3008 3255 3391 3310 contumeliosa
3420 3258 3650 3312 maxime

2062 3345 2365 3410 videbatur,
2410 3347 2641 3400 maxillae
2672 3330 3095 3416 percussionem.
3128 3345 3181 3401 Id
3213 3362 3341 3402 vero
3362 3347 3555 3415 jussit,
3595 3359 3651 3407 et

2064 3438 2412 3505 percutientis
2451 3449 2505 3492 et
2547 3439 2783 3507 percussi
2821 3439 3080 3494 rationem
3122 3438 3342 3494 habens.
3378 3439 3510 3494 Nam
3559 3442 3648 3511 qui

2063 3529 2253 3599 injuria
2284 3529 2534 3597 afticitur,
2569 3530 2698 3584 nihil
2729 3546 2789 3585 se
2819 3545 2981 3601 grave
3019 3547 3232 3599 passum
3271 3533 3642 3598 arbitrahitur,

2061 3622 2138 3676 sic
2166 3621 2497 3691 philosophia
2546 3623 2897 3691 prarmunitus
2925 3640 2937 3676 :
2969 3639 3141 3693 neque
3181 3623 3323 3678 enim
3369 3634 3644 3681 contume-

2065 3713 2147 3768 lia:
2170 3730 2385 3769 sensum
2410 3715 2572 3768 nllmn
2603 3715 2839 3778 habebit,
2872 3724 2930 3770 ut
2955 3718 3048 3786 qui
3080 3725 3253 3773 certet
3284 3719 3459 3789 potius
3487 3736 3645 3789 (Illam

2063 3808 2425 3874 percutiatur;
2458 3808 2550 3875 qui
2582 3824 2710 3861 vero
2737 3806 2984 3875 injuriatn
3029 3808 3185 3864 infert
3206 3852 3220 3875 ,
3250 3810 3455 3880 pudore
3483 3812 3649 3866 sulfu-

2064 3913 2157 3951 sus
2185 3913 2290 3949 non
2321 3898 2614 3951 secundum
2644 3899 2926 3967 colaphum
2963 3900 3255 3971 impinget,
3295 3904 3503 3957 etiamsi
3536 3902 3648 3956 fera

2062 3989 2251 4058 quavis
2282 3988 2509 4044 ferocior
2540 3990 2644 4054 sit;
2671 3990 2777 4042 into
2804 3990 2965 4044 etiam
2991 3990 3059 4043 de
3091 3991 3268 4059 priore
3290 4008 3408 4044 sese
3433 3992 3648 4047 damna-

2062 4080 2158 4135 bit.
2204 4080 2343 4133 Nihil
2368 4081 2511 4135 enim
2539 4080 2609 4135 ita
2641 4080 2897 4135 laedentes
2919 4079 3167 4145 cohibet,
3200 4092 3256 4134 ut
3279 4098 3400 4135 cum
3427 4083 3534 4136 laesi
3566 4083 3647 4136 in-

2060 4172 2255 4240 juriant
2287 4170 2528 4225 modeste
2554 4170 2766 4237 ferunt;
2814 4186 2986 4241 neque
3030 4170 3188 4225 modo
3236 4172 3430 4227 retinet
3474 4173 3646 4243 impe-

2067 4275 2216 4329 tum,
2260 4279 2329 4318 ue
2358 4264 2579 4319 ulterius
2621 4264 2960 4333 procedatur,
3012 4263 3105 4318 sed
3147 4264 3309 4318 etiam
3357 4265 3407 4318 id
3447 4265 3643 4331 el'ticit,
3702 4274 3707 4279 '

2065 4364 2124 4411 ut
2148 4356 2216 4411 de
2249 4356 2388 4410 facto
2410 4372 2469 4411 se
2496 4356 2752 4426 pteniteat
2770 4398 2785 4421 ,
2813 4366 2865 4411 et
2891 4356 2980 4409 alii
3018 4355 3441 4411 modi-rationem
3470 4357 3644 4413 admi-

2064 4457 2246 4504 rantes
2266 4445 2554 4512 secedant;
2586 4447 2725 4511 imo,
2757 4462 2929 4513 neque
2957 4448 3131 4501 solum
3156 4448 3357 4502 amicos
3385 4464 3453 4503 ex
3481 4449 3648 4504 inimi-

2062 4544 2177 4607 cis,
2225 4541 2319 4598 sed
2370 4541 2661 4596 familiares
2706 4540 2880 4595 reddit
2919 4549 2975 4595 et
3013 4556 3232 4595 servos:
3264 4542 3419 4606 sicut,
3463 4558 3494 4595 e
3523 4557 3650 4596 con-

2063 4650 2257 4699 verso,
2288 4633 2423 4687 ultio
2447 4644 2664 4708 sumpta
2702 4632 2971 4687 contraria
3016 4632 3194 4684 omnia
3237 4633 3403 4700 parit,
3447 4644 3651 4687 utrum-

2064 4742 2167 4796 que
2220 4725 2540 4788 dedecorat,
2595 4733 2653 4779 et
2703 4724 2939 4794 pejorem
2992 4723 3189 4787 efﬁcit,
3253 4724 3509 4793 majorem
3560 4726 3649 4781 ira:

2068 4816 2336 4870 flammam
2366 4815 2600 4879 excitat,
2630 4831 2694 4869 ac
2727 4830 2872 4882 saepe
2901 4813 3048 4867 caule
3094 4813 3409 4868 terminatur
3449 4816 3648 4872 maltun

2068 4907 2133 4960 ad
2190 4907 2442 4961 ulteriora
2495 4919 2859 4974 progressum.
2923 4903 3121 4957 Idcirco
3184 4920 3493 4973 percussum
3544 4923 3647 4961 non

2069 4998 2230 5052 modo
2246 4996 2399 5066 jubet
2432 5013 2535 5049 non
2577 4995 2773 5059 irasci,
2820 4994 2912 5048 sed
2953 4997 3112 5048 etiam
3158 4998 3507 5064 percutientis
3553 4998 3650 5052 im-

2072 5088 2219 5153 plere
2263 5086 2601 5155 cupiditatem
2657 5086 2923 5156 praecipit,
2976 5095 3031 5141 ut
3072 5103 3138 5140 ne
3164 5088 3389 5142 videaris
3418 5090 3650 5158 priori-tn

2072 5179 2279 5247 plagam
2328 5177 2522 5230 invitus
2557 5176 2851 5244 accepisse.
2875 5178 2963 5231 Sic
2993 5179 3134 5230 enim
3169 5178 3529 5248 impudentem
3557 5195 3649 5246 op-

2074 5270 2380 5339 portuniore
2418 5267 2567 5337 plaga
2599 5279 2882 5337 percutere
2929 5270 3159 5339 poteris,
3208 5287 3365 5339 quant
3406 5269 3452 5322 si
3491 5282 3650 5321 manu

2074 5361 2433 5431 percussisses
2453 5401 2467 5423 ,
2500 5368 2556 5414 et
2584 5359 2948 5429 impudentem
2979 5365 3394 5414 tnansuetiorem
3426 5357 3648 5411 efﬁcies.

2075 5453 2175 5519 Qui
2205 5450 2414 5505 voluerit
2441 5462 2602 5504 tecum
2621 5451 2817 5522 judicio
2840 5450 3140 5505 contendere
3158 5489 3172 5512 ,
3203 5460 3249 5502 et
3272 5449 3492 5502 tunicam
3513 5459 3651 5502 tuum

2073 5543 2279 5609 tollere,
2320 5543 2514 5597 dimitte
2548 5541 2623 5595 illi
2664 5550 2711 5596 et
2756 5543 2987 5611 pallium.
3020 5539 3204 5609 Neque
3230 5538 3373 5593 enim
3401 5542 3455 5594 in
3487 5538 3653 5608 plagis

2074 5636 2471 5702 tantummodo,
2522 5633 2615 5690 sed
2653 5635 2814 5692 etiam
2846 5634 2897 5687 in
2923 5630 3162 5701 pecuniis
3193 5630 3302 5685 vult
3330 5631 3491 5688 talem
3521 5630 3654 5687 tole-
