4076 6150
372 233 469 286 ΞεῖῚ

370 350 596 401 rantiam
625 344 885 400 exhiberi.
934 344 1057 397 Ideo
1101 356 1312 396 rursmn
1352 338 1510 393 simili
1555 335 1721 388 tttitur
1758 332 1953 400 hyper-

372 443 514 494 bule.
559 439 704 493 Sicut
744 438 886 491 enim
925 436 1032 489 illic
1057 434 1206 503 jubet
1247 428 1495 501 patiendo
1526 429 1772 485 vincere,
1806 422 1875 473 ita
1903 429 1957 472 et

374 532 457 581 hic
486 531 536 582 in
561 527 907 583 concedendo
935 528 1080 595 plura
1106 565 1122 590 ,
1165 540 1323 593 quam
1364 530 1547 588 raptor
1588 514 1952 587 exspectabat.

382 623 567 674 terum
599 620 698 674 hoc
741 636 845 674 non
884 619 1195 685 simpliciter
1238 614 1449 684 posuit,
1481 611 1574 666 sed
1606 624 1726 663 cum
1754 605 1959 660 addita-

376 724 576 765 mento.
622 712 734 765 Non
779 713 920 765 enim
968 710 1135 771 dixit,
1184 709 1255 761 Da
1292 706 1492 775 petenti
1536 703 1790 771 pallium,
1829 696 1957 760 sed,

377 806 443 859 lii
463 806 549 872 qui
571 805 780 857 uoluerit
804 816 963 856 tecum
976 801 1176 872 judicio
1197 798 1534 859 contendere;
1564 799 1663 848 hoc
1685 803 1770 848 est
1789 835 1802 855 ,
1834 792 1880 846 si
1910 800 1961 845 te

375 897 718 965 adjudicium
748 896 997 956 traxerit,
1027 909 1089 945 ac
1121 892 1326 962 negotia
1351 890 1442 945 tibi
1464 890 1732 945 exhibeat.
1765 888 1963 954 Quent-

374 986 663 1042 admodum
696 1002 823 1042 vero
851 1004 971 1040 cum
1010 985 1265 1049 dixisset,
1307 983 1385 1039 Ne
1423 999 1581 1037 voces
1627 984 1858 1043 fatuum,
1908 987 1964 1034 et

380 1096 449 1135 ne
473 1080 725 1134 irascaris
758 1081 873 1133 sine
902 1094 1062 1133 causa
1087 1120 1103 1145 ,
1129 1078 1381 1147 deinceps
1410 1077 1556 1146 plura
1583 1075 1799 1145 exegit,
1840 1091 1961 1129 cum

376 1171 533 1240 jttSsll
564 1171 724 1223 etiam
754 1168 1030 1223 dexteram
1065 1168 1335 1223 maxillam
1372 1168 1616 1238 pratbere
1646 1184 1659 1220 :
1694 1168 1761 1220 ita
1790 1174 1845 1220 et
1873 1164 1963 1219 hic

379 1280 501 1317 cum
533 1263 777 1328 dixisset,
809 1263 936 1317 Esto
975 1264 1317 1318 consentiens
1343 1278 1461 1316 cum
1499 1262 1806 1316 adversario
1837 1272 1960 1324 tuo,

381 1370 590 1409 l'tll'Sttltt
618 1356 829 1424 gravius
870 1370 1196 1425 praeceptum
1235 1356 1401 1410 addit.
1445 1355 1561 1410 Non
1611 1356 1754 1409 enim
1806 1352 1966 1408 modo

378 1448 530 1517 jubet
561 1449 649 1502 illa
681 1448 810 1503 dare
848 1462 965 1517 qua:
1017 1450 1103 1503 ille
1136 1450 1247 1502 vult
1285 1448 1495 1503 auferre
1517 1490 1532 1513 ,
1582 1450 1676 1503 sed
1709 1449 1963 1516 majorem

381 1541 542 1594 etiam
586 1541 962 1596 liberalitatem
991 1543 1266 1596 exhibere.
1314 1542 1451 1607 Quid
1497 1543 1694 1611 igitur?
1723 1541 1963 1611 inquies,

383 1633 630 1686 nudusue
651 1633 971 1686 circuiturus
1005 1634 1169 1686 sum?
1199 1630 1477 1703 Nottquam
1520 1648 1761 1687 essemus
1804 1632 1928 1686 nudi
1950 1675 1964 1697 ,

383 1723 426 1775 si
448 1723 530 1776 his
547 1724 829 1792 princeptis
850 1722 1133 1792 diligenter
1150 1723 1667 1792 obtempemremus;
1693 1725 1783 1778 sed
1803 1725 1970 1779 multo

387 1816 627 1883 pluribus
656 1832 815 1885 quam
858 1816 946 1869 alii
991 1832 1181 1870 omnes
1219 1816 1454 1871 vestibus
1496 1816 1662 1871 induti
1707 1830 1969 1872 essemus.

386 1908 569 1962 Primo
606 1910 748 1963 enim
800 1926 956 1963 nemo
996 1910 1085 1963 tali
1137 1910 1316 1963 animo
1356 1909 1611 1979 praeditus
1658 1909 1925 1963 invaderet
1958 1930 1971 1965 :

387 1998 658 2062 secundo,
710 1999 752 2052 si
806 1999 1068 2069 quispiam
1111 2010 1419 2055 occurreret
1444 2002 1512 2055 ita
1537 2000 1684 2055 ferox
1727 2010 1779 2055 et
1820 2002 1975 2055 inlut-

390 2100 601 2155 manus,
644 2097 702 2143 ut
741 2105 809 2143 co
856 2105 1022 2159 usque
1074 2090 1417 2160 procederet,
1470 2091 1635 2147 multo
1666 2090 1847 2161 plures
1886 2108 1973 2146 re-

392 2180 697 2249 perirentur
750 2181 840 2250 qui
899 2191 1058 2236 tantae
1111 2182 1463 2252 pliilosopbim
1506 2183 1681 2237 virum
1733 2198 1838 2237 non
1878 2198 1974 2238 ve-

390 2271 560 2325 stibus
576 2271 753 2330 tundo.
775 2272 867 2326 sed
885 2282 939 2326 et
957 2287 1119 2327 carne
1136 2288 1251 2336 sua,
1272 2273 1317 2327 si
1335 2272 1447 2327 fleri
1468 2285 1667 2343 posset,
1685 2274 1975 2342 aperirent.

462 2363 516 2416 5.
545 2361 601 2416 Si
631 2372 811 2417 autem
841 2366 1001 2418 etiam
1035 2374 1249 2434 propter
1280 2366 1437 2418 talem
1470 2365 1863 2435 philosophiam
1890 2382 1981 2421 nu-

394 2451 520 2506 dum
550 2452 799 2507 incedere
820 2463 1125 2521 Oporterct,
1156 2470 1329 2523 neque
1360 2454 1411 2508 id
1442 2456 1600 2509 etiam
1632 2464 1787 2527 turpe
1813 2468 1978 2514 esset.

396 2542 525 2597 Nam
548 2553 602 2596 et
626 2542 795 2597 Adam
830 2544 1003 2599 nudus
1030 2554 1147 2598 erat
1172 2545 1223 2598 in
1257 2545 1536 2615 paradiso,
1571 2564 1669 2603 nec
1696 2551 1982 2606 erubesce—

397 2639 487 2692 bat
514 2636 668 2705 (Gen.
700 2637 754 2691 2.
786 2636 911 2707 25);
937 2637 1100 2691 lsaias
1129 2638 1289 2693 etiaut
1322 2641 1496 2695 nudus
1528 2651 1577 2693 et
1609 2642 1981 2711 discalceatus,

397 2728 705 2785 .ludazorum
734 2730 972 2784 omnium
1004 2730 1466 2801 splendidissimus
1490 2742 1607 2788 erat
1624 2732 1773 2806 (lsai.
1794 2734 1883 2792 20.
1903 2734 1983 2807 5);

399 2822 595 2892 Joscph
640 2838 764 2877 vero
802 2838 923 2879 eunt
959 2836 1155 2879 exutus
1195 2836 1312 2887 est,
1348 2837 1471 2879 ttmc
1503 2828 1731 2883 maxime
1774 2830 1984 2887 claruit.

402 2913 586 2984 Neque
613 2916 753 2970 enim
786 2918 985 2970 malum
1014 2928 1095 2971 est
1128 2917 1196 2971 ita
1235 2918 1459 2983 nudari,
1492 2920 1583 2973 sed
1614 2919 1684 2972 ita
1712 2920 1893 2984 indui,
1934 2933 1990 2976 ut

404 3020 543 3059 nunc
570 3021 667 3059 nos
699 3005 968 3059 induimur
996 3007 1326 3061 vestimentis
1351 3009 1621 3078 pretiosis.
1653 3008 1765 3064 lloc
1791 3020 1845 3064 et
1875 3020 1985 3064 tur-

404 3110 471 3165 pc
500 3107 553 3151 et
575 3096 854 3151 ridiculum
886 3107 983 3151 est.
1024 3097 1146 3152 Ideo
1176 3096 1293 3151 illos
1323 3098 1537 3169 quidem
1568 3100 1707 3155 Deus
1736 3099 1988 3167 laudavit;

407 3191 504 3242 hos
534 3203 662 3243 vero
693 3205 786 3259 per
812 3188 1097 3257 prophetas
1119 3200 1173 3244 et
1193 3205 1290 3261 per
1308 3191 1576 3260 apostolos
1596 3208 1738 3263 saepe
1765 3193 1989 3249 incusat.

406 3276 483 3332 Ne
511 3279 687 3349 itaque
717 3290 977 3349 pra-cepta
1019 3279 1365 3348 impossrbilia
1396 3295 1516 3335 esse
1562 3294 1827 3352 putemus.
1866 3284 1996 3351 Qua:

410 3374 590 3442 utique
619 3382 670 3427 et
702 3371 846 3427 utilia
875 3372 1028 3426 nobis
1057 3381 1209 3439 sunt,
1238 3382 1290 3427 et
1324 3374 1474 3428 valde
1504 3374 1674 3429 facilia
1699 3417 1713 3442 ,
1744 3377 1787 3431 si
1814 3377 1998 3447 vigile-

411 3479 531 3519 mus
559 3479 572 3516 ε
607 3473 916 3533 tantumque
944 3462 1171 3519 afferunt
1189 3466 1416 3527 lucrum,
1450 3475 1505 3520 ut
1533 3484 1636 3522 non
1676 3484 1772 3523 nos
1802 3472 1996 3535 Solum,

412 3556 503 3609 sed
533 3554 692 3609 etiam
722 3572 833 3619 eos,
862 3556 951 3626 qui
984 3571 1081 3609 nos
1101 3557 1313 3621 liedunt,
1346 3559 2001 3629 maximejuvent.Ethoc

414 3647 567 3699 estin
597 3648 675 3701 eis
697 3647 973 3709 eximium,
995 3648 1136 3716 quod
1168 3648 1292 3701 dum
1323 3650 1547 3703 suadent
1578 3651 1749 3717 nobis,
1782 3664 1836 3707 ut
1862 3656 1998 3709 mala

418 3738 702 3810 patiamur,
733 3738 917 3793 eadem
951 3755 1109 3809 opera
1141 3756 1234 3794 eos
1254 3783 1268 3805 ,
1300 3743 1386 3810 qui
1416 3757 1514 3797 nos
1544 3742 1775 3809 laedunt,
1808 3746 2003 3801 docent

422 3828 803 3898 philosophari.
865 3831 997 3884 llum
1052 3832 1193 3885 enim
1239 3832 1327 3887 ille
1385 3842 1533 3901 putat
1582 3851 1829 3906 tnaguum
1882 3850 2004 3895 esse

419 3922 589 3976 aliena
620 3920 849 3989 auferre,
885 3930 937 3999 tu
970 3936 1095 3976 vero
1120 3924 1358 3978 ostendis
1389 3925 1509 3994 ipsi,
1545 3926 1637 3980 tibi
1673 3928 1723 3982 in
1755 3940 2002 4000 promptu

419 4028 540 4068 esse
572 4013 655 4067 illa
686 4016 844 4068 etiam
886 4013 1014 4068 dare
1044 4032 1162 4083 qtae
1208 4015 1318 4083 ipse
1365 4033 1469 4071 non
1509 4020 1671 4087 petit,
1701 4032 1751 4073 et
1785 4038 2004 4090 pronam

420 4106 748 4161 alacritatem
789 4108 904 4176 ejus
934 4108 1127 4175 inopia:
1162 4107 1658 4179 |.ltilo,-opltiatttque
1695 4112 1811 4179 ejus
1854 4129 2008 4181 rapa-

420 4199 564 4253 citati
592 4199 849 4269 opponis,
874 4200 1151 4253 considera
1186 4210 1432 4268 quantam
1476 4202 1561 4255 ille
1614 4204 1867 4271 percipiet
1908 4205 2005 4257 do-

420 4294 672 4359 ctriuam,
712 4309 814 4344 non
847 4307 909 4344 ex
940 4291 1138 4357 Verbis,
1172 4292 1264 4345 sed
1295 4308 1361 4345 ex
1395 4294 1645 4360 Operibus
1675 4292 1914 4349 eruditus
1943 4296 2006 4349 ad

425 4383 907 4455 parvipendcndant
927 4384 1235 4452 nequitiam.
1261 4393 1315 4437 et
1335 4386 1577 4438 virtutem
1600 4387 2005 4456 assequeudam.

423 4464 538 4532 Non
578 4478 722 4531 enim
765 4478 877 4528 vult
927 4474 1063 4529 Deus
1114 4484 1170 4527 ut
1206 4476 1359 4528 nobis
1388 4486 1590 4530 tantum
1637 4478 1791 4532 utiles
1821 4480 2005 4543 simus,

425 4568 517 4623 sed
540 4569 786 4623 omnibus
815 4567 1088 4637 proximis.
1111 4565 1165 4621 Si
1188 4565 1592 4635 igitur-dederis,
1618 4579 1669 4621 ct
1691 4584 1793 4623 non
1813 4570 2013 4636 judicio

424 4658 766 4715 contenderis
786 4699 801 4723 ,
830 4658 972 4726 quod
1012 4658 1104 4712 tibi
1134 4659 1261 4711 utile
1302 4670 1412 4712 erat
1447 4667 1646 4711 tantum
1679 4660 1968 4728 quiesivisti
1996 4680 2010 4727 ;

427 4753 469 4805 si
502 4766 631 4806 vero
649 4753 793 4807 aliud
819 4752 961 4806 dono
984 4751 1275 4813 addideris,
1300 4748 1447 4804 illum
1471 4748 1749 4807 meliorem
1768 4751 2013 4807 effectum

428 4844 671 4899 dimittis.
697 4844 1008 4914 Huiusmodi
1039 4856 1119 4898 est
1149 4844 1246 4908 sal,
1278 4851 1334 4896 ut
1364 4844 1474 4897 vult
1502 4843 1753 4897 Dominus
1784 4845 2016 4915 discipu-

429 4936 510 4990 lus
551 4951 670 4989 esse
701 4952 712 4987 :
743 4937 881 5005 quod
917 4947 972 4991 et
1010 4937 1243 5005 seipsqu
1285 4944 1499 4998 servat,
1542 4946 1595 4988 et
1636 4935 1737 4989 alia
1764 4950 2011 5007 Corpora,

429 5029 745 5100 quibuscum
782 5028 1002 5080 mixtum
1030 5038 1133 5092 est,
1168 5028 1345 5081 firmat
1372 5045 1384 5080 :
1415 5026 1533 5080 talis
1569 5036 1651 5081 est
1680 5027 1866 5081 oculus
1887 5069 1900 5092 ,
1927 5030 2015 5098 qui

431 5123 533 5178 sibi
565 5121 663 5191 ipsi
692 5121 832 5173 lucet
859 5128 911 5172 et
948 5120 1085 5172 aliis.
1119 5120 1250 5185 Quia
1279 5119 1437 5189 igitur
1460 5135 1646 5175 eorum
1672 5133 1721 5175 te
1744 5123 1858 5176 vice
1886 5138 2017 5175 cou-

434 5213 634 5279 stituit,
671 5212 906 5283 illumina
932 5226 1053 5264 cum
1080 5253 1092 5273 ,
1121 5211 1211 5279 qui
1244 5211 1295 5264 in
1328 5212 1560 5266 tenebris
1593 5212 1775 5277 sedet,
1807 5222 1861 5267 et
1885 5213 2019 5270 doce

433 5306 618 5367 illum,
649 5318 745 5356 nec
773 5301 999 5372 prinnnn
1028 5301 1240 5369 quidem
1269 5302 1508 5370 rapuisse
1534 5302 1812 5368 violenter,
1845 5319 1943 5359 nec
1970 5315 2021 5360 te

435 5396 634 5450 larsisse
650 5394 887 5448 onmiuo.
906 5393 995 5449 Sic
1024 5394 1235 5449 enimet
1258 5406 1310 5449 tu
1343 5394 1699 5450 venerabilior
1723 5397 2020 5469 clariorque

435 5489 575 5546 eris,
609 5488 653 5541 si
693 5486 944 5542 Ostendas
968 5528 982 5551 ,
1011 5486 1225 5541 dedisse
1256 5495 1306 5541 te
1326 5528 1340 5551 ,
1375 5503 1478 5543 non
1517 5496 1721 5558 raptum
1752 5489 2017 5543 amisisse.

438 5579 541 5634 Fac
557 5580 715 5644 igitur
738 5596 830 5647 per
856 5580 1317 5637 mansuetudinem
1342 5591 1505 5645 luam,
1532 5591 1584 5635 ut
1607 5579 1719 5651 ejus
1744 5588 2019 5650 peccatum

438 5668 718 5724 liberalitas
746 5681 831 5725 tua
867 5673 952 5728 sit.

1142 229 1179 279 S
1242 224 1517 279 ,ιολΝΝιδ
1552 212 2026 276 CllllYSOSTOMl
2076 214 2392 270 Alll.llllEl’.
2434 216 2968 271 CONSTANTINOP.

3542 216 3650 273 268

2139 334 2393 396 Quantum
2440 332 2792 401 perfectionem
2836 345 2930 381 nos
2974 328 3194 382 docuerit
3232 330 3480 382 Christus.
3517 328 3645 382 Per-

2064 422 2179 491 ferti
2206 422 2299 474 riri
2324 422 2562 474 cruentis
2590 422 2822 491 fortiores
2844 420 3153 473 t'vaduut.-
3172 420 3226 473 Si
3251 436 3376 473 vero
3403 418 3501 474 ιιο(
3527 435 3647 475 esse

2067 527 2315 581 maguum
2340 522 2515 580 putas,
2539 520 2809 577 expecta,
2827 519 2879 563 et
2910 511 3053 563 clare
3079 509 3301 572 videbis,
3330 520 3382 562 te
3413 509 3648 563 nondum

2065 601 2129 655 ad
2160 602 2539 670 perfectionem
2566 601 2795 655 venisse.
2833 599 2947 656 Non
2976 601 3116 653 enim
3143 600 3227 653 hie
3256 601 3476 670 gradum
3509 601 3649 657 sistit

2068 695 2112 748 is
2135 695 2223 764 qui
2256 694 2525 763 patientize
2547 694 2691 763 leges
2716 693 2881 755 dedit,
2912 696 3005 747 sed
3036 693 3255 748 ulterius
3285 694 3544 762 procedit,
3579 696 3648 747 ita

2066 789 2251 842 dieens
2282 804 2294 840 :
2325 788 2413 842 M.
2449 789 2512 842 Si
2543 789 2656 859 quis
2696 798 2744 841 te
2778 787 3117 856 angariaverit
3155 787 3447 839 milliarium
3472 804 3649 853 unum,

2068 879 2194 933 uade
2229 895 2342 931 cum
2384 878 2474 933 illo
2508 888 2553 932 et
2581 880 2702 932 duo.
2741 878 2983 932 Vidistin‘
3008 876 3355 946 philosophiae
3382 877 3708 951 excellen-j'

2071 970 2237 1024 tiam?
2266 970 2392 1025 Post
2421 970 2597 1024 datam
2630 969 2862 1024 tunicam
2889 980 2942 1024 et
2972 970 3212 1038 pallium,
3240 970 3282 1024 si
3312 968 3487 1023 adlute
3512 971 3656 1023 nudo

2069 1076 2297 1131 Corpore
2327 1062 2400 1116 uti
2429 1062 2549 1116 velit
2582 1062 2919 1116 adversarius
2944 1061 3011 1115 ad
3042 1061 3279 1116 laborem
3305 1072 3357 1115 et
3385 1063 3653 1117 tuiset‘iattt

2072 1154 2344 1209 ferendam
2366 1197 2381 1218 ,
2413 1170 2482 1211 ne
2510 1156 2587 1209 sic
2610 1154 2821 1224 quidem
2850 1156 2999 1210 illum
3021 1170 3276 1211 coercere
3305 1166 3535 1225 oportet,
3569 1157 3659 1211 inv

2071 1247 2203 1317 quit.
2247 1247 2436 1302 Omnia
2483 1248 2626 1302 enim
2669 1260 2766 1302 nos
2809 1248 3167 1303 communiter
3200 1248 3311 1301 vult
3358 1249 3655 1317 possidete,

2072 1353 2297 1407 corpora
2318 1381 2332 1403 ,
2368 1339 2619 1406 pecunias
2638 1380 2652 1401 ,
2681 1349 2737 1393 et
2755 1340 2938 1409 egenis
2966 1340 3168 1409 pariter
3192 1338 3546 1410 iniuriamque
3573 1342 3657 1393 in-

2075 1432 2368 1487 ferentibus
2401 1433 2433 1486 il
2456 1446 2484 1484 a
2515 1433 2755 1501 praebere
2785 1450 2797 1485 :
2830 1432 2932 1486 hoc
2967 1432 3111 1489 enim
3152 1432 3503 1496 fortitudinis,
3532 1433 3657 1487 illud

2076 1523 2415 1594 benignitatis
2442 1532 2544 1578 est.
2574 1521 2704 1577 Ideo
2733 1522 2943 1578 dicebat
2975 1541 2989 1577 :
3023 1523 3085 1577 Si
3108 1524 3220 1590 quis
3245 1533 3291 1577 te
3319 1524 3659 1593 angariaverit

2076 1617 2369 1670 milliarium
2401 1630 2586 1679 unum,
2618 1616 2745 1669 vade
2777 1632 2892 1669 cum
2925 1617 3016 1670 illo
3042 1625 3091 1672 et
3127 1616 3266 1683 duo,
3298 1617 3581 1671 sublimius
3610 1627 3664 1672 te

2078 1730 2288 1768 rursum
2323 1714 2533 1783 erigens
2554 1755 2567 1777 ,
2598 1724 2756 1783 atque
2784 1712 3026 1767 eamdem
3078 1712 3245 1781 ipsam
3293 1712 3663 1766 liberalitatem

2077 1806 2362 1861 ostendere
2393 1805 2610 1874 jubens.
2642 1806 2695 1860 Si
2733 1805 2875 1859 enim
2905 1804 2993 1858 illa
3014 1845 3026 1868 ,
3060 1817 3178 1872 qtae
3209 1804 3260 1856 in
3302 1804 3560 1872 principio
3585 1804 3667 1855 di-

2080 1898 2240 1954 cebat
2264 1941 2278 1965 ,
2309 1895 2390 1951 his
2417 1888 2573 1967 longe
2604 1897 2807 1950 minora
2830 1938 2842 1957 ,
2876 1905 2951 1949 tot
2979 1906 3153 1949 tamen
3185 1895 3542 1949 beatitudiucs
3567 1894 3665 1946 ha-

2082 1990 2276 2053 beant,
2304 1990 2474 2058 cogita
2506 1999 2702 2058 quanta
2728 2003 2848 2041 sors
2880 1987 2995 2042 ha-c
3022 1987 3223 2054 majora
3257 1995 3542 2055 operantes
3565 2001 3665 2039 ex-

2082 2090 2325 2151 spectet,
2375 2091 2535 2150 atque
2588 2080 2746 2135 etiam
2796 2079 2982 2149 quales
3032 2077 3107 2131 illi
3158 2077 3239 2132 vel
3282 2088 3403 2131 ante
3451 2078 3667 2147 prmniia

2084 2173 2346 2237 evadant,
2381 2175 2432 2225 in
2456 2174 2689 2227 humano
2719 2180 2772 2226 et
2806 2170 3041 2240 passibili
3072 2184 3298 2240 corpore
3329 2169 3671 2239 impassibili-

2086 2273 2249 2318 tatem
2296 2279 2506 2316 omnem
2537 2261 2871 2318 exhibentes.
2902 2261 3032 2316 Cum
3064 2262 3206 2316 enim
3248 2276 3423 2331 neque
3463 2263 3672 2315 calum-

2087 2357 2225 2417 niis.
2273 2372 2443 2425 neque
2491 2357 2694 2427 plagis,
2744 2371 2917 2425 neque
2970 2355 3310 2424 pecuniarum
3366 2354 3672 2424 direpti:=nc

2089 2447 2451 2513 merdeautur,
2494 2461 2662 2516 neque
2705 2446 2798 2500 ulli
2840 2446 2914 2500 rei
2957 2446 3117 2500 simili
3163 2461 3413 2515 umquam
3457 2446 3673 2505 cedant.

2090 2538 2196 2591 imo
2218 2540 2392 2605 potius
2412 2537 2662 2593 :rrumuis
2692 2534 2938 2590 fortiores
2963 2536 3206 2602 endam,
3237 2538 3513 2593 considera
3537 2554 3674 2608 qua-

2092 2631 2157 2684 lis
2185 2631 2359 2683 auima
2385 2644 2571 2683 eorum
2604 2629 2882 2684 efficiatur.
2912 2628 3205 2699 Propterea
3236 2631 3375 2700 quod
3407 2634 3459 2685 in
3483 2634 3672 2703 plagis.

2091 2721 2230 2791 quod
2260 2722 2308 2775 in
2339 2722 2574 2792 pecuniis
2597 2721 2765 2790 jubet,
2788 2720 2888 2777 hoc
2909 2731 2957 2777 et
2984 2722 3035 2777 iu
3064 2723 3159 2777 hac
3189 2739 3245 2776 re
3266 2737 3474 2793 quoque
3500 2725 3677 2779 facere

2094 2820 2365 2886 prascepit.
2414 2816 2550 2881 Quid
2599 2819 2808 2886 loquor,
2850 2816 3041 2886 inquit,
3090 2818 3157 2871 de
3203 2818 3560 2881 contumeliis,
3609 2820 3681 2874 de

2099 2907 2377 2975 pecuniis?
2419 2908 2473 2961 Si
2506 2908 2665 2961 etiam
2706 2908 2822 2977 ipso
2870 2924 3096 2977 corpore
3157 2919 3248 2963 tuo
3296 2911 3368 2964 uti
3428 2910 3559 2967 velit
3612 2913 3679 2966 ad

2099 2996 2335 3051 laborem
2361 3007 2416 3051 et
2443 2998 2871 3067 defatigationem
2900 3042 2915 3064 ,
2948 2999 3181 3069 illudque
3223 3003 3418 3074 injuste
3439 3044 3453 3066 ,
3493 3015 3682 3057 rursus

2100 3093 2334 3159 vincito,
2381 3102 2435 3147 et
2478 3094 2617 3147 illius
2657 3094 2890 3164 iniquam
2939 3094 3284 3164 cupiditatem
3333 3106 3679 3167 eXsuperato.

2101 3188 2391 3256 Augurium
2420 3186 2564 3241 enim
2585 3195 2667 3241 est
2704 3186 2884 3256 inique
2906 3187 3139 3252 trahere,
3172 3196 3227 3242 et
3250 3187 3365 3242 sine
3385 3187 3493 3242 ulla
3524 3204 3683 3258 pror-

2102 3295 2192 3333 sus
2219 3282 2421 3333 ratione
2451 3280 2554 3333 vim
2587 3278 2806 3333 inferre.
2843 3283 3087 3333 Attamen
3119 3279 3184 3334 ad
3210 3279 3311 3335 hoc
3337 3281 3495 3335 etiam
3526 3296 3684 3352 para-

2108 3385 2187 3427 ltts
2212 3383 2349 3435 e-tu,
2383 3384 2435 3429 ιιι
2463 3374 2690 3444 amplius
2721 3376 2959 3444 patiaris,
2985 3391 3143 3445 quam
3176 3376 3267 3432 ille
3297 3378 3422 3432 velit
3446 3378 3685 3448 exigere.

2104 3466 2193 3521 4:2.
2223 3466 2417 3520 Peteuti
2443 3477 2489 3519 te
2514 3467 2598 3530 da,
2624 3476 2668 3520 et
2692 3465 2935 3520 volentem
2964 3482 2995 3519 a
3022 3476 3068 3522 te
3085 3470 3325 3533 mutuari,
3348 3486 3410 3523 ne
3424 3471 3687 3525 averseris.

2107 3558 2231 3612 ll.ec
2255 3560 2457 3612 ininOra
2483 3558 2585 3611 illis
2601 3569 2757 3622 sunt;
2790 3559 2884 3614 sed
2914 3573 2980 3614 ne
3002 3559 3211 3614 mireris
3242 3575 3258 3614 :
3286 3561 3363 3614 sic
3388 3562 3531 3616 enim
3554 3562 3692 3617 solet

2108 3664 2319 3719 scalper
2350 3648 2553 3711 facere,
2596 3651 2800 3720 magnis
2844 3665 3001 3719 parva
3042 3652 3293 3706 miscens.
3323 3651 3379 3707 Si
3422 3668 3550 3707 vero
3579 3652 3692 3709 hmo

2110 3742 2313 3796 minora
2345 3742 2451 3795 sint
2482 3741 2603 3808 illis,
2633 3743 2851 3795 audiant
2881 3742 2968 3812 qui
3000 3743 3173 3797 aliena
3200 3744 3432 3813 rapiunt,
3458 3745 3550 3815 qui
3574 3758 3689 3799 me-

2111 3833 2392 3888 retricibus
2430 3848 2526 3889 sua
2567 3834 2884 3903 largiuntur,
2918 3843 2972 3887 et
3008 3833 3205 3903 duplex
3248 3835 3346 3889 sibi
3393 3844 3580 3905 parant
3615 3836 3694 3889 in-

2111 3924 2356 3980 cendium
2384 3965 2398 3988 ,
2447 3935 2500 3978 ct
2547 3939 2640 3993 per
2686 3926 2924 3993 iniquum
2972 3925 3171 3979 aditum
3198 3966 3211 3987 ,
3242 3935 3296 3978 et
3326 3941 3419 3994 per
3454 3937 3695 3993 sumptus

2114 4017 2459 4085 perniciosos.
2490 4016 2726 4071 Mutuum
2755 4026 2930 4070 autem
2972 4016 3055 4071 hic
3094 4032 3197 4069 non
3231 4017 3525 4071 usumrium
3568 4017 3697 4071 illud

2117 4109 2291 4164 ftenus
2317 4108 2603 4177 uppellant,
2629 4109 2720 4162 sed
2752 4124 2901 4161 usum
2930 4108 3224 4176 simplicem
3278 4108 3414 4162 Alibi
3455 4123 3583 4162 vero
3614 4110 3695 4162 id-

2117 4202 2288 4269 ipsum
2322 4201 2583 4263 intendit,
2622 4201 2825 4266 dicens,
2864 4200 2969 4254 illis
2998 4200 3230 4254 dandum
3261 4214 3379 4254 esse
3401 4243 3414 4265 ,
3446 4217 3474 4255 a
3505 4202 3698 4271 quibus

2119 4292 2247 4345 nihil
2278 4302 2589 4362 recepturos
2622 4309 2718 4345 nos
2746 4307 3043 4360 speramus.
3074 4292 3158 4346 45.
3198 4292 3421 4345 Audistis
3461 4296 3579 4361 quia
3619 4296 3686 4345 di-

2117 4395 2251 4435 ctum
2282 4395 2355 4437 est
2379 4400 2397 4436 :
2422 4381 2614 4454 Diliges
2643 4384 2926 4452 proximum
2962 4393 3102 4435 tuum
3127 4424 3140 4445 ,
3167 4393 3211 4434 et
3240 4383 3356 4435 odio
3378 4383 3577 4437 habebis
3598 4386 3695 4437 ini-

2120 4478 2303 4528 micum
2350 4489 2509 4528 tuum.
2550 4476 2637 4528 44.
2682 4474 2793 4543 Ego
2816 4485 2983 4526 autem
3013 4475 3124 4527 dico
3154 4475 3329 4527 vobis:
3362 4474 3565 4545 Diligite
3601 4476 3700 4529 ini-

2122 4568 2275 4620 micos
2298 4577 2502 4627 vestros,
2526 4577 2568 4617 et
2593 4578 2732 4617 orate
2760 4582 2850 4633 pro
2880 4565 3300 4618 culunmiamibus
3327 4576 3371 4619 et
3402 4583 3703 4636 persequen-

2121 4660 2249 4711 tibus
2277 4675 2403 4722 vos;
2453 4658 2726 4711 benedicite
2770 4656 3175 4709 maledicentibus
3212 4658 3349 4710 vobis
3371 4699 3385 4721 ,
3432 4657 3703 4725 benefacite

2122 4752 2183 4805 iis
2208 4752 2291 4819 qui
2321 4769 2404 4803 vos
2443 4750 2655 4803 oderunt
2678 4792 2690 4811 ,
2846 4758 2897 4801 ut
2943 4749 3051 4801 sitis
3092 4749 3279 4802 similes
3322 4748 3492 4803 Patris
3536 4755 3735 4816 uestri“

2122 4841 2208 4910 qui
2233 4850 2303 4895 cst
2330 4845 2378 4893 in
2408 4841 2544 4894 cwlis
2566 4882 2583 4906 ,
2613 4841 2699 4910 qui
2725 4841 2880 4893 solem
2905 4855 3049 4893 suum
3076 4841 3197 4893 oriri
3226 4841 3347 4910 facit
3374 4858 3525 4909 super
3553 4843 3709 4897 bonos

2124 4944 2170 4987 et
2220 4934 2410 4995 malos,
2460 4943 2506 4985 et
2553 4933 2681 5002 pluit
2710 4947 2860 5000 super
2890 4934 3058 5003 justas
3083 4942 3129 4985 ct
3153 4934 3386 5003 injustas.
3420 4933 3551 4988 Vide
3573 4952 3703 5005 quo-

2126 5028 2283 5081 modo
2314 5027 2552 5080 ultimam
2580 5024 2839 5078 bonorum
2863 5024 3170 5078 coronidem
3200 5026 3391 5093 posuit.
3422 5025 3705 5097 Propterea

2125 5120 2268 5173 enim
2308 5118 2503 5177 docet,
2534 5131 2636 5167 non
2670 5115 2828 5167 modo
2855 5115 3093 5185 colaphis
3118 5115 3384 5171 caedentes
3415 5117 3586 5183 ferre,
3615 5122 3707 5173 sed

2128 5210 2287 5264 etiam
2305 5209 2578 5261 dexteram
2598 5205 2865 5258 maxillam
2892 5206 3129 5274 pra:bere
3152 5247 3167 5268 ,
3204 5222 3375 5275 neque
3404 5216 3606 5262 tantum
3628 5219 3709 5263 tu-

2129 5303 2261 5356 nicze
2287 5299 2502 5366 palliqu
2528 5296 2780 5365 adjicere,
2806 5296 2897 5350 sed
2933 5312 3052 5350 etnn
3084 5298 3391 5366 angariante
3434 5300 3500 5352 ad
3546 5316 3708 5355 unum

2129 5390 2431 5447 milliarium
2478 5402 2572 5456 per
2599 5388 2705 5441 duo
2736 5388 2980 5441 milliaria
3020 5388 3300 5451 incedere,
3344 5400 3399 5443 ut
3438 5390 3583 5459 quod
3625 5392 3711 5448 his

2134 5486 2289 5551 longe
2318 5482 2489 5549 majus
2516 5489 2629 5534 erat
2668 5496 2787 5535 cum
2817 5481 2961 5534 muni
2994 5479 3245 5533 facilitate
3275 5482 3594 5550 susciperes.
3648 5484 3714 5539 l-Jt

2130 5575 2275 5645 quid,
2303 5574 2528 5641 inquies,
2553 5572 2635 5625 his
2659 5573 2827 5641 majus
2847 5582 2928 5626 est
2947 5573 2972 5624 ?
3005 5571 3153 5625 Illum
3175 5574 3265 5645 qui
3288 5576 3396 5627 haec
3428 5574 3583 5628 faciat
3609 5566 3713 5629 non

2132 5669 2401 5726 inimieum
2444 5667 2640 5723 habere
2672 5683 2683 5719 :
2717 5668 2823 5723 lllltl
2854 5676 2906 5721 ιλ
2936 5665 3128 5740 aliquid
3168 5666 3312 5723 aliud
3357 5666 3548 5738 majus.
3595 5667 3712 5726 Non
