  <div class='ocr_page' id='page_1' title='image "/cluster/home/n/w/nwhite01/storage/ocr_20150623/57/mdp.39015008622600/198.png"; bbox 0 0 4076 6150; ppageno 0'>
   <div class='ocr_carea' id='block_1_1' title="bbox 396 324 503 379">
    <p class='ocr_par' dir='ltr' id='par_1_1' title="bbox 396 324 503 379">
     <span class='ocr_line' id='line_1_1' title="bbox 396 324 503 379; baseline -0.019 0"><span class='ocrx_word' id='word_1_1' title='bbox 396 324 503 379; x_wconf 67' lang='lat'><strong>269</strong></span> 
     </span>
    </p>
   </div>
   <div class='ocr_carea' id='block_1_2' title="bbox 397 419 1973 498">
    <p class='ocr_par' dir='ltr' id='par_1_2' title="bbox 397 419 1973 498">
     <span class='ocr_line' id='line_1_2' title="bbox 397 419 1973 498; baseline -0.013 -10"><span class='ocrx_word' id='word_1_2' title='bbox 397 438 539 490; x_wconf 83' lang='lat' dir='ltr'><strong>enim</strong></span> <span class='ocrx_word' id='word_1_3' title='bbox 571 438 683 498; x_wconf 84' lang='lat' dir='ltr'><strong>ait,</strong></span> <span class='ocrx_word' id='word_1_4' title='bbox 725 433 801 488; x_wconf 80' lang='lat' dir='ltr'><strong>Ne</strong></span> <span class='ocrx_word' id='word_1_5' title='bbox 853 432 976 485; x_wconf 90' lang='lat' dir='ltr'><strong>odio</strong></span> <span class='ocrx_word' id='word_1_6' title='bbox 1026 430 1243 494; x_wconf 77' lang='lat' dir='ltr'><strong>habeas,</strong></span> <span class='ocrx_word' id='word_1_7' title='bbox 1274 426 1387 492; x_wconf 86' lang='lat' dir='ltr'><strong>sed,</strong></span> <span class='ocrx_word' id='word_1_8' title='bbox 1424 425 1592 493; x_wconf 88' lang='lat' dir='ltr'><strong>Dilige</strong></span> <span class='ocrx_word' id='word_1_9' title='bbox 1624 443 1634 475; x_wconf 85' lang='lat'>;</span> <span class='ocrx_word' id='word_1_10' title='bbox 1672 438 1775 474; x_wconf 83' lang='lat' dir='ltr'><strong>non</strong></span> <span class='ocrx_word' id='word_1_11' title='bbox 1807 419 1932 471; x_wconf 71' lang='lat' dir='ltr'><strong>dixit</strong></span> <span class='ocrx_word' id='word_1_12' title='bbox 1958 458 1973 483; x_wconf 90' lang='lat'><strong>,</strong></span> 
     </span>
    </p>
   </div>
   <div class='ocr_carea' id='block_1_3' title="bbox 398 522 1188 591">
    <p class='ocr_par' dir='ltr' id='par_1_3' title="bbox 398 522 1188 591">
     <span class='ocr_line' id='line_1_3' title="bbox 398 522 1188 591; baseline -0.01 -10"><span class='ocrx_word' id='word_1_13' title='bbox 398 526 473 581; x_wconf 64' lang='lat' dir='ltr'><strong>Ne</strong></span> <span class='ocrx_word' id='word_1_14' title='bbox 497 525 657 581; x_wconf 71' lang='lat' dir='ltr'><strong>laedas</strong></span> <span class='ocrx_word' id='word_1_15' title='bbox 680 567 695 591; x_wconf 92' lang='lat'><strong>,</strong></span> <span class='ocrx_word' id='word_1_16' title='bbox 724 525 839 588; x_wconf 87' lang='lat' dir='ltr'><strong>sed,</strong></span> <span class='ocrx_word' id='word_1_17' title='bbox 870 522 1188 577; x_wconf 81' lang='lat' dir='ltr'><strong>Benefacito.</strong></span> 
     </span>
    </p>
   </div>
   <div class='ocr_carea' id='block_1_4' title="bbox 472 603 1982 682">
    <p class='ocr_par' dir='ltr' id='par_1_4' title="bbox 472 603 1982 682">
     <span class='ocr_line' id='line_1_4' title="bbox 472 603 1982 682; baseline -0.017 -10"><span class='ocrx_word' id='word_1_18' title='bbox 472 618 519 672; x_wconf 70' lang='grc' dir='ltr'><strong>ι.</strong></span> <span class='ocrx_word' id='word_1_19' title='bbox 560 616 751 670; x_wconf 69' lang='lat' dir='ltr'><strong>Novem</strong></span> <span class='ocrx_word' id='word_1_20' title='bbox 777 615 1048 669; x_wconf 76' lang='lat' dir='ltr'><strong>Christiani</strong></span> <span class='ocrx_word' id='word_1_21' title='bbox 1093 630 1210 682; x_wconf 86' lang='lat' dir='ltr'><strong>erga</strong></span> <span class='ocrx_word' id='word_1_22' title='bbox 1240 610 1465 663; x_wconf 81' lang='lat' dir='ltr'><strong>inimicos</strong></span> <span class='ocrx_word' id='word_1_23' title='bbox 1490 606 1646 676; x_wconf 73' lang='lat' dir='ltr'><strong>of/irii</strong></span> <span class='ocrx_word' id='word_1_24' title='bbox 1674 603 1880 674; x_wconf 75' lang='lat' dir='ltr'><strong>gradus.</strong></span> <span class='ocrx_word' id='word_1_25' title='bbox 1913 630 1982 638; x_wconf 92' lang='lat'><strong><em>—</em></strong></span> 
     </span>
    </p>
   </div>
   <div class='ocr_carea' id='block_1_5' title="bbox 397 693 1982 775">
    <p class='ocr_par' dir='ltr' id='par_1_5' title="bbox 397 693 1982 775">
     <span class='ocr_line' id='line_1_5' title="bbox 397 693 1982 775; baseline -0.011 -12"><span class='ocrx_word' id='word_1_26' title='bbox 397 710 450 763; x_wconf 83' lang='lat' dir='ltr'><strong>Si</strong></span> <span class='ocrx_word' id='word_1_27' title='bbox 481 710 598 775; x_wconf 81' lang='lat' dir='ltr'><strong>quis</strong></span> <span class='ocrx_word' id='word_1_28' title='bbox 628 722 754 762; x_wconf 90' lang='lat' dir='ltr'><strong>vero</strong></span> <span class='ocrx_word' id='word_1_29' title='bbox 780 706 893 761; x_wconf 69' lang='lat' dir='ltr'><strong>haec</strong></span> <span class='ocrx_word' id='word_1_30' title='bbox 922 715 1166 760; x_wconf 87' lang='lat' dir='ltr'><strong>accurate</strong></span> <span class='ocrx_word' id='word_1_31' title='bbox 1196 699 1576 769; x_wconf 69' lang='lat' dir='ltr'><strong>eXploraverit,</strong></span> <span class='ocrx_word' id='word_1_32' title='bbox 1609 695 1748 749; x_wconf 80' lang='lat' dir='ltr'><strong>aliud</strong></span> <span class='ocrx_word' id='word_1_33' title='bbox 1783 693 1982 746; x_wconf 98' lang='lat' dir='ltr'><strong>videbit</strong></span> 
     </span>
    </p>
   </div>
   <div class='ocr_carea' id='block_1_6' title="bbox 397 785 1982 867">
    <p class='ocr_par' dir='ltr' id='par_1_6' title="bbox 397 785 1982 867">
     <span class='ocr_line' id='line_1_6' title="bbox 397 785 1982 867; baseline -0.013 -10"><span class='ocrx_word' id='word_1_34' title='bbox 397 802 817 857; x_wconf 73' lang='lat' dir='ltr'><strong>additamentum</strong></span> <span class='ocrx_word' id='word_1_35' title='bbox 838 799 919 854; x_wconf 91' lang='lat' dir='ltr'><strong>his</strong></span> <span class='ocrx_word' id='word_1_36' title='bbox 941 800 1093 867; x_wconf 87' lang='lat' dir='ltr'><strong>longe</strong></span> <span class='ocrx_word' id='word_1_37' title='bbox 1116 794 1300 865; x_wconf 83' lang='lat' dir='ltr'><strong>majus.</strong></span> <span class='ocrx_word' id='word_1_38' title='bbox 1330 793 1443 847; x_wconf 84' lang='lat' dir='ltr'><strong>Non</strong></span> <span class='ocrx_word' id='word_1_39' title='bbox 1466 791 1608 846; x_wconf 89' lang='lat' dir='ltr'><strong>enim</strong></span> <span class='ocrx_word' id='word_1_40' title='bbox 1633 789 1804 841; x_wconf 89' lang='lat' dir='ltr'><strong>solum</strong></span> <span class='ocrx_word' id='word_1_41' title='bbox 1824 785 1982 852; x_wconf 89' lang='lat' dir='ltr'><strong>jussit</strong></span> 
     </span>
    </p>
   </div>
   <div class='ocr_carea' id='block_1_7' title="bbox 396 874 1982 965">
    <p class='ocr_par' dir='ltr' id='par_1_7' title="bbox 396 874 1982 965">
     <span class='ocr_line' id='line_1_7' title="bbox 396 874 1982 965; baseline -0.01 -19"><span class='ocrx_word' id='word_1_42' title='bbox 396 894 620 965; x_wconf 83' lang='lat' dir='ltr'><strong>diligere</strong></span> <span class='ocrx_word' id='word_1_43' title='bbox 639 935 652 957; x_wconf 93' lang='lat'><strong>,</strong></span> <span class='ocrx_word' id='word_1_44' title='bbox 697 890 792 946; x_wconf 87' lang='lat' dir='ltr'><strong>sed</strong></span> <span class='ocrx_word' id='word_1_45' title='bbox 822 899 877 945; x_wconf 87' lang='lat' dir='ltr'><strong>et</strong></span> <span class='ocrx_word' id='word_1_46' title='bbox 917 904 1012 957; x_wconf 87' lang='lat' dir='ltr'><strong>pro</strong></span> <span class='ocrx_word' id='word_1_47' title='bbox 1043 888 1106 941; x_wconf 91' lang='lat' dir='ltr'><strong>iis</strong></span> <span class='ocrx_word' id='word_1_48' title='bbox 1134 901 1310 940; x_wconf 77' lang='lat' dir='ltr'><strong>orare.</strong></span> <span class='ocrx_word' id='word_1_49' title='bbox 1348 881 1535 936; x_wconf 79' lang='lat' dir='ltr'><strong>Videu‘</strong></span> <span class='ocrx_word' id='word_1_50' title='bbox 1564 895 1698 949; x_wconf 90' lang='lat' dir='ltr'><strong>quos</strong></span> <span class='ocrx_word' id='word_1_51' title='bbox 1727 874 1982 931; x_wconf 86' lang='lat' dir='ltr'><strong>ascende-</strong></span> 
     </span>
    </p>
   </div>
   <div class='ocr_carea' id='block_1_8' title="bbox 401 971 1976 1055">
    <p class='ocr_par' dir='ltr' id='par_1_8' title="bbox 401 971 1976 1055">
     <span class='ocr_line' id='line_1_8' title="bbox 401 971 1976 1055; baseline -0.012 -15"><span class='ocrx_word' id='word_1_52' title='bbox 401 987 467 1040; x_wconf 83' lang='lat' dir='ltr'><strong>rit</strong></span> <span class='ocrx_word' id='word_1_53' title='bbox 494 984 706 1055; x_wconf 83' lang='lat' dir='ltr'><strong>gradus,</strong></span> <span class='ocrx_word' id='word_1_54' title='bbox 736 994 793 1038; x_wconf 90' lang='lat' dir='ltr'><strong>et</strong></span> <span class='ocrx_word' id='word_1_55' title='bbox 823 980 1092 1052; x_wconf 89' lang='lat' dir='ltr'><strong>quomodo</strong></span> <span class='ocrx_word' id='word_1_56' title='bbox 1120 993 1216 1032; x_wconf 93' lang='lat' dir='ltr'><strong>nos</strong></span> <span class='ocrx_word' id='word_1_57' title='bbox 1243 979 1293 1030; x_wconf 93' lang='lat' dir='ltr'><strong>iu</strong></span> <span class='ocrx_word' id='word_1_58' title='bbox 1327 978 1498 1046; x_wconf 88' lang='lat' dir='ltr'><strong>ipsum</strong></span> <span class='ocrx_word' id='word_1_59' title='bbox 1531 973 1741 1026; x_wconf 85' lang='lat' dir='ltr'><strong>virtutis</strong></span> <span class='ocrx_word' id='word_1_60' title='bbox 1766 971 1976 1025; x_wconf 83' lang='lat' dir='ltr'><strong>culmen</strong></span> 
     </span>
    </p>
   </div>
   <div class='ocr_carea' id='block_1_9' title="bbox 398 1063 1984 1135">
    <p class='ocr_par' dir='ltr' id='par_1_9' title="bbox 398 1063 1984 1135">
     <span class='ocr_line' id='line_1_9' title="bbox 398 1063 1984 1135; baseline -0.012 -2"><span class='ocrx_word' id='word_1_61' title='bbox 398 1076 775 1133; x_wconf 83' lang='lat' dir='ltr'><strong>constituerit?</strong></span> <span class='ocrx_word' id='word_1_62' title='bbox 805 1073 1128 1129; x_wconf 81' lang='lat' dir='ltr'><strong>Consideres</strong></span> <span class='ocrx_word' id='word_1_63' title='bbox 1167 1070 1327 1124; x_wconf 80' lang='lat' dir='ltr'><strong>velim</strong></span> <span class='ocrx_word' id='word_1_64' title='bbox 1357 1083 1451 1121; x_wconf 89' lang='lat' dir='ltr'><strong>eos</strong></span> <span class='ocrx_word' id='word_1_65' title='bbox 1478 1083 1507 1119; x_wconf 91' lang='lat' dir='ltr'><strong>a</strong></span> <span class='ocrx_word' id='word_1_66' title='bbox 1552 1063 1811 1135; x_wconf 89' lang='lat' dir='ltr'><strong>principio</strong></span> <span class='ocrx_word' id='word_1_67' title='bbox 1850 1077 1984 1115; x_wconf 85' lang='lat' dir='ltr'><strong>cnu-</strong></span> 
     </span>
    </p>
   </div>
   <div class='ocr_carea' id='block_1_10' title="bbox 398 1156 1979 1237">
    <p class='ocr_par' dir='ltr' id='par_1_10' title="bbox 398 1156 1979 1237">
     <span class='ocr_line' id='line_1_10' title="bbox 398 1156 1979 1237; baseline -0.011 -11"><span class='ocrx_word' id='word_1_68' title='bbox 398 1186 631 1227; x_wconf 88' lang='lat' dir='ltr'><strong>meraus.</strong></span> <span class='ocrx_word' id='word_1_69' title='bbox 684 1168 893 1223; x_wconf 83' lang='lat' dir='ltr'><strong>Primus</strong></span> <span class='ocrx_word' id='word_1_70' title='bbox 936 1165 1132 1237; x_wconf 87' lang='lat' dir='ltr'><strong>gradus</strong></span> <span class='ocrx_word' id='word_1_71' title='bbox 1171 1173 1283 1228; x_wconf 89' lang='lat' dir='ltr'><strong>cst,</strong></span> <span class='ocrx_word' id='word_1_72' title='bbox 1314 1179 1421 1217; x_wconf 90' lang='lat' dir='ltr'><strong>non</strong></span> <span class='ocrx_word' id='word_1_73' title='bbox 1464 1161 1709 1226; x_wconf 74' lang='lat' dir='ltr'><strong>iniuriam</strong></span> <span class='ocrx_word' id='word_1_74' title='bbox 1745 1156 1979 1219; x_wconf 88' lang='lat' dir='ltr'><strong>inferre;</strong></span> 
     </span>
    </p>
   </div>
   <div class='ocr_carea' id='block_1_11' title="bbox 398 1250 1982 1327">
    <p class='ocr_par' dir='ltr' id='par_1_11' title="bbox 398 1250 1982 1327">
     <span class='ocr_line' id='line_1_11' title="bbox 398 1250 1982 1327; baseline -0.008 -9"><span class='ocrx_word' id='word_1_75' title='bbox 398 1265 683 1326; x_wconf 81' lang='lat' dir='ltr'><strong>secundus,</strong></span> <span class='ocrx_word' id='word_1_76' title='bbox 709 1262 794 1315; x_wconf 84' lang='lat' dir='ltr'><strong>tibi</strong></span> <span class='ocrx_word' id='word_1_77' title='bbox 828 1263 1031 1327; x_wconf 86' lang='lat' dir='ltr'><strong>incepta</strong></span> <span class='ocrx_word' id='word_1_78' title='bbox 1059 1267 1142 1313; x_wconf 90' lang='lat' dir='ltr'><strong>est</strong></span> <span class='ocrx_word' id='word_1_79' title='bbox 1168 1258 1382 1323; x_wconf 86' lang='lat' dir='ltr'><strong>injuria,</strong></span> <span class='ocrx_word' id='word_1_80' title='bbox 1413 1272 1516 1307; x_wconf 91' lang='lat' dir='ltr'><strong>non</strong></span> <span class='ocrx_word' id='word_1_81' title='bbox 1551 1254 1693 1307; x_wconf 85' lang='lat' dir='ltr'><strong>illam</strong></span> <span class='ocrx_word' id='word_1_82' title='bbox 1725 1251 1835 1321; x_wconf 83' lang='lat' dir='ltr'><strong>pari</strong></span> <span class='ocrx_word' id='word_1_83' title='bbox 1867 1250 1982 1305; x_wconf 85' lang='lat' dir='ltr'><strong>vice</strong></span> 
     </span>
    </p>
   </div>
   <div class='ocr_carea' id='block_1_12' title="bbox 400 1340 1981 1418">
    <p class='ocr_par' dir='ltr' id='par_1_12' title="bbox 400 1340 1981 1418">
     <span class='ocr_line' id='line_1_12' title="bbox 400 1340 1981 1418; baseline -0.008 -11"><span class='ocrx_word' id='word_1_84' title='bbox 400 1354 614 1418; x_wconf 77' lang='lat' dir='ltr'><strong>ulcisci;</strong></span> <span class='ocrx_word' id='word_1_85' title='bbox 639 1353 843 1416; x_wconf 86' lang='lat' dir='ltr'><strong>tertius,</strong></span> <span class='ocrx_word' id='word_1_86' title='bbox 868 1367 971 1403; x_wconf 91' lang='lat' dir='ltr'><strong>non</strong></span> <span class='ocrx_word' id='word_1_87' title='bbox 996 1348 1257 1403; x_wconf 66' lang='lat' dir='ltr'><strong>inferi-ein</strong></span> <span class='ocrx_word' id='word_1_88' title='bbox 1283 1346 1563 1400; x_wconf 69' lang='lat' dir='ltr'><strong>laedentem</strong></span> <span class='ocrx_word' id='word_1_89' title='bbox 1591 1344 1817 1413; x_wconf 87' lang='lat' dir='ltr'><strong>idipsuni</strong></span> <span class='ocrx_word' id='word_1_90' title='bbox 1842 1340 1981 1409; x_wconf 86' lang='lat' dir='ltr'><strong>quod</strong></span> 
     </span>
    </p>
   </div>
   <div class='ocr_carea' id='block_1_13' title="bbox 400 1432 1982 1517">
    <p class='ocr_par' dir='ltr' id='par_1_13' title="bbox 400 1432 1982 1517">
     <span class='ocr_line' id='line_1_13' title="bbox 400 1432 1982 1517; baseline -0.008 -20"><span class='ocrx_word' id='word_1_91' title='bbox 400 1462 587 1517; x_wconf 83' lang='lat' dir='ltr'><strong>passus</strong></span> <span class='ocrx_word' id='word_1_92' title='bbox 612 1462 671 1499; x_wconf 88' lang='lat' dir='ltr'><strong>es</strong></span> <span class='ocrx_word' id='word_1_93' title='bbox 690 1485 706 1506; x_wconf 86' lang='lat'><em>.</em></span> <span class='ocrx_word' id='word_1_94' title='bbox 738 1442 831 1497; x_wconf 82' lang='lat' dir='ltr'><strong>sed</strong></span> <span class='ocrx_word' id='word_1_95' title='bbox 859 1440 1136 1509; x_wconf 88' lang='lat' dir='ltr'><strong>quiescere</strong></span> <span class='ocrx_word' id='word_1_96' title='bbox 1161 1456 1176 1503; x_wconf 85' lang='lat'><strong>;</strong></span> <span class='ocrx_word' id='word_1_97' title='bbox 1209 1447 1429 1507; x_wconf 84' lang='lat' dir='ltr'><strong>quartus</strong></span> <span class='ocrx_word' id='word_1_98' title='bbox 1450 1477 1465 1501; x_wconf 97' lang='lat'><strong>,</strong></span> <span class='ocrx_word' id='word_1_99' title='bbox 1499 1452 1556 1488; x_wconf 85' lang='lat' dir='ltr'><strong>se</strong></span> <span class='ocrx_word' id='word_1_100' title='bbox 1588 1436 1759 1503; x_wconf 82' lang='lat' dir='ltr'><strong>ipsum</strong></span> <span class='ocrx_word' id='word_1_101' title='bbox 1787 1432 1982 1487; x_wconf 74' lang='lat' dir='ltr'><strong>offerre</strong></span> 
     </span>
    </p>
   </div>
   <div class='ocr_carea' id='block_1_14' title="bbox 400 1526 1980 1603">
    <p class='ocr_par' dir='ltr' id='par_1_14' title="bbox 400 1526 1980 1603">
     <span class='ocr_line' id='line_1_14' title="bbox 400 1526 1980 1603; baseline -0.01 -10"><span class='ocrx_word' id='word_1_102' title='bbox 400 1540 466 1593; x_wconf 87' lang='lat' dir='ltr'><strong>ad</strong></span> <span class='ocrx_word' id='word_1_103' title='bbox 513 1537 707 1591; x_wconf 91' lang='lat' dir='ltr'><strong>malum</strong></span> <span class='ocrx_word' id='word_1_104' title='bbox 754 1533 1098 1603; x_wconf 84' lang='lat' dir='ltr'><strong>patiendum;</strong></span> <span class='ocrx_word' id='word_1_105' title='bbox 1128 1531 1344 1601; x_wconf 85' lang='lat' dir='ltr'><strong>quintus</strong></span> <span class='ocrx_word' id='word_1_106' title='bbox 1370 1569 1384 1593; x_wconf 90' lang='lat'><strong>,</strong></span> <span class='ocrx_word' id='word_1_107' title='bbox 1431 1529 1576 1597; x_wconf 86' lang='lat' dir='ltr'><strong>plura</strong></span> <span class='ocrx_word' id='word_1_108' title='bbox 1618 1527 1692 1579; x_wconf 88' lang='lat' dir='ltr'><strong>illi</strong></span> <span class='ocrx_word' id='word_1_109' title='bbox 1722 1526 1980 1594; x_wconf 69' lang='lat' dir='ltr'><strong>praebere,</strong></span> 
     </span>
    </p>
   </div>
   <div class='ocr_carea' id='block_1_15' title="bbox 402 1616 1985 1700">
    <p class='ocr_par' dir='ltr' id='par_1_15' title="bbox 402 1616 1985 1700">
     <span class='ocr_line' id='line_1_15' title="bbox 402 1616 1985 1700; baseline -0.007 -20"><span class='ocrx_word' id='word_1_110' title='bbox 402 1646 559 1700; x_wconf 77' lang='lat' dir='ltr'><strong>quam</strong></span> <span class='ocrx_word' id='word_1_111' title='bbox 589 1630 702 1698; x_wconf 85' lang='lat' dir='ltr'><strong>ipse</strong></span> <span class='ocrx_word' id='word_1_112' title='bbox 737 1626 865 1680; x_wconf 80' lang='lat' dir='ltr'><strong>velit</strong></span> <span class='ocrx_word' id='word_1_113' title='bbox 892 1625 980 1695; x_wconf 94' lang='lat' dir='ltr'><strong>qui</strong></span> <span class='ocrx_word' id='word_1_114' title='bbox 1011 1625 1211 1677; x_wconf 87' lang='lat' dir='ltr'><strong>malum</strong></span> <span class='ocrx_word' id='word_1_115' title='bbox 1235 1620 1408 1674; x_wconf 83' lang='lat' dir='ltr'><strong>intulit</strong></span> <span class='ocrx_word' id='word_1_116' title='bbox 1435 1636 1449 1684; x_wconf 91' lang='lat'><strong>;</strong></span> <span class='ocrx_word' id='word_1_117' title='bbox 1480 1628 1662 1673; x_wconf 79' lang='lat' dir='ltr'><strong>sextus</strong></span> <span class='ocrx_word' id='word_1_118' title='bbox 1683 1658 1698 1682; x_wconf 96' lang='lat'><strong>,</strong></span> <span class='ocrx_word' id='word_1_119' title='bbox 1726 1633 1829 1670; x_wconf 89' lang='lat' dir='ltr'><strong>non</strong></span> <span class='ocrx_word' id='word_1_120' title='bbox 1860 1616 1985 1670; x_wconf 91' lang='lat' dir='ltr'><strong>odio</strong></span> 
     </span>
    </p>
   </div>
   <div class='ocr_carea' id='block_1_16' title="bbox 405 1707 1984 1787">
    <p class='ocr_par' dir='ltr' id='par_1_16' title="bbox 405 1707 1984 1787">
     <span class='ocr_line' id='line_1_16' title="bbox 405 1707 1984 1787; baseline -0.01 -12"><span class='ocrx_word' id='word_1_121' title='bbox 405 1722 602 1776; x_wconf 87' lang='lat' dir='ltr'><strong>habere</strong></span> <span class='ocrx_word' id='word_1_122' title='bbox 630 1721 777 1773; x_wconf 91' lang='lat' dir='ltr'><strong>illum</strong></span> <span class='ocrx_word' id='word_1_123' title='bbox 808 1719 897 1787; x_wconf 86' lang='lat' dir='ltr'><strong>qui</strong></span> <span class='ocrx_word' id='word_1_124' title='bbox 931 1718 1049 1772; x_wconf 81' lang='lat' dir='ltr'><strong>talia</strong></span> <span class='ocrx_word' id='word_1_125' title='bbox 1080 1714 1280 1785; x_wconf 79' lang='lat' dir='ltr'><strong>egerit;</strong></span> <span class='ocrx_word' id='word_1_126' title='bbox 1313 1712 1590 1780; x_wconf 88' lang='lat' dir='ltr'><strong>septimus,</strong></span> <span class='ocrx_word' id='word_1_127' title='bbox 1626 1710 1796 1776; x_wconf 89' lang='lat' dir='ltr'><strong>ipsum</strong></span> <span class='ocrx_word' id='word_1_128' title='bbox 1823 1707 1984 1761; x_wconf 88' lang='lat' dir='ltr'><strong>etiam</strong></span> 
     </span>
    </p>
   </div>
   <div class='ocr_carea' id='block_1_17' title="bbox 401 1799 1984 1884">
    <p class='ocr_par' dir='ltr' id='par_1_17' title="bbox 401 1799 1984 1884">
     <span class='ocr_line' id='line_1_17' title="bbox 401 1799 1984 1884; baseline -0.011 -15"><span class='ocrx_word' id='word_1_129' title='bbox 401 1815 653 1884; x_wconf 77' lang='lat' dir='ltr'><strong>diligere;</strong></span> <span class='ocrx_word' id='word_1_130' title='bbox 676 1821 914 1874; x_wconf 88' lang='lat' dir='ltr'><strong>octavus,</strong></span> <span class='ocrx_word' id='word_1_131' title='bbox 942 1809 1041 1877; x_wconf 85' lang='lat' dir='ltr'><strong>ipsi</strong></span> <span class='ocrx_word' id='word_1_132' title='bbox 1063 1805 1407 1868; x_wconf 81' lang='lat' dir='ltr'><strong>benefacere;</strong></span> <span class='ocrx_word' id='word_1_133' title='bbox 1428 1816 1615 1864; x_wconf 84' lang='lat' dir='ltr'><strong>nouus,</strong></span> <span class='ocrx_word' id='word_1_134' title='bbox 1639 1801 1803 1855; x_wconf 89' lang='lat' dir='ltr'><strong>Deum</strong></span> <span class='ocrx_word' id='word_1_135' title='bbox 1824 1799 1984 1853; x_wconf 87' lang='lat' dir='ltr'><strong>etiam</strong></span> 
     </span>
    </p>
   </div>
   <div class='ocr_carea' id='block_1_18' title="bbox 407 1893 1985 1978">
    <p class='ocr_par' dir='ltr' id='par_1_18' title="bbox 407 1893 1985 1978">
     <span class='ocr_line' id='line_1_18' title="bbox 407 1893 1985 1978; baseline -0.009 -19"><span class='ocrx_word' id='word_1_136' title='bbox 407 1926 503 1978; x_wconf 87' lang='lat' dir='ltr'><strong>pro</strong></span> <span class='ocrx_word' id='word_1_137' title='bbox 524 1909 639 1974; x_wconf 87' lang='lat' dir='ltr'><strong>ipso</strong></span> <span class='ocrx_word' id='word_1_138' title='bbox 662 1905 889 1974; x_wconf 86' lang='lat' dir='ltr'><strong>precari.</strong></span> <span class='ocrx_word' id='word_1_139' title='bbox 922 1902 1164 1957; x_wconf 77' lang='lat' dir='ltr'><strong>VidiSIin‘</strong></span> <span class='ocrx_word' id='word_1_140' title='bbox 1195 1898 1546 1969; x_wconf 70' lang='lat' dir='ltr'><strong>philosophiae</strong></span> <span class='ocrx_word' id='word_1_141' title='bbox 1571 1896 1783 1950; x_wconf 88' lang='lat' dir='ltr'><strong>culmen</strong></span> <span class='ocrx_word' id='word_1_142' title='bbox 1810 1894 1834 1946; x_wconf 69' lang='grc' dir='ltr'><strong>’ἒ</strong></span> <span class='ocrx_word' id='word_1_143' title='bbox 1864 1893 1985 1947; x_wconf 87' lang='lat' dir='ltr'><strong>Ideo</strong></span> 
     </span>
    </p>
   </div>
   <div class='ocr_carea' id='block_1_19' title="bbox 406 1983 1984 2066">
    <p class='ocr_par' dir='ltr' id='par_1_19' title="bbox 406 1983 1984 2066">
     <span class='ocr_line' id='line_1_19' title="bbox 406 1983 1984 2066; baseline -0.011 -12"><span class='ocrx_word' id='word_1_144' title='bbox 406 2003 563 2054; x_wconf 83' lang='lat' dir='ltr'><strong>etiam</strong></span> <span class='ocrx_word' id='word_1_145' title='bbox 612 1996 947 2066; x_wconf 89' lang='lat' dir='ltr'><strong>splendidum</strong></span> <span class='ocrx_word' id='word_1_146' title='bbox 988 1994 1076 2047; x_wconf 88' lang='lat' dir='ltr'><strong>ille</strong></span> <span class='ocrx_word' id='word_1_147' title='bbox 1124 1992 1397 2061; x_wconf 64' lang='lat' dir='ltr'><strong>praemium</strong></span> <span class='ocrx_word' id='word_1_148' title='bbox 1445 1986 1626 2040; x_wconf 81' lang='lat' dir='ltr'><strong>habet.</strong></span> <span class='ocrx_word' id='word_1_149' title='bbox 1676 1985 1808 2053; x_wconf 86' lang='lat' dir='ltr'><strong>Quia</strong></span> <span class='ocrx_word' id='word_1_150' title='bbox 1840 1983 1984 2036; x_wconf 89' lang='lat' dir='ltr'><strong>enim</strong></span> 
     </span>
    </p>
   </div>
   <div class='ocr_carea' id='block_1_20' title="bbox 408 2076 1989 2159">
    <p class='ocr_par' dir='ltr' id='par_1_20' title="bbox 408 2076 1989 2159">
     <span class='ocr_line' id='line_1_20' title="bbox 408 2076 1989 2159; baseline -0.011 -14"><span class='ocrx_word' id='word_1_151' title='bbox 408 2107 654 2159; x_wconf 87' lang='lat' dir='ltr'><strong>magnum</strong></span> <span class='ocrx_word' id='word_1_152' title='bbox 702 2097 1021 2159; x_wconf 69' lang='lat' dir='ltr'><strong>przeceptnm</strong></span> <span class='ocrx_word' id='word_1_153' title='bbox 1062 2095 1211 2146; x_wconf 87' lang='lat' dir='ltr'><strong>erat,</strong></span> <span class='ocrx_word' id='word_1_154' title='bbox 1243 2098 1304 2136; x_wconf 88' lang='lat' dir='ltr'><strong>ac</strong></span> <span class='ocrx_word' id='word_1_155' title='bbox 1332 2092 1555 2136; x_wconf 85' lang='lat' dir='ltr'><strong>strenuo</strong></span> <span class='ocrx_word' id='word_1_156' title='bbox 1584 2094 1718 2146; x_wconf 81' lang='lat' dir='ltr'><strong>Opus</strong></span> <span class='ocrx_word' id='word_1_157' title='bbox 1757 2076 1989 2130; x_wconf 88' lang='lat' dir='ltr'><strong>habebat</strong></span> 
     </span>
    </p>
   </div>
   <div class='ocr_carea' id='block_1_21' title="bbox 406 2165 1987 2249">
    <p class='ocr_par' dir='ltr' id='par_1_21' title="bbox 406 2165 1987 2249">
     <span class='ocr_line' id='line_1_21' title="bbox 406 2165 1987 2249; baseline -0.012 -11"><span class='ocrx_word' id='word_1_158' title='bbox 406 2184 604 2245; x_wconf 83' lang='lat' dir='ltr'><strong>animo,</strong></span> <span class='ocrx_word' id='word_1_159' title='bbox 632 2194 925 2249; x_wconf 82' lang='lat' dir='ltr'><strong>magnaque</strong></span> <span class='ocrx_word' id='word_1_160' title='bbox 955 2175 1252 2245; x_wconf 81' lang='lat' dir='ltr'><strong>diligentia,</strong></span> <span class='ocrx_word' id='word_1_161' title='bbox 1278 2171 1576 2226; x_wconf 84' lang='lat' dir='ltr'><strong>mercedem</strong></span> <span class='ocrx_word' id='word_1_162' title='bbox 1612 2169 1687 2222; x_wconf 82' lang='lat' dir='ltr'><strong>illi</strong></span> <span class='ocrx_word' id='word_1_163' title='bbox 1713 2165 1987 2222; x_wconf 85' lang='lat' dir='ltr'><strong>coastituit</strong></span> 
     </span>
    </p>
   </div>
   <div class='ocr_carea' id='block_1_22' title="bbox 409 2262 1984 2341">
    <p class='ocr_par' dir='ltr' id='par_1_22' title="bbox 409 2262 1984 2341">
     <span class='ocr_line' id='line_1_22' title="bbox 409 2262 1984 2341; baseline -0.011 -12"><span class='ocrx_word' id='word_1_164' title='bbox 409 2275 606 2335; x_wconf 80' lang='lat' dir='ltr'><strong>talem,</strong></span> <span class='ocrx_word' id='word_1_165' title='bbox 656 2273 865 2341; x_wconf 84' lang='lat' dir='ltr'><strong>qualem</strong></span> <span class='ocrx_word' id='word_1_166' title='bbox 915 2269 1042 2322; x_wconf 88' lang='lat' dir='ltr'><strong>nulli</strong></span> <span class='ocrx_word' id='word_1_167' title='bbox 1099 2268 1354 2336; x_wconf 88' lang='lat' dir='ltr'><strong>priorum.</strong></span> <span class='ocrx_word' id='word_1_168' title='bbox 1410 2263 1523 2317; x_wconf 87' lang='lat' dir='ltr'><strong>Non</strong></span> <span class='ocrx_word' id='word_1_169' title='bbox 1588 2262 1729 2317; x_wconf 87' lang='lat' dir='ltr'><strong>enim</strong></span> <span class='ocrx_word' id='word_1_170' title='bbox 1789 2270 1984 2315; x_wconf 82' lang='lat' dir='ltr'><strong>terram</strong></span> 
     </span>
    </p>
   </div>
   <div class='ocr_carea' id='block_1_23' title="bbox 412 2357 1986 2427">
    <p class='ocr_par' dir='ltr' id='par_1_23' title="bbox 412 2357 1986 2427">
     <span class='ocr_line' id='line_1_23' title="bbox 412 2357 1986 2427; baseline -0.008 -7"><span class='ocrx_word' id='word_1_171' title='bbox 412 2368 496 2420; x_wconf 87' lang='lat' dir='ltr'><strong>hic</strong></span> <span class='ocrx_word' id='word_1_172' title='bbox 523 2372 926 2427; x_wconf 88' lang='lat' dir='ltr'><strong>commemorat,</strong></span> <span class='ocrx_word' id='word_1_173' title='bbox 978 2371 1035 2415; x_wconf 90' lang='lat' dir='ltr'><strong>ut</strong></span> <span class='ocrx_word' id='word_1_174' title='bbox 1078 2376 1198 2413; x_wconf 90' lang='lat' dir='ltr'><strong>cum</strong></span> <span class='ocrx_word' id='word_1_175' title='bbox 1241 2358 1308 2412; x_wconf 90' lang='lat' dir='ltr'><strong>de</strong></span> <span class='ocrx_word' id='word_1_176' title='bbox 1354 2357 1568 2411; x_wconf 89' lang='lat' dir='ltr'><strong>mitibus</strong></span> <span class='ocrx_word' id='word_1_177' title='bbox 1612 2363 1833 2425; x_wconf 88' lang='lat' dir='ltr'><strong>ageret;</strong></span> <span class='ocrx_word' id='word_1_178' title='bbox 1883 2369 1986 2407; x_wconf 91' lang='lat' dir='ltr'><strong>non</strong></span> 
     </span>
    </p>
   </div>
   <div class='ocr_carea' id='block_1_24' title="bbox 409 2445 1987 2514">
    <p class='ocr_par' dir='ltr' id='par_1_24' title="bbox 409 2445 1987 2514">
     <span class='ocr_line' id='line_1_24' title="bbox 409 2445 1987 2514; baseline -0.008 -4"><span class='ocrx_word' id='word_1_179' title='bbox 409 2457 827 2511; x_wconf 68' lang='lat' dir='ltr'><strong>consolationem</strong></span> <span class='ocrx_word' id='word_1_180' title='bbox 879 2462 933 2506; x_wconf 90' lang='lat' dir='ltr'><strong>et</strong></span> <span class='ocrx_word' id='word_1_181' title='bbox 989 2452 1431 2514; x_wconf 74' lang='lat' dir='ltr'><strong>ltli:~el‘tCOI&#39;di3tlll,</strong></span> <span class='ocrx_word' id='word_1_182' title='bbox 1467 2459 1521 2502; x_wconf 91' lang='lat' dir='ltr'><strong>ut</strong></span> <span class='ocrx_word' id='word_1_183' title='bbox 1551 2462 1670 2501; x_wconf 90' lang='lat' dir='ltr'><strong>cum</strong></span> <span class='ocrx_word' id='word_1_184' title='bbox 1703 2445 1770 2499; x_wconf 92' lang='lat' dir='ltr'><strong>de</strong></span> <span class='ocrx_word' id='word_1_185' title='bbox 1802 2445 1987 2512; x_wconf 84' lang='lat' dir='ltr'><strong>lugen-</strong></span> 
     </span>
    </p>
   </div>
   <div class='ocr_carea' id='block_1_25' title="bbox 412 2538 1989 2608">
    <p class='ocr_par' dir='ltr' id='par_1_25' title="bbox 412 2538 1989 2608">
     <span class='ocr_line' id='line_1_25' title="bbox 412 2538 1989 2608; baseline -0.008 -7"><span class='ocrx_word' id='word_1_186' title='bbox 412 2550 550 2601; x_wconf 87' lang='lat' dir='ltr'><strong>tibus</strong></span> <span class='ocrx_word' id='word_1_187' title='bbox 580 2559 631 2600; x_wconf 88' lang='lat' dir='ltr'><strong>et</strong></span> <span class='ocrx_word' id='word_1_188' title='bbox 654 2547 720 2599; x_wconf 90' lang='lat' dir='ltr'><strong>de</strong></span> <span class='ocrx_word' id='word_1_189' title='bbox 748 2544 1183 2599; x_wconf 86' lang='lat' dir='ltr'><strong>misericordibus</strong></span> <span class='ocrx_word' id='word_1_190' title='bbox 1211 2558 1225 2604; x_wconf 89' lang='lat'><strong>;</strong></span> <span class='ocrx_word' id='word_1_191' title='bbox 1271 2540 1466 2595; x_wconf 87' lang='lat' dir='ltr'><strong>nonde</strong></span> <span class='ocrx_word' id='word_1_192' title='bbox 1500 2554 1663 2608; x_wconf 89' lang='lat' dir='ltr'><strong>regno</strong></span> <span class='ocrx_word' id='word_1_193' title='bbox 1692 2538 1943 2591; x_wconf 65' lang='lat' dir='ltr'><strong>clm-lorum</strong></span> <span class='ocrx_word' id='word_1_194' title='bbox 1976 2553 1989 2589; x_wconf 86' lang='lat'><strong>:</strong></span> 
     </span>
    </p>
   </div>
   <div class='ocr_carea' id='block_1_26' title="bbox 411 2630 1993 2708">
    <p class='ocr_par' dir='ltr' id='par_1_26' title="bbox 411 2630 1993 2708">
     <span class='ocr_line' id='line_1_26' title="bbox 411 2630 1993 2708; baseline -0.008 -15"><span class='ocrx_word' id='word_1_195' title='bbox 411 2640 503 2693; x_wconf 77' lang='lat' dir='ltr'><strong>5rd</strong></span> <span class='ocrx_word' id='word_1_196' title='bbox 533 2638 671 2708; x_wconf 89' lang='lat' dir='ltr'><strong>quod</strong></span> <span class='ocrx_word' id='word_1_197' title='bbox 702 2638 937 2691; x_wconf 88' lang='lat' dir='ltr'><strong>onmium</strong></span> <span class='ocrx_word' id='word_1_198' title='bbox 971 2634 1421 2689; x_wconf 85' lang='lat' dir='ltr'><strong>mirabilissimuui</strong></span> <span class='ocrx_word' id='word_1_199' title='bbox 1449 2641 1561 2687; x_wconf 89' lang='lat' dir='ltr'><strong>erat</strong></span> <span class='ocrx_word' id='word_1_200' title='bbox 1583 2672 1597 2694; x_wconf 93' lang='lat'><strong>,</strong></span> <span class='ocrx_word' id='word_1_201' title='bbox 1625 2630 1764 2699; x_wconf 82' lang='lat' dir='ltr'><strong>quod</strong></span> <span class='ocrx_word' id='word_1_202' title='bbox 1806 2631 1993 2683; x_wconf 89' lang='lat' dir='ltr'><strong>ﬁerent</strong></span> 
     </span>
    </p>
   </div>
   <div class='ocr_carea' id='block_1_27' title="bbox 411 2720 1987 2798">
    <p class='ocr_par' dir='ltr' id='par_1_27' title="bbox 411 2720 1987 2798">
     <span class='ocr_line' id='line_1_27' title="bbox 411 2720 1987 2798; baseline -0.008 -13"><span class='ocrx_word' id='word_1_203' title='bbox 411 2732 503 2785; x_wconf 76' lang='lat' dir='ltr'><strong>lh-i</strong></span> <span class='ocrx_word' id='word_1_204' title='bbox 532 2732 765 2794; x_wconf 81' lang='lat' dir='ltr'><strong>similes,</strong></span> <span class='ocrx_word' id='word_1_205' title='bbox 795 2738 1046 2798; x_wconf 89' lang='lat' dir='ltr'><strong>quantum</strong></span> <span class='ocrx_word' id='word_1_206' title='bbox 1099 2734 1322 2795; x_wconf 86' lang='lat' dir='ltr'><strong>possunt</strong></span> <span class='ocrx_word' id='word_1_207' title='bbox 1364 2723 1608 2777; x_wconf 86' lang='lat' dir='ltr'><strong>homines</strong></span> <span class='ocrx_word' id='word_1_208' title='bbox 1644 2721 1741 2790; x_wconf 83' lang='lat' dir='ltr'><strong>ipsi</strong></span> <span class='ocrx_word' id='word_1_209' title='bbox 1772 2735 1891 2775; x_wconf 82' lang='lat' dir='ltr'><strong>esse</strong></span> <span class='ocrx_word' id='word_1_210' title='bbox 1915 2720 1987 2774; x_wconf 58' lang='lat' dir='ltr'><strong>si»</strong></span> 
     </span>
    </p>
   </div>
   <div class='ocr_carea' id='block_1_28' title="bbox 413 2812 1993 2889">
    <p class='ocr_par' dir='ltr' id='par_1_28' title="bbox 413 2812 1993 2889">
     <span class='ocr_line' id='line_1_28' title="bbox 413 2812 1993 2889; baseline -0.007 -13"><span class='ocrx_word' id='word_1_211' title='bbox 413 2823 587 2877; x_wconf 84' lang='lat' dir='ltr'><strong>miles.</strong></span> <span class='ocrx_word' id='word_1_212' title='bbox 619 2820 685 2876; x_wconf 90' lang='lat' dir='ltr'><strong>Ut</strong></span> <span class='ocrx_word' id='word_1_213' title='bbox 705 2822 835 2883; x_wconf 73' lang='lat' dir='ltr'><strong>sitis,</strong></span> <span class='ocrx_word' id='word_1_214' title='bbox 869 2819 1056 2889; x_wconf 87' lang='lat' dir='ltr'><strong>inquit,</strong></span> <span class='ocrx_word' id='word_1_215' title='bbox 1086 2818 1274 2871; x_wconf 75' lang='lat' dir='ltr'><strong>similes</strong></span> <span class='ocrx_word' id='word_1_216' title='bbox 1298 2814 1472 2870; x_wconf 74' lang='lat' dir='ltr'><strong>Patris</strong></span> <span class='ocrx_word' id='word_1_217' title='bbox 1498 2815 1645 2868; x_wconf 62' lang='lat' dir='ltr'><strong>vestri</strong></span> <span class='ocrx_word' id='word_1_218' title='bbox 1669 2813 1755 2882; x_wconf 86' lang='lat' dir='ltr'><strong>qui</strong></span> <span class='ocrx_word' id='word_1_219' title='bbox 1777 2813 1828 2866; x_wconf 86' lang='lat' dir='ltr'><strong>iu</strong></span> <span class='ocrx_word' id='word_1_220' title='bbox 1857 2812 1993 2865; x_wconf 74' lang='lat' dir='ltr'><strong>uelis</strong></span> 
     </span>
    </p>
   </div>
   <div class='ocr_carea' id='block_1_29' title="bbox 412 2904 1994 2976">
    <p class='ocr_par' dir='ltr' id='par_1_29' title="bbox 412 2904 1994 2976">
     <span class='ocr_line' id='line_1_29' title="bbox 412 2904 1994 2976; baseline -0.008 -7"><span class='ocrx_word' id='word_1_221' title='bbox 412 2925 505 2969; x_wconf 78' lang='lat' dir='ltr'><strong>est.</strong></span> <span class='ocrx_word' id='word_1_222' title='bbox 539 2915 616 2968; x_wconf 86' lang='lat' dir='ltr'><strong>Tu</strong></span> <span class='ocrx_word' id='word_1_223' title='bbox 642 2929 766 2967; x_wconf 87' lang='lat' dir='ltr'><strong>vero</strong></span> <span class='ocrx_word' id='word_1_224' title='bbox 787 2913 1038 2966; x_wconf 79' lang='lat' dir='ltr'><strong>observes</strong></span> <span class='ocrx_word' id='word_1_225' title='bbox 1072 2910 1250 2974; x_wconf 89' lang='lat' dir='ltr'><strong>velim,</strong></span> <span class='ocrx_word' id='word_1_226' title='bbox 1282 2908 1457 2976; x_wconf 84' lang='lat' dir='ltr'><strong>ipsum</strong></span> <span class='ocrx_word' id='word_1_227' title='bbox 1488 2921 1659 2975; x_wconf 88' lang='lat' dir='ltr'><strong>neque</strong></span> <span class='ocrx_word' id='word_1_228' title='bbox 1690 2904 1796 2968; x_wconf 87' lang='lat' dir='ltr'><strong>hic,</strong></span> <span class='ocrx_word' id='word_1_229' title='bbox 1824 2918 1994 2972; x_wconf 88' lang='lat' dir='ltr'><strong>neque</strong></span> 
     </span>
    </p>
   </div>
   <div class='ocr_carea' id='block_1_30' title="bbox 414 2996 1996 3074">
    <p class='ocr_par' dir='ltr' id='par_1_30' title="bbox 414 2996 1996 3074">
     <span class='ocr_line' id='line_1_30' title="bbox 414 2996 1996 3074; baseline -0.008 -14"><span class='ocrx_word' id='word_1_230' title='bbox 414 3008 466 3063; x_wconf 84' lang='lat' dir='ltr'><strong>in</strong></span> <span class='ocrx_word' id='word_1_231' title='bbox 498 3005 859 3074; x_wconf 82' lang='lat' dir='ltr'><strong>superioribus</strong></span> <span class='ocrx_word' id='word_1_232' title='bbox 890 3003 1104 3060; x_wconf 76' lang='lat' dir='ltr'><strong>Patrem</strong></span> <span class='ocrx_word' id='word_1_233' title='bbox 1153 3016 1304 3057; x_wconf 89' lang='lat' dir='ltr'><strong>suum</strong></span> <span class='ocrx_word' id='word_1_234' title='bbox 1353 3014 1581 3061; x_wconf 88' lang='lat' dir='ltr'><strong>vocare;</strong></span> <span class='ocrx_word' id='word_1_235' title='bbox 1616 2996 1709 3051; x_wconf 89' lang='lat' dir='ltr'><strong>sed</strong></span> <span class='ocrx_word' id='word_1_236' title='bbox 1745 2997 1850 3050; x_wconf 92' lang='lat' dir='ltr'><strong>illic</strong></span> <span class='ocrx_word' id='word_1_237' title='bbox 1878 2997 1996 3064; x_wconf 83' lang='lat' dir='ltr'><strong>qui-</strong></span> 
     </span>
    </p>
   </div>
   <div class='ocr_carea' id='block_1_31' title="bbox 414 3085 1995 3163">
    <p class='ocr_par' dir='ltr' id='par_1_31' title="bbox 414 3085 1995 3163">
     <span class='ocr_line' id='line_1_31' title="bbox 414 3085 1995 3163; baseline -0.009 -10"><span class='ocrx_word' id='word_1_238' title='bbox 414 3101 534 3153; x_wconf 83' lang='lat' dir='ltr'><strong>dem</strong></span> <span class='ocrx_word' id='word_1_239' title='bbox 568 3099 732 3152; x_wconf 75' lang='lat' dir='ltr'><strong>Deam</strong></span> <span class='ocrx_word' id='word_1_240' title='bbox 774 3106 827 3150; x_wconf 90' lang='lat' dir='ltr'><strong>et</strong></span> <span class='ocrx_word' id='word_1_241' title='bbox 869 3111 1045 3163; x_wconf 80' lang='lat' dir='ltr'><strong>regem</strong></span> <span class='ocrx_word' id='word_1_242' title='bbox 1094 3108 1378 3162; x_wconf 80' lang='lat' dir='ltr'><strong>maguum,</strong></span> <span class='ocrx_word' id='word_1_243' title='bbox 1409 3105 1528 3143; x_wconf 89' lang='lat' dir='ltr'><strong>cum</strong></span> <span class='ocrx_word' id='word_1_244' title='bbox 1573 3088 1638 3142; x_wconf 77' lang='lat' dir='ltr'><strong>de</strong></span> <span class='ocrx_word' id='word_1_245' title='bbox 1672 3085 1995 3156; x_wconf 84' lang='lat' dir='ltr'><strong>jurameutis</strong></span> 
     </span>
    </p>
   </div>
   <div class='ocr_carea' id='block_1_32' title="bbox 415 3177 1993 3261">
    <p class='ocr_par' dir='ltr' id='par_1_32' title="bbox 415 3177 1993 3261">
     <span class='ocr_line' id='line_1_32' title="bbox 415 3177 1993 3261; baseline -0.01 -16"><span class='ocrx_word' id='word_1_246' title='bbox 415 3194 521 3261; x_wconf 89' lang='lat' dir='ltr'><strong>agit</strong></span> <span class='ocrx_word' id='word_1_247' title='bbox 548 3209 561 3251; x_wconf 82' lang='lat'><strong>;</strong></span> <span class='ocrx_word' id='word_1_248' title='bbox 594 3191 679 3244; x_wconf 88' lang='lat' dir='ltr'><strong>hie</strong></span> <span class='ocrx_word' id='word_1_249' title='bbox 710 3206 833 3241; x_wconf 77' lang='lat' dir='ltr'><strong>vero</strong></span> <span class='ocrx_word' id='word_1_250' title='bbox 866 3188 1076 3242; x_wconf 86' lang='lat' dir='ltr'><strong>Patrem</strong></span> <span class='ocrx_word' id='word_1_251' title='bbox 1117 3186 1376 3252; x_wconf 90' lang='lat' dir='ltr'><strong>ipsorum.</strong></span> <span class='ocrx_word' id='word_1_252' title='bbox 1408 3181 1461 3234; x_wconf 91' lang='lat' dir='ltr'><strong>ld</strong></span> <span class='ocrx_word' id='word_1_253' title='bbox 1492 3196 1621 3234; x_wconf 90' lang='lat' dir='ltr'><strong>vero</strong></span> <span class='ocrx_word' id='word_1_254' title='bbox 1651 3180 1758 3248; x_wconf 87' lang='lat' dir='ltr'><strong>agit</strong></span> <span class='ocrx_word' id='word_1_255' title='bbox 1786 3177 1884 3231; x_wconf 90' lang='lat' dir='ltr'><strong>hos</strong></span> <span class='ocrx_word' id='word_1_256' title='bbox 1913 3177 1993 3230; x_wconf 88' lang='lat' dir='ltr'><strong>lo-</strong></span> 
     </span>
    </p>
   </div>
   <div class='ocr_carea' id='block_1_33' title="bbox 415 3279 1993 3353">
    <p class='ocr_par' dir='ltr' id='par_1_33' title="bbox 415 3279 1993 3353">
     <span class='ocr_line' id='line_1_33' title="bbox 415 3279 1993 3353; baseline -0.011 -15"><span class='ocrx_word' id='word_1_257' title='bbox 415 3282 606 3353; x_wconf 87' lang='lat' dir='ltr'><strong>quendi</strong></span> <span class='ocrx_word' id='word_1_258' title='bbox 658 3280 842 3334; x_wconf 90' lang='lat' dir='ltr'><strong>modos</strong></span> <span class='ocrx_word' id='word_1_259' title='bbox 890 3279 941 3332; x_wconf 90' lang='lat' dir='ltr'><strong>in</strong></span> <span class='ocrx_word' id='word_1_260' title='bbox 994 3286 1354 3345; x_wconf 84' lang='lat' dir='ltr'><strong>opportunum</strong></span> <span class='ocrx_word' id='word_1_261' title='bbox 1407 3282 1617 3341; x_wconf 87' lang='lat' dir='ltr'><strong>tempus</strong></span> <span class='ocrx_word' id='word_1_262' title='bbox 1688 3286 1993 3325; x_wconf 86' lang='lat' dir='ltr'><strong>reservans.</strong></span> 
     </span>
    </p>
   </div>
   <div class='ocr_carea' id='block_1_34' title="bbox 421 3364 1995 3441">
    <p class='ocr_par' dir='ltr' id='par_1_34' title="bbox 421 3364 1995 3441">
     <span class='ocr_line' id='line_1_34' title="bbox 421 3364 1995 3441; baseline -0.01 -11"><span class='ocrx_word' id='word_1_263' title='bbox 421 3375 617 3430; x_wconf 84' lang='lat' dir='ltr'><strong>Deinde</strong></span> <span class='ocrx_word' id='word_1_264' title='bbox 669 3374 718 3427; x_wconf 90' lang='lat' dir='ltr'><strong>in</strong></span> <span class='ocrx_word' id='word_1_265' title='bbox 772 3386 1053 3441; x_wconf 85' lang='lat' dir='ltr'><strong>progressu</strong></span> <span class='ocrx_word' id='word_1_266' title='bbox 1090 3366 1491 3422; x_wconf 77' lang='lat' dir='ltr'><strong>similitudinem</strong></span> <span class='ocrx_word' id='word_1_267' title='bbox 1542 3366 1686 3418; x_wconf 87' lang='lat' dir='ltr'><strong>illam</strong></span> <span class='ocrx_word' id='word_1_268' title='bbox 1723 3364 1995 3417; x_wconf 85' lang='lat' dir='ltr'><strong>declarat:</strong></span> 
     </span>
    </p>
   </div>
   <div class='ocr_carea' id='block_1_35' title="bbox 421 3455 1999 3532">
    <p class='ocr_par' dir='ltr' id='par_1_35' title="bbox 421 3455 1999 3532">
     <span class='ocr_line' id='line_1_35' title="bbox 421 3455 1999 3532; baseline -0.008 -13"><span class='ocrx_word' id='word_1_269' title='bbox 421 3469 521 3532; x_wconf 78' lang='lat' dir='ltr'><strong>Qui</strong></span> <span class='ocrx_word' id='word_1_270' title='bbox 563 3464 720 3519; x_wconf 77' lang='lat' dir='ltr'><strong>solem</strong></span> <span class='ocrx_word' id='word_1_271' title='bbox 773 3478 918 3515; x_wconf 83' lang='lat' dir='ltr'><strong>suum</strong></span> <span class='ocrx_word' id='word_1_272' title='bbox 959 3461 1083 3515; x_wconf 86' lang='lat' dir='ltr'><strong>oriri</strong></span> <span class='ocrx_word' id='word_1_273' title='bbox 1128 3460 1247 3529; x_wconf 77' lang='lat' dir='ltr'><strong>facit</strong></span> <span class='ocrx_word' id='word_1_274' title='bbox 1294 3474 1444 3527; x_wconf 77' lang='lat' dir='ltr'><strong>super</strong></span> <span class='ocrx_word' id='word_1_275' title='bbox 1472 3457 1625 3509; x_wconf 79' lang='lat' dir='ltr'><strong>bonos</strong></span> <span class='ocrx_word' id='word_1_276' title='bbox 1653 3464 1697 3508; x_wconf 84' lang='lat' dir='ltr'><strong>et</strong></span> <span class='ocrx_word' id='word_1_277' title='bbox 1730 3455 1919 3516; x_wconf 79' lang='lat' dir='ltr'><strong>malos,</strong></span> <span class='ocrx_word' id='word_1_278' title='bbox 1950 3465 1999 3506; x_wconf 84' lang='lat' dir='ltr'><strong>et</strong></span> 
     </span>
    </p>
   </div>
   <div class='ocr_carea' id='block_1_36' title="bbox 418 3544 1997 3628">
    <p class='ocr_par' dir='ltr' id='par_1_36' title="bbox 418 3544 1997 3628">
     <span class='ocr_line' id='line_1_36' title="bbox 418 3544 1997 3628; baseline -0.006 -18"><span class='ocrx_word' id='word_1_279' title='bbox 418 3558 544 3628; x_wconf 83' lang='lat' dir='ltr'><strong>pluit</strong></span> <span class='ocrx_word' id='word_1_280' title='bbox 573 3573 723 3625; x_wconf 74' lang='lat' dir='ltr'><strong>super</strong></span> <span class='ocrx_word' id='word_1_281' title='bbox 743 3556 909 3625; x_wconf 78' lang='lat' dir='ltr'><strong>justas</strong></span> <span class='ocrx_word' id='word_1_282' title='bbox 946 3561 993 3606; x_wconf 86' lang='lat' dir='ltr'><strong>et</strong></span> <span class='ocrx_word' id='word_1_283' title='bbox 1037 3552 1273 3621; x_wconf 76' lang='lat' dir='ltr'><strong>injustas.</strong></span> <span class='ocrx_word' id='word_1_284' title='bbox 1306 3549 1510 3602; x_wconf 83' lang='lat' dir='ltr'><strong>Etenim</strong></span> <span class='ocrx_word' id='word_1_285' title='bbox 1540 3548 1657 3601; x_wconf 88' lang='lat' dir='ltr'><strong>illos</strong></span> <span class='ocrx_word' id='word_1_286' title='bbox 1703 3563 1806 3600; x_wconf 89' lang='lat' dir='ltr'><strong>non</strong></span> <span class='ocrx_word' id='word_1_287' title='bbox 1838 3544 1997 3600; x_wconf 87' lang='lat' dir='ltr'><strong>modo</strong></span> 
     </span>
    </p>
   </div>
   <div class='ocr_carea' id='block_1_37' title="bbox 418 3639 1997 3716">
    <p class='ocr_par' dir='ltr' id='par_1_37' title="bbox 418 3639 1997 3716">
     <span class='ocr_line' id='line_1_37' title="bbox 418 3639 1997 3716; baseline -0.006 -12"><span class='ocrx_word' id='word_1_288' title='bbox 418 3667 523 3704; x_wconf 89' lang='lat' dir='ltr'><strong>non</strong></span> <span class='ocrx_word' id='word_1_289' title='bbox 549 3649 680 3711; x_wconf 86' lang='lat' dir='ltr'><strong>odit,</strong></span> <span class='ocrx_word' id='word_1_290' title='bbox 716 3648 903 3716; x_wconf 91' lang='lat' dir='ltr'><strong>inquit,</strong></span> <span class='ocrx_word' id='word_1_291' title='bbox 927 3646 1020 3699; x_wconf 89' lang='lat' dir='ltr'><strong>sed</strong></span> <span class='ocrx_word' id='word_1_292' title='bbox 1042 3646 1201 3699; x_wconf 89' lang='lat' dir='ltr'><strong>etiam</strong></span> <span class='ocrx_word' id='word_1_293' title='bbox 1231 3642 1488 3697; x_wconf 91' lang='lat' dir='ltr'><strong>beuelicio</strong></span> <span class='ocrx_word' id='word_1_294' title='bbox 1510 3640 1673 3695; x_wconf 85' lang='lat' dir='ltr'><strong>allicit</strong></span> <span class='ocrx_word' id='word_1_295' title='bbox 1701 3654 1794 3694; x_wconf 91' lang='lat' dir='ltr'><strong>eos</strong></span> <span class='ocrx_word' id='word_1_296' title='bbox 1822 3639 1911 3708; x_wconf 93' lang='lat' dir='ltr'><strong>qui</strong></span> <span class='ocrx_word' id='word_1_297' title='bbox 1938 3654 1997 3694; x_wconf 88' lang='lat' dir='ltr'><strong>se</strong></span> 
     </span>
    </p>
   </div>
   <div class='ocr_carea' id='block_1_38' title="bbox 420 3731 1997 3806">
    <p class='ocr_par' dir='ltr' id='par_1_38' title="bbox 420 3731 1997 3806">
     <span class='ocr_line' id='line_1_38' title="bbox 420 3731 1997 3806; baseline -0.006 -14"><span class='ocrx_word' id='word_1_298' title='bbox 420 3740 606 3806; x_wconf 87' lang='lat' dir='ltr'><strong>injuria</strong></span> <span class='ocrx_word' id='word_1_299' title='bbox 628 3736 885 3791; x_wconf 84' lang='lat' dir='ltr'><strong>afﬁciunt.</strong></span> <span class='ocrx_word' id='word_1_300' title='bbox 908 3736 1239 3805; x_wconf 84' lang='lat' dir='ltr'><strong>Quamquam</strong></span> <span class='ocrx_word' id='word_1_301' title='bbox 1270 3732 1411 3786; x_wconf 90' lang='lat' dir='ltr'><strong>nulla</strong></span> <span class='ocrx_word' id='word_1_302' title='bbox 1438 3732 1507 3785; x_wconf 89' lang='lat' dir='ltr'><strong>sit</strong></span> <span class='ocrx_word' id='word_1_303' title='bbox 1529 3731 1626 3785; x_wconf 90' lang='lat' dir='ltr'><strong>hac</strong></span> <span class='ocrx_word' id='word_1_304' title='bbox 1656 3731 1707 3784; x_wconf 91' lang='lat' dir='ltr'><strong>in</strong></span> <span class='ocrx_word' id='word_1_305' title='bbox 1736 3746 1793 3783; x_wconf 90' lang='lat' dir='ltr'><strong>re</strong></span> <span class='ocrx_word' id='word_1_306' title='bbox 1820 3744 1997 3799; x_wconf 78' lang='lat' dir='ltr'><strong>:equa-</strong></span> 
     </span>
    </p>
   </div>
   <div class='ocr_carea' id='block_1_39' title="bbox 420 3820 1997 3895">
    <p class='ocr_par' dir='ltr' id='par_1_39' title="bbox 420 3820 1997 3895">
     <span class='ocr_line' id='line_1_39' title="bbox 420 3820 1997 3895; baseline -0.006 -11"><span class='ocrx_word' id='word_1_307' title='bbox 420 3833 558 3889; x_wconf 86' lang='lat' dir='ltr'><strong>lilas.</strong></span> <span class='ocrx_word' id='word_1_308' title='bbox 589 3846 695 3883; x_wconf 92' lang='lat' dir='ltr'><strong>non</strong></span> <span class='ocrx_word' id='word_1_309' title='bbox 722 3829 891 3882; x_wconf 90' lang='lat' dir='ltr'><strong>solum</strong></span> <span class='ocrx_word' id='word_1_310' title='bbox 924 3836 1138 3895; x_wconf 80' lang='lat' dir='ltr'><strong>propter</strong></span> <span class='ocrx_word' id='word_1_311' title='bbox 1166 3822 1406 3879; x_wconf 87' lang='lat' dir='ltr'><strong>beneficii</strong></span> <span class='ocrx_word' id='word_1_312' title='bbox 1437 3821 1872 3890; x_wconf 79' lang='lat' dir='ltr'><strong>magnitudinem,</strong></span> <span class='ocrx_word' id='word_1_313' title='bbox 1903 3820 1997 3874; x_wconf 89' lang='lat' dir='ltr'><strong>sed</strong></span> 
     </span>
    </p>
   </div>
   <div class='ocr_carea' id='block_1_40' title="bbox 417 3911 1996 3989">
    <p class='ocr_par' dir='ltr' id='par_1_40' title="bbox 417 3911 1996 3989">
     <span class='ocr_line' id='line_1_40' title="bbox 417 3911 1996 3989; baseline -0.008 -14"><span class='ocrx_word' id='word_1_314' title='bbox 417 3923 576 3975; x_wconf 82' lang='lat' dir='ltr'><strong>etiam</strong></span> <span class='ocrx_word' id='word_1_315' title='bbox 607 3928 822 3989; x_wconf 85' lang='lat' dir='ltr'><strong>prepter</strong></span> <span class='ocrx_word' id='word_1_316' title='bbox 853 3918 1125 3987; x_wconf 74' lang='lat' dir='ltr'><strong>dignitatis</strong></span> <span class='ocrx_word' id='word_1_317' title='bbox 1150 3916 1515 3970; x_wconf 88' lang='lat' dir='ltr'><strong>eminentiam.</strong></span> <span class='ocrx_word' id='word_1_318' title='bbox 1542 3911 1622 3967; x_wconf 84' lang='lat' dir='ltr'><strong>Tu</strong></span> <span class='ocrx_word' id='word_1_319' title='bbox 1645 3913 1789 3967; x_wconf 90' lang='lat' dir='ltr'><strong>enim</strong></span> <span class='ocrx_word' id='word_1_320' title='bbox 1810 3928 1837 3964; x_wconf 89' lang='lat' dir='ltr'><strong>a</strong></span> <span class='ocrx_word' id='word_1_321' title='bbox 1863 3928 1996 3966; x_wconf 86' lang='lat' dir='ltr'><strong>cou-</strong></span> 
     </span>
    </p>
   </div>
   <div class='ocr_carea' id='block_1_41' title="bbox 418 4003 1998 4080">
    <p class='ocr_par' dir='ltr' id='par_1_41' title="bbox 418 4003 1998 4080">
     <span class='ocr_line' id='line_1_41' title="bbox 418 4003 1998 4080; baseline -0.006 -13"><span class='ocrx_word' id='word_1_322' title='bbox 418 4029 573 4069; x_wconf 78' lang='lat' dir='ltr'><strong>servo</strong></span> <span class='ocrx_word' id='word_1_323' title='bbox 618 4010 930 4080; x_wconf 85' lang='lat' dir='ltr'><strong>despiceris,</strong></span> <span class='ocrx_word' id='word_1_324' title='bbox 964 4009 1052 4061; x_wconf 88' lang='lat' dir='ltr'><strong>ille</strong></span> <span class='ocrx_word' id='word_1_325' title='bbox 1094 4016 1272 4061; x_wconf 88' lang='lat' dir='ltr'><strong>autem</strong></span> <span class='ocrx_word' id='word_1_326' title='bbox 1302 4022 1330 4060; x_wconf 88' lang='lat' dir='ltr'><strong>a</strong></span> <span class='ocrx_word' id='word_1_327' title='bbox 1362 4020 1516 4060; x_wconf 87' lang='lat' dir='ltr'><strong>servo</strong></span> <span class='ocrx_word' id='word_1_328' title='bbox 1544 4021 1700 4075; x_wconf 90' lang='lat' dir='ltr'><strong>quem</strong></span> <span class='ocrx_word' id='word_1_329' title='bbox 1729 4003 1998 4059; x_wconf 79' lang='lat' dir='ltr'><strong>sexcentis</strong></span> 
     </span>
    </p>
   </div>
   <div class='ocr_carea' id='block_1_42' title="bbox 419 4093 1996 4166">
    <p class='ocr_par' dir='ltr' id='par_1_42' title="bbox 419 4093 1996 4166">
     <span class='ocr_line' id='line_1_42' title="bbox 419 4093 1996 4166; baseline -0.006 -8"><span class='ocrx_word' id='word_1_330' title='bbox 419 4102 689 4158; x_wconf 76' lang='lat' dir='ltr'><strong>beneficiis</strong></span> <span class='ocrx_word' id='word_1_331' title='bbox 732 4100 911 4154; x_wconf 71' lang='lat' dir='ltr'><strong>aliecit</strong></span> <span class='ocrx_word' id='word_1_332' title='bbox 944 4114 957 4162; x_wconf 92' lang='lat'><strong>;</strong></span> <span class='ocrx_word' id='word_1_333' title='bbox 1010 4106 1064 4152; x_wconf 91' lang='lat' dir='ltr'><strong>et</strong></span> <span class='ocrx_word' id='word_1_334' title='bbox 1118 4108 1172 4151; x_wconf 92' lang='lat' dir='ltr'><strong>tu</strong></span> <span class='ocrx_word' id='word_1_335' title='bbox 1214 4097 1427 4166; x_wconf 90' lang='lat' dir='ltr'><strong>quidem</strong></span> <span class='ocrx_word' id='word_1_336' title='bbox 1465 4096 1626 4151; x_wconf 88' lang='lat' dir='ltr'><strong>verba</strong></span> <span class='ocrx_word' id='word_1_337' title='bbox 1654 4095 1843 4160; x_wconf 89' lang='lat' dir='ltr'><strong>donas,</strong></span> <span class='ocrx_word' id='word_1_338' title='bbox 1872 4093 1996 4148; x_wconf 88' lang='lat' dir='ltr'><strong>dum</strong></span> 
     </span>
    </p>
   </div>
   <div class='ocr_carea' id='block_1_43' title="bbox 421 4188 1999 4265">
    <p class='ocr_par' dir='ltr' id='par_1_43' title="bbox 421 4188 1999 4265">
     <span class='ocr_line' id='line_1_43' title="bbox 421 4188 1999 4265; baseline -0.003 -17"><span class='ocrx_word' id='word_1_339' title='bbox 421 4212 515 4265; x_wconf 88' lang='lat' dir='ltr'><strong>pro</strong></span> <span class='ocrx_word' id='word_1_340' title='bbox 546 4195 636 4249; x_wconf 92' lang='lat' dir='ltr'><strong>illo</strong></span> <span class='ocrx_word' id='word_1_341' title='bbox 666 4191 901 4263; x_wconf 87' lang='lat' dir='ltr'><strong>precaris</strong></span> <span class='ocrx_word' id='word_1_342' title='bbox 922 4232 936 4257; x_wconf 90' lang='lat'><strong>,</strong></span> <span class='ocrx_word' id='word_1_343' title='bbox 968 4190 1060 4245; x_wconf 92' lang='lat' dir='ltr'><strong>ille</strong></span> <span class='ocrx_word' id='word_1_344' title='bbox 1100 4206 1226 4243; x_wconf 88' lang='lat' dir='ltr'><strong>vero</strong></span> <span class='ocrx_word' id='word_1_345' title='bbox 1271 4204 1357 4243; x_wconf 90' lang='lat' dir='ltr'><strong>res</strong></span> <span class='ocrx_word' id='word_1_346' title='bbox 1381 4188 1666 4242; x_wconf 88' lang='lat' dir='ltr'><strong>admodum</strong></span> <span class='ocrx_word' id='word_1_347' title='bbox 1696 4204 1915 4258; x_wconf 81' lang='lat' dir='ltr'><strong>magnas</strong></span> <span class='ocrx_word' id='word_1_348' title='bbox 1944 4196 1999 4243; x_wconf 89' lang='lat' dir='ltr'><strong>et</strong></span> 
     </span>
    </p>
   </div>
   <div class='ocr_carea' id='block_1_44' title="bbox 421 4282 1998 4352">
    <p class='ocr_par' dir='ltr' id='par_1_44' title="bbox 421 4282 1998 4352">
     <span class='ocr_line' id='line_1_44' title="bbox 421 4282 1998 4352; baseline -0.008 -7"><span class='ocrx_word' id='word_1_349' title='bbox 421 4289 711 4352; x_wconf 80' lang='lat' dir='ltr'><strong>mirabiles,</strong></span> <span class='ocrx_word' id='word_1_350' title='bbox 739 4286 907 4340; x_wconf 88' lang='lat' dir='ltr'><strong>solem</strong></span> <span class='ocrx_word' id='word_1_351' title='bbox 936 4282 1235 4337; x_wconf 86' lang='lat' dir='ltr'><strong>accendens</strong></span> <span class='ocrx_word' id='word_1_352' title='bbox 1261 4290 1317 4336; x_wconf 87' lang='lat' dir='ltr'><strong>et</strong></span> <span class='ocrx_word' id='word_1_353' title='bbox 1337 4296 1542 4334; x_wconf 90' lang='lat' dir='ltr'><strong>annuos</strong></span> <span class='ocrx_word' id='word_1_354' title='bbox 1569 4282 1768 4335; x_wconf 90' lang='lat' dir='ltr'><strong>imbres</strong></span> <span class='ocrx_word' id='word_1_355' title='bbox 1798 4295 1998 4350; x_wconf 87' lang='lat' dir='ltr'><strong>suppe-</strong></span> 
     </span>
    </p>
   </div>
   <div class='ocr_carea' id='block_1_45' title="bbox 423 4371 1998 4441">
    <p class='ocr_par' dir='ltr' id='par_1_45' title="bbox 423 4371 1998 4441">
     <span class='ocr_line' id='line_1_45' title="bbox 423 4371 1998 4441; baseline -0.006 -7"><span class='ocrx_word' id='word_1_356' title='bbox 423 4381 597 4435; x_wconf 90' lang='lat' dir='ltr'><strong>ditans</strong></span> <span class='ocrx_word' id='word_1_357' title='bbox 622 4381 660 4432; x_wconf 78' lang='grc' dir='ltr'><strong>ί.</strong></span> <span class='ocrx_word' id='word_1_358' title='bbox 691 4380 938 4431; x_wconf 84' lang='lat' dir='ltr'><strong>Attamen</strong></span> <span class='ocrx_word' id='word_1_359' title='bbox 961 4376 1038 4429; x_wconf 91' lang='lat' dir='ltr'><strong>sic</strong></span> <span class='ocrx_word' id='word_1_360' title='bbox 1060 4372 1298 4428; x_wconf 88' lang='lat' dir='ltr'><strong>concedo</strong></span> <span class='ocrx_word' id='word_1_361' title='bbox 1325 4381 1376 4427; x_wconf 90' lang='lat' dir='ltr'><strong>te</strong></span> <span class='ocrx_word' id='word_1_362' title='bbox 1391 4371 1650 4441; x_wconf 75' lang='lat' dir='ltr'><strong>:equalem</strong></span> <span class='ocrx_word' id='word_1_363' title='bbox 1671 4387 1811 4437; x_wconf 88' lang='lat' dir='ltr'><strong>esse,</strong></span> <span class='ocrx_word' id='word_1_364' title='bbox 1832 4388 1998 4441; x_wconf 88' lang='lat' dir='ltr'><strong>quan-</strong></span> 
     </span>
    </p>
   </div>
   <div class='ocr_carea' id='block_1_46' title="bbox 424 4465 1996 4544">
    <p class='ocr_par' dir='ltr' id='par_1_46' title="bbox 424 4465 1996 4544">
     <span class='ocr_line' id='line_1_46' title="bbox 424 4465 1996 4544; baseline -0.006 -16"><span class='ocrx_word' id='word_1_365' title='bbox 424 4486 531 4529; x_wconf 87' lang='lat' dir='ltr'><strong>tum</strong></span> <span class='ocrx_word' id='word_1_366' title='bbox 585 4482 758 4544; x_wconf 84' lang='lat' dir='ltr'><strong>potest</strong></span> <span class='ocrx_word' id='word_1_367' title='bbox 801 4471 979 4525; x_wconf 87' lang='lat' dir='ltr'><strong>homo.</strong></span> <span class='ocrx_word' id='word_1_368' title='bbox 1012 4468 1090 4523; x_wconf 86' lang='lat' dir='ltr'><strong>Ne</strong></span> <span class='ocrx_word' id='word_1_369' title='bbox 1120 4468 1297 4537; x_wconf 86' lang='lat' dir='ltr'><strong>itaque</strong></span> <span class='ocrx_word' id='word_1_370' title='bbox 1335 4467 1460 4520; x_wconf 88' lang='lat' dir='ltr'><strong>odio</strong></span> <span class='ocrx_word' id='word_1_371' title='bbox 1491 4466 1686 4521; x_wconf 82' lang='lat' dir='ltr'><strong>habeas</strong></span> <span class='ocrx_word' id='word_1_372' title='bbox 1727 4465 1996 4520; x_wconf 86' lang='lat' dir='ltr'><strong>hominem</strong></span> 
     </span>
    </p>
   </div>
   <div class='ocr_carea' id='block_1_47' title="bbox 419 4556 1997 4636">
    <p class='ocr_par' dir='ltr' id='par_1_47' title="bbox 419 4556 1997 4636">
     <span class='ocr_line' id='line_1_47' title="bbox 419 4556 1997 4636; baseline -0.006 -15"><span class='ocrx_word' id='word_1_373' title='bbox 419 4568 505 4636; x_wconf 87' lang='lat' dir='ltr'><strong>qui</strong></span> <span class='ocrx_word' id='word_1_374' title='bbox 536 4576 586 4620; x_wconf 89' lang='lat' dir='ltr'><strong>te</strong></span> <span class='ocrx_word' id='word_1_375' title='bbox 618 4565 756 4618; x_wconf 90' lang='lat' dir='ltr'><strong>man</strong></span> <span class='ocrx_word' id='word_1_376' title='bbox 794 4563 975 4625; x_wconf 88' lang='lat' dir='ltr'><strong>afﬁcit,</strong></span> <span class='ocrx_word' id='word_1_377' title='bbox 1008 4576 1128 4615; x_wconf 90' lang='lat' dir='ltr'><strong>cum</strong></span> <span class='ocrx_word' id='word_1_378' title='bbox 1160 4561 1253 4614; x_wconf 88' lang='lat' dir='ltr'><strong>tibi</strong></span> <span class='ocrx_word' id='word_1_379' title='bbox 1286 4566 1363 4612; x_wconf 91' lang='lat' dir='ltr'><strong>tot</strong></span> <span class='ocrx_word' id='word_1_380' title='bbox 1388 4559 1524 4612; x_wconf 89' lang='lat' dir='ltr'><strong>bona</strong></span> <span class='ocrx_word' id='word_1_381' title='bbox 1545 4557 1817 4621; x_wconf 88' lang='lat' dir='ltr'><strong>conciliet,</strong></span> <span class='ocrx_word' id='word_1_382' title='bbox 1848 4567 1902 4612; x_wconf 92' lang='lat' dir='ltr'><strong>et</strong></span> <span class='ocrx_word' id='word_1_383' title='bbox 1931 4556 1997 4611; x_wconf 87' lang='lat' dir='ltr'><strong>ad</strong></span> 
     </span>
    </p>
   </div>
   <div class='ocr_carea' id='block_1_48' title="bbox 422 4648 2000 4720">
    <p class='ocr_par' dir='ltr' id='par_1_48' title="bbox 422 4648 2000 4720">
     <span class='ocr_line' id='line_1_48' title="bbox 422 4648 2000 4720; baseline -0.008 -7"><span class='ocrx_word' id='word_1_384' title='bbox 422 4673 621 4714; x_wconf 86' lang='lat' dir='ltr'><strong>tantum</strong></span> <span class='ocrx_word' id='word_1_385' title='bbox 670 4668 721 4712; x_wconf 89' lang='lat' dir='ltr'><strong>te</strong></span> <span class='ocrx_word' id='word_1_386' title='bbox 765 4657 1025 4710; x_wconf 86' lang='lat' dir='ltr'><strong>honorem</strong></span> <span class='ocrx_word' id='word_1_387' title='bbox 1054 4653 1248 4717; x_wconf 88' lang='lat' dir='ltr'><strong>ducat;</strong></span> <span class='ocrx_word' id='word_1_388' title='bbox 1284 4667 1351 4706; x_wconf 89' lang='lat' dir='ltr'><strong>ne</strong></span> <span class='ocrx_word' id='word_1_389' title='bbox 1390 4650 1676 4705; x_wconf 88' lang='lat' dir='ltr'><strong>maledicas</strong></span> <span class='ocrx_word' id='word_1_390' title='bbox 1722 4648 1770 4703; x_wconf 91' lang='lat' dir='ltr'><strong>ei</strong></span> <span class='ocrx_word' id='word_1_391' title='bbox 1811 4650 1899 4720; x_wconf 88' lang='lat' dir='ltr'><strong>qui</strong></span> <span class='ocrx_word' id='word_1_392' title='bbox 1949 4657 2000 4709; x_wconf 82' lang='lat' dir='ltr'><strong>te</strong></span> 
     </span>
    </p>
   </div>
   <div class='ocr_carea' id='block_1_49' title="bbox 416 4741 1999 4816">
    <p class='ocr_par' dir='ltr' id='par_1_49' title="bbox 416 4741 1999 4816">
     <span class='ocr_line' id='line_1_49' title="bbox 416 4741 1999 4816; baseline -0.009 -7"><span class='ocrx_word' id='word_1_393' title='bbox 416 4755 613 4809; x_wconf 84' lang='lat' dir='ltr'><strong>damno</strong></span> <span class='ocrx_word' id='word_1_394' title='bbox 641 4750 804 4804; x_wconf 75' lang='lat' dir='ltr'><strong>allicit</strong></span> <span class='ocrx_word' id='word_1_395' title='bbox 829 4769 840 4800; x_wconf 87' lang='lat'><strong>:</strong></span> <span class='ocrx_word' id='word_1_396' title='bbox 864 4747 1095 4816; x_wconf 89' lang='lat' dir='ltr'><strong>alioquin</strong></span> <span class='ocrx_word' id='word_1_397' title='bbox 1124 4754 1176 4800; x_wconf 91' lang='lat' dir='ltr'><strong>et</strong></span> <span class='ocrx_word' id='word_1_398' title='bbox 1202 4744 1440 4799; x_wconf 89' lang='lat' dir='ltr'><strong>laborem</strong></span> <span class='ocrx_word' id='word_1_399' title='bbox 1470 4743 1777 4809; x_wconf 88' lang='lat' dir='ltr'><strong>sustinebis,</strong></span> <span class='ocrx_word' id='word_1_400' title='bbox 1807 4754 1861 4795; x_wconf 89' lang='lat' dir='ltr'><strong>et</strong></span> <span class='ocrx_word' id='word_1_401' title='bbox 1882 4741 1999 4812; x_wconf 87' lang='lat' dir='ltr'><strong>ejus</strong></span> 
     </span>
    </p>
   </div>
   <div class='ocr_carea' id='block_1_50' title="bbox 419 4833 1998 4910">
    <p class='ocr_par' dir='ltr' id='par_1_50' title="bbox 419 4833 1998 4910">
     <span class='ocr_line' id='line_1_50' title="bbox 419 4833 1998 4910; baseline -0.008 -11"><span class='ocrx_word' id='word_1_402' title='bbox 419 4846 593 4899; x_wconf 90' lang='lat' dir='ltr'><strong>fructu</strong></span> <span class='ocrx_word' id='word_1_403' title='bbox 622 4839 951 4910; x_wconf 90' lang='lat' dir='ltr'><strong>privaheris;</strong></span> <span class='ocrx_word' id='word_1_404' title='bbox 991 4837 1242 4892; x_wconf 89' lang='lat' dir='ltr'><strong>damnum</strong></span> <span class='ocrx_word' id='word_1_405' title='bbox 1289 4834 1429 4889; x_wconf 87' lang='lat' dir='ltr'><strong>feres</strong></span> <span class='ocrx_word' id='word_1_406' title='bbox 1458 4844 1510 4889; x_wconf 91' lang='lat' dir='ltr'><strong>et</strong></span> <span class='ocrx_word' id='word_1_407' title='bbox 1543 4833 1845 4889; x_wconf 86' lang='lat' dir='ltr'><strong>mercedem</strong></span> <span class='ocrx_word' id='word_1_408' title='bbox 1879 4848 1998 4903; x_wconf 89' lang='lat' dir='ltr'><strong>per-</strong></span> 
     </span>
    </p>
   </div>
   <div class='ocr_carea' id='block_1_51' title="bbox 418 4925 1995 5000">
    <p class='ocr_par' dir='ltr' id='par_1_51' title="bbox 418 4925 1995 5000">
     <span class='ocr_line' id='line_1_51' title="bbox 418 4925 1995 5000; baseline -0.008 -11"><span class='ocrx_word' id='word_1_409' title='bbox 418 4937 549 4996; x_wconf 85' lang='lat' dir='ltr'><strong>des;</strong></span> <span class='ocrx_word' id='word_1_410' title='bbox 581 4930 721 5000; x_wconf 86' lang='lat' dir='ltr'><strong>quod</strong></span> <span class='ocrx_word' id='word_1_411' title='bbox 748 4940 999 4984; x_wconf 72' lang='lat' dir='ltr'><strong>extrema:</strong></span> <span class='ocrx_word' id='word_1_412' title='bbox 1028 4936 1110 4982; x_wconf 89' lang='lat' dir='ltr'><strong>est</strong></span> <span class='ocrx_word' id='word_1_413' title='bbox 1137 4927 1439 4991; x_wconf 78' lang='lat' dir='ltr'><strong>dementiae,</strong></span> <span class='ocrx_word' id='word_1_414' title='bbox 1473 4926 1611 4995; x_wconf 90' lang='lat' dir='ltr'><strong>quod</strong></span> <span class='ocrx_word' id='word_1_415' title='bbox 1642 4925 1842 4979; x_wconf 71' lang='lat' dir='ltr'><strong>scilicet</strong></span> <span class='ocrx_word' id='word_1_416' title='bbox 1874 4939 1995 4979; x_wconf 90' lang='lat' dir='ltr'><strong>cum</strong></span> 
     </span>
    </p>
   </div>
   <div class='ocr_carea' id='block_1_52' title="bbox 418 5017 2000 5099">
    <p class='ocr_par' dir='ltr' id='par_1_52' title="bbox 418 5017 2000 5099">
     <span class='ocr_line' id='line_1_52' title="bbox 418 5017 2000 5099; baseline -0.009 -18"><span class='ocrx_word' id='word_1_417' title='bbox 418 5027 663 5099; x_wconf 78' lang='lat' dir='ltr'><strong>graviora</strong></span> <span class='ocrx_word' id='word_1_418' title='bbox 687 5022 1112 5087; x_wconf 88' lang='lat' dir='ltr'><strong>sustinuerimus,</strong></span> <span class='ocrx_word' id='word_1_419' title='bbox 1137 5022 1340 5075; x_wconf 86' lang='lat' dir='ltr'><strong>minora</strong></span> <span class='ocrx_word' id='word_1_420' title='bbox 1373 5035 1477 5074; x_wconf 90' lang='lat' dir='ltr'><strong>non</strong></span> <span class='ocrx_word' id='word_1_421' title='bbox 1503 5020 1751 5073; x_wconf 82' lang='lat' dir='ltr'><strong>teramus.</strong></span> <span class='ocrx_word' id='word_1_422' title='bbox 1778 5017 1844 5071; x_wconf 85' lang='lat' dir='ltr'><strong>Et</strong></span> <span class='ocrx_word' id='word_1_423' title='bbox 1867 5032 2000 5086; x_wconf 89' lang='lat' dir='ltr'><strong>quo-</strong></span> 
     </span>
    </p>
   </div>
   <div class='ocr_carea' id='block_1_53' title="bbox 424 5108 1999 5184">
    <p class='ocr_par' dir='ltr' id='par_1_53' title="bbox 424 5108 1999 5184">
     <span class='ocr_line' id='line_1_53' title="bbox 424 5108 1999 5184; baseline -0.007 -10"><span class='ocrx_word' id='word_1_424' title='bbox 424 5119 582 5174; x_wconf 85' lang='lat' dir='ltr'><strong>modo</strong></span> <span class='ocrx_word' id='word_1_425' title='bbox 606 5158 621 5180; x_wconf 89' lang='lat'><strong>,</strong></span> <span class='ocrx_word' id='word_1_426' title='bbox 669 5115 908 5184; x_wconf 88' lang='lat' dir='ltr'><strong>inquies,</strong></span> <span class='ocrx_word' id='word_1_427' title='bbox 950 5120 1126 5181; x_wconf 89' lang='lat' dir='ltr'><strong>potest</strong></span> <span class='ocrx_word' id='word_1_428' title='bbox 1152 5112 1254 5166; x_wconf 91' lang='lat' dir='ltr'><strong>hoc</strong></span> <span class='ocrx_word' id='word_1_429' title='bbox 1285 5111 1436 5165; x_wconf 83' lang='lat' dir='ltr'><strong>ﬁeri?</strong></span> <span class='ocrx_word' id='word_1_430' title='bbox 1465 5110 1595 5165; x_wconf 90' lang='lat' dir='ltr'><strong>Cum</strong></span> <span class='ocrx_word' id='word_1_431' title='bbox 1630 5110 1792 5163; x_wconf 85' lang='lat' dir='ltr'><strong>Deum</strong></span> <span class='ocrx_word' id='word_1_432' title='bbox 1818 5108 1999 5163; x_wconf 89' lang='lat' dir='ltr'><strong>videas</strong></span> 
     </span>
    </p>
   </div>
   <div class='ocr_carea' id='block_1_54' title="bbox 423 5202 1999 5269">
    <p class='ocr_par' dir='ltr' id='par_1_54' title="bbox 423 5202 1999 5269">
     <span class='ocr_line' id='line_1_54' title="bbox 423 5202 1999 5269; baseline -0.005 -5"><span class='ocrx_word' id='word_1_433' title='bbox 423 5211 692 5264; x_wconf 84' lang='lat' dir='ltr'><strong>hominem</strong></span> <span class='ocrx_word' id='word_1_434' title='bbox 712 5206 908 5259; x_wconf 87' lang='lat' dir='ltr'><strong>factum</strong></span> <span class='ocrx_word' id='word_1_435' title='bbox 938 5212 1137 5258; x_wconf 91' lang='lat' dir='ltr'><strong>tantum</strong></span> <span class='ocrx_word' id='word_1_436' title='bbox 1169 5202 1533 5267; x_wconf 87' lang='lat' dir='ltr'><strong>descendisse,</strong></span> <span class='ocrx_word' id='word_1_437' title='bbox 1567 5212 1616 5257; x_wconf 93' lang='lat' dir='ltr'><strong>et</strong></span> <span class='ocrx_word' id='word_1_438' title='bbox 1650 5211 1792 5255; x_wconf 90' lang='lat' dir='ltr'><strong>tanta</strong></span> <span class='ocrx_word' id='word_1_439' title='bbox 1826 5217 1921 5269; x_wconf 84' lang='lat' dir='ltr'><strong>pro</strong></span> <span class='ocrx_word' id='word_1_440' title='bbox 1948 5211 1999 5257; x_wconf 89' lang='lat' dir='ltr'><strong>te</strong></span> 
     </span>
    </p>
   </div>
   <div class='ocr_carea' id='block_1_55' title="bbox 422 5292 1999 5373">
    <p class='ocr_par' dir='ltr' id='par_1_55' title="bbox 422 5292 1999 5373">
     <span class='ocr_line' id='line_1_55' title="bbox 422 5292 1999 5373; baseline -0.006 -17"><span class='ocrx_word' id='word_1_441' title='bbox 422 5318 633 5373; x_wconf 71' lang='lat' dir='ltr'><strong>passum</strong></span> <span class='ocrx_word' id='word_1_442' title='bbox 664 5314 785 5355; x_wconf 87' lang='lat' dir='ltr'><strong>esse</strong></span> <span class='ocrx_word' id='word_1_443' title='bbox 803 5338 817 5361; x_wconf 95' lang='lat'><strong>,</strong></span> <span class='ocrx_word' id='word_1_444' title='bbox 846 5299 1143 5365; x_wconf 68' lang='lat' dir='ltr'><strong>interrogas</strong></span> <span class='ocrx_word' id='word_1_445' title='bbox 1168 5294 1341 5348; x_wconf 89' lang='lat' dir='ltr'><strong>adhuc</strong></span> <span class='ocrx_word' id='word_1_446' title='bbox 1365 5305 1418 5349; x_wconf 89' lang='lat' dir='ltr'><strong>et</strong></span> <span class='ocrx_word' id='word_1_447' title='bbox 1444 5295 1666 5363; x_wconf 85' lang='lat' dir='ltr'><strong>ambigis</strong></span> <span class='ocrx_word' id='word_1_448' title='bbox 1687 5335 1702 5358; x_wconf 87' lang='lat'><strong>,</strong></span> <span class='ocrx_word' id='word_1_449' title='bbox 1730 5292 1999 5363; x_wconf 84' lang='lat' dir='ltr'><strong>qiuunodo</strong></span> 
     </span>
    </p>
   </div>
   <div class='ocr_carea' id='block_1_56' title="bbox 423 5386 1997 5466">
    <p class='ocr_par' dir='ltr' id='par_1_56' title="bbox 423 5386 1997 5466">
     <span class='ocr_line' id='line_1_56' title="bbox 423 5386 1997 5466; baseline -0.006 -18"><span class='ocrx_word' id='word_1_450' title='bbox 423 5410 703 5466; x_wconf 77' lang='lat' dir='ltr'><strong>possmuus</strong></span> <span class='ocrx_word' id='word_1_451' title='bbox 756 5390 977 5459; x_wconf 84' lang='lat' dir='ltr'><strong>injurias</strong></span> <span class='ocrx_word' id='word_1_452' title='bbox 1029 5388 1300 5441; x_wconf 83' lang='lat' dir='ltr'><strong>conservis</strong></span> <span class='ocrx_word' id='word_1_453' title='bbox 1348 5386 1803 5441; x_wconf 84' lang='lat' dir='ltr'><strong>remittere?Non</strong></span> <span class='ocrx_word' id='word_1_454' title='bbox 1845 5386 1997 5440; x_wconf 84' lang='lat' dir='ltr'><strong>audis</strong></span> 
     </span>
    </p>
   </div>
   <div class='ocr_carea' id='block_1_57' title="bbox 420 5479 1999 5543">
    <p class='ocr_par' dir='ltr' id='par_1_57' title="bbox 420 5479 1999 5543">
     <span class='ocr_line' id='line_1_57' title="bbox 420 5479 1999 5543; baseline -0.006 -1"><span class='ocrx_word' id='word_1_455' title='bbox 420 5489 567 5542; x_wconf 89' lang='lat' dir='ltr'><strong>illum</strong></span> <span class='ocrx_word' id='word_1_456' title='bbox 614 5488 664 5539; x_wconf 89' lang='lat' dir='ltr'><strong>in</strong></span> <span class='ocrx_word' id='word_1_457' title='bbox 707 5500 867 5539; x_wconf 89' lang='lat' dir='ltr'><strong>cruce</strong></span> <span class='ocrx_word' id='word_1_458' title='bbox 916 5483 1182 5537; x_wconf 89' lang='lat' dir='ltr'><strong>dicentem</strong></span> <span class='ocrx_word' id='word_1_459' title='bbox 1218 5500 1230 5533; x_wconf 90' lang='lat'><strong>:</strong></span> <span class='ocrx_word' id='word_1_460' title='bbox 1266 5479 1471 5532; x_wconf 78' lang='lat' dir='ltr'><strong>Dimitte</strong></span> <span class='ocrx_word' id='word_1_461' title='bbox 1513 5479 1666 5543; x_wconf 78' lang='lat' dir='ltr'><strong>illis;</strong></span> <span class='ocrx_word' id='word_1_462' title='bbox 1722 5496 1821 5532; x_wconf 82' lang='lat' dir='ltr'><strong>non</strong></span> <span class='ocrx_word' id='word_1_463' title='bbox 1867 5479 1999 5533; x_wconf 84' lang='lat' dir='ltr'><strong>enim</strong></span> 
     </span>
    </p>
   </div>
   <div class='ocr_carea' id='block_1_58' title="bbox 420 5570 1997 5648">
    <p class='ocr_par' dir='ltr' id='par_1_58' title="bbox 420 5570 1997 5648">
     <span class='ocr_line' id='line_1_58' title="bbox 420 5570 1997 5648; baseline -0.003 -17"><span class='ocrx_word' id='word_1_464' title='bbox 420 5582 580 5632; x_wconf 70' lang='lat' dir='ltr'><strong>sciunt</strong></span> <span class='ocrx_word' id='word_1_465' title='bbox 609 5577 731 5648; x_wconf 80' lang='lat' dir='ltr'><strong>quid</strong></span> <span class='ocrx_word' id='word_1_466' title='bbox 759 5578 950 5646; x_wconf 81' lang='lat' dir='ltr'><strong>facium</strong></span> <span class='ocrx_word' id='word_1_467' title='bbox 979 5573 1129 5645; x_wconf 86' lang='lat' dir='ltr'><strong>(Luc.</strong></span> <span class='ocrx_word' id='word_1_468' title='bbox 1157 5572 1252 5634; x_wconf 76' lang='lat'><strong>9.3,</strong></span> <span class='ocrx_word' id='word_1_469' title='bbox 1279 5571 1373 5640; x_wconf 75' lang='grc'><strong>54)</strong></span> <span class='ocrx_word' id='word_1_470' title='bbox 1397 5572 1419 5623; x_wconf 86' lang='lat'><strong>?</strong></span> <span class='ocrx_word' id='word_1_471' title='bbox 1456 5570 1568 5624; x_wconf 83' lang='lat' dir='ltr'><strong>Non</strong></span> <span class='ocrx_word' id='word_1_472' title='bbox 1598 5571 1748 5626; x_wconf 89' lang='lat' dir='ltr'><strong>audis</strong></span> <span class='ocrx_word' id='word_1_473' title='bbox 1774 5571 1997 5626; x_wconf 80' lang='lat' dir='ltr'><strong>Paulum</strong></span> 
     </span>
    </p>
   </div>
   <div class='ocr_carea' id='block_1_59' title="bbox 485 5706 1809 5776">
    <p class='ocr_par' dir='ltr' id='par_1_59' title="bbox 485 5706 1809 5776">
     <span class='ocr_line' id='line_1_59' title="bbox 485 5706 1809 5776; baseline -0.003 -14"><span class='ocrx_word' id='word_1_474' title='bbox 485 5715 501 5744; x_wconf 78' lang='grc' dir='ltr'>ι</span> <span class='ocrx_word' id='word_1_475' title='bbox 537 5720 662 5763; x_wconf 79' lang='lat' dir='ltr'><strong>Unus</strong></span> <span class='ocrx_word' id='word_1_476' title='bbox 685 5713 849 5771; x_wconf 87' lang='lat' dir='ltr'><strong>habet,</strong></span> <span class='ocrx_word' id='word_1_477' title='bbox 872 5718 916 5763; x_wconf 84' lang='lat' dir='ltr'><strong>et</strong></span> <span class='ocrx_word' id='word_1_478' title='bbox 931 5708 1069 5776; x_wconf 82' lang='lat' dir='ltr'><strong>quasi</strong></span> <span class='ocrx_word' id='word_1_479' title='bbox 1086 5721 1244 5760; x_wconf 82' lang='lat' dir='ltr'><strong>mutua</strong></span> <span class='ocrx_word' id='word_1_480' title='bbox 1267 5706 1399 5760; x_wconf 74' lang='lat' dir='ltr'><strong>nobis</strong></span> <span class='ocrx_word' id='word_1_481' title='bbox 1417 5706 1595 5759; x_wconf 75' lang='lat' dir='ltr'><strong>solvens</strong></span> <span class='ocrx_word' id='word_1_482' title='bbox 1615 5706 1809 5763; x_wconf 78' lang='lat' dir='ltr'><strong>tributa.</strong></span> 
     </span>
    </p>
   </div>
   <div class='ocr_carea' id='block_1_60' title="bbox 1532 301 2539 362">
    <p class='ocr_par' dir='ltr' id='par_1_60' title="bbox 1532 301 2539 362">
     <span class='ocr_line' id='line_1_60' title="bbox 1532 301 2539 362; baseline -0.003 0"><span class='ocrx_word' id='word_1_483' title='bbox 1532 308 1595 362; x_wconf 77' lang='lat' dir='ltr'><strong>lN</strong></span> <span class='ocrx_word' id='word_1_484' title='bbox 1636 302 2042 360; x_wconf 60' lang='lat' dir='ltr'><strong>MATTIH‘IUI</strong></span> <span class='ocrx_word' id='word_1_485' title='bbox 2087 301 2309 356; x_wconf 77' lang='lat' dir='ltr'><strong>HUMlL.</strong></span> <span class='ocrx_word' id='word_1_486' title='bbox 2358 303 2539 359; x_wconf 68' lang='lat' dir='ltr'><strong>XVIII.</strong></span> 
     </span>
    </p>
   </div>
   <div class='ocr_carea' id='block_1_61' title="bbox 3559 313 3669 369">
    <p class='ocr_par' dir='ltr' id='par_1_61' title="bbox 3559 313 3669 369">
     <span class='ocr_line' id='line_1_61' title="bbox 3559 313 3669 369; baseline 0.018 -2"><span class='ocrx_word' id='word_1_487' title='bbox 3559 313 3669 369; x_wconf 70' lang='lat'><strong>2&#39;70</strong></span> 
     </span>
    </p>
   </div>
   <div class='ocr_carea' id='block_1_62' title="bbox 2089 413 3664 500">
    <p class='ocr_par' dir='ltr' id='par_1_62' title="bbox 2089 413 3664 500">
     <span class='ocr_line' id='line_1_62' title="bbox 2089 413 3664 500; baseline 0.011 -34"><span class='ocrx_word' id='word_1_488' title='bbox 2089 413 2351 469; x_wconf 86' lang='lat' dir='ltr'><strong>dicentem</strong></span> <span class='ocrx_word' id='word_1_489' title='bbox 2388 436 2401 470; x_wconf 93' lang='lat'>:</span> <span class='ocrx_word' id='word_1_490' title='bbox 2437 417 2536 482; x_wconf 84' lang='lat' dir='ltr'><strong>Qui</strong></span> <span class='ocrx_word' id='word_1_491' title='bbox 2571 422 2792 474; x_wconf 69' lang='lat' dir='ltr'><strong>nai‘emlit</strong></span> <span class='ocrx_word' id='word_1_492' title='bbox 2824 440 3064 489; x_wconf 79' lang='lat' dir='ltr'><strong>sursum,</strong></span> <span class='ocrx_word' id='word_1_493' title='bbox 3095 437 3141 478; x_wconf 72' lang='lat' dir='ltr'><strong>et</strong></span> <span class='ocrx_word' id='word_1_494' title='bbox 3179 429 3313 481; x_wconf 71' lang='lat' dir='ltr'><strong>sedet</strong></span> <span class='ocrx_word' id='word_1_495' title='bbox 3351 428 3403 482; x_wconf 83' lang='lat' dir='ltr'><strong>in</strong></span> <span class='ocrx_word' id='word_1_496' title='bbox 3434 433 3664 500; x_wconf 66' lang='lat' dir='ltr'><strong>dextera,</strong></span> 
     </span>
    </p>
   </div>
   <div class='ocr_carea' id='block_1_63' title="bbox 2086 507 3664 588">
    <p class='ocr_par' dir='ltr' id='par_1_63' title="bbox 2086 507 3664 588">
     <span class='ocr_line' id='line_1_63' title="bbox 2086 507 3664 588; baseline 0.011 -31"><span class='ocrx_word' id='word_1_497' title='bbox 2086 507 2371 575; x_wconf 67' lang='lat' dir='ltr'><strong>interpellat</strong></span> <span class='ocrx_word' id='word_1_498' title='bbox 2397 527 2488 578; x_wconf 84' lang='lat' dir='ltr'><strong>pro</strong></span> <span class='ocrx_word' id='word_1_499' title='bbox 2511 510 2648 565; x_wconf 82' lang='lat' dir='ltr'><strong>nobis</strong></span> <span class='ocrx_word' id='word_1_500' title='bbox 2675 511 2849 578; x_wconf 82' lang='lat' dir='ltr'><strong>(Rom.</strong></span> <span class='ocrx_word' id='word_1_501' title='bbox 2881 515 2937 581; x_wconf 88' lang='lat'><strong>8,</strong></span> <span class='ocrx_word' id='word_1_502' title='bbox 2964 515 3083 583; x_wconf 63' lang='lat'><strong>54)?</strong></span> <span class='ocrx_word' id='word_1_503' title='bbox 3102 516 3218 572; x_wconf 80' lang='lat' dir='ltr'><strong>Non</strong></span> <span class='ocrx_word' id='word_1_504' title='bbox 3244 519 3391 574; x_wconf 86' lang='lat' dir='ltr'><strong>vides</strong></span> <span class='ocrx_word' id='word_1_505' title='bbox 3414 522 3664 588; x_wconf 84' lang='lat' dir='ltr'><strong>quoniam</strong></span> 
     </span>
    </p>
   </div>
   <div class='ocr_carea' id='block_1_64' title="bbox 2090 607 3665 681">
    <p class='ocr_par' dir='ltr' id='par_1_64' title="bbox 2090 607 3665 681">
     <span class='ocr_line' id='line_1_64' title="bbox 2090 607 3665 681; baseline 0.017 -35"><span class='ocrx_word' id='word_1_506' title='bbox 2090 611 2207 666; x_wconf 79' lang='lat' dir='ltr'><strong>post</strong></span> <span class='ocrx_word' id='word_1_507' title='bbox 2234 617 2446 657; x_wconf 82' lang='lat' dir='ltr'><strong>crucem</strong></span> <span class='ocrx_word' id='word_1_508' title='bbox 2495 615 2543 658; x_wconf 91' lang='lat' dir='ltr'><strong>et</strong></span> <span class='ocrx_word' id='word_1_509' title='bbox 2587 608 2953 660; x_wconf 79' lang='lat' dir='ltr'><strong>ascensionem</strong></span> <span class='ocrx_word' id='word_1_510' title='bbox 2980 607 3199 672; x_wconf 71' lang='lat' dir='ltr'><strong>Judwis,</strong></span> <span class='ocrx_word' id='word_1_511' title='bbox 3234 615 3320 681; x_wconf 88' lang='lat' dir='ltr'><strong>qui</strong></span> <span class='ocrx_word' id='word_1_512' title='bbox 3350 632 3406 667; x_wconf 91' lang='lat' dir='ltr'><strong>se</strong></span> <span class='ocrx_word' id='word_1_513' title='bbox 3440 616 3665 672; x_wconf 77' lang='lat' dir='ltr'><strong>interfe-</strong></span> 
     </span>
    </p>
   </div>
   <div class='ocr_carea' id='block_1_65' title="bbox 2086 695 3669 772">
    <p class='ocr_par' dir='ltr' id='par_1_65' title="bbox 2086 695 3669 772">
     <span class='ocr_line' id='line_1_65' title="bbox 2086 695 3669 772; baseline 0.015 -31"><span class='ocrx_word' id='word_1_514' title='bbox 2086 701 2289 754; x_wconf 72' lang='lat' dir='ltr'><strong>cerant,</strong></span> <span class='ocrx_word' id='word_1_515' title='bbox 2321 695 2523 748; x_wconf 85' lang='lat' dir='ltr'><strong>miserit</strong></span> <span class='ocrx_word' id='word_1_516' title='bbox 2549 698 2837 763; x_wconf 84' lang='lat' dir='ltr'><strong>apostolos,</strong></span> <span class='ocrx_word' id='word_1_517' title='bbox 2866 699 2953 766; x_wconf 88' lang='lat' dir='ltr'><strong>qui</strong></span> <span class='ocrx_word' id='word_1_518' title='bbox 2981 715 3231 757; x_wconf 81' lang='lat' dir='ltr'><strong>sexcenta</strong></span> <span class='ocrx_word' id='word_1_519' title='bbox 3261 704 3386 772; x_wconf 81' lang='lat' dir='ltr'><strong>ipsis</strong></span> <span class='ocrx_word' id='word_1_520' title='bbox 3411 708 3669 765; x_wconf 71' lang='lat' dir='ltr'><strong>afferrent</strong></span> 
     </span>
    </p>
   </div>
   <div class='ocr_carea' id='block_1_66' title="bbox 2087 783 3671 861">
    <p class='ocr_par' dir='ltr' id='par_1_66' title="bbox 2087 783 3671 861">
     <span class='ocr_line' id='line_1_66' title="bbox 2087 783 3671 861; baseline 0.012 -25"><span class='ocrx_word' id='word_1_521' title='bbox 2087 783 2243 843; x_wconf 84' lang='lat' dir='ltr'><strong>bona,</strong></span> <span class='ocrx_word' id='word_1_522' title='bbox 2278 784 2432 853; x_wconf 86' lang='lat' dir='ltr'><strong>idque</strong></span> <span class='ocrx_word' id='word_1_523' title='bbox 2461 803 2581 841; x_wconf 89' lang='lat' dir='ltr'><strong>cum</strong></span> <span class='ocrx_word' id='word_1_524' title='bbox 2613 791 2756 843; x_wconf 90' lang='lat' dir='ltr'><strong>mille</strong></span> <span class='ocrx_word' id='word_1_525' title='bbox 2781 790 2848 843; x_wconf 90' lang='lat' dir='ltr'><strong>ab</strong></span> <span class='ocrx_word' id='word_1_526' title='bbox 2877 792 3005 858; x_wconf 83' lang='lat' dir='ltr'><strong>ipsis</strong></span> <span class='ocrx_word' id='word_1_527' title='bbox 3034 796 3237 861; x_wconf 82' lang='lat' dir='ltr'><strong>passuri</strong></span> <span class='ocrx_word' id='word_1_528' title='bbox 3274 808 3456 852; x_wconf 87' lang='lat' dir='ltr'><strong>essent</strong></span> <span class='ocrx_word' id='word_1_529' title='bbox 3482 801 3618 855; x_wconf 87' lang='lat' dir='ltr'><strong>mala</strong></span> <span class='ocrx_word' id='word_1_530' title='bbox 3648 802 3671 854; x_wconf 71' lang='grc'><strong><em>2</em></strong></span> 
     </span>
    </p>
   </div>
   <div class='ocr_carea' id='block_1_67' title="bbox 2086 868 3667 956">
    <p class='ocr_par' dir='ltr' id='par_1_67' title="bbox 2086 868 3667 956">
     <span class='ocr_line' id='line_1_67' title="bbox 2086 868 3667 956; baseline 0.012 -32"><span class='ocrx_word' id='word_1_531' title='bbox 2086 872 2157 924; x_wconf 81' lang='lat' dir='ltr'><strong>At</strong></span> <span class='ocrx_word' id='word_1_532' title='bbox 2182 882 2234 924; x_wconf 93' lang='lat' dir='ltr'><strong>tu</strong></span> <span class='ocrx_word' id='word_1_533' title='bbox 2265 873 2422 929; x_wconf 70' lang='lat' dir='ltr'><strong>laesus</strong></span> <span class='ocrx_word' id='word_1_534' title='bbox 2448 868 2733 931; x_wconf 77' lang='lat' dir='ltr'><strong>admodum</strong></span> <span class='ocrx_word' id='word_1_535' title='bbox 2763 881 2866 935; x_wconf 84' lang='lat' dir='ltr'><strong>es?</strong></span> <span class='ocrx_word' id='word_1_536' title='bbox 2894 883 2959 936; x_wconf 86' lang='lat' dir='ltr'><strong>Et</strong></span> <span class='ocrx_word' id='word_1_537' title='bbox 2982 884 3106 950; x_wconf 89' lang='lat' dir='ltr'><strong>quid</strong></span> <span class='ocrx_word' id='word_1_538' title='bbox 3140 894 3340 940; x_wconf 88' lang='lat' dir='ltr'><strong>tantum</strong></span> <span class='ocrx_word' id='word_1_539' title='bbox 3373 902 3561 956; x_wconf 80' lang='lat' dir='ltr'><strong>passus</strong></span> <span class='ocrx_word' id='word_1_540' title='bbox 3587 906 3667 953; x_wconf 83' lang='lat' dir='ltr'><strong>es,</strong></span> 
     </span>
    </p>
   </div>
   <div class='ocr_carea' id='block_1_68' title="bbox 2087 966 3669 1045">
    <p class='ocr_par' dir='ltr' id='par_1_68' title="bbox 2087 966 3669 1045">
     <span class='ocr_line' id='line_1_68' title="bbox 2087 966 3669 1045; baseline 0.015 -33"><span class='ocrx_word' id='word_1_541' title='bbox 2087 974 2341 1029; x_wconf 88' lang='lat' dir='ltr'><strong>quantum</strong></span> <span class='ocrx_word' id='word_1_542' title='bbox 2382 966 2636 1022; x_wconf 90' lang='lat' dir='ltr'><strong>Dominus</strong></span> <span class='ocrx_word' id='word_1_543' title='bbox 2662 980 2802 1036; x_wconf 90' lang='lat' dir='ltr'><strong>tuus,</strong></span> <span class='ocrx_word' id='word_1_544' title='bbox 2835 973 3061 1036; x_wconf 86' lang='lat' dir='ltr'><strong>vinctus,</strong></span> <span class='ocrx_word' id='word_1_545' title='bbox 3093 977 3333 1045; x_wconf 85' lang='lat' dir='ltr'><strong>colaphis</strong></span> <span class='ocrx_word' id='word_1_546' title='bbox 3358 996 3549 1045; x_wconf 62' lang='lat' dir='ltr'><strong>caasus,</strong></span> <span class='ocrx_word' id='word_1_547' title='bbox 3576 983 3669 1036; x_wconf 77' lang='lat' dir='ltr'><strong>lla-</strong></span> 
     </span>
    </p>
   </div>
   <div class='ocr_carea' id='block_1_69' title="bbox 2086 1058 3667 1139">
    <p class='ocr_par' dir='ltr' id='par_1_69' title="bbox 2086 1058 3667 1139">
     <span class='ocr_line' id='line_1_69' title="bbox 2086 1058 3667 1139; baseline 0.012 -30"><span class='ocrx_word' id='word_1_548' title='bbox 2086 1058 2330 1126; x_wconf 86' lang='lat' dir='ltr'><strong>gellatus,</strong></span> <span class='ocrx_word' id='word_1_549' title='bbox 2359 1076 2385 1109; x_wconf 90' lang='lat' dir='ltr'><strong>a</strong></span> <span class='ocrx_word' id='word_1_550' title='bbox 2417 1061 2588 1115; x_wconf 86' lang='lat' dir='ltr'><strong>servis</strong></span> <span class='ocrx_word' id='word_1_551' title='bbox 2610 1075 2921 1133; x_wconf 88' lang='lat' dir='ltr'><strong>consputus,</strong></span> <span class='ocrx_word' id='word_1_552' title='bbox 2955 1079 3178 1123; x_wconf 89' lang='lat' dir='ltr'><strong>mortem</strong></span> <span class='ocrx_word' id='word_1_553' title='bbox 3203 1086 3410 1139; x_wconf 88' lang='lat' dir='ltr'><strong>passus,</strong></span> <span class='ocrx_word' id='word_1_554' title='bbox 3442 1087 3667 1128; x_wconf 88' lang='lat' dir='ltr'><strong>mortem</strong></span> 
     </span>
    </p>
   </div>
   <div class='ocr_carea' id='block_1_70' title="bbox 2088 1150 3668 1231">
    <p class='ocr_par' dir='ltr' id='par_1_70' title="bbox 2088 1150 3668 1231">
     <span class='ocr_line' id='line_1_70' title="bbox 2088 1150 3668 1231; baseline 0.013 -30"><span class='ocrx_word' id='word_1_555' title='bbox 2088 1150 2717 1221; x_wconf 82' lang='lat' dir='ltr'><strong>omnium.turpissimmn</strong></span> <span class='ocrx_word' id='word_1_556' title='bbox 2745 1197 2757 1218; x_wconf 86' lang='lat'><strong>,</strong></span> <span class='ocrx_word' id='word_1_557' title='bbox 2790 1156 2950 1231; x_wconf 88' lang='lat' dir='ltr'><strong>idque</strong></span> <span class='ocrx_word' id='word_1_558' title='bbox 2996 1170 3115 1228; x_wconf 88' lang='lat' dir='ltr'><strong>post</strong></span> <span class='ocrx_word' id='word_1_559' title='bbox 3146 1162 3293 1218; x_wconf 89' lang='lat' dir='ltr'><strong>mille</strong></span> <span class='ocrx_word' id='word_1_560' title='bbox 3327 1165 3470 1218; x_wconf 88' lang='lat' dir='ltr'><strong>illata</strong></span> <span class='ocrx_word' id='word_1_561' title='bbox 3506 1166 3668 1221; x_wconf 39' lang='lat' dir='ltr'><strong>bene‘</strong></span> 
     </span>
    </p>
   </div>
   <div class='ocr_carea' id='block_1_71' title="bbox 2091 1238 3672 1326">
    <p class='ocr_par' dir='ltr' id='par_1_71' title="bbox 2091 1238 3672 1326">
     <span class='ocr_line' id='line_1_71' title="bbox 2091 1238 3672 1326; baseline 0.014 -36"><span class='ocrx_word' id='word_1_562' title='bbox 2091 1238 2203 1291; x_wconf 89' lang='lat' dir='ltr'><strong>ﬁcia</strong></span> <span class='ocrx_word' id='word_1_563' title='bbox 2226 1241 2250 1291; x_wconf 87' lang='lat'><strong>?</strong></span> <span class='ocrx_word' id='word_1_564' title='bbox 2278 1241 2332 1294; x_wconf 88' lang='lat' dir='ltr'><strong>Si</strong></span> <span class='ocrx_word' id='word_1_565' title='bbox 2358 1258 2515 1311; x_wconf 89' lang='lat' dir='ltr'><strong>porro</strong></span> <span class='ocrx_word' id='word_1_566' title='bbox 2548 1246 2766 1299; x_wconf 85' lang='lat' dir='ltr'><strong>multum</strong></span> <span class='ocrx_word' id='word_1_567' title='bbox 2794 1248 2951 1302; x_wconf 83' lang='lat' dir='ltr'><strong>la-sus</strong></span> <span class='ocrx_word' id='word_1_568' title='bbox 2978 1251 3080 1315; x_wconf 88' lang='lat' dir='ltr'><strong>sis,</strong></span> <span class='ocrx_word' id='word_1_569' title='bbox 3125 1252 3244 1307; x_wconf 91' lang='lat' dir='ltr'><strong>ideo</strong></span> <span class='ocrx_word' id='word_1_570' title='bbox 3279 1256 3510 1310; x_wconf 80' lang='lat' dir='ltr'><strong>maxime</strong></span> <span class='ocrx_word' id='word_1_571' title='bbox 3540 1257 3672 1326; x_wconf 90' lang='lat' dir='ltr'><strong>ipsis</strong></span> 
     </span>
    </p>
   </div>
   <div class='ocr_carea' id='block_1_72' title="bbox 2092 1329 3670 1408">
    <p class='ocr_par' dir='ltr' id='par_1_72' title="bbox 2092 1329 3670 1408">
     <span class='ocr_line' id='line_1_72' title="bbox 2092 1329 3670 1408; baseline 0.011 -25"><span class='ocrx_word' id='word_1_572' title='bbox 2092 1329 2342 1384; x_wconf 85' lang='lat' dir='ltr'><strong>beneﬁcia</strong></span> <span class='ocrx_word' id='word_1_573' title='bbox 2365 1335 2568 1399; x_wconf 82' lang='lat' dir='ltr'><strong>confer,</strong></span> <span class='ocrx_word' id='word_1_574' title='bbox 2590 1347 2644 1389; x_wconf 91' lang='lat' dir='ltr'><strong>ut</strong></span> <span class='ocrx_word' id='word_1_575' title='bbox 2668 1347 2721 1392; x_wconf 90' lang='lat' dir='ltr'><strong>et</strong></span> <span class='ocrx_word' id='word_1_576' title='bbox 2749 1340 2836 1391; x_wconf 86' lang='lat' dir='ltr'><strong>tibi</strong></span> <span class='ocrx_word' id='word_1_577' title='bbox 2865 1342 3276 1408; x_wconf 76' lang='lat' dir='ltr'><strong>splendidiorem</strong></span> <span class='ocrx_word' id='word_1_578' title='bbox 3305 1356 3486 1401; x_wconf 81' lang='lat' dir='ltr'><strong>nectas</strong></span> <span class='ocrx_word' id='word_1_579' title='bbox 3512 1365 3670 1403; x_wconf 85' lang='lat' dir='ltr'><strong>coro-</strong></span> 
     </span>
    </p>
   </div>
   <div class='ocr_carea' id='block_1_73' title="bbox 2092 1424 3668 1497">
    <p class='ocr_par' dir='ltr' id='par_1_73' title="bbox 2092 1424 3668 1497">
     <span class='ocr_line' id='line_1_73' title="bbox 2092 1424 3668 1497; baseline 0.013 -23"><span class='ocrx_word' id='word_1_580' title='bbox 2092 1438 2233 1483; x_wconf 82' lang='lat' dir='ltr'><strong>nam.</strong></span> <span class='ocrx_word' id='word_1_581' title='bbox 2265 1436 2318 1477; x_wconf 91' lang='lat' dir='ltr'><strong>et</strong></span> <span class='ocrx_word' id='word_1_582' title='bbox 2348 1424 2561 1479; x_wconf 77' lang='lat' dir='ltr'><strong>fratrem</strong></span> <span class='ocrx_word' id='word_1_583' title='bbox 2585 1444 2612 1480; x_wconf 84' lang='lat' dir='ltr'><strong>a</strong></span> <span class='ocrx_word' id='word_1_584' title='bbox 2636 1431 2948 1497; x_wconf 84' lang='lat' dir='ltr'><strong>gravissimo</strong></span> <span class='ocrx_word' id='word_1_585' title='bbox 2976 1436 3163 1489; x_wconf 84' lang='lat' dir='ltr'><strong>morbo</strong></span> <span class='ocrx_word' id='word_1_586' title='bbox 3204 1436 3418 1492; x_wconf 84' lang='lat' dir='ltr'><strong>liberes.</strong></span> <span class='ocrx_word' id='word_1_587' title='bbox 3458 1439 3587 1493; x_wconf 86' lang='lat' dir='ltr'><strong>Nam</strong></span> <span class='ocrx_word' id='word_1_588' title='bbox 3614 1451 3668 1494; x_wconf 91' lang='lat' dir='ltr'><strong>et</strong></span> 
     </span>
    </p>
   </div>
   <div class='ocr_carea' id='block_1_74' title="bbox 2091 1517 3671 1599">
    <p class='ocr_par' dir='ltr' id='par_1_74' title="bbox 2091 1517 3671 1599">
     <span class='ocr_line' id='line_1_74' title="bbox 2091 1517 3671 1599; baseline 0.01 -32"><span class='ocrx_word' id='word_1_589' title='bbox 2091 1517 2280 1572; x_wconf 61' lang='lat' dir='ltr'><strong>medici</strong></span> <span class='ocrx_word' id='word_1_590' title='bbox 2302 1560 2315 1583; x_wconf 93' lang='lat'><strong>,</strong></span> <span class='ocrx_word' id='word_1_591' title='bbox 2365 1520 2574 1588; x_wconf 85' lang='lat' dir='ltr'><strong>quando</strong></span> <span class='ocrx_word' id='word_1_592' title='bbox 2601 1522 2668 1575; x_wconf 88' lang='lat' dir='ltr'><strong>ab</strong></span> <span class='ocrx_word' id='word_1_593' title='bbox 2695 1539 2836 1591; x_wconf 78' lang='lat' dir='ltr'><strong>a-gro</strong></span> <span class='ocrx_word' id='word_1_594' title='bbox 2868 1524 3074 1578; x_wconf 81' lang='lat' dir='ltr'><strong>furente</strong></span> <span class='ocrx_word' id='word_1_595' title='bbox 3099 1528 3334 1583; x_wconf 86' lang='lat' dir='ltr'><strong>ealcibus</strong></span> <span class='ocrx_word' id='word_1_596' title='bbox 3381 1540 3434 1584; x_wconf 92' lang='lat' dir='ltr'><strong>et</strong></span> <span class='ocrx_word' id='word_1_597' title='bbox 3465 1531 3671 1599; x_wconf 80' lang='lat' dir='ltr'><strong>injuriis</strong></span> 
     </span>
    </p>
   </div>
   <div class='ocr_carea' id='block_1_75' title="bbox 2092 1616 3673 1687">
    <p class='ocr_par' dir='ltr' id='par_1_75' title="bbox 2092 1616 3673 1687">
     <span class='ocr_line' id='line_1_75' title="bbox 2092 1616 3673 1687; baseline 0.008 -22"><span class='ocrx_word' id='word_1_598' title='bbox 2092 1616 2439 1683; x_wconf 88' lang='lat' dir='ltr'><strong>impetuntur,</strong></span> <span class='ocrx_word' id='word_1_599' title='bbox 2490 1626 2613 1667; x_wconf 89' lang='lat' dir='ltr'><strong>tunc</strong></span> <span class='ocrx_word' id='word_1_600' title='bbox 2658 1616 2887 1670; x_wconf 76' lang='lat' dir='ltr'><strong>maxime</strong></span> <span class='ocrx_word' id='word_1_601' title='bbox 2935 1619 3077 1687; x_wconf 87' lang='lat' dir='ltr'><strong>ipsos</strong></span> <span class='ocrx_word' id='word_1_602' title='bbox 3128 1621 3469 1686; x_wconf 87' lang='lat' dir='ltr'><strong>miserantur,</strong></span> <span class='ocrx_word' id='word_1_603' title='bbox 3512 1633 3564 1676; x_wconf 87' lang='lat' dir='ltr'><strong>et</strong></span> <span class='ocrx_word' id='word_1_604' title='bbox 3605 1624 3673 1677; x_wconf 76' lang='lat' dir='ltr'><strong>ad</strong></span> 
     </span>
    </p>
   </div>
   <div class='ocr_carea' id='block_1_76' title="bbox 2090 1706 3671 1782">
    <p class='ocr_par' dir='ltr' id='par_1_76' title="bbox 2090 1706 3671 1782">
     <span class='ocr_line' id='line_1_76' title="bbox 2090 1706 3671 1782; baseline 0.004 -22"><span class='ocrx_word' id='word_1_605' title='bbox 2090 1707 2370 1762; x_wconf 85' lang='lat' dir='ltr'><strong>sanitatem</strong></span> <span class='ocrx_word' id='word_1_606' title='bbox 2423 1708 2552 1776; x_wconf 78' lang='lat' dir='ltr'><strong>ipsis</strong></span> <span class='ocrx_word' id='word_1_607' title='bbox 2595 1706 2979 1762; x_wconf 87' lang='lat' dir='ltr'><strong>restituendam</strong></span> <span class='ocrx_word' id='word_1_608' title='bbox 3029 1724 3149 1764; x_wconf 85' lang='lat' dir='ltr'><strong>sese</strong></span> <span class='ocrx_word' id='word_1_609' title='bbox 3194 1722 3475 1779; x_wconf 88' lang='lat' dir='ltr'><strong>apparant,</strong></span> <span class='ocrx_word' id='word_1_610' title='bbox 3522 1717 3671 1782; x_wconf 85' lang='lat' dir='ltr'><strong>gnari</strong></span> 
     </span>
    </p>
   </div>
   <div class='ocr_carea' id='block_1_77' title="bbox 2090 1801 3672 1873">
    <p class='ocr_par' dir='ltr' id='par_1_77' title="bbox 2090 1801 3672 1873">
     <span class='ocr_line' id='line_1_77' title="bbox 2090 1801 3672 1873; baseline 0.004 -20"><span class='ocrx_word' id='word_1_611' title='bbox 2090 1802 2463 1855; x_wconf 85' lang='lat' dir='ltr'><strong>contumeliam</strong></span> <span class='ocrx_word' id='word_1_612' title='bbox 2495 1801 2635 1853; x_wconf 90' lang='lat' dir='ltr'><strong>illam</strong></span> <span class='ocrx_word' id='word_1_613' title='bbox 2665 1819 2693 1854; x_wconf 89' lang='lat' dir='ltr'><strong>a</strong></span> <span class='ocrx_word' id='word_1_614' title='bbox 2728 1802 2973 1855; x_wconf 79' lang='lat' dir='ltr'><strong>violentia</strong></span> <span class='ocrx_word' id='word_1_615' title='bbox 3006 1804 3174 1858; x_wconf 91' lang='lat' dir='ltr'><strong>morbi</strong></span> <span class='ocrx_word' id='word_1_616' title='bbox 3204 1804 3490 1873; x_wconf 88' lang='lat' dir='ltr'><strong>proﬁcisci.</strong></span> <span class='ocrx_word' id='word_1_617' title='bbox 3524 1807 3588 1859; x_wconf 78' lang='lat' dir='ltr'><strong>Et</strong></span> <span class='ocrx_word' id='word_1_618' title='bbox 3617 1818 3672 1860; x_wconf 90' lang='lat' dir='ltr'><strong>tu</strong></span> 
     </span>
    </p>
   </div>
   <div class='ocr_carea' id='block_1_78' title="bbox 2092 1892 3675 1961">
    <p class='ocr_par' dir='ltr' id='par_1_78' title="bbox 2092 1892 3675 1961">
     <span class='ocr_line' id='line_1_78' title="bbox 2092 1892 3675 1961; baseline 0.004 -16"><span class='ocrx_word' id='word_1_619' title='bbox 2092 1892 2269 1961; x_wconf 87' lang='lat' dir='ltr'><strong>itaque</strong></span> <span class='ocrx_word' id='word_1_620' title='bbox 2302 1893 2436 1946; x_wconf 88' lang='lat' dir='ltr'><strong>hanc</strong></span> <span class='ocrx_word' id='word_1_621' title='bbox 2462 1893 2600 1946; x_wconf 88' lang='lat' dir='ltr'><strong>circa</strong></span> <span class='ocrx_word' id='word_1_622' title='bbox 2625 1893 2959 1947; x_wconf 64' lang='lat' dir='ltr'><strong>insidiatores</strong></span> <span class='ocrx_word' id='word_1_623' title='bbox 2984 1904 3162 1950; x_wconf 88' lang='lat' dir='ltr'><strong>teneto</strong></span> <span class='ocrx_word' id='word_1_624' title='bbox 3187 1899 3503 1950; x_wconf 88' lang='lat' dir='ltr'><strong>sententiam</strong></span> <span class='ocrx_word' id='word_1_625' title='bbox 3529 1939 3543 1961; x_wconf 93' lang='lat'><strong>,</strong></span> <span class='ocrx_word' id='word_1_626' title='bbox 3574 1898 3675 1951; x_wconf 81' lang='lat' dir='ltr'><strong>sic-</strong></span> 
     </span>
    </p>
   </div>
   <div class='ocr_carea' id='block_1_79' title="bbox 2092 1991 3672 2061">
    <p class='ocr_par' dir='ltr' id='par_1_79' title="bbox 2092 1991 3672 2061">
     <span class='ocr_line' id='line_1_79' title="bbox 2092 1991 3672 2061; baseline 0.001 -18"><span class='ocrx_word' id='word_1_627' title='bbox 2092 2008 2197 2061; x_wconf 88' lang='lat' dir='ltr'><strong>que</strong></span> <span class='ocrx_word' id='word_1_628' title='bbox 2239 2006 2363 2060; x_wconf 87' lang='lat' dir='ltr'><strong>erga</strong></span> <span class='ocrx_word' id='word_1_629' title='bbox 2410 1991 2665 2045; x_wconf 82' lang='lat' dir='ltr'><strong>la-deutes</strong></span> <span class='ocrx_word' id='word_1_630' title='bbox 2695 2003 2744 2043; x_wconf 85' lang='lat' dir='ltr'><strong>te</strong></span> <span class='ocrx_word' id='word_1_631' title='bbox 2772 2007 2925 2059; x_wconf 66' lang='lat' dir='ltr'><strong>geras</strong></span> <span class='ocrx_word' id='word_1_632' title='bbox 2960 2010 2971 2043; x_wconf 92' lang='lat'><strong>:</strong></span> <span class='ocrx_word' id='word_1_633' title='bbox 3013 1991 3084 2044; x_wconf 90' lang='lat' dir='ltr'><strong>illi</strong></span> <span class='ocrx_word' id='word_1_634' title='bbox 3131 2007 3361 2061; x_wconf 87' lang='lat' dir='ltr'><strong>namque</strong></span> <span class='ocrx_word' id='word_1_635' title='bbox 3407 2002 3533 2045; x_wconf 88' lang='lat' dir='ltr'><strong>sunt</strong></span> <span class='ocrx_word' id='word_1_636' title='bbox 3586 1994 3672 2060; x_wconf 85' lang='lat' dir='ltr'><strong>qui</strong></span> 
     </span>
    </p>
   </div>
   <div class='ocr_carea' id='block_1_80' title="bbox 2095 2083 3673 2153">
    <p class='ocr_par' dir='ltr' id='par_1_80' title="bbox 2095 2083 3673 2153">
     <span class='ocr_line' id='line_1_80' title="bbox 2095 2083 3673 2153; baseline 0.001 -17"><span class='ocrx_word' id='word_1_637' title='bbox 2095 2100 2218 2138; x_wconf 89' lang='lat' dir='ltr'><strong>vere</strong></span> <span class='ocrx_word' id='word_1_638' title='bbox 2243 2084 2428 2138; x_wconf 88' lang='lat' dir='ltr'><strong>morbo</strong></span> <span class='ocrx_word' id='word_1_639' title='bbox 2450 2084 2691 2137; x_wconf 89' lang='lat' dir='ltr'><strong>laborant</strong></span> <span class='ocrx_word' id='word_1_640' title='bbox 2718 2093 2773 2139; x_wconf 87' lang='lat' dir='ltr'><strong>et</strong></span> <span class='ocrx_word' id='word_1_641' title='bbox 2796 2083 2897 2137; x_wconf 90' lang='lat' dir='ltr'><strong>vim</strong></span> <span class='ocrx_word' id='word_1_642' title='bbox 2924 2083 3197 2153; x_wconf 90' lang='lat' dir='ltr'><strong>patiuntur</strong></span> <span class='ocrx_word' id='word_1_643' title='bbox 3221 2101 3454 2138; x_wconf 89' lang='lat' dir='ltr'><strong>omnem.</strong></span> <span class='ocrx_word' id='word_1_644' title='bbox 3483 2085 3673 2139; x_wconf 86' lang='lat' dir='ltr'><strong>Libera</strong></span> 
     </span>
    </p>
   </div>
   <div class='ocr_carea' id='block_1_81' title="bbox 2096 2173 3673 2245">
    <p class='ocr_par' dir='ltr' id='par_1_81' title="bbox 2096 2173 3673 2245">
     <span class='ocr_line' id='line_1_81' title="bbox 2096 2173 3673 2245; baseline -0.001 -17"><span class='ocrx_word' id='word_1_645' title='bbox 2096 2175 2256 2245; x_wconf 74' lang='lat' dir='ltr'><strong>igitur</strong></span> <span class='ocrx_word' id='word_1_646' title='bbox 2281 2190 2400 2228; x_wconf 92' lang='lat' dir='ltr'><strong>eum</strong></span> <span class='ocrx_word' id='word_1_647' title='bbox 2434 2191 2461 2227; x_wconf 92' lang='lat' dir='ltr'><strong>a</strong></span> <span class='ocrx_word' id='word_1_648' title='bbox 2489 2175 2635 2245; x_wconf 81' lang='lat' dir='ltr'><strong>gravi</strong></span> <span class='ocrx_word' id='word_1_649' title='bbox 2661 2176 2759 2228; x_wconf 89' lang='lat' dir='ltr'><strong>isto</strong></span> <span class='ocrx_word' id='word_1_650' title='bbox 2783 2173 3000 2238; x_wconf 90' lang='lat' dir='ltr'><strong>damno,</strong></span> <span class='ocrx_word' id='word_1_651' title='bbox 3027 2182 3079 2228; x_wconf 86' lang='lat' dir='ltr'><strong>et</strong></span> <span class='ocrx_word' id='word_1_652' title='bbox 3108 2174 3174 2228; x_wconf 87' lang='lat' dir='ltr'><strong>da</strong></span> <span class='ocrx_word' id='word_1_653' title='bbox 3201 2191 3417 2243; x_wconf 79' lang='lat' dir='ltr'><strong>cperam</strong></span> <span class='ocrx_word' id='word_1_654' title='bbox 3461 2187 3514 2229; x_wconf 90' lang='lat' dir='ltr'><strong>ut</strong></span> <span class='ocrx_word' id='word_1_655' title='bbox 3542 2177 3673 2229; x_wconf 88' lang='lat' dir='ltr'><strong>iram</strong></span> 
     </span>
    </p>
   </div>
   <div class='ocr_carea' id='block_1_82' title="bbox 2096 2265 3673 2335">
    <p class='ocr_par' dir='ltr' id='par_1_82' title="bbox 2096 2265 3673 2335">
     <span class='ocr_line' id='line_1_82' title="bbox 2096 2265 3673 2335; baseline 0 -16"><span class='ocrx_word' id='word_1_656' title='bbox 2096 2265 2365 2331; x_wconf 88' lang='lat' dir='ltr'><strong>remittat;</strong></span> <span class='ocrx_word' id='word_1_657' title='bbox 2392 2283 2420 2319; x_wconf 84' lang='lat' dir='ltr'><strong>a</strong></span> <span class='ocrx_word' id='word_1_658' title='bbox 2442 2282 2587 2320; x_wconf 64' lang='lat' dir='ltr'><strong>satvo</strong></span> <span class='ocrx_word' id='word_1_659' title='bbox 2608 2266 2872 2329; x_wconf 66' lang='lat' dir='ltr'><strong>dzemone,</strong></span> <span class='ocrx_word' id='word_1_660' title='bbox 2906 2282 3095 2335; x_wconf 88' lang='lat' dir='ltr'><strong>nempe</strong></span> <span class='ocrx_word' id='word_1_661' title='bbox 3124 2268 3321 2332; x_wconf 87' lang='lat' dir='ltr'><strong>lur0re,</strong></span> <span class='ocrx_word' id='word_1_662' title='bbox 3347 2269 3513 2335; x_wconf 78' lang='lat' dir='ltr'><strong>eripe.</strong></span> <span class='ocrx_word' id='word_1_663' title='bbox 3544 2268 3673 2320; x_wconf 84' lang='lat' dir='ltr'><strong>Nam</strong></span> 
     </span>
    </p>
   </div>
   <div class='ocr_carea' id='block_1_83' title="bbox 2092 2359 3675 2429">
    <p class='ocr_par' dir='ltr' id='par_1_83' title="bbox 2092 2359 3675 2429">
     <span class='ocr_line' id='line_1_83' title="bbox 2092 2359 3675 2429; baseline -0.001 -15"><span class='ocrx_word' id='word_1_664' title='bbox 2092 2376 2217 2414; x_wconf 89' lang='lat' dir='ltr'><strong>cum</strong></span> <span class='ocrx_word' id='word_1_665' title='bbox 2249 2359 2609 2412; x_wconf 90' lang='lat' dir='ltr'><strong>da-moniacos</strong></span> <span class='ocrx_word' id='word_1_666' title='bbox 2640 2359 2901 2424; x_wconf 85' lang='lat' dir='ltr'><strong>videmus,</strong></span> <span class='ocrx_word' id='word_1_667' title='bbox 2946 2359 3333 2429; x_wconf 85' lang='lat' dir='ltr'><strong>lacrymamur,</strong></span> <span class='ocrx_word' id='word_1_668' title='bbox 3366 2375 3537 2429; x_wconf 87' lang='lat' dir='ltr'><strong>neque</strong></span> <span class='ocrx_word' id='word_1_669' title='bbox 3565 2370 3675 2414; x_wconf 89' lang='lat' dir='ltr'><strong>stu-</strong></span> 
     </span>
    </p>
   </div>
   <div class='ocr_carea' id='block_1_84' title="bbox 2096 2450 3676 2521">
    <p class='ocr_par' dir='ltr' id='par_1_84' title="bbox 2096 2450 3676 2521">
     <span class='ocr_line' id='line_1_84' title="bbox 2096 2450 3676 2521; baseline 0.002 -17"><span class='ocrx_word' id='word_1_670' title='bbox 2096 2455 2284 2504; x_wconf 86' lang='lat' dir='ltr'><strong>demus</strong></span> <span class='ocrx_word' id='word_1_671' title='bbox 2329 2451 2426 2519; x_wconf 83' lang='lat' dir='ltr'><strong>ipsi</strong></span> <span class='ocrx_word' id='word_1_672' title='bbox 2458 2467 2487 2504; x_wconf 89' lang='lat' dir='ltr'><strong>a</strong></span> <span class='ocrx_word' id='word_1_673' title='bbox 2519 2451 2761 2504; x_wconf 69' lang='lat' dir='ltr'><strong>daemone</strong></span> <span class='ocrx_word' id='word_1_674' title='bbox 2802 2451 3009 2518; x_wconf 87' lang='lat' dir='ltr'><strong>agitari.</strong></span> <span class='ocrx_word' id='word_1_675' title='bbox 3042 2450 3149 2503; x_wconf 90' lang='lat' dir='ltr'><strong>lloc</strong></span> <span class='ocrx_word' id='word_1_676' title='bbox 3178 2452 3333 2519; x_wconf 77' lang='lat' dir='ltr'><strong>igitur</strong></span> <span class='ocrx_word' id='word_1_677' title='bbox 3357 2467 3481 2521; x_wconf 85' lang='lat' dir='ltr'><strong>erga</strong></span> <span class='ocrx_word' id='word_1_678' title='bbox 3513 2452 3676 2509; x_wconf 89' lang='lat' dir='ltr'><strong>iratos</strong></span> 
     </span>
    </p>
   </div>
   <div class='ocr_carea' id='block_1_85' title="bbox 2098 2542 3676 2610">
    <p class='ocr_par' dir='ltr' id='par_1_85' title="bbox 2098 2542 3676 2610">
     <span class='ocr_line' id='line_1_85' title="bbox 2098 2542 3676 2610; baseline 0.001 -12"><span class='ocrx_word' id='word_1_679' title='bbox 2098 2560 2235 2599; x_wconf 91' lang='lat' dir='ltr'><strong>nunc</strong></span> <span class='ocrx_word' id='word_1_680' title='bbox 2250 2542 2531 2609; x_wconf 81' lang='lat' dir='ltr'><strong>faciamus;</strong></span> <span class='ocrx_word' id='word_1_681' title='bbox 2558 2560 2677 2597; x_wconf 88' lang='lat' dir='ltr'><strong>nam</strong></span> <span class='ocrx_word' id='word_1_682' title='bbox 2707 2546 2768 2598; x_wconf 88' lang='lat' dir='ltr'><strong>iis</strong></span> <span class='ocrx_word' id='word_1_683' title='bbox 2789 2545 2987 2599; x_wconf 85' lang='lat' dir='ltr'><strong>similes</strong></span> <span class='ocrx_word' id='word_1_684' title='bbox 3008 2557 3130 2599; x_wconf 90' lang='lat' dir='ltr'><strong>sunt</strong></span> <span class='ocrx_word' id='word_1_685' title='bbox 3155 2545 3421 2610; x_wconf 84' lang='lat' dir='ltr'><strong>iracundi;</strong></span> <span class='ocrx_word' id='word_1_686' title='bbox 3448 2544 3553 2598; x_wconf 88' lang='lat' dir='ltr'><strong>imo</strong></span> <span class='ocrx_word' id='word_1_687' title='bbox 3578 2546 3676 2600; x_wconf 76' lang='lat' dir='ltr'><strong>illis</strong></span> 
     </span>
    </p>
   </div>
   <div class='ocr_carea' id='block_1_86' title="bbox 2096 2637 3674 2707">
    <p class='ocr_par' dir='ltr' id='par_1_86' title="bbox 2096 2637 3674 2707">
     <span class='ocr_line' id='line_1_86' title="bbox 2096 2637 3674 2707; baseline 0.002 -17"><span class='ocrx_word' id='word_1_688' title='bbox 2096 2637 2402 2690; x_wconf 85' lang='lat' dir='ltr'><strong>miseriores</strong></span> <span class='ocrx_word' id='word_1_689' title='bbox 2453 2646 2617 2699; x_wconf 88' lang='lat' dir='ltr'><strong>sunt,</strong></span> <span class='ocrx_word' id='word_1_690' title='bbox 2668 2637 2757 2706; x_wconf 88' lang='lat' dir='ltr'><strong>qui</strong></span> <span class='ocrx_word' id='word_1_691' title='bbox 2810 2637 3057 2691; x_wconf 89' lang='lat' dir='ltr'><strong>sensibus</strong></span> <span class='ocrx_word' id='word_1_692' title='bbox 3105 2637 3325 2707; x_wconf 84' lang='lat' dir='ltr'><strong>integris</strong></span> <span class='ocrx_word' id='word_1_693' title='bbox 3381 2638 3674 2694; x_wconf 88' lang='lat' dir='ltr'><strong>insaniunt.</strong></span> 
     </span>
    </p>
   </div>
   <div class='ocr_carea' id='block_1_87' title="bbox 2096 2727 3673 2795">
    <p class='ocr_par' dir='ltr' id='par_1_87' title="bbox 2096 2727 3673 2795">
     <span class='ocr_line' id='line_1_87' title="bbox 2096 2727 3673 2795; baseline 0.001 -16"><span class='ocrx_word' id='word_1_694' title='bbox 2096 2727 2453 2795; x_wconf 80' lang='lat' dir='ltr'><strong>Quamobrem</strong></span> <span class='ocrx_word' id='word_1_695' title='bbox 2506 2727 2716 2780; x_wconf 88' lang='lat' dir='ltr'><strong>illormn</strong></span> <span class='ocrx_word' id='word_1_696' title='bbox 2746 2727 2976 2780; x_wconf 90' lang='lat' dir='ltr'><strong>amentia</strong></span> <span class='ocrx_word' id='word_1_697' title='bbox 3010 2729 3215 2780; x_wconf 89' lang='lat' dir='ltr'><strong>veniam</strong></span> <span class='ocrx_word' id='word_1_698' title='bbox 3262 2744 3366 2781; x_wconf 94' lang='lat' dir='ltr'><strong>non</strong></span> <span class='ocrx_word' id='word_1_699' title='bbox 3415 2738 3673 2783; x_wconf 89' lang='lat' dir='ltr'><strong>meretur.</strong></span> 
     </span>
    </p>
   </div>
   <div class='ocr_carea' id='block_1_88' title="bbox 2169 2819 3678 2891">
    <p class='ocr_par' dir='ltr' id='par_1_88' title="bbox 2169 2819 3678 2891">
     <span class='ocr_line' id='line_1_88' title="bbox 2169 2819 3678 2891; baseline 0 -14"><span class='ocrx_word' id='word_1_700' title='bbox 2169 2822 2223 2877; x_wconf 82' lang='lat'><strong>5.</strong></span> <span class='ocrx_word' id='word_1_701' title='bbox 2265 2819 2339 2875; x_wconf 87' lang='lat' dir='ltr'><strong>Ne</strong></span> <span class='ocrx_word' id='word_1_702' title='bbox 2379 2821 2552 2890; x_wconf 87' lang='lat' dir='ltr'><strong>itaque</strong></span> <span class='ocrx_word' id='word_1_703' title='bbox 2572 2820 2833 2890; x_wconf 88' lang='lat' dir='ltr'><strong>jacentem</strong></span> <span class='ocrx_word' id='word_1_704' title='bbox 2863 2820 3103 2882; x_wconf 84' lang='lat' dir='ltr'><strong>invadas.</strong></span> <span class='ocrx_word' id='word_1_705' title='bbox 3140 2823 3245 2875; x_wconf 87' lang='lat' dir='ltr'><strong>imo</strong></span> <span class='ocrx_word' id='word_1_706' title='bbox 3284 2825 3457 2891; x_wconf 88' lang='lat' dir='ltr'><strong>potius</strong></span> <span class='ocrx_word' id='word_1_707' title='bbox 3508 2824 3678 2891; x_wconf 90' lang='lat' dir='ltr'><strong>ipsum</strong></span> 
     </span>
    </p>
   </div>
   <div class='ocr_carea' id='block_1_89' title="bbox 2099 2911 3679 2985">
    <p class='ocr_par' dir='ltr' id='par_1_89' title="bbox 2099 2911 3679 2985">
     <span class='ocr_line' id='line_1_89' title="bbox 2099 2911 3679 2985; baseline 0.001 -18"><span class='ocrx_word' id='word_1_708' title='bbox 2099 2915 2375 2969; x_wconf 89' lang='lat' dir='ltr'><strong>miserare.</strong></span> <span class='ocrx_word' id='word_1_709' title='bbox 2400 2913 2532 2967; x_wconf 82' lang='lat' dir='ltr'><strong>Nam</strong></span> <span class='ocrx_word' id='word_1_710' title='bbox 2562 2914 2606 2967; x_wconf 92' lang='lat' dir='ltr'><strong>si</strong></span> <span class='ocrx_word' id='word_1_711' title='bbox 2637 2911 2937 2983; x_wconf 89' lang='lat' dir='ltr'><strong>quempiam</strong></span> <span class='ocrx_word' id='word_1_712' title='bbox 2966 2913 3243 2969; x_wconf 84' lang='lat' dir='ltr'><strong>videamus</strong></span> <span class='ocrx_word' id='word_1_713' title='bbox 3262 2931 3289 2967; x_wconf 92' lang='lat' dir='ltr'><strong>a</strong></span> <span class='ocrx_word' id='word_1_714' title='bbox 3318 2915 3421 2969; x_wconf 87' lang='lat' dir='ltr'><strong>bile</strong></span> <span class='ocrx_word' id='word_1_715' title='bbox 3447 2917 3679 2985; x_wconf 82' lang='lat' dir='ltr'><strong>exagita-</strong></span> 
     </span>
    </p>
   </div>
   <div class='ocr_carea' id='block_1_90' title="bbox 2101 3005 3676 3074">
    <p class='ocr_par' dir='ltr' id='par_1_90' title="bbox 2101 3005 3676 3074">
     <span class='ocr_line' id='line_1_90' title="bbox 2101 3005 3676 3074; baseline 0 -15"><span class='ocrx_word' id='word_1_716' title='bbox 2101 3014 2209 3059; x_wconf 90' lang='lat' dir='ltr'><strong>tum</strong></span> <span class='ocrx_word' id='word_1_717' title='bbox 2240 3014 2294 3058; x_wconf 87' lang='lat' dir='ltr'><strong>et</strong></span> <span class='ocrx_word' id='word_1_718' title='bbox 2322 3005 2581 3073; x_wconf 87' lang='lat' dir='ltr'><strong>vertigine</strong></span> <span class='ocrx_word' id='word_1_719' title='bbox 2604 3016 2839 3074; x_wconf 84' lang='lat' dir='ltr'><strong>captum,</strong></span> <span class='ocrx_word' id='word_1_720' title='bbox 2871 3020 2934 3059; x_wconf 90' lang='lat' dir='ltr'><strong>ac</strong></span> <span class='ocrx_word' id='word_1_721' title='bbox 2966 3020 3183 3074; x_wconf 90' lang='lat' dir='ltr'><strong>pravum</strong></span> <span class='ocrx_word' id='word_1_722' title='bbox 3232 3006 3376 3060; x_wconf 89' lang='lat' dir='ltr'><strong>illum</strong></span> <span class='ocrx_word' id='word_1_723' title='bbox 3402 3006 3676 3061; x_wconf 89' lang='lat' dir='ltr'><strong>humorem</strong></span> 
     </span>
    </p>
   </div>
   <div class='ocr_carea' id='block_1_91' title="bbox 2101 3096 3677 3166">
    <p class='ocr_par' dir='ltr' id='par_1_91' title="bbox 2101 3096 3677 3166">
     <span class='ocr_line' id='line_1_91' title="bbox 2101 3096 3677 3166; baseline -0.001 -16"><span class='ocrx_word' id='word_1_724' title='bbox 2101 3112 2353 3151; x_wconf 89' lang='lat' dir='ltr'><strong>evomere</strong></span> <span class='ocrx_word' id='word_1_725' title='bbox 2391 3096 2752 3162; x_wconf 82' lang='lat' dir='ltr'><strong>festinantem,</strong></span> <span class='ocrx_word' id='word_1_726' title='bbox 2781 3112 2997 3151; x_wconf 85' lang='lat' dir='ltr'><strong>manum</strong></span> <span class='ocrx_word' id='word_1_727' title='bbox 3024 3097 3362 3166; x_wconf 88' lang='lat' dir='ltr'><strong>porrigimus,</strong></span> <span class='ocrx_word' id='word_1_728' title='bbox 3391 3108 3443 3151; x_wconf 86' lang='lat' dir='ltr'><strong>et</strong></span> <span class='ocrx_word' id='word_1_729' title='bbox 3465 3098 3542 3150; x_wconf 88' lang='lat' dir='ltr'><strong>sic</strong></span> <span class='ocrx_word' id='word_1_730' title='bbox 3565 3099 3677 3166; x_wconf 80' lang='lat' dir='ltr'><strong>agi-</strong></span> 
     </span>
    </p>
   </div>
   <div class='ocr_carea' id='block_1_92' title="bbox 2108 3192 3681 3260">
    <p class='ocr_par' dir='ltr' id='par_1_92' title="bbox 2108 3192 3681 3260">
     <span class='ocr_line' id='line_1_92' title="bbox 2108 3192 3681 3260; baseline 0.006 -20"><span class='ocrx_word' id='word_1_731' title='bbox 2108 3194 2276 3240; x_wconf 84' lang='lat' dir='ltr'><strong>talum</strong></span> <span class='ocrx_word' id='word_1_732' title='bbox 2295 3192 2899 3253; x_wconf 85' lang='lat' dir='ltr'><strong>sustentamns,etiamsi</strong></span> <span class='ocrx_word' id='word_1_733' title='bbox 2916 3193 3137 3260; x_wconf 90' lang='lat' dir='ltr'><strong>pallium</strong></span> <span class='ocrx_word' id='word_1_734' title='bbox 3158 3192 3528 3259; x_wconf 84' lang='lat' dir='ltr'><strong>inquinemus,</strong></span> <span class='ocrx_word' id='word_1_735' title='bbox 3547 3195 3681 3249; x_wconf 87' lang='lat' dir='ltr'><strong>nihil</strong></span> 
     </span>
    </p>
   </div>
   <div class='ocr_carea' id='block_1_93' title="bbox 2106 3280 3678 3355">
    <p class='ocr_par' dir='ltr' id='par_1_93' title="bbox 2106 3280 3678 3355">
     <span class='ocr_line' id='line_1_93' title="bbox 2106 3280 3678 3355; baseline 0.007 -26"><span class='ocrx_word' id='word_1_736' title='bbox 2106 3292 2396 3344; x_wconf 89' lang='lat' dir='ltr'><strong>curamus;</strong></span> <span class='ocrx_word' id='word_1_737' title='bbox 2452 3280 2546 3334; x_wconf 89' lang='lat' dir='ltr'><strong>sed</strong></span> <span class='ocrx_word' id='word_1_738' title='bbox 2578 3282 2627 3334; x_wconf 92' lang='lat' dir='ltr'><strong>id</strong></span> <span class='ocrx_word' id='word_1_739' title='bbox 2662 3284 2839 3335; x_wconf 88' lang='lat' dir='ltr'><strong>solum</strong></span> <span class='ocrx_word' id='word_1_740' title='bbox 2869 3300 3147 3344; x_wconf 85' lang='lat' dir='ltr'><strong>curamus.</strong></span> <span class='ocrx_word' id='word_1_741' title='bbox 3191 3296 3249 3338; x_wconf 92' lang='lat' dir='ltr'><strong>ut</strong></span> <span class='ocrx_word' id='word_1_742' title='bbox 3278 3286 3426 3338; x_wconf 90' lang='lat' dir='ltr'><strong>illum</strong></span> <span class='ocrx_word' id='word_1_743' title='bbox 3456 3302 3485 3340; x_wconf 88' lang='lat' dir='ltr'><strong>a</strong></span> <span class='ocrx_word' id='word_1_744' title='bbox 3528 3288 3678 3355; x_wconf 81' lang='lat' dir='ltr'><strong>gravi</strong></span> 
     </span>
    </p>
   </div>
   <div class='ocr_carea' id='block_1_94' title="bbox 2106 3367 3679 3447">
    <p class='ocr_par' dir='ltr' id='par_1_94' title="bbox 2106 3367 3679 3447">
     <span class='ocr_line' id='line_1_94' title="bbox 2106 3367 3679 3447; baseline 0.008 -27"><span class='ocrx_word' id='word_1_745' title='bbox 2106 3367 2418 3437; x_wconf 80' lang='lat' dir='ltr'><strong>hujnsmodi</strong></span> <span class='ocrx_word' id='word_1_746' title='bbox 2450 3374 2699 3441; x_wconf 88' lang='lat' dir='ltr'><strong>angustia</strong></span> <span class='ocrx_word' id='word_1_747' title='bbox 2731 3390 3009 3429; x_wconf 80' lang='lat' dir='ltr'><strong>eruamus.</strong></span> <span class='ocrx_word' id='word_1_748' title='bbox 3049 3376 3159 3431; x_wconf 88' lang='lat' dir='ltr'><strong>lloc</strong></span> <span class='ocrx_word' id='word_1_749' title='bbox 3184 3377 3363 3446; x_wconf 89' lang='lat' dir='ltr'><strong>itaque</strong></span> <span class='ocrx_word' id='word_1_750' title='bbox 3386 3395 3514 3447; x_wconf 82' lang='lat' dir='ltr'><strong>erga</strong></span> <span class='ocrx_word' id='word_1_751' title='bbox 3547 3380 3679 3433; x_wconf 89' lang='lat' dir='ltr'><strong>istos</strong></span> 
     </span>
    </p>
   </div>
   <div class='ocr_carea' id='block_1_95' title="bbox 2103 3460 3676 3539">
    <p class='ocr_par' dir='ltr' id='par_1_95' title="bbox 2103 3460 3676 3539">
     <span class='ocr_line' id='line_1_95' title="bbox 2103 3460 3676 3539; baseline 0.007 -26"><span class='ocrx_word' id='word_1_752' title='bbox 2103 3460 2264 3513; x_wconf 86' lang='lat' dir='ltr'><strong>etiam</strong></span> <span class='ocrx_word' id='word_1_753' title='bbox 2300 3477 2545 3530; x_wconf 81' lang='lat' dir='ltr'><strong>agamus,</strong></span> <span class='ocrx_word' id='word_1_754' title='bbox 2598 3475 2964 3521; x_wconf 86' lang='lat' dir='ltr'><strong>sustentemus</strong></span> <span class='ocrx_word' id='word_1_755' title='bbox 3012 3479 3291 3522; x_wconf 88' lang='lat' dir='ltr'><strong>vomentes</strong></span> <span class='ocrx_word' id='word_1_756' title='bbox 3337 3479 3391 3523; x_wconf 83' lang='lat' dir='ltr'><strong>et</strong></span> <span class='ocrx_word' id='word_1_757' title='bbox 3423 3472 3676 3539; x_wconf 78' lang='lat' dir='ltr'><strong>agitatas,</strong></span> 
     </span>
    </p>
   </div>
   <div class='ocr_carea' id='block_1_96' title="bbox 2105 3555 3675 3627">
    <p class='ocr_par' dir='ltr' id='par_1_96' title="bbox 2105 3555 3675 3627">
     <span class='ocr_line' id='line_1_96' title="bbox 2105 3555 3675 3627; baseline 0.009 -23"><span class='ocrx_word' id='word_1_758' title='bbox 2105 3566 2279 3620; x_wconf 88' lang='lat' dir='ltr'><strong>neque</strong></span> <span class='ocrx_word' id='word_1_759' title='bbox 2313 3555 2465 3622; x_wconf 87' lang='lat' dir='ltr'><strong>prius</strong></span> <span class='ocrx_word' id='word_1_760' title='bbox 2491 3556 2853 3621; x_wconf 82' lang='lat' dir='ltr'><strong>dimittamus,</strong></span> <span class='ocrx_word' id='word_1_761' title='bbox 2893 3574 3055 3627; x_wconf 90' lang='lat' dir='ltr'><strong>quam</strong></span> <span class='ocrx_word' id='word_1_762' title='bbox 3092 3560 3231 3614; x_wconf 87' lang='lat' dir='ltr'><strong>hanc</strong></span> <span class='ocrx_word' id='word_1_763' title='bbox 3257 3563 3675 3617; x_wconf 85' lang='lat' dir='ltr'><strong>aniaritudiuem</strong></span> 
     </span>
    </p>
   </div>
   <div class='ocr_carea' id='block_1_97' title="bbox 2102 3647 3678 3721">
    <p class='ocr_par' dir='ltr' id='par_1_97' title="bbox 2102 3647 3678 3721">
     <span class='ocr_line' id='line_1_97' title="bbox 2102 3647 3678 3721; baseline 0.005 -21"><span class='ocrx_word' id='word_1_764' title='bbox 2102 3661 2321 3700; x_wconf 87' lang='lat' dir='ltr'><strong>onmem</strong></span> <span class='ocrx_word' id='word_1_765' title='bbox 2343 3647 2713 3715; x_wconf 90' lang='lat' dir='ltr'><strong>deposuerint.</strong></span> <span class='ocrx_word' id='word_1_766' title='bbox 2775 3649 2840 3703; x_wconf 85' lang='lat' dir='ltr'><strong>Et</strong></span> <span class='ocrx_word' id='word_1_767' title='bbox 2876 3659 3006 3705; x_wconf 89' lang='lat' dir='ltr'><strong>tunc</strong></span> <span class='ocrx_word' id='word_1_768' title='bbox 3055 3652 3148 3705; x_wconf 89' lang='lat' dir='ltr'><strong>tibi</strong></span> <span class='ocrx_word' id='word_1_769' title='bbox 3172 3653 3373 3721; x_wconf 89' lang='lat' dir='ltr'><strong>gratias</strong></span> <span class='ocrx_word' id='word_1_770' title='bbox 3405 3654 3678 3708; x_wconf 89' lang='lat' dir='ltr'><strong>habebunt</strong></span> 
     </span>
    </p>
   </div>
   <div class='ocr_carea' id='block_1_98' title="bbox 2103 3738 3679 3813">
    <p class='ocr_par' dir='ltr' id='par_1_98' title="bbox 2103 3738 3679 3813">
     <span class='ocr_line' id='line_1_98' title="bbox 2103 3738 3679 3813; baseline 0.004 -22"><span class='ocrx_word' id='word_1_771' title='bbox 2103 3738 2386 3800; x_wconf 79' lang='lat' dir='ltr'><strong>maximas,</strong></span> <span class='ocrx_word' id='word_1_772' title='bbox 2406 3756 2528 3794; x_wconf 90' lang='lat' dir='ltr'><strong>cum</strong></span> <span class='ocrx_word' id='word_1_773' title='bbox 2553 3742 2891 3810; x_wconf 85' lang='lat' dir='ltr'><strong>quieverint:</strong></span> <span class='ocrx_word' id='word_1_774' title='bbox 2923 3753 3052 3798; x_wconf 88' lang='lat' dir='ltr'><strong>tunc</strong></span> <span class='ocrx_word' id='word_1_775' title='bbox 3081 3744 3126 3797; x_wconf 90' lang='lat' dir='ltr'><strong>is</strong></span> <span class='ocrx_word' id='word_1_776' title='bbox 3149 3744 3293 3797; x_wconf 91' lang='lat' dir='ltr'><strong>clare</strong></span> <span class='ocrx_word' id='word_1_777' title='bbox 3313 3753 3623 3813; x_wconf 81' lang='lat' dir='ltr'><strong>cognoscet,</strong></span> <span class='ocrx_word' id='word_1_778' title='bbox 3648 3760 3679 3797; x_wconf 89' lang='lat' dir='ltr'><strong>a</strong></span> 
     </span>
    </p>
   </div>
   <div class='ocr_carea' id='block_1_99' title="bbox 2103 3834 3681 3905">
    <p class='ocr_par' dir='ltr' id='par_1_99' title="bbox 2103 3834 3681 3905">
     <span class='ocr_line' id='line_1_99' title="bbox 2103 3834 3681 3905; baseline 0.003 -20"><span class='ocrx_word' id='word_1_779' title='bbox 2103 3843 2306 3899; x_wconf 86' lang='lat' dir='ltr'><strong>quanta</strong></span> <span class='ocrx_word' id='word_1_780' title='bbox 2335 3834 2482 3887; x_wconf 91' lang='lat' dir='ltr'><strong>illum</strong></span> <span class='ocrx_word' id='word_1_781' title='bbox 2510 3836 2914 3903; x_wconf 89' lang='lat' dir='ltr'><strong>perturbatione</strong></span> <span class='ocrx_word' id='word_1_782' title='bbox 2942 3837 3171 3891; x_wconf 90' lang='lat' dir='ltr'><strong>erueris.</strong></span> <span class='ocrx_word' id='word_1_783' title='bbox 3213 3837 3275 3889; x_wconf 84' lang='lat' dir='ltr'><strong>Et</strong></span> <span class='ocrx_word' id='word_1_784' title='bbox 3309 3837 3437 3905; x_wconf 90' lang='lat' dir='ltr'><strong>quid</strong></span> <span class='ocrx_word' id='word_1_785' title='bbox 3468 3838 3589 3890; x_wconf 74' lang='lat' dir='ltr'><strong>ilico</strong></span> <span class='ocrx_word' id='word_1_786' title='bbox 3611 3837 3681 3890; x_wconf 90' lang='lat' dir='ltr'><strong>ab</strong></span> 
     </span>
    </p>
   </div>
   <div class='ocr_carea' id='block_1_100' title="bbox 2104 3921 3681 3991">
    <p class='ocr_par' dir='ltr' id='par_1_100' title="bbox 2104 3921 3681 3991">
     <span class='ocr_line' id='line_1_100' title="bbox 2104 3921 3681 3991; baseline 0.001 -14"><span class='ocrx_word' id='word_1_787' title='bbox 2104 3921 2198 3977; x_wconf 85' lang='lat' dir='ltr'><strong>illo</strong></span> <span class='ocrx_word' id='word_1_788' title='bbox 2216 3922 2310 3977; x_wconf 88' lang='lat' dir='ltr'><strong>tibi</strong></span> <span class='ocrx_word' id='word_1_789' title='bbox 2327 3924 2551 3991; x_wconf 84' lang='lat' dir='ltr'><strong>gratiam</strong></span> <span class='ocrx_word' id='word_1_790' title='bbox 2573 3940 2693 3978; x_wconf 87' lang='lat' dir='ltr'><strong>esse</strong></span> <span class='ocrx_word' id='word_1_791' title='bbox 2716 3926 3049 3979; x_wconf 80' lang='lat' dir='ltr'><strong>referendam</strong></span> <span class='ocrx_word' id='word_1_792' title='bbox 3070 3926 3239 3979; x_wconf 82' lang='lat' dir='ltr'><strong>?Nam</strong></span> <span class='ocrx_word' id='word_1_793' title='bbox 3261 3938 3312 3979; x_wconf 85' lang='lat' dir='ltr'><strong>te</strong></span> <span class='ocrx_word' id='word_1_794' title='bbox 3336 3925 3476 3980; x_wconf 86' lang='lat' dir='ltr'><strong>Dens</strong></span> <span class='ocrx_word' id='word_1_795' title='bbox 3497 3928 3681 3979; x_wconf 86' lang='lat' dir='ltr'><strong>statim</strong></span> 
     </span>
    </p>
   </div>
   <div class='ocr_carea' id='block_1_101' title="bbox 2102 4012 3682 4081">
    <p class='ocr_par' dir='ltr' id='par_1_101' title="bbox 2102 4012 3682 4081">
     <span class='ocr_line' id='line_1_101' title="bbox 2102 4012 3682 4081; baseline -0.004 -10"><span class='ocrx_word' id='word_1_796' title='bbox 2102 4015 2397 4076; x_wconf 86' lang='lat' dir='ltr'><strong>coronabit,</strong></span> <span class='ocrx_word' id='word_1_797' title='bbox 2427 4025 2479 4070; x_wconf 91' lang='lat' dir='ltr'><strong>et</strong></span> <span class='ocrx_word' id='word_1_798' title='bbox 2508 4014 2799 4068; x_wconf 90' lang='lat' dir='ltr'><strong>innumeris</strong></span> <span class='ocrx_word' id='word_1_799' title='bbox 2831 4013 3189 4066; x_wconf 89' lang='lat' dir='ltr'><strong>renmnerabit</strong></span> <span class='ocrx_word' id='word_1_800' title='bbox 3219 4012 3392 4076; x_wconf 86' lang='lat' dir='ltr'><strong>bonis,</strong></span> <span class='ocrx_word' id='word_1_801' title='bbox 3423 4012 3544 4081; x_wconf 86' lang='lat' dir='ltr'><strong>quia</strong></span> <span class='ocrx_word' id='word_1_802' title='bbox 3578 4012 3682 4064; x_wconf 85' lang='lat' dir='ltr'><strong>l&#39;ra-</strong></span> 
     </span>
    </p>
   </div>
   <div class='ocr_carea' id='block_1_102' title="bbox 2105 4100 3683 4174">
    <p class='ocr_par' dir='ltr' id='par_1_102' title="bbox 2105 4100 3683 4174">
     <span class='ocr_line' id='line_1_102' title="bbox 2105 4100 3683 4174; baseline -0.006 -12"><span class='ocrx_word' id='word_1_803' title='bbox 2105 4117 2238 4163; x_wconf 89' lang='lat' dir='ltr'><strong>trem</strong></span> <span class='ocrx_word' id='word_1_804' title='bbox 2285 4117 2430 4161; x_wconf 91' lang='lat' dir='ltr'><strong>tuum</strong></span> <span class='ocrx_word' id='word_1_805' title='bbox 2460 4122 2488 4159; x_wconf 93' lang='lat' dir='ltr'><strong>a</strong></span> <span class='ocrx_word' id='word_1_806' title='bbox 2509 4105 2653 4174; x_wconf 86' lang='lat' dir='ltr'><strong>gravi</strong></span> <span class='ocrx_word' id='word_1_807' title='bbox 2674 4103 2862 4158; x_wconf 86' lang='lat' dir='ltr'><strong>morbo</strong></span> <span class='ocrx_word' id='word_1_808' title='bbox 2881 4102 3113 4157; x_wconf 89' lang='lat' dir='ltr'><strong>liberasti</strong></span> <span class='ocrx_word' id='word_1_809' title='bbox 3142 4119 3155 4155; x_wconf 89' lang='lat'><strong>:</strong></span> <span class='ocrx_word' id='word_1_810' title='bbox 3196 4101 3287 4155; x_wconf 90' lang='lat' dir='ltr'><strong>sed</strong></span> <span class='ocrx_word' id='word_1_811' title='bbox 3314 4102 3472 4155; x_wconf 90' lang='lat' dir='ltr'><strong>etiam</strong></span> <span class='ocrx_word' id='word_1_812' title='bbox 3518 4100 3604 4154; x_wconf 89' lang='lat' dir='ltr'><strong>ille</strong></span> <span class='ocrx_word' id='word_1_813' title='bbox 3634 4110 3683 4153; x_wconf 89' lang='lat' dir='ltr'><strong>te</strong></span> 
     </span>
    </p>
   </div>
   <div class='ocr_carea' id='block_1_103' title="bbox 2105 4191 3685 4255">
    <p class='ocr_par' dir='ltr' id='par_1_103' title="bbox 2105 4191 3685 4255">
     <span class='ocr_line' id='line_1_103' title="bbox 2105 4191 3685 4255; baseline -0.007 -2"><span class='ocrx_word' id='word_1_814' title='bbox 2105 4210 2163 4253; x_wconf 91' lang='lat' dir='ltr'><strong>ut</strong></span> <span class='ocrx_word' id='word_1_815' title='bbox 2188 4197 2460 4252; x_wconf 91' lang='lat' dir='ltr'><strong>dominum</strong></span> <span class='ocrx_word' id='word_1_816' title='bbox 2505 4194 2817 4255; x_wconf 85' lang='lat' dir='ltr'><strong>honorabit,</strong></span> <span class='ocrx_word' id='word_1_817' title='bbox 2847 4202 2988 4246; x_wconf 89' lang='lat' dir='ltr'><strong>tuam</strong></span> <span class='ocrx_word' id='word_1_818' title='bbox 3021 4191 3239 4245; x_wconf 89' lang='lat' dir='ltr'><strong>omnino</strong></span> <span class='ocrx_word' id='word_1_819' title='bbox 3268 4192 3527 4245; x_wconf 86' lang='lat' dir='ltr'><strong>reveritus</strong></span> <span class='ocrx_word' id='word_1_820' title='bbox 3573 4204 3685 4243; x_wconf 88' lang='lat' dir='ltr'><strong>mo-</strong></span> 
     </span>
    </p>
   </div>
   <div class='ocr_carea' id='block_1_104' title="bbox 2102 4280 3684 4352">
    <p class='ocr_par' dir='ltr' id='par_1_104' title="bbox 2102 4280 3684 4352">
     <span class='ocr_line' id='line_1_104' title="bbox 2102 4280 3684 4352; baseline -0.007 -8"><span class='ocrx_word' id='word_1_821' title='bbox 2102 4288 2454 4344; x_wconf 87' lang='lat' dir='ltr'><strong>derationem.</strong></span> <span class='ocrx_word' id='word_1_822' title='bbox 2487 4287 2675 4340; x_wconf 83' lang='lat' dir='ltr'><strong>Annon</strong></span> <span class='ocrx_word' id='word_1_823' title='bbox 2698 4284 2848 4338; x_wconf 90' lang='lat' dir='ltr'><strong>vides</strong></span> <span class='ocrx_word' id='word_1_824' title='bbox 2876 4282 3142 4352; x_wconf 85' lang='lat' dir='ltr'><strong>parientes</strong></span> <span class='ocrx_word' id='word_1_825' title='bbox 3164 4280 3435 4345; x_wconf 89' lang='lat' dir='ltr'><strong>mulieres,</strong></span> <span class='ocrx_word' id='word_1_826' title='bbox 3463 4296 3684 4349; x_wconf 91' lang='lat' dir='ltr'><strong>quomo-</strong></span> 
     </span>
    </p>
   </div>
   <div class='ocr_carea' id='block_1_105' title="bbox 2104 4374 3683 4441">
    <p class='ocr_par' dir='ltr' id='par_1_105' title="bbox 2104 4374 3683 4441">
     <span class='ocr_line' id='line_1_105' title="bbox 2104 4374 3683 4441; baseline -0.005 -6"><span class='ocrx_word' id='word_1_827' title='bbox 2104 4381 2175 4435; x_wconf 93' lang='lat' dir='ltr'><strong>do</strong></span> <span class='ocrx_word' id='word_1_828' title='bbox 2216 4380 2418 4434; x_wconf 90' lang='lat' dir='ltr'><strong>vicinas</strong></span> <span class='ocrx_word' id='word_1_829' title='bbox 2447 4378 2544 4432; x_wconf 88' lang='lat' dir='ltr'><strong>sibi</strong></span> <span class='ocrx_word' id='word_1_830' title='bbox 2568 4379 2868 4441; x_wconf 88' lang='lat' dir='ltr'><strong>mordeant,</strong></span> <span class='ocrx_word' id='word_1_831' title='bbox 2893 4387 2948 4432; x_wconf 91' lang='lat' dir='ltr'><strong>et</strong></span> <span class='ocrx_word' id='word_1_832' title='bbox 2971 4376 3072 4429; x_wconf 78' lang='lat' dir='ltr'><strong>illa:</strong></span> <span class='ocrx_word' id='word_1_833' title='bbox 3103 4385 3277 4429; x_wconf 88' lang='lat' dir='ltr'><strong>tamen</strong></span> <span class='ocrx_word' id='word_1_834' title='bbox 3311 4390 3414 4428; x_wconf 91' lang='lat' dir='ltr'><strong>non</strong></span> <span class='ocrx_word' id='word_1_835' title='bbox 3462 4374 3683 4428; x_wconf 86' lang='lat' dir='ltr'><strong>dolent?</strong></span> 
     </span>
    </p>
   </div>
   <div class='ocr_carea' id='block_1_106' title="bbox 2104 4465 3685 4534">
    <p class='ocr_par' dir='ltr' id='par_1_106' title="bbox 2104 4465 3685 4534">
     <span class='ocr_line' id='line_1_106' title="bbox 2104 4465 3685 4534; baseline -0.009 -6"><span class='ocrx_word' id='word_1_836' title='bbox 2104 4473 2215 4528; x_wconf 86' lang='lat' dir='ltr'><strong>lino</strong></span> <span class='ocrx_word' id='word_1_837' title='bbox 2240 4472 2443 4534; x_wconf 89' lang='lat' dir='ltr'><strong>dolent,</strong></span> <span class='ocrx_word' id='word_1_838' title='bbox 2471 4471 2564 4525; x_wconf 88' lang='lat' dir='ltr'><strong>sed</strong></span> <span class='ocrx_word' id='word_1_839' title='bbox 2596 4469 2721 4523; x_wconf 91' lang='lat' dir='ltr'><strong>illud</strong></span> <span class='ocrx_word' id='word_1_840' title='bbox 2754 4469 2962 4523; x_wconf 89' lang='lat' dir='ltr'><strong>fortiter</strong></span> <span class='ocrx_word' id='word_1_841' title='bbox 3000 4470 3174 4522; x_wconf 90' lang='lat' dir='ltr'><strong>ferunt</strong></span> <span class='ocrx_word' id='word_1_842' title='bbox 3194 4508 3209 4533; x_wconf 97' lang='lat'><strong>,</strong></span> <span class='ocrx_word' id='word_1_843' title='bbox 3259 4475 3313 4520; x_wconf 87' lang='lat' dir='ltr'><strong>et</strong></span> <span class='ocrx_word' id='word_1_844' title='bbox 3337 4465 3685 4519; x_wconf 80' lang='lat' dir='ltr'><strong>couunisera-</strong></span> 
     </span>
    </p>
   </div>
   <div class='ocr_carea' id='block_1_107' title="bbox 2107 4558 3684 4631">
    <p class='ocr_par' dir='ltr' id='par_1_107' title="bbox 2107 4558 3684 4631">
     <span class='ocr_line' id='line_1_107' title="bbox 2107 4558 3684 4631; baseline -0.007 -10"><span class='ocrx_word' id='word_1_845' title='bbox 2107 4566 2250 4621; x_wconf 88' lang='lat' dir='ltr'><strong>tione</strong></span> <span class='ocrx_word' id='word_1_846' title='bbox 2276 4564 2541 4617; x_wconf 91' lang='lat' dir='ltr'><strong>ducuntur</strong></span> <span class='ocrx_word' id='word_1_847' title='bbox 2566 4578 2687 4631; x_wconf 86' lang='lat' dir='ltr'><strong>erga</strong></span> <span class='ocrx_word' id='word_1_848' title='bbox 2717 4561 2961 4616; x_wconf 88' lang='lat' dir='ltr'><strong>dolentes</strong></span> <span class='ocrx_word' id='word_1_849' title='bbox 3014 4570 3069 4615; x_wconf 89' lang='lat' dir='ltr'><strong>et</strong></span> <span class='ocrx_word' id='word_1_850' title='bbox 3114 4576 3143 4614; x_wconf 87' lang='lat' dir='ltr'><strong>a</strong></span> <span class='ocrx_word' id='word_1_851' title='bbox 3198 4568 3349 4629; x_wconf 84' lang='lat' dir='ltr'><strong>partu</strong></span> <span class='ocrx_word' id='word_1_852' title='bbox 3402 4558 3684 4612; x_wconf 87' lang='lat' dir='ltr'><strong>dissectas.</strong></span> 
     </span>
    </p>
   </div>
   <div class='ocr_carea' id='block_1_108' title="bbox 2106 4648 3688 4723">
    <p class='ocr_par' dir='ltr' id='par_1_108' title="bbox 2106 4648 3688 4723">
     <span class='ocr_line' id='line_1_108' title="bbox 2106 4648 3688 4723; baseline -0.004 -15"><span class='ocrx_word' id='word_1_853' title='bbox 2106 4655 2210 4709; x_wconf 87' lang='lat' dir='ltr'><strong>llas</strong></span> <span class='ocrx_word' id='word_1_854' title='bbox 2250 4664 2304 4708; x_wconf 90' lang='lat' dir='ltr'><strong>tu</strong></span> <span class='ocrx_word' id='word_1_855' title='bbox 2345 4669 2556 4723; x_wconf 88' lang='lat' dir='ltr'><strong>quoque</strong></span> <span class='ocrx_word' id='word_1_856' title='bbox 2604 4652 2811 4706; x_wconf 88' lang='lat' dir='ltr'><strong>imitare</strong></span> <span class='ocrx_word' id='word_1_857' title='bbox 2855 4668 3028 4721; x_wconf 88' lang='lat' dir='ltr'><strong>neque</strong></span> <span class='ocrx_word' id='word_1_858' title='bbox 3080 4652 3152 4704; x_wconf 90' lang='lat' dir='ltr'><strong>sis</strong></span> <span class='ocrx_word' id='word_1_859' title='bbox 3196 4651 3323 4719; x_wconf 90' lang='lat' dir='ltr'><strong>ipsis</strong></span> <span class='ocrx_word' id='word_1_860' title='bbox 3378 4648 3688 4702; x_wconf 88' lang='lat' dir='ltr'><strong>mulieribus</strong></span> 
     </span>
    </p>
   </div>
   <div class='ocr_carea' id='block_1_109' title="bbox 2105 4739 3686 4814">
    <p class='ocr_par' dir='ltr' id='par_1_109' title="bbox 2105 4739 3686 4814">
     <span class='ocr_line' id='line_1_109' title="bbox 2105 4739 3686 4814; baseline -0.004 -12"><span class='ocrx_word' id='word_1_861' title='bbox 2105 4748 2336 4803; x_wconf 90' lang='lat' dir='ltr'><strong>mollior.</strong></span> <span class='ocrx_word' id='word_1_862' title='bbox 2370 4747 2500 4801; x_wconf 80' lang='lat' dir='ltr'><strong>Cum</strong></span> <span class='ocrx_word' id='word_1_863' title='bbox 2524 4747 2664 4799; x_wconf 89' lang='lat' dir='ltr'><strong>enim</strong></span> <span class='ocrx_word' id='word_1_864' title='bbox 2709 4746 3010 4814; x_wconf 87' lang='lat' dir='ltr'><strong>pepererint</strong></span> <span class='ocrx_word' id='word_1_865' title='bbox 3038 4744 3289 4798; x_wconf 87' lang='lat' dir='ltr'><strong>mulieres</strong></span> <span class='ocrx_word' id='word_1_866' title='bbox 3317 4743 3429 4795; x_wconf 76' lang='lat' dir='ltr'><strong>ista:</strong></span> <span class='ocrx_word' id='word_1_867' title='bbox 3460 4739 3686 4813; x_wconf 86' lang='lat' dir='ltr'><strong>(mulie-</strong></span> 
     </span>
    </p>
   </div>
   <div class='ocr_carea' id='block_1_110' title="bbox 2108 4832 3684 4910">
    <p class='ocr_par' dir='ltr' id='par_1_110' title="bbox 2108 4832 3684 4910">
     <span class='ocr_line' id='line_1_110' title="bbox 2108 4832 3684 4910; baseline -0.005 -15"><span class='ocrx_word' id='word_1_868' title='bbox 2108 4841 2253 4895; x_wconf 86' lang='lat' dir='ltr'><strong>ribus</strong></span> <span class='ocrx_word' id='word_1_869' title='bbox 2286 4840 2481 4910; x_wconf 85' lang='lat' dir='ltr'><strong>quippe</strong></span> <span class='ocrx_word' id='word_1_870' title='bbox 2503 4847 2624 4893; x_wconf 89' lang='lat' dir='ltr'><strong>sunt</strong></span> <span class='ocrx_word' id='word_1_871' title='bbox 2662 4838 2734 4891; x_wconf 90' lang='lat' dir='ltr'><strong>illi</strong></span> <span class='ocrx_word' id='word_1_872' title='bbox 2764 4838 2889 4890; x_wconf 82' lang='lat' dir='ltr'><strong>rixis</strong></span> <span class='ocrx_word' id='word_1_873' title='bbox 2946 4836 3222 4890; x_wconf 87' lang='lat' dir='ltr'><strong>movendis</strong></span> <span class='ocrx_word' id='word_1_874' title='bbox 3269 4832 3684 4903; x_wconf 85' lang='lat' dir='ltr'><strong>promptiores),</strong></span> 
     </span>
    </p>
   </div>
   <div class='ocr_carea' id='block_1_111' title="bbox 2108 4924 3689 5000">
    <p class='ocr_par' dir='ltr' id='par_1_111' title="bbox 2108 4924 3689 5000">
     <span class='ocr_line' id='line_1_111' title="bbox 2108 4924 3689 5000; baseline -0.008 -11"><span class='ocrx_word' id='word_1_875' title='bbox 2108 4944 2233 4989; x_wconf 90' lang='lat' dir='ltr'><strong>tunc</strong></span> <span class='ocrx_word' id='word_1_876' title='bbox 2258 4944 2307 4988; x_wconf 91' lang='lat' dir='ltr'><strong>te</strong></span> <span class='ocrx_word' id='word_1_877' title='bbox 2340 4934 2509 4988; x_wconf 89' lang='lat' dir='ltr'><strong>virum</strong></span> <span class='ocrx_word' id='word_1_878' title='bbox 2560 4946 2678 4986; x_wconf 90' lang='lat' dir='ltr'><strong>esse</strong></span> <span class='ocrx_word' id='word_1_879' title='bbox 2707 4938 3048 5000; x_wconf 88' lang='lat' dir='ltr'><strong>cognoscent.</strong></span> <span class='ocrx_word' id='word_1_880' title='bbox 3097 4927 3247 4994; x_wconf 82' lang='lat' dir='ltr'><strong>Quod</strong></span> <span class='ocrx_word' id='word_1_881' title='bbox 3276 4927 3319 4980; x_wconf 85' lang='lat' dir='ltr'><strong>si</strong></span> <span class='ocrx_word' id='word_1_882' title='bbox 3348 4927 3533 4996; x_wconf 85' lang='lat' dir='ltr'><strong>gravia</strong></span> <span class='ocrx_word' id='word_1_883' title='bbox 3577 4924 3689 4978; x_wconf 78' lang='lat' dir='ltr'><strong>luce</strong></span> 
     </span>
    </p>
   </div>
   <div class='ocr_carea' id='block_1_112' title="bbox 2109 5018 3690 5098">
    <p class='ocr_par' dir='ltr' id='par_1_112' title="bbox 2109 5018 3690 5098">
     <span class='ocr_line' id='line_1_112' title="bbox 2109 5018 3690 5098; baseline -0.008 -16"><span class='ocrx_word' id='word_1_884' title='bbox 2109 5037 2372 5098; x_wconf 70' lang='lat' dir='ltr'><strong>praecepta</strong></span> <span class='ocrx_word' id='word_1_885' title='bbox 2408 5034 2551 5089; x_wconf 92' lang='lat' dir='ltr'><strong>sunt,</strong></span> <span class='ocrx_word' id='word_1_886' title='bbox 2583 5024 2755 5094; x_wconf 79' lang='lat' dir='ltr'><strong>Cogita</strong></span> <span class='ocrx_word' id='word_1_887' title='bbox 2785 5024 2903 5076; x_wconf 84' lang='lat' dir='ltr'><strong>ideo</strong></span> <span class='ocrx_word' id='word_1_888' title='bbox 2929 5022 3139 5075; x_wconf 88' lang='lat' dir='ltr'><strong>venisse</strong></span> <span class='ocrx_word' id='word_1_889' title='bbox 3165 5019 3460 5086; x_wconf 81' lang='lat' dir='ltr'><strong>Christum,</strong></span> <span class='ocrx_word' id='word_1_890' title='bbox 3494 5031 3549 5073; x_wconf 88' lang='lat' dir='ltr'><strong>ut</strong></span> <span class='ocrx_word' id='word_1_891' title='bbox 3577 5018 3690 5072; x_wconf 59' lang='lat' dir='ltr'><strong>haec</strong></span> 
     </span>
    </p>
   </div>
   <div class='ocr_carea' id='block_1_113' title="bbox 2108 5108 3691 5177">
    <p class='ocr_par' dir='ltr' id='par_1_113' title="bbox 2108 5108 3691 5177">
     <span class='ocr_line' id='line_1_113' title="bbox 2108 5108 3691 5177; baseline -0.009 -3"><span class='ocrx_word' id='word_1_892' title='bbox 2108 5121 2162 5174; x_wconf 91' lang='lat' dir='ltr'><strong>in</strong></span> <span class='ocrx_word' id='word_1_893' title='bbox 2192 5117 2385 5173; x_wconf 90' lang='lat' dir='ltr'><strong>animis</strong></span> <span class='ocrx_word' id='word_1_894' title='bbox 2418 5116 2614 5170; x_wconf 89' lang='lat' dir='ltr'><strong>nostris</strong></span> <span class='ocrx_word' id='word_1_895' title='bbox 2637 5116 2916 5177; x_wconf 87' lang='lat' dir='ltr'><strong>insereret,</strong></span> <span class='ocrx_word' id='word_1_896' title='bbox 2943 5122 3002 5165; x_wconf 88' lang='lat' dir='ltr'><strong>ut</strong></span> <span class='ocrx_word' id='word_1_897' title='bbox 3028 5129 3123 5165; x_wconf 91' lang='lat' dir='ltr'><strong>nos</strong></span> <span class='ocrx_word' id='word_1_898' title='bbox 3146 5120 3199 5165; x_wconf 90' lang='lat' dir='ltr'><strong>et</strong></span> <span class='ocrx_word' id='word_1_899' title='bbox 3219 5111 3405 5165; x_wconf 88' lang='lat' dir='ltr'><strong>amicis</strong></span> <span class='ocrx_word' id='word_1_900' title='bbox 3435 5121 3486 5164; x_wconf 90' lang='lat' dir='ltr'><strong>et</strong></span> <span class='ocrx_word' id='word_1_901' title='bbox 3514 5108 3691 5163; x_wconf 85' lang='lat' dir='ltr'><strong>inimi-</strong></span> 
     </span>
    </p>
   </div>
   <div class='ocr_carea' id='block_1_114' title="bbox 2106 5197 3692 5271">
    <p class='ocr_par' dir='ltr' id='par_1_114' title="bbox 2106 5197 3692 5271">
     <span class='ocr_line' id='line_1_114' title="bbox 2106 5197 3692 5271; baseline -0.01 -4"><span class='ocrx_word' id='word_1_902' title='bbox 2106 5215 2184 5267; x_wconf 90' lang='lat' dir='ltr'><strong>cis</strong></span> <span class='ocrx_word' id='word_1_903' title='bbox 2213 5212 2370 5266; x_wconf 87' lang='lat' dir='ltr'><strong>utiles</strong></span> <span class='ocrx_word' id='word_1_904' title='bbox 2396 5210 2655 5264; x_wconf 84' lang='lat' dir='ltr'><strong>efficeret.</strong></span> <span class='ocrx_word' id='word_1_905' title='bbox 2679 5205 2805 5262; x_wconf 85' lang='lat' dir='ltr'><strong>ideo</strong></span> <span class='ocrx_word' id='word_1_906' title='bbox 2829 5209 3108 5261; x_wconf 86' lang='lat' dir='ltr'><strong>amborum</strong></span> <span class='ocrx_word' id='word_1_907' title='bbox 3155 5219 3336 5258; x_wconf 86' lang='lat' dir='ltr'><strong>curaui</strong></span> <span class='ocrx_word' id='word_1_908' title='bbox 3380 5215 3564 5271; x_wconf 84' lang='lat' dir='ltr'><strong>gerere</strong></span> <span class='ocrx_word' id='word_1_909' title='bbox 3598 5197 3692 5265; x_wconf 80' lang='lat' dir='ltr'><strong>ju-</strong></span> 
     </span>
    </p>
   </div>
   <div class='ocr_carea' id='block_1_115' title="bbox 2108 5293 3694 5369">
    <p class='ocr_par' dir='ltr' id='par_1_115' title="bbox 2108 5293 3694 5369">
     <span class='ocr_line' id='line_1_115' title="bbox 2108 5293 3694 5369; baseline -0.015 -9"><span class='ocrx_word' id='word_1_910' title='bbox 2108 5306 2240 5369; x_wconf 86' lang='lat' dir='ltr'><strong>bet;</strong></span> <span class='ocrx_word' id='word_1_911' title='bbox 2294 5303 2538 5366; x_wconf 88' lang='lat' dir='ltr'><strong>fratrum,</strong></span> <span class='ocrx_word' id='word_1_912' title='bbox 2570 5316 2689 5354; x_wconf 91' lang='lat' dir='ltr'><strong>cum</strong></span> <span class='ocrx_word' id='word_1_913' title='bbox 2750 5298 2909 5363; x_wconf 87' lang='lat' dir='ltr'><strong>dicit,</strong></span> <span class='ocrx_word' id='word_1_914' title='bbox 2964 5296 3023 5351; x_wconf 87' lang='lat' dir='ltr'><strong>Si</strong></span> <span class='ocrx_word' id='word_1_915' title='bbox 3072 5293 3225 5360; x_wconf 75' lang='lat' dir='ltr'><strong>offers</strong></span> <span class='ocrx_word' id='word_1_916' title='bbox 3270 5308 3449 5344; x_wconf 71' lang='lat' dir='ltr'><strong>munus</strong></span> <span class='ocrx_word' id='word_1_917' title='bbox 3506 5299 3694 5349; x_wconf 84' lang='lat' dir='ltr'><strong>tuum;</strong></span> 
     </span>
    </p>
   </div>
   <div class='ocr_carea' id='block_1_116' title="bbox 2106 5383 3689 5461">
    <p class='ocr_par' dir='ltr' id='par_1_116' title="bbox 2106 5383 3689 5461">
     <span class='ocr_line' id='line_1_116' title="bbox 2106 5383 3689 5461; baseline -0.013 -10"><span class='ocrx_word' id='word_1_918' title='bbox 2106 5396 2471 5459; x_wconf 89' lang='lat' dir='ltr'><strong>inimicorum,</strong></span> <span class='ocrx_word' id='word_1_919' title='bbox 2501 5408 2620 5447; x_wconf 87' lang='lat' dir='ltr'><strong>cum</strong></span> <span class='ocrx_word' id='word_1_920' title='bbox 2652 5391 2769 5461; x_wconf 83' lang='lat' dir='ltr'><strong>lege</strong></span> <span class='ocrx_word' id='word_1_921' title='bbox 2789 5389 2972 5450; x_wconf 86' lang='lat' dir='ltr'><strong>statuit</strong></span> <span class='ocrx_word' id='word_1_922' title='bbox 2998 5395 3054 5441; x_wconf 94' lang='lat' dir='ltr'><strong>ut</strong></span> <span class='ocrx_word' id='word_1_923' title='bbox 3083 5387 3225 5454; x_wconf 89' lang='lat' dir='ltr'><strong>ipsos</strong></span> <span class='ocrx_word' id='word_1_924' title='bbox 3246 5383 3457 5449; x_wconf 82' lang='lat' dir='ltr'><strong>diligas,</strong></span> <span class='ocrx_word' id='word_1_925' title='bbox 3489 5385 3544 5432; x_wconf 89' lang='lat' dir='ltr'><strong>et</strong></span> <span class='ocrx_word' id='word_1_926' title='bbox 3590 5391 3689 5447; x_wconf 88' lang='lat' dir='ltr'><strong>pro</strong></span> 
     </span>
    </p>
   </div>
   <div class='ocr_carea' id='block_1_117' title="bbox 2106 5468 3691 5558">
    <p class='ocr_par' dir='ltr' id='par_1_117' title="bbox 2106 5468 3691 5558">
     <span class='ocr_line' id='line_1_117' title="bbox 2106 5468 3691 5558; baseline -0.015 -14"><span class='ocrx_word' id='word_1_927' title='bbox 2106 5487 2237 5558; x_wconf 87' lang='lat' dir='ltr'><strong>ipsis</strong></span> <span class='ocrx_word' id='word_1_928' title='bbox 2266 5502 2407 5542; x_wconf 89' lang='lat' dir='ltr'><strong>ores.</strong></span> <span class='ocrx_word' id='word_1_929' title='bbox 2440 5485 2622 5554; x_wconf 87' lang='lat' dir='ltr'><strong>Neque</strong></span> <span class='ocrx_word' id='word_1_930' title='bbox 2650 5483 2739 5537; x_wconf 88' lang='lat' dir='ltr'><strong>Dei</strong></span> <span class='ocrx_word' id='word_1_931' title='bbox 2770 5490 2971 5536; x_wconf 89' lang='lat' dir='ltr'><strong>tantum</strong></span> <span class='ocrx_word' id='word_1_932' title='bbox 2993 5476 3241 5543; x_wconf 78' lang='lat' dir='ltr'><strong>exemplo</strong></span> <span class='ocrx_word' id='word_1_933' title='bbox 3271 5472 3336 5525; x_wconf 89' lang='lat' dir='ltr'><strong>ad</strong></span> <span class='ocrx_word' id='word_1_934' title='bbox 3377 5470 3480 5524; x_wconf 90' lang='lat' dir='ltr'><strong>hoc</strong></span> <span class='ocrx_word' id='word_1_935' title='bbox 3506 5468 3691 5558; x_wconf 83' lang='lat' dir='ltr'><strong>horta-</strong></span> 
     </span>
    </p>
   </div>
   <div class='ocr_carea' id='block_1_118' title="bbox 2107 5557 3693 5646">
    <p class='ocr_par' dir='ltr' id='par_1_118' title="bbox 2107 5557 3693 5646">
     <span class='ocr_line' id='line_1_118' title="bbox 2107 5557 3693 5646; baseline -0.017 -9"><span class='ocrx_word' id='word_1_936' title='bbox 2107 5557 2215 5646; x_wconf 84' lang='lat' dir='ltr'><strong>tur,</strong></span> <span class='ocrx_word' id='word_1_937' title='bbox 2246 5595 2427 5635; x_wconf 88' lang='lat' dir='ltr'><strong>verum</strong></span> <span class='ocrx_word' id='word_1_938' title='bbox 2450 5579 2609 5634; x_wconf 86' lang='lat' dir='ltr'><strong>etiam</strong></span> <span class='ocrx_word' id='word_1_939' title='bbox 2646 5592 2711 5633; x_wconf 80' lang='lat' dir='ltr'><strong>cx</strong></span> <span class='ocrx_word' id='word_1_940' title='bbox 2742 5573 3046 5631; x_wconf 89' lang='lat' dir='ltr'><strong>contrario:</strong></span> <span class='ocrx_word' id='word_1_941' title='bbox 3081 5581 3225 5631; x_wconf 86' lang='lat' dir='ltr'><strong>nam,</strong></span> <span class='ocrx_word' id='word_1_942' title='bbox 3252 5565 3338 5620; x_wconf 63' lang='lat'><strong>46.</strong></span> <span class='ocrx_word' id='word_1_943' title='bbox 3369 5563 3427 5617; x_wconf 82' lang='lat' dir='ltr'><strong>Si</strong></span> <span class='ocrx_word' id='word_1_944' title='bbox 3455 5557 3693 5617; x_wconf 67' lang='lat' dir='ltr'><strong>dilexeri-</strong></span> 
     </span>
    </p>
   </div>
   <div class='ocr_carea' id='block_1_119' title="bbox 2107 5648 3688 5745">
    <p class='ocr_par' dir='ltr' id='par_1_119' title="bbox 2107 5648 3688 5745">
     <span class='ocr_line' id='line_1_119' title="bbox 2107 5648 3688 5745; baseline -0.015 -16"><span class='ocrx_word' id='word_1_945' title='bbox 2107 5676 2188 5740; x_wconf 72' lang='grc' dir='ltr'><strong>εἰσ,</strong></span> <span class='ocrx_word' id='word_1_946' title='bbox 2221 5670 2409 5745; x_wconf 85' lang='lat' dir='ltr'><strong>inquit,</strong></span> <span class='ocrx_word' id='word_1_947' title='bbox 2439 5687 2524 5726; x_wconf 71' lang='lat' dir='ltr'><strong>eos</strong></span> <span class='ocrx_word' id='word_1_948' title='bbox 2547 5668 2634 5741; x_wconf 84' lang='lat' dir='ltr'><strong>qui</strong></span> <span class='ocrx_word' id='word_1_949' title='bbox 2651 5683 2735 5723; x_wconf 74' lang='lat' dir='ltr'><strong>vos</strong></span> <span class='ocrx_word' id='word_1_950' title='bbox 2764 5666 3013 5734; x_wconf 78' lang='lat' dir='ltr'><strong>diligunt,</strong></span> <span class='ocrx_word' id='word_1_951' title='bbox 3041 5672 3194 5728; x_wconf 80' lang='lat' dir='ltr'><strong>quam</strong></span> <span class='ocrx_word' id='word_1_952' title='bbox 3223 5652 3499 5711; x_wconf 79' lang='lat' dir='ltr'><strong>mercedem</strong></span> <span class='ocrx_word' id='word_1_953' title='bbox 3538 5648 3688 5706; x_wconf 51' lang='lat' dir='ltr'><strong>habe.</strong></span> 
     </span>
    </p>
   </div>
  </div>
