4076 6150
381 233 486 292 “HI

391 354 737 408 bitisfuonne
760 362 808 408 et
831 352 1086 422 publicani
1125 353 1218 404 hoc
1247 347 1487 419 faciunt?
1529 348 1638 401 lloe
1679 355 1732 399 ct
1779 343 1971 398 Paulus

391 448 467 501 ait
491 464 503 499 :
532 443 772 500 Nondum
799 461 956 511 usque
979 442 1046 496 ad
1071 443 1366 513 sanguinem
1390 440 1638 493 restitistis
1663 447 1837 489 contra
1859 451 1972 505 pec-

389 548 560 592 catum
601 546 879 608 pugnantes
908 537 926 607 (
955 534 1112 588 Hebr.
1132 533 1218 588 £2.
1247 534 1279 588 4
1300 534 1340 601 ).
1371 531 1424 586 Si
1459 532 1614 600 igitur
1636 529 1735 582 hoc
1763 527 1970 590 feceris,

392 644 515 683 cum
542 630 650 683 Deo
679 637 824 692 stas;
879 630 924 681 si
955 628 1068 681 haec
1113 625 1395 692 reliqueris
1424 663 1440 687 ,
1493 637 1614 674 cum
1655 619 1970 688 publicanis.

395 721 581 776 Viden‘
612 721 878 790 quomodo
911 737 1012 772 non
1047 727 1187 770 tanta
1212 717 1282 769 sit
1304 723 1692 783 prazceptorum
1714 711 1975 780 magnitu-

392 815 484 879 do,
509 827 699 882 quanta
732 829 1073 882 personarum
1100 809 1392 864 differentia
1416 809 1439 860 ?
1467 806 1544 860 Ne
1577 807 1752 874 itaque
1770 803 1974 873 cogite-

393 920 512 959 mus
538 905 752 958 diflicile
775 913 1094 974 praeceptum
1126 916 1265 964 esse,
1290 900 1382 954 sed
1410 897 1712 954 mercedem
1745 897 1797 950 in
1829 911 1975 949 men-

394 1006 500 1050 tem
533 1012 862 1060 revocemus,
891 994 1395 1062 consideremusque
1424 992 1506 1045 cui
1528 989 1730 1044 similes
1773 986 1972 1042 efficia-

392 1103 533 1150 mur,
565 1088 608 1141 si
638 1099 778 1141 recte
804 1101 901 1140 nos
924 1085 1266 1155 gesserimus,
1301 1093 1355 1136 ct
1382 1082 1574 1152 quibus
1601 1093 1967 1147 exn-queatur,

392 1180 436 1233 si
459 1194 758 1249 peccemus.
780 1177 1017 1232 Fratrem
1049 1178 1226 1246 itaque
1267 1173 1420 1243 jubet
1461 1171 1832 1236 reconciliari,
1875 1184 1974 1223 nec

392 1271 541 1340 prius
568 1270 879 1334 abscedere,
912 1270 1082 1323 donec
1103 1266 1432 1321 inimicitiam
1461 1264 1804 1326 auferamus;
1852 1276 1972 1316 cum

391 1371 568 1415 autem
596 1345 670 1415 de
688 1361 936 1414 omnibus
957 1359 1192 1418 disserit,
1218 1373 1320 1412 non
1345 1357 1480 1411 ultra
1514 1371 1608 1409 nos
1641 1353 1732 1408 tali
1763 1351 1974 1420 sulijicit

392 1452 718 1516 necessitati,
746 1451 838 1505 sed
864 1461 1043 1504 nostra
1077 1461 1277 1503 tantum
1307 1449 1550 1518 requirit,
1591 1447 1798 1514 hocque
1821 1453 1974 1514 pacto

392 1546 563 1614 legem
596 1544 802 1598 facilem
853 1545 1036 1599 efficit.
1066 1543 1198 1612 Quia
1248 1543 1390 1596 cnitn
1445 1541 1616 1605 dixit,
1676 1537 1974 1606 Perseqnttti

391 1646 508 1688 sunt
537 1639 828 1704 prOphetas,
859 1636 947 1706 qui
985 1647 1099 1688 ante
1138 1651 1221 1688 vos
1249 1643 1411 1694 erant,
1443 1650 1508 1687 ne
1539 1642 1814 1702 propterea
1845 1631 1974 1699 ipsis

393 1727 588 1782 infensi
614 1739 825 1791 esseut,
856 1728 1006 1797 jubet
1036 1743 1139 1782 non
1173 1728 1331 1781 modo
1358 1727 1477 1780 illos
1505 1726 1620 1780 harc
1641 1736 1858 1795 agentes
1890 1735 1971 1778 to-

392 1819 586 1883 lerare,
619 1822 713 1874 sed
744 1821 902 1874 etiam
930 1820 1172 1890 diligere.
1203 1819 1388 1872 Videa’
1418 1818 1686 1887 qttomodo
1715 1818 1845 1870 iram
1871 1858 1886 1880 ,
1919 1825 1974 1870 et

392 1913 879 1982 concupiscentiam
927 1915 1039 1967 sive
1087 1928 1391 1982 corporum,
1424 1911 1536 1965 sive
1588 1911 1970 1980 pecuniarum,

392 2003 506 2058 sive
530 2004 730 2073 gloria-,
755 2004 866 2059 sive
896 2020 1073 2058 rerum
1095 2004 1160 2057 ad
1191 2013 1503 2072 praesentem
1532 2001 1693 2056 vitam
1725 2013 1973 2070 spectan-

393 2096 523 2149 tium
554 2095 807 2149 radicitus
826 2093 1074 2149 auferat?
1103 2094 1213 2150 Hoc
1234 2094 1374 2148 enim
1399 2093 1522 2148 fecit
1547 2092 1614 2146 ab
1637 2094 1808 2158 initio,
1831 2093 1970 2146 mul-

394 2197 552 2254 toque
581 2187 748 2252 magis
778 2203 937 2240 nunc.
968 2185 1102 2240 Nam
1131 2186 1220 2256 qui
1250 2201 1470 2255 pauper,
1520 2185 1611 2254 qui
1666 2185 1809 2239 mitis
1862 2193 1964 2250 cst,

389 2278 477 2344 qui
510 2277 671 2347 luget,
706 2279 836 2332 iram
870 2293 1088 2348 prorsus
1126 2289 1343 2333 evacuat
1369 2296 1382 2344 ;
1409 2279 1498 2348 qui
1521 2278 1698 2348 justus
1725 2287 1779 2332 et
1806 2279 1969 2333 mise-

391 2371 559 2424 ricors
583 2411 596 2432 ,
637 2370 980 2438 pecuniartun
1009 2369 1356 2438 cupiditatem
1398 2368 1664 2434 excludit;
1702 2369 1790 2440 qui
1810 2369 1970 2423 corde

391 2459 648 2520 mundus.
679 2476 707 2511 a
739 2460 1167 2528 concupiscentia
1195 2460 1331 2514 mala
1356 2460 1491 2514 liber
1517 2469 1628 2520 est;
1660 2461 1750 2529 qui
1782 2475 1968 2530 perse-

389 2553 700 2621 quutionem
733 2553 928 2623 patitur
953 2563 1008 2607 et
1038 2551 1258 2622 injurias
1283 2553 1527 2613 sustinet,
1580 2552 1788 2607 etiamsi
1829 2553 1968 2607 male

388 2642 604 2709 audiat,
656 2643 996 2710 pt':t:seltlitttll
1073 2642 1308 2695 omnium
1381 2657 1556 2696 rerum
1605 2651 1966 2710 contemptum

388 2732 611 2795 obtinet,
646 2741 803 2803 atque
831 2747 859 2784 a
890 2733 1026 2786 fastu
1055 2742 1111 2786 et
1135 2748 1265 2785 vana
1293 2733 1457 2802 gloria
1481 2733 1752 2787 liberatur.
1803 2731 1968 2787 Audi-

389 2833 504 2876 tore
536 2823 697 2892 igitur
720 2824 788 2879 ab
812 2825 958 2879 hisce
980 2824 1206 2879 vinculis
1239 2825 1450 2889 soluto,
1481 2833 1536 2880 et
1559 2825 1625 2880 ad
1674 2827 1966 2882 certamina

389 2915 640 2978 imtncto,
686 2931 868 2972 rursus
895 2917 1001 2970 alio
1019 2917 1175 2971 modo
1218 2928 1410 2972 etcum
1441 2917 1628 2987 majori
1676 2918 1952 2989 diligentia

390 3007 506 3061 hate
538 3007 661 3060 vitia
683 3008 884 3062 evellit.
911 3008 1079 3063 Orsus
1109 3009 1250 3063 enim
1278 3009 1348 3064 ab
1376 3009 1454 3064 ira
1476 3049 1492 3073 ,
1545 3009 1809 3079 hujusque
1855 3011 1966 3064 vitii

389 3097 569 3151 nervis
593 3099 810 3154 omnino
839 3100 1100 3164 succisis;
1140 3111 1417 3171 postquam
1449 3102 1611 3166 dixit,
1643 3102 1741 3168 Qui
1787 3102 1969 3156 irasci-

389 3198 476 3241 tur
500 3189 646 3243 fiatri
676 3206 776 3243 suo
799 3232 813 3255 ,
839 3199 892 3244 et
920 3191 1008 3260 qui
1039 3191 1239 3245 fatuum
1270 3199 1443 3255 vocat,
1475 3200 1528 3246 et
1557 3191 1645 3261 qui
1667 3209 1786 3245 raca
1818 3193 1964 3258 dicit,

389 3283 676 3352 puniatur:
709 3294 764 3338 et
790 3285 878 3354 qui
910 3283 1066 3338 oll'ert
1098 3285 1332 3347 donum,
1390 3301 1456 3340 ne
1486 3285 1631 3354 prius
1654 3279 1875 3340 accedat
1901 3286 1966 3339 ad

390 3388 668 3440 mensam,
702 3390 858 3445 quam
880 3376 1092 3430 solverit
1119 3376 1480 3430 inimicitiam:
1525 3386 1578 3431 et
1604 3377 1693 3445 qui
1719 3377 1968 3430 adversa-

388 3466 523 3519 rium
551 3465 728 3532 habet,
756 3467 1057 3536 priusquam
1080 3467 1336 3536 judicium
1383 3467 1577 3532 videat,
1609 3469 1835 3522 amicum
1867 3469 1965 3523 sibi

387 3577 509 3614 eum
555 3576 620 3615 ex
670 3561 883 3615 inimico
910 3561 1101 3624 faciat,
1157 3560 1221 3613 ad
1269 3561 1754 3629 concupiscentiam
1787 3575 1969 3616 rursus

389 3654 599 3708 transit.
629 3653 696 3707 Et
729 3653 853 3720 quid
880 3653 993 3706 ait?
1025 3653 1122 3720 Qui
1153 3655 1365 3722 respicit
1395 3655 1672 3721 impudicis
1692 3655 1879 3717 oculis,
1913 3665 1970 3710 ut

390 3744 635 3799 turnebus
655 3745 935 3812 puniatur;
963 3744 1051 3814 qui
1083 3743 1453 3798 offendiculum
1489 3745 1683 3812 patitur
1697 3745 1763 3798 ab
1791 3746 1965 3815 impu-

389 3835 505 3888 dica
535 3835 786 3899 tutilicrc,
839 3845 929 3889 aut
957 3852 984 3888 a
1025 3836 1168 3900 viro,
1213 3845 1303 3888 attt
1327 3852 1357 3888 a
1380 3837 1626 3905 quopiam
1653 3837 1757 3891 alio
1783 3854 1965 3892 eorum

389 3926 476 3992 qui
505 3925 604 3979 sibi
630 3925 1200 3996 necessitudiucjuucti
1224 3934 1368 3990 sunt,
1412 3925 1509 3979 hos
1531 3942 1717 3981 omnes
1749 3929 1958 3997 penitus

388 4018 681 4084 abscindat;
707 4021 794 4087 qui
827 4019 942 4089 lege
961 4021 1209 4073 connubii
1233 4036 1450 4074 uxorem
1473 4020 1650 4081 habet.
1681 4038 1965 4092 numquam

391 4110 536 4165 illam
561 4111 834 4180 repudiet,
865 4127 966 4166 nec
987 4111 1053 4164 ad
1083 4111 1240 4165 aliam
1270 4113 1536 4180 respiciat.
1563 4111 1664 4166 Per
1694 4111 1806 4166 hare
1827 4115 1967 4167 enim

391 4205 543 4256 malzc
559 4203 1004 4272 concupiscentia:
1030 4204 1236 4258 radices
1262 4205 1474 4258 evulsit.
1493 4205 1690 4259 Deinde
1722 4207 1970 4275 pecunia-

392 4309 506 4346 rum
537 4308 774 4347 amorem
824 4301 1056 4359 coercet,
1082 4294 1278 4362 jubeus
1324 4309 1495 4364 neque
1526 4295 1737 4363 jurare,
1798 4313 1971 4366 neque

391 4384 625 4448 mentiri,
667 4400 838 4454 neque
869 4384 1102 4438 tunicam
1132 4384 1362 4439 retinere
1383 4427 1398 4450 ,
1430 4402 1534 4454 qua
1562 4389 1682 4456 quis
1703 4387 1966 4445 induitur:

392 4477 499 4529 imo
536 4476 694 4530 etiam
728 4475 927 4531 volenti
975 4476 1194 4545 pallium
1239 4476 1466 4542 offerre,
1510 4487 1563 4531 ct
1605 4481 1846 4549 corporis
1888 4483 1968 4535 sui

389 4586 640 4638 operam:
672 4570 817 4624 ottmi
847 4570 1021 4624 studio
1051 4571 1391 4640 pecuniarum
1437 4589 1671 4626 amorem
1701 4575 1966 4630 auferens.

460 4661 512 4715 6.
531 4662 776 4716 Cacumen
800 4663 994 4716 virtutis
1019 4673 1088 4715 cst
1115 4679 1206 4731 pro
1227 4662 1440 4714 inimicis
1465 4663 1831 4718 orare—Post
1859 4665 1973 4720 lnrc

391 4760 570 4802 autem
592 4755 770 4805 onmia
795 4756 1106 4823 variantque
1125 4757 1384 4808 horumce
1407 4763 1796 4822 praceptorum
1815 4770 1972 4809 coro-

390 4856 540 4902 nam,
566 4843 870 4913 subiungit:
918 4845 1080 4900 Orate
1105 4862 1200 4914 pro
1247 4843 1692 4898 calnnmiuntibus
1740 4861 1848 4907 vos,
1903 4843 1970 4898 ad

387 4948 704 5001 supremum
739 4937 1093 5004 philosophiae
1121 4953 1380 4992 cacumen
1410 4934 1970 5001 attollens.Quemad-

394 5022 610 5076 modum
640 5023 782 5076 enim
809 5025 1063 5094 colaphos
1117 5029 1224 5096 pati
1258 5028 1430 5095 majus
1475 5037 1590 5093 est,
1641 5045 1797 5098 quam
1852 5044 1972 5084 esse

393 5117 601 5182 mitem,
633 5127 684 5170 et
718 5117 934 5185 pallium
961 5135 1080 5171 cum
1105 5121 1277 5174 tunica
1305 5121 1573 5174 dimittere
1597 5123 1936 5190 prarstantius
1955 5162 1970 5185 ,

389 5224 549 5279 quam
578 5207 976 5262 misericordem
1007 5223 1124 5262 es~e
1153 5225 1165 5272 ;
1191 5219 1245 5262 et
1273 5210 1492 5278 injurias
1521 5212 1680 5272 ferre,
1708 5227 1864 5280 quam
1886 5212 1974 5281 ju-

388 5313 529 5355 stum
552 5315 693 5364 esse;
710 5307 763 5354 et
779 5301 959 5369 alapas
987 5298 1123 5352 ferre
1143 5311 1197 5353 et
1223 5299 1286 5353 ad
1309 5302 1636 5371 sequendum
1652 5304 1789 5370 cogi,
1816 5320 1972 5372 quam

391 5397 666 5464 pacificum
719 5409 874 5449 esse:
909 5395 986 5448 sic
1013 5395 1348 5464 persequenti
1390 5412 1448 5450 se
1492 5395 1810 5451 benedicere
1859 5413 1977 5467 per-

391 5488 578 5540 fectius
603 5497 685 5541 est
712 5502 870 5557 quam
904 5486 1325 5554 persecutionem
1355 5484 1479 5554 pati.
1507 5484 1666 5540 Vides
1707 5488 1977 5556 quomodo

397 5581 646 5646 paulatim
701 5597 798 5633 nos
853 5580 918 5633 ad
961 5581 1104 5649 ipsos
1159 5581 1412 5633 caelorum
1464 5578 1695 5634 fornices
1729 5580 1976 5635 attollat?

396 5668 639 5738 Quonam
673 5670 830 5743 igitur
853 5670 995 5741 digni
1037 5671 1293 5742 supplicio
1335 5685 1539 5739 sumus,
1567 5670 1656 5741 qui
1693 5671 1764 5726 ad
1813 5671 1974 5726 Deum

1158 234 1218 286 S.
1257 231 1531 287 JO.\N.\'IS
1568 223 2036 285 CllllYSOSTUMl
2077 224 2386 280 Alitlllllil'.
2429 230 2954 286 CUNSTANTINOP.

3569 232 3672 264 θ’)

2081 341 2391 396 "uitandum
2417 344 2648 397 Studium
2699 362 2895 414 ponere
2918 345 3076 414 jussi,
3130 362 3196 398 nc
3221 345 3516 414 publicanis
3553 349 3673 416 qui-

2079 435 2379 506 dentparcs
2428 435 2562 490 forte
2619 439 2823 490 simus?
2875 438 2932 491 Si
2990 439 3132 492 enim
3185 437 3395 493 amicos
3443 438 3672 510 diligere

2081 527 2524 597 publicanorum,
2578 541 2914 598 peccatorum
2965 541 3122 601 atque
3160 533 3501 588 ethnicorum
3572 533 3669 588 sit:

2081 619 2294 688 quando
2332 634 2398 673 nc
2463 619 2512 673 id
2544 620 2754 688 quidem
2785 623 3008 675 facimus
3042 625 3060 696 (
3092 640 3195 678 non
3248 627 3391 680 enim
3440 628 3674 680 facimus

2081 708 2292 778 quando
2342 709 2496 763 laude
2525 709 2837 766 ﬂorentibus
2863 713 3120 768 fratribus
3152 715 3497 787 invidemus),
3531 733 3670 788 qua~

2082 818 2183 853 non
2215 800 2459 856 dabimus
2490 819 2694 873 ptenas,
2719 806 2806 874 qui
2835 807 3035 861 scribas
3053 825 3303 876 superare
3325 809 3479 878 jussi,
3505 813 3667 866 etiam

2081 892 2308 945 ethnicis
2326 892 2603 949 inferiores
2633 899 2857 951 sumus?
2881 898 3182 964 Quomodo,
3215 917 3417 970 quaeso,
3441 917 3662 970 regnum

2081 981 2410 1036 videbimus?
2436 985 2702 1054 quomodo
2745 1002 2900 1043 sacra
2930 989 3019 1043 illa
3046 990 3314 1045 adibimus
3344 993 3603 1047 vestibula
3640 1035 3656 1053 .

2082 1087 2190 1124 non
2217 1073 2465 1128 meliores
2493 1076 2786 1145 publicanis
2805 1078 2830 1130 τ
2881 1078 3012 1134 illud
3038 1083 3177 1135 enim
3204 1082 3559 1139 subindicavit
3581 1085 3667 1139 his

2082 1167 2274 1230 verbis,
2302 1167 2484 1222 Nonne
2505 1179 2549 1222 et
2575 1170 2829 1241 publicani
2855 1173 2949 1226 hoc
2971 1175 3202 1245 faciunt?
3222 1174 3275 1229 In
3303 1193 3408 1245 quo
3433 1179 3666 1234 maxime

2081 1256 2198 1325 ejus
2224 1257 2463 1311 doctrina
2487 1269 2569 1313 est
2606 1260 2940 1325 admiranda,
2973 1265 3113 1333 quod
3142 1281 3262 1319 eum
3291 1266 3486 1338 ubique
3528 1283 3667 1335 prae-

2080 1348 2182 1400 mia
2237 1349 2586 1403 certaminum
2666 1353 3161 1420 superabundanter
3209 1367 3406 1424 ponat,
3460 1359 3664 1416 scilicet

2082 1437 2247 1490 Deum
2295 1440 2497 1505 videre,
2530 1457 2753 1511 regnum
2780 1445 3030 1500 etclortnn
3065 1447 3360 1504 hereditate
3379 1454 3622 1519 accipere
3643 1493 3661 1515 ,

2081 1528 2220 1582 filios
2250 1529 2339 1584 Dei
2371 1531 2506 1598 fieri,
2539 1533 2588 1586 ei
2618 1534 2819 1589 similes
2856 1551 2994 1604 esse,
3029 1539 3445 1596 misericordiam
3480 1559 3663 1599 conse-

2078 1621 2166 1689 qui
2194 1662 2208 1686 ,
2237 1623 2657 1680 consolationem
2684 1627 2944 1696 accipere,
2987 1629 3038 1683 in
3068 1632 3211 1685 caelis
3238 1649 3480 1702 magnam
3507 1651 3663 1703 repo—

2079 1714 2235 1767 sitam
2281 1713 2479 1770 habere
2516 1718 2860 1784 mercedem;
2909 1721 2953 1775 si
2997 1722 3211 1790 quando
3239 1724 3470 1777 tristium
3510 1741 3662 1779 men-

2083 1805 2156 1858 tio
2176 1805 2420 1860 habenda
2447 1809 2537 1872 sit,
2586 1809 2638 1862 id
2698 1813 2909 1881 parcius
2951 1811 3108 1879 facit;
3156 1813 3415 1884 gehenna:
3461 1819 3659 1886 quippe

2081 1912 2274 1952 nomen
2306 1901 2474 1954 semel
2500 1909 2700 1955 tantum
2732 1903 2782 1956 in
2814 1913 2892 1957 tot
2911 1905 3247 1960 sermonibus
3277 1908 3487 1974 posuit;
3523 1918 3578 1963 et
3605 1912 3658 1964 in

2074 1989 2192 2043 aliis
2223 1989 2537 2059 quibusdam
2597 1993 2912 2060 remissius,
2959 1995 3220 2050 hortando
3279 2014 3445 2066 magis
3497 2015 3656 2069 quam

2074 2082 2466 2148 comminando,
2483 2084 2778 2141 auditorem
2796 2088 3006 2158 corrigit
3023 2089 3206 2143 dicens
3221 2107 3233 2142 :
3247 2089 3428 2146 Nonne
3438 2103 3484 2146 et
3500 2095 3642 2162 publi
3653 2127 3661 2136 -

2073 2172 2190 2224 cani
2205 2172 2298 2226 hoc
2313 2174 2507 2245 faciunt
2519 2175 2629 2238 ἵει.
2645 2177 2705 2231 Si
2724 2177 2802 2231 sal
2817 2177 3123 2246 infamatum
3138 2181 3309 2250 fuerit;
3323 2192 3396 2248 et,
3415 2183 3660 2238 Minimus

2073 2261 2326 2315 vocabitur
2345 2263 2396 2317 in
2415 2280 2570 2335 regno
2586 2266 2844 2321 enatorum.
2871 2269 2962 2322 Est
2976 2268 3134 2323 etiam
3147 2285 3268 2324 cum
3286 2282 3493 2340 peceata
3512 2277 3660 2343 ponit

2074 2367 2172 2422 pm
2189 2354 2381 2422 prunis,
2395 2357 2639 2427 supplicii
2659 2359 2868 2428 pondus
2887 2361 3114 2416 auditori
3148 2361 3655 2432 subintelligendum

2074 2444 2373 2514 proferens;
2394 2456 2580 2503 uteum
2597 2449 2746 2505 dicit:
2768 2450 3051 2506 Moechum:
3071 2464 3142 2508 est
3157 2469 3267 2508 eam
3287 2455 3339 2508 in
3360 2457 3510 2510 corde
3534 2475 3654 2522 suo;

2071 2547 2146 2601 et,
2166 2536 2266 2604 Qui
2286 2537 2510 2606 dimittit,
2537 2540 2661 2610 facit
2687 2559 2798 2596 eam
2818 2545 3090 2612 utnec/tari;
3115 2557 3190 2610 et,
3218 2547 3367 2613 Quod
3395 2549 3472 2602 his
3491 2550 3655 2604 abun-

2072 2629 2277 2683 daulius
2303 2641 2395 2696 est,
2421 2648 2454 2684 a
2483 2633 2618 2688 malo
2652 2646 2744 2690 est.
2776 2637 2908 2692 Nam
2941 2647 3122 2694 mente
3151 2640 3389 2708 praeditis
3412 2658 3509 2712 pro
3527 2659 3657 2714 sup-

2072 2720 2211 2788 plicii
2241 2723 2457 2781 nomine
2501 2725 2697 2781 sufﬁcit
2723 2729 2788 2782 ad
2815 2729 3243 2786 emendationem
3295 2735 3501 2802 peccati
3533 2751 3650 2789 ma-

2069 2813 2311 2881 gnitudo.
2339 2815 2696 2883 Quamobrem
2745 2817 2830 2876 hic
2879 2838 3091 2892 quoque
3119 2824 3360 2880 ethnicos
3386 2837 3442 2882 et
3471 2828 3650 2898 publi-

2070 2919 2233 2958 canos
2260 2905 2310 2960 in
2343 2907 2572 2962 medium
2602 2909 2848 2979 adducit,
2879 2928 2944 2968 ex
2977 2930 3216 2982 persona:
3241 2917 3543 2974 conditione
3569 2921 3652 2974 di-

2070 2997 2332 3066 scipulum
2365 3000 2566 3068 pudore
2585 3001 2841 3056 afficiens.
2856 3004 3008 3071 Quod
3025 3016 3081 3060 et
3101 3006 3294 3062 Paulus
3324 3007 3552 3064 faciebat
3577 3012 3650 3065 di-

2070 3104 2231 3144 cens:
2263 3090 2438 3144 Nolite
2462 3093 2753 3147 contristari
2770 3096 2899 3148 sicut
2923 3105 2970 3150 et
2998 3098 3187 3164 caeteri,
3242 3100 3328 3166 qui
3361 3117 3503 3171 spem
3544 3119 3646 3157 non

2071 3184 2288 3250 habent;
2326 3194 2399 3250 et,
2449 3185 2595 3241 Sicut
2643 3197 2852 3258 gentes,
2903 3206 3016 3258 quae
3052 3192 3286 3261 ignorant
3336 3192 3496 3248 Deum
3548 3196 3648 3267 (1.

2071 3274 2252 3329 Thess.
2290 3277 2343 3331 4.
2398 3277 2482 3331 12.
2513 3276 2617 3349 5).
2669 3279 2736 3334 Et
2785 3281 3075 3337 ostendens
3123 3297 3183 3337 se
3231 3283 3360 3338 nihil
3412 3286 3482 3338 ita
3530 3289 3646 3341 exi-

2071 3368 2234 3422 mium
2280 3377 2481 3436 petere,
2508 3369 2601 3424 sed
2623 3371 2778 3436 paulo
2819 3373 3047 3442 amplius
3091 3373 3248 3428 solito
3271 3418 3286 3442 ,
3322 3377 3432 3431 ait:
3467 3376 3652 3432 Nonne

2069 3469 2117 3511 et
2161 3460 2344 3512 ethnici
2388 3460 2482 3514 hoc
2526 3463 2766 3532 faciunt?
2798 3464 3044 3520 Attamen
3087 3481 3192 3519 non
3240 3467 3324 3520 hic
3363 3470 3522 3525 linem
3563 3470 3648 3524 die

2074 3553 2228 3607 cendi
2262 3553 2406 3616 facit,
2453 3555 2546 3609 sed
2591 3556 2644 3609 in
2687 3560 2900 3625 praemia
2927 3566 2981 3611 et
3018 3559 3071 3611 in
3102 3559 3291 3614 bonam
3319 3576 3470 3630 spem
3544 3561 3654 3614 de-

2067 3646 2194 3702 sinit
2221 3645 2304 3700 bis
2321 3646 2533 3700 verbis:
2565 3647 2653 3701 48.
2683 3647 2856 3701 Estote
2891 3665 3010 3719 ergo
3039 3651 3284 3719 perfecti,
3316 3653 3443 3705 sicut
3468 3663 3516 3706 et
3549 3653 3652 3706 Pa-

2074 3749 2148 3794 ter
2187 3751 2345 3794 vester
2398 3739 2631 3794 ctelestis.
2681 3740 2940 3812 Sa'peque
2983 3743 3235 3797 etelorum
3281 3761 3473 3800 nomen
3519 3749 3649 3801 ubi—

2071 3848 2176 3901 que
2227 3832 2572 3899 disseminat,
2618 3849 2648 3886 a
2696 3833 2815 3889 loco
2862 3835 3020 3889 etiam
3075 3850 3264 3890 sensus
3309 3853 3490 3892 eorum
3528 3842 3650 3894 eri—

2071 3941 2219 3996 gens.
2253 3926 2518 3981 Hactenus
2539 3926 2681 3981 enim
2711 3925 3028 3982 infirmiores
3058 3928 3451 3998 crassioresque
3475 3942 3647 3985 erant.

2073 4019 2261 4073 Omnia
2303 4018 2459 4087 igitur
2497 4033 2615 4087 quae
2657 4017 2793 4072 dicta
2837 4029 2962 4071 sunt
2996 4030 3174 4073 mente
3215 4021 3508 4086 volventes,
3537 4037 3649 4074 ma—

2071 4127 2230 4183 gnam
2256 4111 2416 4165 etiam
2441 4125 2567 4180 erga
2602 4109 2846 4164 inimicos
2861 4111 3137 4164 caritatem
3170 4109 3554 4165 exhibeamus:
3597 4123 3654 4166 et

2073 4205 2350 4262 ridiculam
2373 4204 2514 4258 illam
2535 4203 2976 4258 consuetudinem
3003 4201 3296 4270 ejiciamus,
3329 4219 3485 4273 quam
3517 4205 3655 4257 mul-

2075 4298 2111 4353 ti
2141 4314 2205 4352 ex
2235 4298 2318 4361 iis,
2341 4295 2431 4367 qui
2458 4295 2632 4349 minus
2676 4295 2881 4348 ratione
2905 4293 3106 4357 valent,
3130 4294 3392 4348 sustinent
3412 4336 3427 4360 ,
3455 4309 3654 4365 exspe-

2073 4401 2280 4448 ctantes
2323 4401 2380 4444 ut
2422 4390 2511 4461 qui
2540 4389 2749 4444 obviam
2782 4389 2999 4441 veniunt
3026 4403 3084 4442 se
3113 4387 3257 4457 prius
3302 4388 3572 4442 salutent:
3602 4388 3654 4443 id

2074 4485 2214 4554 quod
2246 4484 2464 4537 multam
2523 4481 2903 4535 beatitudinem
2976 4479 3217 4534 continet
3274 4478 3645 4549 negligentes;

2075 4577 2216 4648 quod
2242 4586 2418 4630 autem
2458 4573 2738 4628 ridiculum
2788 4580 2870 4626 est
2903 4572 3196 4642 exigentes.
3251 4569 3362 4636 Qua
3413 4586 3542 4641 ergo
3590 4571 3658 4625 de

2075 4684 2235 4725 causa
2259 4684 2362 4722 non
2400 4667 2545 4721 illum
2569 4665 2716 4736 prior
2736 4665 2979 4718 salutas?
3021 4664 3154 4729 Quia
3187 4663 3287 4717 hoc
3333 4673 3612 4732 exspectat
3640 4704 3654 4727 ,

2077 4760 2305 4832 inquies.
2347 4759 2502 4830 Atqui
2543 4757 2662 4812 ideo
2709 4757 2939 4812 maxime
2963 4754 3218 4811 festinare
3258 4755 3571 4825 oportebat,
3605 4765 3661 4809 ut

2079 4864 2134 4909 tu
2171 4868 2424 4908 coronam
2450 4853 2744 4920 acciperes.
2775 4849 2912 4914 Non,
2979 4849 3188 4917 inquies
3218 4864 3234 4912 ;
3288 4847 3410 4918 quia
3438 4847 3538 4902 hoc
3582 4847 3658 4916 ip-

2077 4963 2194 5003 sum
2237 4946 2325 5001 ille
2350 4945 2616 5016 quaesivit.
2667 4942 2734 4997 Et
2755 4942 2881 5012 quid
2948 4939 3047 4995 hac
3100 4941 3331 4996 amentia
3377 4940 3662 4994 deterius?

2078 5038 2212 5105 Quia
2243 5038 2382 5091 enim
2408 5036 2457 5090 id
2491 5035 2580 5090 ille
2604 5034 2870 5106 quaesivit,
2897 5033 3074 5102 inquis
3102 5074 3116 5097 ,
3155 5043 3207 5085 ut
3241 5032 3502 5087 mercedis
3532 5033 3659 5086 mibi

2081 5133 2232 5186 ﬁeret
2253 5130 2482 5192 occasio,
2515 5129 2640 5182 nolo
2670 5127 2805 5182 hanc
2831 5127 3070 5195 arripere
3095 5125 3433 5180 occasionem
3465 5124 3560 5194 (α).
3592 5125 3660 5177 At

2145 5307 2217 5368 ((1)
2251 5313 2384 5354 Hunc
2406 5303 2562 5369 locum
2581 5317 2635 5369 tu
2666 5309 2779 5352 nota
2803 5302 3110 5369 explicantes
3140 5308 3218 5348 PP.
3257 5301 3554 5369 Benedictiui
3591 5314 3661 5348 sic

2080 5362 2264 5432 habent
2289 5382 2301 5415 :
2327 5367 2446 5426 Quia
2481 5364 2534 5416 id
2573 5364 2656 5416 ille
2668 5362 2883 5432 curavit,
2896 5372 2944 5413 ut
2967 5362 3087 5432 mihi
3107 5363 3344 5432 mercedis
3367 5362 3567 5432 occasio.
3586 5375 3663 5432 es;

2080 5437 2181 5490 set;
2208 5430 2273 5495 id_
2294 5421 2389 5484 est.
2409 5433 2473 5495 ut.
2501 5441 2576 5478 me
2599 5425 2757 5495 primo
2789 5425 3043 5495 salutante,
3069 5423 3170 5486 ipse
3196 5423 3461 5495 reddenda:
3493 5421 3664 5495 subitis

2080 5482 2623 5554 mercedemtribueret',
2657 5487 2910 5554 nolojumc
2930 5482 3150 5554 arripere
3172 5485 3499 5554 occasionnn:
3525 5482 3666 5554 stulto

2081 5555 2240 5616 potius
2261 5552 2519 5616 crederem
2542 5551 2622 5600 hic
2651 5551 2730 5613 agi
2751 5549 2827 5616 de
2865 5546 3098 5616 mercede
3134 5561 3278 5604 quam
3316 5546 3574 5616 humilitati
3596 5551 3662 5611 ~ct

2079 5607 2438 5664 mansuetudini
2467 5620 2594 5680 Deus
2614 5607 2849 5680 promisit.
2876 5613 2964 5680 Hic
2982 5610 3109 5658 enim
3135 5623 3309 5680 sensus
3325 5608 3480 5667 [113ng
3493 5607 3665 5656 obvius

2082 5687 2178 5741 est,
2207 5676 2303 5728 imo
2327 5685 2379 5727 et
2401 5675 2555 5737 magis
2576 5673 2747 5726 rationi
2770 5673 3293 5724 consentaneusJiom
