4076 6150
410 277 512 331 973

414 395 459 448 si
499 394 588 448 ille
629 404 681 448 te
719 395 865 464 prior
893 394 1127 463 salutet,
1159 396 1287 452 nihil
1340 398 1431 453 tibi
1475 399 1591 469 plus
1626 404 1727 457 erit
1771 396 1814 457 si
1856 403 2001 457 salu-

414 495 519 539 tem
561 487 793 550 reddas;
844 488 887 541 si
943 505 1071 544 vero
1119 499 1171 543 tu
1204 490 1349 560 prior
1377 507 1629 561 properes
1659 493 1724 547 ad
1761 494 1998 548 salutan-

415 578 564 642 dum,
590 577 785 632 fastqu
832 580 951 648 ejus
992 581 1358 651 intercepisti,
1412 592 1466 635 et
1516 584 1717 653 largum
1759 599 1823 639 ex
1872 585 1988 654 ejus

408 671 713 738 arrogantia
759 670 985 726 fructum
1041 675 1328 728 messuisti.
1369 675 1649 743 Quomodo
1693 678 1851 746 igitur
1890 692 1995 732 non

410 768 666 815 extremm
731 763 1019 819 dementia:
1064 764 1264 828 fuerit,
1315 782 1435 820 cum
1484 782 1551 821 ex
1606 769 1763 822 nudis
1815 769 1995 825 verbis

411 862 616 906 tantum
669 868 865 924 capere
918 854 1145 909 fructum
1231 858 1537 924 valeamus,
1595 860 1801 914 lucrum
1873 875 1996 929 per-

404 946 554 1007 dere.
586 956 642 1001 et
671 962 793 1001 cum
821 946 970 1001 illum
992 950 1376 1017 improbemus,
1412 952 1463 1004 in
1494 952 1683 1005 eadem
1712 952 1991 1006 incidere?

404 1037 460 1092 Si
488 1038 631 1092 enim
663 1038 808 1090 illum
842 1039 963 1091 ideo
999 1040 1182 1107 culpas
1208 1040 1349 1109 quod
1378 1041 1521 1109 prior
1540 1042 1765 1096 aliorum
1796 1043 1997 1098 saluta-

410 1129 608 1182 tionem
658 1140 964 1199 exspectet,
1016 1146 1113 1185 cur
1166 1131 1390 1185 imitaris
1423 1132 1472 1185 id
1503 1133 1644 1201 quod
1678 1132 1987 1202 improbas;

407 1232 461 1275 et
490 1223 630 1292 quod
654 1225 850 1277 malum
881 1239 1001 1277 esse
1023 1224 1174 1284 dicis,
1218 1225 1317 1277 hoc
1345 1234 1402 1278 ut
1429 1226 1623 1278 houmu
1677 1227 1988 1280 a‘mularis?

406 1314 595 1369 V'iden'
624 1314 750 1368 nihil
782 1314 994 1369 stultius
1040 1332 1158 1371 esse
1180 1317 1396 1371 homine
1418 1318 1470 1370 in
1493 1319 1721 1386 nequitia
1749 1319 1992 1373 virente?

405 1406 766 1474 Quamobrem
814 1407 1041 1461 obsecro
1064 1448 1079 1472 ,
1112 1410 1248 1463 hanc
1290 1409 1584 1477 improbam
1612 1417 1666 1462 et
1710 1409 1987 1463 ridiculam

402 1500 844 1555 consuetudinem
891 1502 1170 1571 fugiamus.
1218 1502 1312 1556 Hic
1336 1503 1531 1571 quippe
1578 1503 1795 1556 morbus
1844 1503 1990 1558 mille

402 1594 664 1647 amicitias
692 1594 902 1657 evertit,
938 1595 1237 1663 multasque
1266 1596 1472 1662 peperit
1499 1593 1826 1647 inimicitias.
1863 1594 1988 1647 Ideo

403 1699 500 1736 nos
520 1684 908 1755 prazveniamus
925 1684 1079 1738 alios.
1103 1684 1233 1738 Nam
1257 1686 1344 1753 qui
1362 1685 1612 1750 jubetuur
1634 1684 1772 1739 ferre
1789 1695 1847 1738 ut
1870 1686 1985 1739 ala-

402 1780 481 1848 pis
510 1778 888 1848 pereutiamur,
919 1778 1018 1831 iter
1045 1778 1213 1831 coacti
1241 1778 1613 1846 suscipiamus,
1638 1777 1899 1832 nudentur
1918 1778 1986 1832 ab

400 1870 648 1934 inimicis,
667 1884 768 1940 qua
796 1870 946 1923 venia
965 1868 1107 1938 digiti
1135 1869 1355 1932 erimus,
1385 1870 1428 1922 si
1460 1870 1511 1923 in
1537 1870 1763 1939 simplici
1787 1871 1985 1925 saluta-

398 1965 543 2018 tione
583 1972 781 2017 tantam
806 1960 1151 2017 adhiheamus
1172 1963 1606 2018 contentionem?
1631 1964 1980 2033 DeSpicimur,

396 2058 623 2127 inquies,
641 2068 694 2111 et
707 2059 1202 2126 conspuimur,cum
1222 2057 1324 2112 hoc
1341 2058 1436 2127 ipsi
1454 2059 1814 2113 concedimus.
1837 2059 1900 2112 Et
1917 2074 1983 2113 ne

396 2160 446 2202 te
459 2149 712 2219 despiciat
729 2149 906 2206 homo.
931 2149 1093 2201 Deum
1110 2149 1333 2203 offendis
1349 2148 1371 2200 ?
1386 2166 1451 2203 ne
1466 2159 1516 2203 te
1532 2160 1836 2204 contemnat
1853 2164 1982 2204 con-

395 2254 581 2294 servus
601 2240 800 2301 furens,
839 2239 1118 2293 Dominum
1142 2242 1461 2307 contemnis,
1490 2241 1577 2309 qui
1602 2250 1741 2295 tanta
1775 2241 1865 2294 tibi
1899 2240 1984 2296 be-

398 2337 582 2392 neficia
609 2347 727 2391 rom
738 2337 835 2389 ulit
850 2336 872 2387 ?
885 2335 938 2390 Si
959 2337 1099 2389 enim
1112 2334 1398 2388 absurdum
1413 2344 1494 2388 est
1514 2345 1562 2387 te
1583 2336 1839 2404 mqualem
1853 2350 1981 2389 con-

1566 283 1633 341 lN
1671 284 2077 344 MATTIIEUM
2120 282 2345 347 ﬂOMiL.
2389 288 2530 349 XIX.

3596 309 3697 365 274

2111 412 2367 471 temnere,
2386 410 2556 464 multo
2578 410 2744 481 magis
2762 406 3049 468 absurdum
3072 424 3417 475 contemnere
3434 428 3488 476 te
3503 420 3667 477 Demn
3680 466 3696 488 ,

2107 497 2196 565 qui
2230 507 2280 550 te
2303 498 2445 553 fecit.
2477 501 2555 554 Ad
2580 501 2693 556 haec
2716 503 3026 559 consideres
3056 507 3232 573 velim,
3256 524 3378 564 cum
3406 519 3457 564 te
3488 512 3576 566 ille
3598 514 3696 567 de-

2106 592 2297 658 spicit,
2330 602 2453 649 tunc
2468 595 2726 665 majorem
2759 596 2850 651 tibi
2888 599 3192 654 mercedem
3217 603 3523 658 conciliare.
3557 606 3690 660 Pro-

2103 694 2222 754 pter
2249 684 2411 738 Deum
2443 688 2587 741 enim
2616 688 2730 742 haec
2758 690 2977 758 pateris,
3006 692 3127 761 quia
3151 693 3295 763 leges
3316 696 3431 765 ejus
3475 696 3702 753 audisti.

2106 774 2217 830 Hoc
2263 788 2439 830 autem
2466 794 2573 847 quo
2598 795 2703 835 non
2729 781 2932 836 honore
2978 783 3193 853 dignum
3240 788 3344 840 sit?
3370 788 3561 858 quibus
3586 806 3654 843 no
3672 810 3700 843 τι

2102 867 2837 942 diadematibuslContiugat
2874 875 3001 929 mihi
3026 887 3080 931 et
3105 880 3441 934 contumeliis
3469 882 3609 935 affici
3637 898 3695 937 e:

2102 962 2373 1014 contemni
2436 973 2654 1032 propter
2698 964 2887 1032 Deum,
2920 968 3094 1036 potius
3137 985 3295 1039 quam
3343 971 3651 1026 honoraria
3692 998 3699 1020 ι

2100 1054 2347 1108 omnibus
2378 1056 2593 1125 regibus
2643 1074 2655 1109 :
2702 1058 2833 1114 nihil
2861 1061 3025 1122 enim.
3055 1062 3190 1117 nihil
3214 1064 3395 1133 utique
3426 1064 3549 1120 huic
3590 1067 3692 1119 ho-

2102 1146 2214 1198 nori
2246 1161 2340 1214 par
2368 1157 2468 1201 est.
2503 1147 2652 1202 Hunc
2693 1150 2868 1218 itaque
2887 1162 3260 1207 cousectemur
3306 1166 3363 1209 ut
3390 1155 3476 1210 ille
3494 1153 3657 1224 jussit
3688 1174 3699 1210 ;

2100 1236 2468 1306 hmuanosque
2499 1238 2731 1293 honores
2762 1240 2908 1294 nihili
2930 1241 3208 1309 facientes,
3240 1245 3336 1298 sed
3369 1261 3547 1299 veram
3578 1245 3690 1313 phi-

2102 1329 2400 1399 losophiam
2430 1345 2525 1398 per
2570 1332 2745 1383 omnia
2778 1332 3126 1398 exhibentes,
3155 1337 3234 1390 sic
3267 1338 3427 1391 vitam
3472 1338 3688 1390 ordini--

2098 1434 2217 1473 mus
2271 1429 2529 1473 nostram.
2579 1420 2710 1475 Nam
2752 1424 3042 1478 caelestium
3081 1440 3399 1481 coronarum
3440 1428 3549 1497 jam
3602 1430 3685 1483 hic

2096 1511 2326 1565 fructum
2378 1511 2756 1582 percipiemus,
2798 1516 2947 1582 quasi
2977 1516 3149 1584 angeli
3206 1532 3327 1571 cum
3378 1518 3684 1572 hominibus

2094 1613 2391 1667 versantes,
2428 1614 2695 1673 tamquam
2726 1606 2980 1673 angelica:
3006 1614 3298 1674 potestates
3326 1607 3376 1660 in
3405 1618 3545 1661 terra
3576 1610 3683 1661 cir-

2094 1706 2407 1752 cumeuntes
2436 1739 2451 1763 ,
2486 1699 2631 1751 omni
2677 1698 2967 1767 cupiditate
3004 1699 3258 1766 omnique
3286 1702 3684 1769 perturbatione

2091 1788 2326 1857 exempti
2353 1806 2366 1851 ;
2391 1798 2446 1841 et
2469 1803 2588 1842 cum
2611 1790 2697 1843 his
2716 1789 2964 1843 omnibus
2985 1788 3264 1844 ineffabilia
3290 1806 3681 1860 consequemur

2092 1879 2229 1933 bona
2260 1899 2273 1934 :
2301 1896 2420 1949 qua:
2443 1880 2641 1934 utinam
2666 1896 2763 1935 nos
2786 1897 2977 1935 omnes
3006 1881 3365 1952 adipiscamur
3390 1924 3404 1946 ,
3432 1885 3599 1953 gratia
3628 1894 3683 1937 et

2091 1972 2421 2041 benignitate
2472 1974 2680 2027 Domini
2732 1974 2900 2027 nostri
2948 1973 3075 2028 Jesu
3104 1972 3325 2038 Christi,
3357 1976 3441 2028 cui
3487 1976 3676 2044 gloria,

2090 2066 2372 2135 imperium
2401 2076 2457 2121 et
2485 2066 2729 2122 adoratio
2754 2082 2876 2122 cum
2905 2066 3148 2137 principii
3185 2077 3407 2137 experte
3448 2067 3605 2123 Patre
3626 2077 3682 2122 et

2088 2168 2274 2214 sancto
2302 2161 2550 2229 bonoque
2577 2159 2801 2230 Spiritu,
2834 2174 2974 2213 nunc
2996 2167 3051 2214 et
3075 2173 3310 2229 semper,
3333 2169 3385 2214 et
3404 2159 3455 2213 in
3482 2160 3678 2214 secula

2083 2251 2422 2306 saeculorum.
2450 2253 2636 2306 Amen.
2700 2262 2705 2268 ‘

1743 2555 2088 2619 HOMILIA
2141 2557 2317 2617 ΧΙΧ.

393 2702 519 2756 Car.
565 2702 617 2756 6.
646 2718 697 2756 v.
732 2703 782 2756 l.
814 2703 1066 2757 Attendile
1114 2719 1177 2756 ne
1229 2704 1595 2772 eieemosynam
1638 2713 1856 2756 vestram
1898 2706 1977 2774 fa-

458 2775 608 2849 ciatis
634 2812 805 2849 caram
832 2797 1136 2859 hominibus,
1168 2806 1221 2849 ut
1251 2797 1521 2850 videamini
1545 2795 1607 2849 ab
1633 2799 1725 2850 eis.

461 2895 511 2941 t.
532 2886 670 2942 Vana
696 2888 859 2958 gloria
879 2890 1061 2956 probos
1076 2890 1225 2942 etiam
1243 2888 1786 2943 inuadit—Omnium
1809 2889 1979 2943 maxi-

392 2995 477 3033 me
507 2982 838 3049 tyrannicum
859 2981 967 3050 jam
993 2982 1229 3036 eliminat
1249 2982 1410 3037 animi
1438 2983 1680 3038 morbum
1706 3023 1720 3045 ,
1747 2982 1971 3043 rabiem,

389 3070 627 3143 inquam.
658 3073 799 3126 illam
838 3082 891 3127 et
933 3071 1164 3127 furorem
1188 3074 1328 3128 circa
1350 3088 1540 3126 vanam
1566 3073 1786 3143 gloriam
1811 3113 1825 3133 ,
1856 3087 1975 3141 quae

389 3164 636 3219 homines
678 3166 836 3218 etiam
882 3164 1048 3233 probe
1091 3174 1309 3234 agentes
1353 3165 1570 3219 invadit.
1626 3166 1669 3219 A
1716 3164 1975 3233 principio

385 3256 603 3326 quidem
632 3256 761 3311 nihil
792 3256 889 3311 hac
914 3256 979 3312 de
1010 3273 1069 3311 re
1090 3257 1337 3326 loquutus
1356 3266 1456 3312 est.
1486 3257 1616 3311 Nam
1645 3258 1970 3328 superfluum

387 3351 594 3416 fuisset,
627 3351 932 3421 priusquam
964 3350 1098 3403 bona
1121 3365 1281 3419 opera
1304 3349 1464 3404 edere
1483 3349 1750 3413 suaderet,
1778 3349 1973 3405 docere

385 3442 658 3511 quomodo
690 3443 774 3495 illa
807 3442 1043 3496 facienda
1089 3451 1144 3496 et
1183 3439 1425 3495 adeunda
1451 3451 1651 3496 essent.
1682 3441 1973 3511 Postquam

384 3545 560 3590 autem
581 3539 633 3591 in
654 3536 1043 3607 philosophiam
1070 3535 1292 3597 induxit,
1315 3547 1439 3590 tunc
1456 3536 1670 3590 demum
1690 3550 1831 3601 eam,
1852 3550 1972 3605 qua:

387 3630 729 3699 subrependo
754 3631 920 3699 ipsam
949 3631 1165 3684 inlicere
1193 3630 1352 3691 solet,
1382 3638 1584 3699 pestem
1608 3628 1819 3683 auferre
1847 3627 1971 3683 niti-

387 3734 490 3777 tur.
524 3723 704 3794 Neque
730 3724 871 3777 enim
918 3735 1201 3793 utcumque
1227 3724 1457 3793 gignitur
1485 3722 1569 3777 hic
1598 3721 1844 3784 morbus,
1873 3720 1969 3777 sed

389 3826 664 3884 postquam
696 3817 859 3869 multa
886 3825 1146 3884 pra-cepta
1174 3814 1386 3885 egregie
1404 3814 1761 3881 inqdewimus.
1790 3811 1966 3879 Οιιθτ·

386 3906 524 3961 trbat
570 3908 727 3976 igitur
770 3909 916 3977 prius
960 3908 1205 3960 virtutem
1253 3906 1523 3969 inserere,
1572 3914 1626 3959 et
1668 3913 1791 3958 tunc
1818 3904 1965 3959 illum

384 3999 544 4051 animi
571 3998 819 4053 affectum
848 3998 1092 4064 auferre,
1138 3999 1225 4066 qui
1260 3998 1376 4067 ejus
1406 3997 1631 4051 fructum
1661 3997 1962 4051 labefactat.

385 4096 461 4147 Ac
490 4094 608 4147 vide
634 4093 783 4148 unde.
803 4091 1076 4146 exordium
1109 4100 1313 4145 sumat:
1347 4107 1374 4145 a
1402 4091 1625 4159 jejunio,
1656 4090 1897 4145 oratione
1913 4098 1967 4143 et

383 4189 742 4258 eleemosyna.
776 4185 832 4241 ln
863 4185 944 4242 his
966 4185 1109 4240 enim
1141 4184 1372 4239 maxime
1412 4192 1556 4238 recte
1585 4183 1735 4238 factis
1762 4184 1961 4239 versari

383 4281 539 4335 solet.
560 4280 689 4335 Nam
717 4280 1017 4334 Pharisaeus
1040 4279 1163 4333 inde
1188 4278 1399 4333 inﬂatus
1419 4277 1663 4331 dicebat:
1689 4276 1875 4348 Jejuno
1891 4276 1965 4331 bis

387 4381 433 4431 iu
465 4378 797 4440 hebdomade,
826 4376 1046 4431 decimas
1075 4375 1141 4429 do
1160 4375 1383 4427 omnium
1408 4388 1523 4442 qua:
1550 4370 1782 4441 possideo
1808 4370 1961 4442 (Luc.

387 4473 449 4525 i8
468 4511 483 4537 ,
508 4472 568 4524 l2
596 4479 612 4540 )
640 4489 651 4524 :
682 4471 734 4524 in
766 4470 876 4537 ipsa
898 4470 1139 4522 oratione
1166 4481 1353 4521 vanam
1379 4464 1627 4535 captabat
1647 4463 1891 4533 gloriam,
1909 4473 1965 4519 et

382 4567 446 4618 ad
478 4564 886 4617 ostentationem
919 4563 1251 4639 precabatur.
1277 4559 1408 4627 Quia
1438 4558 1578 4613 enim
1606 4556 1785 4611 nullus
1827 4556 1963 4611 alius

385 4659 606 4721 aderat,
636 4655 971 4724 publicanum
1000 4653 1267 4709 indicabat
1286 4652 1470 4707 dicens
1499 4667 1514 4704 :
1542 4648 1666 4704 Non
1694 4665 1809 4703 sum
1834 4650 1964 4704 sicut

381 4750 551 4804 cmteri
595 4748 853 4800 hominum
875 4788 889 4807 ,
937 4762 1093 4815 neque
1134 4747 1264 4799 sicut
1290 4746 1370 4798 hic
1400 4744 1698 4815 publicanus
1722 4742 1882 4814 (Ibid.
1905 4758 1956 4798 tt.

382 4843 443 4894 Η
480 4841 520 4907 ).
540 4837 611 4892 Et
628 4836 749 4891 vide
773 4836 1041 4906 quomodo
1061 4836 1313 4892 Servatur
1332 4835 1576 4906 coeperit,
1600 4849 1663 4891 ac
1682 4835 1726 4891 si
1756 4834 1824 4890 de
1850 4834 1959 4891 fera

378 4937 555 4982 astuta
595 4942 660 4981 ac
687 4928 1022 4996 depreheusu
1046 4929 1243 4984 diliicili
1276 4940 1477 5000 ageret,
1500 4946 1621 5001 qua‘.
1644 4948 1747 4986 non
1767 4933 1956 4985 admo-

378 5021 508 5076 dum
524 5020 737 5089 vigilem
753 5034 941 5088 capere
955 5032 1127 5089 posset
1160 5040 1173 5073 :
1196 5038 1319 5077 nam
1333 5024 1408 5077 ait
1430 5024 1498 5075 :A
1512 5024 1728 5077 (tendite
1746 5039 1807 5076 ne
1821 5022 1955 5077 elec-

381 5130 654 5183 mosynam
672 5122 1026 5175 vestram,etc.
1044 5113 1133 5167 Sic
1144 5114 1406 5171 etPaulus
1419 5116 1856 5186 Philippensibus
1872 5116 1955 5169 di-

383 5206 457 5257 cit
474 5221 488 5260 :
507 5203 686 5257 Videte
702 5219 855 5257 canes
869 5202 1122 5274 (Philipp.
1144 5206 1200 5268 5,
1214 5205 1288 5269 2).
1315 5205 1466 5259 Clam
1486 5207 1629 5259 enim
1655 5206 1953 5275 ingreditur

381 5295 765 5358 fera,etomnia
779 5296 897 5349 sine
907 5296 1130 5363 strepitu
1146 5297 1479 5367 intlat,atque
1491 5298 1671 5351 omnia
1684 5297 1956 5367 quaintra

380 5390 512 5445 .tihil
528 5391 850 5445 sentientem
870 5387 1203 5443 suutaufert.
1221 5390 1355 5455 Quia
1379 5392 1541 5458 igitur
1558 5391 1851 5460 plurimum
1874 5393 1965 5447 fe-

381 5485 451 5536 rit
472 5483 539 5536 de
565 5482 902 5549 eleemosyoa
948 5488 1251 5529 sermonem
1275 5515 1288 5538 ,
1332 5474 1605 5545 Deumque
1644 5476 1696 5530 in
1725 5479 1958 5533 medium

384 5572 621 5635 adduxit,
654 5569 754 5637 Qui
782 5566 938 5622 solem
957 5581 1103 5619 suum
1130 5565 1250 5617 oriri
1281 5565 1404 5634 facit
1427 5581 1579 5635 super
1606 5567 1767 5622 malos
1795 5579 1840 5622 et
1866 5569 1959 5622 bo-

383 5680 492 5726 nos,
524 5671 579 5716 et
605 5658 833 5729 undique
860 5658 922 5711 ad
952 5657 1000 5711 id
1027 5656 1336 5710 cohortatus
1356 5664 1457 5717 est.
1487 5665 1538 5711 et
1564 5657 1820 5712 donorum
1853 5659 1961 5712 lar-

382 5762 543 5826 gitate
568 5751 884 5815 conspicuos
923 5763 1043 5804 esse
1073 5748 1276 5812 suasit,
1322 5750 1533 5804 demum
1564 5751 1737 5805 omnia
1781 5755 1908 5805 tollit
1938 5794 1953 5810 .

2084 2717 2204 2772 quae
2242 2702 2365 2757 huic
2394 2702 2628 2772 pulchrre
2668 2704 2801 2759 oleae
2831 2720 3026 2759 nocere
3053 2715 3290 2775 possent.
3337 2706 3673 2778 Quapmptei‘

2083 2797 2194 2849 ait:
2241 2796 2493 2850 Attendite
2517 2814 2579 2850 ne
2604 2799 2971 2868 eleemesynam
3012 2810 3229 2853 vestram
3266 2801 3467 2872 faciatis
3500 2818 3672 2854 coram

2084 2888 2389 2943 hminibus.
2416 2888 2549 2943 Nam
2578 2890 2664 2946 illa
2695 2892 2840 2960 prius
2867 2903 3180 2958 memorata,
3209 2894 3300 2947 Dei
3325 2902 3408 2948 est
3434 2895 3669 2949 eleemo-

2082 2996 2233 3053 syna.
2257 2980 2390 3037 Cum
2413 2997 2541 3037 vero
2558 2983 2801 3049 dixisset,
2836 2984 2919 3038 Ne
2939 2986 3140 3056 faciatis
3168 3002 3339 3039 coram
3363 2986 3668 3051 hominibus,

2082 3074 2377 3144 subjunxit,
2413 3073 2481 3129 Ut
2508 3076 2777 3130 videamini
2805 3078 2868 3130 ab
2897 3079 2989 3131 eis.
3022 3077 3090 3132 Et
3119 3079 3327 3132 videtur
3346 3079 3558 3147 quidem
3589 3078 3670 3133 id-

2082 3165 2254 3235 ipsum
2280 3167 2390 3234 jam
2417 3175 2539 3221 ante
2566 3168 2797 3222 dixisse:
2832 3167 2877 3222 si
2904 3169 3027 3238 quis
3045 3184 3174 3224 vero
3192 3170 3473 3240 diligenter
3495 3181 3671 3226 atten-

2079 3255 2191 3322 dat,
2222 3272 2325 3310 non
2355 3256 2582 3327 idipsum
2611 3268 2731 3313 est:
2762 3259 2857 3313 sed
2884 3259 3026 3314 aliud
3057 3259 3186 3324 hoc,
3221 3260 3361 3314 aliud
3390 3244 3517 3316 illud
3541 3271 3623 3317 est
3648 3279 3663 3317 :

2082 3348 2413 3418 multamque
2440 3349 2658 3405 adhibet
2681 3349 3004 3413 cautionem,
3027 3349 3456 3421 ineffabilemque
3483 3354 3665 3421 provi-

2078 3441 2311 3495 dentiam
2333 3450 2493 3511 atque
2514 3441 2911 3512 indulgentiam.
2939 3442 3121 3498 Potest
3140 3443 3281 3499 enim
3304 3444 3350 3498 is
3373 3444 3462 3515 qui
3484 3460 3664 3500 coram

2079 3532 2383 3587 hominibus
2416 3533 2466 3586 id
2495 3532 2640 3599 facit,
2661 3550 2764 3588 non
2801 3543 2857 3588 ut
2880 3533 3125 3589 videatur
3158 3535 3210 3589 id
3234 3537 3408 3592 facere
3432 3555 3445 3590 :
3473 3547 3529 3592 et
3547 3554 3665 3593 rur-

2076 3641 2168 3681 sus
2183 3627 2272 3697 qui
2297 3641 2476 3681 coram
2505 3626 2554 3681 id
2584 3643 2687 3682 non
2707 3627 2849 3689 facit.
2873 3628 3206 3693 utvideatur,
3233 3627 3428 3684 facere.
3459 3630 3661 3698 Quam-

2074 3720 2260 3776 obrem
2306 3736 2411 3775 non
2444 3720 2758 3790 simpliciter
2787 3737 2929 3784 rem,
2962 3721 3056 3776 sed
3087 3723 3412 3778 voluntatem
3460 3725 3543 3779 vel
3575 3739 3664 3793 pu-

2075 3814 2154 3868 nit
2176 3813 2264 3868 vel
2288 3825 2530 3867 coronat.
2557 3813 2668 3868 Nisi
2702 3814 2844 3869 enim
2881 3829 2942 3869 ea
2979 3814 3323 3870 adhiberetur
3349 3817 3620 3871 accttratio
3642 3857 3658 3879 ,

2072 3904 2175 3960 hoc
2219 3904 2418 3960 multos
2461 3904 2530 3958 ad
2575 3904 2972 3975 eleemosynam
3016 3907 3339 3976 erogandam
3386 3908 3661 3977 segniores

2070 3995 2413 4059 reddidisset,
2443 3995 2564 4065 quia
2589 3995 2641 4049 id
2672 4009 2778 4048 non
2796 3996 3006 4065 sibique
3020 3997 3157 4050 clam
3183 3998 3295 4051 fieri
3320 4008 3513 4065 potest.
3538 3998 3661 4051 Ideo

2072 4089 2141 4143 ab
2172 4089 2270 4143 hac
2298 4099 2349 4143 te
2373 4087 2657 4142 absolvens
2693 4089 3035 4152 necessitate,
3069 4105 3173 4142 non
3206 4088 3295 4142 ﬁni
3318 4088 3530 4157 operis,
3562 4092 3657 4145 sed

2069 4179 2330 4233 Voluntati
2359 4177 2599 4232 facientis
2624 4218 2639 4243 ,
2667 4186 2723 4233 et
2750 4192 2961 4247 poenam
2989 4189 3042 4233 et
3066 4178 3366 4233 mercedem
3396 4180 3654 4234 decernit.

2070 4272 2147 4328 Ne
2167 4272 2314 4327 dicas
2338 4272 2501 4334 enim,
2526 4270 2662 4338 Quid
2689 4271 2910 4326 interest
2931 4286 3049 4325 mea
3070 4273 3114 4325 si
3139 4271 3273 4325 alius
3299 4271 3474 4325 videat
3495 4273 3517 4325 ?
3537 4272 3655 4326 Non

2069 4366 2172 4421 hoc
2198 4380 2399 4435 quiero,
2433 4363 2625 4433 inquit,
2654 4362 2749 4419 sed
2792 4371 3024 4419 mentem
3057 4374 3200 4419 tuam
3245 4373 3299 4417 et
3329 4362 3544 4417 modum
3575 4363 3655 4417 fa-
3690 4436 3697 4447 ἱ

2069 4460 2273 4515 ciendm
2319 4459 2417 4514 rei.
2466 4459 2712 4513 Animam
2756 4459 2951 4529 quippe
2998 4458 3110 4512 vult
3154 4458 3476 4522 eﬂ'ormare,
3508 4469 3561 4512 et
3587 4459 3657 4512 ab

2070 4552 2214 4606 omni
2246 4551 2434 4605 morbo
2463 4550 2714 4605 liberare.
2757 4549 3039 4619 Postquam
3082 4549 3242 4619 igitur
3274 4550 3462 4612 edixit,
3493 4566 3563 4603 ne
3587 4550 3654 4603 ad

2069 4645 2481 4700 ostentationem
2514 4643 2606 4697 flat
2626 4683 2640 4707 ,
2688 4651 2744 4697 et
2769 4642 3021 4696 damnum
3051 4640 3232 4695 docuit
3256 4654 3538 4710 emergens
3562 4682 3575 4705 ,
3608 4642 3655 4695 si

2069 4747 2269 4792 temere
2290 4744 2345 4792 et
2371 4735 2763 4791 inconsiderate
2785 4734 2895 4799 fiat,
2923 4747 3107 4789 rursus
3125 4733 3424 4787 auditorum
3447 4734 3654 4789 animos

2068 4831 2263 4902 erigit,
2303 4830 2517 4886 Patrem
2545 4842 2973 4884 commemorans
3005 4835 3166 4893 atque
3203 4828 3426 4891 celum,
3460 4842 3526 4881 ne
3554 4826 3653 4881 da-

2067 4937 2251 4978 mnum
2273 4921 2445 4975 solum
2471 4926 2735 4988 tangeret,
2748 4917 2842 4973 sed
2860 4919 3019 4973 etiam
3038 4917 3212 4971 Patris
3230 4918 3484 4971 memoria
3499 4933 3655 4972 coer—

2066 5025 2229 5073 ceret.
2263 5013 2386 5068 Non
2416 5012 2692 5075 habebitis,
2725 5010 2935 5079 inquit,
2968 5009 3244 5063 mercedem
3274 5009 3413 5079 apud
3445 5007 3653 5063 Patrem

2066 5119 2283 5162 vestrum
2314 5107 2399 5177 qui
2428 5106 2479 5158 in
2505 5104 2642 5158 ca'lis
2672 5111 2761 5156 est.
2788 5101 2970 5172 Neque
2996 5101 3081 5156 hic
3109 5102 3330 5171 gradum
3352 5102 3528 5166 sistit,
3556 5101 3651 5154 sed

2067 5201 2202 5255 ultra
2232 5197 2504 5269 procedit;
2530 5209 2880 5266 magnamque
2897 5194 2976 5249 eis
2997 5195 3154 5264 hujus
3181 5195 3291 5248 vitii
3318 5194 3651 5247 aversionem

2067 5290 2223 5345 indit.
2265 5286 2722 5357 Quemadmodum
2769 5286 2910 5340 enim
2949 5300 3106 5353 supra
3139 5285 3450 5353 publicanos
3476 5281 3652 5333 etimi-

2066 5397 2264 5452 Cosque
2291 5380 2503 5451 posuit,
2554 5388 2613 5433 ut
2661 5377 2968 5432 conditione
3006 5388 3353 5444 personarum
3399 5371 3520 5423 illos
3558 5370 3647 5439 qui

2066 5474 2181 5528 hmo
2208 5475 2540 5527 imitarentur
2566 5470 2771 5541 pudore
2798 5469 3036 5524 afficeret
3064 5486 3075 5519 :
3108 5469 3173 5519 ita
3202 5465 3288 5518 hic
3317 5478 3526 5530 quoque
3556 5462 3649 5533 hy.

2066 5566 2298 5634 pocritas
2318 5574 2600 5620 memorat.
2629 5563 2682 5617 9..
2714 5561 2837 5615 Cum
2860 5559 3002 5628 facis,
3036 5555 3223 5624 inquit,
3250 5554 3647 5621 elcemosynam,

2066 5656 2169 5709 noli
2201 5655 2316 5708 tuba
2342 5670 2519 5708 cauere
2547 5662 2663 5705 ante
2692 5661 2739 5703 te
2759 5691 2774 5711 ,
2820 5649 2947 5701 sicut
2990 5646 3267 5714 hypocrita:
3296 5643 3507 5710 faciunt.
3541 5645 3651 5699 Iloc

2066 5752 2187 5804 dit-it
2215 5793 2228 5808 .
2260 5765 2363 5803 non
2394 5746 2533 5816 quod
2565 5746 2634 5799 illi
2677 5744 2828 5796 tubas
2857 5740 3141 5799 haberent,
3172 5738 3264 5792 sed
3307 5747 3362 5789 ut
3393 5750 3639 5804 magnam
