4076 6150
381 279 485 338 275
1121 265 1180 324 S.
1223 261 1502 321 JOANNIS
1537 250 2038 314 CllliVSOSTOMI.

383 394 643 450 insaniam
663 387 930 452 ostendat,
953 384 1055 440 hac
1074 381 1384 450 metaphora
1411 379 1529 432 illos
1547 375 1754 431 deridet
1781 382 1835 425 et
1855 380 1963 426 tra-

381 489 562 548 ducit;
612 494 771 553 atque
797 480 967 553 probe
1008 477 1316 554 hypocritas
1359 481 1531 526 vocat.
1566 469 1730 522 Larva
1770 467 1968 536 quippe

381 580 740 648 eleemosynte
783 582 934 630 erat:
967 584 1118 626 mens
1155 583 1282 622 vero
1311 563 1693 619 immanitatem
1731 557 1967 612 crudeli-

385 647 654 737 tatemque
699 663 1073 719 meditabatur.
1116 657 1234 714 Non
1275 657 1414 709 enim
1463 653 1514 708 id
1557 653 1784 722 ageb-mt
1828 647 1969 718 quod

387 757 660 829 proximos
686 756 1089 812 miserarentur,
1118 747 1212 802 sed
1236 757 1292 800 ut
1319 747 1416 814 ipsi
1445 743 1610 814 gloria
1631 742 1930 795 fruerentur
1953 753 1969 790 :

387 850 529 918 quod
571 859 827 902 extremae
852 855 969 900 erat
993 839 1353 902 crudelitatis,
1381 838 1488 891 alio
1515 837 1653 890 l'ame
1683 843 1936 904 pereunte
1954 872 1970 896 ,

2073 248 2393 306 AlllllllEP.
2433 246 2970 330 CQNSTANTINOP.
3545 243 3654 298 9.78

2080 371 2373 434 damnum,
2394 383 2500 423 non
2523 374 2795 438 oporteret
2816 365 2998 435 gloria:
3023 364 3274 434 cupidum
3299 405 3315 427 ,
3341 363 3445 419 hoc
3470 365 3658 420 relicto

2075 462 2285 518 theatro
2311 461 2584 515 hominum
2614 466 2865 530 expetere
2906 459 3193 510 theatrum.
3242 455 3373 523 Quis
3415 456 3558 510 enim
3586 456 3658 510 ita

2074 556 2238 610 miser
2267 563 2432 614 esset,
2461 563 2518 606 ut
2544 567 2668 610 reue
2695 550 2978 606 festinante
2995 548 3059 602 ad
3082 557 3226 602 recte
3255 546 3514 599 factorum
3544 544 3661 614 ejus

2077 647 2438 719 spectaculum
2488 641 2763 707 accedere,
2796 640 2884 695 illo
2928 639 3133 702 relicto,
3163 651 3454 706 pauperum
3503 645 3663 703 atque

2080 740 2444 798 mendicorum
2496 737 2595 792 sibi
2644 735 3004 805 spectaculum
3049 730 3345 786 statueret?
3385 728 3510 783 Ideo
3555 743 3664 782 non

2080 836 2242 892 modo
2269 833 2506 903 praecipit
2534 839 2593 886 ut
2636 846 2734 885 nos
2763 845 2866 884 non
2893 836 3224 882 ostentemus
3243 866 3259 888 ,
3301 822 3395 878 sed
3420 822 3580 876 etiam
3609 832 3668 874 ut

391 941 648 993 honorem
676 947 892 1006 captare
918 976 933 993 .
965 949 1071 987 non
1113 932 1229 996 ejus
1267 928 1457 998 inopiae
1492 927 1792 982 consulere.
1838 923 1974 977 Vera

391 1047 521 1102 ergo
548 1033 886 1100 eleemosyna
915 1043 1017 1080 non
1041 1034 1119 1078 est
1153 1024 1326 1094 largiri
1355 1031 1580 1084 tantum,
1609 1019 1701 1073 sed
1735 1028 1790 1070 ut
1819 1031 1978 1084 opor-

396 1133 470 1177 tet
496 1124 646 1186 dare,
674 1130 726 1176 et
753 1129 969 1190 propter
999 1116 1230 1185 inepiam
1257 1115 1408 1169 dare.

463 1219 518 1272 2.
565 1216 846 1272 Ostentatio
884 1231 916 1266 ιι
954 1211 1153 1267 Christo
1188 1208 1484 1280 prohibita:
1527 1203 1844 1258 Humilitatis
1867 1203 1980 1272 fru-

393 1323 520 1366 ctus.
560 1308 716 1364 Vana:
745 1308 921 1378 gloria
949 1306 1209 1360 damnum.
1234 1334 1305 1346 ——
1329 1302 1618 1370 Postquam
1659 1297 1817 1366 igitur
1853 1298 1982 1349 satis

399 1409 518 1462 illos
548 1406 779 1462 traduxit
805 1414 861 1458 et
899 1403 1132 1465 notavit,
1165 1409 1222 1454 ut
1250 1397 1544 1452 auditorem
1578 1393 1777 1464 pmlore
1807 1390 1985 1444 afﬁce-

399 1509 514 1560 ret.
555 1501 667 1567 jam
707 1497 926 1562 corrigit
967 1502 1200 1550 mentem
1242 1490 1344 1544 hoc
1381 1488 1568 1542 morbo
1611 1485 1982 1540 laborantem:

401 1606 628 1659 cumque.
657 1587 980 1642 ostendisset
1015 1582 1286 1653 quomodo
1316 1596 1420 1633 non
1449 1577 1564 1631 fieri
1593 1575 1834 1639 deberet,
1864 1589 1985 1626 rur-

391 1699 495 1736 sus
533 1681 802 1750 quomodo
846 1678 956 1731 lieri
997 1676 1192 1730 debeat
1221 1670 1474 1726 ost-ndit.
1513 1665 1791 1735 Quomodo
1833 1664 1990 1733 igitur

409 1776 520 1828 ﬁcri
549 1773 747 1827 debet?
775 1773 828 1827 5.
862 1769 1066 1824 Nesciet
1091 1767 1297 1822 sinistra
1340 1777 1426 1817 tua
1468 1763 1589 1832 quid
1632 1761 1756 1830 facit
1787 1759 1992 1812 dextera

409 1878 514 1918 (ita.
546 1865 749 1918 Rursus
781 1865 863 1917 hic
895 1877 1000 1915 non
1029 1875 1218 1914 manus
1244 1855 1580 1914 subindicat;
1613 1852 1706 1907 sed
1729 1851 1994 1921 hyperbo-

409 1961 510 2012 lice
541 1957 590 2012 id
625 1956 820 2025 posuit.
851 1952 984 2009 Nam
1019 1954 1063 2006 si
1095 1951 1209 2006 lieri
1239 1957 1450 2019 posset,
1479 1947 1648 2014 inquit
1671 1986 1685 2006 ,
1717 1953 1774 1998 ut
1802 1955 1854 1995 tu
1884 1943 1996 2009 ipse

411 2051 686 2119 ignorares
705 2090 720 2109 ,
753 2046 882 2100 illud
911 2045 1069 2115 etiam
1097 2041 1391 2098 curandum
1419 2047 1580 2100 esset,
1610 2037 1770 2092 etiam
1799 2035 1844 2089 si
1871 2050 1995 2102 pos-

411 2152 494 2198 set
523 2143 635 2196 ﬁeri
668 2141 810 2209 ipsas
837 2153 1027 2194 manus
1046 2135 1407 2190 ministrantes
1431 2133 1599 2186 latere
1620 2127 1858 2183 deberet.
1883 2123 1996 2180 Non

415 2244 474 2288 ut
517 2233 730 2301 quidam
779 2231 1000 2290 dicunt,
1032 2227 1082 2280 id
1117 2226 1295 2294 pravis
1340 2220 1714 2277 occultandum
1751 2227 2001 2287 oportere

416 2325 716 2379 hominibus
741 2339 754 2375 :
786 2321 992 2374 cunctis
1018 2319 1158 2374 enim
1181 2316 1340 2386 jussit
1369 2312 1641 2366 abscondi.
1671 2307 1869 2364 Deinde
1910 2322 2002 2361 co-

414 2419 519 2487 gita
559 2426 752 2486 quanta
799 2414 870 2467 sit
899 2425 1125 2464 merces.
1170 2409 1457 2476 Postquam
1501 2404 1643 2457 enim
1685 2400 2000 2470 supplicium

418 2512 681 2574 edixerat,
713 2507 944 2564 ostendit
965 2505 1087 2560 hinc
1114 2499 1505 2568 decerpendum
1529 2497 1808 2558 honorem,
1835 2495 2006 2548 utrin-

421 2621 526 2676 que
569 2619 663 2658 eos
689 2600 968 2671 impellens
1008 2609 1062 2653 et
1094 2597 1159 2651 ad
1183 2595 1464 2649 sublimem
1491 2606 1652 2660 agens
1680 2587 2001 2643 doctrinam.

424 2700 588 2753 Docet
608 2696 807 2767 quippe
834 2701 892 2747 ut
916 2692 1084 2746 sciant
1108 2689 1306 2758 ubique
1329 2687 1494 2741 Deum
1517 2698 1637 2738 esse
1667 2688 2005 2751 pra-sentem,

423 2806 618 2859 resque
646 2796 858 2842 nostras
884 2801 989 2838 non
1017 2797 1139 2838 esse
1167 2779 1447 2848 praesentis
1475 2776 1596 2834 vita:
1629 2774 1881 2830 limitibus
1905 2772 2010 2826 cir-

424 2880 798 2946 cumscriptas,
829 2877 921 2929 sed
949 2872 1240 2929 terribilius
1260 2867 1383 2923 hinc
1409 2881 1507 2921 nos
1525 2873 1869 2933 excepturum
1891 2875 2011 2915 esse

430 2971 684 3029 tribunal.
705 2979 755 3022 ct
779 2968 1014 3022 rationes
1038 2961 1336 3019 reddendas
1365 2959 1479 3014 fore
1497 2968 1710 3012 actuum
1735 2954 2009 3016 omnimn;

430 3063 658 3130 hincque
690 3059 769 3114 vel
792 3057 1024 3113 honores
1050 3055 1132 3108 vel
1154 3051 1430 3122 supplicia,
1460 3063 1525 3104 ac
1545 3061 1644 3102 nec
1669 3059 1886 3115 parvum
1913 3057 2015 3100 nec

429 3170 678 3225 magnum
703 3166 838 3221 opus
871 3151 1038 3204 latere
1072 3161 1228 3216 posse
1249 3187 1263 3208 ,
1297 3145 1422 3199 licet
1462 3141 1703 3194 homines
1730 3139 1895 3192 latere
1927 3135 1980 3190 vi
2000 3166 2013 3178 -

429 3250 636 3304 deatur.
679 3246 800 3300 Ilme
847 3244 1046 3312 quippe
1071 3239 1248 3293 omnia
1294 3233 1650 3290 subindieavit
1686 3231 1908 3288 dicens:
1955 3226 2011 3284 4.

434 3339 591 3394 Pater
620 3349 766 3402 tuus,
793 3336 879 3405 qui
907 3333 1040 3388 videt
1069 3332 1122 3384 in
1149 3327 1441 3384 abscondito
1465 3367 1480 3389 ,
1512 3323 1686 3378 reddet
1712 3321 1800 3375 tibi
1827 3322 1883 3374 in
1907 3336 2018 3373 ma-

431 3435 614 3503 nifesto
637 3447 655 3484 :
681 3442 930 3497 magnum
958 3434 1014 3480 et
1038 3421 1352 3478 honorabile
1383 3418 1647 3474 theatrum
1689 3415 1787 3482 ipsi
1813 3411 2017 3468 consti-

434 3536 590 3578 tuens
615 3564 630 3586 ,
658 3523 745 3575 ubi
773 3519 825 3574 id
852 3517 992 3588 quod
1018 3514 1346 3584 concupiscit
1364 3554 1378 3574 ,
1406 3511 1454 3564 ei
1476 3507 1687 3563 abunde
1729 3505 2018 3560 admodum

433 3615 662 3667 dabitur.
713 3611 847 3676 Quid
897 3608 1015 3661 vis?
1060 3607 1294 3674 inquiet:
1343 3618 1520 3659 annon
1568 3601 1776 3670 aliquos
1823 3597 2018 3653 habere

403 3743 406 3746 ~
433 3717 708 3776 gestorum
756 3698 1126 3768 spectatores?
1154 3697 1294 3752 Ecce
1318 3695 1482 3748 habes
1509 3735 1525 3756 ,
1567 3708 1672 3746 non
1718 3691 1940 3760 angelos
1967 3697 2022 3746 et

436 3794 783 3862 archangelos
827 3801 1031 3846 tantum
1055 3831 1071 3853 ,
1112 3789 1203 3844 sed
1246 3796 1302 3842 et
1344 3787 1709 3840 universorum
1743 3782 1946 3838 Deum:
1974 3782 2020 3836 si

435 3891 597 3944 etiam
641 3887 885 3941 homines
935 3882 1130 3937 habere
1170 3888 1500 3950 spectatores
1541 3876 1910 3945 concupiscis,
1953 3888 2022 3928 ne

439 3982 540 4034 hoc
565 3979 778 4048 quidem
823 3975 1147 4030 desiderium
1186 3973 1354 4027 fructu
1395 3984 1620 4024 vacuum
1649 3968 1751 4022 erit
1778 3976 2021 4036 tempore

436 4085 774 4145 opportuno;
809 4073 916 4127 imo
947 4068 995 4123 id
1026 4068 1116 4122 tibi
1143 4082 1266 4120 cum
1294 4064 1481 4130 majori
1509 4062 1725 4117 cumulo
1755 4057 2022 4128 praestabi-

436 4179 544 4222 tur.
577 4167 726 4220 Nunc
764 4163 905 4217 enim
933 4161 977 4215 si
1023 4172 1073 4213 te
1120 4156 1474 4212 ostentavisris
1499 4200 1512 4217 ,
1542 4152 1683 4222 apud
1720 4151 1906 4206 decem
1937 4148 2021 4204 vel

438 4259 646 4328 viginti,
671 4257 751 4310 vel
783 4263 995 4308 centum
1025 4250 1270 4305 homines
1299 4258 1503 4302 tanttnu
1532 4252 1804 4299 ostentare
1836 4252 1888 4296 te
1918 4255 2018 4310 po-

439 4351 601 4410 teris;
631 4349 712 4401 sin
745 4345 962 4398 studeas
991 4356 1132 4393 nunc
1159 4341 1343 4402 latere,
1364 4347 1490 4390 tunc
1519 4345 1570 4389 te
1592 4335 1706 4403 ipse
1729 4333 1869 4386 Deus
1893 4345 2024 4399 prte-

435 4441 655 4496 tlicabit.
685 4445 794 4492 toto
823 4442 1084 4502 pra‘scntc
1111 4430 1257 4482 orbe.
1288 4429 1466 4496 Itaque
1507 4427 1549 4479 si
1585 4433 1859 4492 tantopere
1891 4421 2021 4474 velis

442 4532 686 4587 homines
714 4534 862 4596 gesta
888 4533 974 4576 tua
1000 4520 1201 4582 videre,
1231 4516 1500 4571 absconde.
1522 4531 1661 4570 nunc
1688 4514 1796 4580 illa,
1821 4521 1879 4566 ut
1898 4527 2019 4566 cum

438 4621 628 4690 majori
663 4620 865 4672 honore
893 4623 987 4668 tuo
1017 4611 1103 4665 illa
1132 4623 1320 4661 onmes
1348 4617 1474 4661 tunc.
1502 4604 1735 4663 videant,
1767 4603 1873 4656 Deo
1909 4602 2019 4671 ipsa

439 4711 718 4770 Inanil'esta
752 4708 1028 4767 reddente,
1061 4703 1350 4757 extollente
1376 4739 1391 4759 .
1423 4708 1474 4752 et
1505 4696 1642 4766 apud
1673 4710 1861 4748 omnes
1889 4710 2022 4763 pm:-

437 4807 674 4862 dicante.
703 4800 853 4855 Nunc
885 4811 1061 4852 autem
1096 4804 1147 4848 te
1190 4795 1280 4861 qui
1318 4789 1548 4844 viderint
1574 4789 1933 4848 damnabunt,
1967 4795 2024 4840 ut

439 4911 590 4950 vana:
613 4893 797 4964 gloria:
822 4891 1071 4960 cupidum
1096 4903 1111 4946 :
1133 4901 1254 4940 cum
1277 4893 1436 4952 parre
1461 4891 1510 4935 te
1536 4888 1846 4933 coronatum
1877 4875 2020 4930 vidc-

438 4988 592 5052 lntnt,
623 5001 728 5038 non
751 4982 908 5035 modo
936 4995 1040 5034 non
1065 4977 1413 5036 damnabunt.
1443 4972 1536 5028 sed
1560 4972 1719 5024 etiam
1749 4969 2022 5022 mirabun-

440 5091 526 5136 tur
551 5091 760 5134 omnes.
792 5075 926 5129 Cum
957 5075 1134 5140 itaque
1161 5080 1216 5125 et
1246 5083 1453 5123 merces
1499 5076 1676 5135 parata
1707 5064 1771 5116 sit
1800 5105 1812 5123 ,
1846 5071 1899 5116 et
1925 5061 2020 5113 ad-

437 5170 705 5230 mirationi
744 5169 951 5222 futurus
975 5165 1072 5228 sis,
1101 5164 1146 5216 si
1181 5162 1394 5230 paulmu
1442 5157 1697 5226 temporis
1719 5165 2018 5220 exspectes,

437 5267 607 5337 cogita
629 5267 841 5334 quattue
861 5255 1097 5312 stultitiae
1114 5263 1256 5308 esset
1278 5262 1560 5318 utrumque
1581 5249 1738 5302 simut
1755 5247 2020 5302 amitlcrc,

433 5361 562 5414 dum
591 5369 640 5410 et
671 5370 699 5407 a
724 5353 836 5408 Deo
856 5363 1061 5403 merces
1082 5347 1301 5417 petitur,
1323 5353 1378 5397 ct
1405 5344 1512 5395 Deo
1539 5340 1750 5393 vidente
1777 5337 2022 5389 homines

439 5457 730 5504 evocmitur
768 5451 1040 5514 gestorum
1085 5445 1432 5506 spectatores.
1465 5433 1518 5487 Si
1547 5431 1686 5482 enim
1719 5444 1814 5481 nos
1839 5436 2021 5481 osten-

441 5552 555 5596 tare
586 5539 852 5600 volturnus,
888 5533 1028 5588 Patri
1053 5540 1174 5584 anle
1202 5527 1376 5581 omnia
1408 5540 1526 5578 sese
1555 5522 1838 5576 ostendere
1867 5534 2027 5586 opor-

441 5641 516 5684 tet
543 5648 556 5692 ;
595 5629 825 5682 maxime
853 5640 981 5681 vero
1011 5639 1131 5678 cum
1161 5630 1214 5675 ct
1244 5615 1534 5673 coronandi
1577 5622 1631 5668 cl
1660 5611 1907 5681 puniemli
1930 5609 2024 5661 do-

441 5721 619 5771 minus
645 5720 711 5772 sit
737 5718 910 5772 I’ater.
931 5717 1086 5771 Certe
1114 5712 1318 5767 etiamsi
1346 5709 1545 5763 mdlum
1574 5706 1696 5758 hinc
1714 5707 2029 5772 sequeretur

2084 928 2250 984 latere
2291 926 2620 980 stmlcamus.
2658 924 2771 978 Non
2803 923 2945 977 enim
2977 920 3178 990 :cquale
3205 927 3321 984 est,
3361 932 3467 972 non
3489 931 3551 972 se
3574 930 3666 970 os-

2084 1020 2321 1077 tentandi
2349 1019 2580 1074 studium
2613 1018 2810 1072 habere
2835 1057 2850 1078 ,
2878 1025 2932 1069 et
2961 1015 3191 1068 latebras
3227 1027 3487 1080 qua'rere.
3517 1013 3570 1064 5.
3605 1008 3671 1065 Et

2085 1129 2200 1166 cum
2235 1113 2392 1166 oratis
2415 1152 2432 1173 ,
2461 1110 2618 1163 nolite
2650 1109 2759 1175 ﬁeri
2805 1109 2934 1161 sicut
2959 1107 3237 1176 hypocrita:
3259 1145 3276 1170 ,
3307 1104 3394 1174 qui
3423 1113 3598 1157 amant
3620 1105 3671 1156 iu

2087 1203 2359 1274 synagogis
2399 1212 2445 1255 et
2469 1202 2522 1254 in
2551 1201 2751 1270 angulis
2792 1201 3072 1269 platearum
3094 1207 3282 1252 stantes
3306 1214 3452 1252 orare
3473 1238 3488 1262 ,
3521 1209 3574 1249 ut
3601 1197 3674 1248 ri-

2088 1297 2304 1349 deantur
2327 1293 2388 1346 ab
2415 1293 2717 1348 hominibus.
2741 1292 2900 1346 Amen
2917 1291 3029 1344 dico
3050 1291 3208 1353 vobis,
3227 1299 3519 1359 receperunt
3546 1304 3677 1341 mer-

2089 1387 2261 1442 cedem
2287 1402 2452 1439 suam.
2486 1385 2539 1439 6.
2570 1383 2648 1437 Tu
2675 1393 2842 1438 autem
2879 1399 2994 1437 cum
3019 1381 3240 1436 oraveris
3257 1421 3274 1447 ,
3305 1382 3440 1435 intra
3468 1381 3521 1434 in
3545 1379 3678 1433 cubi-

2093 1480 2264 1535 culum
2295 1490 2436 1533 tuum
2462 1520 2476 1543 ,
2509 1488 2556 1531 et
2582 1478 2757 1533 clauso
2787 1478 2938 1541 ostio,
2967 1493 3059 1531 ora
3081 1473 3290 1529 Patrem
3323 1485 3465 1527 tuum
3489 1474 3573 1539 qui
3603 1485 3676 1525 est

2093 1575 2147 1629 iu
2173 1573 2485 1628 abscondito.
2528 1572 2755 1628 Rursum
2787 1572 2886 1626 hos
2916 1571 3218 1642 hypocritas
3247 1580 3440 1636 vocat,
3481 1578 3536 1623 et
3558 1569 3682 1639 jure

2095 1663 2310 1735 quidem
2339 1680 2352 1716 :
2377 1665 2497 1731 quia
2525 1676 2646 1716 cum
2677 1677 2735 1717 se
2759 1663 2922 1716 Deum
2951 1676 3104 1717 orare
3134 1661 3406 1726 simulant,
3438 1660 3682 1715 homines

2097 1755 2552 1824 circumspiciunt,
2586 1770 2690 1810 non
2718 1754 3018 1823 supplicum
3046 1763 3193 1807 veste
3213 1752 3404 1816 induti,
3433 1751 3527 1808 sed
3555 1751 3684 1806 ridi-
3725 1746 3730 1751 ’

2099 1850 2343 1904 culorum
2390 1849 2686 1904 hominum.
2728 1849 2828 1913 Qui
2873 1849 3015 1902 enim
3058 1847 3123 1902 ad
3170 1848 3574 1918 supplicandum
3625 1865 3686 1903 se

2101 1950 2402 2014 praeparat,
2429 1941 2678 1996 omnibus
2699 1941 2922 2006 relictis,
2955 1941 3100 1994 illum
3130 1941 3362 1996 intuetur
3388 1956 3572 2006 unum,
3595 1942 3684 2010 qui

2105 2045 2282 2106 potest
2305 2035 2565 2105 posmlata
2596 2034 2744 2088 dare.
2775 2033 2926 2102 Quod
2956 2033 3000 2089 si
3033 2033 3125 2086 illo
3152 2032 3359 2096 relicto,
3390 2033 3688 2088 circumeas

2107 2142 2295 2182 errans
2318 2167 2334 2192 ,
2367 2136 2420 2180 et
2448 2125 2678 2193 undique
2726 2126 3158 2195 circumspiciens
3180 2166 3196 2188 ,
3239 2124 3415 2178 vacuis
3444 2125 3690 2178 manibus

2105 2221 2383 2277 abscedes.
2418 2220 2525 2274 lloc
2551 2223 2694 2278 etim
2732 2229 2786 2274 tu
2825 2219 3056 2275 voluisti.
3084 2219 3207 2274 Ideo
3239 2231 3345 2272 non
3375 2216 3525 2282 dixit,
3553 2216 3685 2270 tales

2110 2312 2356 2370 homines
2390 2313 2685 2366 mercedem
2720 2331 2822 2366 non
2867 2324 3180 2382 accepturos
3215 2327 3337 2368 esse
3358 2353 3372 2374 ,
3397 2311 3492 2366 sed
3539 2326 3691 2366 rece-

2111 2417 2286 2485 pisse;
2313 2415 2362 2468 id
2383 2423 2466 2469 est
2489 2455 2503 2473 .
2535 2413 2791 2481 recipient
2815 2411 3026 2481 quidem
3050 2452 3063 2475 ,
3092 2411 3183 2466 sed
3213 2427 3243 2466 a
3267 2411 3458 2481 quibus
3481 2409 3692 2464 deside-

2111 2517 2252 2560 rant.
2290 2505 2406 2560 Non
2433 2506 2575 2560 enim
2610 2505 2709 2558 hoc
2748 2504 2885 2558 lteus
2926 2504 3154 2562 volebat.
3183 2503 3276 2558 sed
3303 2504 3547 2571 cupiebat
3581 2503 3694 2570 ipse

2112 2616 2264 2656 suam
2288 2599 2528 2669 praebere
2557 2598 2876 2653 mercedem.
2912 2598 2988 2652 Illi
3020 2613 3148 2651 vero
3174 2596 3473 2650 mercedem
3508 2595 3575 2648 ab
3601 2594 3696 2648 bo-

2116 2694 2350 2748 minibus
2379 2702 2686 2762 quaerentes
2707 2730 2724 2754 ,
2751 2707 2857 2743 non
2891 2691 2958 2743 ab
2997 2689 3089 2744 illo
3117 2699 3387 2743 merentur
3411 2689 3654 2756 accipere
3680 2731 3695 2750 ,

2119 2796 2338 2858 propter
2365 2801 2523 2855 quem
2545 2785 2678 2839 nihil
2706 2783 2964 2840 fecerunt.
2982 2783 3060 2839 Tu
3087 2799 3214 2838 vero
3233 2783 3365 2838 mihi
3390 2781 3698 2837 consideres

2117 2881 2273 2936 velim
2302 2880 2395 2936 Dei
2439 2879 2817 2950 benignitatem
2838 2921 2853 2944 ,
2884 2882 3141 2947 quoniam
3165 2881 3231 2932 de
3256 2877 3446 2944 quibus
3475 2892 3504 2930 a
3546 2875 3700 2929 nobis

2119 2983 2334 3043 rogatur
2361 2973 2514 3028 bonis
2539 3013 2554 3036 ,
2582 2971 2884 3026 mercedem
2912 2985 2972 3024 se
2997 2969 3244 3023 daturum
3287 2968 3582 3037 pollicetur.
3616 2967 3701 3019 Vi-

2121 3074 2372 3134 tupersns
2419 3064 2578 3134 igitur
2616 3063 2772 3124 illos,
2813 3063 2902 3132 qui
2948 3078 3053 3115 non
3098 3068 3155 3114 ut
3197 3059 3350 3114 decet
3395 3059 3495 3112 hoc
3523 3057 3701 3112 cilicio

2120 3169 2362 3220 utuntur.
2391 3168 2503 3214 tum
2529 3173 2557 3212 a
2590 3157 2728 3224 loco,
2754 3167 2862 3212 tum
2893 3157 2961 3211 ab
2989 3155 3201 3221 all‘ectu,
3230 3169 3351 3210 cum
3379 3152 3705 3208 ostendisset

2121 3253 2241 3308 illos
2269 3252 2552 3308 admodum
2581 3251 2832 3306 ridiculos
2861 3265 3001 3308 esse.
3023 3250 3279 3320 optimum
3308 3247 3566 3302 orationis
3593 3260 3704 3300 mo-

2121 3346 2247 3402 dum
2288 3345 2524 3406 inducit.
2559 3353 2614 3400 et
2656 3360 2841 3398 rursus
2889 3341 3192 3397 mercedem
3222 3341 3443 3404 tribuit,
3467 3339 3652 3394 dicens
3688 3357 3701 3391 :

2123 3438 2272 3494 Intra
2297 3443 2350 3494 in
2379 3439 2664 3492 cubiculum
2691 3448 2851 3490 tuum.

2195 3536 2247 3590 5.
2275 3534 2455 3601 Qualis
2474 3534 2755 3602 requiratur
2773 3533 2824 3584 in
2845 3527 3367 3584 oratione/mmilitas.
3395 3526 3572 3580 Oratio
3591 3541 3706 3579 cum

2123 3625 2395 3682 uoluntatis
2423 3625 2592 3678 studio
2619 3622 2909 3677 emittenda.
2945 3619 3212 3674 Precantis
3239 3635 3340 3672 non
3369 3633 3466 3671 voa:
3491 3615 3708 3686 requiri-

2126 3731 2227 3774 tur.
2255 3749 2325 3760 --
2347 3719 2481 3787 Quid
2509 3718 2688 3787 igitur.
2723 3716 2912 3785 inquit,
2942 3716 2993 3768 in
3024 3712 3248 3768 ecclesia
3276 3726 3382 3765 non
3411 3708 3709 3764 onmdum?

2123 3814 2264 3869 Sane
2287 3811 2500 3883 quidem
2541 3811 2798 3864 orandum
2818 3850 2831 3870 ,
2865 3807 2957 3863 sed
2988 3822 3109 3862 cum
3139 3807 3404 3861 voluntate
3435 3804 3542 3858 tali.
3577 3802 3706 3857 Nam

2129 3911 2268 3964 Deus
2291 3907 2485 3976 ubique
2507 3920 2626 3960 cum
2659 3905 2746 3967 sit,
2772 3912 3040 3973 gestorum
3067 3915 3286 3969 scopum
3309 3898 3549 3968 requirit.
3573 3896 3710 3950 Alio-

2125 4001 2252 4070 quin
2283 3999 2327 4052 si
2357 3999 2408 4052 in
2436 3995 2739 4051 cubiculum
2777 3995 3046 4061 ingressiis
3075 3991 3148 4045 sis
3169 4031 3184 4054 ,
3213 3991 3535 4059 januamque
3559 3988 3710 4042 clau-

2125 4093 2221 4146 das
2241 4132 2258 4157 ,
2288 4090 2448 4160 idque
2480 4089 2543 4143 ad
2574 4087 2981 4142 ostentationem
3025 4085 3215 4148 facias,
3251 4083 3377 4144 nihil
3410 4083 3498 4136 tibi
3531 4081 3711 4148 januis

2127 4199 2263 4254 opus
2291 4193 2393 4236 est.
2427 4180 2556 4235 Vide
2586 4179 2743 4249 igitur
2781 4187 2834 4232 et
2872 4177 2956 4230 hic
2993 4191 3152 4245 quam
3182 4183 3482 4228 accuratam
3515 4172 3707 4227 distin-

2126 4277 2358 4333 ctionem
2387 4272 2623 4346 posuerit
2647 4270 2851 4334 dici-ns,
2883 4267 2950 4323 Ut
2973 4274 3252 4338 appareant
3275 4263 3576 4319 bonainibus.
3609 4261 3712 4316 ltu-

2126 4386 2234 4442 que
2278 4369 2486 4425 etiarnsi
2521 4369 2712 4436 jamtas
2751 4362 3040 4422 clauseris.
3088 4359 3138 4414 id
3182 4368 3234 4414 te
3275 4357 3387 4413 vult
3426 4366 3710 4425 antequam

2127 4464 2347 4519 claudes
2375 4470 2520 4516 recte
2547 4460 2720 4514 facere
2741 4497 2758 4521 .
2787 4470 2980 4524 nempe
3006 4463 3062 4508 ut
3087 4453 3246 4508 etiam
3276 4452 3468 4508 mentis
3496 4461 3600 4503 tua:
3627 4451 3712 4518 ja-

2129 4572 2263 4611 nuas
2288 4556 2524 4610 claudas.
2558 4553 2688 4606 Nam
2719 4565 2850 4602 vana
2890 4546 3058 4617 gloria
3098 4560 3311 4614 semper
3339 4557 3559 4596 vacuum
3591 4556 3714 4596 esse

2127 4650 2385 4718 optimum
2411 4653 2527 4708 est;
2556 4643 2787 4698 nissime
2813 4657 2941 4696 vero
2968 4641 3020 4694 in
3047 4639 3307 4694 oratione.
3337 4633 3395 4692 Si
3419 4637 3561 4688 enim
3592 4634 3714 4688 abs-

2127 4757 2232 4812 que
2271 4739 2370 4793 hoc
2406 4739 2536 4792 vitio
2575 4745 2754 4789 mente
2793 4747 3065 4794 erramus,
3096 4740 3151 4784 et
3178 4727 3638 4790 circumlerimur;
3668 4726 3711 4778 si

2127 4849 2250 4887 cum
2276 4833 2376 4884 hoc
2408 4831 2594 4883 morbo
2625 4826 3000 4896 ingred-iatnur,
3029 4821 3366 4892 quandonam
3395 4834 3458 4874 ea
3484 4834 3602 4888 qum
3625 4817 3710 4869 tli-

2129 4926 2298 4979 cimus
2341 4919 2656 4976 audiemus?
2691 4919 2772 4973 sin
2820 4933 2916 4971 nos
2955 4915 3042 4986 qui
3083 4914 3441 4983 supplicamus
3469 4921 3524 4963 et
3549 4908 3712 4963 obse-

2129 5034 2340 5073 cramus
2361 5059 2376 5081 ,
2407 5033 2510 5069 non
2539 5014 2782 5067 audimus
2803 5053 2817 5076 ,
2845 5008 3112 5080 quomodo
3141 5009 3300 5060 lleum
3333 5014 3390 5058 ut
3414 5002 3594 5056 audiat
3622 5015 3712 5055 ro-

2129 5113 2351 5180 gamus?
2380 5113 2624 5163 Attamen
2655 5107 2868 5175 quidam
2908 5113 3029 5156 sunt
3061 5101 3150 5172 qui
3192 5109 3312 5170 post
3353 5105 3430 5150 tot
3465 5104 3716 5164 lautaque

2133 5215 2392 5274 pra~cepta
2423 5207 2490 5260 ita
2522 5202 2742 5268 turpiter
2762 5199 2814 5252 in
2837 5197 3078 5251 oratione
3103 5209 3162 5248 se
3186 5200 3398 5263 gerunt,
3423 5199 3482 5243 ut
3501 5188 3710 5244 etiamsi

2127 5310 2355 5362 corpore
2385 5291 2574 5349 occulti
2605 5291 2708 5343 sint
2732 5330 2748 5355 ,
2781 5304 2910 5342 voce
2949 5287 3195 5340 omnibus
3222 5299 3283 5339 se
3318 5283 3511 5337 faciant
3540 5281 3704 5332 mani-

2132 5385 2293 5439 festos
2312 5428 2325 5446 .
2355 5384 2652 5440 scurriliter
2679 5382 2970 5436 clamantes
2994 5421 3009 5443 ,
3038 5389 3091 5431 et
3121 5377 3301 5431 habitu
3332 5388 3566 5444 voceque
3593 5384 3718 5425 sese

2132 5477 2386 5532 ridiculos
2425 5475 2756 5531 exhibentes.
2797 5481 2989 5527 Annon
3031 5472 3177 5525 vides
3209 5469 3370 5524 etiam
3403 5468 3455 5520 in
3487 5467 3601 5519 foro
3622 5505 3637 5526 ,
3667 5461 3714 5518 si

2131 5577 2252 5646 quis
2281 5572 2347 5622 ita
2378 5585 2436 5623 se
2466 5577 2635 5638 gerat,
2665 5577 2860 5621 etcum
2887 5565 3118 5619 clamore
3143 5562 3423 5630 supplicet,
3447 5566 3718 5628 quomodo

2137 5673 2278 5723 illum
2303 5678 2460 5722 etiam
2493 5679 2648 5735 quem
2689 5669 2838 5730 rogat
2867 5664 3110 5712 atnoveat
3135 5671 3149 5716 ς
3180 5656 3222 5708 si
3253 5662 3430 5706 autem
3456 5651 3635 5718 quiete
3663 5660 3714 5704 et
