4076 6150
361 217 471 277 9.75

358 337 515 408 ἔστη,
541 337 678 391 ἀλλά
703 339 796 392 καὶ
818 341 1126 413 περαιτέρω
1143 343 1378 413 πρόεισι,
1404 345 1497 397 καὶ
1517 345 1582 398 δι’
1605 347 1809 416 ἐτέρων
1833 347 1956 399 πολ-

358 419 458 491 λὴν
478 421 577 492 τὴν
597 422 915 494 ἀποτροπὴν
933 424 1320 497 ἐργαζόμενος.
1342 429 1553 498 Ὥσπερ
1571 431 1681 498 γὰρ
1695 431 1956 500 ἀνωτέρω

363 505 601 568 τελώνας
625 507 717 559 καὶ
745 507 991 573 ὲθνικοὺς
1023 510 1259 576 τέθεικε,
1289 514 1356 582 τῇ
1392 513 1639 582 ποιότητι
1669 512 1762 566 τοῦ
1789 529 1958 583 προσο

357 588 513 642 ώπου
537 591 914 660 καταισχύνων
931 594 1056 656 τοὺς
1075 597 1465 666 μιμουμένους·
1490 596 1632 650 οὕτω
1655 597 1749 650 καὶ
1773 596 1957 650 ἐνταῦ-

359 670 431 727 θα
459 673 585 736 τοὺς
621 674 942 745 ὑποκριτάς.
980 677 1167 732 Ὅταν
1192 675 1307 733 οὖν
1336 678 1534 747 ποιῇς,
1570 681 1754 749 φησὶν,
1786 679 1958 747 ἐλεη-

356 758 657 827 μοσύνην.
681 758 766 827 μὴ
798 761 1114 829 σαλπίσῃς
1143 762 1486 831 ἔμπροσθέν
1508 781 1646 829 σου,
1667 762 1872 833 ὥσπερ
1901 767 1955 818 οἱ

362 842 699 908 ὑποκριταί.
742 843 852 912 Οὐχ
879 845 961 898 ὄτι
992 846 1298 915 σάλπιγγας
1336 842 1480 916 εἶχον
1502 847 1700 900 ἐκεῖνοι
1722 847 1789 910 ⁵⁸,
1818 846 1957 899 άλλά

362 924 460 994 τὴν
493 925 690 996 πολλὴν
726 927 904 980 αὐτῶν
937 929 1200 994 ἐπιδεῖξαι
1236 929 1483 1000 βούλεται
1527 932 1723 1002 μανίαν
1755 935 1821 1003 τῇ
1866 932 1954 983 λέ-

363 1008 442 1073 ξει
474 1010 571 1080 τῆς
596 1013 907 1080 μεταφορᾶς
931 1013 1154 1084 ταύτης,
1183 1013 1458 1085 κωμῳδῶν
1483 1014 1652 1086 ταύτῃ
1679 1016 1725 1048 ⁵⁸
1747 1017 1839 1068 καὶ
1867 1018 1957 1068 ἐκ-

365 1093 662 1164 πομπεύων
705 1094 922 1158 αύτούς.
967 1097 1077 1148 Καὶ
1123 1097 1300 1160 καλῶς
1349 1099 1650 1170 ὑποκριτὰς
1689 1095 1833 1152 εἶπε.
1882 1100 1956 1153 Τὸ

369 1179 468 1245 μὲν
491 1177 599 1248 γάρ
638 1183 999 1249 προσωπεῖον,
1030 1180 1404 1253 ἐλεημοσύνης
1434 1179 1520 1254 ἦν·
1565 1185 1598 1254 ἡ
1638 1183 1694 1236 δέ
1723 1184 1952 1249 διάνοια,

363 1263 642 1333 ὠμότητος
671 1265 759 1318 καί
790 1265 1204 1337 ἀπανθρωπίας.
1233 1267 1307 1319 Οὐ
1331 1268 1438 1337 γὰρ
1476 1267 1562 1320 διὰ
1582 1269 1708 1330 τοὺς
1740 1269 1784 1300 ⁵⁷
1818 1268 1956 1340 πλη-

365 1348 480 1400 σίον
517 1349 685 1400 ἐλεεῖν
725 1348 988 1414 ποιοῦσιν,
1039 1349 1175 1402 ἀλλὰ
1221 1349 1311 1402 διὰ
1358 1350 1419 1402 τὸ
1461 1350 1618 1421 δόξης
1662 1351 1954 1405 ἀπολαύειν

364 1433 578 1495 αὐτούς·
603 1434 736 1506 ὅπερ
771 1434 1005 1504 ἐσχάτης
1037 1429 1105 1505 ἦν
1135 1434 1435 1505 ὠμότητος,
1466 1436 1650 1504 ἐτέρου
1673 1435 1818 1506 λιμῷ
1838 1437 1954 1490 δια-

365 1516 721 1587 φθειρομένου
748 1516 1058 1588 φιλοτιμίαν
1080 1518 1283 1588 ζητεῖν,
1311 1518 1403 1570 καὶ
1429 1519 1502 1588 μὴ
1527 1518 1672 1572 λύειν
1693 1520 1792 1588 τὴν
1815 1537 1878 1572 συ
1889 1539 1954 1590 μ·-

363 1602 554 1671 φοράν.
583 1603 697 1655 Ούκ
724 1602 832 1673 ἄρα
862 1601 922 1655 τὸ
941 1601 1123 1654 δοῦναι
1150 1601 1516 1672 ἐλεημοσύνην
1533 1603 1598 1666 ⁸⁸,
1626 1602 1760 1655 ἀλλά
1788 1603 1850 1656 τὸ
1877 1603 1954 1666 ώς

363 1685 467 1755 χρὴ
497 1684 680 1737 δοῦναί
707 1686 822 1738 ἐστι
851 1684 912 1737 τὸ
939 1685 1290 1756 ζητούμενον,
1324 1687 1418 1738 καὶ
1445 1685 1533 1739 διὰ
1564 1684 1722 1738 τοῦτο
1745 1685 1948 1741 δοῦναι.

437 1767 501 1836 β’.
519 1768 872 1839 Κωμῳδήσας
889 1768 1066 1821 τοίνυν
1089 1770 1324 1830 ἐκείνους
1345 1769 1562 1832 ἱκανῶς,
1586 1769 1678 1822 καὶ
1703 1770 1954 1837 καθαψά-

369 1869 528 1924 μενος
563 1853 764 1916 αὐτῶν,
795 1852 869 1916 ὡς
901 1854 993 1907 καὶ
1025 1853 1378 1923 αἰσχυνθῆναι
1411 1853 1504 1905 τὸν
1536 1854 1834 1925 ἀκροατὴν,
1872 1854 1953 1906 δι-

362 1935 617 2007 ορθοῦται
669 1937 832 1990 πάλιν
884 1936 982 2007 τὴν
1024 1935 1095 1989 τὰ
1135 1934 1360 1990 τοιαῦτα
1402 1937 1663 1990 νοσοῦσαν
1704 1936 1950 2007 γνώμηνο

364 2021 458 2074 καὶ
510 2019 679 2074 εἰπὼν
727 2020 846 2086 πῶς
881 2022 962 2074 δεῖ
1002 2022 1076 2091 μὴ
1122 2024 1319 2085 ποιεῖν,
1353 2021 1592 2075 δείκνυσι
1639 2020 1801 2074 πάλιν
1836 2021 1954 2084 πῶς

362 2103 443 2156 δεῖ
470 2105 660 2156 ποιεῖν.
697 2103 819 2167 Πῶς
853 2099 944 2158 οῦν
970 2105 1051 2158 δεῖ
1078 2107 1250 2158 ποιεῖν
1277 2121 1290 2169 ;
1323 2105 1419 2172 Μὴ
1441 2105 1658 2173 γνώτω,
1692 2105 1880 2175 φησὶν,
1914 2107 1952 2174 ἡ

364 2186 648 2254 ἀριστερά
667 2201 786 2241 σου
813 2188 869 2240 τί
899 2187 1053 2240 ποιεῖ
1085 2189 1122 2255 ἡ
1152 2186 1320 2252 δεξιά
1357 2203 1492 2242 σου.
1521 2188 1688 2242 Πάλιν
1719 2188 1955 2241 ἐνταῦθα

365 2272 426 2325 οὐ
477 2276 664 2344 χεῖρας
697 2273 1012 2338 αἰνίττεται,
1053 2271 1166 2325 ἀλλ’
1203 2271 1577 2343 ὑπερϐολικῶς
1624 2273 1753 2326 αὐτὸ
1801 2272 1952 2344 [246]

365 2357 625 2411 τέθεικεν.
663 2357 724 2411 Εἰ
763 2359 871 2428 γάρ
899 2352 1010 2410 οἷόν
1037 2357 1097 2409 τέ
1133 2358 1270 2420 ἐστι,
1309 2358 1461 2427 φησὶ,
1500 2356 1722 2409 σεαυτὸν
1754 2357 1954 2426 ἀγνοῆ-

368 2459 480 2505 σαι,
524 2441 994 2514 περισπούδαστον
1029 2441 1170 2494 ἔστω
1208 2459 1289 2494 σοι
1318 2439 1494 2499 τοῦτο,
1531 2439 1633 2493 κᾶν
1663 2439 1833 2503 αὐτάς
1866 2440 1954 2492 δυ-

364 2525 527 2578 νατὸν
657 2524 758 2588 τὰς
795 2524 1216 2595 διακονουμένας
1259 2527 1446 2596 χεῖρας
1495 2523 1696 2576 λαθεῖν.
1730 2523 1841 2592 Οὐχ
1878 2521 1954 2585 ὦς

363 2608 508 2672 τινές
553 2625 737 2678 φασιν,
770 2609 852 2662 ὅτι
895 2609 1020 2670 τοὺς
1071 2609 1294 2670 σκαιοὺς
1337 2607 1417 2659 δεῖ
1453 2605 1716 2677 κρύπτειν
1739 2603 1952 2675 ἀνθρώ-

364 2709 522 2756 πους*
553 2693 758 2756 πάντας
784 2693 892 2764 γὰρ
911 2691 1146 2746 ἐνταῦθα
1169 2691 1454 2746 λανθάνειν
1483 2691 1791 2745 ἐκέλευσεν.
1819 2684 1954 2743 Εἶτα

361 2779 458 2832 καὶ
487 2780 516 2831 ό
551 2776 743 2847 μισθὸς
779 2777 1033 2847 ἐννόησον
1077 2777 1218 2839 ὅσος.
1263 2775 1481 2847 Ἐπειδὴ
1525 2775 1634 2846 γὰρ
1685 2771 1806 2828 εἷπε
1849 2773 1954 2847 τὴν

366 2862 576 2916 ἐκεῖθεν
615 2862 858 2926 κόλασιν,
897 2861 1134 2915 δείκνυσι
1176 2859 1270 2913 καὶ
1321 2860 1422 2931 τὴν
1475 2859 1723 2913 ἐντεῦθεν
1765 2859 1949 2931 τιμὴν,

363 2945 708 3017 ἑκατέρωθεν
750 2945 944 3008 αὐτοὺς
977 2944 1154 3008 ὠθῶν,
1181 2945 1275 2996 καὶ
1304 2946 1383 3008 είς
1419 2943 1600 3013 134mm
1627 2942 1778 3011 ἄγων
1807 2942 1951 2997 διδά-

363 3047 571 3100 γματα.
616 3030 726 3082 Καὶ
768 3029 878 3097 γάρ
925 3027 1099 3081 πείθει
1137 3028 1353 3093 εἰδέναι,
1391 3029 1470 3081 ὄτι
1497 3028 1775 3098 πανταχοῦ
1807 3028 1952 3098 πάρ·

363 3131 513 3167 εστιν
557 3115 585 3166 ό
631 3113 783 3176 Θεός·
833 3112 926 3165 καὶ
967 3111 1048 3165 ὅτι
1088 3111 1147 3163 οὐ
1186 3111 1348 3182 μέχρι
1390 3110 1484 3164 τοῦ
1532 3111 1798 3181 παρόντος
1839 3109 1954 3179 βίου

361 3199 564 3268 ἐστηκε
591 3196 660 3251 τά
679 3198 944 3269 ἡμέτερα,
978 3195 1112 3249 ἀλλά
1140 3198 1231 3249 καὶ
1262 3195 1635 3267 φοϐερώτερον
1658 3195 1775 3228 ‘9'“
1809 3197 1955 3265 ἡμᾶς

361 3280 616 3336 ἐντεῦθεν
633 3281 919 3345 ἐκδέξεται
950 3281 1321 3350 δικαστήριον,
1360 3281 1454 3331 καὶ
1495 3281 1549 3332 αἱ
1595 3279 1704 3331 τῶν
1737 3295 1949 3350 πεπρα·

361 3367 586 3436 γμένων
634 3365 856 3418 εὐθῦναι
901 3364 1176 3428 ἁπάντων,
1211 3363 1307 3416 καὶ
1352 3364 1508 3434 τιμαὶ
1550 3367 1643 3416 καὶ
1679 3363 1951 3426 κολάσεις·

363 3451 460 3504 καὶ
484 3450 566 3503 ὅτι
592 3449 764 3510 οὐδὲν,
799 3449 861 3502 οὐ
894 3447 1110 3519 μικρὸν,
1135 3446 1195 3498 ού
1224 3447 1364 3516 μέγα
1396 3464 1478 3510 τις
1511 3445 1677 3500 ποιῶν
1707 3447 1952 3515 λήσεται,

364 3533 467 3588 κᾶν
527 3534 655 3607 δόξῃ
701 3535 828 3596 τοὺς
881 3529 1200 3603 ἀνθρώπους
1254 3530 1555 3585 λανθάνειν.
1618 3532 1802 3588 Ταῦτα
1849 3530 1956 3602 γὰρ

366 3619 584 3673 ἅπαντα
627 3618 846 3690 ᾐνίξατο
883 3617 1073 3670 εἰπών·
1113 3616 1166 3668 Ὀ
1205 3615 1406 3684 Πατήρ
1449 3631 1586 3679 σου,
1636 3619 1668 3669 ό
1705 3615 1957 3680 ,βλέπων

366 3703 436 3756 ἐν
467 3700 548 3767 τῷ
575 3699 834 3770 κρυπτῷ,
864 3700 1165 3756 ἀποδώσει
1197 3715 1296 3754 σοι
1329 3699 1399 3753 ἐν
1421 3697 1502 3764 τῷ
1525 3699 1782 3767 φανερῷ·
1813 3698 1959 3768 μέγα

366 3786 462 3839 καὶ
499 3785 696 3856 σεμνὸν
726 3783 876 3855 αὐτῷ
905 3783 1144 3846 καθίζων
1188 3782 1436 3854 θέατρον,
1479 3785 1572 3836 καὶ
1597 3783 1734 3852 ὅπερ
1767 3781 1957 3835 ἐπιθυ-

370 3873 481 3941 μεῖ,
523 3870 679 3923 τοῦτο
715 3870 851 3940 μετά
881 3869 1081 3939 πολλῆς
1112 3868 1259 3938 αύτῷ
1283 3868 1458 3931 διδοὺς
1489 3869 1588 3938 τῆς
1615 3868 1952 3938 περιουσίας.

369 3956 434 4009 Τί
461 3955 570 4026 γὰρ
602 3953 780 4023 βούλει
805 3970 818 4013 ;
847 3953 1028 4022 φησίν·
1062 3952 1182 4021 οὐχὶ
1212 3951 1411 4013 θεατὰς
1438 3951 1580 4020 ἔχειν
1607 3950 1713 4004 τῶν
1740 3950 1958 4020 γινομέ-

367 4055 474 4093 νων
499 4038 683 4101 τινάς;
719 4038 845 4090 Ἰδοὺ
885 4037 1062 4090 τοίνυν
1090 4035 1252 4103 ἔχεις,
1285 4036 1405 4105 ούχὶ
1438 4035 1727 4104 ἀγγέλους,
1763 4035 1885 4088 ούδέ
1911 4037 1956 4067 δ’

366 4123 762 4194 ἀρχαγγέλους,
792 4119 926 4174 ἀλλὰ
953 4120 1042 4172 τὸν
1075 4118 1181 4171 τῶν
1210 4119 1346 4172 ὅλων
1379 4119 1530 4172 Θεόν.
1565 4120 1626 4172 Εἰ
1657 4120 1712 4172 δὲ
1740 4121 1832 4173 καὶ
1863 4120 1958 4173 ἀν·

370 4207 621 4277 θρώπους
664 4206 949 4275 ἐπιθυμεῖς
994 4203 1137 4274 ἔχειν
1177 4202 1434 4274 θεωροὺς,
1485 4203 1606 4255 οὐδὲ
1651 4203 1855 4274 ταύτης
1896 4221 1955 4257 σε

370 4292 665 4361 ἀποστερεῖ
691 4290 790 4358 τῆς
814 4287 1108 4359 ἐπιθυμίας
1131 4285 1308 4357 καιρῷ
1334 4285 1412 4356 τῷ
1436 4287 1786 4357 προσήκοντι,
1822 4286 1956 4340 ἀλλά

371 4375 465 4428 καὶ
511 4373 648 4445 μετά
682 4371 925 4435 πλείονός
964 4388 1044 4424 σοι
1079 4370 1210 4423 αὐτὸ
1244 4370 1469 4441 παρέχει
1504 4370 1602 4438 τῆς
1630 4369 1952 4440 ὑπερϐολῆς.

369 4457 486 4511 Νῦν
531 4457 627 4526 μὲν
667 4457 772 4527 γάρ
818 4455 883 4508 ἂν
927 4453 1190 4528 ἐπιδείξῃ,
1229 4453 1358 4506 δέκα
1409 4453 1504 4505 καὶ
1544 4453 1767 4519 εἴκοσιν,
1797 4452 1830 4522 ἢ
1863 4453 1958 4505 καὶ

372 4541 565 4596 ἑκατὸν
589 4541 896 4612 ἀνθρώποις
927 4539 1296 4603 ἐπιδείξασθαι
1324 4539 1530 4611 δυνήσῃ
1575 4538 1775 4605 μόνοις·
1807 4538 1870 4593 ἂν
1900 4537 1956 4590 δὲ

372 4624 681 4696 σπουδάζῃς
719 4623 813 4676 νῦν
855 4623 1037 4676 λαθεῖν
1062 4624 1126 4689 ⁸³,
1157 4623 1281 4676 τότε
1313 4640 1371 4674 σε
1403 4623 1563 4685 αὐτὸς
1606 4626 1633 4675 ό
1666 4622 1798 4685 Θεὸς
1829 4623 1958 4675 ἀνα-

375 4710 624 4782 κηρύξει,
672 4710 769 4779 τῆς
814 4710 1138 4779 οἰκουμένης
1187 4707 1469 4779 παρούσης
1509 4707 1746 4778 ἀπάσης.
1795 4708 1960 4760 Ὥστε

352 4794 612 4871 ξμάλιστα
639 4795 687 4845 εἰ
719 4791 895 4861 βούλει
927 4791 1246 4862 ἀνθρώπους
1289 4792 1415 4845 ἰδεῖν
1445 4809 1539 4843 σου
1585 4791 1655 4844 τά
1685 4791 1949 4862 κατορθώ-

352 4875 546 4948 ’ματα,
587 4874 793 4945 κρύψον
846 4874 983 4928 αὐτὰ
1041 4874 1156 4937 νῦν,
1205 4875 1288 4928 ἵνα
1327 4875 1463 4946 μετά
1500 4875 1740 4937 πλείονος
1795 4875 1958 4944 τιμῆς

373 4961 494 5015 τότε
562 4957 702 5013 αύτὰ
760 4957 960 5020 πάντες
1024 4957 1340 5022 θεάσωνται,
1401 4958 1494 5011 τοῦ
1553 4958 1686 5011 Θεοῦ
1749 4960 1961 5029 φανερά

371 5044 652 5108 ποιοῦντος
678 5043 771 5097 καὶ
800 5042 1118 5112 ἐπαίροντος
1148 5043 1240 5095 καὶ
1276 5044 1426 5114 παρά
1450 5045 1614 5096 πᾶσιν
1654 5045 1962 5115 ἀνακηρύτ-

370 5148 574 5194 τοντος.
605 5129 718 5182 Νῦν
750 5127 848 5199 μὲν
875 5127 983 5198 γάρ
1015 5144 1107 5179 σου
1130 5127 1223 5179 καὶ
1254 5127 1694 5197 καταγνώσονται
1721 5130 1769 5182 οἰ
1799 5131 1962 5202 ὁρῶν-

371 5231 484 5278 τες,
515 5214 588 5278 ὡς
629 5213 929 5280 κενοδόξου·
973 5210 1401 5280 στεφανούμενον
1433 5211 1488 5263 δὲ
1519 5212 1736 5278 ἰδόντες,
1774 5215 1833 5267 ού
1868 5217 1964 5286 μό-

373 5315 463 5351 νον
489 5298 549 5351 οὐ
581 5295 1044 5365 καταγνώσονται,
1076 5292 1213 5347 ἀλλά
1248 5294 1342 5346 καὶ
1376 5293 1745 5364 θαυμάσονται
1786 5299 1962 5352 ἃπαν-

373 5398 484 5443 τες.
513 5382 681 5435 Ὅταν
724 5377 816 5435 οὖν
850 5381 944 5433 καὶ
983 5378 1172 5450 μισθὸν
1297 5378 1343 5410 ⁸⁸
1386 5377 1588 5443 λαϐεῖν,
1631 5383 1724 5434 καὶ
1777 5381 1963 5454 θαῦμα

374 5465 771 5536 καρπώσασθαι
830 5464 1035 5537 μεῖζον,
1087 5461 1265 5531 ὀλίγον
1335 5462 1703 5532 ἀναμείναντα
1750 5469 1963 5538 χρόνον,

1495 227 1561 283 ΙΝ
1601 227 2022 286 MATTIUEUM
2063 230 2298 287 IIOMIL.
2342 233 2483 288 XIX.

3549 241 3654 294 276

2061 349 2313 417 ἐννόησον
2368 349 2563 418 ἡλίκης
2606 352 2787 416 ἀνοίας
2836 354 2984 406 ἐστὶν
3025 356 3348 426 ἀμφοτέρων
3403 357 3658 409 ἐκπεσεῖν

2059 431 2284 496 τούτων,
2318 434 2412 486 καὶ
2443 435 2594 504 παρᾶ
2636 437 2733 488 τοῦ
2774 437 2909 490 Θεοῦ
2954 439 3046 491 τὸν
3080 439 3269 509 μισθὸν
3304 442 3558 495 αἰτοῦντα
3585 442 3653 504 ⁸³,

2059 515 2153 568 καὶ
2201 515 2294 569 τοῦ
2339 516 2474 572 Θεοῦ
2503 518 2759 589 ὁρῶντος.
2789 522 2915 584 τοὺς
2945 521 3267 593 ἀνθρώπους
3300 524 3486 577 καλεῖν
3519 526 3652 596 πρδς

2056 598 2154 667 τὴν
2190 599 2445 665 ἐπίδειξιν
2488 602 2595 654 τῶν
2629 604 2949 673 γινομένων.
2993 605 3056 658 Εἰ
3089 606 3200 676 γὰρ
3245 607 3652 662 ἐπιδείκνυσθαι

2057 679 2158 743 δεῖ,
2207 680 2284 751 τῷ
2318 684 2492 754 Πατρὶ
2536 686 2642 755 πρὸ
2679 688 2896 740 πάντων
2936 688 3342 742 ἐπιδείκνυσθαι
3391 693 3518 762 χρήο
3556 694 3654 744 καὶ

2062 766 2296 835 μάλιστα
2330 768 2458 821 ὅταν
2493 769 2586 821 καὶ
2616 770 2710 823 τοῦ
2749 773 3090 839 στεφανῶσαι
3125 774 3218 827 καὶ
3247 773 3340 826 τοῦ
3375 776 3654 844 ζημιῶσαι

2057 851 2246 920 κύριος
2291 854 2319 904 ό
2356 853 2546 924 Πατὴρ
2669 856 2860 908 Καίτοι
2905 859 2951 909 εἰ
2987 857 3078 908 καὶ
3110 857 3284 928 ζημία
3323 857 3398 929 μὴ
3435 855 3524 929 ἦν,
3555 860 3656 914 οὐκ

2057 932 2162 986 ἔδει
2203 935 2262 986 τὸ
2298 935 2524 1007 θέατρον
2561 937 2719 990 τοῦτο
2747 939 2977 1008 ἀφιέντα
3009 941 3072 1005 ⁵⁸,
3113 941 3550 1008 ἀνταλλάξασθαι
3593 945 3655 995 τὸ

2056 1016 2166 1071 τῶν
2192 1017 2518 1091 ἀνθρώπων,
2551 1020 2646 1073 τὸν
2672 1021 2829 1091 δόξης
2863 1023 3254 1094 ἐπιθυμοῦντα.
3286 1026 3383 1090 Τίς
3419 1026 3527 1096 γὰρ
3556 1025 3652 1078 οῦ-

2055 1117 2165 1163 τως
2210 1100 2411 1166 ἄθλιος,
2457 1103 2534 1166 ὡς
2585 1104 2681 1158 τοῦ
2741 1105 3004 1174 βασιλέως
3052 1108 3376 1172 σπεύδοντος
3420 1110 3511 1162 ἐπὶ
3556 1108 3654 1181 τὴν

2057 1183 2292 1255 θεωρίαν
2315 1184 2422 1237 τῶν
2445 1186 2608 1239 αὐτοῦ
2639 1190 3080 1260 κατορθωμάτων
3101 1191 3296 1256 ἐλθεῖν,
3319 1195 3525 1246 ἐκεῖνον
3553 1193 3652 1263 μὲν

2057 1268 2299 1335 ἀφιέναι,
2333 1269 2443 1321 ἀπὸ
2473 1271 2526 1322 δὲ
2560 1271 2669 1324 τών
2704 1270 2935 1342 πτωχῶν
2979 1276 3071 1327 καὶ
3103 1277 3417 1347 προσαιτῶν
3449 1278 3490 1308 ετ
3521 1277 3654 1330 καθ-

2059 1348 2194 1412 ίζειν
2218 1352 2384 1404 αὐτοῦ
2410 1354 2470 1404 τὸ
2501 1354 2724 1424 θέατρον
2752 1375 2764 1419 ;
2794 1356 2892 1409 Διά
2927 1359 2989 1428 δὴ
3021 1359 3179 1411 τοῦτο
3211 1360 3333 1430 οὐχὶ
3360 1360 3518 1429 μόνον
3553 1361 3653 1413 ούκ

2056 1434 2460 1488 ἐπιδείκνυσθαι
2495 1437 2725 1502 κελεύει,
2775 1439 2909 1492 ἀλλὰ
2952 1442 3046 1493 καὶ
3086 1442 3411 1505 σπουδάζειν
3455 1443 3653 1496 λανθά-

2056 1537 2188 1574 νειν.
2215 1521 2349 1573 Οὐδὲ
2380 1520 2488 1591 γάρ
2513 1522 2660 1574 ἐστιν
2694 1523 2826 1588 ἴσον,
2862 1524 3012 1595 12-Πί
3044 1525 3118 1596 μὴ
3148 1527 3445 1579 σπουδάσαι
3477 1528 3651 1596 φανῆ-

2056 1621 2166 1664 ναι,
2195 1603 2292 1656 καὶ
2329 1604 2628 1658 σπουδάσαι
2659 1605 2860 1662 λαθεῖν.
2892 1608 3002 1661 Καὶ
3032 1609 3177 1661 ὅταν
3203 1613 3647 1678 προσεύχησθε,

2056 1687 2242 1756 φησιν,
2298 1688 2407 1740 οὐκ
2451 1688 2671 1742 ἔσεσθε
2707 1688 2910 1759 ὥσπερ
2955 1694 3010 1745 οἱ
3055 1692 3388 1758 ὑποκριταί·
3433 1692 3522 1745 ὅτι
3554 1709 3650 1761 εει-

2054 1772 2278 1826 λοῦσιν
2313 1773 2382 1824 ἐν
2423 1773 2552 1837 ταῖς
2581 1775 2959 1845 συναγωγαῖς
2988 1776 3088 1828 καὶ
3134 1777 3204 1828 ἐν
3234 1775 3364 1842 ταῖς
3409 1777 3648 1846 γωνίαις

2054 1854 2175 1908 τῶν
2229 1855 2529 1909 πλατειῶν
2570 1857 2829 1924 ἑστῶτες
2864 1860 3309 1928 προσεύχεσθαι
3338 1861 3402 1912 θ’.
3460 1859 3650 1931 Ἀμὴν

2054 1939 2210 2008 λέγω
2251 1940 2414 2008 ὑμῖν,
2454 1939 2753 2009 ἀπέχουσι
2796 1941 2899 1994 τόν
2944 1942 3166 2012 μισθόν
3204 1941 3423 1996 αὐτῶν.
3466 1944 3551 1998 Σὺ
3582 1945 3651 1998 δὲ

2057 2024 2202 2076 ὅταν
2226 2024 2557 2092 προσεύχῃ,
2586 2024 2827 2078 εἴσελοε
2861 2027 2950 2092 εἰς
2989 2026 3055 2078 τὸ
3081 2026 3343 2095 ταμιεῖόν
3372 2042 3510 2090 σου,
3551 2029 3650 2082 καί

2056 2107 2310 2172 κλείσας
2333 2106 2450 2172 τὴν
2479 2108 2669 2175 θύραν
2692 2124 2831 2172 σου,
2861 2109 3189 2178 πρόσευξαι
3214 2109 3295 2176 τῷ
3319 2111 3503 2178 Πατρί
3531 2126 3651 2166 σου

2056 2188 2137 2253 τῷ
2181 2189 2250 2242 ὲν
2279 2189 2360 2254 τῷ
2403 2190 2664 2257 κρυπτῷ.
2718 2192 2886 2245 Πάλιν
2939 2194 3034 2246 καὶ
3077 2193 3299 2256 τούτους
3348 2193 3651 2266 ὑποκριτάς

2056 2272 2231 2336 καλεῖ,
2265 2273 2358 2325 καὶ
2405 2273 2549 2344 μάλα
2577 2274 2823 2338 εἰκότως·
2860 2275 2942 2328 δτι
2975 2272 3091 2342 Θεῷ
3113 2276 3156 2306 ⁶⁹
3189 2277 3649 2346 προσποιούμενοι

2057 2354 2478 2425 προσεύχεσθαι,
2506 2357 2826 2428 ἀνθρώπους
2854 2357 3301 2428 περισκοποῦσιν,
3327 2359 3425 2430 οὐχ
3456 2359 3649 2413 ἱκετῶν

2057 2439 2429 2509 περικείμενοι
2462 2441 2668 2510 σχῆμα,
2707 2440 2822 2494 ἀλλ’
2854 2440 3158 2516 ἀνθρώπων
3201 2443 3645 2510 καταγελάστων.

2068 2522 2127 2576 '0
2154 2523 2262 2594 γὰρ
2296 2522 2505 2593 μέλλων
2538 2524 2823 2590 ἱκετεύειν,
2858 2526 3103 2590 ἅπαντας
3130 2527 3308 2596 ἀφεὶς,
3343 2527 3480 2598 πρὸς
3506 2530 3649 2580 ἐκεῖ·

2056 2623 2145 2660 νον
2184 2607 2344 2678 μόνον
2386 2609 2487 2678 ὁρᾷ
2520 2608 2611 2661 τὸν
2653 2609 2840 2679 κύριον
2877 2610 3006 2663 ὄντα
3056 2611 3240 2664 δοῦναι
3271 2611 3370 2681 τὴν
3410 2611 3646 2683 αἴτησιν.

2059 2691 2157 2743 Ἂν
2216 2691 2273 2743 δέ
2337 2691 2526 2745 τοῦτον
2578 2693 2760 2761 ἀφεὶς,
2818 2695 3084 2769 περιέρχῃ
3145 2695 3494 2765 πλανώμενος
3553 2696 3650 2749 καὶ

2059 2774 2335 2844 πανταχοῦ
2361 2775 2674 2846 περιφέρων
2707 2777 2833 2841 τοὺς
2853 2777 3184 2849 ὀφθαλμοὺς,
3211 2782 3394 2842 κεναῖς
3417 2778 3649 2832 ἀπελεύ-

2061 2876 2128 2929 σῃ
2165 2859 2338 2930 χερσί.
2374 2859 2542 2913 Τοῦτο
2566 2861 2675 2931 γὰρ
2699 2860 2860 2924 αὐτὸς
2889 2861 3206 2934 ἐϐουλήθης.
3236 2863 3334 2917 Διά
3365 2864 3522 2917 τοῦτο
3549 2865 3650 2918 οὐκ

2057 2937 2229 3006 εἶπεν,
2253 2943 2334 2995 ὅτι
2359 2943 2418 2995 ού
2439 2942 2697 3015 λήψονται
2733 2944 2922 3013 μισθὸν
2950 2947 2997 2998 οἰ
3024 2947 3274 3008 τοιοῦτοι,
3304 2946 3416 3000 ἀλλ’
3444 2948 3526 3000 ὅτι
3553 2948 3653 3001 ἀπ-

2057 3026 2260 3095 έχουσι,
2295 3027 2596 3091 τουτέστιν,
2629 3029 2710 3081 ὅτι
2741 3028 3001 3098 λήψονται
3039 3030 3158 3099 μὲν,
3185 3030 3316 3102 παρ’
3345 3024 3421 3084 ὧν
3447 3031 3503 3084 δέ
3528 3033 3651 3084 ἐπι-

2057 3106 2321 3178 θυμοῦσιν
2357 3110 2527 3162 αὐτοί.
2561 3111 2637 3163 Ut’)
2671 3111 2781 3182 γὰρ
2809 3113 2838 3164 ὁ
2864 3111 2998 3174 Θεὸς
3040 3111 3309 3182 βούλεται,
3341 3113 3457 3166 ἀλλ’
3489 3113 3651 3176 αὐτὸς

2059 3193 2159 3262 μὲν
2220 3194 2318 3264 τὴν
2386 3195 2517 3265 παρ’
2571 3195 2768 3247 ἐαυτοῦ
2823 3195 3084 3267 παρέχειν
3135 3196 3325 3268 ἤθελεν
3390 3195 3648 3267 ἀμοιϐήνο

2057 3279 2256 3329 ἐκεῖνοι
2282 3276 2339 3329 δὲ
2373 3279 2472 3348 τὴν
2502 3277 2653 3348 παρά
2677 3277 2787 3330 τῶν
2811 3277 3116 3349 ἀνθρώπων
3143 3277 3450 3348 ζητοῦντες,
3473 3279 3652 3332 οὐκέτ’

2057 3359 2122 3412 ἂν
2159 3355 2267 3412 εἷεν
2302 3358 2498 3413 δίκαιοι
2531 3360 2715 3414 λαϐεῖν
2756 3363 2887 3434 παρ’
2921 3363 3150 3424 ἐκείνου,
3182 3363 3247 3417 δι’
3283 3363 3342 3416 ὃν
3374 3363 3525 3416 οὐδὲν
3554 3380 3654 3417 πε-

2058 3443 2338 3512 ποιήκασι.
2367 3445 2439 3497 Σὺ
2467 3445 2524 3497 δέ
2560 3463 2648 3515 μοι
2691 3446 2881 3499 σκόπει
2911 3445 3004 3499 τοῦ
3041 3445 3176 3499 Θεοῦ
3216 3445 3316 3517 τὴν
3358 3445 3654 3518 φιλανθρω-

2061 3527 2211 3590 πίαν,
2250 3529 2333 3580 ὅτι
2393 3528 2488 3582 καὶ
2523 3529 2664 3600 ὑπὲρ
2694 3522 2768 3583 ὦν
2793 3530 3024 3582 αἰτεῖται
3057 3529 3188 3601 παρ’
3228 3527 3386 3599 ἡμῶν
3412 3527 3650 3597 ἀγαθῶν,

2058 3612 2455 3680 ἐπαγγέλλεται
2486 3613 2676 3684 μισθὸν
2710 3614 2990 3687 παρέξειν.
3018 3613 3298 3668 Διαϐαλὼν
3327 3616 3503 3668 τοίνυν
3527 3614 3654 3678 τοὺς

2057 3694 2118 3747 ού
2161 3697 2548 3767 προσηκόντως
2595 3698 2674 3769 τῷ
2716 3699 3004 3772 πράγματι
3049 3699 3386 3770 χρωμένους,
3417 3698 3510 3750 καὶ
3548 3698 3654 3750 ἀπὸ

2061 3777 2155 3830 τοῦ
2199 3780 2388 3842 τόπου,
2422 3783 2514 3834 καὶ
2556 3781 2664 3835 ἀπὸ
2701 3783 2802 3852 τῆς
2834 3782 3147 3845 διαθέσεως,
3175 3783 3270 3836 καὶ
3307 3782 3487 3846 δείξας
3522 3781 3656 3851 σφό-

2057 3861 2158 3932 δρα
2208 3865 2650 3932 καταγελάστους
2697 3867 2877 3929 ὅντας,
2926 3866 3137 3934 εἰσάγει
3177 3866 3267 3918 τὸν
3301 3867 3521 3937 ἄριστον
3556 3866 3654 3936 τῆς

2059 3951 2369 4018 προσευχῆς
2420 3950 2642 4020 τρόπον,
2690 3951 2784 4004 καὶ
2835 3951 2996 4003 πάλιν
3045 3951 3137 4003 τὸν
3183 3949 3376 4020 μισθὸν
3415 3949 3652 4015 δίδωσιν,

2061 4035 2250 4087 εἰπών’
2284 4035 2540 4090 Ετσελθε
2571 4039 2657 4102 είς
2684 4037 2752 4089 τὸ
2786 4035 3051 4106 ταμιεῖόν
3086 4050 3222 4089 σου.

2129 4125 2199 4186 γ’.
2238 4118 2303 4170 Τί
2328 4114 2461 4184 οῦν;
2508 4120 2567 4173 ἐν
2611 4119 2911 4190 ἐκκλησίᾳ,
2950 4119 3146 4190 φησὶν,
3191 4119 3252 4171 ού
3293 4119 3374 4172 δεῖ
3421 4119 3656 4192 προσεύ-

2065 4203 2254 4274 χεσθαι
2270 4221 2285 4270 ;
2303 4204 2412 4260 Καὶ
2436 4204 2638 4274 σφόδρα
2661 4204 2780 4274 μὲν,
2803 4203 2940 4257 ἀλλὰ
2969 4204 3108 4274 μετά
3134 4201 3358 4274 γνώμης
3376 4203 3650 4274 τοιαύτης.

2067 4285 2348 4356 Πανταχοῦ
2395 4287 2503 4358 γὰρ
2532 4288 2715 4351 όΘεὸς
2754 4286 2846 4339 τὸν
2891 4287 3094 4340 σκοπὸν
3149 4284 3306 4356 ζητεῖ
3368 4287 3479 4340 τῶν
3508 4304 3654 4354 γινο·

2068 4371 2266 4440 μένων.
2328 4371 2484 4425 Ἐπεὶ
2539 4370 2642 4425 κᾶν
2684 4373 2764 4435 εἰς
2822 4371 2884 4424 τὸ
2930 4373 3181 4442 ταμιεῖον
3247 4369 3516 4441 εἰσέλθῃς,
3558 4374 3654 4424 κα)⁵

2066 4456 2422 4520 ἀποκλείσας,
2471 4456 2608 4527 πρὸς
2635 4453 2895 4522 ἐπίδειξιν
2939 4456 3072 4510 αὐτὸ
3100 4455 3333 4529 ἐργάσῃ,
3367 4455 3518 4509 οὐδέν
3571 4472 3654 4508 σοι

2065 4540 2174 4592 τῶν
2221 4539 2400 4611 θυρῶν
2445 4539 2656 4608 ὄφελος.
2707 4541 2849 4610 Ὅρα
2897 4539 3030 4609 γοῦν
3082 4540 3178 4594 καὶ
3246 4538 3484 4592 ἐνταῦθα
3539 4538 3654 4602 πῶς

2066 4625 2273 4696 ἀκριϐῆ
2331 4627 2420 4678 τὸν
2496 4625 2777 4696 διορισμὸν
2840 4625 3110 4688 τέθεικεν,
3191 4622 3378 4687 εἰπὼν,
3454 4623 3656 4689 ’Ὅπως

2067 4707 2305 4778 φανῶσι
2366 4709 2490 4775 τοῖς
2537 4708 2889 4777 ἀνθρώποις.
2949 4708 3114 4760 Ὥστε
3191 4707 3291 4760 κᾶν
3342 4707 3441 4770 τὰς
3487 4705 3654 4778 θύρας

2071 4791 2423 4864 ἀποκλείσῃς,
2451 4791 2610 4844 τοῦτο
2653 4792 2758 4858 πρὸ
2801 4792 2900 4859 τῆς
2931 4790 3040 4844 τῶν
3072 4789 3251 4861 θυρῶν
3286 4789 3655 4853 ἀποκλείσεως

2068 4874 2415 4945 κατορθῶσαί
2481 4892 2541 4927 σε
2596 4874 2866 4944 βούλεται,
2939 4874 3034 4926 καὶ
3102 4872 3202 4936 τάς
3265 4875 3365 4942 τῆς
3417 4874 3657 4938 διανοίας

2067 4959 2384 5013 ἀποκλείειν
2435 4957 2626 5029 θύρας.
2685 4955 3008 5021 Κενοδοξίας
3061 4955 3172 5027 γὰρ
3221 4957 3503 5028 πανταχοῦ
3558 4958 3657 5028 μὲν

2070 5042 2417 5112 ἀπηλλάχθαι
2444 5041 2628 5104 καλὸν,
2666 5041 2904 5110 μάλιστα
2929 5040 2984 5092 δὲ
3026 5041 3082 5094 ἐν
3117 5041 3273 5112 εὐχῇ.
3327 5043 3388 5094 Εἰ
3421 5041 3534 5113 γάρ
3562 5042 3655 5093 καὶ

2070 5127 2264 5180 τούτου
2311 5126 2480 5194 χωρὶς
2518 5123 2852 5195 πλανώμεθα
2885 5125 2985 5177 καὶ
3011 5125 3442 5196 περιφερόμεθα,
3470 5125 3536 5176 ἃν
3566 5122 3658 5173 καὶ

2069 5211 2274 5280 ταύτην
2306 5207 2683 5278 εἰσερχώμεθα
2705 5208 2804 5279 τὴν
2848 5209 3005 5261 νόσον
3056 5211 3293 5280 ἔχοντες,
3336 5208 3464 5259 πότε
3497 5208 3658 5256 ἀκου-

2073 5296 2278 5366 σόμεθα
2311 5293 2419 5346 τῶν
2454 5295 2585 5363 παρ’
2616 5292 2773 5363 ὴμῶν
2825 5293 3174 5363 λεγομένων;
3225 5293 3272 5344 εἰ
3322 5289 3381 5343 δὲ
3418 5290 3578 5357 ἡμεῖς
3609 5287 3658 5340 οἰ

2070 5383 2314 5450 δεόμενοι
2340 5379 2434 5432 καὶ
2460 5377 2906 5449 παρακαλοῦντες
2932 5377 3034 5430 οὐκ
3075 5375 3370 5444 ἀκούομεν,
3406 5371 3523 5432 πῶς
3568 5371 3658 5437 τὸν

2070 5467 2204 5521 Θεὸν
2252 5463 2514 5535 ἀξιοῦμεν
2566 5463 2815 5530 άκούειν;
2876 5461 3016 5514 Ἀλλ’
3065 5461 3214 5530 ὅμως
3265 5453 3374 5508 εἰσί
3414 5468 3582 5516 τινες,
3607 5457 3655 5508 οἰ

444 5603 740 5692 ⁵1ἐκεῖνοι]
764 5607 888 5692 ads].
913 5603 1069 5692 τοῦτο
1081 5603 1244 5692 (λέγει
1279 5603 1414 5692 Ειιιξξ
1445 5605 1860 5692 αξίτνεςειιηιὶἰιιιε
1885 5624 1954 5692 ςοη

2059 5605 2309 5690 MYerss.
2377 5603 2432 5692 _"
2467 5602 2644 5685 ταύτῃ
2676 5618 2786 5692 oin.
2816 5596 3126 5692 §av.xBe:I.
3201 5593 3248 5679 ξ’
3287 5587 3439 5666 τοὺς]
3469 5593 3561 5648 τὸν

905 5677 1030 5731 add.
1076 5675 1315 5728 διδάσκει

857 5787 869 5799 .
901 5746 998 5815 Ep.

376 5677 424 5709 "
467 5674 853 5748 ἐλεημοσύνην]
903 5677 1030 5748 add.
1076 5675 1315 5748 διδάσκει
1374 5674 1652 5748 Βκνενιιιι
1681 5679 1924 5748 ᾲέστξιγτδ

380 5749 496 5779 ’³ου
538 5746 869 5818 φοϐερὸνΕ.
901 5746 998 5815 Ep.
1078 5747 1120 5818 ‘f
1165 5747 1418 5818 obﬁé‘xa‘z
1447 5746 1506 5801 ι).

1980 5662 2650 5750 ζητούμενον-,ἀρ-ειιηι-ἰῖἶ
2902 5669 2989 5750 ’τὸ
3035 5663 3388 5750 Ίζῃτούμενόν
3421 5662 3547 5750 'gm.

1588 5748 1633 5780 ⁵³
1680 5746 1954 5803 λανθάνειν

2059 5733 2163 5803 ad)
2233 5745 2280 5776 ει
2308 5741 2367 5816 ᾗ]
2411 5745 2505 5815 δέῃ
2559 5743 2661 5816 F.“
2698 5736 3055 5816 “_ait_05v1:a]
3091 5733 3391 5816 Sic‘Az‘D.
3563 5749 3654 5789 om-

383 5819 482 5890 ιρι-ἰ
526 5802 839 5890 αἰτοῦντας.
911 5802 960 5849 δέ
993 5817 1242 5890 ἀφιέντα]
1295 5816 1386 5872 Sic
1436 5820 1503 5877 A.
1541 5819 1627 5890 VB,
1666 5828 1719 5872 cl
1772 5802 1926 5890 τοῖς.

2061 5802 2232 5887 Vulgo
2263 5802 2544 5885 ἀῷίέντοὶς.
2619 5812 2661 5843 ⁸⁷
2690 5813 2782 5864 καὶ
2799 5802 3256 5890 τῶγὶπρέσριιτίιξι
3384 5805 3472 5890 n‘“
3501 5818 3656 5877 προσ.

385 5869 973 5961 ἐόέεάιὶαιῖειιέιῖιπως
999 5869 1064 5940 ιι
1092 5869 1854 5962 @965:Erlzg—Eveﬁairjzg'd

2059 5869 2271 5960 ςάίίίῆευ
2305 5869 2392 5955 ἂν)
2429 5869 2644 5951 Hiosq.
2721 5882 2764 5912 ⁶⁹
2795 5876 2936 5949 Θεῷι
2966 5869 3042 5946 τῷ
3056 5871 3176 5942 Θεῷ
3204 5871 3260 5925 Β.
3287 5870 3346 5924 Ε.
3383 5869 3442 5923 F.

715 6000 987 6059 ΡΑτιιοι..
1037 5998 1150 6060 Gn.
1206 6001 1388 6065 LVII.

1781 6084 1904 6093 η--ο--η-
1931 6083 1972 6089 -ι-

3254 5980 3326 6038 13
