4076 6150
395 259 494 314 277

390 389 510 428 eum
540 374 750 430 decenti
796 373 975 427 habitu
1001 415 1014 434 ,
1048 381 1160 428 tum
1197 374 1428 429 maxime
1463 375 1696 432 inllectat
1731 393 1851 432 eum
1882 381 1971 450 qui

387 466 612 537 gratiam
643 464 890 520 conferre
927 465 1140 534 potest?
1167 464 1244 521 Ne
1283 466 1460 536 itaque
1491 466 1669 522 habitu
1697 472 1935 539 corporis
1959 513 1974 540 ,

387 574 562 631 neque
587 559 734 614 vocis
761 559 998 614 clamore
1016 599 1033 624 ,
1065 559 1159 614 sed
1188 560 1476 615 voluntatis
1505 560 1681 615 studio
1709 562 1978 618 orationes

386 654 726 716 emittamus;
770 666 945 722 neque
989 665 1110 707 cum
1158 653 1385 723 strepitu
1425 662 1479 708 et
1524 655 1741 718 sonitu,
1787 657 1870 710 vel
1909 657 1976 710 ad

385 747 798 802 ostentationem
819 787 834 812 ,
868 760 936 800 ne
971 745 1245 815 proximos
1287 746 1440 800 nobis
1477 747 1806 816 expellamns
1830 791 1843 814 ,
1881 748 1976 802 sed

383 852 508 893 cum
552 836 813 893 modestia
852 837 1034 900 omni,
1065 837 1224 891 animi
1264 838 1613 904 contritione,
1644 848 1699 894 et
1726 839 1976 910 laerymis

355 964 357 966 -
385 929 748 984 interioribus.
777 927 882 984 Sed
912 927 1062 983 doles
1089 928 1302 995 animo,
1337 943 1434 982 nec
1465 937 1615 998 potes
1645 943 1750 983 non
1777 929 1973 984 clama-

384 1023 481 1078 re?
522 1023 635 1078 lmo
667 1023 900 1078 maxime
924 1022 1151 1077 dolentis
1181 1030 1262 1078 est
1291 1022 1368 1077 sic
1391 1036 1545 1078 orare
1565 1064 1578 1086 ,
1609 1030 1665 1078 et
1689 1023 1974 1080 obsecrare

383 1125 442 1169 ut
482 1114 614 1169 dixi.
661 1114 792 1168 Nam
832 1123 886 1168 et
927 1113 1136 1184 Moyses
1172 1112 1415 1177 dolebat,
1448 1114 1629 1183 sicque
1669 1113 1887 1180 orabat,
1919 1123 1974 1169 et

382 1205 700 1262 audiebatur
724 1223 738 1259 :
767 1204 994 1274 ideoque
1022 1204 1158 1259 dixit
1199 1203 1271 1258 illi
1320 1204 1456 1259 Deus
1485 1221 1502 1255 ι
1531 1203 1668 1270 Quid
1692 1205 1881 1261 clamas
1904 1206 1973 1260 ad

383 1315 462 1353 me
503 1299 697 1368 (Exod.
731 1299 822 1353 14.
853 1295 990 1370 l5)?
1030 1299 1181 1352 Anna
1210 1311 1421 1366 quoque
1454 1313 1686 1363 rursum,
1718 1312 1837 1352 cum
1868 1314 1970 1353 vox

382 1406 490 1445 non
521 1390 813 1455 audiretur,
844 1389 1021 1444 omnia
1046 1403 1166 1458 qua:
1190 1388 1356 1442 voluit
1384 1389 1705 1456 impetravit,
1731 1391 1850 1458 quia
1877 1405 1972 1443 cor

381 1481 498 1550 ejus
542 1480 804 1536 clamabat
844 1479 922 1552 (Ι.
950 1478 1074 1551 Reg.
1106 1478 1183 1550 1).
1212 1479 1345 1533 Abel
1371 1494 1499 1533 vero
1527 1493 1633 1533 non
1659 1479 1820 1534 silens
1851 1495 1967 1534 mo-

380 1573 484 1635 do,
516 1571 610 1627 sed
652 1572 814 1626 etiam
854 1571 1090 1626 moriens
1133 1571 1479 1640 precabatur,
1511 1580 1566 1624 et
1608 1570 1823 1640 sanguis
1853 1571 1968 1640 ejus

381 1666 504 1721 tuba
531 1664 808 1720 clariorem
847 1664 1125 1720 emittebat
1159 1679 1364 1719 vocem.
1408 1662 1699 1734 Ingemisce
1729 1663 1887 1733 igitur
1913 1673 1969 1720 et

382 1765 438 1810 tu
463 1757 709 1812 similiter
737 1765 794 1810 ut
823 1757 914 1812 illc
944 1765 1159 1810 sanctus
1188 1772 1200 1806 :
1231 1755 1283 1810 id
1314 1771 1418 1809 non
1451 1755 1702 1825 impedio.
1735 1754 1928 1810 Scinde
1947 1797 1962 1822 ,

380 1859 440 1905 ut
464 1849 720 1920 propheta
753 1849 946 1918 jussit,
977 1862 1072 1902 cor
1101 1857 1248 1903 tuum
1273 1888 1287 1912 ,
1317 1856 1372 1902 et
1400 1861 1503 1900 non
1533 1846 1844 1901 vestimenta
1879 1857 1965 1901 tua

379 1941 543 2014 (Joel
567 1942 624 1996 2.
656 1943 724 1997 15
757 1943 794 2012 ).
827 1942 902 1996 De
943 1939 1215 2010 profundis
1257 1939 1442 1994 invoca
1487 1938 1691 2004 Deum;
1733 1954 1854 1993 nam
1893 1939 1967 1992 ait

377 2035 469 2089 ille
491 2075 506 2099 ,
535 2032 614 2087 De
637 2031 906 2104 profundis
933 2031 1146 2085 clamavi
1170 2031 1238 2083 ad
1267 2041 1346 2097 te,
1380 2028 1595 2083 Domine
1624 2029 1643 2099 (
1661 2028 1807 2083 Psal.
1839 2027 1962 2084 129.

378 2127 434 2196 1)
467 2145 480 2180 :
511 2142 574 2183 ex
615 2126 802 2181 intimo
829 2126 1008 2181 cordis
1037 2125 1112 2178 tui
1143 2138 1332 2180 vocem
1373 2121 1580 2177 attrahe
1604 2165 1618 2187 ,
1651 2121 1735 2177 fac
1763 2123 1962 2176 oratio-

377 2233 499 2273 nem
532 2227 674 2272 tuam
703 2231 822 2273 esse
861 2216 1194 2288 mysterium.
1233 2215 1346 2270 Non
1382 2215 1531 2268 vides
1562 2213 1612 2268 in
1642 2213 1776 2268 aulis
1805 2213 1964 2282 regiis

376 2313 659 2366 tumultum
684 2326 897 2366 omnem
924 2309 1188 2365 elimioari
1207 2349 1221 2375 ,
1255 2316 1308 2363 et
1335 2307 1558 2368 multum
1584 2306 1813 2375 undique
1841 2321 1962 2361 esse

373 2405 680 2463 silentium?
714 2406 780 2460 Et
819 2414 872 2459 tu
914 2404 1090 2473 itaque
1127 2401 1275 2472 quasi
1317 2405 1368 2455 in
1413 2399 1612 2469 regiam
1660 2397 1962 2467 ingrediens

373 2513 480 2553 non
510 2497 795 2561 terrenam,
824 2496 915 2550 sed
944 2496 994 2550 in
1023 2495 1187 2548 multo
1215 2492 1608 2557 terribiliorem,
1642 2506 1834 2560 nempe
1859 2506 1962 2545 cte-

374 2590 585 2653 lestem,
618 2603 862 2658 magnam
893 2585 1085 2641 exhibe
1115 2584 1450 2639 modestiam.
1482 2582 1613 2637 Nam
1643 2594 1694 2638 et
1719 2597 1838 2637 cum
1865 2597 1962 2636 au-

371 2680 507 2752 gelis
539 2679 764 2734 choreas
805 2679 952 2748 agis,
994 2685 1046 2732 et
1085 2675 1523 2747 archangelorum
1563 2691 1620 2730 es
1660 2676 1873 2740 socius,
1904 2683 1961 2731 et

367 2788 493 2828 cum
523 2771 802 2842 Seraphim
831 2771 976 2827 cauis
1001 2771 1038 2824 ¹.
1069 2769 1268 2826 Omnes
1308 2783 1467 2839 porro
1509 2770 1593 2823 isti
1631 2779 1802 2824 cretus
1839 2782 1957 2822 ma-

369 2880 532 2936 gnum
561 2864 820 2920 exhibent
846 2863 1086 2919 ordinem
1110 2904 1125 2929 ,
1157 2877 1276 2918 cum
1308 2862 1531 2917 horrore
1560 2862 1728 2916 multo
1766 2862 1955 2932 mysti-

367 2975 491 3014 cum
524 2959 650 3014 illud
681 2959 847 3013 melos
875 2965 930 3012 et
955 2971 1136 3011 sacros
1167 2956 1395 3027 hymnos
1418 2962 1670 3010 canentes
1699 2955 1808 3024 regi
1841 2954 1957 3009 uoi-

369 3065 646 3107 versorum
678 3050 806 3104 Deo.
838 3049 933 3103 llis
962 3049 1137 3118 itaque
1170 3055 1220 3103 te
1242 3047 1543 3102 admisceas
1573 3047 1623 3111 in
1654 3047 1951 3116 precando,

368 3144 759 3216 mysticumque
798 3141 1031 3211 ipsorum
1067 3149 1310 3194 ornatum
1346 3139 1573 3193 imitare.
1599 3138 1784 3208 Neque
1809 3138 1952 3193 enim

368 3236 674 3293 hominibus
702 3233 971 3304 precaris;
1001 3234 1094 3288 sed
1127 3234 1236 3288 Deo
1263 3232 1458 3302 ubique
1490 3232 1734 3301 prtesenti
1752 3273 1768 3298 ,
1797 3240 1953 3286 ante-

366 3345 526 3400 quam
569 3343 757 3384 vocem
809 3328 1064 3383 emittas’
1106 3325 1378 3390 audienti,
1425 3325 1512 3394 qui
1567 3325 1714 3379 novit
1758 3338 1952 3379 arcana

368 3425 580 3479 mentis.
613 3423 668 3478 Si
698 3423 776 3478 sic
802 3421 1044 3475 oraveris
1066 3462 1079 3483 ,
1107 3420 1327 3474 multam
1370 3419 1595 3488 recipies
1624 3419 1949 3474 mercedem.

368 3516 544 3580 Pater,
572 3515 762 3585 inquit,
794 3523 927 3580 tuus,
956 3514 1042 3584 qui
1076 3513 1207 3566 videt
1237 3513 1290 3565 in
1323 3511 1634 3576 abscondito,
1663 3510 1835 3565 reddet
1863 3511 1952 3565 tibi

363 3611 419 3664 in
455 3610 754 3681 manifesto.
775 3607 887 3662 Non
919 3607 1008 3671 ait,
1048 3605 1271 3660 Donabit
1303 3604 1418 3669 tibi,
1450 3603 1565 3670 sed,
1600 3602 1814 3658 Reddet.
1844 3605 1951 3660 De-

365 3701 592 3757 bitorem
631 3715 690 3755 se
726 3701 924 3771 quippe
953 3699 1045 3754 tibi
1086 3699 1393 3764 constituit,
1421 3705 1580 3768 teque
1622 3713 1814 3768 magno
1853 3714 1950 3767 pro

366 3793 470 3848 hoc
494 3794 654 3848 etiam
684 3791 890 3847 honore
919 3790 1154 3845 donavit.
1193 3789 1323 3856 Quia
1352 3790 1491 3844 enim
1531 3791 1644 3860 ipse
1674 3790 1950 3846 invisibilis

364 3892 467 3952 est,
497 3883 616 3938 ideo
637 3883 748 3937 vult
774 3882 1069 3937 orationem
1095 3891 1237 3934 tuam
1261 3879 1560 3949 hujusmodi
1584 3895 1722 3936 esse.
1751 3880 1950 3936 Deinde

365 3976 530 4033 verba
557 3975 668 4044 ipsa
695 3975 950 4029 orationis
991 3973 1173 4028 refert.
1207 3973 1258 4026 7.
1296 3971 1540 4039 Orontes,
1571 3974 1766 4043 inquit,
1797 3974 1951 4027 nolite

363 4069 583 4122 multum
609 4068 760 4138 loqui,
791 4066 918 4120 sicut
947 4065 1130 4119 ethnici
1157 4065 1367 4133 faciunt.
1396 4063 1527 4117 Nam
1557 4080 1676 4118 cum
1706 4064 1774 4118 de
1804 4065 1946 4119 elec-

364 4174 587 4231 mosyna
619 4158 962 4229 loquebatur,
994 4171 1142 4211 vanw
1181 4155 1363 4224 gloriae
1400 4163 1600 4224 pestem
1632 4164 1834 4210 tantum
1862 4171 1949 4210 sc-

365 4253 564 4315 movit,
594 4250 830 4320 nihilque
859 4248 1087 4317 amplius
1115 4246 1344 4317 adjecit,
1376 4261 1547 4317 neque
1575 4247 1741 4312 dixit,
1772 4249 1945 4304 unde-

363 4360 486 4400 nam
515 4343 906 4414 eleemosynam
946 4341 1124 4396 facere
1163 4349 1472 4408 oporteret;
1505 4340 1650 4393 verbi
1690 4354 1846 4394 causa
1880 4358 1943 4396 ex

359 4438 518 4509 justis
544 4435 833 4501 laboribus,
863 4449 966 4488 non
995 4448 1059 4487 ex
1097 4431 1300 4501 rapina,
1331 4431 1412 4485 vel
1441 4447 1507 4485 ex
1538 4432 1780 4485 avaritia.
1815 4433 1944 4488 Illud

362 4544 592 4600 namque
613 4527 663 4582 in
686 4525 932 4582 confesso
956 4523 1095 4596 apud
1115 4538 1302 4578 omnes
1328 4530 1459 4576 erat.
1490 4521 1744 4591 Superius
1766 4531 1943 4577 autem

361 4621 488 4678 illud
508 4622 617 4690 jam
645 4625 1050 4689 expurgaverat,
1075 4631 1194 4670 cum
1217 4614 1516 4670 esurientes
1538 4615 1796 4682 justitiam
1821 4615 1946 4670 hea-

361 4723 445 4770 tos
472 4711 800 4783 praedicavit.
831 4709 986 4764 Circa
1014 4707 1307 4762 orationem
1333 4721 1462 4760 vero
1490 4704 1686 4776 aliquid
1717 4707 1944 4777 amplius

361 4803 578 4875 adjicit,
601 4799 988 4868 multiloquium
1017 4813 1137 4852 esse
1161 4796 1430 4851 vitandum
1461 4813 1474 4849 :
1500 4812 1562 4850 ac
1590 4798 1942 4867 quemadmo-

358 4897 490 4952 dum
519 4893 590 4947 ibi
622 4891 945 4961 hypocritas,
970 4890 1039 4944 ita
1062 4899 1113 4941 ct
1136 4889 1222 4942 hic
1247 4888 1488 4943 ethnicos
1517 4889 1721 4956 irridet,
1751 4888 1944 4960 ubique

357 5003 426 5043 ex
476 4995 823 5057 personarum
869 4981 1068 5034 vilitate
1105 4980 1397 5034 auditorem
1442 4979 1643 5049 pudore
1679 4980 1940 5037 afficiens.

358 5081 493 5150 Quia
516 5078 659 5136 enim
683 5083 742 5131 ut
769 5073 1054 5142 plurimum
1084 5072 1183 5127 hoc
1208 5073 1443 5128 maxime
1475 5073 1680 5128 mordet
1700 5082 1752 5127 et
1773 5073 1938 5143 angit,

357 5189 479 5229 cum
505 5171 626 5244 quis
685 5165 912 5236 abjectis
969 5163 1268 5220 hominibus
1293 5175 1648 5234 comparatur,
1674 5166 1798 5223 hinc
1822 5167 1941 5223 illos

356 5265 612 5331 abducit,
649 5258 1038 5328 multiloquium
1079 5256 1166 5311 hic
1200 5257 1396 5313 futilem
1435 5259 1807 5328 loquacitatem
1843 5275 1941 5315 vo-

357 5372 521 5422 cans;
547 5365 603 5410 ut
627 5369 748 5410 cum
778 5366 883 5407 non
909 5356 1264 5404 consentanea
1287 5363 1316 5403 a
1340 5348 1448 5403 Deo
1475 5351 1720 5419 petimus,
1752 5365 1942 5422 nempe

361 5447 651 5520 potentiam
679 5453 735 5501 et
771 5443 1016 5515 gloriam,
1046 5440 1320 5494 victoriam
1351 5439 1418 5494 de
1448 5440 1693 5506 inimicis,
1727 5441 1941 5496 divitia-

361 5555 475 5594 rum
503 5537 778 5593 facultates
795 5577 811 5602 ,
838 5534 1161 5602 domumque
1188 5546 1248 5586 ea
1275 5546 1394 5602 qua:
1423 5531 1551 5586 nihil
1582 5533 1734 5587 nobis
1759 5532 1940 5605 profu-

422 5698 441 5727 ¹
474 5695 589 5756 Alii,
608 5695 850 5748 caudeam
871 5689 1122 5757 seraphim
1142 5688 1306 5757 canis;
1331 5702 1430 5740 non
1450 5688 1599 5741 male.

425 5761 446 5791 ¹
477 5749 692 5818 Quidam,
715 5763 968 5822 antequam
988 5749 1192 5821 'precem
1209 5749 1412 5804 Mittas.

1527 260 1594 316 IN
1632 259 2039 322 MATTHIEUM
2080 265 2307 323 llOMIL.
2351 267 2493 326 XIX.

3569 288 3673 342 978

2092 390 2204 434 tura
2252 390 2391 436 sunt.
2441 382 2550 437 Scit
2598 386 2748 452 enim,
2794 388 2993 458 inquit,
3035 392 3213 462 quibus
3253 411 3380 465 Opus
3425 399 3669 457 trabeatis.

2155 474 2207 527 4.
2241 472 2304 527 In
2333 477 2561 531 oratione
2587 482 3026 546 perseverandum.
3063 485 3189 550 Qua:
3216 489 3278 542 sit
3304 491 3547 546 orationis
3572 497 3674 546 uti-

2084 562 2214 615 litus.
2261 564 2555 635 Adeptiouis
2591 569 2774 624 diuina:
2809 571 3022 641 fructus.
3061 605 3131 614 —
3175 576 3302 633 Post
3341 579 3454 636 haec
3492 594 3670 640 autem

2084 653 2292 707 videtur
2337 658 2464 710 mihi
2513 660 2699 728 longas
2746 663 3016 720 orationes
3066 675 3281 732 vetare;
3329 671 3514 741 longas
3563 692 3668 731 non

2081 749 2322 812 tempore
2346 787 2359 808 ,
2391 747 2485 802 sed
2526 751 2858 810 multitudine
2901 766 2953 808 et
2995 756 3321 826 longitudine
3359 765 3668 822 verborum.

2081 835 2532 894 Perseverandum
2572 843 2714 897 enim
2741 857 2822 899 eSt
2851 847 3037 902 eadem
3070 851 3178 918 ipsa
3227 855 3456 920 petendo
3487 875 3500 911 :
3533 857 3671 911 Ora-

2078 930 2223 996 tioni,
2253 931 2439 1002 inquit,
2464 934 2706 990 instantes
2731 937 2906 1008 (Rom.
2938 941 3024 995 12.
3059 943 3168 1014 12).
3202 945 3265 998 Et
3291 947 3405 1018 ipsc
3425 947 3670 1005 Christus

2078 1023 2324 1092 exemplo
2365 1025 2539 1081 viduze
2563 1069 2577 1092 ,
2619 1046 2736 1098 qua:
2787 1032 3264 1092 immiscrirordem
3302 1049 3356 1095 ct
3396 1044 3665 1098 crudelem

2078 1115 2370 1186 principem
2402 1119 2659 1175 orationis
2691 1121 2936 1177 instantia
2969 1125 3115 1181 ﬂexit
3140 1127 3287 1198 (Luc.
3323 1131 3448 1202 18);
3479 1148 3666 1189 exem-

2076 1207 2271 1277 ploque
2296 1210 2452 1266 amici
2483 1212 2627 1266 illius
2651 1215 2740 1283 qui
2765 1215 3079 1286 intempesta
3107 1230 3262 1276 nocte
3283 1225 3445 1290 venit,
3471 1235 3523 1280 ct
3543 1225 3670 1281 dor-

2077 1299 2327 1354 mientem
2363 1317 2392 1355 a
2426 1301 2563 1357 lecto
2602 1305 2908 1370 suscitavit,
2943 1321 3047 1362 non
3077 1323 3142 1363 ex
3173 1313 3406 1366 amicitia
3429 1354 3443 1375 ,
3475 1314 3569 1369 sed
3598 1331 3666 1371 ex

2076 1393 2468 1458 perseverantia
2497 1392 2644 1463 (Luc.
2678 1396 2768 1465 ll)
2795 1414 2809 1451 :
2835 1396 2964 1450 nihil
2989 1399 3131 1454 aliud
3162 1403 3476 1470 praescribit,
3505 1421 3664 1476 quam

2073 1494 2260 1535 omnes
2287 1482 2382 1552 ipsi
2411 1484 2717 1554 supplicare
2744 1486 2960 1564 assidue
2988 1499 3257 1557 oportere,
3288 1507 3390 1546 non
3423 1508 3518 1562 per
3543 1511 3666 1550 ora-

2075 1570 2271 1626 tionem
2321 1573 2466 1627 mille
2512 1575 2755 1629 versibus
2800 1587 3170 1645 constantem,
3213 1581 3305 1634 sed
3355 1583 3665 1652 simpliciter

2071 1677 2185 1717 rem
2211 1663 2404 1719 cli'erre
2427 1665 2598 1734 jubet.
2631 1667 2758 1722 Illud
2789 1670 2930 1723 enim
2959 1671 3314 1727 subindicavi‘t
3338 1675 3420 1729 his
3443 1679 3620 1733 verbis
3645 1696 3660 1732 :

2075 1752 2268 1809 Putant
2298 1757 2431 1810 enim
2467 1759 2604 1828 quod
2638 1759 2690 1814 in
2728 1760 3048 1830 multiloquio
3083 1779 3176 1817 suo
3216 1766 3572 1824 exaudiantur.
3605 1773 3661 1825 8.

2073 1845 2156 1900 Ne
2180 1848 2370 1903 similes
2396 1861 2548 1904 estote
2572 1852 2692 1907 illis.
2725 1852 2836 1908 Scit
2860 1856 2993 1909 enim
3022 1855 3181 1912 Pater
3207 1869 3363 1914 uester
3384 1862 3508 1931 quid
3527 1866 3663 1920 vobis

2070 1953 2198 2008 opus
2219 1942 2305 2006 sit,
2336 1951 2603 2010 antequam
2626 1945 2688 1998 ab
2714 1946 2802 1999 illo
2838 1949 3040 2017 petatis.
3074 1949 3140 2003 Et
3164 1951 3207 2004 si
3237 1954 3402 2020 novit,
3432 1956 3659 2026 inquies,

2068 2031 2259 2099 quibus
2285 2048 2417 2103 opus
2443 2035 2725 2103 habemus,
2752 2053 2849 2093 cur
2873 2049 3085 2109 oportet
3109 2043 3305 2097 orare?
3324 2044 3437 2100 Νοιι
3461 2055 3518 2102 ιιι
3537 2063 3659 2103 eum

2069 2121 2262 2180 doceas
2283 2167 2298 2191 ,
2331 2127 2422 2181 sed
2453 2139 2512 2181 ut
2540 2128 2778 2185 inﬂectas
2803 2149 2818 2197 ;
2847 2140 2906 2186 ut
2935 2133 3336 2203 supplicationis
3365 2137 3656 2210 frequentia
3709 2189 3725 2200 ,,

2071 2211 2142 2267 illi
2179 2214 2450 2271 familiaris
2487 2220 2681 2274 evadas
2705 2262 2720 2285 ,
2751 2232 2811 2276 ut
2850 2223 3148 2279 humilieris
3172 2266 3188 2291 ,
3221 2234 3278 2280 ut
3318 2239 3656 2296 peccatorum

2069 2315 2278 2360 tuorutn
2306 2309 2622 2366 recorderis.
2656 2311 2710 2367 9.
2741 2312 2829 2368 Sic
2858 2315 3012 2384 igitur
3039 2325 3196 2380 orate,
3231 2317 3304 2372 ait
3333 2337 3347 2372 :
3381 2319 3535 2375 Pater
3561 2341 3655 2378 no-

2065 2408 2168 2451 ster
2182 2399 2271 2470 qui
2290 2415 2342 2453 es
2368 2401 2419 2453 in
2440 2402 2597 2466 ca'lis,
2629 2405 2969 2472 sanctiﬁcatur
3006 2423 3184 2484 nomen
3224 2418 3362 2463 tuum
3395 2411 3490 2482 (a).
3525 2413 3658 2470 Vide

2065 2491 2334 2560 quomodo
2361 2494 2540 2548 statim
2568 2496 2865 2551 auditorem
2893 2499 3062 2554 erexit
3087 2540 3101 2564 ,
3128 2509 3183 2556 et
3210 2517 3370 2557 omne
3411 2503 3654 2561 beneficii

2062 2598 2232 2654 genus
2255 2585 2305 2638 in
2331 2587 2961 2655 procemiismemoravit.
2988 2591 3117 2644 Nam
3140 2594 3228 2661 qui
3253 2593 3461 2648 Patrem
3487 2595 3652 2652 Deum

2063 2675 2388 2745 appellavit,
2429 2687 2483 2732 et
2523 2688 2859 2747 peccatorum
2896 2682 3265 2738 remissionem
3287 2725 3302 2749 ,
3331 2693 3385 2738 et
3410 2687 3652 2756 supplicii

2062 2768 2460 2839 abrogationem
2489 2811 2502 2834 ,
2533 2779 2588 2825 et
2623 2771 2880 2841 justitiam
2907 2814 2921 2838 ,
2956 2783 3010 2828 et
3051 2776 3524 2832 sanctificationem
3553 2821 3566 2841 ,
3598 2792 3654 2834 et

2061 2861 2507 2930 redemptionem,
2540 2872 2591 2917 ct
2625 2863 2855 2918 filiorum
2887 2864 3250 2935 adoptionem,
3283 2877 3338 2921 et
3377 2868 3647 2925 heredita-

2062 2963 2189 3019 tem,
2220 2965 2273 3010 et
2311 2954 2692 3012 fraternitatem
2721 2974 2841 3012 eum
2876 2959 3177 3030 Uuigenito,
3209 2971 3259 3016 el
3290 2964 3520 3030 Spiritus
3548 2965 3650 3019 do-

2061 3062 2148 3114 na,
2178 3047 2277 3102 hac
2300 3063 2403 3101 una
2426 3048 2858 3105 denominationc
2877 3053 3157 3109 confessus
3177 3063 3276 3108 est.
3305 3055 3483 3126 Neque
3503 3057 3648 3112 enim

2062 3139 2226 3194 Deum
2257 3139 2467 3193 Patrem
2497 3141 2615 3209 quis
2644 3142 2915 3210 appellare
2951 3154 3162 3212 potest,
3195 3146 3292 3200 nisi
3326 3146 3440 3202 haec
3467 3150 3647 3204 omnia

2059 3229 2197 3283 bona
2224 3239 2602 3300 consequutus.
2632 3232 2832 3300 Duplici
2861 3232 3020 3302 igitur
3047 3235 3204 3288 modo
3230 3251 3413 3290 eorum
3439 3237 3648 3292 animos

2058 3322 2249 3392 erigit;
2280 3331 2334 3376 et
2371 3338 2436 3377 ex
2475 3323 2728 3392 dignitate
2759 3324 2872 3393 ejus
2906 3341 3064 3394 quem
3109 3327 3315 3383 Patrem
3343 3339 3562 3396 vocant,
3593 3341 3648 3385 et

2057 3429 2122 3468 ex
2150 3413 2515 3484 magnitudine
2543 3429 2750 3476 eorum.
2783 3431 2899 3485 qua:
2928 3431 3203 3485 accepere,
3244 3420 3642 3476 beneficiorum.

2055 3505 2188 3562 Cum
2211 3516 2390 3561 autem
2413 3505 2563 3573 dicit,
2587 3506 2654 3561 In
2678 3508 2834 3575 ccc-lis,
2862 3524 2964 3562 non
2995 3510 3063 3564 ibi
3094 3511 3259 3566 Deum
3290 3511 3392 3569 hoc
3418 3513 3646 3568 dicendo

2055 3596 2362 3664 concludit,
2393 3598 2486 3653 sed
2519 3608 2822 3668 precantem
2851 3599 2915 3654 de
2946 3611 3081 3654 terra
3113 3604 3324 3659 abducit
3348 3646 3360 3667 ,
3389 3617 3440 3660 ct
3469 3606 3521 3660 in
3546 3622 3643 3660 ex-

2055 3690 2211 3744 celsis
2250 3690 2380 3745 loeis
2419 3692 2767 3761 supernisque
2803 3691 3114 3748 habitaculis
3142 3695 3327 3767 affigit.
3361 3697 3524 3753 Docet
3549 3713 3646 3753 au-

2057 3792 2160 3836 tem
2182 3797 2516 3836 communem
2542 3799 2635 3851 pro
2660 3782 2908 3838 fratribus
2925 3786 3218 3842 orationem
3241 3791 3502 3845 en-ittrre.
3523 3790 3641 3847 Non

2055 3874 2196 3928 enim
2224 3873 2388 3936 dicit,
2424 3874 2580 3928 Pater
2609 3891 2760 3929 meus
2781 3917 2793 3932 .
2824 3877 2912 3945 qui
2948 3893 3006 3932 es
3036 3879 3086 3932 itt
3119 3881 3290 3941 ctelis;
3321 3883 3412 3936 sed
3438 3924 3453 3945 ,
3489 3882 3642 3937 Pater

2054 3977 2241 4032 noster,
2268 3982 2363 4036 pro
2387 3969 2654 4021 communi
2683 3983 2909 4037 corpore
2934 3973 3347 4038 supplicationes
3368 3975 3638 4036 amittens.

2056 4075 2155 4114 nec
2180 4074 2427 4128 umquam
2469 4061 2679 4129 prepria
2710 4061 2988 4115 commoda
3018 4072 3298 4132 spectans,
3326 4066 3419 4120 sed
3448 4067 3642 4138 ubique

2053 4154 2301 4224 proximi.
2332 4154 2442 4208 lloc
2468 4163 2643 4208 autem
2677 4155 2838 4209 verbo
2880 4156 3180 4212 inimicitias
3206 4158 3273 4212 de
3301 4159 3476 4215 medio
3506 4161 3642 4216 tollit

2052 4255 2106 4301 et
2129 4245 2483 4315 arrogantiam
2523 4245 2794 4314 reprimit,
2827 4246 3188 4318 invidiamque
3215 4249 3454 4305 eliminat
3479 4268 3492 4318 ;
3520 4267 3637 4308 ma-

2056 4349 2186 4392 trem
2211 4353 2338 4392 vero
2359 4337 2594 4392 omnium
2623 4339 2880 4393 bonorum
2906 4340 3182 4395 caritatem
3207 4343 3428 4410 inducit,
3454 4343 3641 4399 huma-

2053 4444 2349 4498 narumque
2389 4444 2566 4482 rerum
2610 4429 3022 4498 inthualitatem
3054 4433 3301 4501 expellit,
3335 4446 3388 4489 et
3417 4436 3638 4491 multam

2052 4521 2191 4592 regis
2217 4536 2336 4575 cum
2368 4536 2598 4591 paupere
2639 4521 2856 4576 honoris
2882 4523 3236 4592 aequalitatem
3270 4526 3536 4593 ostendit;
3566 4529 3638 4582 sic

2050 4613 2263 4682 quidem
2313 4613 2363 4667 in
2416 4614 2662 4668 maximis
2714 4624 2769 4668 et
2813 4615 3034 4668 omnino
3081 4617 3398 4673 necessariis
3449 4633 3638 4676 omnes

2051 4705 2426 4760 communione
2464 4705 2634 4775 juncti
2669 4719 2872 4759 sumus.
2903 4705 3038 4771 Quid
3065 4707 3207 4759 enim
3240 4710 3542 4764 nocumenti
3569 4727 3638 4767 ex

2052 4807 2262 4854 terrena
2288 4798 2603 4868 cognatione
2625 4839 2640 4861 ,
2671 4812 2791 4851 cum
2819 4797 3110 4852 secundum
3135 4811 3420 4868 supernam
3449 4817 3638 4859 omnes
3676 4804 3683 4810 ’

2114 4953 2186 5066 (:3
2219 4961 2327 5004 Haec
2348 4953 2516 5014 verba,
2552 4958 2696 5002 Pater
2713 4957 2950 5002 noster....
2978 4959 3131 5013 tuum,
3155 4954 3285 5006 tituli
3310 4970 3451 5009 more.
3468 4960 3637 5022 jaceat

2191 5015 2421 5065 itionibus
2443 5013 2730 5064 Commelinl
2767 5019 2821 5064 et
2845 5013 3042 5066 Morelli.
3068 5017 3181 5066 auia
3218 5016 3270 5066 in
3294 5022 3471 5066 Latinis
3493 5022 3637 5066 Editis

2051 5017 2099 5078 in
2124 5013 2421 5078 Editionibus
2443 5013 2730 5078 commelinl
2748 5019 2821 5078 _et
2845 5013 3042 5070 Morelli,
3068 5017 3181 5078 quia
3218 5016 3270 5068 in
3294 5013 3637 5072 Latinis'Editis

2051 5076 2246 5144 homilia
2269 5077 2392 5144 haec,
2410 5075 2788 5144 quasingrzeeis
2815 5075 3145 5144 manuscriptis
3165 5092 3260 5130 una
3278 5085 3422 5144 serie
3441 5083 3636 5144 ponitur

2050 5146 2148 5188 uta
2171 5137 2510 5205 Chrysostoino
2532 5137 2696 5205 habita
2720 5137 2826 5194 fuit,
2846 5137 2898 5186 in
2916 5138 3038 5205 duas
3050 5137 3200 5190 divisa
3221 5143 3326 5191 luit.
3345 5137 3497 5193 latini
3524 5157 3636 5205 por-

2048 5213 2122 5260 ro,
2148 5205 2202 5250 ut
2223 5199 2436 5256 videtur,
2468 5211 2568 5260 quo
2589 5199 2642 5249 in
2671 5212 2814 5249 unam
2844 5202 3121 5251 Orationem
3155 5205 3440 5255 Dominicam
3473 5199 3635 5253 Humi-

2049 5259 2162 5311 liam
2185 5259 2509 5323 Chrysostomi
2527 5260 2783 5326 baberent,
2803 5260 2926 5311 hanc
2943 5263 3139 5326 induas
3159 5276 3324 5326 partes
3345 5266 3632 5321 diviserunt,

2048 5336 2252 5387 quarum
2277 5327 2524 5387 postrema
2555 5323 2794 5372 orationis
2824 5325 3079 5374 Dominica:
3104 5323 3477 5387 explicationem
3492 5337 3633 5387 geom-

2049 5383 2293 5458 plectitur,
2322 5383 2522 5458 et-hanc
2545 5390 2837 5458 postremam
2862 5393 3050 5447 partem
3078 5383 3323 5435 Homiliam
3346 5385 3632 5458 vigesimatn

2047 5445 2426 5508 inscripserunt;
2445 5445 2713 5494 secundum
2734 5445 2882 5508 quem
2902 5454 3458 5508 numerum,sequeutes
3474 5445 3632 5498 homi-

2048 5506 2221 5578 Earum
2237 5508 2427 5578 numeri
2444 5506 2806 5578 conﬁrmantur.
2826 5509 2911 5566 Qui
2926 5507 3246 5578 numeriquia
3264 5506 3301 5578 an
3312 5507 3633 5578 scriptoribus

2049 5567 2369 5631 Chrysostomi
2385 5567 2488 5618 loca
2505 5567 2828 5618 aﬂ‘erentibus
2844 5581 3041 5630 semper
3055 5565 3252 5631 adhibiti
3279 5565 3494 5631 fuerunt,
3507 5579 3632 5630 posu

2049 5629 2199 5694 quam
2217 5629 2427 5694 decimae
2446 5642 2586 5694 none
2608 5643 2745 5680 suam
2777 5629 2963 5680 seriem
2987 5629 3306 5694 restituimus.
3333 5629 3491 5694 posito
3508 5629 3632 5682 vero

2087 5691 2368 5757 enuiuoque
2389 5690 2691 5757 singularum
2705 5703 2927 5757 numero,
2952 5695 3176 5757 veterem
3195 5687 3632 5755 illum'adjectmt's.

2125 5752 2267 5816 empli
2285 5749 2426 5802 causa
2452 5749 2734 5815 z'rigesima,
2751 5749 2813 5799 al.
2839 5750 3062 5814 vigesima
3080 5750 3258 5812 prim.
