4076 6150
439 225 544 280 279

439 340 710 408 conjuncti
733 339 920 405 simus,
936 345 996 392 'et
1017 350 1175 391 nemo
1193 337 1312 406 plus
1335 336 1503 391 altero
1523 334 1790 405 quidpiam
1815 335 2023 400 habeat,

441 449 546 486 non
587 431 734 488 dives
777 445 1043 501 paupere,
1076 444 1181 483 non
1225 429 1384 483 herus
1422 443 1609 493 servo,
1645 443 1749 482 non
1780 429 2030 498 princeps

439 523 687 587 subdito,
720 539 826 576 non
857 538 948 576 rex
993 522 1192 587 milite,
1236 537 1340 577 non
1382 520 1730 591 philosophus
1765 521 2024 587 barbaro,

441 631 540 671 nec
585 614 800 685 sapiens
846 615 1047 668 idiota?
1086 614 1344 668 Omnibus
1375 613 1570 682 quippe
1607 626 1766 667 unam
1811 613 2028 683 largitus

435 719 522 763 est
548 709 875 763 nobilitatem
900 707 939 772 ³,
971 723 1090 762 cum
1121 708 1360 761 omnium
1391 705 1634 760 similiter
1667 705 1824 760 Pater
1849 707 2027 761 vocari

437 800 687 870 dignatus
714 800 802 854 sit.
838 800 1120 868 Postquam
1164 798 1321 867 igitur
1360 798 1497 853 hanc
1537 797 1868 853 nobilitatem
1907 813 2024 853 DIC-

394 923 397 926 -
437 893 706 958 nzoravit,
751 907 956 947 necnon
1005 906 1294 958 supernum
1334 890 1571 956 donum,
1625 890 1842 944 honoris
1889 890 2028 945 inter

433 986 628 1040 fratres
654 985 962 1055 puritatem,
993 982 1450 1053 atque-caritatem
1470 1025 1484 1047 ,
1519 993 1797 1052 postquam
1820 999 1849 1036 a
1883 991 2021 1038 terra

433 1076 650 1132 abduxit
677 1085 729 1130 et
753 1076 884 1130 caelo
906 1073 1095 1140 afﬁxit,
1121 1073 1394 1128 videamus
1415 1073 1539 1144 quid
1564 1073 1816 1144 deinceps
1837 1084 2023 1145 petere

432 1169 611 1237 iubeat
643 1185 656 1222 :
691 1183 810 1221 nam
856 1167 958 1222 hoc
993 1182 1204 1236 quoque
1242 1166 1440 1221 dictum
1481 1167 1658 1221 omnis
1687 1167 1896 1223 virtutis
1921 1167 2020 1223 do-

431 1259 656 1312 ctrinam
680 1260 914 1314 inserere
938 1260 1096 1313 valet.
1113 1258 1244 1312 Nam
1265 1258 1354 1328 qui
1374 1259 1580 1314 Patrem
1600 1260 1808 1313 vocavit
1826 1259 2018 1328 Deum,

430 1361 482 1403 et
522 1350 741 1404 Patrem
764 1365 1102 1405 communem
1125 1391 1140 1415 ,
1177 1349 1297 1419 jure
1332 1351 1487 1405 talem
1529 1351 1780 1407 exhibeat
1817 1353 1979 1407 vitam
2002 1396 2015 1420 ,

431 1459 532 1511 qua
572 1443 673 1498 hac
716 1444 1031 1498 nobilitate”
1076 1443 1321 1511 indignus
1373 1458 1476 1497 non
1519 1443 1791 1508 videatur,
1832 1454 1888 1499 et
1927 1461 2020 1515 par

428 1535 572 1586 dono
607 1534 841 1588 studium
881 1543 1119 1604 pra‘stet.
1153 1534 1346 1587 Verum
1383 1533 1487 1588 huc
1523 1549 1626 1588 non
1659 1545 1740 1590 sat
1779 1536 1852 1590 illi
1880 1535 2016 1604 fuit;

429 1624 521 1678 sed
552 1624 695 1678 aliud
727 1625 873 1678 addit
898 1627 964 1679 ita
992 1627 1213 1694 loquens
1239 1643 1250 1680 :
1276 1626 1632 1692 Sanctiﬁcetur
1653 1645 1831 1682 nomen
1854 1637 2014 1682 tuum.

429 1718 594 1785 Digna
617 1719 852 1788 precatio
876 1719 992 1788 ejus
1017 1720 1104 1788 qui
1137 1721 1300 1772 neum
1330 1728 1483 1773 vocat
1502 1719 1712 1775 Patrem
1736 1719 1779 1786 ³,
1807 1729 1858 1774 ιιι
1884 1721 2016 1775 nihil

429 1819 575 1878 petat
605 1819 728 1865 ante
756 1810 929 1865 Patris
957 1812 1177 1880 gloriam
1204 1854 1218 1875 ,
1245 1811 1342 1865 sed
1385 1813 1561 1866 omnia
1594 1823 1877 1883 postponat
1903 1814 2017 1884 ejus

425 1903 690 1958 laudibus.
722 1902 854 1957 Illud
881 1904 1044 1965 enim,
1075 1903 1455 1971 δαῖτα-τρεέτην,
1479 1903 1587 1959 hoc
1612 1904 1710 1959 sibi
1744 1906 1875 1971 vult,
1904 1906 2018 1976 glo-

423 1995 683 2050 riﬁcetur.
715 1994 826 2050 Sibi
861 2010 1089 2065 namque
1124 1997 1396 2065 prepriam
1437 1995 1592 2049 habet
1631 1995 1856 2065 gloriam
1901 1998 2014 2065 ple-

423 2104 569 2154 nam,
594 2089 671 2142 sic
699 2104 912 2158 semper
940 2097 1262 2142 manentem.
1291 2086 1544 2142 Orantem
1572 2102 1699 2142 vero
1719 2088 1870 2157 jubet
1895 2104 2015 2158 pre-

420 2181 570 2243 cari,
603 2188 780 2249 ut‘per
812 2180 970 2234 vitam
1004 2191 1240 2234 neatram
1281 2179 1608 2248 glorilicetur
1641 2197 1654 2234 :
1681 2179 1822 2250 quod
1852 2181 2011 2234 etiam

419 2289 578 2341 supra
608 2273 820 2326 dicebat
854 2291 866 2326 :
896 2271 1081 2326 Luceat
1113 2274 1201 2326 tua:
1223 2282 1384 2326 vestra
1410 2289 1581 2326 coram
1610 2273 1893 2327 hominibus
1911 2315 1924 2339 ,
1959 2284 2011 2328 ut

418 2365 618 2418 rideant
643 2381 796 2434 Opera
823 2368 954 2418 bona
975 2373 1158 2430 vestra,
1183 2374 1229 2416 et
1254 2363 1538 2434 gloriﬁcent
1567 2363 1773 2418 Patrem
1795 2377 2012 2420 vestrum

417 2457 502 2524 qui
527 2457 579 2509 in
609 2457 746 2510 caelis
771 2465 842 2508 est
870 2455 1083 2524 (Matth.
1110 2455 1166 2510 5.
1200 2455 1286 2524 I6)
1336 2454 1468 2508 Nam
1497 2453 1777 2524 Seraphini
1803 2455 2007 2525 gloriﬁ-

416 2561 600 2602 cantes
632 2549 817 2613 Deum,
849 2548 927 2603 sic
962 2547 1209 2603 dicebant
1238 2564 1250 2600 :
1280 2547 1522 2614 Sanctus,
1552 2557 1776 2614 sanctus,
1805 2559 2008 2604 sanctus

417 2640 566 2694 tlsai.
599 2643 651 2694 6.
684 2640 760 2711 5).
793 2640 970 2710 Itaque
1003 2638 1150 2702 illud,
1183 2639 1565 2708 Sanctiﬁcetur,
1599 2639 1648 2693 id
1673 2647 1774 2705 est,
1805 2640 2006 2709 gloriﬁ-

414 2743 582 2786 eetur.
609 2731 826 2802 Largire
856 2731 1010 2785 nobis
1029 2772 1044 2797 ,
1076 2731 1276 2800 inquit,
1307 2741 1364 2784 ut
1391 2732 1462 2785 ita
1490 2746 1620 2800 pure
1648 2732 1919 2798 vivamus,
1949 2740 2008 2786 ut

414 2828 509 2892 per
534 2839 628 2878 nos
657 2831 708 2876 tc
736 2837 922 2876 omnes
949 2822 1268 2892 gloriﬁcent.
1299 2822 1354 2877 Id
1381 2822 1521 2893 quod
1552 2839 1734 2878 rursus
1762 2822 2003 2894 philoso-

413 2912 550 2982 phia:
575 2922 656 2967 est
681 2912 950 2982 perfectae,
975 2915 1136 2968 vitam
1163 2915 1234 2969 ita
1259 2913 1781 2983 irrcprehensibilcm
1810 2915 1864 2970 in
1890 2931 2006 2971 om—

411 3005 572 3058 nibus
595 3005 850 3059 exhihcre
873 3046 887 3069 ,
923 3014 980 3060 ut
1018 3005 1260 3061 videntes
1299 3007 1491 3077 singuli
1537 3008 1766 3062 Domino
1795 3022 1891 3077 pro
1921 3007 2004 3062 bis

410 3097 622 3152 laudem
646 3097 901 3152 referant.
933 3097 1018 3153 10.
1047 3098 1293 3152 Adveniat
1315 3115 1524 3170 regnum
1550 3110 1710 3154 tuum.
1736 3099 1848 3154 Hoc
1870 3114 2001 3169 quo-

409 3207 513 3261 que
549 3191 684 3261 grati
719 3191 976 3262 probique
1004 3191 1095 3245 ﬁlii
1126 3191 1326 3248 dictum
1367 3203 1449 3247 est
1473 3235 1487 3259 ,
1521 3193 1611 3263 qui
1651 3209 1756 3248 non
1802 3193 2003 3249 haereat

408 3284 564 3339 rebus
592 3284 692 3337 sub
717 3293 991 3354 aspectum
1015 3284 1349 3352 cadentibus,
1377 3300 1549 3356 neque
1577 3287 1857 3355 praesentia
1886 3301 1999 3340 ma-

406 3377 491 3445 gni
523 3375 798 3446 quidpiam
825 3391 944 3431 esse
978 3385 1154 3446 putet;
1184 3376 1278 3431 sed
1305 3375 1373 3431 ad
1405 3387 1607 3446 patrem
1637 3392 1850 3447 semper
1879 3387 1997 3433 ten-

405 3468 527 3531 dat,
561 3478 614 3522 et
650 3468 824 3522 futura
861 3478 1136 3538 exSpectet
1161 3510 1174 3532 ,
1205 3468 1347 3538 quod
1386 3484 1451 3524 ex
1493 3471 1820 3525 conscientia
1858 3471 1996 3526 bona

404 3559 597 3620 oritur,
631 3566 684 3612 et
709 3574 775 3613 ex
805 3559 980 3612 anima
1008 3575 1035 3612 a
1069 3560 1294 3613 terrenis
1324 3558 1483 3614 rebus
1511 3561 1781 3629 expedita.

475 3651 528 3704 5.
551 3650 832 3704 Adventum
853 3651 996 3720 regni
1017 3649 1115 3704 Dei
1133 3650 1382 3720 quomodo
1404 3651 1758 3705 desideraverit
1776 3649 1991 3707 Paulus.

411 3739 586 3795 Virtus
610 3757 710 3794 non
732 3757 794 3794 ea:
809 3741 977 3794 studio
999 3749 1168 3794 nostro
1185 3748 1400 3805 tantum,
1419 3742 1510 3794 sed
1529 3741 1675 3794 etiam
1693 3758 1756 3796 ex
1774 3758 1996 3812 superna

403 3833 568 3904 gratia
595 3833 792 3901 pendet.
816 3864 881 3872 —
902 3832 1013 3888 lIoc
1039 3833 1178 3887 enim
1206 3833 1403 3888 Paulus
1431 3834 1652 3903 singulis
1679 3834 1867 3890 diebus
1895 3835 1992 3890 de-

402 3924 666 3978 siderabat
685 3967 698 3988 ,
741 3924 965 3994 ideoque
991 3923 1202 3980 dicebat
1233 3941 1246 3977 :
1277 3922 1346 3977 Et
1375 3924 1474 3993 ipsi
1512 3925 1760 3992 primitias
1787 3926 1995 3993 spiritus

402 4021 635 4076 habentes
687 4022 1094 4091 iugemiscimus,
1150 4021 1472 4090 adaptionem
1531 4021 1750 4087 ﬁliorum
1817 4038 1993 4093 exspe-

400 4123 625 4177 ctantes,
673 4112 1066 4184 redemptionem
1113 4111 1340 4182 corporis
1382 4113 1540 4165 nostri
1588 4111 1762 4181 (Rom.
1793 4111 1846 4167 8.
1875 4111 1988 4183 25).

398 4207 497 4273 Qui
542 4207 683 4261 enim
716 4204 818 4259 hoc
847 4220 1029 4259 amore
1071 4215 1256 4272 captus
1293 4214 1408 4268 est,
1457 4219 1630 4274 neque
1671 4203 1829 4274 hujus
1868 4204 1990 4260 vitae

398 4297 553 4351 bonis
581 4297 752 4351 inﬂari
783 4305 975 4366 potest,
1007 4311 1179 4365 neque
1206 4296 1367 4350 rebus
1396 4295 1635 4350 adversis
1664 4295 1821 4366 dejici
1852 4313 1866 4350 :
1895 4296 1992 4352 sed

397 4407 459 4444 ac
486 4392 529 4447 si
563 4391 616 4444 in
641 4389 785 4444 caelis
810 4396 1134 4452 versaretur,
1160 4387 1227 4443 ab
1255 4397 1478 4457 utraque
1506 4387 1607 4442 hac
1635 4387 1992 4459 inaequalitate

399 4482 650 4536 immunis
676 4489 780 4535 est.
809 4478 929 4532 Fiat
952 4480 1182 4532 voluntas
1206 4487 1288 4531 tua
1320 4479 1448 4532 sicut
1475 4479 1526 4532 in
1555 4477 1677 4532 caelo
1695 4487 1741 4532 et
1761 4479 1814 4532 in
1834 4487 1986 4534 terra.

405 4573 645 4628 Vidistin‘
675 4572 931 4641 optimam
962 4570 1193 4624 seriem?
1220 4569 1378 4623 Jussit
1412 4570 1554 4623 enim
1585 4567 1759 4623 lutura
1789 4584 1990 4624 concu-

397 4665 626 4733 piscere,
658 4673 710 4717 et
738 4662 804 4717 ad
832 4662 970 4715 illam
994 4660 1475 4732 peregrinationem
1504 4658 1755 4715 festinare
1779 4676 1792 4712 :
1815 4659 1990 4716 donec

398 4767 574 4812 autem
608 4759 659 4812 id
687 4757 923 4819 eveniat,
956 4755 1041 4810 hic
1066 4755 1322 4825 degentes
1346 4768 1555 4819 curare,
1584 4761 1641 4808 ut
1669 4767 1766 4823 par
1789 4754 1986 4810 caelesti

399 4849 608 4901 vivendi
653 4863 822 4918 genus
849 4847 1214 4902 exhibeamus.
1248 4845 1379 4899 Nam
1407 4844 1594 4898 caelum
1624 4844 1837 4915 quidem
1859 4887 1872 4911 ,
1902 4845 1987 4899 in-

397 4940 531 5010 quit,
565 4948 616 4992 et
641 4939 870 4992 ea-lestia
898 4939 1335 5009 concupiscamus
1365 4945 1575 5006 Oportet
1595 4956 1607 4990 :
1627 4936 1719 4993 sed
1753 4945 1806 4992 et
1831 4946 1986 4992 ante-

396 5046 556 5103 quam
607 5031 661 5084 in
701 5029 895 5084 Acacium
941 5031 1328 5099 concedamus,
1375 5047 1440 5085 ex
1492 5040 1630 5086 terra
1670 5030 1858 5085 caelum
1889 5044 1985 5084 nos

461 5187 478 5217 ί
516 5181 700 5248 March,
725 5193 870 5230 unam
895 5181 1094 5248 largitus
1107 5189 1178 5233 est
1198 5184 1544 5248 cognationem;
1568 5185 1726 5233 minus
1743 5188 1896 5232 recte.

461 5250 480 5278 ²
516 5243 702 5301 March,
736 5243 1026 5306 cognatione.

461 5310 482 5341 ³
523 5325 546 5354 α
564 5304 897 5379 sancti/icium
921 5318 1093 5355 nomen
1096 5310 1312 5379 deum.»
1347 5305 1503 5369 Digna
1531 5306 1871 5379 precatio-ejus
1903 5304 1986 5367 qui

399 5379 554 5421 Deum
577 5367 778 5420 invocat.
803 5369 877 5418 sic
900 5380 1074 5417 omnes
1096 5367 1213 5417 Editi
1238 5376 1290 5417 et
1311 5367 1621 5431 manuscripti
1645 5367 1846 5431 Codices
1864 5380 1985 5431 proe-

396 5441 476 5483 ter
502 5444 613 5503 eum
637 5444 735 5503 quo
753 5443 872 5492 usus
889 5438 966 5503 est
997 5431 1234 5503 Georgius
1245 5427 1612 5503 Trapetuntiu's,
1631 5429 1718 5503 qui
1741 5427 1980 5503 ita‘legit;

393 5491 724 5556 Sancti/icetur
735 5491 906 5543 tamen
916 5499 1072 5556 tuum.
1090 5491 1453 5556 Dignapro'rsns
1464 5502 1520 5539 eo
1529 5491 1612 5552 qui
1623 5492 1780 5539 Deum
1794 5497 1985 5556 tfatrem

395 5551 654 5616 appellarit
684 5557 854 5606 oratio.
880 5554 1060 5605 Placuit
1083 5551 1205 5617 ergo
1225 5551 1295 5602 illi
1325 5551 1473 5624 lectio
1491 5551 1793 5624 Graeca,un
1813 5551 1980 5609 habet,

391 5613 474 5725 ῗέίά
501 5633 563 5721 ws]
575 5629 636 5667 an.
668 5629 756 5668 om
775 5631 917 5682 Βατίρα
933 5631 1125 5675 imam,
1140 5613 1165 5677 ἦ
1178 5628 1260 5680 εὐχή
1275 5655 1287 5676 ,
1315 5619 1365 5666 et
1385 5622 1476 5677 est,
1494 5613 1658 5677 procul
1681 5613 1845 5672 dubio,
1859 5624 1982 5675 pra:-

413 5692 550 5725 tfl'L‘llL
567 5691 612 5725 3.

413 5691 612 5725 εξγυιιίιᾶ.

1169 220 1227 275 S.
1268 219 1543 277 JOANNIS
1579 219 2059 279 CIIRYSOSTOMI
2095 223 2414 282 ARCHIEP.
2450 227 2982 288 CONSTANTINOP.

3621 238 3729 293 280

2142 336 2317 394 facere
2352 337 2534 409 jubet,
2581 351 2636 398 et
2662 344 2716 398 in
2749 352 2890 399 terra
2922 352 3198 401 versantes
3225 359 3288 400 ac
3315 348 3358 402 si
3389 347 3444 402 in
3470 348 3600 404 caelo
3629 350 3726 405 de-

2137 443 2386 498 geremus
2409 471 2425 500 ,
2473 431 2550 488 sic
2578 434 2754 489 omnia
2798 435 2976 492 facere
3014 445 3071 492 et
3109 437 3309 503 dicere,
3340 449 3502 510 atque
3528 438 3630 496 hac
3658 441 3725 497 de

2136 536 2295 576 causa
2322 523 2603 580 Dominum
2632 529 2834 597 precari
2861 539 3131 599 oportere.
3161 531 3303 588 Nihil
3329 535 3473 591 enim
3505 537 3726 608 impedit

2136 615 2441 682 quominus,
2474 618 2573 672 etsi
2618 619 2669 673 in
2714 629 2855 676 terra
2886 621 3220 689 habitemus,
3265 625 3330 680 ad
3371 641 3724 696 super-narum

2137 703 2390 760 virtutum
2419 707 2752 764 sedulitatem
2790 726 2853 765 ac
2890 711 3217 782 diligentiam
3247 716 3566 786 attingamus
3591 737 3604 774 :
3628 720 3730 774 sed

2136 808 2420 864 possumus
2442 796 2531 852 hic
2561 798 2860 858 habitantes
2881 845 2895 867 ,
2925 805 3078 873 quasi
3103 805 3212 874 jam
3240 807 3290 859 in
3319 807 3456 862 caelo
3479 823 3723 866 essemus

2134 889 2310 942 omnia
2329 889 2524 947 facere.
2539 891 2689 959 Quod
2707 894 2863 964 igitur
2889 895 3038 961 dicit,
3065 897 3366 968 hujusmodi
3391 909 3501 957 est:
3516 903 3720 970 Quem-

2132 979 2418 1037 admodum
2449 983 2518 1038 ibi
2553 986 2730 1040 omnia
2761 987 2876 1041 sine
2919 987 3303 1058 impedimento
3331 992 3500 1058 ﬁunt,
3547 1009 3722 1065 neque

2130 1071 2305 1138 angeli
2351 1073 2510 1128 modo
2549 1075 2796 1141 audiunt,
2843 1077 3005 1134 modo
3026 1078 3174 1150 jussa
3213 1091 3590 1150 contemnunt,
3626 1086 3720 1141 sed

2131 1160 2185 1214 in
2217 1163 2462 1218 omnibus
2488 1165 2685 1221 cedunt
2709 1176 2761 1222 et
2783 1169 3176 1240 obsequuntur;
3209 1190 3332 1230 nam
3358 1176 3453 1244 ait,
3475 1176 3720 1236 Potentes

2128 1253 2324 1318 virtute,
2349 1254 2586 1323 facientes
2609 1259 2807 1312 verbum
2828 1260 2965 1316 illius
2982 1260 3153 1333 (Psal.
3178 1263 3294 1319 I02.
3315 1264 3408 1338 20)
3429 1269 3537 1325 :sic
3554 1270 3717 1326 etiam

2130 1345 2285 1400 nobis
2309 1346 2613 1404 hominibus
2633 1350 2825 1421 largire
2847 1361 2903 1407 ut
2925 1369 3030 1408 non
3057 1369 3121 1410 ex
3144 1355 3366 1413 dimidio
3387 1359 3716 1417 voluntatem

2130 1443 2272 1489 tuam
2304 1435 2591 1504 faciamus,
2634 1440 2726 1497 sed
2768 1442 2945 1498 omnia
2976 1452 3033 1499 ut
3056 1445 3136 1501 vis
3165 1446 3500 1516 impleamus.
3533 1450 3702 1508 Viden

2127 1527 2392 1593 quomodo
2421 1529 2665 1586 modeste
2693 1546 2850 1602 agere
2876 1533 3066 1590 doceat
3085 1575 3102 1602 ,
3149 1538 3436 1594 ostendens
3465 1541 3717 1598 virtutem

2126 1632 2231 1672 non
2259 1633 2324 1672 ex
2356 1629 2540 1675 nostro
2581 1623 2758 1678 studio
2788 1633 2988 1680 tantum
3010 1667 3024 1692 ,
3073 1625 3171 1682 sed
3201 1631 3362 1684 etiam
3388 1647 3456 1686 ex
3483 1647 3713 1704 superna

2126 1712 2293 1781 gratia
2324 1712 2594 1781 pendere?
2622 1714 2860 1787 Itemque
2897 1719 3059 1775 totius
3087 1722 3233 1777 orbis
3259 1725 3671 1781 sollicitudinem
3698 1769 3713 1790 ,

2125 1816 2222 1856 nos
2243 1805 2329 1872 qui
2357 1819 2572 1859 oramus
2595 1807 2834 1878 singulos
2858 1825 3047 1880 gerere
3073 1812 3330 1882 przecipit.
3358 1813 3542 1885 Neque
3567 1818 3711 1872 enim

2123 1891 2288 1960 dixit,
2338 1895 2455 1951 Fiat
2500 1897 2743 1954 voluntas
2775 1909 2859 1954 tua
2904 1901 2956 1955 in
2987 1917 3100 1966 me,
3145 1912 3234 1958 aut
3261 1905 3312 1958 in
3349 1905 3533 1972 nobis;
3581 1907 3712 1972 sed,

2124 1984 2331 2055 Ubique
2365 1995 2624 2043 terrarum
2647 2031 2661 2055 ,
2691 1999 2749 2045 ut
2791 2007 2941 2046 error
2969 1993 3227 2049 avellatur
3254 2005 3307 2051 et
3350 1997 3545 2054 veritas
3570 1997 3708 2053 inse-

2123 2089 2301 2144 ratur,
2333 2081 2613 2151 omnisque
2643 2084 2872 2154 nequitia
2898 2085 3204 2141 eliminetur
3226 2128 3241 2154 ,
3273 2089 3441 2144 virtus
3470 2101 3712 2144 reverta-

2123 2177 2225 2233 tur,
2257 2180 2417 2240 atque
2445 2172 2495 2226 in
2520 2173 2604 2226 illa
2627 2174 2846 2229 colenda
2869 2175 3000 2231 nihil
3023 2175 3274 2246 deinceps
3291 2178 3499 2234 dill'erat
3518 2179 3708 2234 cadum

2119 2277 2147 2314 a
2181 2271 2341 2320 terra.
2379 2263 2511 2317 Nam
2554 2265 2599 2318 si
2643 2265 2770 2319 illud
2811 2266 2929 2332 ﬁat,
2977 2269 3174 2338 inquit,
3224 2269 3354 2324 nihil
3383 2285 3609 2340 superna
3639 2272 3711 2326 ah

2121 2354 2462 2411 inferioribus
2491 2355 2901 2428 discrepabunt,
2950 2362 3157 2417 etiamsi
3206 2372 3390 2417 natura
3422 2363 3706 2427 diﬁ'erant,

2119 2462 2240 2501 cum
2285 2449 2488 2504 scilicet
2516 2451 2734 2520 angelos
2765 2452 2899 2506 alios
2931 2454 3084 2508 nobis
3117 2465 3255 2509 terra
3287 2455 3576 2511 exhibebit.
3613 2457 3672 2512 Η
3692 2497 3705 2510 .

2119 2536 2314 2592 Panem
2344 2551 2569 2594 nostr-um
2596 2543 2940 2612 quotidianum
2971 2546 3038 2597 da
3063 2547 3203 2602 nobis
3229 2547 3395 2602 hodie.
3424 2546 3561 2614 Quid
3587 2557 3669 2604 est
3687 2589 3705 2613 ,

2115 2629 2312 2684 Panem
2365 2637 2635 2686 ἐπιούσιονϊ
2679 2633 2732 2687 Id
2778 2643 2898 2698 cst,
2943 2636 3329 2705 quotidianum.
3378 2638 3513 2707 Quia
3557 2641 3703 2694 enim

2112 2723 2357 2791 dixerat,
2389 2723 2509 2778 Fiat
2536 2726 2766 2780 voluntas
2791 2736 2877 2781 tua
2897 2770 2911 2794 ,
2955 2730 3084 2783 sicut
3128 2732 3179 2784 in
3218 2732 3343 2786 creto
3371 2743 3417 2786 et
3446 2735 3498 2788 in
3529 2744 3660 2788 terra
3684 2753 3705 2789 :

2114 2813 2464 2887 hominesque
2493 2817 2866 2888 alloquebatur
2894 2835 3055 2876 carne
3085 2823 3297 2879 indutos
3321 2867 3337 2892 ,
3375 2835 3429 2882 et
3459 2829 3699 2883 necessi-

2113 2907 2203 2959 tati
2234 2915 2435 2961 natura:
2461 2908 2746 2978 subjectos,
2778 2912 2866 2981 qui
2897 2929 3001 2967 non
3035 2914 3241 2983 possint
3263 2917 3505 2973 eamdem
3537 2934 3699 2990 quam

2109 2997 2280 3065 angeli
2313 2997 2790 3067 impassibilitatem
2819 3001 3050 3059 habere:
3074 3016 3332 3076 prater-pta
3361 3008 3574 3077 quidem
3598 3025 3702 3065 nos

2109 3089 2332 3159 exsequi
2368 3079 2552 3159 jubet,
2597 3093 2818 3161 perinde
2842 3104 3002 3166 atque
3041 3111 3103 3150 ea
3129 3096 3352 3166 implent
3377 3108 3432 3154 et.
3459 3099 3565 3166 illi;
3599 3102 3697 3156 sed

2109 3181 2402 3238 inﬁrmitati
2431 3197 2634 3240 natura:
2663 3185 2920 3259 deinceps
2967 3203 3088 3244 sese
3128 3192 3512 3248 accommodat.
3559 3194 3695 3249 Nam

2105 3276 2434 3346 diligentiam
2455 3320 2470 3344 ,
2514 3280 2711 3350 inquit,
2751 3281 2802 3334 iu
2834 3282 2956 3336 vitm
2988 3283 3228 3338 instituto
3257 3298 3437 3352 parem
3465 3298 3692 3356 expeto,

2105 3367 2196 3421 sed
2234 3383 2336 3422 non
2377 3369 2890 3439 impassibilitatem;
2937 3387 3108 3442 neque
3152 3374 3292 3429 enim
3339 3375 3390 3430 id
3437 3378 3696 3445 permittit

2103 3469 2307 3516 naturae
2353 3462 2590 3532 tyrannis
2616 3481 2627 3515 :
2653 3477 2788 3533 Opus
2825 3465 2965 3520 enim
3017 3466 3173 3521 habet
3209 3469 3512 3524 necessario
3546 3470 3689 3528 cibo.

2103 3549 2182 3604 Tu
2209 3566 2337 3606 vero
2367 3552 2494 3606 mihi
2526 3554 2834 3610 consideres
2875 3556 3034 3610 velim
3063 3599 3078 3624 ,
3119 3559 3278 3613 etiam
3312 3559 3364 3614 in
3393 3562 3692 3630 corporali-

2101 3643 2201 3698 bus
2233 3644 2515 3714 plurimum
2545 3647 2932 3714 spiritualitatis
2975 3651 3173 3705 inesse.
3207 3650 3389 3722 Neque
3416 3655 3559 3707 enim
3592 3669 3692 3723 pro

2101 3742 2362 3810 pecuniis,
2396 3757 2567 3812 neque
2598 3759 2692 3812 pro
2715 3743 2939 3811 deliciis,
2969 3760 3138 3814 neque
3165 3761 3259 3814 pro
3283 3747 3510 3802 vestium
3536 3762 3689 3802 sum-

2101 3833 2298 3901 ptihus,
2349 3835 2429 3888 vel
2477 3848 2572 3903 pro
2615 3834 2719 3888 alio
2763 3837 3010 3906 quopiam
3055 3836 3249 3904 simili,
3299 3837 3393 3892 sed
3425 3852 3523 3908 pro
3553 3853 3691 3907 pane

2101 3934 2305 3978 tantum
2339 3925 2498 3995 jussit
2538 3927 2832 3982 orationem
2876 3928 3079 3991 emitti,
3123 3937 3178 3984 et
3221 3943 3316 4000 pro
3345 3945 3479 4000 pane
3507 3931 3689 4000 quoti-

2099 4017 2278 4082 diano,
2313 4019 2384 4073 ita
2417 4028 2471 4074 ut
2500 4018 2567 4074 de
2593 4022 2829 4075 crastino
2864 4023 3075 4077 solliciti
3107 4041 3212 4078 non
3239 4025 3428 4082 simus.
3457 4026 3688 4098 Ideoque

2099 4109 2322 4176 addidit,
2354 4108 2547 4163 Panem
2570 4116 2823 4175 ἐπιούσιον,
2873 4113 2922 4166 id
2949 4121 3051 4181 est,
3083 4115 3470 4185 quotidianum.
3502 4117 3688 4186 Neque

2100 4199 2204 4255 hoc
2231 4209 2514 4256 contentus
2539 4200 2640 4256 fuit
2671 4202 2834 4257 verbo
2856 4245 2871 4270 ,
2913 4204 3005 4258 sed
3035 4213 3090 4259 et
3129 4205 3269 4260 aliud
3311 4206 3555 4274 addidit,
3603 4206 3686 4261 Da

2098 4291 2240 4346 nobis
2263 4292 2429 4358 hodie,
2465 4293 2534 4346 ita
2561 4301 2618 4346 ut
2644 4307 2749 4347 non
2772 4293 3008 4349 ulteriori
3033 4295 3137 4350 diei
3164 4297 3412 4352 crastina:
3435 4312 3562 4352 cura
3588 4312 3687 4352 nos

2101 4392 2464 4454 torqueamus.
2490 4382 2656 4454 Cujus
2680 4384 2821 4438 enim
2866 4384 2969 4440 diei
3019 4388 3194 4441 nescis
3233 4403 3302 4442 an
3344 4389 3573 4460 spatium
3603 4388 3684 4443 vi-

2097 4489 2254 4530 surus
2279 4476 2354 4530 sis
2371 4516 2384 4539 ,
2422 4489 2519 4530 cur
2545 4475 2955 4530 sollicitudinem
2988 4475 3191 4534 habes?
3219 4478 3332 4533 Hoc
3357 4479 3602 4549 pluribus
3632 4479 3683 4534 in

2096 4566 2441 4636 sequentibus
2487 4566 2725 4636 praecipit
2759 4566 2940 4622 dicens
2975 4587 2987 4621 :
3025 4567 3199 4624 Nolite
3241 4570 3441 4624 solliciti
3479 4587 3585 4626 esse
3629 4571 3682 4624 in

2096 4659 2372 4711 crastinum
2397 4657 2612 4727 (Matth.
2633 4657 2686 4713 6.
2705 4657 2815 4728 54).
2841 4659 2960 4713 Vult
2985 4661 3123 4714 enim
3151 4677 3247 4716 nos
3274 4677 3485 4732 semper
3504 4664 3681 4718 accin-

2095 4758 2212 4804 ctos
2239 4757 2295 4802 ct
2320 4749 2468 4818 quasi
2491 4751 2556 4804 ad
2584 4749 2818 4804 volatum
2845 4751 3120 4820 expeditos
3149 4767 3290 4816 esse,
3317 4761 3518 4806 tantum
3545 4768 3680 4807 con-

2095 4839 2352 4896 cedentes
2380 4848 2600 4906 natum,
2624 4851 2880 4909 quantum
2932 4842 3221 4896 necessitas
3249 4858 3276 4894 a
3309 4842 3462 4897 nobis
3496 4842 3680 4912 exigit.

2097 4929 2301 4985 Deinde
2326 4930 2449 5000 quia
2475 4930 2768 5000 contingit,
2815 4931 2975 4985 etiam
3007 4944 3125 5000 post
3155 4932 3421 4988 lavacrum
3453 4948 3687 5004 regene-

2095 5024 2335 5084 rationis,
2361 5032 2417 5076 ut
2444 5039 2724 5093 peccemus
2753 5041 2767 5077 :
2793 5025 3010 5079 multam
3038 5025 3124 5081 hic
3142 5041 3355 5096 quoque
3385 5027 3682 5095 benignita-

2095 5126 2200 5171 tem
2229 5116 2489 5170 exhibens
2513 5157 2528 5181 ,
2567 5115 2717 5184 jubet
2765 5131 2859 5185 pro
2905 5128 3239 5186 peccatorum
3269 5119 3583 5174 remissione
3613 5117 3680 5170 ad

2096 5206 2495 5262 misericordem
2531 5205 2696 5259 Deum
2725 5206 3002 5270 accedere,
3032 5217 3086 5262 et
3115 5209 3192 5262 sic
3221 5208 3401 5263 dicere
3426 5228 3439 5262 :
3465 5206 3550 5261 12.
3581 5205 3681 5259 Di-

2094 5298 2231 5352 mitte
2270 5297 2409 5351 nobis
2435 5296 2600 5350 debita
2626 5307 2796 5352 nostra
2818 5338 2833 5364 ,
2863 5299 2990 5352 sicut
3021 5310 3067 5353 et
3093 5316 3184 5354 nos
3213 5300 3512 5353 dimittimus
3538 5296 3679 5351 debi-

2093 5389 2281 5443 toribus
2304 5389 2504 5442 nostris.
2537 5388 2780 5444 Vidistin’
2808 5392 3186 5448 misericordia:
3212 5393 3524 5450 cumulum?
3552 5391 3683 5446 Post

2095 5488 2172 5533 tot
2197 5478 2402 5532 sublata
2431 5480 2587 5544 inata,
2625 5489 2743 5550 post
2773 5481 3090 5538 inell'abilcm
3121 5483 3382 5540 donorum
3415 5483 3680 5554 magnitu-

2091 5570 2288 5634 dinem,
2315 5586 2523 5624 rursum
2553 5581 2833 5640 peccantes
2863 5575 3014 5628 venia
3043 5575 3307 5646 dignatur.
3326 5575 3475 5642 Quod
3502 5586 3682 5629 autem

2098 5661 2213 5717 haec
2240 5663 2408 5719 oratio
2433 5662 2670 5723 ﬁdelibus
2697 5675 2983 5738 competat,
3013 5667 3157 5740 leges
3185 5668 3436 5726 Ecclesiae
3464 5666 3678 5732 docent,
