4076 6150
356 283 450 338 981

346 418 446 458 ree
463 412 568 457 non
595 396 853 453 orationis
882 393 1178 450 exordium.
1212 393 1458 448 Nondum
1487 394 1684 465 quippe
1707 392 1942 448 initiatus

353 507 459 546 non
491 500 665 563 potest
692 490 860 546 Deum
887 504 1078 544 vocare
1107 490 1344 545 Patrem.
1387 488 1442 544 Si
1482 487 1661 560 itaque
1695 486 1945 542 fidelibus

356 582 470 637 haec
497 582 754 652 competit
782 581 988 646 oratio,
1039 589 1298 650 orantque
1336 579 1604 649 supplices
1645 587 1703 632 ut
1731 586 1945 648 peccata

355 674 458 729 sibi
479 673 814 728 dimittantur
839 691 853 726 :
882 673 1002 728 hinc
1025 672 1194 742 palam
1220 680 1320 737 est,
1343 687 1514 742 neque
1539 680 1659 741 post
1679 670 1944 725 lavacrum

355 763 466 818 tolli
496 763 824 833 paenitentia:
856 763 1082 818 lucrum.
1124 763 1234 817 Nisi
1278 763 1419 816 enim
1453 761 1553 817 hoc
1579 761 1946 816 demonstrare

353 856 543 920 vellet,
591 871 696 910 non
743 871 874 910 sane
903 855 1172 910 docuisset
1199 868 1374 908 orare.
1420 853 1518 921 Qui
1564 867 1692 907 vero
1729 859 1945 925 peccata

355 956 648 1012 memorat,
693 947 949 1016 jubetque
988 960 1174 1002 eorum
1219 946 1587 1001 remissionem
1631 954 1832 1016 petere,
1878 959 1941 1000 ac

353 1042 510 1098 docet
543 1039 812 1111 quomodo
843 1039 979 1094 hanc
1011 1040 1375 1094 remissionem
1407 1050 1824 1109 consequamur,
1858 1038 1938 1092 fa-

353 1134 616 1204 cilemque
641 1131 708 1187 ad
736 1131 882 1186 illam
912 1140 1059 1200 parat
1087 1131 1245 1195 viam,
1278 1131 1364 1185 hic
1388 1140 1443 1184 ut
1468 1131 1636 1200 palam
1668 1137 1770 1195 est,
1798 1129 1941 1200 quod

355 1224 562 1279 noverit
584 1233 636 1279 et
662 1223 852 1278 doceat
882 1237 1036 1291 posse
1064 1237 1161 1276 nos
1184 1222 1346 1276 etiam
1375 1231 1494 1290 post
1522 1222 1789 1276 lavacrum
1820 1235 1948 1291 pec-

354 1326 470 1370 cata
501 1315 753 1380 abluere,
785 1313 921 1368 hanc
949 1312 1351 1383 supplicationis
1394 1313 1562 1382 legem
1594 1311 1838 1375 induxit;
1873 1311 1946 1366 ita

356 1417 414 1461 ut
441 1405 565 1460 dum
595 1412 810 1476 peccata
840 1413 1132 1471 memorat,
1179 1418 1278 1459 nos
1313 1403 1378 1457 ad
1411 1399 1650 1458 modeste
1679 1403 1946 1473 agendum

358 1500 568 1557 inducat
594 1517 608 1566 ;
639 1499 766 1555 dum
798 1513 924 1554 vero
947 1499 1098 1568 jubct
1127 1498 1245 1552 aliis
1273 1498 1546 1553 remittere
1570 1539 1584 1563 ,
1617 1513 1828 1552 omnem
1863 1498 1946 1552 iu-

355 1595 611 1666 juriarum
663 1597 972 1648 memoriam
1017 1607 1047 1646 a
1079 1591 1232 1647 nobis
1275 1590 1548 1653 eliminet;
1596 1591 1721 1644 dum
1765 1601 1946 1644 autem

359 1703 455 1757 pro
492 1687 574 1741 his
603 1684 848 1740 omnibus
889 1701 947 1739 se
989 1685 1141 1738 nobis
1170 1683 1379 1738 veniam
1419 1695 1795 1736 concessurum
1825 1695 1950 1736 esse

359 1779 662 1849 pollicetur,
691 1777 828 1832 bona
860 1792 957 1831 nos
998 1791 1092 1846 spe
1120 1775 1299 1848 l_'ulciat
1320 1816 1334 1840 ,
1366 1789 1428 1829 ac
1457 1774 1595 1830 circa
1622 1772 1946 1829 ineffabilem

362 1871 456 1926 Dei
483 1868 901 1924 misericordiam
935 1883 1031 1921 nos
1058 1866 1422 1937 philosophari
1450 1865 1661 1920 doceat.

430 1963 482 2017 ϐ.
516 1960 582 2016 Ut
618 1961 733 2014 aliis
761 1960 1056 2014 dimittimus
1077 2000 1092 2024 ,
1122 1959 1194 2012 sic
1236 1957 1508 2011 dimittitur
1545 1957 1707 2011 nobis.
1738 1987 1806 1996 -—
1837 1954 1950 2010 Hoc

359 2063 536 2109 autem
587 2053 815 2108 maxime
857 2050 1246 2106 observandum
1289 2058 1371 2105 est
1393 2092 1407 2117 ,
1436 2064 1557 2104 eum
1580 2089 1594 2113 ,
1617 2063 1736 2117 cum
1771 2047 1822 2102 in
1855 2062 1948 2101 su-

363 2143 615 2215 pradictis
666 2141 888 2212 singulis
938 2155 1152 2196 omnem
1214 2139 1461 2194 virtutem
1519 2147 1944 2203 commemoret,

362 2237 413 2290 iu
446 2237 544 2290 hac
573 2236 732 2290 etiam
780 2234 1090 2304 injuriarum
1133 2232 1560 2288 recordationem
1593 2230 1871 2300 conipleCti
1895 2231 1945 2294 ¹;

362 2343 484 2383 nam
516 2326 833 2381 sanctiﬁeari
866 2341 960 2391 per
989 2341 1088 2380 nos
1114 2338 1308 2379 nomen
1340 2317 1456 2394 ejus
1480 2322 1545 2377 ad
1579 2321 1870 2391 perfectum
1898 2331 1952 2376 et

361 2419 819 2476 accuratissimum
846 2419 968 2473 vitae
999 2417 1296 2472 institutum
1325 2415 1593 2486 pertinet;
1625 2425 1680 2470 et
1709 2415 1953 2470 volunta-

365 2521 470 2570 tem
498 2511 615 2582 ejus
661 2510 772 2566 fieri
818 2509 1047 2580 idipsum
1093 2522 1278 2563 rursus
1308 2505 1599 2578 signiﬁcat;
1642 2513 1696 2560 et
1739 2504 1952 2560 Patrem

363 2620 524 2674 posse
553 2604 718 2660 Deum
749 2617 941 2659 vocare
970 2601 1250 2671 inculpata:
1276 2601 1398 2656 vita:
1424 2598 1806 2655 demonstratio
1830 2605 1949 2663 est;

365 2701 418 2756 in
447 2699 642 2771 quibus
667 2697 915 2752 omnibus
942 2695 1044 2751 hoc
1070 2692 1573 2765 comprehenditur,
1617 2691 1759 2762 quod
1789 2705 1951 2761 opor-

369 2801 478 2847 teat
503 2792 636 2846 iram
659 2790 730 2845 de
765 2789 975 2858 injuriis
1012 2797 1322 2858 conceptam
1362 2789 1666 2850 remittere;
1719 2794 1953 2840 attamen

365 2885 448 2940 his
472 2892 755 2940 contentus
781 2880 1040 2945 nonfuit;
1074 2879 1166 2934 sed
1190 2877 1477 2933 Ostendere
1499 2877 1684 2932 volens
1702 2885 1954 2945 quantam

365 2975 465 3030 hac
501 2973 568 3030 de
605 2989 664 3029 re
700 2981 852 3043 gerat
893 2969 1338 3035 sollicitudinem,
1389 2967 1616 3038 idipsum
1658 2965 1957 3037 specialiter

366 3065 588 3137 repetit;
634 3079 698 3119 ac
743 3073 861 3133 post
889 3063 1185 3117 orationem
1219 3061 1418 3114 nullum
1449 3058 1592 3112 aliud
1625 3072 1782 3128 quam
1815 3055 1956 3112 istud

367 3165 630 3213 memorat
658 3164 980 3226 przeceptum
1002 3195 1016 3218 ,
1062 3153 1140 3208 sic
1178 3151 1359 3206 dicens
1383 3169 1396 3206 :
1421 3149 1481 3205 Si
1506 3150 1638 3203 enim
1666 3147 1958 3202 dimiserim

371 3251 656 3306 hominibus
687 3257 892 3318 peccata
922 3263 1116 3311 eorum,
1147 3245 1360 3299 dimittet
1386 3241 1522 3297 vobis
1547 3251 1594 3295 et
1622 3240 1778 3294 Pater
1803 3249 1960 3294 vester

370 3345 577 3400 celestis
606 3341 820 3412 (Matth.
851 3340 905 3397 6.
934 3338 1044 3412 14).
1071 3337 1252 3408 Itaque
1276 3336 1492 3392 a-nobis
1513 3333 1829 3405 principium
1857 3340 1956 3396 est,

371 3445 426 3494 et
445 3435 704 3507 judicium
745 3433 812 3490 de
856 3430 1010 3487 nobis
1054 3429 1331 3486 ferendum
1377 3429 1428 3482 in
1470 3435 1653 3482 nostra
1684 3425 1844 3481 situm
1874 3433 1962 3480 est

375 3537 658 3599 potestate.
686 3526 817 3581 Nam
845 3541 916 3581 ne
941 3524 1025 3578 vel
1053 3539 1118 3579 ex
1147 3521 1376 3591 stupidis
1397 3517 1660 3591 quispiam
1688 3517 1854 3588 possit
1878 3515 1961 3572 vel

374 3623 427 3679 in
455 3637 615 3693 parva
644 3620 726 3676 vel
756 3619 807 3674 in
834 3633 1021 3687 magna
1055 3632 1113 3672 rc
1139 3613 1398 3685 conqueri
1426 3613 1552 3668 dum
1576 3611 1865 3682 judicatur,
1889 3618 1961 3672 te,

375 3728 550 3776 reum.
583 3709 774 3766 calculi
805 3707 1007 3763 ferendi
1037 3706 1314 3762 dominum
1344 3703 1494 3768 facit;
1527 3710 1582 3758 et
1605 3700 1960 3770 Quemadmo-

378 3805 528 3869 dum,
560 3803 754 3873 inquit,
787 3810 839 3857 tu
869 3799 936 3854 de
967 3808 1018 3854 te
1049 3799 1164 3869 ipso
1202 3795 1558 3866 judicaveris,
1589 3808 1687 3864 ego
1712 3792 1780 3847 de
1807 3803 1857 3847 te
1881 3791 1968 3861 ja-

377 3899 590 3958 dicabo.
637 3896 692 3952 Si
733 3908 994 3950 conservo
1022 3890 1320 3954 dimiseris,
1367 3903 1397 3942 a
1437 3902 1524 3943 me
1555 3900 1735 3957 parem
1767 3883 1967 3938 referes

379 3992 626 4064 gratiam,
653 4002 974 4060 quamquam
1001 3999 1088 4040 res
1117 3998 1220 4038 non
1253 3981 1396 4051 paris
1416 3980 1482 4034 sit
1512 3976 1856 4034 conditionis.
1887 3975 1964 4029 'l'u

380 4085 522 4140 enim
549 4081 689 4152 quod
719 4077 1036 4134 remissione
1059 4088 1238 4144 egeas,
1267 4070 1514 4131 remittis,
1533 4069 1672 4123 Deus
1695 4084 1822 4123 vero
1847 4083 1969 4126 cum

382 4176 534 4232 nullo
580 4188 716 4244 opus
764 4170 990 4232 habeat;
1040 4176 1094 4221 tu
1140 4178 1439 4227 conservo,
1487 4162 1628 4216 Deus
1675 4176 1868 4226 servo;
1920 4172 1973 4215 tu

384 4274 757 4325 sexcentorum
791 4278 914 4319 reus
945 4269 1317 4332 peccatorum,
1354 4257 1494 4311 Deus
1539 4270 1668 4310 veru
1709 4258 1974 4326 impecca-

385 4361 506 4417 bilis
533 4374 654 4414 eum
697 4357 786 4412 sit.
829 4357 1076 4411 Attamen
1122 4351 1201 4407 sic
1237 4351 1327 4406 ille
1369 4349 1788 4406 misericordiam
1824 4364 1974 4404 suam

384 4453 636 4512 ostendit.
669 4451 798 4506 Nam
829 4465 949 4505 cum
984 4457 1162 4518 posset
1193 4445 1308 4500 sine
1338 4443 1437 4498 hac
1470 4445 1636 4513 posita
1667 4443 1975 4499 conditione

387 4547 564 4604 omnia
608 4544 701 4599 tibi
744 4551 958 4614 peccata
1002 4539 1341 4600 condonare;
1389 4539 1504 4593 vult
1547 4546 1722 4591 tamen
1774 4545 1824 4591 te
1856 4534 1979 4590 inde

387 4641 548 4694 etiam
582 4635 898 4691 beneﬁcium
935 4634 1212 4700 accipere,
1255 4629 1404 4684 mille
1436 4629 1526 4684 tibi
1573 4629 1805 4699 undique
1833 4644 1978 4682 man-

390 4727 690 4784 suetudinis
717 4734 772 4779 et
803 4721 1148 4778 humanitatis
1178 4719 1491 4776 occasiones
1532 4719 1841 4775 ministratus
1865 4761 1878 4782 ,
1927 4727 1982 4772 et

389 4819 533 4892 quod
562 4819 614 4872 in
639 4826 690 4871 te
716 4815 1004 4870 belluiuum
1028 4821 1109 4866 est
1131 4811 1435 4875 eliminatis,
1462 4811 1592 4866 iram
1615 4810 1978 4879 exstinguens,

387 4927 440 4970 et
473 4911 706 4980 undique
741 4917 792 4961 te
835 4906 1075 4961 membro
1118 4914 1206 4958 tuo
1238 4904 1626 4976 conglutinans.
1673 4901 1810 4970 Quid
1855 4918 1982 4971 ergo

391 5008 576 5062 dicere
605 5000 814 5072 possis?
846 5014 911 5051 an
940 5005 991 5052 te
1023 4996 1147 5050 mali
1171 4996 1439 5066 quidpiam
1466 5011 1492 5048 a
1517 4994 1759 5065 proximo
1789 4994 1983 5062 injuste

394 5111 611 5170 passum
637 5091 797 5149 esse?
826 5090 950 5146 llaec
966 5089 1161 5158 quippe
1187 5097 1309 5141 sunt
1333 5097 1580 5157 peccata;
1607 5100 1726 5138 nam
1755 5084 1798 5138 si
1817 5086 1979 5152 justo.

471 5327 485 5356 ι
522 5320 719 5383 quidam
740 5323 848 5366 Mss.
886 5314 1015 5363 hunc
1041 5311 1199 5360 locum
1223 5313 1289 5359 sic
1332 5310 1513 5359 habent
1546 5315 1709 5358 Graece
1742 5321 1755 5356 :
1797 5320 1816 5357 δ
1840 5316 1882 5383 si
1924 5322 1994 5383 μ.

413 5412 517 5437 λιστα,
623 5396 874 5446 παρατηρῆσαι
900 5415 912 5433 ,
933 5389 1046 5426 τοῦτό
1071 5388 1168 5424 ἔστιν
1190 5383 1247 5422 ὃτι
1264 5385 1340 5422 καθ’
1366 5383 1516 5422 ’ἑκαστον
1538 5388 1608 5421 τῶν
1636 5384 1820 5448 apt-Intueri
1843 5382 1994 5448 όλῗέιλτξ·

511 5439 752 5511 tato-mw
769 5439 854 5511 ζτῆς
884 5451 1042 5511 sane.
1076 5447 1201 5511 ῖαθτιλ
1215 5439 1998 5511 rr£33_rn:1i?4:_:rtér§r_995‘?

411 5500 479 5560 sic
512 5500 732 5558 converti
754 5500 962 5562 debent,
998 5501 1139 5562 juxta
1171 5500 1426 5555 Georgium
1458 5500 1824 5562 :t'rapezunt‘ipm
1851 5501 1993 5562 ;__IIoc

413 5553 813 5621 antemﬁmoaiime
829 5553 1187 5626 obsert'bndunt
1199 5564 1287 5613 est.
1297 5553 1773 5626 :qttom'am’sing‘ulis
1793 5553 1994 5624 quibus-

413 5616 514 5693 iiii;
522 5616 766 5682 sententiis
787 5624 1128 5690 perfectionem
1145 5616 1623 5693 artatis'iucludeus,
1804 5616 1854 5693 in
1871 5629 1998 5672 prte-

427 5686 916 5758 redentibus_iujtt_ritv
954 5708 1038 5746 nos
1059 5689 1357 5758 prohibuerit
1398 5686 1667 5758 recordari.
1697 5687 1891 5758 Boisiqs
1915 5691 1994 5758 le-

424 5759 646 5820 gendum
666 5751 785 5808 vidit
811 5755 861 5807 in
883 5751 1068 5820 Graeco,
1091 5758 1170 5805 καὶ
1194 5756 1248 5805 τὸ
1292 5756 1355 5817 μή
1377 5751 1685 5816 μνησικακεῖν
1729 5752 1992 5816 περιέλαϐεν.

1492 275 1554 331 IN
1596 271 1998 332 MATTH/EUM
2040 272 2268 332 llOlllL.
2315 278 2451 334 XIX.

3536 275 3654 340 (ἔδει

2058 405 2332 460 peccatum
2374 397 2577 450 nullum
2609 406 2709 450 est.
2742 397 2808 449 At
2841 405 2892 450 tu
2926 397 3106 452 talium
3148 415 3271 455 vere
3301 407 3641 469 peccatorum

2054 485 2263 540 veniam
2294 488 2670 557 itupetmtnrus
2694 489 2922 553 accedis,
2957 488 3064 542 imo
3088 499 3140 544 et
3167 491 3331 546 multo
3357 490 3636 562 majorum.

2055 576 2121 630 Et
2154 589 2278 634 ante
2308 580 2516 635 veniam
2540 623 2552 645 ,
2598 596 2702 636 non
2746 581 3019 636 minimam
3050 593 3412 652 consequutus
3438 597 3498 639 es
3523 600 3644 655 gra-

2055 669 2216 730 tiam.
2257 669 2477 725 edoctus
2519 681 2571 726 te
2618 673 2903 727 humanam
2954 673 3149 729 habere
3193 675 3462 743 animam,
3495 687 3548 730 ct
3577 677 3642 730 ad

2053 775 2267 814 omnem
2322 763 2786 817 mansuetudinem
2830 764 3125 820 institutus.
3182 765 3310 820 Post
3357 765 3474 820 lure
3517 782 3648 821 vero

2055 867 2246 921 magna
2277 853 2437 906 etiam
2480 854 2571 908 tibi
2615 870 2832 910 merces
2864 855 2973 911 illic
3022 856 3296 912 recondita
3324 857 3460 923 erit,
3502 857 3647 927 quod

2055 943 2220 996 nullm
2242 957 2271 996 a
2300 952 2722 1012 tepcceatormn
2750 947 2983 1001 rationes
3014 947 3370 1016 postulentur.
3396 947 3513 1016 Quo
3544 949 3644 1018 ἰείη

2055 1043 2140 1087 tur
2167 1035 2309 1104 digni
2339 1037 2602 1107 supplicio
2632 1039 2831 1092 erimus
2850 1079 2866 1101 ,
2899 1039 2942 1093 si
2975 1039 3310 1110 taliacoepta
3338 1048 3602 1110 potestate
3628 1083 3643 1102 .

2054 1127 2279 1181 salutem
2313 1137 2549 1182 nostram
2582 1129 2908 1198 prodamus?
2937 1131 3204 1200 quomodo
3231 1139 3408 1186 autem
3441 1132 3492 1186 in
3524 1132 3652 1185 aliis-

2058 1234 2155 1273 nos
2185 1220 2423 1276 exaudiri
2453 1235 2724 1292 rogamus,
2760 1237 2880 1277 cum
2914 1223 3166 1290 nolimus,
3199 1224 3324 1279 dum
3356 1239 3524 1296 penes
3547 1240 3645 1280 nos

2056 1320 2157 1372 est,
2188 1313 2339 1366 nobis
2367 1313 2496 1381 ipsis
2524 1314 2787 1382 parcere?
2815 1315 2895 1369 15.
2931 1313 3000 1367 Et
3019 1332 3078 1370 ne
3103 1333 3192 1371 nos
3219 1316 3430 1371 inducas
3456 1317 3514 1370 ita
3537 1327 3645 1371 ten-

2057 1407 2314 1471 tationem,
2347 1406 2436 1460 sed
2461 1405 2616 1461 libera
2641 1424 2731 1460 nos
2761 1423 2791 1459 a
2819 1408 2972 1461 malo.
3002 1408 3133 1474 Quia
3156 1417 3292 1462 tuum
3314 1418 3387 1464 est
3410 1425 3640 1480 regnum,

2056 1508 2099 1550 et
2128 1499 2369 1568 potentia,
2396 1508 2442 1552 et
2471 1497 2635 1567 gloria
2663 1499 2716 1552 in
2743 1502 2949 1562 meum,
2985 1515 3153 1553 omen.
3185 1500 3279 1553 llic
3303 1501 3415 1569 jam
3440 1514 3538 1556 nos
3562 1502 3644 1554 vi-

2055 1587 2254 1642 litatem
2304 1597 2538 1641 nostram
2569 1587 2714 1642 clare
2743 1587 2937 1650 docet,
2986 1598 3037 1642 et
3071 1599 3334 1643 tumorem
3365 1591 3651 1660 reprimit-1

2056 1676 2277 1732 hortans
2316 1687 2373 1731 ut
2403 1679 2696 1734 certamina
2729 1678 3018 1750 fugiamus,
3049 1680 3142 1734 sed
3172 1696 3239 1735 ne
3266 1681 3316 1734 in
3347 1695 3409 1736 ea
3441 1681 3644 1736 iusilia~

2057 1785 2195 1825 mus.
2228 1769 2304 1826 Ita
2331 1773 2474 1826 enim
2516 1782 2572 1831 et
2607 1772 2762 1828 nobis
2808 1773 3027 1828 victoria
3072 1773 3404 1842 Splendidior
3427 1773 3559 1837 erit,
3592 1783 3662 1829 et-

2057 1862 2256 1918 diaboli
2281 1863 2461 1920 clades
2503 1866 2673 1936 magis
2703 1865 2980 1921 ridebitur.
3014 1866 3145 1921 Cum
3180 1866 3439 1923 trahimur
3459 1867 3600 1922 enim
3627 1908 3643 1933 ,

2055 1956 2262 2011 fortiter
2292 1956 2540 2012 standum
2583 1967 2700 2024 est;
2750 1974 2856 2013 non
2907 1968 3121 2015 vocatos
3165 1968 3342 2016 autem
3371 1961 3648 2032 quiescere

2055 2057 2286 2118 Oportet,
2310 2063 2373 2105 ac
2394 2058 2603 2120 tempus
2623 2052 2971 2107 certaminum
2994 2060 3323 2122 exspectare,
3345 2061 3406 2108 ut
3421 2062 3476 2109 et
3495 2068 3647 2108 vana:

2055 2140 2241 2210 gloria:
2270 2150 2520 2212 expertes
2549 2152 2602 2198 et
2634 2151 2881 2198 strenuos
2909 2157 3008 2198 nos
3039 2144 3410 2200 exhibeamus.
3450 2144 3643 2200 Malum

2058 2240 2236 2286 autem
2266 2230 2352 2288 hic
2380 2232 2652 2289 diabolum
2677 2243 2852 2300 vocat,
2898 2234 3094 2305 jubens
3138 2251 3236 2291 nos
3262 2251 3384 2292 cum
3414 2236 3505 2290 illo
3530 2237 3646 2291 bel-

2057 2325 2166 2378 lum
2232 2325 2563 2394 inexpiabile
2614 2340 2838 2396 gerere,
2893 2335 2947 2382 et
2990 2327 3282 2383 ostendens
3325 2327 3496 2396 ipsum
3540 2343 3647 2383 non

2057 2429 2242 2473 natura
2271 2418 2430 2474 talem
2455 2432 2595 2474 esse.
2624 2418 2821 2473 Malitia
2849 2419 2990 2475 enim
3012 2433 3118 2474 non
3143 2434 3206 2474 ex
3233 2429 3443 2486 natura,
3467 2421 3560 2476 sed
3581 2437 3650 2475 ex

2057 2512 2332 2569 voluntate
2373 2513 2625 2584 gignitur.
2673 2511 2764 2568 llle
2804 2521 2982 2569 autem
3026 2512 3290 2583 przecipue
3318 2513 3399 2570 sic
3430 2522 3652 2569 vocatur

2058 2605 2129 2660 ob
2178 2605 2447 2675 ingentem
2495 2604 2714 2660 malitia
2758 2603 3176 2675 magnitudinem
3209 2611 3305 2660 :et
3345 2604 3467 2675 quia
3517 2601 3656 2658 nihit

2061 2697 2220 2753 laesus
2247 2712 2278 2751 a
2309 2696 2464 2751 nobis
2501 2695 2822 2766 inexpiabile
2865 2706 3051 2752 contra
3099 2711 3199 2753 nos
3245 2696 3440 2754 bellum
3480 2695 3650 2768 gerit.

2061 2791 2180 2846 ideo
2208 2806 2312 2844 non
2343 2789 2498 2858 dixit,
2529 2789 2720 2846 Libera
2751 2803 2846 2844 nos
2875 2804 2905 2844 a
2937 2789 3125 2856 malis,
3160 2789 3253 2846 sed
3275 2832 3288 2854 ,
3319 2790 3362 2843 Α
3392 2789 3527 2843 malo
3550 2832 3566 2856 ,
3595 2797 3661 2842 ue

2061 2901 2158 2940 nos
2185 2893 2398 2940 moneat
2421 2899 2487 2939 ne
2511 2892 2698 2939 contra
2718 2883 3021 2954 proximum
3049 2898 3233 2940 amaro
3255 2883 3434 2938 animo
3461 2882 3652 2948 simus.

2062 2977 2271 3032 etiamsi
2317 2976 2454 3031 male
2483 2975 2747 3046 patiamur
2775 2975 2842 3030 ab
2870 2975 2974 3030 illis
2995 3018 3014 3042 ,
3058 2975 3150 3030 sed
3181 2976 3248 3031 ab
3291 2974 3394 3030 illis
3433 2972 3560 3044 ipsis
3585 2972 3666 3026 adi

2062 3068 2334 3124 diabolum
2360 3066 2782 3124 transferendam
2807 3067 3140 3123 inimicitiam
3168 3083 3308 3134 esse,
3333 3075 3515 3137 utpote
3541 3081 3656 3120 ma-

2063 3159 2236 3214 lorum
2266 3158 2508 3212 omnium
2535 3172 2776 3214 causam.
2823 3159 3028 3214 Inimici
3060 3159 3237 3230 itaque
3262 3172 3655 3214 commemora-

2065 3249 2208 3304 tione
2223 3247 2287 3302 ad
2306 3257 2579 3303 certamen
2605 3262 2704 3304 nos
2721 3265 3048 3320 praeparans,
3070 3258 3123 3304 et
3145 3249 3420 3320 segnitiem
3443 3263 3655 3303 omnem

2066 3356 2095 3394 a
2129 3339 2284 3394 nobis
2311 3339 2656 3407 exscindens,
2691 3356 2875 3395 rursus
2899 3340 3144 3395 ﬁduciam
3174 3340 3366 3410 ingerit
3388 3349 3443 3396 et
3469 3354 3660 3394 sensus

2066 3431 2243 3502 erigit.
2261 3431 2460 3501 Regem
2486 3445 2942 3493 commemorans.
2967 3432 3067 3487 sub
3091 3448 3198 3503 quo
3225 3435 3277 3486 in
3300 3433 3412 3486 acie
3433 3442 3656 3494 stamus,

2069 3531 2125 3578 et
2166 3523 2461 3578 ostendens
2516 3524 2687 3594 ipsum
2745 3538 2865 3578 esse
2913 3525 3150 3579 omnium
3207 3524 3657 3594 potentissimum.

2069 3613 2238 3670 Tuum
2277 3624 2349 3667 est
2373 3656 2390 3676 ,
2425 3615 2628 3686 inquit,
2673 3633 2912 3688 regnum,
2955 3625 3002 3670 et
3033 3616 3254 3686 potentia
3275 3657 3289 3682 ,
3321 3625 3366 3669 et
3395 3615 3576 3686 gloria.
3604 3615 3662 3669 Si

2071 3720 2200 3776 ergo
2221 3705 2363 3763 illius
2384 3717 2466 3763 est
2485 3724 2731 3778 regnum,
2751 3723 2909 3763 nemo
2936 3707 3201 3764 timendus
3231 3716 3332 3772 est,
3357 3724 3477 3764 eum
3502 3723 3668 3764 nemo

2073 3800 2143 3854 sit
2169 3799 2258 3871 qui
2285 3801 2549 3856 obsistere
2579 3802 2765 3870 possit,
2796 3811 2852 3856 et
2876 3801 2964 3870 qui
2996 3809 3180 3856 contra
3207 3801 3352 3855 illum
3380 3801 3666 3870 imperium

2077 3899 2277 3948 teneat.
2308 3890 2442 3946 Cum
2471 3893 2614 3947 enim
2642 3892 2803 3947 dicit:
2852 3893 3015 3946 Tuum
3058 3903 3133 3946 est
3173 3910 3402 3963 regnum,
3431 3893 3667 3948 ostendit

2078 3986 2240 4039 etiam
2265 4000 2384 4039 eum
2410 4023 2426 4050 ,
2458 3983 2545 4054 qui
2577 3999 2677 4037 nos
2725 3984 3030 4053 impugnat,
3078 3983 3175 4052 ipsi
3204 3983 3472 4037 subditum
3503 3999 3625 4039 esse
3647 4023 3664 4050 ,

2079 4076 2289 4132 etiamsi
2334 4085 2521 4130 contra
2552 4082 2697 4129 stare
2742 4073 2984 4128 videatur
3007 4115 3023 4138 ,
3077 4074 3184 4128 Deo
3223 4075 3433 4129 interim
3465 4075 3514 4129 id
3549 4091 3668 4144 per-

2082 4169 2349 4223 mittente.
2375 4166 2506 4220 Nam
2536 4173 2592 4221 et
2624 4165 2736 4235 ipse
2765 4179 2831 4220 ex
2860 4179 3134 4220 servorum
3164 4178 3389 4219 numero
3413 4173 3516 4231 est,
3544 4165 3671 4220 licet

2084 4260 2359 4315 infantium
2411 4267 2466 4313 et
2513 4258 2895 4327 reproborum;
2949 4272 3049 4312 nec
3102 4257 3244 4312 ausit
3290 4272 3669 4312 conservorum

2084 4351 2386 4422 quempiam
2419 4350 2691 4414 invadere,
2725 4349 2824 4403 nisi
2855 4351 2999 4418 prius
3025 4348 3255 4419 desuper
3277 4351 3545 4420 acceperit
3569 4367 3668 4422 po-

2087 4452 2355 4502 testatem.
2391 4441 2590 4511 Ecquid
2619 4441 2740 4496 dico
2766 4440 3189 4495 conserVorum?
3229 4440 3307 4496 Ne
3337 4457 3526 4512 porcos
3551 4445 3672 4512 qui-

2087 4534 2207 4588 dem
2239 4549 2402 4590 ausus
2431 4543 2512 4588 est
2543 4533 2813 4598 invadere,
2845 4533 3018 4588 donec
3050 4533 3161 4602 ipse
3195 4534 3466 4602 permisit;
3501 4549 3674 4604 neque

2086 4627 2266 4680 ovium
2292 4627 2552 4694 boumque
2573 4641 2779 4695 greges,
2803 4626 2974 4679 donec
2996 4625 3259 4679 licentiam
3281 4634 3335 4680 et
3356 4636 3673 4694 potestatem

2090 4720 2401 4789 accepisset.
2437 4718 2618 4788 Itaque
2647 4719 2852 4773 etiamsi
2885 4718 3038 4787 longe
3069 4717 3330 4771 ἰιιῐίηιιίον
3358 4733 3527 4783 esses,
3555 4718 3676 4787 jure

2087 4811 2398 4865 consideres
2444 4819 2590 4864 tanto
2631 4811 2925 4878 imperante
2955 4823 3111 4890 rege;
3142 4810 3230 4877 qui
3278 4818 3452 4878 potest
3499 4826 3592 4880 per
3625 4820 3676 4866 te

2091 4903 2343 4971 praeclara
2363 4903 2512 4956 facile
2545 4916 2706 4969 opt-ra
2737 4899 2914 4953 edere.
2936 4898 2999 4950 Et
3020 4899 3183 4969 gloria
3203 4901 3253 4952 in
3279 4901 3482 4966 stecula,
3508 4919 3676 4956 amen.

2160 5003 2213 5054 7.
2265 5001 2467 5066 Quanta
2505 4997 2558 5048 in
2609 4993 2711 5047 Deo
2759 4993 3101 5064 benefaciendi
3141 5003 3377 5064 potestas.
3422 4997 3677 5062 Quantum

2091 5096 2272 5148 obliuio
2302 5089 2607 5154 iniuriarum
2637 5086 2836 5140 Christo
2867 5087 2929 5137 sit
2960 5085 3119 5139 cordi.
3154 5085 3274 5141 Non
3302 5091 3466 5158 gratia
3490 5091 3676 5155 solum,

2092 5189 2180 5243 sed
2209 5186 2356 5241 etiam
2394 5181 2626 5250 operibus
2683 5177 2817 5246 ﬁlios
2868 5175 2961 5230 Dei
2999 5195 3105 5232 esse
3147 5190 3362 5248 oportet.
3411 5179 3548 5234 Deus
3591 5197 3680 5233 nos

2095 5282 2207 5352 plus
2235 5293 2384 5349 quam
2415 5283 2557 5344 pater
2587 5283 2630 5324 et
2672 5279 2830 5323 mater
2857 5270 3230 5341 diligit.——N0n
3260 5273 3397 5326 enim
3429 5280 3478 5324 te
3508 5279 3679 5337 pott'st

2095 5374 2266 5428 solum
2289 5370 2357 5423 ah
2380 5364 2748 5438 ingruentibus
2768 5362 2918 5416 malis
2940 5377 3148 5425 eruere,
3178 5361 3270 5415 sed
3294 5361 3451 5413 etiam
3478 5360 3679 5428 glorio-

2095 5481 2210 5521 sum
2239 5460 2680 5531 splendidutuque
2709 5455 2951 5510 reddere.
2998 5453 3143 5508 Sicut
3173 5452 3313 5504 enim
3357 5450 3523 5503 virtus
3565 5449 3680 5518 ejus

2097 5569 2314 5626 magna,
2353 5554 2421 5605 ita
2453 5559 2534 5604 est
2563 5547 2730 5618 gloria
2762 5546 2877 5616 ejus
2919 5541 3198 5598 ineffabilis
3231 5557 3245 5592 :
3277 5549 3330 5592 et
3361 5539 3473 5591 haec
3498 5541 3677 5595 onutia

2099 5653 2350 5718 perpetua
2381 5650 2541 5706 sunt,
2585 5639 2810 5708 ﬁnisque
2847 5649 3032 5690 eorum
3077 5632 3251 5686 nullus
3291 5643 3388 5683 est.
3437 5630 3681 5688 V’idistiu’

2101 5735 2367 5811 quomodo
2396 5731 2629 5803 undique
2659 5728 2912 5784 athletam
2942 5721 3167 5787 inuasit,
3204 5721 3408 5792 ipsique
3434 5722 3679 5782 ﬁduciam
