4076 6150
403 267 511 323 285

406 385 635 443 indidit?
665 385 897 454 Deinde,
922 393 980 441 ut
1002 385 1112 456 jam
1143 385 1249 441 dixi
1274 429 1288 451 ,
1323 393 1378 440 ut
1409 384 1656 440 ostendat
1685 399 1743 439 se
1773 384 1993 449 injuria-

408 495 524 534 rum
570 479 996 536 recordationem
1022 478 1253 534 maxime
1277 478 1508 533 aversari
1537 485 1590 532 et
1615 476 1738 531 odio
1765 475 1961 530 habere
1980 518 1995 538 ,

399 571 642 640 itemque
689 570 812 626 huic
853 570 1152 640 oppositam
1198 569 1445 623 virtutem
1487 567 1718 622 maxime
1762 566 1996 621 omnium

407 672 682 733 acceptam
709 662 907 718 habere
930 704 945 730 ,
984 671 1105 733 post
1143 662 1439 717 orationem
1469 675 1652 714 rursus
1679 659 1778 714 hoc
1802 660 1998 714 bonum

413 769 545 823 opus
571 756 886 810 memoravit
908 797 922 820 ,
956 764 1008 809 et
1036 771 1063 806 a
1094 753 1366 823 proposito
1403 753 1680 823 supplicio,
1711 762 1764 806 et
1804 767 1833 805 a
1873 767 2003 807 con-

410 845 596 900 stituto
626 847 845 915 praemio
873 845 1168 900 auditorem
1214 843 1468 900 inducens
1495 843 1560 897 ad
1600 843 1998 913 obsequendum

412 936 536 991 huic
562 947 846 1007 praecepto.
875 937 1007 991 Nam
1032 937 1107 991 ait
1135 955 1147 990 :
1181 936 1264 991 M.
1296 936 1358 991 Si
1380 936 1664 989 dimiseritis
1694 936 1996 998 hominibus,

411 1031 562 1085 etiam
593 1029 752 1085 Pater
777 1041 936 1084 vester
959 1031 1168 1084 celestis
1197 1030 1409 1083 dimittet
1435 1029 1601 1092 vobis;
1634 1029 1719 1083 15.
1752 1030 1795 1082 si
1835 1041 2000 1082 autent

413 1139 515 1176 non
541 1123 864 1188 remiseritir,
894 1138 1052 1192 neque
1075 1123 1183 1191 ipse
1218 1120 1354 1175 nobis
1382 1123 1618 1173 remittet.
1656 1119 1778 1174 Ideo
1817 1134 2000 1173 rursus

413 1214 573 1268 cados
603 1223 657 1268 et
683 1213 894 1268 Patrem
927 1223 1333 1276 commemorat,
1364 1221 1421 1266 ut
1441 1228 1504 1265 ex
1539 1211 1638 1265 hoc
1664 1225 1873 1281 quoque
1900 1225 1996 1264 au-

411 1305 637 1360 ditorem
671 1303 870 1374 pudore
897 1303 1114 1367 afficiat,
1148 1303 1193 1358 si
1225 1304 1354 1358 tanti
1390 1304 1559 1358 Patris
1592 1303 1728 1356 filius
1757 1317 1878 1356 cum
1909 1303 1996 1367 sit,

411 1399 556 1452 ferus
581 1395 805 1460 evadat,
835 1405 888 1450 et
915 1395 981 1450 ad
1011 1395 1200 1451 caelum
1237 1405 1476 1462 vocatus,
1521 1404 1789 1448 terrenum
1830 1408 2001 1448 szecu-

412 1487 688 1558 laremque
713 1503 928 1543 sensum
958 1487 1166 1542 habeat.
1196 1485 1310 1540 Non
1332 1485 1472 1539 enim
1495 1485 1664 1555 gratia
1689 1485 1882 1551 solum,
1908 1483 2001 1538 sed

412 1583 574 1636 etiam
601 1581 850 1652 operibus
879 1578 1017 1632 ﬁlios
1043 1579 1132 1632 Dei
1155 1593 1273 1633 csse
1302 1586 1532 1646 oportet.
1563 1576 1706 1630 Nihil
1729 1585 1903 1630 autem
1927 1575 2005 1629 sic

415 1675 528 1729 Deo
558 1674 784 1728 similem
814 1673 976 1728 efficit
1009 1682 1062 1724 ut
1089 1671 1332 1741 malignis
1361 1681 1519 1740 atque
1545 1669 1858 1724 ltcdentibus
1885 1682 2004 1724 esse

413 1765 762 1836 placabilem;
791 1761 1238 1833 quemadmodum
1266 1773 1318 1816 et
1356 1770 1478 1816 ante
1503 1761 1718 1826 docuit,
1763 1775 1883 1814 cum
1923 1758 2005 1813 di-

416 1867 566 1912 ceret
609 1857 780 1924 ipsum
810 1855 979 1908 solem
1006 1870 1159 1908 suum
1190 1854 1316 1908 oriri
1346 1852 1521 1908 facere
1550 1867 1712 1921 super
1737 1851 1906 1906 malos
1951 1855 2007 1904 et

415 1948 606 2003 bonos.
635 1947 922 2014 Propterea
957 1961 1050 2014 per
1079 1945 1284 2014 singula
1313 1945 1473 1998 verba
1502 1955 1816 1997 communes
1852 1940 2006 2011 jubet

417 2041 594 2096 facere
619 2040 887 2094 orationes
905 2079 920 2102 ,
956 2037 1109 2092 Pater
1136 2046 1305 2091 noster
1333 2037 1540 2100 dicens,
1571 2046 1644 2099 et,
1680 2033 1800 2088 Fiat
1829 2033 2009 2087 volun-

416 2143 493 2188 tas
521 2143 629 2199 tua,
656 2133 782 2185 sicut
811 2131 863 2184 in
889 2129 1033 2194 cwlo,
1068 2139 1113 2182 et
1142 2129 1192 2181 iu
1221 2137 1389 2193 terra;
1415 2135 1488 2191 et,
1523 2125 1710 2180 Panem
1736 2125 1803 2178 da
1829 2122 2006 2186 nobis;

416 2234 507 2289 et,
537 2222 749 2277 Dimitte
777 2221 917 2276 nobis
945 2220 1111 2274 debita
1136 2230 1306 2274 nostra
1327 2235 1344 2282 ;
1375 2227 1462 2281 et,
1499 2215 1578 2270 Ne
1606 2233 1697 2271 nos
1724 2215 1936 2270 inducas
1955 2216 2009 2269 in

419 2315 782 2378 tentationem;
818 2321 908 2378 et,
941 2312 1123 2366 Libera
1152 2328 1242 2364 nos
1274 2326 1292 2363 :
1321 2309 1506 2378 plurali
1539 2324 1638 2363 nos
1667 2323 1877 2378 semper
1907 2323 2008 2362 nu-

420 2423 573 2464 mero
601 2408 673 2462 uti
697 2406 894 2476 jubens
914 2446 928 2470 ,
959 2415 1016 2459 ut
1046 2421 1114 2459 ne
1142 2404 1422 2472 vestigium
1449 2402 1664 2471 quidem
1693 2403 1785 2456 irae
1824 2401 2012 2456 adver-

422 2516 514 2554 sus
542 2499 841 2569 proximum
873 2497 1224 2552 retineamus.
1255 2496 1466 2561 Quanto
1497 2493 1676 2563 itaque
1703 2493 1845 2563 digni
1881 2508 2013 2562 sup-

423 2593 584 2661 plicio
616 2589 810 2644 fuerint
855 2588 887 2642 ii
932 2587 1021 2658 qui
1066 2597 1184 2657 post
1223 2586 1337 2640 haec
1361 2586 1540 2639 omnia
1586 2600 1690 2638 non
1729 2584 1888 2638 modo
1913 2583 2013 2652 ipsi

426 2700 532 2738 non
563 2681 870 2746 remittunt,
900 2681 993 2736 sed
1022 2681 1181 2736 etiam
1213 2680 1376 2734 Deum
1405 2677 1471 2731 ad
1512 2677 1797 2730 vindictam
1841 2675 2016 2730 inimi-

425 2790 610 2831 corum
640 2774 920 2838 invocant,
967 2781 1022 2828 et
1061 2771 1212 2842 quasi
1255 2786 1320 2824 cx
1359 2769 1622 2824 diametro
1666 2767 1803 2821 hanc
1845 2767 2012 2836 legem

429 2865 912 2935 transgrediuntur,
952 2871 1006 2919 et
1047 2863 1147 2918 hoc
1175 2877 1297 2918 cum
1329 2862 1416 2916 ille
1456 2859 1584 2916 nihil
1627 2873 1732 2914 non
1777 2858 1935 2912 faciat
1963 2867 2018 2913 et

428 2966 702 3026 oneretur,
748 2966 803 3011 ut
848 2971 915 3012 ne
956 2955 1156 3010 mutuis
1199 2968 1298 3008 nos
1340 2953 1573 3008 dissidiis
1617 2951 2018 3022 disjungamus?

429 3051 561 3118 Quia
588 3050 729 3106 enim
751 3049 896 3104 radix
920 3049 1185 3104 bonorum
1203 3047 1442 3100 omnium
1466 3055 1550 3101 est
1573 3047 1785 3112 caritas,
1814 3060 1876 3100 ea
1900 3059 2022 3115 quas

433 3145 600 3212 ipsam
644 3141 991 3213 pessumdant
1041 3141 1208 3205 tollit,
1252 3149 1307 3194 et
1353 3139 1584 3209 undique
1626 3154 1726 3193 nos
1770 3141 2022 3210 copulare

432 3237 632 3292 studet.
663 3235 848 3290 Nullus
874 3235 1016 3290 enim
1045 3244 1145 3297 est,
1175 3234 1353 3288 nullus
1373 3242 1540 3298 certe,
1571 3233 1683 3287 sive
1708 3242 1879 3302 pater,
1907 3233 2023 3286 sive

433 3342 627 3396 mater,
656 3330 766 3384 sive
795 3329 1032 3392 amicus,
1065 3329 1178 3382 sive
1202 3327 1376 3397 quivis
1402 3327 1572 3390 alius,
1602 3327 1690 3395 qui
1720 3342 1816 3380 nos
1844 3325 1914 3380 ita
1940 3325 2024 3379 di-

437 3423 646 3488 lcxerit,
681 3419 849 3490 utqui
875 3420 998 3476 fecit
1023 3435 1121 3474 nos
1163 3420 1321 3474 Deus.
1350 3418 1586 3487 llludque
1608 3419 1777 3488 palam
1802 3417 2025 3472 omnino

437 3524 520 3568 cst
545 3523 598 3568 et
625 3529 688 3567 ex
718 3513 988 3567 heueticiis
1017 3528 1138 3581 qua:
1164 3509 1399 3580 quotidie
1428 3509 1673 3575 confert,
1706 3519 1760 3563 et
1789 3525 1854 3564 ex
1889 3526 2026 3578 prte-

438 3606 608 3674 ceptis
636 3621 754 3674 qua:
775 3604 1066 3658 constituit.
1094 3602 1246 3669 Quod
1267 3603 1312 3656 si
1334 3617 1602 3656 :erumnas
1631 3601 1756 3655 mihi
1781 3601 2023 3670 objicias,

438 3697 482 3750 si
515 3696 727 3749 dolores
756 3707 1054 3763 caeteraque
1084 3693 1204 3746 vitae
1235 3694 1404 3758 mala;
1437 3693 1607 3762 cogita
1639 3694 1847 3762 quantis
1877 3693 2026 3747 illum

439 3785 678 3854 quotidie
717 3785 984 3850 offendas,
1028 3799 1200 3853 neque
1242 3785 1376 3838 ultra
1419 3784 1730 3849 miraberis,
1778 3785 1823 3838 si
1867 3785 2026 3838 etiam

441 3879 594 3950 plura
628 3878 709 3931 his
741 3877 878 3931 mala
910 3886 961 3932 te
988 3875 1279 3940 invadant;
1309 3875 1402 3930 sed
1432 3876 1476 3929 si
1509 3876 1648 3930 bono
1674 3876 1849 3946 aliquo
1889 3875 2030 3930 frua-

441 3972 549 4035 ris,
601 3981 726 4024 tunc
770 3985 898 4024 sane
941 3979 1154 4039 stupeas
1191 3984 1254 4023 ac
1284 3969 1513 4024 mireris.
1557 3967 1706 4025 Nunc
1750 3983 1910 4038 porro
1955 3970 2028 4024 ir-

442 4074 658 4120 ruentes
675 4064 1004 4118 calamitates
1025 4063 1402 4132 conspicimus,
1427 4062 1656 4118 nifensas
1673 4072 1871 4129 autem,
1899 4079 2031 4133 quas

442 4159 677 4228 quotidie
704 4157 1049 4220 admittimus,
1080 4172 1184 4209 non
1212 4159 1264 4208 in
1294 4164 1527 4211 mentem
1557 4171 1808 4210 vocanms
1834 4175 1846 4209 :
1882 4158 2030 4211 ideo-

442 4267 548 4316 que
598 4249 810 4318 indigne
859 4249 1096 4303 ferimus.
1152 4248 1303 4314 Quod
1355 4247 1401 4301 si
1465 4248 1623 4301 unius
1665 4248 1768 4303 diei
1819 4258 2032 4317 peccata

445 4353 629 4396 nostra
660 4350 905 4396 accurate
932 4340 1344 4409 recogitaremus
1364 4381 1378 4402 ,
1410 4349 1533 4395 tunc
1557 4341 1699 4396 clare
1731 4355 2031 4409 nossemus,

446 4444 770 4505 quantorum
811 4434 884 4486 rei
918 4447 1156 4485 essemus
1199 4433 1484 4484 malorum.
1514 4434 1687 4502 Atque
1728 4441 1814 4495 ut,
1858 4434 2034 4490 missis

446 4528 566 4580 aliis
594 4542 714 4596 quin
741 4526 964 4594 quisque
993 4535 1228 4577 vestrum
1259 4523 1519 4590 admittit,
1551 4525 1637 4577 illa
1672 4534 1884 4592 peccata
1916 4542 2035 4596 qua:

449 4620 606 4674 hodie
633 4618 768 4673 [uda
797 4627 920 4671 sunt
946 4631 1274 4682 recenseam,
1292 4616 1498 4671 etiamsi
1521 4632 1626 4670 non
1661 4617 1830 4670 norim
1857 4617 1907 4671 in
1932 4632 2038 4688 quo

451 4723 686 4768 vestrum
708 4712 900 4782 singuli
932 4710 1300 4780 peccaverint:
1328 4719 1560 4764 attamen
1593 4718 1732 4765 tanta
1775 4721 1855 4765 est
1899 4711 2038 4765 deli-

454 4816 662 4860 ctorum
703 4806 884 4876 copia,
921 4813 980 4860 ut
1019 4805 1064 4859 is
1093 4803 1274 4869 etiam,
1315 4803 1402 4873 qui
1429 4812 1676 4859 accurate
1713 4804 1888 4858 omnia
1933 4820 2036 4858 non

455 4898 604 4950 novit
627 4938 641 4961 ,
671 4898 832 4964 possit
865 4906 1044 4952 tamen
1072 4911 1134 4951 ex
1169 4897 1232 4950 iis
1262 4895 1426 4949 multa
1451 4909 1691 4964 carpere.
1741 4895 1870 4964 Quis
1913 4913 2040 4968 ergo

454 4996 695 5043 nostrum
725 5003 828 5040 non
859 4989 1036 5058 segnis
1067 4988 1160 5043 fuit
1190 4987 1242 5042 in
1281 4987 1526 5042 orando?
1564 4988 1680 5058 quis
1709 5003 1814 5042 non
1855 4988 1906 5042 in
1946 5003 2040 5041 su-

456 5078 696 5148 perbiam
737 5078 959 5132 incidit?
994 5081 1111 5148 quis
1153 5096 1258 5134 non
1307 5081 1357 5134 in
1396 5095 1587 5135 vanam
1631 5081 1895 5151 gloriam?
1923 5083 2042 5151 quis

457 5187 564 5225 non
597 5169 663 5224 de
693 5170 867 5223 fratris
894 5169 973 5223 sui
1007 5169 1141 5224 fama
1175 5171 1442 5238 detraxit,
1488 5188 1587 5226 uec
1617 5173 1809 5228 malam
1840 5188 2040 5229 concu-

457 5262 770 5333 piscentiam
819 5259 1063 5315 admisit?
1101 5262 1219 5330 quis
1264 5276 1368 5316 non
1415 5263 1696 5332 impudicis
1736 5265 1906 5320 oculis
1953 5281 2042 5319 re-

459 5354 673 5424 spexit?
701 5357 820 5424 quis
850 5369 955 5408 non
989 5353 1184 5406 inimici
1214 5368 1332 5407 cum
1362 5355 1521 5408 animi
1565 5363 1711 5410 motu
1737 5357 2045 5414 recordatus

456 5449 580 5503 est?
608 5449 728 5518 quis
757 5463 861 5502 nor.
893 5461 986 5502 cor
1014 5461 1170 5502 suum
1198 5456 1406 5503 tumore
1430 5449 1693 5520 replevit?
1723 5450 1874 5519 Quod
1915 5453 1958 5506 si
1992 5454 2042 5508 in

462 5540 682 5595 ecclesia
713 5555 834 5595 cum
864 5541 1065 5607 simus,
1093 5540 1345 5610 brevique
1385 5548 1623 5611 tempore
1666 5550 1742 5597 tot
1784 5543 2044 5600 malorum

463 5631 537 5684 rei
569 5631 689 5686 facti
721 5647 935 5694 sumus,
967 5635 1182 5702 quinam
1209 5631 1407 5686 erimus
1428 5671 1444 5696 ,
1477 5631 1600 5687 inde
1625 5635 1865 5703 egressi?
1903 5637 1947 5690 si
1993 5637 2044 5690 in

465 5732 620 5793 portu
655 5735 729 5781 tot
759 5724 944 5781 fluctus
967 5765 982 5792 ,
1021 5741 1142 5781 cum
1172 5725 1373 5797 egressi
1413 5726 1670 5782 fuerimus
1710 5728 1762 5782 in
1799 5728 2042 5797 euripum

1137 266 1194 322 S.
1235 265 1513 323 JOANNIS
1549 265 2020 324 CHRYSOSTOMI
2063 267 2374 326 ARCHIEP.
2415 271 2944 333 CONSTANTlNOP.

3587 279 3696 336 εδι

2111 387 2388 454 malorum,
2425 389 2474 442 in
2506 390 2676 445 forum
2705 392 2842 455 dico,
2868 400 2921 448 et
2950 392 3147 447 urbana
3179 392 3410 464 negotia,
3441 391 3695 448 domesti«

2107 494 2300 550 easque
2325 498 2500 549 curas,
2534 501 2597 537 an
2632 487 2921 554 poterimus
2948 486 3032 541 vel
3063 501 3160 540 nos
3192 486 3334 555 ipsos
3363 487 3692 556 agnoscere?

2106 573 2352 629 Attamen
2385 576 2448 630 ad
2483 584 2555 630 tot
2590 586 2835 648 tantaque
2859 578 3082 632 eluenda
3108 589 3321 648 peccata
3349 580 3697 648 compendio-

2105 680 2217 718 sam
2245 667 2397 721 nobis
2422 676 2474 722 et
2502 669 2704 724 facilem
2729 669 2881 724 nobis
2909 671 3044 725 Deus
3064 671 3200 724 viam
3229 669 3411 736 dedit,
3443 672 3696 741 omnique

2104 755 2287 810 labore
2325 773 2564 812 vacuam.
2599 760 2728 827 Quis
2767 760 2916 814 labor
2954 760 3130 824 enim,
3166 761 3409 830 injuriam
3444 760 3695 816 inferenti

2105 848 2407 906 dimittere?
2437 851 2614 907 Labor
2639 853 2816 922 utique
2845 863 2926 908 est
2967 853 3020 908 in
3057 869 3165 908 non
3195 852 3514 908 remittendo
3538 895 3551 918 ,
3599 853 3694 908 sed

2105 942 2384 997 retinendo
2407 943 2766 1009 inimicitiam;
2792 956 2847 998 ut
2869 961 2898 1000 e
2920 945 3188 1000 contrario
3211 945 3253 999 si
3277 946 3351 999 ira
3375 944 3689 1015 deponatur,

2107 1032 2158 1086 id
2201 1049 2442 1104 magnam
2486 1035 2622 1104 parit
2663 1036 3137 1107 tranquillitatem,
3171 1050 3364 1107 resque
3407 1035 3694 1091 admodum

2106 1134 2188 1177 est
2213 1125 2407 1180 volenti
2440 1125 2626 1181 facilis.

2178 1217 2230 1272 8.
2279 1217 2486 1271 Precari
2515 1230 2689 1273 contra
2718 1220 2946 1275 inimicos
2973 1237 3124 1290 quam
3154 1221 3290 1274 mala
3317 1237 3493 1275 res.—-
3510 1220 3693 1292 Neque

2107 1311 2246 1364 enim
2275 1327 2407 1380 opus
2439 1320 2520 1365 est
2549 1313 2713 1367 maria
2745 1311 3088 1368 transfretare
3113 1354 3126 1375 ,
3160 1328 3331 1383 neque
3360 1313 3573 1383 longam
3597 1329 3697 1384 pe-

2107 1401 2521 1470 regrinationem
2553 1404 2825 1472 suscipere
2848 1445 2862 1469 ,
2903 1417 3080 1473 neque
3108 1404 3366 1458 montium
3405 1403 3527 1474 juga
3559 1419 3694 1458 con-

2109 1492 2397 1559 scendere,
2433 1509 2605 1564 neque
2635 1495 2887 1563 pecunias
2916 1494 3222 1564 impendere
3244 1537 3258 1561 ,
3293 1510 3464 1564 neque
3501 1509 3697 1564 corpus

2107 1597 2400 1646 macerare,
2425 1585 2518 1638 sed
2545 1585 2681 1640 velle
2708 1594 2911 1640 tantum
2940 1586 3163 1650 sufficit,
3194 1597 3247 1640 et
3271 1587 3448 1640 omnia
3482 1596 3696 1655 peccata

2108 1677 2406 1732 solvuntur.
2436 1677 2490 1733 Si
2521 1693 2649 1734 vero
2677 1694 2781 1732 non
2810 1679 2982 1733 solum
3013 1678 3128 1748 ipse
3167 1693 3271 1732 non
3298 1679 3568 1745 remittas,
3599 1677 3696 1733 sed

2107 1768 2267 1823 etiam
2298 1770 2462 1825 Deum
2489 1780 2671 1825 contra
2693 1770 2843 1825 illum
2873 1770 3131 1840 preceris,
3153 1785 3310 1842 quam
3334 1780 3516 1839 postea
3543 1785 3696 1840 spem

2117 1859 2314 1914 salutis
2337 1856 2578 1922 habebis,
2595 1871 2702 1924 quo
2722 1865 2963 1926 tempore
3000 1856 3111 1912 Deo
3143 1857 3416 1926 supplicas
3433 1856 3698 1926 illumque

2118 1950 2411 2020 propitiare
2423 1949 2596 2017 cupis,
2611 1957 2739 2002 tunc
2755 1947 2932 2016 ipsum
2947 1961 3301 2017 exasperans:
3327 1948 3583 2017 supplicis
3602 1949 3700 2003 ha-

2118 2041 2230 2096 bitu
2251 2040 2376 2094 ferae
2402 2054 2586 2094 vocem
2605 2039 2876 2103 emittens,
2892 2046 2945 2092 et
2973 2039 3073 2093 tela
3101 2039 3318 2108 maligni
3340 2038 3486 2093 illius
3505 2047 3696 2093 contra

2117 2134 2350 2204 teipsum
2368 2131 2679 2201 ejaculans?
2699 2131 2822 2185 Ideo
2839 2129 3039 2185 Paulus
3055 2146 3178 2185 cum
3197 2130 3263 2186 de
3277 2131 3524 2185 oratione
3540 2146 3696 2185 meu-

2119 2229 2321 2283 tionem
2345 2225 2564 2292 faceret,
2581 2225 2714 2279 nihil
2737 2224 2908 2294 magis
2924 2223 3228 2292 requisivit,
3251 2238 3414 2292 quam
3435 2222 3569 2292 legis
3589 2223 3695 2276 lm-

2114 2321 2204 2392 jus
2216 2319 2644 2375 observationem
2668 2337 2678 2370 :
2701 2317 2972 2379 Levantes,
2997 2315 3187 2385 inquit,
3205 2331 3366 2383 puras
3384 2331 3567 2367 manus
3581 2316 3697 2368 sine

2116 2414 2199 2466 ira
2212 2419 2260 2465 et
2277 2409 2700 2478 disceptatioue(f
2716 2406 3079 2472 .Tim.2.8).Si
3093 2407 3235 2460 enim
3251 2421 3372 2460 cum
3391 2407 3696 2460 misericor-

2116 2500 2200 2555 dia
2231 2513 2364 2571 opus
2393 2498 2557 2553 habes
2577 2541 2591 2566 ,
2637 2512 2705 2552 ne
2749 2507 2872 2552 tunc
2902 2497 3113 2566 quidem
3147 2496 3276 2548 iram
3308 2494 3565 2558 remittis,
3609 2492 3704 2545 sed

2117 2590 2257 2644 illam
2290 2589 2545 2644 memoria
2575 2589 2772 2644 retines
2797 2629 2812 2652 ,
2842 2589 2942 2642 etsi
2983 2586 3122 2640 scias
3161 2595 3210 2640 te
3252 2594 3435 2639 contra
3477 2584 3705 2652 teipsum

2116 2677 2347 2752 gladium
2381 2681 2685 2751 impellere,
2727 2679 2940 2749 quando
2971 2678 3168 2747 poteris
3208 2691 3328 2732 esse
3366 2676 3706 2736 misericors,

2118 2784 2172 2828 et
2202 2775 2301 2829 hoc
2331 2774 2528 2828 malum
2573 2773 2822 2843 nequitia:
2863 2787 3128 2826 venenum
3158 2769 3440 2825 evomere?
3467 2767 3616 2836 Quod
3660 2767 3713 2821 si

2119 2867 2354 2921 nondum
2395 2866 2736 2921 absurditatis
2777 2864 2996 2934 hujusce
3037 2862 3453 2933 magnitudinem
3492 2860 3708 2925 videas,

2122 2957 2350 3025 idipsmn
2383 2956 2520 3026 apud
2549 2956 2793 3011 homines
2823 2954 3021 3008 factum
3043 2953 3212 3022 cogita
3231 2994 3245 3019 ,
3274 2959 3327 3006 et
3356 2960 3482 3005 tune
3507 2949 3711 3004 vidi-bis

2122 3049 2461 3104 contumelia:
2487 3049 2590 3102 vim
2619 3063 2881 3116 magnam.
2906 3045 2959 3102 Si
2990 3047 3130 3102 enim
3163 3053 3212 3098 te
3241 3043 3510 3097 hominem
3540 3040 3715 3095 adiret

2124 3143 2383 3212 quispiam
2415 3141 2738 3211 supplicans,
2764 3149 2817 3192 ut
2837 3139 2953 3209 ejus
2978 3137 3301 3203 miserearis,
3331 3133 3521 3190 deinde
3541 3176 3556 3200 ,
3589 3149 3711 3186 cum

2127 3235 2272 3289 humi
2300 3243 2497 3288 stratus
2521 3233 2726 3303 jaceret
2745 3273 2758 3295 ,
2790 3230 3062 3284 inimicum
3089 3229 3323 3291 videret,
3350 3235 3406 3281 et
3432 3235 3481 3278 te
3509 3224 3712 3294 precari

2126 3329 2393 3394 desinens,
2429 3327 2574 3380 illum
2597 3334 2928 3396 percuteret,
2952 3339 3126 3377 annon
3151 3321 3273 3376 hinc
3302 3320 3556 3389 majorem
3579 3318 3713 3370 iram

2127 3419 2476 3489 coneiperes?
2506 3417 2618 3473 Hoc
2659 3417 2829 3487 cogita
2875 3425 2928 3470 et
2968 3415 3018 3467 in
3053 3415 3160 3467 Deo
3189 3410 3451 3466 accidere.
3485 3407 3616 3462 Nam
3659 3417 3720 3462 tu

2128 3527 2337 3582 quoque
2360 3511 2486 3565 dum
2515 3511 2624 3565 Deo
2651 3509 2917 3579 supplicas
2938 3548 2952 3572 ,
2985 3505 3365 3575 supplicatione
3391 3502 3602 3556 interim
3631 3516 3717 3553 re-

2132 3605 2251 3658 licta
2275 3643 2291 3666 ,
2325 3602 2595 3656 inimicum
2623 3599 2780 3654 dictis
2805 3599 3055 3652 verberas
3075 3638 3089 3659 ,
3123 3605 3176 3648 et
3216 3594 3307 3647 Dei
3347 3594 3494 3662 leges
3526 3599 3717 3645 contu-

2131 3695 2286 3749 melia
2314 3692 2482 3748 allicis
2504 3735 2518 3759 ,
2549 3692 2672 3746 dum
2705 3690 2851 3744 illum
2897 3689 2984 3758 qui
3032 3687 3146 3755 lege
3179 3685 3447 3754 pneecpit,
3483 3691 3538 3735 ut
3586 3683 3722 3735 iram

2133 3785 2389 3839 adversus
2417 3797 2510 3838 eos
2536 3783 2623 3854 qui
2667 3797 2765 3835 nos
2807 3779 2998 3850 injuria
3038 3778 3311 3832 affecerint
3349 3775 3716 3844 deponamus,

2133 3881 2380 3942 invocas,
2413 3891 2673 3947 rogasque
2703 3885 2759 3928 ut
2786 3874 3065 3944 praeceptis
3103 3871 3215 3927 suis
3247 3869 3512 3925 contraria
3541 3868 3717 3922 faciat.

2134 3971 2249 4027 Non
2278 3986 2405 4041 ergo
2435 3970 2526 4023 tibi
2557 3968 2621 4023 ad
2653 3967 2938 4021 vindictam
2971 3966 3100 4018 satis
3127 3975 3229 4029 est,
3260 3963 3399 4033 quod
3427 3963 3596 4031 legem
3629 3959 3722 4014 Dei

2136 4062 2545 4133 trausgrediaris
2566 4103 2580 4126 ,
2613 4059 2706 4115 sed
2734 4070 2787 4113 et
2815 4059 2983 4128 ipsum
3015 4057 3112 4111 hoc
3149 4069 3204 4110 ut
3246 4054 3402 4110 faciat
3444 4053 3677 4124 precaris
3697 4052 3722 4104 ?

2136 4153 2400 4224 Numquid
2427 4168 2613 4208 eorum
2642 4166 2760 4221 qua:
2787 4150 3037 4220 praecepit
3066 4148 3260 4202 oblitus
3300 4147 3420 4201 est?
3465 4142 3721 4214 numquid

2137 4249 2280 4301 enim
2313 4246 2472 4301 homo
2501 4244 2698 4314 estqui
2732 4245 2845 4297 tunc
2881 4240 3054 4295 dixit?
3085 4241 3222 4295 Deus
3258 4246 3371 4304 est,
3413 4238 3501 4307 qui
3545 4237 3723 4290 omnia

2140 4339 2317 4404 novit,
2356 4347 2410 4394 et
2437 4338 2524 4408 qui
2564 4336 2678 4390 vult
2705 4337 2848 4405 leges
2877 4347 3001 4388 suas
3040 4341 3287 4387 accurate
3325 4330 3526 4386 servari
3557 4347 3572 4384 :
3604 4339 3723 4382 tau-

2143 4441 2362 4500 tumque
2385 4431 2539 4484 abest
2563 4439 2620 4482 ut
2647 4427 2806 4482 faciat
2831 4426 2918 4480 illa
2943 4441 3061 4494 qure
3089 4423 3327 4494 postulas
3346 4463 3362 4490 ,
3394 4433 3452 4476 ut
3480 4423 3640 4476 etiam
3673 4431 3725 4475 te

2140 4526 2230 4596 qui
2261 4527 2374 4580 haec
2400 4523 2532 4578 dicis
2559 4563 2573 4587 ,
2616 4530 2818 4575 tantum
2849 4519 2969 4590 quia
3009 4518 3143 4574 dicis
3171 4526 3469 4582 aversetur,
3497 4516 3726 4585 odioque

2145 4618 2351 4682 habeat,
2371 4623 2768 4682 extremamque
2787 4612 2882 4666 abs
2907 4619 2956 4664 te
2977 4625 3186 4679 pinnam
3211 4617 3433 4678 repetat.
3449 4605 3728 4675 Quomodo

2144 4713 2302 4782 igitur
2347 4711 2414 4764 ab
2458 4709 2547 4763 illo
2585 4707 2836 4777 consequi
2867 4706 3102 4775 postulas
3131 4717 3191 4759 ea
3231 4718 3349 4774 qua:
3378 4715 3587 4757 summo
3615 4710 3725 4754 stu-

2143 4803 2232 4857 dio
2255 4803 2420 4856 vitare
2449 4802 2560 4870 ipse
2584 4799 2861 4870 praecipit?
2884 4797 2987 4852 Sed
3014 4795 3227 4866 quidam
3257 4803 3378 4849 sunt
3407 4793 3495 4862 qui
3522 4791 3587 4845 ad
3615 4800 3726 4844 tan-

2143 4905 2251 4949 tam
2300 4894 2584 4948 amentiam
2635 4896 3042 4960 processerunt,
3092 4895 3148 4940 ut
3196 4902 3298 4940 non
3344 4885 3502 4939 modo
3545 4891 3725 4938 contra

2147 4987 2393 5042 inimicos
2421 4991 2722 5054 precentur,
2750 4980 2843 5036 sed
2869 4982 3030 5035 etiam
3060 4978 3180 5032 filiis
3210 4979 3443 5047 ipsorum
3472 4976 3608 5030 mala
3639 4976 3735 5029 im-

2147 5089 2452 5150 precentur,
2484 5086 2644 5145 atque
2673 5075 2832 5129 etiam
2860 5072 2905 5126 si
2934 5072 3116 5126 liceret
3143 5071 3377 5139 ipsorum
3405 5081 3593 5122 carnes
3629 5065 3728 5120 de-

2147 5183 2361 5245 gustare
2388 5171 2615 5233 vellent,
2647 5169 2753 5221 imo
2783 5176 2837 5220 et
2865 5165 3165 5235 degustent.
3208 5161 3283 5216 Nc
3325 5160 3454 5214 mihi
3493 5158 3722 5219 dixeris,

2151 5275 2201 5320 te
2227 5264 2416 5319 dentes
2443 5276 2548 5316 non
2580 5259 2818 5313 infixisse
2846 5256 2898 5310 in
2926 5271 3119 5325 corpus
3138 5254 3252 5324 ejus
3279 5253 3368 5322 qui
3400 5249 3535 5305 laesit
3564 5267 3577 5303 :
3607 5262 3731 5303 nam

2149 5358 2317 5412 multo
2343 5354 2594 5418 ferocius,
2624 5361 2878 5422 quantum
2908 5350 2959 5402 in
2989 5358 3041 5402 te
3071 5346 3201 5408 fuit,
3236 5346 3287 5399 in
3316 5345 3463 5398 illum
3493 5341 3728 5401 swviisti,

2150 5466 2342 5520 rogans
2367 5447 2598 5516 desuper
2625 5447 2758 5501 iram
2786 5446 2838 5498 in
2870 5443 3016 5498 illum
3060 5439 3308 5506 immitti,
3352 5448 3407 5493 et
3447 5434 3732 5491 immortali

2152 5543 2286 5598 tradi
2331 5540 2622 5610 supplicio,
2669 5552 2895 5607 cumque
2957 5543 3068 5590 tcta
3107 5534 3267 5589 domo
3307 5532 3492 5587 everti.
3533 5529 3734 5597 Quibus

2155 5633 2267 5688 lure
2294 5631 2558 5687 morsibus
2603 5631 2842 5700 graviora
2885 5641 2989 5682 non
3037 5625 3198 5680 sunt?
3239 5623 3431 5694 quibus
3469 5622 3586 5676 telis
3630 5634 3732 5675 non

2157 5725 2466 5781 acerbiora?
2509 5723 2626 5780 Non
2657 5725 2769 5780 haec
2799 5731 2852 5778 te
2881 5721 3056 5776 docuit
3083 5717 3363 5783 Christus;
3405 5731 3510 5770 non
3555 5713 3632 5768 sic
3676 5727 3734 5768 os
