  <div class='ocr_page' id='page_1' title='image "/cluster/home/n/w/nwhite01/storage/ocr_20150623/57/mdp.39015008622600/214.png"; bbox 0 0 4080 6138; ppageno 0'>
   <div class='ocr_carea' id='block_1_1' title="bbox 434 294 540 354">
    <p class='ocr_par' dir='ltr' id='par_1_1' title="bbox 434 294 540 354">
     <span class='ocr_line' id='line_1_1' title="bbox 434 294 540 354; baseline 0.028 -3"><span class='ocrx_word' id='word_1_1' title='bbox 434 294 540 354; x_wconf 73' lang='lat'><strong>9.85</strong></span> 
     </span>
    </p>
   </div>
   <div class='ocr_carea' id='block_1_2' title="bbox 431 410 2026 487">
    <p class='ocr_par' dir='ltr' id='par_1_2' title="bbox 431 410 2026 487">
     <span class='ocr_line' id='line_1_2' title="bbox 431 410 2026 487; baseline 0.007 -26"><span class='ocrx_word' id='word_1_2' title='bbox 431 417 715 465; x_wconf 75' lang='lat' dir='ltr'><strong>cruentare</strong></span> <span class='ocrx_word' id='word_1_3' title='bbox 752 410 930 480; x_wconf 78' lang='lat' dir='ltr'><strong>jussit.</strong></span> <span class='ocrx_word' id='word_1_4' title='bbox 979 411 1110 468; x_wconf 84' lang='lat' dir='ltr'><strong>Nam</strong></span> <span class='ocrx_word' id='word_1_5' title='bbox 1155 412 1461 485; x_wconf 88' lang='lat' dir='ltr'><strong>hujusmodi</strong></span> <span class='ocrx_word' id='word_1_6' title='bbox 1502 416 1695 487; x_wconf 83' lang='lat' dir='ltr'><strong>lingua:</strong></span> <span class='ocrx_word' id='word_1_7' title='bbox 1737 423 2026 472; x_wconf 76' lang='lat' dir='ltr'><strong>cruentatis</strong></span> 
     </span>
    </p>
   </div>
   <div class='ocr_carea' id='block_1_3' title="bbox 434 500 2025 578">
    <p class='ocr_par' dir='ltr' id='par_1_3' title="bbox 434 500 2025 578">
     <span class='ocr_line' id='line_1_3' title="bbox 434 500 2025 578; baseline 0.008 -25"><span class='ocrx_word' id='word_1_8' title='bbox 434 500 672 555; x_wconf 85' lang='lat' dir='ltr'><strong>humano</strong></span> <span class='ocrx_word' id='word_1_9' title='bbox 708 505 967 574; x_wconf 82' lang='lat' dir='ltr'><strong>sanguine</strong></span> <span class='ocrx_word' id='word_1_10' title='bbox 1011 506 1192 562; x_wconf 86' lang='lat' dir='ltr'><strong>buccis</strong></span> <span class='ocrx_word' id='word_1_11' title='bbox 1231 519 1356 562; x_wconf 90' lang='lat' dir='ltr'><strong>sunt</strong></span> <span class='ocrx_word' id='word_1_12' title='bbox 1385 509 1702 566; x_wconf 81' lang='lat' dir='ltr'><strong>deteriores.</strong></span> <span class='ocrx_word' id='word_1_13' title='bbox 1743 509 2025 578; x_wconf 84' lang='lat' dir='ltr'><strong>Quomodo</strong></span> 
     </span>
    </p>
   </div>
   <div class='ocr_carea' id='block_1_4' title="bbox 435 593 2025 672">
    <p class='ocr_par' dir='ltr' id='par_1_4' title="bbox 435 593 2025 672">
     <span class='ocr_line' id='line_1_4' title="bbox 435 593 2025 672; baseline 0.006 -22"><span class='ocrx_word' id='word_1_14' title='bbox 435 593 596 667; x_wconf 77' lang='lat' dir='ltr'><strong>igitur</strong></span> <span class='ocrx_word' id='word_1_15' title='bbox 625 595 842 653; x_wconf 80' lang='lat' dir='ltr'><strong>fratrem</strong></span> <span class='ocrx_word' id='word_1_16' title='bbox 870 600 1252 670; x_wconf 83' lang='lat' dir='ltr'><strong>amplecteris?</strong></span> <span class='ocrx_word' id='word_1_17' title='bbox 1277 603 1545 672; x_wconf 89' lang='lat' dir='ltr'><strong>quomodo</strong></span> <span class='ocrx_word' id='word_1_18' title='bbox 1568 603 1886 659; x_wconf 91' lang='lat' dir='ltr'><strong>sacrillcium</strong></span> <span class='ocrx_word' id='word_1_19' title='bbox 1910 615 2025 659; x_wconf 87' lang='lat' dir='ltr'><strong>tan-</strong></span> 
     </span>
    </p>
   </div>
   <div class='ocr_carea' id='block_1_5' title="bbox 433 684 2022 763">
    <p class='ocr_par' dir='ltr' id='par_1_5' title="bbox 433 684 2022 763">
     <span class='ocr_line' id='line_1_5' title="bbox 433 684 2022 763; baseline 0.006 -25"><span class='ocrx_word' id='word_1_20' title='bbox 433 684 563 754; x_wconf 83' lang='lat' dir='ltr'><strong>ges?</strong></span> <span class='ocrx_word' id='word_1_21' title='bbox 583 687 852 756; x_wconf 91' lang='lat' dir='ltr'><strong>quomodo</strong></span> <span class='ocrx_word' id='word_1_22' title='bbox 877 691 1186 760; x_wconf 88' lang='lat' dir='ltr'><strong>sanguinem</strong></span> <span class='ocrx_word' id='word_1_23' title='bbox 1213 691 1536 748; x_wconf 75' lang='lat' dir='ltr'><strong>dominicum</strong></span> <span class='ocrx_word' id='word_1_24' title='bbox 1564 691 1888 763; x_wconf 74' lang='lat' dir='ltr'><strong>degustabis,</strong></span> <span class='ocrx_word' id='word_1_25' title='bbox 1915 702 2022 748; x_wconf 89' lang='lat' dir='ltr'><strong>tam</strong></span> 
     </span>
    </p>
   </div>
   <div class='ocr_carea' id='block_1_6' title="bbox 433 776 2020 854">
    <p class='ocr_par' dir='ltr' id='par_1_6' title="bbox 433 776 2020 854">
     <span class='ocr_line' id='line_1_6' title="bbox 433 776 2020 854; baseline 0.008 -25"><span class='ocrx_word' id='word_1_26' title='bbox 433 776 607 830; x_wconf 87' lang='lat' dir='ltr'><strong>dirum</strong></span> <span class='ocrx_word' id='word_1_27' title='bbox 636 779 816 833; x_wconf 89' lang='lat' dir='ltr'><strong>animo</strong></span> <span class='ocrx_word' id='word_1_28' title='bbox 843 796 1104 837; x_wconf 87' lang='lat' dir='ltr'><strong>venenum</strong></span> <span class='ocrx_word' id='word_1_29' title='bbox 1133 785 1396 839; x_wconf 85' lang='lat' dir='ltr'><strong>servans?</strong></span> <span class='ocrx_word' id='word_1_30' title='bbox 1432 785 1656 854; x_wconf 83' lang='lat' dir='ltr'><strong>Quando</strong></span> <span class='ocrx_word' id='word_1_31' title='bbox 1683 786 1824 842; x_wconf 91' lang='lat' dir='ltr'><strong>enim</strong></span> <span class='ocrx_word' id='word_1_32' title='bbox 1855 786 1986 841; x_wconf 90' lang='lat' dir='ltr'><strong>dicis</strong></span> <span class='ocrx_word' id='word_1_33' title='bbox 2005 827 2020 852; x_wconf 92' lang='lat'><strong>,</strong></span> 
     </span>
    </p>
   </div>
   <div class='ocr_carea' id='block_1_7' title="bbox 437 870 2026 946">
    <p class='ocr_par' dir='ltr' id='par_1_7' title="bbox 437 870 2026 946">
     <span class='ocr_line' id='line_1_7' title="bbox 437 870 2026 946; baseline 0.006 -22"><span class='ocrx_word' id='word_1_34' title='bbox 437 870 690 940; x_wconf 88' lang='lat' dir='ltr'><strong>Discerpe</strong></span> <span class='ocrx_word' id='word_1_35' title='bbox 718 872 895 940; x_wconf 90' lang='lat' dir='ltr'><strong>illum,</strong></span> <span class='ocrx_word' id='word_1_36' title='bbox 928 875 1046 945; x_wconf 87' lang='lat' dir='ltr'><strong>ejus</strong></span> <span class='ocrx_word' id='word_1_37' title='bbox 1070 876 1284 931; x_wconf 91' lang='lat' dir='ltr'><strong>domum</strong></span> <span class='ocrx_word' id='word_1_38' title='bbox 1316 887 1528 944; x_wconf 79' lang='lat' dir='ltr'><strong>everte,</strong></span> <span class='ocrx_word' id='word_1_39' title='bbox 1557 881 1734 933; x_wconf 90' lang='lat' dir='ltr'><strong>omnia</strong></span> <span class='ocrx_word' id='word_1_40' title='bbox 1765 877 1944 946; x_wconf 90' lang='lat' dir='ltr'><strong>perde,</strong></span> <span class='ocrx_word' id='word_1_41' title='bbox 1971 887 2026 934; x_wconf 89' lang='lat' dir='ltr'><strong>et</strong></span> 
     </span>
    </p>
   </div>
   <div class='ocr_carea' id='block_1_8' title="bbox 431 965 2025 1038">
    <p class='ocr_par' dir='ltr' id='par_1_8' title="bbox 431 965 2025 1038">
     <span class='ocr_line' id='line_1_8' title="bbox 431 965 2025 1038; baseline 0.004 -20"><span class='ocrx_word' id='word_1_42' title='bbox 431 965 592 1020; x_wconf 82' lang='lat' dir='ltr'><strong>exitia</strong></span> <span class='ocrx_word' id='word_1_43' title='bbox 616 965 761 1021; x_wconf 89' lang='lat' dir='ltr'><strong>mille</strong></span> <span class='ocrx_word' id='word_1_44' title='bbox 785 967 1100 1036; x_wconf 90' lang='lat' dir='ltr'><strong>imprecaris</strong></span> <span class='ocrx_word' id='word_1_45' title='bbox 1117 1010 1132 1036; x_wconf 91' lang='lat'><strong>,</strong></span> <span class='ocrx_word' id='word_1_46' title='bbox 1162 969 1292 1023; x_wconf 83' lang='lat' dir='ltr'><strong>nihil</strong></span> <span class='ocrx_word' id='word_1_47' title='bbox 1318 969 1384 1026; x_wconf 91' lang='lat' dir='ltr'><strong>ab</strong></span> <span class='ocrx_word' id='word_1_48' title='bbox 1407 969 1672 1026; x_wconf 89' lang='lat' dir='ltr'><strong>homicida</strong></span> <span class='ocrx_word' id='word_1_49' title='bbox 1696 969 1900 1038; x_wconf 84' lang='lat' dir='ltr'><strong>dill‘ers,</strong></span> <span class='ocrx_word' id='word_1_50' title='bbox 1925 985 2025 1027; x_wconf 90' lang='lat' dir='ltr'><strong>nec</strong></span> 
     </span>
    </p>
   </div>
   <div class='ocr_carea' id='block_1_9' title="bbox 428 1054 1376 1115">
    <p class='ocr_par' dir='ltr' id='par_1_9' title="bbox 428 1054 1376 1115">
     <span class='ocr_line' id='line_1_9' title="bbox 428 1054 1376 1115; baseline 0.006 -7"><span class='ocrx_word' id='word_1_51' title='bbox 428 1069 459 1108; x_wconf 88' lang='lat' dir='ltr'><strong>a</strong></span> <span class='ocrx_word' id='word_1_52' title='bbox 490 1054 600 1110; x_wconf 88' lang='lat' dir='ltr'><strong>fera</strong></span> <span class='ocrx_word' id='word_1_53' title='bbox 630 1057 886 1113; x_wconf 86' lang='lat' dir='ltr'><strong>humanas</strong></span> <span class='ocrx_word' id='word_1_54' title='bbox 914 1073 1104 1114; x_wconf 89' lang='lat' dir='ltr'><strong>carnes</strong></span> <span class='ocrx_word' id='word_1_55' title='bbox 1131 1069 1376 1115; x_wconf 91' lang='lat' dir='ltr'><strong>vorante.</strong></span> 
     </span>
    </p>
   </div>
   <div class='ocr_carea' id='block_1_10' title="bbox 501 1147 2020 1223">
    <p class='ocr_par' dir='ltr' id='par_1_10' title="bbox 501 1147 2020 1223">
     <span class='ocr_line' id='line_1_10' title="bbox 501 1147 2020 1223; baseline 0.003 -21"><span class='ocrx_word' id='word_1_56' title='bbox 501 1147 556 1202; x_wconf 86' lang='lat'><strong>9.</strong></span> <span class='ocrx_word' id='word_1_57' title='bbox 589 1148 739 1203; x_wconf 86' lang='lat' dir='ltr'><strong>llunc</strong></span> <span class='ocrx_word' id='word_1_58' title='bbox 763 1151 936 1219; x_wconf 86' lang='lat' dir='ltr'><strong>itaque</strong></span> <span class='ocrx_word' id='word_1_59' title='bbox 957 1151 1202 1206; x_wconf 87' lang='lat' dir='ltr'><strong>morbum</strong></span> <span class='ocrx_word' id='word_1_60' title='bbox 1227 1152 1560 1223; x_wconf 89' lang='lat' dir='ltr'><strong>deponamus</strong></span> <span class='ocrx_word' id='word_1_61' title='bbox 1582 1162 1742 1222; x_wconf 89' lang='lat' dir='ltr'><strong>atque</strong></span> <span class='ocrx_word' id='word_1_62' title='bbox 1765 1152 2020 1218; x_wconf 86' lang='lat' dir='ltr'><strong>furorem,</strong></span> 
     </span>
    </p>
   </div>
   <div class='ocr_carea' id='block_1_11' title="bbox 432 1237 2023 1312">
    <p class='ocr_par' dir='ltr' id='par_1_11' title="bbox 432 1237 2023 1312">
     <span class='ocr_line' id='line_1_11' title="bbox 432 1237 2023 1312; baseline 0.002 -19"><span class='ocrx_word' id='word_1_63' title='bbox 432 1247 486 1293; x_wconf 87' lang='lat' dir='ltr'><strong>et</strong></span> <span class='ocrx_word' id='word_1_64' title='bbox 518 1237 942 1295; x_wconf 80' lang='lat' dir='ltr'><strong>benevolentiam</strong></span> <span class='ocrx_word' id='word_1_65' title='bbox 966 1283 980 1307; x_wconf 91' lang='lat'><strong>,</strong></span> <span class='ocrx_word' id='word_1_66' title='bbox 1027 1249 1086 1296; x_wconf 90' lang='lat' dir='ltr'><strong>ut</strong></span> <span class='ocrx_word' id='word_1_67' title='bbox 1122 1243 1320 1312; x_wconf 85' lang='lat' dir='ltr'><strong>jussit,</strong></span> <span class='ocrx_word' id='word_1_68' title='bbox 1365 1243 1711 1298; x_wconf 81' lang='lat' dir='ltr'><strong>exhibeamus</strong></span> <span class='ocrx_word' id='word_1_69' title='bbox 1739 1258 1863 1312; x_wconf 85' lang='lat' dir='ltr'><strong>erga</strong></span> <span class='ocrx_word' id='word_1_70' title='bbox 1904 1242 2023 1296; x_wconf 91' lang='lat' dir='ltr'><strong>illos</strong></span> 
     </span>
    </p>
   </div>
   <div class='ocr_carea' id='block_1_12' title="bbox 433 1329 2023 1403">
    <p class='ocr_par' dir='ltr' id='par_1_12' title="bbox 433 1329 2023 1403">
     <span class='ocr_line' id='line_1_12' title="bbox 433 1329 2023 1403; baseline 0.003 -20"><span class='ocrx_word' id='word_1_71' title='bbox 433 1329 522 1400; x_wconf 90' lang='lat' dir='ltr'><strong>qui</strong></span> <span class='ocrx_word' id='word_1_72' title='bbox 557 1345 656 1385; x_wconf 90' lang='lat' dir='ltr'><strong>nos</strong></span> <span class='ocrx_word' id='word_1_73' title='bbox 685 1331 968 1398; x_wconf 67' lang='lat' dir='ltr'><strong>laeserunt,</strong></span> <span class='ocrx_word' id='word_1_74' title='bbox 1012 1340 1072 1388; x_wconf 87' lang='lat' dir='ltr'><strong>ut</strong></span> <span class='ocrx_word' id='word_1_75' title='bbox 1109 1333 1310 1389; x_wconf 87' lang='lat' dir='ltr'><strong>similes</strong></span> <span class='ocrx_word' id='word_1_76' title='bbox 1339 1335 1508 1389; x_wconf 90' lang='lat' dir='ltr'><strong>simus</strong></span> <span class='ocrx_word' id='word_1_77' title='bbox 1537 1334 1712 1389; x_wconf 89' lang='lat' dir='ltr'><strong>Patris</strong></span> <span class='ocrx_word' id='word_1_78' title='bbox 1741 1334 1906 1389; x_wconf 89' lang='lat' dir='ltr'><strong>nostri</strong></span> <span class='ocrx_word' id='word_1_79' title='bbox 1933 1333 2023 1403; x_wconf 88' lang='lat' dir='ltr'><strong>qui</strong></span> 
     </span>
    </p>
   </div>
   <div class='ocr_carea' id='block_1_13' title="bbox 432 1421 2021 1506">
    <p class='ocr_par' dir='ltr' id='par_1_13' title="bbox 432 1421 2021 1506">
     <span class='ocr_line' id='line_1_13' title="bbox 432 1421 2021 1506; baseline 0.003 -32"><span class='ocrx_word' id='word_1_80' title='bbox 432 1421 485 1474; x_wconf 89' lang='lat' dir='ltr'><strong>in</strong></span> <span class='ocrx_word' id='word_1_81' title='bbox 509 1421 654 1475; x_wconf 76' lang='lat' dir='ltr'><strong>caelis</strong></span> <span class='ocrx_word' id='word_1_82' title='bbox 678 1431 782 1477; x_wconf 88' lang='lat' dir='ltr'><strong>est.</strong></span> <span class='ocrx_word' id='word_1_83' title='bbox 815 1423 1152 1492; x_wconf 89' lang='lat' dir='ltr'><strong>Deponemus</strong></span> <span class='ocrx_word' id='word_1_84' title='bbox 1181 1436 1358 1480; x_wconf 90' lang='lat' dir='ltr'><strong>autem</strong></span> <span class='ocrx_word' id='word_1_85' title='bbox 1379 1468 1394 1491; x_wconf 89' lang='lat'><strong>,</strong></span> <span class='ocrx_word' id='word_1_86' title='bbox 1426 1425 1470 1480; x_wconf 88' lang='lat' dir='ltr'><strong>si</strong></span> <span class='ocrx_word' id='word_1_87' title='bbox 1517 1435 1729 1494; x_wconf 87' lang='lat' dir='ltr'><strong>peccata</strong></span> <span class='ocrx_word' id='word_1_88' title='bbox 1761 1435 1939 1506; x_wconf 78' lang='lat' dir='ltr'><strong>nostra</strong></span> <span class='ocrx_word' id='word_1_89' title='bbox 1969 1425 2021 1479; x_wconf 90' lang='lat' dir='ltr'><strong>in</strong></span> 
     </span>
    </p>
   </div>
   <div class='ocr_carea' id='block_1_14' title="bbox 429 1515 2019 1582">
    <p class='ocr_par' dir='ltr' id='par_1_14' title="bbox 429 1515 2019 1582">
     <span class='ocr_line' id='line_1_14' title="bbox 429 1515 2019 1582; baseline 0.002 -16"><span class='ocrx_word' id='word_1_90' title='bbox 429 1515 742 1568; x_wconf 82' lang='lat' dir='ltr'><strong>memoriam</strong></span> <span class='ocrx_word' id='word_1_91' title='bbox 775 1529 1123 1581; x_wconf 82' lang='lat' dir='ltr'><strong>revocemus;</strong></span> <span class='ocrx_word' id='word_1_92' title='bbox 1166 1517 1210 1570; x_wconf 90' lang='lat' dir='ltr'><strong>si</strong></span> <span class='ocrx_word' id='word_1_93' title='bbox 1240 1518 1432 1571; x_wconf 90' lang='lat' dir='ltr'><strong>delicta</strong></span> <span class='ocrx_word' id='word_1_94' title='bbox 1461 1518 1642 1570; x_wconf 80' lang='lat' dir='ltr'><strong>omnia</strong></span> <span class='ocrx_word' id='word_1_95' title='bbox 1674 1529 1853 1582; x_wconf 87' lang='lat' dir='ltr'><strong>nostra</strong></span> <span class='ocrx_word' id='word_1_96' title='bbox 1897 1516 2019 1570; x_wconf 88' lang='lat' dir='ltr'><strong>dili-</strong></span> 
     </span>
    </p>
   </div>
   <div class='ocr_carea' id='block_1_15' title="bbox 427 1607 2019 1679">
    <p class='ocr_par' dir='ltr' id='par_1_15' title="bbox 427 1607 2019 1679">
     <span class='ocr_line' id='line_1_15' title="bbox 427 1607 2019 1679; baseline 0.001 -19"><span class='ocrx_word' id='word_1_97' title='bbox 427 1617 616 1674; x_wconf 81' lang='lat' dir='ltr'><strong>genter</strong></span> <span class='ocrx_word' id='word_1_98' title='bbox 643 1607 1011 1662; x_wconf 77' lang='lat' dir='ltr'><strong>esaminemus</strong></span> <span class='ocrx_word' id='word_1_99' title='bbox 1030 1649 1046 1674; x_wconf 92' lang='lat'><strong>,</strong></span> <span class='ocrx_word' id='word_1_100' title='bbox 1072 1623 1191 1677; x_wconf 76' lang='lat' dir='ltr'><strong>qua:</strong></span> <span class='ocrx_word' id='word_1_101' title='bbox 1221 1609 1390 1674; x_wconf 88' lang='lat' dir='ltr'><strong>intus,</strong></span> <span class='ocrx_word' id='word_1_102' title='bbox 1423 1624 1540 1679; x_wconf 74' lang='lat' dir='ltr'><strong>quze</strong></span> <span class='ocrx_word' id='word_1_103' title='bbox 1586 1607 1714 1663; x_wconf 87' lang='lat' dir='ltr'><strong>foris</strong></span> <span class='ocrx_word' id='word_1_104' title='bbox 1738 1650 1752 1674; x_wconf 92' lang='lat'><strong>,</strong></span> <span class='ocrx_word' id='word_1_105' title='bbox 1802 1623 1920 1677; x_wconf 81' lang='lat' dir='ltr'><strong>qme</strong></span> <span class='ocrx_word' id='word_1_106' title='bbox 1967 1608 2019 1662; x_wconf 90' lang='lat' dir='ltr'><strong>in</strong></span> 
     </span>
    </p>
   </div>
   <div class='ocr_carea' id='block_1_16' title="bbox 427 1695 2018 1767">
    <p class='ocr_par' dir='ltr' id='par_1_16' title="bbox 427 1695 2018 1767">
     <span class='ocr_line' id='line_1_16' title="bbox 427 1695 2018 1767; baseline 0.002 -17"><span class='ocrx_word' id='word_1_107' title='bbox 427 1695 564 1761; x_wconf 81' lang='lat' dir='ltr'><strong>foro,</strong></span> <span class='ocrx_word' id='word_1_108' title='bbox 598 1714 717 1767; x_wconf 75' lang='lat' dir='ltr'><strong>qua:</strong></span> <span class='ocrx_word' id='word_1_109' title='bbox 746 1699 798 1752; x_wconf 87' lang='lat' dir='ltr'><strong>in</strong></span> <span class='ocrx_word' id='word_1_110' title='bbox 826 1699 1070 1753; x_wconf 82' lang='lat' dir='ltr'><strong>ecclesia.</strong></span> <span class='ocrx_word' id='word_1_111' title='bbox 1101 1699 1229 1752; x_wconf 88' lang='lat' dir='ltr'><strong>Nam</strong></span> <span class='ocrx_word' id='word_1_112' title='bbox 1265 1699 1308 1754; x_wconf 91' lang='lat' dir='ltr'><strong>si</strong></span> <span class='ocrx_word' id='word_1_113' title='bbox 1351 1713 1456 1754; x_wconf 90' lang='lat' dir='ltr'><strong>non</strong></span> <span class='ocrx_word' id='word_1_114' title='bbox 1499 1699 1656 1753; x_wconf 81' lang='lat' dir='ltr'><strong>aliain</strong></span> <span class='ocrx_word' id='word_1_115' title='bbox 1688 1701 1756 1754; x_wconf 93' lang='lat' dir='ltr'><strong>ob</strong></span> <span class='ocrx_word' id='word_1_116' title='bbox 1783 1714 2018 1761; x_wconf 86' lang='lat' dir='ltr'><strong>causam,</strong></span> 
     </span>
    </p>
   </div>
   <div class='ocr_carea' id='block_1_17' title="bbox 429 1786 2020 1860">
    <p class='ocr_par' dir='ltr' id='par_1_17' title="bbox 429 1786 2020 1860">
     <span class='ocr_line' id='line_1_17' title="bbox 429 1786 2020 1860; baseline 0.003 -20"><span class='ocrx_word' id='word_1_117' title='bbox 429 1786 500 1841; x_wconf 71' lang='lat' dir='ltr'><strong>ob</strong></span> <span class='ocrx_word' id='word_1_118' title='bbox 525 1787 902 1858; x_wconf 77' lang='lat' dir='ltr'><strong>negligentiam</strong></span> <span class='ocrx_word' id='word_1_119' title='bbox 931 1798 1105 1842; x_wconf 88' lang='lat' dir='ltr'><strong>tamen</strong></span> <span class='ocrx_word' id='word_1_120' title='bbox 1129 1831 1144 1857; x_wconf 93' lang='lat'><strong>,</strong></span> <span class='ocrx_word' id='word_1_121' title='bbox 1176 1804 1334 1860; x_wconf 91' lang='lat' dir='ltr'><strong>quam</strong></span> <span class='ocrx_word' id='word_1_122' title='bbox 1367 1789 1452 1844; x_wconf 90' lang='lat' dir='ltr'><strong>hic</strong></span> <span class='ocrx_word' id='word_1_123' title='bbox 1480 1790 1813 1856; x_wconf 79' lang='lat' dir='ltr'><strong>exhibemus,</strong></span> <span class='ocrx_word' id='word_1_124' title='bbox 1841 1800 2020 1845; x_wconf 75' lang='lat' dir='ltr'><strong>extre-</strong></span> 
     </span>
    </p>
   </div>
   <div class='ocr_carea' id='block_1_18' title="bbox 430 1876 2016 1951">
    <p class='ocr_par' dir='ltr' id='par_1_18' title="bbox 430 1876 2016 1951">
     <span class='ocr_line' id='line_1_18' title="bbox 430 1876 2016 1951; baseline 0.004 -21"><span class='ocrx_word' id='word_1_125' title='bbox 430 1877 532 1930; x_wconf 87' lang='lat' dir='ltr'><strong>mis</strong></span> <span class='ocrx_word' id='word_1_126' title='bbox 555 1876 701 1947; x_wconf 72' lang='grc' dir='ltr'><strong>ὧδηί</strong></span> <span class='ocrx_word' id='word_1_127' title='bbox 731 1893 916 1933; x_wconf 91' lang='lat' dir='ltr'><strong>sumus</strong></span> <span class='ocrx_word' id='word_1_128' title='bbox 944 1879 1136 1948; x_wconf 65' lang='lat' dir='ltr'><strong>panis.</strong></span> <span class='ocrx_word' id='word_1_129' title='bbox 1168 1878 1301 1934; x_wconf 85' lang='lat' dir='ltr'><strong>Nam</strong></span> <span class='ocrx_word' id='word_1_130' title='bbox 1329 1880 1602 1951; x_wconf 74' lang='lat' dir='ltr'><strong>prophetis</strong></span> <span class='ocrx_word' id='word_1_131' title='bbox 1633 1881 1981 1951; x_wconf 89' lang='lat' dir='ltr'><strong>psallentibus</strong></span> <span class='ocrx_word' id='word_1_132' title='bbox 2001 1923 2016 1947; x_wconf 97' lang='lat'><strong>,</strong></span> 
     </span>
    </p>
   </div>
   <div class='ocr_carea' id='block_1_19' title="bbox 427 1971 2020 2044">
    <p class='ocr_par' dir='ltr' id='par_1_19' title="bbox 427 1971 2020 2044">
     <span class='ocr_line' id='line_1_19' title="bbox 427 1971 2020 2044; baseline 0.004 -22"><span class='ocrx_word' id='word_1_133' title='bbox 427 1971 685 2039; x_wconf 83' lang='lat' dir='ltr'><strong>apostolis</strong></span> <span class='ocrx_word' id='word_1_134' title='bbox 729 1972 965 2043; x_wconf 86' lang='lat' dir='ltr'><strong>hymnos</strong></span> <span class='ocrx_word' id='word_1_135' title='bbox 1008 1972 1360 2037; x_wconf 87' lang='lat' dir='ltr'><strong>canentibus,</strong></span> <span class='ocrx_word' id='word_1_136' title='bbox 1407 1974 1513 2028; x_wconf 85' lang='lat' dir='ltr'><strong>Deo</strong></span> <span class='ocrx_word' id='word_1_137' title='bbox 1558 1974 1844 2044; x_wconf 76' lang='lat' dir='ltr'><strong>lnquente,</strong></span> <span class='ocrx_word' id='word_1_138' title='bbox 1893 1973 2020 2029; x_wconf 85' lang='lat' dir='ltr'><strong>foris</strong></span> 
     </span>
    </p>
   </div>
   <div class='ocr_carea' id='block_1_20' title="bbox 429 2066 2018 2132">
    <p class='ocr_par' dir='ltr' id='par_1_20' title="bbox 429 2066 2018 2132">
     <span class='ocr_line' id='line_1_20' title="bbox 429 2066 2018 2132; baseline 0.003 -20"><span class='ocrx_word' id='word_1_139' title='bbox 429 2078 705 2132; x_wconf 79' lang='lat' dir='ltr'><strong>vagamur,</strong></span> <span class='ocrx_word' id='word_1_140' title='bbox 737 2075 790 2119; x_wconf 91' lang='lat' dir='ltr'><strong>et</strong></span> <span class='ocrx_word' id='word_1_141' title='bbox 821 2066 1157 2119; x_wconf 68' lang='lat' dir='ltr'><strong>swcularium</strong></span> <span class='ocrx_word' id='word_1_142' title='bbox 1189 2081 1368 2120; x_wconf 91' lang='lat' dir='ltr'><strong>rerum</strong></span> <span class='ocrx_word' id='word_1_143' title='bbox 1402 2066 1685 2120; x_wconf 89' lang='lat' dir='ltr'><strong>tumultum</strong></span> <span class='ocrx_word' id='word_1_144' title='bbox 1725 2066 1774 2118; x_wconf 92' lang='lat' dir='ltr'><strong>iu</strong></span> <span class='ocrx_word' id='word_1_145' title='bbox 1817 2081 1913 2120; x_wconf 89' lang='lat' dir='ltr'><strong>nos</strong></span> <span class='ocrx_word' id='word_1_146' title='bbox 1941 2066 2018 2118; x_wconf 90' lang='lat' dir='ltr'><strong>in-</strong></span> 
     </span>
    </p>
   </div>
   <div class='ocr_carea' id='block_1_21' title="bbox 429 2155 2019 2229">
    <p class='ocr_par' dir='ltr' id='par_1_21' title="bbox 429 2155 2019 2229">
     <span class='ocr_line' id='line_1_21' title="bbox 429 2155 2019 2229; baseline 0.003 -19"><span class='ocrx_word' id='word_1_147' title='bbox 429 2155 704 2221; x_wconf 85' lang='lat' dir='ltr'><strong>ducimus;</strong></span> <span class='ocrx_word' id='word_1_148' title='bbox 738 2173 911 2228; x_wconf 91' lang='lat' dir='ltr'><strong>neque</strong></span> <span class='ocrx_word' id='word_1_149' title='bbox 937 2168 1141 2212; x_wconf 89' lang='lat' dir='ltr'><strong>tantum</strong></span> <span class='ocrx_word' id='word_1_150' title='bbox 1169 2159 1361 2229; x_wconf 87' lang='lat' dir='ltr'><strong>quietis</strong></span> <span class='ocrx_word' id='word_1_151' title='bbox 1387 2168 1441 2213; x_wconf 94' lang='lat' dir='ltr'><strong>et</strong></span> <span class='ocrx_word' id='word_1_152' title='bbox 1468 2159 1665 2213; x_wconf 85' lang='lat' dir='ltr'><strong>silentii</strong></span> <span class='ocrx_word' id='word_1_153' title='bbox 1705 2159 2019 2214; x_wconf 87' lang='lat' dir='ltr'><strong>adhibemus</strong></span> 
     </span>
    </p>
   </div>
   <div class='ocr_carea' id='block_1_22' title="bbox 427 2248 2019 2321">
    <p class='ocr_par' dir='ltr' id='par_1_22' title="bbox 427 2248 2019 2321">
     <span class='ocr_line' id='line_1_22' title="bbox 427 2248 2019 2321; baseline 0.001 -20"><span class='ocrx_word' id='word_1_154' title='bbox 427 2248 494 2301; x_wconf 85' lang='lat' dir='ltr'><strong>ad</strong></span> <span class='ocrx_word' id='word_1_155' title='bbox 523 2248 615 2303; x_wconf 90' lang='lat' dir='ltr'><strong>Dei</strong></span> <span class='ocrx_word' id='word_1_156' title='bbox 645 2251 786 2320; x_wconf 86' lang='lat' dir='ltr'><strong>leges</strong></span> <span class='ocrx_word' id='word_1_157' title='bbox 810 2249 1104 2306; x_wconf 89' lang='lat' dir='ltr'><strong>audiendas</strong></span> <span class='ocrx_word' id='word_1_158' title='bbox 1128 2293 1142 2317; x_wconf 93' lang='lat'><strong>,</strong></span> <span class='ocrx_word' id='word_1_159' title='bbox 1175 2260 1432 2321; x_wconf 89' lang='lat' dir='ltr'><strong>quantum</strong></span> <span class='ocrx_word' id='word_1_160' title='bbox 1465 2252 1516 2304; x_wconf 92' lang='lat' dir='ltr'><strong>in</strong></span> <span class='ocrx_word' id='word_1_161' title='bbox 1560 2250 1783 2304; x_wconf 85' lang='lat' dir='ltr'><strong>theatris</strong></span> <span class='ocrx_word' id='word_1_162' title='bbox 1812 2261 2019 2318; x_wconf 89' lang='lat' dir='ltr'><strong>specta-</strong></span> 
     </span>
    </p>
   </div>
   <div class='ocr_carea' id='block_1_23' title="bbox 433 2342 2015 2413">
    <p class='ocr_par' dir='ltr' id='par_1_23' title="bbox 433 2342 2015 2413">
     <span class='ocr_line' id='line_1_23' title="bbox 433 2342 2015 2413; baseline 0.001 -19"><span class='ocrx_word' id='word_1_163' title='bbox 433 2349 576 2395; x_wconf 85' lang='lat' dir='ltr'><strong>tores</strong></span> <span class='ocrx_word' id='word_1_164' title='bbox 623 2342 909 2407; x_wconf 85' lang='lat' dir='ltr'><strong>adhibent,</strong></span> <span class='ocrx_word' id='word_1_165' title='bbox 957 2343 1084 2398; x_wconf 89' lang='lat' dir='ltr'><strong>dttm</strong></span> <span class='ocrx_word' id='word_1_166' title='bbox 1136 2344 1493 2413; x_wconf 64' lang='lat' dir='ltr'><strong>imperatoria:</strong></span> <span class='ocrx_word' id='word_1_167' title='bbox 1539 2344 1705 2398; x_wconf 65' lang='lat' dir='ltr'><strong>litera:</strong></span> <span class='ocrx_word' id='word_1_168' title='bbox 1751 2343 2015 2413; x_wconf 83' lang='lat' dir='ltr'><strong>leguntur.</strong></span> 
     </span>
    </p>
   </div>
   <div class='ocr_carea' id='block_1_24' title="bbox 429 2431 2018 2506">
    <p class='ocr_par' dir='ltr' id='par_1_24' title="bbox 429 2431 2018 2506">
     <span class='ocr_line' id='line_1_24' title="bbox 429 2431 2018 2506; baseline 0.001 -20"><span class='ocrx_word' id='word_1_169' title='bbox 429 2431 540 2488; x_wconf 82' lang='lat' dir='ltr'><strong>Illic</strong></span> <span class='ocrx_word' id='word_1_170' title='bbox 566 2435 706 2489; x_wconf 90' lang='lat' dir='ltr'><strong>enim</strong></span> <span class='ocrx_word' id='word_1_171' title='bbox 735 2445 787 2490; x_wconf 91' lang='lat' dir='ltr'><strong>et</strong></span> <span class='ocrx_word' id='word_1_172' title='bbox 813 2436 1061 2490; x_wconf 88' lang='lat' dir='ltr'><strong>consules</strong></span> <span class='ocrx_word' id='word_1_173' title='bbox 1090 2445 1144 2490; x_wconf 92' lang='lat' dir='ltr'><strong>et</strong></span> <span class='ocrx_word' id='word_1_174' title='bbox 1168 2433 1434 2506; x_wconf 51' lang='lat' dir='ltr'><strong>pra‘fecti,</strong></span> <span class='ocrx_word' id='word_1_175' title='bbox 1476 2445 1526 2490; x_wconf 89' lang='lat' dir='ltr'><strong>et</strong></span> <span class='ocrx_word' id='word_1_176' title='bbox 1569 2445 1784 2489; x_wconf 86' lang='lat' dir='ltr'><strong>senatus</strong></span> <span class='ocrx_word' id='word_1_177' title='bbox 1825 2441 1879 2489; x_wconf 92' lang='lat' dir='ltr'><strong>et</strong></span> <span class='ocrx_word' id='word_1_178' title='bbox 1917 2449 2018 2503; x_wconf 89' lang='lat' dir='ltr'><strong>po-</strong></span> 
     </span>
    </p>
   </div>
   <div class='ocr_carea' id='block_1_25' title="bbox 432 2525 2015 2596">
    <p class='ocr_par' dir='ltr' id='par_1_25' title="bbox 432 2525 2015 2596">
     <span class='ocr_line' id='line_1_25' title="bbox 432 2525 2015 2596; baseline 0 -18"><span class='ocrx_word' id='word_1_179' title='bbox 432 2525 586 2593; x_wconf 86' lang='lat' dir='ltr'><strong>pulus</strong></span> <span class='ocrx_word' id='word_1_180' title='bbox 613 2534 754 2580; x_wconf 84' lang='lat' dir='ltr'><strong>stant</strong></span> <span class='ocrx_word' id='word_1_181' title='bbox 782 2541 970 2582; x_wconf 88' lang='lat' dir='ltr'><strong>omnes</strong></span> <span class='ocrx_word' id='word_1_182' title='bbox 999 2542 1118 2580; x_wconf 89' lang='lat' dir='ltr'><strong>cum</strong></span> <span class='ocrx_word' id='word_1_183' title='bbox 1146 2527 1326 2596; x_wconf 89' lang='lat' dir='ltr'><strong>quiete</strong></span> <span class='ocrx_word' id='word_1_184' title='bbox 1353 2526 1530 2580; x_wconf 88' lang='lat' dir='ltr'><strong>omnia</strong></span> <span class='ocrx_word' id='word_1_185' title='bbox 1555 2526 1860 2590; x_wconf 85' lang='lat' dir='ltr'><strong>audientes;</strong></span> <span class='ocrx_word' id='word_1_186' title='bbox 1891 2534 1945 2579; x_wconf 91' lang='lat' dir='ltr'><strong>et</strong></span> <span class='ocrx_word' id='word_1_187' title='bbox 1971 2525 2015 2578; x_wconf 91' lang='lat' dir='ltr'><strong>si</strong></span> 
     </span>
    </p>
   </div>
   <div class='ocr_carea' id='block_1_26' title="bbox 429 2615 2017 2685">
    <p class='ocr_par' dir='ltr' id='par_1_26' title="bbox 429 2615 2017 2685">
     <span class='ocr_line' id='line_1_26' title="bbox 429 2615 2017 2685; baseline 0.001 -18"><span class='ocrx_word' id='word_1_188' title='bbox 429 2615 548 2685; x_wconf 86' lang='lat' dir='ltr'><strong>quis</strong></span> <span class='ocrx_word' id='word_1_189' title='bbox 575 2615 713 2670; x_wconf 90' lang='lat' dir='ltr'><strong>inter</strong></span> <span class='ocrx_word' id='word_1_190' title='bbox 737 2616 900 2670; x_wconf 88' lang='lat' dir='ltr'><strong>altum</strong></span> <span class='ocrx_word' id='word_1_191' title='bbox 932 2616 1061 2671; x_wconf 92' lang='lat' dir='ltr'><strong>illud</strong></span> <span class='ocrx_word' id='word_1_192' title='bbox 1092 2616 1363 2671; x_wconf 87' lang='lat' dir='ltr'><strong>silentium</strong></span> <span class='ocrx_word' id='word_1_193' title='bbox 1396 2625 1614 2685; x_wconf 90' lang='lat' dir='ltr'><strong>repente</strong></span> <span class='ocrx_word' id='word_1_194' title='bbox 1641 2615 1880 2670; x_wconf 82' lang='lat' dir='ltr'><strong>insiliens</strong></span> <span class='ocrx_word' id='word_1_195' title='bbox 1909 2617 2017 2670; x_wconf 85' lang='lat' dir='ltr'><strong>cla-</strong></span> 
     </span>
    </p>
   </div>
   <div class='ocr_carea' id='block_1_27' title="bbox 429 2705 2012 2777">
    <p class='ocr_par' dir='ltr' id='par_1_27' title="bbox 429 2705 2012 2777">
     <span class='ocr_line' id='line_1_27' title="bbox 429 2705 2012 2777; baseline 0 -17"><span class='ocrx_word' id='word_1_196' title='bbox 429 2706 687 2770; x_wconf 86' lang='lat' dir='ltr'><strong>maverit,</strong></span> <span class='ocrx_word' id='word_1_197' title='bbox 737 2715 916 2776; x_wconf 83' lang='lat' dir='ltr'><strong>utpote</strong></span> <span class='ocrx_word' id='word_1_198' title='bbox 946 2708 1034 2777; x_wconf 88' lang='lat' dir='ltr'><strong>qui</strong></span> <span class='ocrx_word' id='word_1_199' title='bbox 1081 2707 1456 2777; x_wconf 87' lang='lat' dir='ltr'><strong>Imperatorem</strong></span> <span class='ocrx_word' id='word_1_200' title='bbox 1502 2708 1694 2775; x_wconf 86' lang='lat' dir='ltr'><strong>injuria</strong></span> <span class='ocrx_word' id='word_1_201' title='bbox 1737 2705 2012 2770; x_wconf 81' lang='lat' dir='ltr'><strong>all&#39;ecerit,</strong></span> 
     </span>
    </p>
   </div>
   <div class='ocr_carea' id='block_1_28' title="bbox 426 2799 2006 2869">
    <p class='ocr_par' dir='ltr' id='par_1_28' title="bbox 426 2799 2006 2869">
     <span class='ocr_line' id='line_1_28' title="bbox 426 2799 2006 2869; baseline -0.001 -15"><span class='ocrx_word' id='word_1_202' title='bbox 426 2810 692 2854; x_wconf 78' lang='lat' dir='ltr'><strong>extremas</strong></span> <span class='ocrx_word' id='word_1_203' title='bbox 723 2799 821 2852; x_wconf 91' lang='lat' dir='ltr'><strong>luit</strong></span> <span class='ocrx_word' id='word_1_204' title='bbox 859 2815 1043 2869; x_wconf 89' lang='lat' dir='ltr'><strong>poenas</strong></span> <span class='ocrx_word' id='word_1_205' title='bbox 1076 2816 1090 2852; x_wconf 88' lang='lat'><strong>:</strong></span> <span class='ocrx_word' id='word_1_206' title='bbox 1121 2799 1206 2854; x_wconf 91' lang='lat' dir='ltr'><strong>hic</strong></span> <span class='ocrx_word' id='word_1_207' title='bbox 1235 2816 1362 2854; x_wconf 92' lang='lat' dir='ltr'><strong>vero</strong></span> <span class='ocrx_word' id='word_1_208' title='bbox 1396 2799 1523 2854; x_wconf 91' lang='lat' dir='ltr'><strong>dum</strong></span> <span class='ocrx_word' id='word_1_209' title='bbox 1551 2799 1791 2854; x_wconf 76' lang='lat' dir='ltr'><strong>caelestes</strong></span> <span class='ocrx_word' id='word_1_210' title='bbox 1819 2799 1922 2853; x_wconf 83' lang='lat' dir='ltr'><strong>illae</strong></span> <span class='ocrx_word' id='word_1_211' title='bbox 1949 2799 2006 2852; x_wconf 89' lang='lat' dir='ltr'><strong>li-</strong></span> 
     </span>
    </p>
   </div>
   <div class='ocr_carea' id='block_1_29' title="bbox 427 2892 2015 2964">
    <p class='ocr_par' dir='ltr' id='par_1_29' title="bbox 427 2892 2015 2964">
     <span class='ocr_line' id='line_1_29' title="bbox 427 2892 2015 2964; baseline 0 -19"><span class='ocrx_word' id='word_1_212' title='bbox 427 2899 554 2945; x_wconf 73' lang='lat' dir='ltr'><strong>terae</strong></span> <span class='ocrx_word' id='word_1_213' title='bbox 583 2892 850 2964; x_wconf 83' lang='lat' dir='ltr'><strong>leguntur,</strong></span> <span class='ocrx_word' id='word_1_214' title='bbox 880 2894 1078 2947; x_wconf 88' lang='lat' dir='ltr'><strong>multus</strong></span> <span class='ocrx_word' id='word_1_215' title='bbox 1105 2893 1337 2964; x_wconf 89' lang='lat' dir='ltr'><strong>undique</strong></span> <span class='ocrx_word' id='word_1_216' title='bbox 1367 2893 1537 2947; x_wconf 88' lang='lat' dir='ltr'><strong>oritttr</strong></span> <span class='ocrx_word' id='word_1_217' title='bbox 1570 2893 1856 2956; x_wconf 85' lang='lat' dir='ltr'><strong>tumultus,</strong></span> <span class='ocrx_word' id='word_1_218' title='bbox 1893 2906 2015 2946; x_wconf 91' lang='lat' dir='ltr'><strong>cum</strong></span> 
     </span>
    </p>
   </div>
   <div class='ocr_carea' id='block_1_30' title="bbox 427 2983 2016 3057">
    <p class='ocr_par' dir='ltr' id='par_1_30' title="bbox 427 2983 2016 3057">
     <span class='ocr_line' id='line_1_30' title="bbox 427 2983 2016 3057; baseline -0.002 -18"><span class='ocrx_word' id='word_1_219' title='bbox 427 2986 472 3040; x_wconf 87' lang='lat' dir='ltr'><strong>is</strong></span> <span class='ocrx_word' id='word_1_220' title='bbox 495 2991 583 3057; x_wconf 89' lang='lat' dir='ltr'><strong>qui</strong></span> <span class='ocrx_word' id='word_1_221' title='bbox 611 2988 792 3042; x_wconf 80' lang='lat' dir='ltr'><strong>literas</strong></span> <span class='ocrx_word' id='word_1_222' title='bbox 819 2985 987 3046; x_wconf 89' lang='lat' dir='ltr'><strong>misit,</strong></span> <span class='ocrx_word' id='word_1_223' title='bbox 1032 2984 1187 3054; x_wconf 86' lang='lat' dir='ltr'><strong>longe</strong></span> <span class='ocrx_word' id='word_1_224' title='bbox 1229 2984 1398 3053; x_wconf 82' lang='lat' dir='ltr'><strong>major</strong></span> <span class='ocrx_word' id='word_1_225' title='bbox 1438 2984 1508 3037; x_wconf 88' lang='lat' dir='ltr'><strong>sit</strong></span> <span class='ocrx_word' id='word_1_226' title='bbox 1553 2983 1917 3051; x_wconf 85' lang='lat' dir='ltr'><strong>lmperatore,</strong></span> <span class='ocrx_word' id='word_1_227' title='bbox 1961 2989 2016 3036; x_wconf 87' lang='lat' dir='ltr'><strong>et</strong></span> 
     </span>
    </p>
   </div>
   <div class='ocr_carea' id='block_1_31' title="bbox 427 3074 2020 3140">
    <p class='ocr_par' dir='ltr' id='par_1_31' title="bbox 427 3074 2020 3140">
     <span class='ocr_line' id='line_1_31' title="bbox 427 3074 2020 3140; baseline -0.003 -6"><span class='ocrx_word' id='word_1_228' title='bbox 427 3079 691 3134; x_wconf 81' lang='lat' dir='ltr'><strong>theatrum</strong></span> <span class='ocrx_word' id='word_1_229' title='bbox 721 3078 1082 3134; x_wconf 83' lang='lat' dir='ltr'><strong>honorabilius</strong></span> <span class='ocrx_word' id='word_1_230' title='bbox 1107 3098 1116 3131; x_wconf 94' lang='lat'>:</span> <span class='ocrx_word' id='word_1_231' title='bbox 1142 3094 1246 3133; x_wconf 88' lang='lat' dir='ltr'><strong>non</strong></span> <span class='ocrx_word' id='word_1_232' title='bbox 1277 3077 1432 3132; x_wconf 85' lang='lat' dir='ltr'><strong>modo</strong></span> <span class='ocrx_word' id='word_1_233' title='bbox 1461 3075 1605 3130; x_wconf 89' lang='lat' dir='ltr'><strong>enim</strong></span> <span class='ocrx_word' id='word_1_234' title='bbox 1637 3074 1899 3140; x_wconf 90' lang='lat' dir='ltr'><strong>homines,</strong></span> <span class='ocrx_word' id='word_1_235' title='bbox 1928 3075 2020 3130; x_wconf 90' lang='lat' dir='ltr'><strong>sed</strong></span> 
     </span>
    </p>
   </div>
   <div class='ocr_carea' id='block_1_32' title="bbox 425 3169 2016 3243">
    <p class='ocr_par' dir='ltr' id='par_1_32' title="bbox 425 3169 2016 3243">
     <span class='ocr_line' id='line_1_32' title="bbox 425 3169 2016 3243; baseline -0.002 -16"><span class='ocrx_word' id='word_1_236' title='bbox 425 3181 480 3228; x_wconf 84' lang='lat' dir='ltr'><strong>et</strong></span> <span class='ocrx_word' id='word_1_237' title='bbox 503 3173 673 3243; x_wconf 79' lang='lat' dir='ltr'><strong>angeli</strong></span> <span class='ocrx_word' id='word_1_238' title='bbox 699 3173 943 3238; x_wconf 86' lang='lat' dir='ltr'><strong>adstant;</strong></span> <span class='ocrx_word' id='word_1_239' title='bbox 972 3181 1023 3227; x_wconf 88' lang='lat' dir='ltr'><strong>et</strong></span> <span class='ocrx_word' id='word_1_240' title='bbox 1047 3171 1281 3226; x_wconf 77' lang='lat' dir='ltr'><strong>victoria:</strong></span> <span class='ocrx_word' id='word_1_241' title='bbox 1306 3171 1544 3241; x_wconf 71' lang='lat' dir='ltr'><strong>praemia,</strong></span> <span class='ocrx_word' id='word_1_242' title='bbox 1573 3186 1693 3239; x_wconf 73' lang='lat' dir='ltr'><strong>qua:</strong></span> <span class='ocrx_word' id='word_1_243' title='bbox 1722 3169 1870 3224; x_wconf 87' lang='lat' dir='ltr'><strong>hisce</strong></span> <span class='ocrx_word' id='word_1_244' title='bbox 1897 3169 2016 3224; x_wconf 88' lang='lat' dir='ltr'><strong>lite-</strong></span> 
     </span>
    </p>
   </div>
   <div class='ocr_carea' id='block_1_33' title="bbox 426 3263 2012 3337">
    <p class='ocr_par' dir='ltr' id='par_1_33' title="bbox 426 3263 2012 3337">
     <span class='ocr_line' id='line_1_33' title="bbox 426 3263 2012 3337; baseline -0.003 -17"><span class='ocrx_word' id='word_1_245' title='bbox 426 3267 500 3322; x_wconf 87' lang='lat' dir='ltr'><strong>ris</strong></span> <span class='ocrx_word' id='word_1_246' title='bbox 536 3269 864 3333; x_wconf 89' lang='lat' dir='ltr'><strong>nuntiantur,</strong></span> <span class='ocrx_word' id='word_1_247' title='bbox 895 3267 1052 3337; x_wconf 84' lang='lat' dir='ltr'><strong>lungc</strong></span> <span class='ocrx_word' id='word_1_248' title='bbox 1083 3266 1282 3336; x_wconf 85' lang='lat' dir='ltr'><strong>majora</strong></span> <span class='ocrx_word' id='word_1_249' title='bbox 1313 3266 1538 3320; x_wconf 81' lang='lat' dir='ltr'><strong>terrenis</strong></span> <span class='ocrx_word' id='word_1_250' title='bbox 1568 3265 1671 3318; x_wconf 91' lang='lat' dir='ltr'><strong>illis</strong></span> <span class='ocrx_word' id='word_1_251' title='bbox 1708 3263 2012 3332; x_wconf 88' lang='lat' dir='ltr'><strong>triumphis.</strong></span> 
     </span>
    </p>
   </div>
   <div class='ocr_carea' id='block_1_34' title="bbox 425 3354 2016 3429">
    <p class='ocr_par' dir='ltr' id='par_1_34' title="bbox 425 3354 2016 3429">
     <span class='ocr_line' id='line_1_34' title="bbox 425 3354 2016 3429; baseline -0.003 -17"><span class='ocrx_word' id='word_1_252' title='bbox 425 3359 758 3429; x_wconf 88' lang='lat' dir='ltr'><strong>Quapropter</strong></span> <span class='ocrx_word' id='word_1_253' title='bbox 785 3375 892 3414; x_wconf 91' lang='lat' dir='ltr'><strong>non</strong></span> <span class='ocrx_word' id='word_1_254' title='bbox 924 3359 1169 3414; x_wconf 89' lang='lat' dir='ltr'><strong>homines</strong></span> <span class='ocrx_word' id='word_1_255' title='bbox 1198 3367 1398 3412; x_wconf 87' lang='lat' dir='ltr'><strong>tantmn</strong></span> <span class='ocrx_word' id='word_1_256' title='bbox 1421 3398 1436 3422; x_wconf 92' lang='lat'><strong>,</strong></span> <span class='ocrx_word' id='word_1_257' title='bbox 1467 3356 1560 3411; x_wconf 88' lang='lat' dir='ltr'><strong>sed</strong></span> <span class='ocrx_word' id='word_1_258' title='bbox 1599 3366 1652 3410; x_wconf 93' lang='lat' dir='ltr'><strong>et</strong></span> <span class='ocrx_word' id='word_1_259' title='bbox 1677 3354 1886 3425; x_wconf 84' lang='lat' dir='ltr'><strong>angeli,</strong></span> <span class='ocrx_word' id='word_1_260' title='bbox 1931 3369 2016 3408; x_wconf 82' lang='lat' dir='ltr'><strong>ar-</strong></span> 
     </span>
    </p>
   </div>
   <div class='ocr_carea' id='block_1_35' title="bbox 425 3449 2014 3524">
    <p class='ocr_par' dir='ltr' id='par_1_35' title="bbox 425 3449 2014 3524">
     <span class='ocr_line' id='line_1_35' title="bbox 425 3449 2014 3524; baseline -0.003 -16"><span class='ocrx_word' id='word_1_261' title='bbox 425 3453 698 3524; x_wconf 86' lang='lat' dir='ltr'><strong>changeli,</strong></span> <span class='ocrx_word' id='word_1_262' title='bbox 744 3465 798 3509; x_wconf 90' lang='lat' dir='ltr'><strong>ct</strong></span> <span class='ocrx_word' id='word_1_263' title='bbox 837 3453 1080 3508; x_wconf 73' lang='lat' dir='ltr'><strong>cmlestes</strong></span> <span class='ocrx_word' id='word_1_264' title='bbox 1122 3452 1339 3522; x_wconf 87' lang='lat' dir='ltr'><strong>populi,</strong></span> <span class='ocrx_word' id='word_1_265' title='bbox 1374 3459 1427 3505; x_wconf 89' lang='lat' dir='ltr'><strong>et</strong></span> <span class='ocrx_word' id='word_1_266' title='bbox 1455 3459 1717 3520; x_wconf 84' lang='lat' dir='ltr'><strong>quotquot</strong></span> <span class='ocrx_word' id='word_1_267' title='bbox 1755 3449 1916 3503; x_wconf 88' lang='lat' dir='ltr'><strong>etiam</strong></span> <span class='ocrx_word' id='word_1_268' title='bbox 1962 3450 2014 3503; x_wconf 92' lang='lat' dir='ltr'><strong>in</strong></span> 
     </span>
    </p>
   </div>
   <div class='ocr_carea' id='block_1_36' title="bbox 428 3539 2011 3612">
    <p class='ocr_par' dir='ltr' id='par_1_36' title="bbox 428 3539 2011 3612">
     <span class='ocr_line' id='line_1_36' title="bbox 428 3539 2011 3612; baseline -0.003 -16"><span class='ocrx_word' id='word_1_269' title='bbox 428 3553 568 3596; x_wconf 90' lang='lat' dir='ltr'><strong>terra</strong></span> <span class='ocrx_word' id='word_1_270' title='bbox 614 3553 771 3607; x_wconf 91' lang='lat' dir='ltr'><strong>sunt,</strong></span> <span class='ocrx_word' id='word_1_271' title='bbox 821 3543 1040 3598; x_wconf 83' lang='lat' dir='ltr'><strong>laudare</strong></span> <span class='ocrx_word' id='word_1_272' title='bbox 1080 3543 1335 3612; x_wconf 88' lang='lat' dir='ltr'><strong>jubentur</strong></span> <span class='ocrx_word' id='word_1_273' title='bbox 1380 3560 1394 3596; x_wconf 92' lang='lat'>:</span> <span class='ocrx_word' id='word_1_274' title='bbox 1441 3539 1761 3606; x_wconf 85' lang='lat' dir='ltr'><strong>Benedicite,</strong></span> <span class='ocrx_word' id='word_1_275' title='bbox 1808 3540 2011 3609; x_wconf 91' lang='lat' dir='ltr'><strong>inquit,</strong></span> 
     </span>
    </p>
   </div>
   <div class='ocr_carea' id='block_1_37' title="bbox 425 3630 2016 3706">
    <p class='ocr_par' dir='ltr' id='par_1_37' title="bbox 425 3630 2016 3706">
     <span class='ocr_line' id='line_1_37' title="bbox 425 3630 2016 3706; baseline -0.002 -18"><span class='ocrx_word' id='word_1_276' title='bbox 425 3633 674 3701; x_wconf 82' lang='lat' dir='ltr'><strong>Domino,</strong></span> <span class='ocrx_word' id='word_1_277' title='bbox 716 3636 886 3688; x_wconf 86' lang='lat' dir='ltr'><strong>omnia</strong></span> <span class='ocrx_word' id='word_1_278' title='bbox 913 3651 1065 3702; x_wconf 82' lang='lat' dir='ltr'><strong>apem</strong></span> <span class='ocrx_word' id='word_1_279' title='bbox 1108 3636 1219 3704; x_wconf 84' lang='lat' dir='ltr'><strong>ejus</strong></span> <span class='ocrx_word' id='word_1_280' title='bbox 1259 3633 1446 3706; x_wconf 86' lang='lat' dir='ltr'><strong>(Psal.</strong></span> <span class='ocrx_word' id='word_1_281' title='bbox 1478 3633 1600 3688; x_wconf 73' lang='grc'>102.</span> <span class='ocrx_word' id='word_1_282' title='bbox 1631 3630 1754 3704; x_wconf 71' lang='grc'>22).</span> <span class='ocrx_word' id='word_1_283' title='bbox 1800 3631 2016 3685; x_wconf 85' lang='lat' dir='ltr'><strong>Etenim</strong></span> 
     </span>
    </p>
   </div>
   <div class='ocr_carea' id='block_1_38' title="bbox 429 3723 2012 3795">
    <p class='ocr_par' dir='ltr' id='par_1_38' title="bbox 429 3723 2012 3795">
     <span class='ocr_line' id='line_1_38' title="bbox 429 3723 2012 3795; baseline -0.002 -16"><span class='ocrx_word' id='word_1_284' title='bbox 429 3741 534 3779; x_wconf 77' lang='lat' dir='ltr'><strong>non</strong></span> <span class='ocrx_word' id='word_1_285' title='bbox 562 3725 750 3795; x_wconf 80' lang='lat' dir='ltr'><strong>exigua</strong></span> <span class='ocrx_word' id='word_1_286' title='bbox 773 3733 899 3780; x_wconf 90' lang='lat' dir='ltr'><strong>sunt</strong></span> <span class='ocrx_word' id='word_1_287' title='bbox 921 3725 1008 3779; x_wconf 89' lang='lat' dir='ltr'><strong>illa</strong></span> <span class='ocrx_word' id='word_1_288' title='bbox 1034 3741 1153 3795; x_wconf 71' lang='lat' dir='ltr'><strong>qua:</strong></span> <span class='ocrx_word' id='word_1_289' title='bbox 1182 3724 1324 3787; x_wconf 89' lang='lat' dir='ltr'><strong>fecit,</strong></span> <span class='ocrx_word' id='word_1_290' title='bbox 1349 3723 1442 3779; x_wconf 89' lang='lat' dir='ltr'><strong>sed</strong></span> <span class='ocrx_word' id='word_1_291' title='bbox 1465 3737 1678 3777; x_wconf 88' lang='lat' dir='ltr'><strong>omnem</strong></span> <span class='ocrx_word' id='word_1_292' title='bbox 1708 3736 2012 3776; x_wconf 88' lang='lat' dir='ltr'><strong>sermonem</strong></span> 
     </span>
    </p>
   </div>
   <div class='ocr_carea' id='block_1_39' title="bbox 425 3815 2010 3888">
    <p class='ocr_par' dir='ltr' id='par_1_39' title="bbox 425 3815 2010 3888">
     <span class='ocr_line' id='line_1_39' title="bbox 425 3815 2010 3888; baseline -0.003 -17"><span class='ocrx_word' id='word_1_293' title='bbox 425 3827 698 3887; x_wconf 84' lang='lat' dir='ltr'><strong>superant,</strong></span> <span class='ocrx_word' id='word_1_294' title='bbox 726 3827 885 3888; x_wconf 87' lang='lat' dir='ltr'><strong>atque</strong></span> <span class='ocrx_word' id='word_1_295' title='bbox 914 3827 1146 3874; x_wconf 86' lang='lat' dir='ltr'><strong>mentem</strong></span> <span class='ocrx_word' id='word_1_296' title='bbox 1176 3817 1683 3888; x_wconf 85' lang='lat' dir='ltr'><strong>intelligentiamque</strong></span> <span class='ocrx_word' id='word_1_297' title='bbox 1705 3815 2010 3870; x_wconf 89' lang='lat' dir='ltr'><strong>humanam.</strong></span> 
     </span>
    </p>
   </div>
   <div class='ocr_carea' id='block_1_40' title="bbox 426 3907 2014 3980">
    <p class='ocr_par' dir='ltr' id='par_1_40' title="bbox 426 3907 2014 3980">
     <span class='ocr_line' id='line_1_40' title="bbox 426 3907 2014 3980; baseline -0.002 -16"><span class='ocrx_word' id='word_1_298' title='bbox 426 3909 494 3964; x_wconf 84' lang='lat' dir='ltr'><strong>Et</strong></span> <span class='ocrx_word' id='word_1_299' title='bbox 523 3909 637 3964; x_wconf 63' lang='lat' dir='ltr'><strong>haec</strong></span> <span class='ocrx_word' id='word_1_300' title='bbox 663 3909 900 3980; x_wconf 85' lang='lat' dir='ltr'><strong>quotidie</strong></span> <span class='ocrx_word' id='word_1_301' title='bbox 927 3909 1215 3979; x_wconf 63' lang='lat' dir='ltr'><strong>pra&#39;dicant</strong></span> <span class='ocrx_word' id='word_1_302' title='bbox 1243 3909 1519 3979; x_wconf 79' lang='lat' dir='ltr'><strong>propheta:</strong></span> <span class='ocrx_word' id='word_1_303' title='bbox 1539 3949 1554 3973; x_wconf 92' lang='lat'><strong>,</strong></span> <span class='ocrx_word' id='word_1_304' title='bbox 1582 3907 1796 3963; x_wconf 89' lang='lat' dir='ltr'><strong>diverse</strong></span> <span class='ocrx_word' id='word_1_305' title='bbox 1821 3907 2014 3976; x_wconf 79' lang='lat' dir='ltr'><strong>singuli</strong></span> 
     </span>
    </p>
   </div>
   <div class='ocr_carea' id='block_1_41' title="bbox 425 4000 2009 4072">
    <p class='ocr_par' dir='ltr' id='par_1_41' title="bbox 425 4000 2009 4072">
     <span class='ocr_line' id='line_1_41' title="bbox 425 4000 2009 4072; baseline -0.001 -15"><span class='ocrx_word' id='word_1_306' title='bbox 425 4001 766 4071; x_wconf 85' lang='lat' dir='ltr'><strong>splendidum</strong></span> <span class='ocrx_word' id='word_1_307' title='bbox 794 4002 924 4056; x_wconf 85' lang='lat' dir='ltr'><strong>illud</strong></span> <span class='ocrx_word' id='word_1_308' title='bbox 953 4013 1208 4072; x_wconf 70' lang='lat' dir='ltr'><strong>tropmum</strong></span> <span class='ocrx_word' id='word_1_309' title='bbox 1237 4002 1593 4058; x_wconf 86' lang='lat' dir='ltr'><strong>celebrantes.</strong></span> <span class='ocrx_word' id='word_1_310' title='bbox 1622 4001 1754 4056; x_wconf 87' lang='lat' dir='ltr'><strong>Nam</strong></span> <span class='ocrx_word' id='word_1_311' title='bbox 1784 4001 1870 4056; x_wconf 92' lang='lat' dir='ltr'><strong>hic</strong></span> <span class='ocrx_word' id='word_1_312' title='bbox 1894 4000 1966 4055; x_wconf 92' lang='lat' dir='ltr'><strong>ait</strong></span> <span class='ocrx_word' id='word_1_313' title='bbox 1996 4019 2009 4055; x_wconf 90' lang='lat'>:</span> 
     </span>
    </p>
   </div>
   <div class='ocr_carea' id='block_1_42' title="bbox 424 4093 2012 4161">
    <p class='ocr_par' dir='ltr' id='par_1_42' title="bbox 424 4093 2012 4161">
     <span class='ocr_line' id='line_1_42' title="bbox 424 4093 2012 4161; baseline -0.001 -15"><span class='ocrx_word' id='word_1_314' title='bbox 424 4093 709 4148; x_wconf 80' lang='lat' dir='ltr'><strong>Asceudens</strong></span> <span class='ocrx_word' id='word_1_315' title='bbox 737 4093 788 4146; x_wconf 81' lang='lat' dir='ltr'><strong>in</strong></span> <span class='ocrx_word' id='word_1_316' title='bbox 819 4098 977 4146; x_wconf 87' lang='lat' dir='ltr'><strong>altum</strong></span> <span class='ocrx_word' id='word_1_317' title='bbox 1006 4093 1254 4161; x_wconf 82' lang='lat' dir='ltr'><strong>captivam</strong></span> <span class='ocrx_word' id='word_1_318' title='bbox 1283 4093 1473 4146; x_wconf 71' lang='lat' dir='ltr'><strong>duxisti</strong></span> <span class='ocrx_word' id='word_1_319' title='bbox 1515 4093 1852 4161; x_wconf 81' lang='lat' dir='ltr'><strong>captivitatem</strong></span> <span class='ocrx_word' id='word_1_320' title='bbox 1871 4134 1884 4158; x_wconf 92' lang='lat'><strong>,</strong></span> <span class='ocrx_word' id='word_1_321' title='bbox 1927 4107 2012 4144; x_wconf 85' lang='lat' dir='ltr'><strong>ce-</strong></span> 
     </span>
    </p>
   </div>
   <div class='ocr_carea' id='block_1_43' title="bbox 427 4181 2014 4256">
    <p class='ocr_par' dir='ltr' id='par_1_43' title="bbox 427 4181 2014 4256">
     <span class='ocr_line' id='line_1_43' title="bbox 427 4181 2014 4256; baseline -0.002 -19"><span class='ocrx_word' id='word_1_322' title='bbox 427 4185 544 4252; x_wconf 78' lang='lat' dir='ltr'><strong>pisti</strong></span> <span class='ocrx_word' id='word_1_323' title='bbox 575 4183 710 4237; x_wconf 86' lang='lat' dir='ltr'><strong>dona</strong></span> <span class='ocrx_word' id='word_1_324' title='bbox 738 4185 790 4238; x_wconf 85' lang='lat' dir='ltr'><strong>in</strong></span> <span class='ocrx_word' id='word_1_325' title='bbox 820 4184 1104 4238; x_wconf 82' lang='lat' dir='ltr'><strong>hominibus</strong></span> <span class='ocrx_word' id='word_1_326' title='bbox 1132 4182 1321 4256; x_wconf 87' lang='lat' dir='ltr'><strong>(Psal.</strong></span> <span class='ocrx_word' id='word_1_327' title='bbox 1351 4183 1438 4237; x_wconf 87' lang='lat'><strong>67.</strong></span> <span class='ocrx_word' id='word_1_328' title='bbox 1476 4182 1538 4236; x_wconf 81' lang='grc'><strong>19</strong></span> <span class='ocrx_word' id='word_1_329' title='bbox 1565 4184 1581 4252; x_wconf 93' lang='grc'><strong>)</strong></span> <span class='ocrx_word' id='word_1_330' title='bbox 1608 4191 1732 4248; x_wconf 88' lang='lat' dir='ltr'><strong>;et,</strong></span> <span class='ocrx_word' id='word_1_331' title='bbox 1769 4181 2014 4234; x_wconf 87' lang='lat' dir='ltr'><strong>Dominus</strong></span> 
     </span>
    </p>
   </div>
   <div class='ocr_carea' id='block_1_44' title="bbox 425 4273 2009 4347">
    <p class='ocr_par' dir='ltr' id='par_1_44' title="bbox 425 4273 2009 4347">
     <span class='ocr_line' id='line_1_44' title="bbox 425 4273 2009 4347; baseline -0.001 -19"><span class='ocrx_word' id='word_1_332' title='bbox 425 4276 570 4343; x_wconf 76' lang='lat' dir='ltr'><strong>fortis</strong></span> <span class='ocrx_word' id='word_1_333' title='bbox 593 4286 640 4330; x_wconf 80' lang='lat' dir='ltr'><strong>et</strong></span> <span class='ocrx_word' id='word_1_334' title='bbox 667 4286 841 4346; x_wconf 81' lang='lat' dir='ltr'><strong>potens</strong></span> <span class='ocrx_word' id='word_1_335' title='bbox 868 4277 919 4328; x_wconf 87' lang='lat' dir='ltr'><strong>in</strong></span> <span class='ocrx_word' id='word_1_336' title='bbox 951 4277 1128 4346; x_wconf 74' lang='lat' dir='ltr'><strong>prtelio</strong></span> <span class='ocrx_word' id='word_1_337' title='bbox 1169 4275 1340 4347; x_wconf 83' lang='lat' dir='ltr'><strong>(Psal.</strong></span> <span class='ocrx_word' id='word_1_338' title='bbox 1376 4276 1466 4330; x_wconf 71' lang='grc'><strong>25.</strong></span> <span class='ocrx_word' id='word_1_339' title='bbox 1491 4274 1570 4343; x_wconf 89' lang='grc'><strong>8).</strong></span> <span class='ocrx_word' id='word_1_340' title='bbox 1594 4275 1690 4329; x_wconf 91' lang='lat' dir='ltr'><strong>llic</strong></span> <span class='ocrx_word' id='word_1_341' title='bbox 1714 4288 1838 4328; x_wconf 86' lang='lat' dir='ltr'><strong>vero</strong></span> <span class='ocrx_word' id='word_1_342' title='bbox 1863 4273 2009 4340; x_wconf 88' lang='lat' dir='ltr'><strong>dicit,</strong></span> 
     </span>
    </p>
   </div>
   <div class='ocr_carea' id='block_1_45' title="bbox 428 4364 2013 4438">
    <p class='ocr_par' dir='ltr' id='par_1_45' title="bbox 428 4364 2013 4438">
     <span class='ocr_line' id='line_1_45' title="bbox 428 4364 2013 4438; baseline -0.002 -18"><span class='ocrx_word' id='word_1_343' title='bbox 428 4365 491 4420; x_wconf 76' lang='lat' dir='ltr'><strong>Et</strong></span> <span class='ocrx_word' id='word_1_344' title='bbox 521 4368 726 4438; x_wconf 75' lang='lat' dir='ltr'><strong>fortium</strong></span> <span class='ocrx_word' id='word_1_345' title='bbox 761 4367 946 4421; x_wconf 78' lang='lat' dir='ltr'><strong>dividet</strong></span> <span class='ocrx_word' id='word_1_346' title='bbox 972 4368 1181 4438; x_wconf 66' lang='lat' dir='ltr'><strong>spolia-l</strong></span> <span class='ocrx_word' id='word_1_347' title='bbox 1205 4365 1329 4421; x_wconf 86' lang='lat' dir='ltr'><strong>Isai.</strong></span> <span class='ocrx_word' id='word_1_348' title='bbox 1361 4367 1453 4422; x_wconf 81' lang='grc'><strong>55.</strong></span> <span class='ocrx_word' id='word_1_349' title='bbox 1485 4364 1609 4437; x_wconf 71' lang='grc'>12).</span> <span class='ocrx_word' id='word_1_350' title='bbox 1649 4365 1726 4419; x_wconf 84' lang='lat' dir='ltr'><strong>Ad</strong></span> <span class='ocrx_word' id='word_1_351' title='bbox 1750 4367 1850 4420; x_wconf 89' lang='lat' dir='ltr'><strong>hoc</strong></span> <span class='ocrx_word' id='word_1_352' title='bbox 1870 4365 2013 4420; x_wconf 84' lang='lat' dir='ltr'><strong>enim</strong></span> 
     </span>
    </p>
   </div>
   <div class='ocr_carea' id='block_1_46' title="bbox 423 4457 2015 4529">
    <p class='ocr_par' dir='ltr' id='par_1_46' title="bbox 423 4457 2015 4529">
     <span class='ocr_line' id='line_1_46' title="bbox 423 4457 2015 4529; baseline 0 -19"><span class='ocrx_word' id='word_1_353' title='bbox 423 4458 609 4523; x_wconf 87' lang='lat' dir='ltr'><strong>venit,</strong></span> <span class='ocrx_word' id='word_1_354' title='bbox 641 4469 698 4512; x_wconf 93' lang='lat' dir='ltr'><strong>ut</strong></span> <span class='ocrx_word' id='word_1_355' title='bbox 729 4459 1041 4528; x_wconf 69' lang='lat' dir='ltr'><strong>praedicaret</strong></span> <span class='ocrx_word' id='word_1_356' title='bbox 1064 4459 1289 4529; x_wconf 74' lang='lat' dir='ltr'><strong>captivis</strong></span> <span class='ocrx_word' id='word_1_357' title='bbox 1313 4458 1684 4514; x_wconf 88' lang='lat' dir='ltr'><strong>remissionem</strong></span> <span class='ocrx_word' id='word_1_358' title='bbox 1708 4499 1723 4524; x_wconf 93' lang='lat'><strong>,</strong></span> <span class='ocrx_word' id='word_1_359' title='bbox 1765 4467 1818 4511; x_wconf 90' lang='lat' dir='ltr'><strong>et</strong></span> <span class='ocrx_word' id='word_1_360' title='bbox 1857 4457 2015 4510; x_wconf 66' lang='lat' dir='ltr'><strong>caecis</strong></span> 
     </span>
    </p>
   </div>
   <div class='ocr_carea' id='block_1_47' title="bbox 425 4546 2014 4617">
    <p class='ocr_par' dir='ltr' id='par_1_47' title="bbox 425 4546 2014 4617">
     <span class='ocr_line' id='line_1_47' title="bbox 425 4546 2014 4617; baseline 0.001 -17"><span class='ocrx_word' id='word_1_361' title='bbox 425 4548 570 4603; x_wconf 90' lang='lat' dir='ltr'><strong>visus</strong></span> <span class='ocrx_word' id='word_1_362' title='bbox 593 4549 1004 4613; x_wconf 88' lang='lat' dir='ltr'><strong>restitutionem,</strong></span> <span class='ocrx_word' id='word_1_363' title='bbox 1031 4559 1085 4603; x_wconf 92' lang='lat' dir='ltr'><strong>ct</strong></span> <span class='ocrx_word' id='word_1_364' title='bbox 1105 4550 1172 4604; x_wconf 90' lang='lat' dir='ltr'><strong>de</strong></span> <span class='ocrx_word' id='word_1_365' title='bbox 1199 4549 1334 4604; x_wconf 87' lang='lat' dir='ltr'><strong>victa</strong></span> <span class='ocrx_word' id='word_1_366' title='bbox 1360 4556 1530 4603; x_wconf 90' lang='lat' dir='ltr'><strong>morte</strong></span> <span class='ocrx_word' id='word_1_367' title='bbox 1557 4546 1860 4617; x_wconf 79' lang='lat' dir='ltr'><strong>triumphali</strong></span> <span class='ocrx_word' id='word_1_368' title='bbox 1884 4561 2014 4601; x_wconf 86' lang='lat' dir='ltr'><strong>voce</strong></span> 
     </span>
    </p>
   </div>
   <div class='ocr_carea' id='block_1_48' title="bbox 419 4636 2011 4708">
    <p class='ocr_par' dir='ltr' id='par_1_48' title="bbox 419 4636 2011 4708">
     <span class='ocr_line' id='line_1_48' title="bbox 419 4636 2011 4708; baseline -0.002 -16"><span class='ocrx_word' id='word_1_369' title='bbox 419 4639 655 4708; x_wconf 84' lang='lat' dir='ltr'><strong>jubilans</strong></span> <span class='ocrx_word' id='word_1_370' title='bbox 707 4639 921 4696; x_wconf 87' lang='lat' dir='ltr'><strong>dicebat</strong></span> <span class='ocrx_word' id='word_1_371' title='bbox 954 4660 964 4693; x_wconf 93' lang='lat'>:</span> <span class='ocrx_word' id='word_1_372' title='bbox 999 4641 1097 4695; x_wconf 75' lang='lat' dir='ltr'><strong>(ibi</strong></span> <span class='ocrx_word' id='word_1_373' title='bbox 1123 4650 1228 4706; x_wconf 86' lang='lat' dir='ltr'><strong>est,</strong></span> <span class='ocrx_word' id='word_1_374' title='bbox 1274 4657 1444 4706; x_wconf 87' lang='lat' dir='ltr'><strong>mors,</strong></span> <span class='ocrx_word' id='word_1_375' title='bbox 1473 4640 1680 4694; x_wconf 83' lang='lat' dir='ltr'><strong>victoria</strong></span> <span class='ocrx_word' id='word_1_376' title='bbox 1729 4637 1858 4692; x_wconf 84' lang='lat' dir='ltr'><strong>tua?</strong></span> <span class='ocrx_word' id='word_1_377' title='bbox 1890 4636 1975 4690; x_wconf 85' lang='lat' dir='ltr'><strong>ubi</strong></span> <span class='ocrx_word' id='word_1_378' title='bbox 1995 4672 2011 4704; x_wconf 77' lang='lat'><strong>,</strong></span> 
     </span>
    </p>
   </div>
   <div class='ocr_carea' id='block_1_49' title="bbox 422 4731 2010 4801">
    <p class='ocr_par' dir='ltr' id='par_1_49' title="bbox 422 4731 2010 4801">
     <span class='ocr_line' id='line_1_49' title="bbox 422 4731 2010 4801; baseline 0.001 -19"><span class='ocrx_word' id='word_1_379' title='bbox 422 4731 640 4800; x_wconf 75' lang='lat' dir='ltr'><strong>inferne,</strong></span> <span class='ocrx_word' id='word_1_380' title='bbox 671 4731 905 4785; x_wconf 85' lang='lat' dir='ltr'><strong>stimulus</strong></span> <span class='ocrx_word' id='word_1_381' title='bbox 932 4740 1044 4785; x_wconf 89' lang='lat' dir='ltr'><strong>tuus</strong></span> <span class='ocrx_word' id='word_1_382' title='bbox 1070 4733 1155 4801; x_wconf 81' lang='grc'><strong>(1.</strong></span> <span class='ocrx_word' id='word_1_383' title='bbox 1181 4733 1297 4786; x_wconf 84' lang='lat' dir='ltr'><strong>Cor.</strong></span> <span class='ocrx_word' id='word_1_384' title='bbox 1329 4734 1412 4787; x_wconf 74' lang='grc'><strong>15.</strong></span> <span class='ocrx_word' id='word_1_385' title='bbox 1440 4732 1586 4800; x_wconf 79' lang='lat'>55&#39;)?</span> <span class='ocrx_word' id='word_1_386' title='bbox 1617 4731 1767 4785; x_wconf 85' lang='lat' dir='ltr'><strong>Alius</strong></span> <span class='ocrx_word' id='word_1_387' title='bbox 1798 4733 2010 4784; x_wconf 85' lang='lat' dir='ltr'><strong>rursum</strong></span> 
     </span>
    </p>
   </div>
   <div class='ocr_carea' id='block_1_50' title="bbox 425 4817 2013 4893">
    <p class='ocr_par' dir='ltr' id='par_1_50' title="bbox 425 4817 2013 4893">
     <span class='ocr_line' id='line_1_50' title="bbox 425 4817 2013 4893; baseline 0.001 -23"><span class='ocrx_word' id='word_1_388' title='bbox 425 4817 742 4890; x_wconf 77' lang='lat' dir='ltr'><strong>profundam</strong></span> <span class='ocrx_word' id='word_1_389' title='bbox 783 4836 965 4889; x_wconf 87' lang='lat' dir='ltr'><strong>pacem</strong></span> <span class='ocrx_word' id='word_1_390' title='bbox 995 4823 1364 4893; x_wconf 82' lang='lat' dir='ltr'><strong>evangelizans</strong></span> <span class='ocrx_word' id='word_1_391' title='bbox 1393 4823 1606 4878; x_wconf 88' lang='lat' dir='ltr'><strong>dicebat</strong></span> <span class='ocrx_word' id='word_1_392' title='bbox 1637 4841 1648 4874; x_wconf 92' lang='lat'><strong>:</strong></span> <span class='ocrx_word' id='word_1_393' title='bbox 1682 4821 2013 4891; x_wconf 79' lang='lat' dir='ltr'><strong>Confringent</strong></span> 
     </span>
    </p>
   </div>
   <div class='ocr_carea' id='block_1_51' title="bbox 425 4909 2008 4983">
    <p class='ocr_par' dir='ltr' id='par_1_51' title="bbox 425 4909 2008 4983">
     <span class='ocr_line' id='line_1_51' title="bbox 425 4909 2008 4983; baseline -0.001 -19"><span class='ocrx_word' id='word_1_394' title='bbox 425 4910 624 4981; x_wconf 73' lang='lat' dir='ltr'><strong>gladios</strong></span> <span class='ocrx_word' id='word_1_395' title='bbox 651 4928 772 4965; x_wconf 84' lang='lat' dir='ltr'><strong>suos</strong></span> <span class='ocrx_word' id='word_1_396' title='bbox 799 4912 850 4965; x_wconf 87' lang='lat' dir='ltr'><strong>in</strong></span> <span class='ocrx_word' id='word_1_397' title='bbox 878 4921 1048 4966; x_wconf 86' lang='lat' dir='ltr'><strong>aratra</strong></span> <span class='ocrx_word' id='word_1_398' title='bbox 1067 4954 1082 4978; x_wconf 92' lang='lat'><strong>,</strong></span> <span class='ocrx_word' id='word_1_399' title='bbox 1112 4923 1158 4966; x_wconf 88' lang='lat' dir='ltr'><strong>et</strong></span> <span class='ocrx_word' id='word_1_400' title='bbox 1189 4915 1388 4968; x_wconf 80' lang='lat' dir='ltr'><strong>lanceas</strong></span> <span class='ocrx_word' id='word_1_401' title='bbox 1417 4931 1534 4968; x_wconf 85' lang='lat' dir='ltr'><strong>suas</strong></span> <span class='ocrx_word' id='word_1_402' title='bbox 1562 4915 1615 4966; x_wconf 87' lang='lat' dir='ltr'><strong>in</strong></span> <span class='ocrx_word' id='word_1_403' title='bbox 1645 4913 1800 4983; x_wconf 79' lang='lat' dir='ltr'><strong>falces</strong></span> <span class='ocrx_word' id='word_1_404' title='bbox 1839 4910 1856 4980; x_wconf 97' lang='lat'>(</span> <span class='ocrx_word' id='word_1_405' title='bbox 1879 4909 2008 4964; x_wconf 82' lang='lat' dir='ltr'><strong>Isai.</strong></span> 
     </span>
    </p>
   </div>
   <div class='ocr_carea' id='block_1_52' title="bbox 423 5001 2015 5076">
    <p class='ocr_par' dir='ltr' id='par_1_52' title="bbox 423 5001 2015 5076">
     <span class='ocr_line' id='line_1_52' title="bbox 423 5001 2015 5076; baseline -0.003 -16"><span class='ocrx_word' id='word_1_406' title='bbox 423 5007 478 5060; x_wconf 69' lang='grc'>2.</span> <span class='ocrx_word' id='word_1_407' title='bbox 509 5006 565 5060; x_wconf 72' lang='grc'>4.</span> <span class='ocrx_word' id='word_1_408' title='bbox 607 5001 728 5060; x_wconf 76' lang='lat' dir='ltr'><strong>Joel</strong></span> <span class='ocrx_word' id='word_1_409' title='bbox 777 5005 829 5059; x_wconf 77' lang='grc'><strong>5.</strong></span> <span class='ocrx_word' id='word_1_410' title='bbox 860 5003 982 5076; x_wconf 86' lang='grc'>10).</span> <span class='ocrx_word' id='word_1_411' title='bbox 1013 5004 1079 5059; x_wconf 84' lang='grc' dir='ltr'><strong>Ει</strong></span> <span class='ocrx_word' id='word_1_412' title='bbox 1105 5005 1190 5060; x_wconf 90' lang='lat' dir='ltr'><strong>hic</strong></span> <span class='ocrx_word' id='word_1_413' title='bbox 1216 5007 1428 5076; x_wconf 90' lang='lat' dir='ltr'><strong>quidem</strong></span> <span class='ocrx_word' id='word_1_414' title='bbox 1458 5005 1752 5061; x_wconf 82' lang='lat' dir='ltr'><strong>Jerusalem</strong></span> <span class='ocrx_word' id='word_1_415' title='bbox 1779 5004 1854 5056; x_wconf 91' lang='lat' dir='ltr'><strong>sic</strong></span> <span class='ocrx_word' id='word_1_416' title='bbox 1880 5003 2015 5055; x_wconf 87' lang='lat' dir='ltr'><strong>allo-</strong></span> 
     </span>
    </p>
   </div>
   <div class='ocr_carea' id='block_1_53' title="bbox 423 5082 2014 5170">
    <p class='ocr_par' dir='ltr' id='par_1_53' title="bbox 423 5082 2014 5170">
     <span class='ocr_line' id='line_1_53' title="bbox 423 5082 2014 5170; baseline -0.003 -18"><span class='ocrx_word' id='word_1_417' title='bbox 423 5082 601 5170; x_wconf 67' lang='lat' dir='ltr'><strong>quitur</strong></span> <span class='ocrx_word' id='word_1_418' title='bbox 631 5112 646 5150; x_wconf 87' lang='lat'><strong>:</strong></span> <span class='ocrx_word' id='word_1_419' title='bbox 678 5095 877 5151; x_wconf 73' lang='lat' dir='ltr'><strong>Lwtare</strong></span> <span class='ocrx_word' id='word_1_420' title='bbox 905 5095 1140 5163; x_wconf 85' lang='lat' dir='ltr'><strong>multum,</strong></span> <span class='ocrx_word' id='word_1_421' title='bbox 1174 5099 1282 5166; x_wconf 82' lang='lat' dir='ltr'><strong>ﬁlia</strong></span> <span class='ocrx_word' id='word_1_422' title='bbox 1310 5099 1434 5154; x_wconf 90' lang='lat' dir='ltr'><strong>Sion</strong></span> <span class='ocrx_word' id='word_1_423' title='bbox 1461 5142 1475 5164; x_wconf 88' lang='lat'><strong>,</strong></span> <span class='ocrx_word' id='word_1_424' title='bbox 1497 5099 1614 5167; x_wconf 84' lang='lat' dir='ltr'><strong>quia</strong></span> <span class='ocrx_word' id='word_1_425' title='bbox 1644 5113 1753 5152; x_wconf 86' lang='lat' dir='ltr'><strong>ecce</strong></span> <span class='ocrx_word' id='word_1_426' title='bbox 1782 5111 1873 5149; x_wconf 70' lang='lat' dir='ltr'><strong>res:</strong></span> <span class='ocrx_word' id='word_1_427' title='bbox 1899 5103 2014 5148; x_wconf 83' lang='lat' dir='ltr'><strong>tuus</strong></span> 
     </span>
    </p>
   </div>
   <div class='ocr_carea' id='block_1_54' title="bbox 1526 303 2765 364">
    <p class='ocr_par' dir='ltr' id='par_1_54' title="bbox 1526 303 2765 364">
     <span class='ocr_line' id='line_1_54' title="bbox 1526 303 2765 364; baseline 0.002 -5"><span class='ocrx_word' id='word_1_428' title='bbox 1526 304 1590 360; x_wconf 83' lang='grc' dir='ltr'><strong>ΙΝ</strong></span> <span class='ocrx_word' id='word_1_429' title='bbox 1629 305 2033 363; x_wconf 71' lang='grc' dir='ltr'><strong>ΜΑΤΤΗΑΞυΜ</strong></span> <span class='ocrx_word' id='word_1_430' title='bbox 2074 303 2303 361; x_wconf 80' lang='lat' dir='ltr'><strong>HOMIL.</strong></span> <span class='ocrx_word' id='word_1_431' title='bbox 2348 306 2462 362; x_wconf 79' lang='lat' dir='ltr'><strong>XX.</strong></span> <span class='ocrx_word' id='word_1_432' title='bbox 2505 308 2574 364; x_wconf 94' lang='lat' dir='ltr'><strong>al.</strong></span> <span class='ocrx_word' id='word_1_433' title='bbox 2621 307 2765 364; x_wconf 75' lang='lat' dir='ltr'><strong>XXI.</strong></span> 
     </span>
    </p>
   </div>
   <div class='ocr_carea' id='block_1_55' title="bbox 3614 317 3716 374">
    <p class='ocr_par' dir='ltr' id='par_1_55' title="bbox 3614 317 3716 374">
     <span class='ocr_line' id='line_1_55' title="bbox 3614 317 3716 374; baseline 0.01 -1"><span class='ocrx_word' id='word_1_434' title='bbox 3614 317 3716 374; x_wconf 72' lang='lat'><strong>286</strong></span> 
     </span>
    </p>
   </div>
   <div class='ocr_carea' id='block_1_56' title="bbox 2138 419 3717 502">
    <p class='ocr_par' dir='ltr' id='par_1_56' title="bbox 2138 419 3717 502">
     <span class='ocr_line' id='line_1_56' title="bbox 2138 419 3717 502; baseline 0.008 -31"><span class='ocrx_word' id='word_1_435' title='bbox 2138 420 2267 472; x_wconf 76' lang='lat' dir='ltr'><strong>venit</strong></span> <span class='ocrx_word' id='word_1_436' title='bbox 2298 419 2386 473; x_wconf 89' lang='lat' dir='ltr'><strong>tibi</strong></span> <span class='ocrx_word' id='word_1_437' title='bbox 2414 430 2730 485; x_wconf 86' lang='lat' dir='ltr'><strong>mansuetus,</strong></span> <span class='ocrx_word' id='word_1_438' title='bbox 2773 423 2951 478; x_wconf 84' lang='lat' dir='ltr'><strong>sedens</strong></span> <span class='ocrx_word' id='word_1_439' title='bbox 2987 440 3137 495; x_wconf 82' lang='lat' dir='ltr'><strong>super</strong></span> <span class='ocrx_word' id='word_1_440' title='bbox 3175 429 3487 499; x_wconf 72' lang='lat' dir='ltr'><strong>subjugalem</strong></span> <span class='ocrx_word' id='word_1_441' title='bbox 3524 441 3569 485; x_wconf 74' lang='lat' dir='ltr'><strong>et</strong></span> <span class='ocrx_word' id='word_1_442' title='bbox 3597 433 3717 502; x_wconf 83' lang='lat' dir='ltr'><strong>put-</strong></span> 
     </span>
    </p>
   </div>
   <div class='ocr_carea' id='block_1_57' title="bbox 2131 509 3714 583">
    <p class='ocr_par' dir='ltr' id='par_1_57' title="bbox 2131 509 3714 583">
     <span class='ocr_line' id='line_1_57' title="bbox 2131 509 3714 583; baseline 0.009 -21"><span class='ocrx_word' id='word_1_443' title='bbox 2131 509 2238 562; x_wconf 90' lang='lat' dir='ltr'><strong>lum</strong></span> <span class='ocrx_word' id='word_1_444' title='bbox 2269 509 2516 564; x_wconf 86' lang='lat' dir='ltr'><strong>novellum</strong></span> <span class='ocrx_word' id='word_1_445' title='bbox 2546 511 2805 580; x_wconf 77' lang='lat' dir='ltr'><strong>(Zacliar.</strong></span> <span class='ocrx_word' id='word_1_446' title='bbox 2839 514 2891 570; x_wconf 93' lang='lat'><strong>9.</strong></span> <span class='ocrx_word' id='word_1_447' title='bbox 2924 515 3013 583; x_wconf 88' lang='lat'><strong>9).</strong></span> <span class='ocrx_word' id='word_1_448' title='bbox 3066 518 3216 572; x_wconf 81' lang='lat' dir='ltr'><strong>Alius</strong></span> <span class='ocrx_word' id='word_1_449' title='bbox 3258 536 3384 574; x_wconf 88' lang='lat' dir='ltr'><strong>vero</strong></span> <span class='ocrx_word' id='word_1_450' title='bbox 3425 523 3714 578; x_wconf 85' lang='lat' dir='ltr'><strong>secundum</strong></span> 
     </span>
    </p>
   </div>
   <div class='ocr_carea' id='block_1_58' title="bbox 2131 598 3716 680">
    <p class='ocr_par' dir='ltr' id='par_1_58' title="bbox 2131 598 3716 680">
     <span class='ocr_line' id='line_1_58' title="bbox 2131 598 3716 680; baseline 0.011 -28"><span class='ocrx_word' id='word_1_451' title='bbox 2131 598 2247 667; x_wconf 91' lang='lat' dir='ltr'><strong>ejus</strong></span> <span class='ocrx_word' id='word_1_452' title='bbox 2276 600 2563 655; x_wconf 86' lang='lat' dir='ltr'><strong>adventum</strong></span> <span class='ocrx_word' id='word_1_453' title='bbox 2597 603 2848 671; x_wconf 58' lang='lat' dir='ltr'><strong>praedicat</strong></span> <span class='ocrx_word' id='word_1_454' title='bbox 2877 605 2959 660; x_wconf 92' lang='lat' dir='ltr'><strong>his</strong></span> <span class='ocrx_word' id='word_1_455' title='bbox 2989 608 3162 662; x_wconf 83' lang='lat' dir='ltr'><strong>verbis</strong></span> <span class='ocrx_word' id='word_1_456' title='bbox 3191 626 3204 658; x_wconf 88' lang='lat'><strong>:</strong></span> <span class='ocrx_word' id='word_1_457' title='bbox 3247 608 3417 665; x_wconf 79' lang='lat' dir='ltr'><strong>Veniet</strong></span> <span class='ocrx_word' id='word_1_458' title='bbox 3446 611 3716 680; x_wconf 83' lang='lat' dir='ltr'><strong>Dominus,</strong></span> 
     </span>
    </p>
   </div>
   <div class='ocr_carea' id='block_1_59' title="bbox 2129 693 3718 773">
    <p class='ocr_par' dir='ltr' id='par_1_59' title="bbox 2129 693 3718 773">
     <span class='ocr_line' id='line_1_59' title="bbox 2129 693 3718 773; baseline 0.009 -32"><span class='ocrx_word' id='word_1_459' title='bbox 2129 704 2274 756; x_wconf 84' lang='lat' dir='ltr'><strong>quem</strong></span> <span class='ocrx_word' id='word_1_460' title='bbox 2315 705 2400 744; x_wconf 82' lang='lat' dir='ltr'><strong>vos</strong></span> <span class='ocrx_word' id='word_1_461' title='bbox 2441 693 2698 761; x_wconf 80' lang='lat' dir='ltr'><strong>qua&#39;ritis,</strong></span> <span class='ocrx_word' id='word_1_462' title='bbox 2745 704 2793 749; x_wconf 83' lang='lat' dir='ltr'><strong>et</strong></span> <span class='ocrx_word' id='word_1_463' title='bbox 2833 697 2944 765; x_wconf 87' lang='lat' dir='ltr'><strong>quis</strong></span> <span class='ocrx_word' id='word_1_464' title='bbox 2985 699 3245 752; x_wconf 83' lang='lat' dir='ltr'><strong>sustinebit</strong></span> <span class='ocrx_word' id='word_1_465' title='bbox 3289 701 3420 754; x_wconf 83' lang='lat' dir='ltr'><strong>diem</strong></span> <span class='ocrx_word' id='word_1_466' title='bbox 3461 704 3718 773; x_wconf 74' lang='lat' dir='ltr'><strong>ingressus</strong></span> 
     </span>
    </p>
   </div>
   <div class='ocr_carea' id='block_1_60' title="bbox 2128 782 3709 864">
    <p class='ocr_par' dir='ltr' id='par_1_60' title="bbox 2128 782 3709 864">
     <span class='ocr_line' id='line_1_60' title="bbox 2128 782 3709 864; baseline 0.009 -31"><span class='ocrx_word' id='word_1_467' title='bbox 2128 783 2238 850; x_wconf 86' lang='lat' dir='ltr'><strong>ejus</strong></span> <span class='ocrx_word' id='word_1_468' title='bbox 2257 783 2283 834; x_wconf 80' lang='lat'><strong><em>?</em></strong></span> <span class='ocrx_word' id='word_1_469' title='bbox 2310 782 2576 838; x_wconf 77' lang='lat' dir='ltr'><strong>Exsultate</strong></span> <span class='ocrx_word' id='word_1_470' title='bbox 2601 786 2730 839; x_wconf 82' lang='lat' dir='ltr'><strong>sicut</strong></span> <span class='ocrx_word' id='word_1_471' title='bbox 2758 788 2901 841; x_wconf 81' lang='lat' dir='ltr'><strong>vituli</strong></span> <span class='ocrx_word' id='word_1_472' title='bbox 2931 805 2962 842; x_wconf 91' lang='lat' dir='ltr'><strong>a</strong></span> <span class='ocrx_word' id='word_1_473' title='bbox 2986 791 3196 845; x_wconf 80' lang='lat' dir='ltr'><strong>vinculis</strong></span> <span class='ocrx_word' id='word_1_474' title='bbox 3218 792 3433 846; x_wconf 86' lang='lat' dir='ltr'><strong>absoluti</strong></span> <span class='ocrx_word' id='word_1_475' title='bbox 3459 794 3709 864; x_wconf 62' lang='lat' dir='ltr'><strong>(Malae/1.</strong></span> 
     </span>
    </p>
   </div>
   <div class='ocr_carea' id='block_1_61' title="bbox 2128 872 3713 954">
    <p class='ocr_par' dir='ltr' id='par_1_61' title="bbox 2128 872 3713 954">
     <span class='ocr_line' id='line_1_61' title="bbox 2128 872 3713 954; baseline 0.009 -29"><span class='ocrx_word' id='word_1_476' title='bbox 2128 872 2181 926; x_wconf 78' lang='lat'><strong>3.</strong></span> <span class='ocrx_word' id='word_1_477' title='bbox 2205 874 2252 929; x_wconf 87' lang='lat' dir='ltr'><strong>l.</strong></span> <span class='ocrx_word' id='word_1_478' title='bbox 2273 874 2326 928; x_wconf 73' lang='lat'><strong>9..</strong></span> <span class='ocrx_word' id='word_1_479' title='bbox 2345 884 2390 928; x_wconf 88' lang='lat' dir='ltr'><strong>et</strong></span> <span class='ocrx_word' id='word_1_480' title='bbox 2414 876 2467 930; x_wconf 70' lang='grc'>4.</span> <span class='ocrx_word' id='word_1_481' title='bbox 2487 876 2564 946; x_wconf 70' lang='grc'>2).</span> <span class='ocrx_word' id='word_1_482' title='bbox 2596 876 2660 930; x_wconf 82' lang='grc' dir='ltr'><strong>Ει</strong></span> <span class='ocrx_word' id='word_1_483' title='bbox 2679 877 2817 933; x_wconf 90' lang='lat' dir='ltr'><strong>alter</strong></span> <span class='ocrx_word' id='word_1_484' title='bbox 2842 896 3022 936; x_wconf 85' lang='lat' dir='ltr'><strong>rursus</strong></span> <span class='ocrx_word' id='word_1_485' title='bbox 3041 882 3106 936; x_wconf 89' lang='lat' dir='ltr'><strong>de</strong></span> <span class='ocrx_word' id='word_1_486' title='bbox 3133 882 3215 936; x_wconf 91' lang='lat' dir='ltr'><strong>his</strong></span> <span class='ocrx_word' id='word_1_487' title='bbox 3235 884 3713 954; x_wconf 88' lang='lat' dir='ltr'><strong>obstupescensdi-</strong></span> 
     </span>
    </p>
   </div>
   <div class='ocr_carea' id='block_1_62' title="bbox 2127 967 3715 1044">
    <p class='ocr_par' dir='ltr' id='par_1_62' title="bbox 2127 967 3715 1044">
     <span class='ocr_line' id='line_1_62' title="bbox 2127 967 3715 1044; baseline 0.006 -22"><span class='ocrx_word' id='word_1_488' title='bbox 2127 967 2282 1022; x_wconf 79' lang='lat' dir='ltr'><strong>Cebat</strong></span> <span class='ocrx_word' id='word_1_489' title='bbox 2310 986 2323 1021; x_wconf 92' lang='lat'><strong>:</strong></span> <span class='ocrx_word' id='word_1_490' title='bbox 2358 967 2455 1021; x_wconf 84' lang='lat' dir='ltr'><strong>Hic</strong></span> <span class='ocrx_word' id='word_1_491' title='bbox 2488 979 2558 1023; x_wconf 88' lang='lat' dir='ltr'><strong>est</strong></span> <span class='ocrx_word' id='word_1_492' title='bbox 2597 969 2736 1025; x_wconf 84' lang='lat' dir='ltr'><strong>Deus</strong></span> <span class='ocrx_word' id='word_1_493' title='bbox 2762 983 2928 1026; x_wconf 86' lang='lat' dir='ltr'><strong>noster</strong></span> <span class='ocrx_word' id='word_1_494' title='bbox 2942 989 2964 1039; x_wconf 90' lang='lat'><strong><em>;</em></strong></span> <span class='ocrx_word' id='word_1_495' title='bbox 2992 991 3081 1028; x_wconf 81' lang='lat' dir='ltr'><strong>nec</strong></span> <span class='ocrx_word' id='word_1_496' title='bbox 3109 978 3421 1044; x_wconf 72' lang='lat' dir='ltr'><strong>reputabitur</strong></span> <span class='ocrx_word' id='word_1_497' title='bbox 3448 978 3576 1032; x_wconf 85' lang='lat' dir='ltr'><strong>alter</strong></span> <span class='ocrx_word' id='word_1_498' title='bbox 3601 995 3715 1032; x_wconf 88' lang='lat' dir='ltr'><strong>cum</strong></span> 
     </span>
    </p>
   </div>
   <div class='ocr_carea' id='block_1_63' title="bbox 2126 1058 3713 1138">
    <p class='ocr_par' dir='ltr' id='par_1_63' title="bbox 2126 1058 3713 1138">
     <span class='ocr_line' id='line_1_63' title="bbox 2126 1058 3713 1138; baseline 0.008 -28"><span class='ocrx_word' id='word_1_499' title='bbox 2126 1058 2218 1111; x_wconf 87' lang='lat' dir='ltr'><strong>illo</strong></span> <span class='ocrx_word' id='word_1_500' title='bbox 2244 1058 2480 1130; x_wconf 66' lang='lat' dir='ltr'><strong>(Barac/3</strong></span> <span class='ocrx_word' id='word_1_501' title='bbox 2515 1061 2566 1114; x_wconf 75' lang='lat'><strong>3.</strong></span> <span class='ocrx_word' id='word_1_502' title='bbox 2603 1059 2724 1133; x_wconf 78' lang='grc'>56).</span> <span class='ocrx_word' id='word_1_503' title='bbox 2755 1064 3001 1120; x_wconf 83' lang='lat' dir='ltr'><strong>Attamen</strong></span> <span class='ocrx_word' id='word_1_504' title='bbox 3024 1081 3143 1120; x_wconf 90' lang='lat' dir='ltr'><strong>cum</strong></span> <span class='ocrx_word' id='word_1_505' title='bbox 3171 1066 3284 1122; x_wconf 62' lang='lat' dir='ltr'><strong>haec</strong></span> <span class='ocrx_word' id='word_1_506' title='bbox 3303 1077 3355 1122; x_wconf 90' lang='lat' dir='ltr'><strong>et</strong></span> <span class='ocrx_word' id='word_1_507' title='bbox 3376 1068 3542 1122; x_wconf 91' lang='lat' dir='ltr'><strong>multo</strong></span> <span class='ocrx_word' id='word_1_508' title='bbox 3564 1070 3713 1138; x_wconf 83' lang='lat' dir='ltr'><strong>plura</strong></span> 
     </span>
    </p>
   </div>
   <div class='ocr_carea' id='block_1_64' title="bbox 2126 1150 3712 1228">
    <p class='ocr_par' dir='ltr' id='par_1_64' title="bbox 2126 1150 3712 1228">
     <span class='ocr_line' id='line_1_64' title="bbox 2126 1150 3712 1228; baseline 0.007 -24"><span class='ocrx_word' id='word_1_509' title='bbox 2126 1150 2390 1218; x_wconf 88' lang='lat' dir='ltr'><strong>dicantur,</strong></span> <span class='ocrx_word' id='word_1_510' title='bbox 2427 1168 2550 1209; x_wconf 89' lang='lat' dir='ltr'><strong>cum</strong></span> <span class='ocrx_word' id='word_1_511' title='bbox 2579 1170 2672 1223; x_wconf 88' lang='lat' dir='ltr'><strong>par</strong></span> <span class='ocrx_word' id='word_1_512' title='bbox 2712 1165 2854 1210; x_wconf 84' lang='lat' dir='ltr'><strong>esset</strong></span> <span class='ocrx_word' id='word_1_513' title='bbox 2893 1157 3147 1221; x_wconf 90' lang='lat' dir='ltr'><strong>horrere,</strong></span> <span class='ocrx_word' id='word_1_514' title='bbox 3193 1167 3247 1214; x_wconf 88' lang='lat' dir='ltr'><strong>et</strong></span> <span class='ocrx_word' id='word_1_515' title='bbox 3287 1169 3472 1228; x_wconf 89' lang='lat' dir='ltr'><strong>putare</strong></span> <span class='ocrx_word' id='word_1_516' title='bbox 3519 1176 3618 1216; x_wconf 89' lang='lat' dir='ltr'><strong>nos</strong></span> <span class='ocrx_word' id='word_1_517' title='bbox 3661 1162 3712 1215; x_wconf 92' lang='lat' dir='ltr'><strong>in</strong></span> 
     </span>
    </p>
   </div>
   <div class='ocr_carea' id='block_1_65' title="bbox 2129 1247 3708 1317">
    <p class='ocr_par' dir='ltr' id='par_1_65' title="bbox 2129 1247 3708 1317">
     <span class='ocr_line' id='line_1_65' title="bbox 2129 1247 3708 1317; baseline 0.004 -19"><span class='ocrx_word' id='word_1_518' title='bbox 2129 1257 2266 1298; x_wconf 89' lang='lat' dir='ltr'><strong>terra</strong></span> <span class='ocrx_word' id='word_1_519' title='bbox 2299 1260 2402 1299; x_wconf 93' lang='lat' dir='ltr'><strong>non</strong></span> <span class='ocrx_word' id='word_1_520' title='bbox 2434 1260 2582 1310; x_wconf 90' lang='lat' dir='ltr'><strong>esse;</strong></span> <span class='ocrx_word' id='word_1_521' title='bbox 2628 1247 2776 1316; x_wconf 89' lang='lat' dir='ltr'><strong>quasi</strong></span> <span class='ocrx_word' id='word_1_522' title='bbox 2822 1248 2873 1302; x_wconf 92' lang='lat' dir='ltr'><strong>in</strong></span> <span class='ocrx_word' id='word_1_523' title='bbox 2923 1248 3100 1302; x_wconf 92' lang='lat' dir='ltr'><strong>medio</strong></span> <span class='ocrx_word' id='word_1_524' title='bbox 3143 1248 3260 1303; x_wconf 90' lang='lat' dir='ltr'><strong>foro</strong></span> <span class='ocrx_word' id='word_1_525' title='bbox 3303 1251 3708 1317; x_wconf 88' lang='lat' dir='ltr'><strong>tumultuamur,</strong></span> 
     </span>
    </p>
   </div>
   <div class='ocr_carea' id='block_1_66' title="bbox 2128 1337 3712 1414">
    <p class='ocr_par' dir='ltr' id='par_1_66' title="bbox 2128 1337 3712 1414">
     <span class='ocr_line' id='line_1_66' title="bbox 2128 1337 3712 1414; baseline 0.005 -24"><span class='ocrx_word' id='word_1_526' title='bbox 2128 1337 2421 1405; x_wconf 88' lang='lat' dir='ltr'><strong>turbamus,</strong></span> <span class='ocrx_word' id='word_1_527' title='bbox 2449 1338 2515 1393; x_wconf 90' lang='lat' dir='ltr'><strong>de</strong></span> <span class='ocrx_word' id='word_1_528' title='bbox 2536 1339 2600 1394; x_wconf 90' lang='lat' dir='ltr'><strong>iis</strong></span> <span class='ocrx_word' id='word_1_529' title='bbox 2621 1355 2739 1410; x_wconf 76' lang='lat' dir='ltr'><strong>qua:</strong></span> <span class='ocrx_word' id='word_1_530' title='bbox 2764 1340 2894 1394; x_wconf 90' lang='lat' dir='ltr'><strong>nihil</strong></span> <span class='ocrx_word' id='word_1_531' title='bbox 2915 1340 2980 1394; x_wconf 89' lang='lat' dir='ltr'><strong>ad</strong></span> <span class='ocrx_word' id='word_1_532' title='bbox 3006 1356 3104 1395; x_wconf 90' lang='lat' dir='ltr'><strong>nos</strong></span> <span class='ocrx_word' id='word_1_533' title='bbox 3127 1352 3367 1412; x_wconf 82' lang='lat' dir='ltr'><strong>spectant</strong></span> <span class='ocrx_word' id='word_1_534' title='bbox 3393 1345 3712 1414; x_wconf 74' lang='lat' dir='ltr'><strong>garrientes,</strong></span> 
     </span>
    </p>
   </div>
   <div class='ocr_carea' id='block_1_67' title="bbox 2127 1431 3710 1505">
    <p class='ocr_par' dir='ltr' id='par_1_67' title="bbox 2127 1431 3710 1505">
     <span class='ocr_line' id='line_1_67' title="bbox 2127 1431 3710 1505; baseline 0.003 -23"><span class='ocrx_word' id='word_1_535' title='bbox 2127 1437 2295 1482; x_wconf 92' lang='lat' dir='ltr'><strong>totum</strong></span> <span class='ocrx_word' id='word_1_536' title='bbox 2327 1431 2646 1485; x_wconf 89' lang='lat' dir='ltr'><strong>insumimus</strong></span> <span class='ocrx_word' id='word_1_537' title='bbox 2673 1431 2914 1486; x_wconf 72' lang='lat' dir='ltr'><strong>collecta:</strong></span> <span class='ocrx_word' id='word_1_538' title='bbox 2943 1441 3169 1500; x_wconf 89' lang='lat' dir='ltr'><strong>tempus.</strong></span> <span class='ocrx_word' id='word_1_539' title='bbox 3206 1432 3338 1488; x_wconf 88' lang='lat' dir='ltr'><strong>Cum</strong></span> <span class='ocrx_word' id='word_1_540' title='bbox 3371 1435 3547 1505; x_wconf 85' lang='lat' dir='ltr'><strong>itaque</strong></span> <span class='ocrx_word' id='word_1_541' title='bbox 3577 1448 3631 1488; x_wconf 89' lang='lat' dir='ltr'><strong>et</strong></span> <span class='ocrx_word' id='word_1_542' title='bbox 3660 1436 3710 1488; x_wconf 92' lang='lat' dir='ltr'><strong>in</strong></span> 
     </span>
    </p>
   </div>
   <div class='ocr_carea' id='block_1_68' title="bbox 2126 1521 3713 1592">
    <p class='ocr_par' dir='ltr' id='par_1_68' title="bbox 2126 1521 3713 1592">
     <span class='ocr_line' id='line_1_68' title="bbox 2126 1521 3713 1592; baseline 0.004 -18"><span class='ocrx_word' id='word_1_543' title='bbox 2126 1521 2328 1590; x_wconf 82' lang='lat' dir='ltr'><strong>exiguis</strong></span> <span class='ocrx_word' id='word_1_544' title='bbox 2353 1530 2408 1575; x_wconf 92' lang='lat' dir='ltr'><strong>et</strong></span> <span class='ocrx_word' id='word_1_545' title='bbox 2436 1523 2486 1575; x_wconf 94' lang='lat' dir='ltr'><strong>in</strong></span> <span class='ocrx_word' id='word_1_546' title='bbox 2516 1524 2754 1592; x_wconf 81' lang='lat' dir='ltr'><strong>magnis,</strong></span> <span class='ocrx_word' id='word_1_547' title='bbox 2786 1532 2840 1578; x_wconf 94' lang='lat' dir='ltr'><strong>et</strong></span> <span class='ocrx_word' id='word_1_548' title='bbox 2877 1523 2926 1576; x_wconf 92' lang='lat' dir='ltr'><strong>in</strong></span> <span class='ocrx_word' id='word_1_549' title='bbox 2955 1523 3140 1578; x_wconf 86' lang='lat' dir='ltr'><strong>auditu</strong></span> <span class='ocrx_word' id='word_1_550' title='bbox 3167 1533 3222 1578; x_wconf 91' lang='lat' dir='ltr'><strong>et</strong></span> <span class='ocrx_word' id='word_1_551' title='bbox 3251 1525 3302 1578; x_wconf 91' lang='lat' dir='ltr'><strong>in</strong></span> <span class='ocrx_word' id='word_1_552' title='bbox 3333 1535 3472 1588; x_wconf 87' lang='lat' dir='ltr'><strong>actu,</strong></span> <span class='ocrx_word' id='word_1_553' title='bbox 3503 1537 3557 1581; x_wconf 90' lang='lat' dir='ltr'><strong>et</strong></span> <span class='ocrx_word' id='word_1_554' title='bbox 3583 1526 3713 1580; x_wconf 87' lang='lat' dir='ltr'><strong>foris</strong></span> 
     </span>
    </p>
   </div>
   <div class='ocr_carea' id='block_1_69' title="bbox 2125 1613 3710 1684">
    <p class='ocr_par' dir='ltr' id='par_1_69' title="bbox 2125 1613 3710 1684">
     <span class='ocr_line' id='line_1_69' title="bbox 2125 1613 3710 1684; baseline 0.001 -16"><span class='ocrx_word' id='word_1_555' title='bbox 2125 1623 2178 1668; x_wconf 89' lang='lat' dir='ltr'><strong>et</strong></span> <span class='ocrx_word' id='word_1_556' title='bbox 2222 1615 2356 1666; x_wconf 90' lang='lat' dir='ltr'><strong>intra</strong></span> <span class='ocrx_word' id='word_1_557' title='bbox 2401 1614 2721 1680; x_wconf 90' lang='lat' dir='ltr'><strong>ecclesiam,</strong></span> <span class='ocrx_word' id='word_1_558' title='bbox 2764 1613 2835 1668; x_wconf 91' lang='lat' dir='ltr'><strong>ita</strong></span> <span class='ocrx_word' id='word_1_559' title='bbox 2875 1617 3041 1668; x_wconf 91' lang='lat' dir='ltr'><strong>simus</strong></span> <span class='ocrx_word' id='word_1_560' title='bbox 3077 1615 3318 1681; x_wconf 80' lang='lat' dir='ltr'><strong>desides,</strong></span> <span class='ocrx_word' id='word_1_561' title='bbox 3358 1625 3554 1684; x_wconf 78' lang='lat' dir='ltr'><strong>praeter</strong></span> <span class='ocrx_word' id='word_1_562' title='bbox 3596 1616 3710 1670; x_wconf 80' lang='lat' dir='ltr'><strong>inec</strong></span> 
     </span>
    </p>
   </div>
   <div class='ocr_carea' id='block_1_70' title="bbox 2125 1705 3709 1775">
    <p class='ocr_par' dir='ltr' id='par_1_70' title="bbox 2125 1705 3709 1775">
     <span class='ocr_line' id='line_1_70' title="bbox 2125 1705 3709 1775; baseline 0.001 -16"><span class='ocrx_word' id='word_1_563' title='bbox 2125 1706 2300 1759; x_wconf 90' lang='lat' dir='ltr'><strong>omnia</strong></span> <span class='ocrx_word' id='word_1_564' title='bbox 2331 1705 2491 1760; x_wconf 89' lang='lat' dir='ltr'><strong>etiam</strong></span> <span class='ocrx_word' id='word_1_565' title='bbox 2520 1713 2706 1761; x_wconf 88' lang='lat' dir='ltr'><strong>contra</strong></span> <span class='ocrx_word' id='word_1_566' title='bbox 2735 1705 2978 1760; x_wconf 90' lang='lat' dir='ltr'><strong>inimicos</strong></span> <span class='ocrx_word' id='word_1_567' title='bbox 3024 1721 3303 1775; x_wconf 90' lang='lat' dir='ltr'><strong>precemur</strong></span> <span class='ocrx_word' id='word_1_568' title='bbox 3330 1726 3342 1760; x_wconf 90' lang='lat'><strong>:</strong></span> <span class='ocrx_word' id='word_1_569' title='bbox 3377 1706 3518 1761; x_wconf 89' lang='lat' dir='ltr'><strong>unde</strong></span> <span class='ocrx_word' id='word_1_570' title='bbox 3559 1721 3709 1775; x_wconf 84' lang='lat' dir='ltr'><strong>Spem</strong></span> 
     </span>
    </p>
   </div>
   <div class='ocr_carea' id='block_1_71' title="bbox 2123 1799 3709 1869">
    <p class='ocr_par' dir='ltr' id='par_1_71' title="bbox 2123 1799 3709 1869">
     <span class='ocr_line' id='line_1_71' title="bbox 2123 1799 3709 1869; baseline -0.002 -14"><span class='ocrx_word' id='word_1_571' title='bbox 2123 1801 2311 1855; x_wconf 85' lang='lat' dir='ltr'><strong>salutis</strong></span> <span class='ocrx_word' id='word_1_572' title='bbox 2343 1800 2656 1856; x_wconf 88' lang='lat' dir='ltr'><strong>habebimus</strong></span> <span class='ocrx_word' id='word_1_573' title='bbox 2680 1841 2695 1862; x_wconf 94' lang='lat'><strong>,</strong></span> <span class='ocrx_word' id='word_1_574' title='bbox 2742 1815 2862 1854; x_wconf 90' lang='lat' dir='ltr'><strong>cum</strong></span> <span class='ocrx_word' id='word_1_575' title='bbox 2895 1807 2972 1854; x_wconf 88' lang='lat' dir='ltr'><strong>tot</strong></span> <span class='ocrx_word' id='word_1_576' title='bbox 3000 1799 3266 1869; x_wconf 87' lang='lat' dir='ltr'><strong>tantisque</strong></span> <span class='ocrx_word' id='word_1_577' title='bbox 3293 1800 3524 1868; x_wconf 90' lang='lat' dir='ltr'><strong>peccatis</strong></span> <span class='ocrx_word' id='word_1_578' title='bbox 3553 1799 3709 1853; x_wconf 86' lang='lat' dir='ltr'><strong>addi-</strong></span> 
     </span>
    </p>
   </div>
   <div class='ocr_carea' id='block_1_72' title="bbox 2125 1891 3700 1962">
    <p class='ocr_par' dir='ltr' id='par_1_72' title="bbox 2125 1891 3700 1962">
     <span class='ocr_line' id='line_1_72' title="bbox 2125 1891 3700 1962; baseline 0 -16"><span class='ocrx_word' id='word_1_579' title='bbox 2125 1903 2417 1948; x_wconf 87' lang='lat' dir='ltr'><strong>tamentum</strong></span> <span class='ocrx_word' id='word_1_580' title='bbox 2445 1891 2588 1946; x_wconf 88' lang='lat' dir='ltr'><strong>aliud</strong></span> <span class='ocrx_word' id='word_1_581' title='bbox 2613 1891 3008 1962; x_wconf 86' lang='lat' dir='ltr'><strong>gravissimum,</strong></span> <span class='ocrx_word' id='word_1_582' title='bbox 3038 1905 3132 1960; x_wconf 91' lang='lat' dir='ltr'><strong>par</strong></span> <span class='ocrx_word' id='word_1_583' title='bbox 3158 1891 3440 1960; x_wconf 88' lang='lat' dir='ltr'><strong>prioribus,</strong></span> <span class='ocrx_word' id='word_1_584' title='bbox 3469 1891 3700 1962; x_wconf 83' lang='lat' dir='ltr'><strong>iniquam</strong></span> 
     </span>
    </p>
   </div>
   <div class='ocr_carea' id='block_1_73' title="bbox 2125 1981 3707 2053">
    <p class='ocr_par' dir='ltr' id='par_1_73' title="bbox 2125 1981 3707 2053">
     <span class='ocr_line' id='line_1_73' title="bbox 2125 1981 3707 2053; baseline -0.001 -16"><span class='ocrx_word' id='word_1_585' title='bbox 2125 1999 2315 2052; x_wconf 87' lang='lat' dir='ltr'><strong>nempe</strong></span> <span class='ocrx_word' id='word_1_586' title='bbox 2344 1983 2485 2036; x_wconf 84' lang='lat' dir='ltr'><strong>illaut</strong></span> <span class='ocrx_word' id='word_1_587' title='bbox 2511 1983 2809 2037; x_wconf 88' lang='lat' dir='ltr'><strong>orationem</strong></span> <span class='ocrx_word' id='word_1_588' title='bbox 2835 1981 3186 2053; x_wconf 86' lang='lat' dir='ltr'><strong>adjiciamus?</strong></span> <span class='ocrx_word' id='word_1_589' title='bbox 3224 1982 3306 2036; x_wconf 84' lang='lat' dir='ltr'><strong>An</strong></span> <span class='ocrx_word' id='word_1_590' title='bbox 3339 1997 3466 2052; x_wconf 86' lang='lat' dir='ltr'><strong>ergo</strong></span> <span class='ocrx_word' id='word_1_591' title='bbox 3507 1983 3707 2036; x_wconf 87' lang='lat' dir='ltr'><strong>miran-</strong></span> 
     </span>
    </p>
   </div>
   <div class='ocr_carea' id='block_1_74' title="bbox 2122 2075 3710 2146">
    <p class='ocr_par' dir='ltr' id='par_1_74' title="bbox 2122 2075 3710 2146">
     <span class='ocr_line' id='line_1_74' title="bbox 2122 2075 3710 2146; baseline 0 -16"><span class='ocrx_word' id='word_1_592' title='bbox 2122 2077 2247 2130; x_wconf 85' lang='lat' dir='ltr'><strong>dum</strong></span> <span class='ocrx_word' id='word_1_593' title='bbox 2273 2119 2287 2142; x_wconf 97' lang='lat'><strong>,</strong></span> <span class='ocrx_word' id='word_1_594' title='bbox 2330 2076 2375 2130; x_wconf 89' lang='lat' dir='ltr'><strong>si</strong></span> <span class='ocrx_word' id='word_1_595' title='bbox 2401 2075 2526 2146; x_wconf 92' lang='lat' dir='ltr'><strong>quid</strong></span> <span class='ocrx_word' id='word_1_596' title='bbox 2566 2075 2723 2131; x_wconf 86' lang='lat' dir='ltr'><strong>nobis</strong></span> <span class='ocrx_word' id='word_1_597' title='bbox 2748 2075 2871 2130; x_wconf 79' lang='lat' dir='ltr'><strong>mali</strong></span> <span class='ocrx_word' id='word_1_598' title='bbox 2899 2075 3316 2146; x_wconf 82' lang='lat' dir='ltr'><strong>inexspectatum</strong></span> <span class='ocrx_word' id='word_1_599' title='bbox 3346 2075 3558 2140; x_wconf 87' lang='lat' dir='ltr'><strong>accidit,</strong></span> <span class='ocrx_word' id='word_1_600' title='bbox 3587 2090 3710 2130; x_wconf 86' lang='lat' dir='ltr'><strong>cum</strong></span> 
     </span>
    </p>
   </div>
   <div class='ocr_carea' id='block_1_75' title="bbox 2122 2168 3709 2226">
    <p class='ocr_par' dir='ltr' id='par_1_75' title="bbox 2122 2168 3709 2226">
     <span class='ocr_line' id='line_1_75' title="bbox 2122 2168 3709 2226; baseline 0.001 -3"><span class='ocrx_word' id='word_1_601' title='bbox 2122 2179 2303 2225; x_wconf 88' lang='lat' dir='ltr'><strong>contra</strong></span> <span class='ocrx_word' id='word_1_602' title='bbox 2335 2169 2634 2224; x_wconf 90' lang='lat' dir='ltr'><strong>mirandum</strong></span> <span class='ocrx_word' id='word_1_603' title='bbox 2663 2181 2806 2225; x_wconf 87' lang='lat' dir='ltr'><strong>esset</strong></span> <span class='ocrx_word' id='word_1_604' title='bbox 2832 2169 2878 2224; x_wconf 86' lang='lat' dir='ltr'><strong>si</strong></span> <span class='ocrx_word' id='word_1_605' title='bbox 2918 2184 3022 2224; x_wconf 91' lang='lat' dir='ltr'><strong>non</strong></span> <span class='ocrx_word' id='word_1_606' title='bbox 3059 2168 3352 2224; x_wconf 81' lang='lat' dir='ltr'><strong>acciderit?</strong></span> <span class='ocrx_word' id='word_1_607' title='bbox 3390 2169 3523 2223; x_wconf 89' lang='lat' dir='ltr'><strong>Illud</strong></span> <span class='ocrx_word' id='word_1_608' title='bbox 3565 2170 3709 2226; x_wconf 88' lang='lat' dir='ltr'><strong>enim</strong></span> 
     </span>
    </p>
   </div>
   <div class='ocr_carea' id='block_1_76' title="bbox 2122 2260 3710 2329">
    <p class='ocr_par' dir='ltr' id='par_1_76' title="bbox 2122 2260 3710 2329">
     <span class='ocr_line' id='line_1_76' title="bbox 2122 2260 3710 2329; baseline -0.001 -15"><span class='ocrx_word' id='word_1_609' title='bbox 2122 2276 2186 2314; x_wconf 78' lang='lat' dir='ltr'><strong>ex</strong></span> <span class='ocrx_word' id='word_1_610' title='bbox 2215 2261 2594 2329; x_wconf 85' lang='lat' dir='ltr'><strong>consequentia</strong></span> <span class='ocrx_word' id='word_1_611' title='bbox 2627 2275 2804 2315; x_wconf 90' lang='lat' dir='ltr'><strong>rerum</strong></span> <span class='ocrx_word' id='word_1_612' title='bbox 2835 2267 2955 2326; x_wconf 90' lang='lat' dir='ltr'><strong>est;</strong></span> <span class='ocrx_word' id='word_1_613' title='bbox 2988 2260 3089 2314; x_wconf 92' lang='lat' dir='ltr'><strong>hoc</strong></span> <span class='ocrx_word' id='word_1_614' title='bbox 3113 2269 3290 2314; x_wconf 90' lang='lat' dir='ltr'><strong>autem</strong></span> <span class='ocrx_word' id='word_1_615' title='bbox 3333 2269 3525 2329; x_wconf 65' lang='lat' dir='ltr'><strong>praeter</strong></span> <span class='ocrx_word' id='word_1_616' title='bbox 3549 2263 3710 2316; x_wconf 67' lang='lat' dir='ltr'><strong>ratio.</strong></span> 
     </span>
    </p>
   </div>
   <div class='ocr_carea' id='block_1_77' title="bbox 2122 2352 3706 2423">
    <p class='ocr_par' dir='ltr' id='par_1_77' title="bbox 2122 2352 3706 2423">
     <span class='ocr_line' id='line_1_77' title="bbox 2122 2352 3706 2423; baseline 0.003 -17"><span class='ocrx_word' id='word_1_617' title='bbox 2122 2369 2243 2406; x_wconf 77' lang='lat' dir='ltr'><strong>nem</strong></span> <span class='ocrx_word' id='word_1_618' title='bbox 2269 2362 2321 2407; x_wconf 91' lang='lat' dir='ltr'><strong>et</strong></span> <span class='ocrx_word' id='word_1_619' title='bbox 2345 2353 2798 2423; x_wconf 80' lang='lat' dir='ltr'><strong>exspectationem</strong></span> <span class='ocrx_word' id='word_1_620' title='bbox 2820 2362 2980 2407; x_wconf 88' lang='lat' dir='ltr'><strong>esset.</strong></span> <span class='ocrx_word' id='word_1_621' title='bbox 2999 2353 3204 2407; x_wconf 80' lang='lat' dir='ltr'><strong>Etenim</strong></span> <span class='ocrx_word' id='word_1_622' title='bbox 3227 2365 3421 2423; x_wconf 71' lang='lat' dir='ltr'><strong>prreter</strong></span> <span class='ocrx_word' id='word_1_623' title='bbox 3449 2352 3706 2411; x_wconf 87' lang='lat' dir='ltr'><strong>rationem</strong></span> 
     </span>
    </p>
   </div>
   <div class='ocr_carea' id='block_1_78' title="bbox 2119 2444 3708 2524">
    <p class='ocr_par' dir='ltr' id='par_1_78' title="bbox 2119 2444 3708 2524">
     <span class='ocr_line' id='line_1_78' title="bbox 2119 2444 3708 2524; baseline 0.001 -24"><span class='ocrx_word' id='word_1_624' title='bbox 2119 2452 2262 2500; x_wconf 80' lang='lat' dir='ltr'><strong>eSSet</strong></span> <span class='ocrx_word' id='word_1_625' title='bbox 2282 2485 2297 2510; x_wconf 91' lang='lat'><strong>,</strong></span> <span class='ocrx_word' id='word_1_626' title='bbox 2337 2444 2582 2498; x_wconf 88' lang='lat' dir='ltr'><strong>inimicos</strong></span> <span class='ocrx_word' id='word_1_627' title='bbox 2613 2444 2710 2500; x_wconf 86' lang='lat' dir='ltr'><strong>Dei</strong></span> <span class='ocrx_word' id='word_1_628' title='bbox 2743 2444 2994 2508; x_wconf 88' lang='lat' dir='ltr'><strong>elfectos,</strong></span> <span class='ocrx_word' id='word_1_629' title='bbox 3042 2445 3296 2518; x_wconf 88' lang='lat' dir='ltr'><strong>illmnque</strong></span> <span class='ocrx_word' id='word_1_630' title='bbox 3326 2447 3390 2524; x_wconf 83' lang='lat' dir='ltr'><strong>ad</strong></span> <span class='ocrx_word' id='word_1_631' title='bbox 3424 2449 3555 2502; x_wconf 87' lang='lat' dir='ltr'><strong>iram</strong></span> <span class='ocrx_word' id='word_1_632' title='bbox 3588 2465 3708 2518; x_wconf 86' lang='lat' dir='ltr'><strong>pro-</strong></span> 
     </span>
    </p>
   </div>
   <div class='ocr_carea' id='block_1_79' title="bbox 2122 2536 3708 2610">
    <p class='ocr_par' dir='ltr' id='par_1_79' title="bbox 2122 2536 3708 2610">
     <span class='ocr_line' id='line_1_79' title="bbox 2122 2536 3708 2610; baseline 0.003 -20"><span class='ocrx_word' id='word_1_633' title='bbox 2122 2549 2372 2592; x_wconf 73' lang='lat' dir='ltr'><strong>mcantcs</strong></span> <span class='ocrx_word' id='word_1_634' title='bbox 2392 2537 2506 2592; x_wconf 88' lang='lat' dir='ltr'><strong>sole</strong></span> <span class='ocrx_word' id='word_1_635' title='bbox 2527 2536 2625 2591; x_wconf 84' lang='lat' dir='ltr'><strong>frui</strong></span> <span class='ocrx_word' id='word_1_636' title='bbox 2644 2547 2697 2591; x_wconf 87' lang='lat' dir='ltr'><strong>et</strong></span> <span class='ocrx_word' id='word_1_637' title='bbox 2720 2538 2914 2607; x_wconf 89' lang='lat' dir='ltr'><strong>pluviis</strong></span> <span class='ocrx_word' id='word_1_638' title='bbox 2933 2539 3159 2610; x_wconf 59' lang='lat' dir='ltr'><strong>aliissjue</strong></span> <span class='ocrx_word' id='word_1_639' title='bbox 3173 2540 3440 2607; x_wconf 89' lang='lat' dir='ltr'><strong>onmihus,</strong></span> <span class='ocrx_word' id='word_1_640' title='bbox 3466 2539 3708 2596; x_wconf 85' lang='lat' dir='ltr'><strong>homines</strong></span> 
     </span>
    </p>
   </div>
   <div class='ocr_carea' id='block_1_80' title="bbox 2121 2629 3707 2699">
    <p class='ocr_par' dir='ltr' id='par_1_80' title="bbox 2121 2629 3707 2699">
     <span class='ocr_line' id='line_1_80' title="bbox 2121 2629 3707 2699; baseline 0 -16"><span class='ocrx_word' id='word_1_641' title='bbox 2121 2629 2450 2684; x_wconf 86' lang='lat' dir='ltr'><strong>immanitate</strong></span> <span class='ocrx_word' id='word_1_642' title='bbox 2497 2629 2637 2683; x_wconf 88' lang='lat' dir='ltr'><strong>feras</strong></span> <span class='ocrx_word' id='word_1_643' title='bbox 2677 2641 3030 2699; x_wconf 78' lang='lat' dir='ltr'><strong>superantes,</strong></span> <span class='ocrx_word' id='word_1_644' title='bbox 3076 2640 3130 2685; x_wconf 92' lang='lat' dir='ltr'><strong>et</strong></span> <span class='ocrx_word' id='word_1_645' title='bbox 3172 2631 3306 2685; x_wconf 89' lang='lat' dir='ltr'><strong>alios</strong></span> <span class='ocrx_word' id='word_1_646' title='bbox 3347 2641 3531 2686; x_wconf 88' lang='lat' dir='ltr'><strong>contra</strong></span> <span class='ocrx_word' id='word_1_647' title='bbox 3574 2631 3707 2684; x_wconf 89' lang='lat' dir='ltr'><strong>alios</strong></span> 
     </span>
    </p>
   </div>
   <div class='ocr_carea' id='block_1_81' title="bbox 2119 2722 3707 2793">
    <p class='ocr_par' dir='ltr' id='par_1_81' title="bbox 2119 2722 3707 2793">
     <span class='ocr_line' id='line_1_81' title="bbox 2119 2722 3707 2793; baseline -0.001 -15"><span class='ocrx_word' id='word_1_648' title='bbox 2119 2732 2358 2789; x_wconf 82' lang='lat' dir='ltr'><strong>Stantcs,</strong></span> <span class='ocrx_word' id='word_1_649' title='bbox 2403 2736 2467 2776; x_wconf 88' lang='lat' dir='ltr'><strong>ac</strong></span> <span class='ocrx_word' id='word_1_650' title='bbox 2497 2722 2722 2792; x_wconf 80' lang='lat' dir='ltr'><strong>proximi</strong></span> <span class='ocrx_word' id='word_1_651' title='bbox 2756 2725 2834 2778; x_wconf 91' lang='lat' dir='ltr'><strong>sui</strong></span> <span class='ocrx_word' id='word_1_652' title='bbox 2881 2738 3059 2777; x_wconf 90' lang='lat' dir='ltr'><strong>morsu</strong></span> <span class='ocrx_word' id='word_1_653' title='bbox 3101 2723 3280 2778; x_wconf 88' lang='lat' dir='ltr'><strong>laniati</strong></span> <span class='ocrx_word' id='word_1_654' title='bbox 3323 2723 3576 2793; x_wconf 81' lang='lat' dir='ltr'><strong>sanguine</strong></span> <span class='ocrx_word' id='word_1_655' title='bbox 3607 2722 3707 2777; x_wconf 82' lang='lat' dir='ltr'><strong>litt-</strong></span> 
     </span>
    </p>
   </div>
   <div class='ocr_carea' id='block_1_82' title="bbox 2117 2816 3704 2887">
    <p class='ocr_par' dir='ltr' id='par_1_82' title="bbox 2117 2816 3704 2887">
     <span class='ocr_line' id='line_1_82' title="bbox 2117 2816 3704 2887; baseline -0.001 -17"><span class='ocrx_word' id='word_1_656' title='bbox 2117 2831 2274 2886; x_wconf 87' lang='lat' dir='ltr'><strong>guam</strong></span> <span class='ocrx_word' id='word_1_657' title='bbox 2305 2825 2688 2878; x_wconf 87' lang='lat' dir='ltr'><strong>cruentantes;</strong></span> <span class='ocrx_word' id='word_1_658' title='bbox 2723 2827 2841 2887; x_wconf 83' lang='lat' dir='ltr'><strong>post</strong></span> <span class='ocrx_word' id='word_1_659' title='bbox 2871 2832 3108 2871; x_wconf 77' lang='lat' dir='ltr'><strong>mensam</strong></span> <span class='ocrx_word' id='word_1_660' title='bbox 3151 2817 3292 2872; x_wconf 90' lang='lat' dir='ltr'><strong>illam</strong></span> <span class='ocrx_word' id='word_1_661' title='bbox 3336 2816 3662 2886; x_wconf 85' lang='lat' dir='ltr'><strong>spiritualem</strong></span> <span class='ocrx_word' id='word_1_662' title='bbox 3687 2855 3704 2878; x_wconf 90' lang='lat'><strong>,</strong></span> 
     </span>
    </p>
   </div>
   <div class='ocr_carea' id='block_1_83' title="bbox 2118 2907 3706 2979">
    <p class='ocr_par' dir='ltr' id='par_1_83' title="bbox 2118 2907 3706 2979">
     <span class='ocr_line' id='line_1_83' title="bbox 2118 2907 3706 2979; baseline 0 -16"><span class='ocrx_word' id='word_1_663' title='bbox 2118 2916 2172 2963; x_wconf 91' lang='lat' dir='ltr'><strong>et</strong></span> <span class='ocrx_word' id='word_1_664' title='bbox 2200 2917 2277 2964; x_wconf 91' lang='lat' dir='ltr'><strong>tot</strong></span> <span class='ocrx_word' id='word_1_665' title='bbox 2320 2907 2579 2965; x_wconf 80' lang='lat' dir='ltr'><strong>beneficia</strong></span> <span class='ocrx_word' id='word_1_666' title='bbox 2603 2951 2617 2975; x_wconf 92' lang='lat'><strong>,</strong></span> <span class='ocrx_word' id='word_1_667' title='bbox 2647 2911 3031 2979; x_wconf 88' lang='lat' dir='ltr'><strong>innumeraque</strong></span> <span class='ocrx_word' id='word_1_668' title='bbox 3059 2918 3343 2979; x_wconf 67' lang='lat' dir='ltr'><strong>praecepta.</strong></span> <span class='ocrx_word' id='word_1_669' title='bbox 3380 2908 3502 2962; x_wconf 69' lang='lat' dir='ltr'><strong>llaec</strong></span> <span class='ocrx_word' id='word_1_670' title='bbox 3531 2908 3706 2978; x_wconf 86' lang='lat' dir='ltr'><strong>itaque</strong></span> 
     </span>
    </p>
   </div>
   <div class='ocr_carea' id='block_1_84' title="bbox 2120 3003 3700 3077">
    <p class='ocr_par' dir='ltr' id='par_1_84' title="bbox 2120 3003 3700 3077">
     <span class='ocr_line' id='line_1_84' title="bbox 2120 3003 3700 3077; baseline -0.003 -17"><span class='ocrx_word' id='word_1_671' title='bbox 2120 3007 2444 3077; x_wconf 79' lang='lat' dir='ltr'><strong>cogitantes,</strong></span> <span class='ocrx_word' id='word_1_672' title='bbox 2487 3004 2635 3058; x_wconf 80' lang='lat' dir='ltr'><strong>virus</strong></span> <span class='ocrx_word' id='word_1_673' title='bbox 2671 3018 2981 3058; x_wconf 85' lang='lat' dir='ltr'><strong>evomamus</strong></span> <span class='ocrx_word' id='word_1_674' title='bbox 3005 3046 3019 3070; x_wconf 89' lang='lat'><strong>,</strong></span> <span class='ocrx_word' id='word_1_675' title='bbox 3065 3003 3334 3058; x_wconf 87' lang='lat' dir='ltr'><strong>solvamus</strong></span> <span class='ocrx_word' id='word_1_676' title='bbox 3368 3003 3700 3065; x_wconf 77' lang='lat' dir='ltr'><strong>inimicitias,</strong></span> 
     </span>
    </p>
   </div>
   <div class='ocr_carea' id='block_1_85' title="bbox 2119 3095 3706 3168">
    <p class='ocr_par' dir='ltr' id='par_1_85' title="bbox 2119 3095 3706 3168">
     <span class='ocr_line' id='line_1_85' title="bbox 2119 3095 3706 3168; baseline -0.004 -14"><span class='ocrx_word' id='word_1_677' title='bbox 2119 3109 2171 3154; x_wconf 88' lang='lat' dir='ltr'><strong>ct</strong></span> <span class='ocrx_word' id='word_1_678' title='bbox 2199 3113 2402 3168; x_wconf 84' lang='lat' dir='ltr'><strong>preces,</strong></span> <span class='ocrx_word' id='word_1_679' title='bbox 2432 3113 2552 3168; x_wconf 60' lang='lat' dir='ltr'><strong>quae</strong></span> <span class='ocrx_word' id='word_1_680' title='bbox 2578 3108 2952 3153; x_wconf 74' lang='lat' dir='ltr'><strong>consentanea:</strong></span> <span class='ocrx_word' id='word_1_681' title='bbox 2983 3095 3134 3149; x_wconf 91' lang='lat' dir='ltr'><strong>nobis</strong></span> <span class='ocrx_word' id='word_1_682' title='bbox 3159 3097 3284 3162; x_wconf 90' lang='lat' dir='ltr'><strong>sint,</strong></span> <span class='ocrx_word' id='word_1_683' title='bbox 3316 3095 3616 3160; x_wconf 82' lang='lat' dir='ltr'><strong>fundamus,</strong></span> <span class='ocrx_word' id='word_1_684' title='bbox 3643 3109 3706 3149; x_wconf 86' lang='lat' dir='ltr'><strong>ac</strong></span> 
     </span>
    </p>
   </div>
   <div class='ocr_carea' id='block_1_86' title="bbox 2121 3191 3707 3261">
    <p class='ocr_par' dir='ltr' id='par_1_86' title="bbox 2121 3191 3707 3261">
     <span class='ocr_line' id='line_1_86' title="bbox 2121 3191 3707 3261; baseline -0.004 -13"><span class='ocrx_word' id='word_1_685' title='bbox 2121 3197 2235 3250; x_wconf 88' lang='lat' dir='ltr'><strong>vice</strong></span> <span class='ocrx_word' id='word_1_686' title='bbox 2264 3196 2608 3250; x_wconf 77' lang='lat' dir='ltr'><strong>daemoniaca:</strong></span> <span class='ocrx_word' id='word_1_687' title='bbox 2642 3193 2778 3247; x_wconf 83' lang='lat' dir='ltr'><strong>illius</strong></span> <span class='ocrx_word' id='word_1_688' title='bbox 2808 3193 3032 3246; x_wconf 86' lang='lat' dir='ltr'><strong>feritatis</strong></span> <span class='ocrx_word' id='word_1_689' title='bbox 3059 3191 3370 3261; x_wconf 79' lang='lat' dir='ltr'><strong>angelorum</strong></span> <span class='ocrx_word' id='word_1_690' title='bbox 3400 3199 3707 3245; x_wconf 75' lang='lat' dir='ltr'><strong>mansuetu-</strong></span> 
     </span>
    </p>
   </div>
   <div class='ocr_carea' id='block_1_87' title="bbox 2119 3281 3708 3355">
    <p class='ocr_par' dir='ltr' id='par_1_87' title="bbox 2119 3281 3708 3355">
     <span class='ocr_line' id='line_1_87' title="bbox 2119 3281 3708 3355; baseline -0.006 -11"><span class='ocrx_word' id='word_1_691' title='bbox 2119 3289 2294 3344; x_wconf 89' lang='lat' dir='ltr'><strong>dinem</strong></span> <span class='ocrx_word' id='word_1_692' title='bbox 2323 3303 2656 3344; x_wconf 90' lang='lat' dir='ltr'><strong>assumamus</strong></span> <span class='ocrx_word' id='word_1_693' title='bbox 2685 3305 2698 3340; x_wconf 90' lang='lat'><strong>:</strong></span> <span class='ocrx_word' id='word_1_694' title='bbox 2731 3296 2784 3343; x_wconf 86' lang='lat' dir='ltr'><strong>et</strong></span> <span class='ocrx_word' id='word_1_695' title='bbox 2820 3285 3259 3355; x_wconf 86' lang='lat' dir='ltr'><strong>quantiscumque</strong></span> <span class='ocrx_word' id='word_1_696' title='bbox 3298 3283 3504 3352; x_wconf 83' lang='lat' dir='ltr'><strong>injuriis</strong></span> <span class='ocrx_word' id='word_1_697' title='bbox 3541 3281 3708 3335; x_wconf 85' lang='lat' dir='ltr'><strong>simus</strong></span> 
     </span>
    </p>
   </div>
   <div class='ocr_carea' id='block_1_88' title="bbox 2119 3375 3705 3451">
    <p class='ocr_par' dir='ltr' id='par_1_88' title="bbox 2119 3375 3705 3451">
     <span class='ocr_line' id='line_1_88' title="bbox 2119 3375 3705 3451; baseline -0.005 -15"><span class='ocrx_word' id='word_1_698' title='bbox 2119 3382 2346 3451; x_wconf 69' lang='lat' dir='ltr'><strong>allecti,</strong></span> <span class='ocrx_word' id='word_1_699' title='bbox 2375 3398 2493 3451; x_wconf 73' lang='lat' dir='ltr'><strong>qua:</strong></span> <span class='ocrx_word' id='word_1_700' title='bbox 2539 3383 2774 3450; x_wconf 90' lang='lat' dir='ltr'><strong>ipsorum</strong></span> <span class='ocrx_word' id='word_1_701' title='bbox 2819 3387 2945 3437; x_wconf 87' lang='lat' dir='ltr'><strong>sunt</strong></span> <span class='ocrx_word' id='word_1_702' title='bbox 2988 3385 3166 3431; x_wconf 87' lang='lat' dir='ltr'><strong>nostra</strong></span> <span class='ocrx_word' id='word_1_703' title='bbox 3211 3390 3331 3430; x_wconf 89' lang='lat' dir='ltr'><strong>esse</strong></span> <span class='ocrx_word' id='word_1_704' title='bbox 3373 3375 3705 3446; x_wconf 78' lang='lat' dir='ltr'><strong>cogitantes,</strong></span> 
     </span>
    </p>
   </div>
   <div class='ocr_carea' id='block_1_89' title="bbox 2120 3470 3708 3541">
    <p class='ocr_par' dir='ltr' id='par_1_89' title="bbox 2120 3470 3708 3541">
     <span class='ocr_line' id='line_1_89' title="bbox 2120 3470 3708 3541; baseline -0.009 -11"><span class='ocrx_word' id='word_1_705' title='bbox 2120 3490 2327 3530; x_wconf 91' lang='lat' dir='ltr'><strong>necnon</strong></span> <span class='ocrx_word' id='word_1_706' title='bbox 2370 3475 2670 3530; x_wconf 89' lang='lat' dir='ltr'><strong>mercedem</strong></span> <span class='ocrx_word' id='word_1_707' title='bbox 2711 3473 2865 3528; x_wconf 88' lang='lat' dir='ltr'><strong>nobis</strong></span> <span class='ocrx_word' id='word_1_708' title='bbox 2911 3486 3009 3541; x_wconf 91' lang='lat' dir='ltr'><strong>pro</strong></span> <span class='ocrx_word' id='word_1_709' title='bbox 3054 3470 3155 3522; x_wconf 90' lang='lat' dir='ltr'><strong>hoc</strong></span> <span class='ocrx_word' id='word_1_710' title='bbox 3184 3477 3396 3522; x_wconf 90' lang='lat' dir='ltr'><strong>servato</strong></span> <span class='ocrx_word' id='word_1_711' title='bbox 3439 3473 3708 3537; x_wconf 83' lang='lat' dir='ltr'><strong>praecepto</strong></span> 
     </span>
    </p>
   </div>
   <div class='ocr_carea' id='block_1_90' title="bbox 2119 3559 3708 3637">
    <p class='ocr_par' dir='ltr' id='par_1_90' title="bbox 2119 3559 3708 3637">
     <span class='ocr_line' id='line_1_90' title="bbox 2119 3559 3708 3637; baseline -0.008 -15"><span class='ocrx_word' id='word_1_712' title='bbox 2119 3567 2439 3637; x_wconf 89' lang='lat' dir='ltr'><strong>repositam,</strong></span> <span class='ocrx_word' id='word_1_713' title='bbox 2482 3565 2732 3621; x_wconf 88' lang='lat' dir='ltr'><strong>sedemus</strong></span> <span class='ocrx_word' id='word_1_714' title='bbox 2763 3565 2928 3629; x_wconf 88' lang='lat' dir='ltr'><strong>iram,</strong></span> <span class='ocrx_word' id='word_1_715' title='bbox 2980 3562 3167 3616; x_wconf 89' lang='lat' dir='ltr'><strong>lluctus</strong></span> <span class='ocrx_word' id='word_1_716' title='bbox 3211 3559 3564 3630; x_wconf 84' lang='lat' dir='ltr'><strong>reprimamus</strong></span> <span class='ocrx_word' id='word_1_717' title='bbox 3589 3598 3604 3621; x_wconf 94' lang='lat'><strong>,</strong></span> <span class='ocrx_word' id='word_1_718' title='bbox 3651 3564 3708 3610; x_wconf 90' lang='lat' dir='ltr'><strong>ut</strong></span> 
     </span>
    </p>
   </div>
   <div class='ocr_carea' id='block_1_91' title="bbox 2121 3651 3708 3729">
    <p class='ocr_par' dir='ltr' id='par_1_91' title="bbox 2121 3651 3708 3729">
     <span class='ocr_line' id='line_1_91' title="bbox 2121 3651 3708 3729; baseline -0.006 -18"><span class='ocrx_word' id='word_1_719' title='bbox 2121 3667 2439 3729; x_wconf 60' lang='lat' dir='ltr'><strong>praesentem</strong></span> <span class='ocrx_word' id='word_1_720' title='bbox 2480 3657 2644 3712; x_wconf 88' lang='lat' dir='ltr'><strong>vitam</strong></span> <span class='ocrx_word' id='word_1_721' title='bbox 2685 3658 2802 3712; x_wconf 90' lang='lat' dir='ltr'><strong>sine</strong></span> <span class='ocrx_word' id='word_1_722' title='bbox 2841 3654 3242 3726; x_wconf 89' lang='lat' dir='ltr'><strong>perturbatione</strong></span> <span class='ocrx_word' id='word_1_723' title='bbox 3273 3651 3606 3712; x_wconf 89' lang='lat' dir='ltr'><strong>emetiamur,</strong></span> <span class='ocrx_word' id='word_1_724' title='bbox 3654 3657 3708 3702; x_wconf 88' lang='lat' dir='ltr'><strong>et</strong></span> 
     </span>
    </p>
   </div>
   <div class='ocr_carea' id='block_1_92' title="bbox 2120 3735 3806 3815">
    <p class='ocr_par' dir='ltr' id='par_1_92' title="bbox 2120 3735 3806 3815">
     <span class='ocr_line' id='line_1_92' title="bbox 2120 3735 3806 3815; baseline -0.007 -12"><span class='ocrx_word' id='word_1_725' title='bbox 2120 3749 2245 3804; x_wconf 90' lang='lat' dir='ltr'><strong>illuc</strong></span> <span class='ocrx_word' id='word_1_726' title='bbox 2269 3747 2610 3803; x_wconf 89' lang='lat' dir='ltr'><strong>advenientes</strong></span> <span class='ocrx_word' id='word_1_727' title='bbox 2640 3747 2796 3801; x_wconf 86' lang='lat' dir='ltr'><strong>talem</strong></span> <span class='ocrx_word' id='word_1_728' title='bbox 2825 3745 3164 3815; x_wconf 83' lang='lat' dir='ltr'><strong>experiamur</strong></span> <span class='ocrx_word' id='word_1_729' title='bbox 3191 3743 3491 3804; x_wconf 90' lang='lat' dir='ltr'><strong>Dominum,</strong></span> <span class='ocrx_word' id='word_1_730' title='bbox 3523 3740 3708 3810; x_wconf 89' lang='lat' dir='ltr'><strong>quales</strong></span> <span class='ocrx_word' id='word_1_731' title='bbox 3802 3735 3806 3739; x_wconf 74' lang='grc'><em>’</em></span> 
     </span>
    </p>
   </div>
   <div class='ocr_carea' id='block_1_93' title="bbox 2119 3832 3708 3910">
    <p class='ocr_par' dir='ltr' id='par_1_93' title="bbox 2119 3832 3708 3910">
     <span class='ocr_line' id='line_1_93' title="bbox 2119 3832 3708 3910; baseline -0.005 -16"><span class='ocrx_word' id='word_1_732' title='bbox 2119 3854 2218 3895; x_wconf 88' lang='lat' dir='ltr'><strong>nos</strong></span> <span class='ocrx_word' id='word_1_733' title='bbox 2245 3854 2368 3910; x_wconf 85' lang='lat' dir='ltr'><strong>erga</strong></span> <span class='ocrx_word' id='word_1_734' title='bbox 2398 3853 2688 3895; x_wconf 89' lang='lat' dir='ltr'><strong>conservos</strong></span> <span class='ocrx_word' id='word_1_735' title='bbox 2713 3837 2987 3892; x_wconf 89' lang='lat' dir='ltr'><strong>fuerimus.</strong></span> <span class='ocrx_word' id='word_1_736' title='bbox 3015 3833 3169 3902; x_wconf 87' lang='lat' dir='ltr'><strong>Quod</strong></span> <span class='ocrx_word' id='word_1_737' title='bbox 3211 3835 3253 3888; x_wconf 93' lang='lat' dir='ltr'><strong>si</strong></span> <span class='ocrx_word' id='word_1_738' title='bbox 3296 3849 3458 3903; x_wconf 85' lang='lat' dir='ltr'><strong>grave</strong></span> <span class='ocrx_word' id='word_1_739' title='bbox 3483 3832 3614 3887; x_wconf 89' lang='lat' dir='ltr'><strong>illud</strong></span> <span class='ocrx_word' id='word_1_740' title='bbox 3652 3843 3708 3886; x_wconf 90' lang='lat' dir='ltr'><strong>et</strong></span> 
     </span>
    </p>
   </div>
   <div class='ocr_carea' id='block_1_94' title="bbox 2120 3923 3708 3998">
    <p class='ocr_par' dir='ltr' id='par_1_94' title="bbox 2120 3923 3708 3998">
     <span class='ocr_line' id='line_1_94' title="bbox 2120 3923 3708 3998; baseline -0.006 -12"><span class='ocrx_word' id='word_1_741' title='bbox 2120 3931 2361 3987; x_wconf 91' lang='lat' dir='ltr'><strong>terribile</strong></span> <span class='ocrx_word' id='word_1_742' title='bbox 2390 3931 2478 3995; x_wconf 91' lang='lat' dir='ltr'><strong>sit,</strong></span> <span class='ocrx_word' id='word_1_743' title='bbox 2504 3931 2620 3984; x_wconf 91' lang='lat' dir='ltr'><strong>leve</strong></span> <span class='ocrx_word' id='word_1_744' title='bbox 2643 3929 2868 3998; x_wconf 90' lang='lat' dir='ltr'><strong>idipsum</strong></span> <span class='ocrx_word' id='word_1_745' title='bbox 2890 3937 2944 3982; x_wconf 91' lang='lat' dir='ltr'><strong>et</strong></span> <span class='ocrx_word' id='word_1_746' title='bbox 2970 3924 3324 3981; x_wconf 88' lang='lat' dir='ltr'><strong>desiderabile</strong></span> <span class='ocrx_word' id='word_1_747' title='bbox 3351 3923 3626 3987; x_wconf 89' lang='lat' dir='ltr'><strong>faciamus,</strong></span> <span class='ocrx_word' id='word_1_748' title='bbox 3654 3931 3708 3976; x_wconf 90' lang='lat' dir='ltr'><strong>et</strong></span> 
     </span>
    </p>
   </div>
   <div class='ocr_carea' id='block_1_95' title="bbox 2117 4015 3707 4096">
    <p class='ocr_par' dir='ltr' id='par_1_95' title="bbox 2117 4015 3707 4096">
     <span class='ocr_line' id='line_1_95' title="bbox 2117 4015 3707 4096; baseline -0.008 -16"><span class='ocrx_word' id='word_1_749' title='bbox 2117 4025 2423 4096; x_wconf 89' lang='lat' dir='ltr'><strong>splendidas</strong></span> <span class='ocrx_word' id='word_1_750' title='bbox 2462 4023 2668 4080; x_wconf 69' lang='lat' dir='ltr'><strong>ﬁducia:</strong></span> <span class='ocrx_word' id='word_1_751' title='bbox 2693 4036 2820 4092; x_wconf 85' lang='lat' dir='ltr'><strong>erga</strong></span> <span class='ocrx_word' id='word_1_752' title='bbox 2853 4021 3000 4074; x_wconf 92' lang='lat' dir='ltr'><strong>illum</strong></span> <span class='ocrx_word' id='word_1_753' title='bbox 3031 4028 3226 4074; x_wconf 72' lang='lat' dir='ltr'><strong>nostra:</strong></span> <span class='ocrx_word' id='word_1_754' title='bbox 3267 4016 3458 4087; x_wconf 73' lang='lat' dir='ltr'><strong>ianuas</strong></span> <span class='ocrx_word' id='word_1_755' title='bbox 3491 4015 3707 4084; x_wconf 88' lang='lat' dir='ltr'><strong>aperia-</strong></span> 
     </span>
    </p>
   </div>
   <div class='ocr_carea' id='block_1_96' title="bbox 2118 4109 3704 4188">
    <p class='ocr_par' dir='ltr' id='par_1_96' title="bbox 2118 4109 3704 4188">
     <span class='ocr_line' id='line_1_96' title="bbox 2118 4109 3704 4188; baseline -0.009 -13"><span class='ocrx_word' id='word_1_756' title='bbox 2118 4136 2271 4184; x_wconf 89' lang='lat' dir='ltr'><strong>mus;</strong></span> <span class='ocrx_word' id='word_1_757' title='bbox 2317 4134 2380 4174; x_wconf 88' lang='lat' dir='ltr'><strong>ac</strong></span> <span class='ocrx_word' id='word_1_758' title='bbox 2423 4116 2562 4188; x_wconf 87' lang='lat' dir='ltr'><strong>quod</strong></span> <span class='ocrx_word' id='word_1_759' title='bbox 2610 4132 2713 4170; x_wconf 91' lang='lat' dir='ltr'><strong>non</strong></span> <span class='ocrx_word' id='word_1_760' title='bbox 2749 4117 3020 4184; x_wconf 91' lang='lat' dir='ltr'><strong>potuimus</strong></span> <span class='ocrx_word' id='word_1_761' title='bbox 3058 4111 3286 4182; x_wconf 78' lang='lat' dir='ltr'><strong>assequi</strong></span> <span class='ocrx_word' id='word_1_762' title='bbox 3314 4109 3634 4166; x_wconf 74' lang='lat' dir='ltr'><strong>abstinendo</strong></span> <span class='ocrx_word' id='word_1_763' title='bbox 3674 4125 3704 4162; x_wconf 88' lang='lat' dir='ltr'><strong>a</strong></span> 
     </span>
    </p>
   </div>
   <div class='ocr_carea' id='block_1_97' title="bbox 2119 4202 3706 4283">
    <p class='ocr_par' dir='ltr' id='par_1_97' title="bbox 2119 4202 3706 4283">
     <span class='ocr_line' id='line_1_97' title="bbox 2119 4202 3706 4283; baseline -0.009 -16"><span class='ocrx_word' id='word_1_764' title='bbox 2119 4211 2384 4283; x_wconf 89' lang='lat' dir='ltr'><strong>peccatis,</strong></span> <span class='ocrx_word' id='word_1_765' title='bbox 2438 4210 2539 4264; x_wconf 92' lang='lat' dir='ltr'><strong>hoc</strong></span> <span class='ocrx_word' id='word_1_766' title='bbox 2571 4222 2919 4277; x_wconf 88' lang='lat' dir='ltr'><strong>assequamur</strong></span> <span class='ocrx_word' id='word_1_767' title='bbox 2959 4220 3053 4276; x_wconf 89' lang='lat' dir='ltr'><strong>per</strong></span> <span class='ocrx_word' id='word_1_768' title='bbox 3102 4202 3564 4257; x_wconf 84' lang='lat' dir='ltr'><strong>mansuetudinem</strong></span> <span class='ocrx_word' id='word_1_769' title='bbox 3606 4214 3706 4253; x_wconf 87' lang='lat' dir='ltr'><strong>no-</strong></span> 
     </span>
    </p>
   </div>
   <div class='ocr_carea' id='block_1_98' title="bbox 2117 4293 3703 4373">
    <p class='ocr_par' dir='ltr' id='par_1_98' title="bbox 2117 4293 3703 4373">
     <span class='ocr_line' id='line_1_98' title="bbox 2117 4293 3703 4373; baseline -0.012 -11"><span class='ocrx_word' id='word_1_770' title='bbox 2117 4315 2282 4363; x_wconf 87' lang='lat' dir='ltr'><strong>stram</strong></span> <span class='ocrx_word' id='word_1_771' title='bbox 2312 4319 2434 4373; x_wconf 86' lang='lat' dir='ltr'><strong>erga</strong></span> <span class='ocrx_word' id='word_1_772' title='bbox 2466 4317 2559 4358; x_wconf 88' lang='lat' dir='ltr'><strong>eos</strong></span> <span class='ocrx_word' id='word_1_773' title='bbox 2589 4301 2676 4372; x_wconf 90' lang='lat' dir='ltr'><strong>qui</strong></span> <span class='ocrx_word' id='word_1_774' title='bbox 2706 4302 2756 4354; x_wconf 91' lang='lat' dir='ltr'><strong>in</strong></span> <span class='ocrx_word' id='word_1_775' title='bbox 2787 4314 2883 4354; x_wconf 93' lang='lat' dir='ltr'><strong>nos</strong></span> <span class='ocrx_word' id='word_1_776' title='bbox 2912 4305 3296 4369; x_wconf 79' lang='lat' dir='ltr'><strong>prccaveruut;</strong></span> <span class='ocrx_word' id='word_1_777' title='bbox 3347 4310 3517 4364; x_wconf 87' lang='lat' dir='ltr'><strong>neque</strong></span> <span class='ocrx_word' id='word_1_778' title='bbox 3558 4293 3703 4348; x_wconf 86' lang='lat' dir='ltr'><strong>enim</strong></span> 
     </span>
    </p>
   </div>
   <div class='ocr_carea' id='block_1_99' title="bbox 2116 4387 3705 4470">
    <p class='ocr_par' dir='ltr' id='par_1_99' title="bbox 2116 4387 3705 4470">
     <span class='ocr_line' id='line_1_99' title="bbox 2116 4387 3705 4470; baseline -0.008 -18"><span class='ocrx_word' id='word_1_779' title='bbox 2116 4415 2276 4470; x_wconf 83' lang='lat' dir='ltr'><strong>grave</strong></span> <span class='ocrx_word' id='word_1_780' title='bbox 2314 4398 2440 4452; x_wconf 90' lang='lat' dir='ltr'><strong>illud</strong></span> <span class='ocrx_word' id='word_1_781' title='bbox 2479 4397 2562 4452; x_wconf 87' lang='lat' dir='ltr'><strong>vel</strong></span> <span class='ocrx_word' id='word_1_782' title='bbox 2606 4394 2884 4450; x_wconf 88' lang='lat' dir='ltr'><strong>molestum</strong></span> <span class='ocrx_word' id='word_1_783' title='bbox 2925 4402 3036 4458; x_wconf 69' lang='lat' dir='ltr'><strong>est;</strong></span> <span class='ocrx_word' id='word_1_784' title='bbox 3086 4407 3148 4446; x_wconf 91' lang='lat' dir='ltr'><strong>ac</strong></span> <span class='ocrx_word' id='word_1_785' title='bbox 3185 4390 3438 4445; x_wconf 86' lang='lat' dir='ltr'><strong>benelicia</strong></span> <span class='ocrx_word' id='word_1_786' title='bbox 3475 4387 3705 4442; x_wconf 86' lang='lat' dir='ltr'><strong>inimicis</strong></span> 
     </span>
    </p>
   </div>
   <div class='ocr_carea' id='block_1_100' title="bbox 2118 4479 3702 4555">
    <p class='ocr_par' dir='ltr' id='par_1_100' title="bbox 2118 4479 3702 4555">
     <span class='ocr_line' id='line_1_100' title="bbox 2118 4479 3702 4555; baseline -0.01 -8"><span class='ocrx_word' id='word_1_787' title='bbox 2118 4491 2313 4548; x_wconf 88' lang='lat' dir='ltr'><strong>nostris</strong></span> <span class='ocrx_word' id='word_1_788' title='bbox 2340 4488 2699 4555; x_wconf 87' lang='lat' dir='ltr'><strong>conlerentes,</strong></span> <span class='ocrx_word' id='word_1_789' title='bbox 2731 4487 2952 4540; x_wconf 89' lang='lat' dir='ltr'><strong>multam</strong></span> <span class='ocrx_word' id='word_1_790' title='bbox 2991 4483 3144 4538; x_wconf 89' lang='lat' dir='ltr'><strong>nobis</strong></span> <span class='ocrx_word' id='word_1_791' title='bbox 3170 4482 3515 4537; x_wconf 87' lang='lat' dir='ltr'><strong>conciliemus</strong></span> <span class='ocrx_word' id='word_1_792' title='bbox 3543 4479 3702 4532; x_wconf 85' lang='lat' dir='ltr'><strong>mise-</strong></span> 
     </span>
    </p>
   </div>
   <div class='ocr_carea' id='block_1_101' title="bbox 2118 4572 3703 4648">
    <p class='ocr_par' dir='ltr' id='par_1_101' title="bbox 2118 4572 3703 4648">
     <span class='ocr_line' id='line_1_101' title="bbox 2118 4572 3703 4648; baseline -0.01 -6"><span class='ocrx_word' id='word_1_793' title='bbox 2118 4585 2422 4642; x_wconf 89' lang='lat' dir='ltr'><strong>ricordiam.</strong></span> <span class='ocrx_word' id='word_1_794' title='bbox 2455 4583 2544 4637; x_wconf 88' lang='lat' dir='ltr'><strong>Sic</strong></span> <span class='ocrx_word' id='word_1_795' title='bbox 2572 4584 2712 4636; x_wconf 90' lang='lat' dir='ltr'><strong>enim</strong></span> <span class='ocrx_word' id='word_1_796' title='bbox 2755 4591 2808 4636; x_wconf 88' lang='lat' dir='ltr'><strong>ct</strong></span> <span class='ocrx_word' id='word_1_797' title='bbox 2853 4581 2904 4633; x_wconf 90' lang='lat' dir='ltr'><strong>in</strong></span> <span class='ocrx_word' id='word_1_798' title='bbox 2935 4577 3182 4648; x_wconf 62' lang='lat' dir='ltr'><strong>praesenti</strong></span> <span class='ocrx_word' id='word_1_799' title='bbox 3221 4577 3328 4630; x_wconf 87' lang='lat' dir='ltr'><strong>vita</strong></span> <span class='ocrx_word' id='word_1_800' title='bbox 3359 4574 3426 4628; x_wconf 90' lang='lat' dir='ltr'><strong>ab</strong></span> <span class='ocrx_word' id='word_1_801' title='bbox 3453 4572 3703 4628; x_wconf 83' lang='lat' dir='ltr'><strong>omnibus</strong></span> 
     </span>
    </p>
   </div>
   <div class='ocr_carea' id='block_1_102' title="bbox 2116 4662 3703 4743">
    <p class='ocr_par' dir='ltr' id='par_1_102' title="bbox 2116 4662 3703 4743">
     <span class='ocr_line' id='line_1_102' title="bbox 2116 4662 3703 4743; baseline -0.009 -11"><span class='ocrx_word' id='word_1_802' title='bbox 2116 4662 2430 4741; x_wconf 84' lang='lat' dir='ltr'><strong>amabimur,</strong></span> <span class='ocrx_word' id='word_1_803' title='bbox 2479 4683 2532 4728; x_wconf 91' lang='lat' dir='ltr'><strong>et</strong></span> <span class='ocrx_word' id='word_1_804' title='bbox 2575 4689 2683 4743; x_wconf 71' lang='lat' dir='ltr'><strong>pra:</strong></span> <span class='ocrx_word' id='word_1_805' title='bbox 2725 4671 2934 4741; x_wconf 66' lang='lat' dir='ltr'><strong>caztcris</strong></span> <span class='ocrx_word' id='word_1_806' title='bbox 2977 4667 3224 4722; x_wconf 90' lang='lat' dir='ltr'><strong>omnibus</strong></span> <span class='ocrx_word' id='word_1_807' title='bbox 3265 4667 3402 4720; x_wconf 88' lang='lat' dir='ltr'><strong>Deus</strong></span> <span class='ocrx_word' id='word_1_808' title='bbox 3445 4665 3558 4736; x_wconf 89' lang='lat' dir='ltr'><strong>ipse</strong></span> <span class='ocrx_word' id='word_1_809' title='bbox 3604 4680 3703 4718; x_wconf 83' lang='lat' dir='ltr'><strong>nos</strong></span> 
     </span>
    </p>
   </div>
   <div class='ocr_carea' id='block_1_103' title="bbox 2117 4758 3704 4834">
    <p class='ocr_par' dir='ltr' id='par_1_103' title="bbox 2117 4758 3704 4834">
     <span class='ocr_line' id='line_1_103' title="bbox 2117 4758 3704 4834; baseline -0.007 -11"><span class='ocrx_word' id='word_1_810' title='bbox 2117 4771 2316 4825; x_wconf 89' lang='lat' dir='ltr'><strong>amabit</strong></span> <span class='ocrx_word' id='word_1_811' title='bbox 2342 4779 2398 4823; x_wconf 88' lang='lat' dir='ltr'><strong>et</strong></span> <span class='ocrx_word' id='word_1_812' title='bbox 2425 4767 2704 4822; x_wconf 88' lang='lat' dir='ltr'><strong>coronabit</strong></span> <span class='ocrx_word' id='word_1_813' title='bbox 2752 4783 2764 4819; x_wconf 92' lang='lat'><strong>:</strong></span> <span class='ocrx_word' id='word_1_814' title='bbox 2810 4777 3012 4834; x_wconf 85' lang='lat' dir='ltr'><strong>nosque</strong></span> <span class='ocrx_word' id='word_1_815' title='bbox 3040 4761 3232 4815; x_wconf 79' lang='lat' dir='ltr'><strong>futuris</strong></span> <span class='ocrx_word' id='word_1_816' title='bbox 3258 4761 3504 4818; x_wconf 88' lang='lat' dir='ltr'><strong>omnibus</strong></span> <span class='ocrx_word' id='word_1_817' title='bbox 3546 4758 3704 4814; x_wconf 81' lang='lat' dir='ltr'><strong>bonis</strong></span> 
     </span>
    </p>
   </div>
   <div class='ocr_carea' id='block_1_104' title="bbox 2116 4851 3717 4932">
    <p class='ocr_par' dir='ltr' id='par_1_104' title="bbox 2116 4851 3717 4932">
     <span class='ocr_line' id='line_1_104' title="bbox 2116 4851 3717 4932; baseline -0.008 -16"><span class='ocrx_word' id='word_1_818' title='bbox 2116 4861 2421 4932; x_wconf 85' lang='lat' dir='ltr'><strong>dignabitur</strong></span> <span class='ocrx_word' id='word_1_819' title='bbox 2469 4877 2481 4910; x_wconf 93' lang='lat'>:</span> <span class='ocrx_word' id='word_1_820' title='bbox 2532 4874 2650 4928; x_wconf 78' lang='lat' dir='ltr'><strong>qme</strong></span> <span class='ocrx_word' id='word_1_821' title='bbox 2696 4857 2894 4910; x_wconf 79' lang='lat' dir='ltr'><strong>utinam</strong></span> <span class='ocrx_word' id='word_1_822' title='bbox 2940 4868 3129 4906; x_wconf 90' lang='lat' dir='ltr'><strong>omnes</strong></span> <span class='ocrx_word' id='word_1_823' title='bbox 3176 4851 3385 4922; x_wconf 89' lang='lat' dir='ltr'><strong>assequi</strong></span> <span class='ocrx_word' id='word_1_824' title='bbox 3437 4851 3717 4921; x_wconf 72' lang='lat' dir='ltr'><strong>possimus</strong></span> 
     </span>
    </p>
   </div>
   <div class='ocr_carea' id='block_1_105' title="bbox 2116 4944 3715 5026">
    <p class='ocr_par' dir='ltr' id='par_1_105' title="bbox 2116 4944 3715 5026">
     <span class='ocr_line' id='line_1_105' title="bbox 2116 4944 3715 5026; baseline -0.008 -18"><span class='ocrx_word' id='word_1_825' title='bbox 2116 4955 2279 5026; x_wconf 71' lang='lat' dir='ltr'><strong>gratia</strong></span> <span class='ocrx_word' id='word_1_826' title='bbox 2309 4963 2362 5007; x_wconf 92' lang='lat' dir='ltr'><strong>et</strong></span> <span class='ocrx_word' id='word_1_827' title='bbox 2386 4949 2714 5018; x_wconf 85' lang='lat' dir='ltr'><strong>benignitate</strong></span> <span class='ocrx_word' id='word_1_828' title='bbox 2742 4947 2951 5002; x_wconf 89' lang='lat' dir='ltr'><strong>Domini</strong></span> <span class='ocrx_word' id='word_1_829' title='bbox 2980 4946 3146 5002; x_wconf 89' lang='lat' dir='ltr'><strong>nostri</strong></span> <span class='ocrx_word' id='word_1_830' title='bbox 3183 4945 3309 5001; x_wconf 84' lang='lat' dir='ltr'><strong>Jesu</strong></span> <span class='ocrx_word' id='word_1_831' title='bbox 3337 4944 3570 5010; x_wconf 83' lang='lat' dir='ltr'><strong>Christi,</strong></span> <span class='ocrx_word' id='word_1_832' title='bbox 3631 4951 3715 5003; x_wconf 72' lang='lat' dir='ltr'><strong>cui</strong></span> 
     </span>
    </p>
   </div>
   <div class='ocr_carea' id='block_1_106' title="bbox 2117 5039 3573 5119">
    <p class='ocr_par' dir='ltr' id='par_1_106' title="bbox 2117 5039 3573 5119">
     <span class='ocr_line' id='line_1_106' title="bbox 2117 5039 3573 5119; baseline -0.008 -18"><span class='ocrx_word' id='word_1_833' title='bbox 2117 5047 2281 5119; x_wconf 83' lang='lat' dir='ltr'><strong>gloria</strong></span> <span class='ocrx_word' id='word_1_834' title='bbox 2307 5056 2362 5100; x_wconf 90' lang='lat' dir='ltr'><strong>et</strong></span> <span class='ocrx_word' id='word_1_835' title='bbox 2388 5042 2669 5114; x_wconf 89' lang='lat' dir='ltr'><strong>imperium</strong></span> <span class='ocrx_word' id='word_1_836' title='bbox 2699 5041 2750 5095; x_wconf 92' lang='lat' dir='ltr'><strong>in</strong></span> <span class='ocrx_word' id='word_1_837' title='bbox 2778 5039 2970 5095; x_wconf 74' lang='lat' dir='ltr'><strong>szccula</strong></span> <span class='ocrx_word' id='word_1_838' title='bbox 2998 5039 3338 5095; x_wconf 65' lang='lat' dir='ltr'><strong>saaculorutn.</strong></span> <span class='ocrx_word' id='word_1_839' title='bbox 3385 5041 3573 5094; x_wconf 81' lang='lat' dir='ltr'><strong>Amen.</strong></span> 
     </span>
    </p>
   </div>
   <div class='ocr_carea' id='block_1_107' title="bbox 441 5207 3631 5246">
    <p class='ocr_par' dir='ltr' id='par_1_107' title="bbox 441 5207 3631 5246">
     <span class='ocr_line' id='line_1_107' title="bbox 441 5207 3631 5246; baseline -0.001 -25"><span class='ocrx_word' id='word_1_840' title='bbox 441 5207 3631 5246; x_wconf 58' lang='lat' dir='ltr'><strong>mw...</strong></span> 
     </span>
    </p>
   </div>
   <div class='ocr_carea' id='block_1_108' title="bbox 1603 5300 2504 5369">
    <p class='ocr_par' dir='ltr' id='par_1_108' title="bbox 1603 5300 2504 5369">
     <span class='ocr_line' id='line_1_108' title="bbox 1603 5300 2504 5369; baseline -0.011 1"><span class='ocrx_word' id='word_1_841' title='bbox 1603 5307 1952 5369; x_wconf 81' lang='lat' dir='ltr'><strong>HOMILIA</strong></span> <span class='ocrx_word' id='word_1_842' title='bbox 1994 5304 2145 5366; x_wconf 85' lang='lat' dir='ltr'><strong>XX.</strong></span> <span class='ocrx_word' id='word_1_843' title='bbox 2191 5303 2277 5366; x_wconf 86' lang='lat' dir='ltr'><strong>al.</strong></span> <span class='ocrx_word' id='word_1_844' title='bbox 2323 5300 2504 5363; x_wconf 86' lang='lat' dir='ltr'><strong>XXI.</strong></span> 
     </span>
    </p>
   </div>
   <div class='ocr_carea' id='block_1_109' title="bbox 385 5446 2010 5517">
    <p class='ocr_par' dir='ltr' id='par_1_109' title="bbox 385 5446 2010 5517">
     <span class='ocr_line' id='line_1_109' title="bbox 385 5446 2010 5517; baseline -0.005 -12"><span class='ocrx_word' id='word_1_845' title='bbox 385 5496 387 5498; x_wconf 88' lang='lat'><strong>.</strong></span> <span class='ocrx_word' id='word_1_846' title='bbox 423 5448 549 5505; x_wconf 63' lang='lat' dir='ltr'><strong>Car.</strong></span> <span class='ocrx_word' id='word_1_847' title='bbox 583 5448 636 5506; x_wconf 83' lang='lat'><strong>6.</strong></span> <span class='ocrx_word' id='word_1_848' title='bbox 671 5465 720 5502; x_wconf 90' lang='lat' dir='ltr'><strong>v.</strong></span> <span class='ocrx_word' id='word_1_849' title='bbox 754 5449 839 5504; x_wconf 85' lang='grc'>16.</span> <span class='ocrx_word' id='word_1_850' title='bbox 878 5447 1005 5503; x_wconf 83' lang='lat' dir='ltr'><strong>Cum</strong></span> <span class='ocrx_word' id='word_1_851' title='bbox 1046 5455 1212 5500; x_wconf 86' lang='lat' dir='ltr'><strong>autem</strong></span> <span class='ocrx_word' id='word_1_852' title='bbox 1252 5447 1496 5517; x_wconf 82' lang='lat' dir='ltr'><strong>jejuuatis</strong></span> <span class='ocrx_word' id='word_1_853' title='bbox 1517 5488 1531 5513; x_wconf 87' lang='lat'><strong>,</strong></span> <span class='ocrx_word' id='word_1_854' title='bbox 1564 5447 1718 5501; x_wconf 89' lang='lat' dir='ltr'><strong>nolite</strong></span> <span class='ocrx_word' id='word_1_855' title='bbox 1748 5446 1854 5515; x_wconf 81' lang='lat' dir='ltr'><strong>ﬁeri</strong></span> <span class='ocrx_word' id='word_1_856' title='bbox 1882 5447 2010 5500; x_wconf 82' lang='lat' dir='ltr'><strong>sicut</strong></span> 
     </span>
    </p>
   </div>
   <div class='ocr_carea' id='block_1_110' title="bbox 494 5535 2009 5612">
    <p class='ocr_par' dir='ltr' id='par_1_110' title="bbox 494 5535 2009 5612">
     <span class='ocr_line' id='line_1_110' title="bbox 494 5535 2009 5612; baseline -0.003 -19"><span class='ocrx_word' id='word_1_857' title='bbox 494 5540 770 5612; x_wconf 72' lang='lat' dir='ltr'><strong>hypocrita:</strong></span> <span class='ocrx_word' id='word_1_858' title='bbox 813 5539 993 5594; x_wconf 84' lang='lat' dir='ltr'><strong>tristes.</strong></span> <span class='ocrx_word' id='word_1_859' title='bbox 1042 5535 1393 5592; x_wconf 71' lang='lat' dir='ltr'><strong>Exterminant</strong></span> <span class='ocrx_word' id='word_1_860' title='bbox 1430 5537 1562 5590; x_wconf 85' lang='lat' dir='ltr'><strong>enim</strong></span> <span class='ocrx_word' id='word_1_861' title='bbox 1592 5537 1744 5606; x_wconf 77' lang='lat' dir='ltr'><strong>facies</strong></span> <span class='ocrx_word' id='word_1_862' title='bbox 1769 5553 1921 5603; x_wconf 85' lang='lat' dir='ltr'><strong>suas,</strong></span> <span class='ocrx_word' id='word_1_863' title='bbox 1955 5545 2009 5589; x_wconf 89' lang='lat' dir='ltr'><strong>ut</strong></span> 
     </span>
    </p>
   </div>
   <div class='ocr_carea' id='block_1_111' title="bbox 493 5631 1412 5702">
    <p class='ocr_par' dir='ltr' id='par_1_111' title="bbox 493 5631 1412 5702">
     <span class='ocr_line' id='line_1_111' title="bbox 493 5631 1412 5702; baseline -0.005 -18"><span class='ocrx_word' id='word_1_864' title='bbox 493 5641 773 5702; x_wconf 76' lang='lat' dir='ltr'><strong>appareant</strong></span> <span class='ocrx_word' id='word_1_865' title='bbox 801 5631 1081 5686; x_wconf 82' lang='lat' dir='ltr'><strong>hominibus</strong></span> <span class='ocrx_word' id='word_1_866' title='bbox 1096 5631 1412 5701; x_wconf 84' lang='lat' dir='ltr'><strong>jejunantcs.</strong></span> 
     </span>
    </p>
   </div>
   <div class='ocr_carea' id='block_1_112' title="bbox 500 5718 2002 5793">
    <p class='ocr_par' dir='ltr' id='par_1_112' title="bbox 500 5718 2002 5793">
     <span class='ocr_line' id='line_1_112' title="bbox 500 5718 2002 5793; baseline -0.001 -16"><span class='ocrx_word' id='word_1_867' title='bbox 500 5724 548 5778; x_wconf 79' lang='grc'>1.</span> <span class='ocrx_word' id='word_1_868' title='bbox 607 5722 701 5778; x_wconf 88' lang='lat' dir='ltr'><strong>Hic</strong></span> <span class='ocrx_word' id='word_1_869' title='bbox 746 5723 932 5779; x_wconf 86' lang='lat' dir='ltr'><strong>acerbe</strong></span> <span class='ocrx_word' id='word_1_870' title='bbox 975 5737 1188 5793; x_wconf 83' lang='lat' dir='ltr'><strong>gemere</strong></span> <span class='ocrx_word' id='word_1_871' title='bbox 1239 5729 1292 5777; x_wconf 88' lang='lat' dir='ltr'><strong>et</strong></span> <span class='ocrx_word' id='word_1_872' title='bbox 1342 5718 1543 5788; x_wconf 76' lang='lat' dir='ltr'><strong>cjulave</strong></span> <span class='ocrx_word' id='word_1_873' title='bbox 1597 5733 1693 5775; x_wconf 84' lang='lat' dir='ltr'><strong>nos</strong></span> <span class='ocrx_word' id='word_1_874' title='bbox 1737 5719 2002 5776; x_wconf 65' lang='lat' dir='ltr'><strong>convenit.</strong></span> 
     </span>
    </p>
   </div>
   <div class='ocr_carea' id='block_1_113' title="bbox 2117 5431 3697 5513">
    <p class='ocr_par' dir='ltr' id='par_1_113' title="bbox 2117 5431 3697 5513">
     <span class='ocr_line' id='line_1_113' title="bbox 2117 5431 3697 5513; baseline -0.008 -16"><span class='ocrx_word' id='word_1_875' title='bbox 2117 5441 2233 5497; x_wconf 79' lang='lat' dir='ltr'><strong>Non</strong></span> <span class='ocrx_word' id='word_1_876' title='bbox 2257 5441 2427 5496; x_wconf 91' lang='lat' dir='ltr'><strong>solum</strong></span> <span class='ocrx_word' id='word_1_877' title='bbox 2449 5439 2592 5496; x_wconf 90' lang='lat' dir='ltr'><strong>enim</strong></span> <span class='ocrx_word' id='word_1_878' title='bbox 2616 5438 2921 5513; x_wconf 81' lang='lat' dir='ltr'><strong>hypocritas</strong></span> <span class='ocrx_word' id='word_1_879' title='bbox 2938 5441 3229 5501; x_wconf 89' lang='lat' dir='ltr'><strong>imitamur,</strong></span> <span class='ocrx_word' id='word_1_880' title='bbox 3248 5433 3340 5490; x_wconf 90' lang='lat' dir='ltr'><strong>sed</strong></span> <span class='ocrx_word' id='word_1_881' title='bbox 3359 5431 3516 5486; x_wconf 86' lang='lat' dir='ltr'><strong>etiam</strong></span> <span class='ocrx_word' id='word_1_882' title='bbox 3544 5445 3697 5499; x_wconf 81' lang='lat' dir='ltr'><strong>supc-</strong></span> 
     </span>
    </p>
   </div>
   <div class='ocr_carea' id='block_1_114' title="bbox 2117 5522 3698 5596">
    <p class='ocr_par' dir='ltr' id='par_1_114' title="bbox 2117 5522 3698 5596">
     <span class='ocr_line' id='line_1_114' title="bbox 2117 5522 3698 5596; baseline -0.011 -6"><span class='ocrx_word' id='word_1_883' title='bbox 2117 5549 2299 5590; x_wconf 83' lang='lat' dir='ltr'><strong>ramus</strong></span> <span class='ocrx_word' id='word_1_884' title='bbox 2320 5533 2458 5588; x_wconf 90' lang='lat' dir='ltr'><strong>illos.</strong></span> <span class='ocrx_word' id='word_1_885' title='bbox 2485 5531 2619 5587; x_wconf 85' lang='lat' dir='ltr'><strong>Novi</strong></span> <span class='ocrx_word' id='word_1_886' title='bbox 2647 5534 2810 5596; x_wconf 90' lang='lat' dir='ltr'><strong>enim,</strong></span> <span class='ocrx_word' id='word_1_887' title='bbox 2843 5532 2963 5586; x_wconf 81' lang='lat' dir='ltr'><strong>novi</strong></span> <span class='ocrx_word' id='word_1_888' title='bbox 2985 5538 3128 5584; x_wconf 87' lang='lat' dir='ltr'><strong>certe</strong></span> <span class='ocrx_word' id='word_1_889' title='bbox 3157 5525 3379 5587; x_wconf 84' lang='lat' dir='ltr'><strong>multos,</strong></span> <span class='ocrx_word' id='word_1_890' title='bbox 3411 5539 3517 5576; x_wconf 88' lang='lat' dir='ltr'><strong>non</strong></span> <span class='ocrx_word' id='word_1_891' title='bbox 3542 5522 3698 5575; x_wconf 84' lang='lat' dir='ltr'><strong>modo</strong></span> 
     </span>
    </p>
   </div>
   <div class='ocr_carea' id='block_1_115' title="bbox 2116 5609 3693 5701">
    <p class='ocr_par' dir='ltr' id='par_1_115' title="bbox 2116 5609 3693 5701">
     <span class='ocr_line' id='line_1_115' title="bbox 2116 5609 3693 5701; baseline -0.01 -21"><span class='ocrx_word' id='word_1_892' title='bbox 2116 5627 2203 5696; x_wconf 91' lang='lat' dir='ltr'><strong>qui</strong></span> <span class='ocrx_word' id='word_1_893' title='bbox 2227 5626 2474 5701; x_wconf 85' lang='lat' dir='ltr'><strong>jejunant</strong></span> <span class='ocrx_word' id='word_1_894' title='bbox 2496 5633 2550 5678; x_wconf 91' lang='lat' dir='ltr'><strong>et</strong></span> <span class='ocrx_word' id='word_1_895' title='bbox 2578 5639 2696 5680; x_wconf 87' lang='lat' dir='ltr'><strong>sese</strong></span> <span class='ocrx_word' id='word_1_896' title='bbox 2711 5609 2980 5679; x_wconf 80' lang='lat' dir='ltr'><strong>ostentant</strong></span> <span class='ocrx_word' id='word_1_897' title='bbox 2999 5661 3014 5686; x_wconf 87' lang='lat'><strong>,</strong></span> <span class='ocrx_word' id='word_1_898' title='bbox 3032 5617 3124 5674; x_wconf 87' lang='lat' dir='ltr'><strong>sed</strong></span> <span class='ocrx_word' id='word_1_899' title='bbox 3148 5618 3303 5672; x_wconf 88' lang='lat' dir='ltr'><strong>etiam</strong></span> <span class='ocrx_word' id='word_1_900' title='bbox 3329 5613 3419 5684; x_wconf 91' lang='lat' dir='ltr'><strong>qui</strong></span> <span class='ocrx_word' id='word_1_901' title='bbox 3438 5629 3543 5668; x_wconf 90' lang='lat' dir='ltr'><strong>non</strong></span> <span class='ocrx_word' id='word_1_902' title='bbox 3565 5612 3693 5683; x_wconf 83' lang='lat' dir='ltr'><strong>jeju-</strong></span> 
     </span>
    </p>
   </div>
   <div class='ocr_carea' id='block_1_116' title="bbox 2114 5709 3687 5792">
    <p class='ocr_par' dir='ltr' id='par_1_116' title="bbox 2114 5709 3687 5792">
     <span class='ocr_line' id='line_1_116' title="bbox 2114 5709 3687 5792; baseline -0.011 -16"><span class='ocrx_word' id='word_1_903' title='bbox 2114 5728 2240 5776; x_wconf 78' lang='lat' dir='ltr'><strong>naut</strong></span> <span class='ocrx_word' id='word_1_904' title='bbox 2255 5729 2310 5778; x_wconf 89' lang='lat' dir='ltr'><strong>et</strong></span> <span class='ocrx_word' id='word_1_905' title='bbox 2333 5718 2683 5792; x_wconf 86' lang='lat' dir='ltr'><strong>jejunantium</strong></span> <span class='ocrx_word' id='word_1_906' title='bbox 2708 5726 2990 5786; x_wconf 84' lang='lat' dir='ltr'><strong>personam</strong></span> <span class='ocrx_word' id='word_1_907' title='bbox 3019 5725 3126 5782; x_wconf 67' lang='lat' dir='ltr'><strong>prce</strong></span> <span class='ocrx_word' id='word_1_908' title='bbox 3143 5724 3200 5764; x_wconf 88' lang='lat' dir='ltr'><strong>se</strong></span> <span class='ocrx_word' id='word_1_909' title='bbox 3227 5709 3420 5777; x_wconf 84' lang='lat' dir='ltr'><strong>lerunt,</strong></span> <span class='ocrx_word' id='word_1_910' title='bbox 3452 5717 3687 5777; x_wconf 79' lang='lat' dir='ltr'><strong>peccato-</strong></span> 
     </span>
    </p>
   </div>
  </div>
