4080 6138
428 330 530 386 287

427 465 531 518 que
552 449 665 516 ipso
679 445 978 517 graviorem
995 443 1388 498 excusationem
1407 440 1650 496 aﬂ'erunt.
1672 437 1780 491 lloc
1796 434 1934 489 facio
1953 434 2023 485 in-

431 540 638 606 quiunt,
663 553 730 591 ne
754 537 934 591 multis
956 533 1280 589 offendicula
1310 534 1430 586 sim.
1470 529 1605 596 Quid
1632 528 1804 583 dicis?
1836 526 2022 580 Divina

431 632 515 685 lex
544 639 628 684 est
657 645 773 699 qua:
799 629 898 681 hoc
930 626 1185 698 praecipit,
1230 634 1283 678 et
1312 633 1364 677 ιιι
1399 620 1775 677 offendiculum
1813 632 2021 673 memo-

431 722 553 777 ras?
584 731 637 776 et
664 722 706 774 si
739 719 1008 776 custodias
1037 719 1176 772 illam
1201 757 1216 781 ,
1248 715 1565 769 offendicula
1585 729 1707 769 esse
1744 724 1897 784 putas
1923 753 1938 775 ,
1978 709 2022 762 si

433 830 539 868 non
573 814 864 877 custodias,
903 810 1096 866 secus?
1121 808 1309 877 ecquid
1341 810 1412 862 sit
1473 808 1557 862 his
1633 805 1852 875 ineptiis
1921 801 2019 857 de—

432 908 596 961 terius
627 907 682 960 ‘?
713 909 903 960 Annon
929 904 1139 958 desines
1169 900 1464 972 hypocritis
1491 913 1609 953 esse
1641 897 1806 966 pejor,
1841 895 2018 965 dupli-

431 1012 655 1066 cemque
699 996 999 1066 hypocrisin
1041 1008 1330 1062 usurpare,
1359 1007 1422 1045 ac
1472 1000 1672 1044 tantmn
1701 989 1812 1042 vitii
1860 1003 2018 1042 cacu-

433 1106 555 1142 men
583 1088 921 1157 excogitare?
953 1102 1076 1139 tmm
1104 1085 1220 1139 sine
1242 1085 1443 1152 pudore
1465 1083 1591 1137 dicti
1622 1081 1777 1150 lmjus
1798 1080 2018 1150 empha-

431 1185 531 1238 sim
561 1182 855 1253 percipies?
877 1181 990 1235 Non
1013 1181 1184 1234 solum
1213 1181 1376 1244 enim,
1407 1179 1594 1248 inquit,
1623 1177 1894 1240 simulant,
1923 1175 2016 1230 sed

431 1286 487 1328 ιιι
510 1275 627 1328 illos
658 1273 1021 1327 vehementius
1056 1280 1270 1341 pungat,
1318 1269 1667 1322 Exterminaut
1704 1268 1835 1320 enim
1865 1267 2018 1336 {acies

431 1386 577 1429 suas,
612 1367 662 1421 id
703 1377 805 1432 est,
829 1373 1196 1434 corrumpunt,
1232 1363 1474 1433 perdunt.
1505 1360 1562 1414 Si
1601 1371 1774 1414 autem
1807 1359 1908 1413 hoc
1935 1366 2020 1414 est

434 1462 585 1515 fat-iri
606 1461 1008 1520 exterminatio,
1038 1459 1102 1512 ad
1131 1472 1322 1512 vanam
1360 1456 1582 1526 gloriam
1611 1470 1730 1509 sese
1761 1454 2016 1523 pallidum

433 1555 688 1610 exhibere
709 1595 724 1619 ,
770 1552 896 1622 quid
926 1549 1207 1604 dicendum
1238 1548 1302 1602 de
1333 1547 1665 1608 mulieribus,
1699 1561 1817 1613 qua:
1859 1544 2017 1598 facies

433 1663 556 1702 suas
583 1647 867 1716 pigmentis
896 1653 950 1697 et
971 1642 1102 1696 fucis
1134 1651 1481 1708 corrumpunt
1506 1639 1570 1692 ad
1605 1637 1889 1706 perniciem
1914 1637 2015 1689 im-

435 1738 746 1807 pudicarum
769 1735 1060 1807 juvenum?
1093 1733 1169 1786 Illi
1213 1733 1353 1786 enim
1381 1731 1480 1785 sibi
1525 1730 1654 1798 ipsis
1685 1738 1884 1782 tantum
1918 1745 2016 1782 no-

435 1839 600 1883 cent:
632 1828 713 1882 lue
744 1843 872 1881 vero
918 1836 973 1880 et
1020 1826 1120 1879 sibi
1165 1825 1309 1878 etiis
1339 1822 1428 1893 qui
1481 1822 1621 1890 ipsas
1662 1820 2014 1888 οοιιδιιίεἱιιιιι.

434 1923 770 1991 Quapropter
795 1930 849 1974 et
895 1920 1030 1972 hanc
1057 1928 1109 1971 et
1152 1917 1292 1970 illam
1340 1925 1540 1985 pestem
1573 1915 1793 1967 omnino
1839 1913 2019 1981 fugere

436 2031 532 2084 pur
556 2021 657 2068 est.
686 2012 798 2066 Non
828 2012 997 2065 solum
1037 2007 1179 2062 enim
1217 2007 1378 2076 jussit
1423 2022 1526 2059 non
1556 2020 1674 2060 sese
1723 2014 2014 2068 ostentare,

433 2104 528 2160 sed
555 2104 714 2158 etiam
745 2103 795 2156 id
823 2100 1057 2164 studere,
1091 2109 1146 2154 ut
1176 2101 1372 2153 lateant
1403 2115 1417 2150 :
1461 2097 1600 2167 quod
1627 2105 1679 2151 ct
1707 2097 1820 2165 ipse
1864 2105 2016 2150 antea

434 2196 650 2250 fecerat.
678 2194 750 2248 De
776 2194 1110 2262 eleetnosyna
1139 2206 1316 2260 porro,
1359 2204 1464 2243 non
1491 2189 1803 2260 simpliciter
1829 2190 1895 2242 ita
1926 2204 2020 2257 po-

435 2289 536 2342 suit
561 2304 574 2350 ;
604 2285 698 2339 sed
735 2300 852 2337 cum
877 2284 1098 2338 dixisset
1125 2299 1137 2334 :
1169 2282 1423 2335 Attendite
1452 2297 1514 2333 ne
1542 2281 1907 2350 eleemosyuam
1939 2282 2017 2349 fa-

433 2379 579 2430 ciatis
606 2393 775 2430 coram
797 2375 1080 2429 hominibus
1101 2414 1114 2438 ,
1143 2373 1372 2441 adjecit,
1409 2371 1474 2426 Ut
1504 2372 1772 2425 videamini
1815 2372 1875 2424 ab
1906 2372 1975 2424 eis
1998 2387 2018 2434 ,'

433 2473 503 2525 dc
550 2470 753 2538 jejunio
791 2477 964 2522 autem
1014 2476 1070 2520 et
1117 2467 1357 2520 oratione
1389 2464 1517 2518 nihil
1546 2463 1720 2518 simile
1758 2464 2016 2518 decrevit.

433 2562 542 2615 Cur
574 2559 742 2613 illud?
773 2561 902 2625 Quia
934 2559 1271 2626 eleernosyna
1320 2557 1484 2609 lati-re
1531 2556 1730 2624 nequit,
1758 2553 2016 2624 jejunium

433 2663 681 2707 autemet
702 2652 870 2705 oratio
900 2650 1153 2703 occultari
1188 2658 1379 2718 potest.
1411 2647 1559 2702 Sicut
1586 2648 1762 2716 itaque
1788 2661 1905 2701 cum
1934 2647 2016 2700 di-

435 2746 529 2805 xit,
565 2743 768 2796 Nesciet
790 2743 993 2794 sinistra
1035 2751 1121 2792 tua
1143 2740 1262 2809 quid
1283 2740 1405 2808 facit
1435 2739 1642 2791 dextera
1664 2749 1748 2790 tua
1771 2780 1784 2803 ,
1819 2753 1921 2820 ιιριι
1951 2738 2018 2792 de

434 2836 683 2889 manibus
711 2834 960 2902 loquutus
996 2842 1099 2898 est,
1149 2831 1240 2885 sed
1272 2831 1534 2900 significat
1560 2840 1808 2899 oportere
1833 2845 2018 2884 onmes

432 2929 632 2992 celari;
663 2936 716 2982 et
745 2925 1040 2995 cumjussit
1071 2927 1121 2978 in
1153 2924 1452 2978 cubiculum
1494 2923 1716 2986 intrare,
1751 2938 1855 2976 non
1884 2922 2013 2976 illud

433 3019 727 3092 praasertim
771 3018 1014 3087 praecipit
1063 3025 1119 3070 ut
1149 3016 1218 3071 ibi
1265 3031 1582 3084 precemur,
1647 3015 1741 3069 sed
1790 3014 2014 3082 idipsmn

431 3115 592 3169 etiam
623 3111 970 3166 subimlieavit
1001 3127 1012 3162 :
1039 3111 1117 3163 sic
1143 3117 1197 3162 et
1242 3108 1342 3161 hoc
1379 3107 1494 3160 loco
1534 3121 1651 3160 cum
1689 3105 2014 3174 jejunantcm

431 3222 552 3261 sese
579 3221 778 3276 ungere
795 3203 973 3273 jussit,
1000 3217 1103 3256 non
1124 3200 1343 3256 omnino
1366 3199 1622 3268 praecipit,
1655 3208 1710 3252 ut
1738 3213 1835 3251 nos
1864 3199 2016 3250 inun-

431 3312 636 3370 gamus,
674 3311 794 3350 nam
824 3309 1011 3350 onmes
1041 3293 1176 3346 hanc
1202 3290 1494 3360 transgredi
1520 3291 1687 3360 legem
1717 3290 2018 3358 deprehen-

431 3397 716 3458 tleremur;
746 3393 976 3446 maxime
1015 3392 1046 3444 ii
1096 3390 1144 3443 in
1177 3389 1361 3459 primis
1390 3388 1476 3456 qtti
1517 3387 1773 3457 jejunium
1803 3399 2017 3440 scrvare

431 3487 642 3541 sunlent
663 3526 678 3550 ,
709 3485 1087 3539 monachorum
1122 3482 1331 3552 populi,
1363 3480 1450 3550 qui
1484 3490 1691 3533 montes
1732 3486 2011 3546 occupant.

431 3579 546 3633 Non
579 3580 752 3646 itaque
785 3577 886 3629 hoc
927 3575 1199 3643 praecipit;
1248 3588 1430 3627 verum
1473 3572 1590 3641 quia
1621 3570 1757 3638 apud
1810 3579 2016 3623 veteres

433 3686 552 3724 mos
581 3669 699 3729 fuit,
731 3676 788 3721 ut
812 3683 930 3721 sese
962 3673 1221 3734 ungerent
1249 3681 1368 3717 cum
1399 3664 1449 3717 in
1496 3662 1689 3735 gaudio
1733 3671 1788 3716 et
1835 3661 2014 3714 lautitia

433 3769 795 3824 versarentur,
827 3759 967 3828 quod
998 3759 1048 3811 in
1099 3756 1296 3811 Davide
1321 3765 1374 3811 et
1405 3757 1455 3809 in
1490 3756 1703 3810 Danielc
1750 3755 1892 3809 clare
1937 3755 2016 3807 di-

432 3853 600 3907 scitur
624 3895 637 3917 ,
670 3866 864 3921 ungere
892 3865 951 3903 se
981 3857 1229 3918 oportere
1259 3848 1409 3913 dixit,
1447 3863 1552 3901 non
1585 3857 1641 3901 ut
1668 3846 1767 3900 hoc
1797 3846 2016 3900 omnino

434 3945 712 4008 faciamus,
756 3941 848 3996 sed
883 3952 939 3995 ut
975 3956 1096 3995 cum
1141 3941 1285 3993 omni
1329 3938 1505 3993 studio
1552 3948 1711 4006 atque
1741 3936 2014 4005 diligentia

434 4039 536 4092 hoc
559 4039 755 4091 bonum
784 4051 1075 4090 servemus.
1103 4036 1270 4102 Atque
1299 4041 1354 4086 ιιι
1389 4032 1564 4086 discas
1595 4047 1707 4085 rem
1739 4033 1807 4085 ita
1836 4048 1894 4085 sc
1923 4031 2016 4086 ha-

433 4129 560 4183 bere
590 4146 602 4180 :
640 4127 728 4182 ille
758 4127 868 4194 ipse
897 4127 986 4196 qui
1013 4125 1113 4181 hoc
1135 4124 1309 4179 verbis
1333 4134 1678 4194 prsrceperat,
1708 4135 1761 4178 et
1790 4123 1854 4176 de
1877 4123 2016 4177 facto

429 4231 755 4290 exsequutus
784 4229 898 4283 est;
939 4234 1060 4272 cum
1095 4233 1188 4287 per
1213 4217 1558 4287 quadraginta
1586 4216 1701 4271 dies
1731 4217 2011 4285 jejunavit,

430 4312 719 4381 jejnnando
742 4311 912 4373 latuit,
936 4325 1107 4379 nequc
1131 4324 1251 4364 sese
1276 4311 1442 4371 unxit,
1470 4325 1642 4378 neque
1668 4324 1786 4364 sese
1813 4309 2010 4364 abluit:

429 4417 486 4460 et
533 4416 708 4458 tamen
753 4403 958 4457 etiamsi
993 4401 1090 4455 hoc
1136 4419 1237 4456 non
1271 4403 1488 4468 iet-erit,
1518 4403 1634 4454 sine
1678 4417 1812 4455 vana
1849 4402 2011 4471 gloria

433 4498 665 4552 maxime
691 4496 931 4550 onmium
975 4504 1142 4548 totum
1171 4494 1391 4563 perfecit
1423 4513 1435 4547 :
1464 4494 1604 4562 quod
1654 4494 1814 4548 etiam
1861 4495 2015 4548 nobis

435 4591 695 4658 pra-cipit,
724 4587 1018 4659 hypocritis
1045 4586 1096 4640 itt
1131 4585 1361 4640 medimn
1390 4584 1652 4650 adductis,
1682 4593 1736 4637 et
1761 4584 2017 4638 auditori-

433 4684 532 4737 bus
575 4683 768 4752 duplici
817 4688 1084 4751 prateepto
1123 4681 1174 4734 in
1219 4679 1544 4734 contrarimn
1598 4678 1871 4743 avocatis;
1912 4677 2014 4730 ali-

432 4774 560 4841 quid
589 4775 746 4828 ctiam
776 4788 868 4842 per
899 4771 1025 4826 illud
1057 4785 1250 4824 numen
1276 4812 1288 4832 ,
1324 4767 1718 4840 hypocritarmn
1749 4767 2012 4830 videlicet,

433 4864 810 4918 subindicavit.
841 4863 1022 4933 Neque
1065 4862 1206 4916 enim
1238 4862 1409 4915 solmn
1434 4859 1574 4929 quod
1604 4876 1688 4913 res
1718 4867 1858 4912 esset
1888 4858 2016 4913 ridi-

430 4957 571 5016 cula,
615 4971 782 5022 neque
826 4956 964 5023 quod
1008 4955 1259 5008 damnum
1292 4952 1513 5006 inferret
1557 4951 1874 5013 maximum,
1923 4949 2016 5003 sed

434 5047 597 5104 etiam
627 5045 766 5115 quod
795 5045 1100 5113 hujusmodi
1148 5046 1346 5100 fallacia
1381 5053 1721 5114 temporanea
1759 5041 2015 5096 exhibea-

433 5151 522 5198 tur
549 5187 565 5207 ,
607 5156 636 5194 a
666 5155 824 5210 prava
873 5139 958 5191 illa
987 5138 1414 5206 concupiscentia
1457 5137 1687 5190 abducit.
1732 5135 2014 5206 llypocrita

433 5235 576 5289 enim
603 5230 800 5286 tamdiu
831 5228 1024 5282 clarior
1052 5237 1310 5296 apparet,
1341 5226 1591 5296 quamdiu
1624 5227 1884 5279 theatrum
1933 5240 2019 5279 sc-

431 5326 568 5381 derit
597 5345 608 5380 :
641 5325 748 5378 imo
772 5338 897 5376 vero
919 5335 1090 5388 neque
1119 5328 1240 5373 tunc
1265 5318 1400 5386 apud
1419 5315 1854 5370 omnes.'Normtl
1876 5316 2016 5368 enim

437 5419 649 5487 pluritni
677 5425 1033 5486 spectatorum
1059 5413 1146 5480 qui
1169 5427 1288 5466 cum
1312 5410 1418 5465 sint
1449 5410 1519 5462 illi
1548 5409 1719 5479 qualia
1743 5409 2014 5463 simulent.

435 5510 700 5564 (holerum
729 5507 900 5562 soluto
933 5507 1159 5566 theatro,
1193 5501 1621 5556 manifestissime
1662 5501 1907 5555 onmihus
1933 5516 2020 5554 re-

439 5607 700 5660 velantur.
734 5603 844 5658 lloc
871 5602 1028 5673 igitur
1053 5597 1238 5671 gloria:
1268 5595 1490 5667 cupidos
1523 5595 1625 5665 pati
1658 5595 2016 5651 necessarium

503 5765 519 5794 ⁸
555 5762 747 5820 Quidam
775 5769 897 5816 ηδε..
940 5767 1025 5817 hac
1045 5765 1347 5818 excusatione
1369 5762 1598 5814 deterius.

1161 327 1218 381 S.
1257 325 1533 382 JOANNIS
1570 323 2046 379 CHRYSOSTOMI
2083 320 2393 380 ARCHIEP.
2437 328 2961 385 (ἸΟΧΒΤΛΝΤΙΝΟΡ.

3604 345 3715 402 283

2133 450 2353 503 prorsus
2377 451 2478 496 est.
2513 442 2623 497 lino
2666 447 2828 500 etiam
2859 447 3097 516 plttritttis
3125 451 3294 518 palam
3315 462 3414 517 est,
3447 468 3552 509 non
3591 475 3715 514 esse

2132 532 2252 623 illos
2279 532 2330 586 id
2357 535 2501 603 quod
2544 552 2663 592 esse
2689 539 2967 605 videntur;
3001 543 3093 596 sed
3122 543 3267 598 larva
3299 548 3469 601 solum
3509 551 3710 623 obtegi.

2129 621 2290 677 Multo
2317 627 2484 695 magis
2516 638 2695 683 autem
2726 639 2905 698 postea
2933 635 3227 702 capientur,
3274 639 3488 704 rpuuido
3533 621 3712 698 omnia

2120 713 2268 769 nuda
2295 725 2348 769 ct
2379 729 2557 786 aperta
2585 728 2760 774 erunt.
2789 722 3019 778 Aliunde
3042 737 3220 781 autem
3262 745 3470 784 rursum
3503 733 3620 788 illos
3644 737 3714 789 ab

2129 803 2416 874 hypocritis
2447 808 2681 875 abducit,
2712 826 2829 865 cum
2865 815 3099 870 ostendit
3147 833 3249 872 non
3277 836 3562 877 onerosum
3589 842 3716 882 esse

2127 908 2470 966 pra-ceptum.
2489 900 2670 971 Neque
2687 903 2826 958 enim
2843 905 3100 974 jejunium
3123 911 3382 978 extendit,
3405 931 3576 983 neque
3597 918 3717 970 lon-

2125 990 2241 1056 gius
2279 990 2388 1045 fieri
2431 992 2614 1061 jubet;
2650 997 2741 1050 sed
2787 1014 2856 1052 ne
2886 999 3000 1068 ejus
3024 1015 3219 1055 eorona
3255 1015 3436 1073 pereat
3491 1009 3712 1064 insistit.

2125 1080 2311 1152 Itaque
2339 1085 2476 1153 quod
2507 1087 2677 1140 solum
2710 1104 2995 1146 onerosum
3020 1094 3252 1162 videtur,
3278 1108 3334 1152 et
3359 1100 3512 1154 nobis
3531 1111 3584 1155 et
3614 1104 3716 1175 hy-

2117 1177 2347 1245 pocritis
2392 1194 2674 1236 Commune
2726 1191 2844 1235 est:
2876 1199 2998 1238 nam
3045 1197 3097 1238 et
3143 1188 3216 1242 illi
3261 1189 3536 1258 jejunant;
3567 1197 3710 1262 quod

2122 1280 2300 1324 autent
2334 1283 2416 1325 est
2447 1273 2773 1328 levissimum
2820 1277 3052 1348 ipsisque
3097 1283 3390 1350 proprium,
3417 1301 3481 1339 ne
3507 1287 3714 1342 scilicet

2121 1363 2430 1418 laborantes
2459 1381 2655 1420 corona
2699 1369 2985 1436 privrntur,
3037 1371 3163 1426 illud
3193 1383 3308 1436 est,
3349 1376 3533 1445 inquit,
3567 1380 3710 1447 quod

2117 1455 2282 1524 jubco
2316 1473 2327 1507 :
2363 1456 2631 1515 laboribus
2675 1461 2808 1516 nihil
2836 1463 3038 1517 addens
3061 1503 3076 1528 ,
3130 1467 3511 1536 tnercedesquc
3561 1471 3711 1525 vobis

2121 1551 2380 1619 colligens
2401 1567 2522 1607 eum
2559 1555 2819 1610 tutissima
2851 1558 3083 1621 cautela,
3130 1575 3228 1613 nec
3271 1560 3454 1616 sinens
3495 1566 3707 1617 incoro-

2124 1652 2280 1696 natos
2309 1642 2479 1709 abire,
2510 1645 2647 1700 sicut
2670 1647 2745 1701 illi
2773 1647 2989 1713 abeunt,
3028 1650 3118 1719 qui
3148 1652 3335 1706 nolunt
3374 1669 3486 1717 eos,
3533 1657 3621 1724 qui
3655 1658 3708 1709 in

2122 1733 2415 1802 Olytnpicis
2446 1736 2583 1789 ludis
2613 1737 2910 1805 decertant,
2934 1742 3147 1806 imitari,
3174 1745 3286 1811 qui,
3319 1754 3465 1798 tanto
3492 1749 3705 1816 populo,

2125 1836 2202 1880 tot
2244 1827 2572 1896 principibus
2623 1832 2968 1899 sedentibus,
3020 1836 3104 1887 ιιιιί
3158 1836 3337 1890 volunt
3383 1839 3589 1906 placere
3618 1842 3707 1908 qui

2123 1933 2376 1973 coronam
2406 1921 2530 1988 ipsis
2563 1922 2776 1989 tribuat,
2807 1924 2930 1978 licet
2969 1926 3055 1979 ille
3094 1926 3248 1997 longe
3269 1929 3338 1981 sit
3373 1929 3619 1982 inferior:
3653 1944 3707 1986 tu

2123 2024 2250 2062 vero
2276 2026 2398 2064 cum
2422 2012 2554 2066 duas
2587 2013 2782 2069 habeas
2813 2016 3050 2070 victoria:
3085 2017 3184 2086 ipsi
3213 2023 3572 2076 monstranda:
3589 2038 3710 2077 ean-

2122 2116 2230 2166 sas,
2257 2113 2364 2156 tmn
2399 2105 2542 2174 quod
2569 2106 2657 2161 ille
2688 2110 2904 2176 prmmia
2935 2110 3239 2178 distribuat,
3266 2121 3374 2167 tum
3402 2116 3540 2184 quod
3579 2131 3709 2186 spe-

2121 2205 2328 2250 ctantes
2357 2213 2546 2252 onmes
2571 2199 2688 2253 sine
2728 2200 2834 2254 ulla
2866 2204 3268 2270 comparatione
3295 2217 3548 2276 superet,
3586 2211 3710 2263 aliis

2125 2295 2174 2340 te
2203 2296 2460 2355 ostentas,
2491 2291 2580 2358 qui
2603 2304 2705 2344 non
2730 2292 2888 2345 modo
2912 2293 3039 2348 nihil
3064 2295 3153 2348 tibi
3182 2298 3437 2365 prodesse
3465 2311 3704 2368 possunt,

2123 2380 2216 2432 sed
2249 2382 2335 2449 qui
2372 2392 2421 2435 te
2452 2383 2684 2437 maxime
2709 2384 2930 2438 laedunt.

2190 2471 2246 2523 2.
2299 2471 2468 2526 Virtus
2510 2476 2785 2542 aliquando
2819 2494 2988 2532 coram
3013 2479 3297 2536 hominibus
3321 2484 3705 2553 glori/imbitur.

2122 2561 2310 2618 Contra
2337 2566 2626 2620 simulatam
2655 2571 2978 2624 virtutem.——
3001 2573 3267 2638 Attamen,
3297 2575 3485 2645 inquit,
3515 2592 3581 2631 ne
3607 2575 3712 2631 hoc

2121 2673 2334 2727 quoque
2361 2658 2612 2729 impedio.
2640 2659 2772 2714 Nam
2800 2662 2842 2716 si
2891 2662 3196 2719 hominibus
3224 2674 3274 2721 te
3299 2669 3583 2723 ostendere
3614 2686 3710 2722 ve-

2123 2749 2210 2806 lis.
2242 2762 2524 2820 exspeeta;
2569 2769 2690 2806 nam
2720 2754 2821 2808 hoc
2847 2771 2945 2824 ego
2974 2757 3062 2810 tibi
3094 2759 3448 2815 abundantius
3479 2773 3707 2831 pra-sta-

2121 2843 2210 2909 bo,
2243 2853 2297 2897 et
2320 2861 2439 2898 cum
2469 2860 2658 2914 magno
2682 2847 2846 2900 lucro.
2871 2849 3020 2902 Nune
3035 2849 3174 2903 enim
3201 2861 3251 2906 te
3278 2852 3381 2908 hoc
3405 2855 3472 2907 ab
3498 2870 3559 2909 ea
3589 2872 3709 2924 qua:

2122 2936 2260 3004 apud
2291 2952 2375 2990 me
2399 2945 2480 2990 est
2505 2936 2670 3006 gloria
2696 2938 2918 3005 divellit,
2951 2943 3086 2995 sicut
3112 2943 3161 2996 id
3204 2944 3478 3014 despicere
3519 2957 3569 3002 te
3598 2964 3712 3004 tne-

2121 3044 2242 3082 cum
2270 3030 2517 3097 copulat;
2571 3039 2695 3085 tunc
2737 3047 2865 3087 vero
2892 3035 3139 3090 omnibus
3168 3035 3360 3091 frueris
3387 3054 3506 3092 cum
3541 3039 3707 3093 liber-

2125 3134 2230 3177 tate
2260 3125 2425 3188 onmi,
2463 3139 2562 3179 nec
2592 3141 2808 3194 parvum
2840 3136 2963 3182 ante
2991 3128 3213 3183 fructum
3262 3130 3347 3184 hie
3387 3142 3708 3202 excepturus

2120 3229 2198 3278 es,
2227 3216 2367 3286 quod
2396 3232 2585 3287 nempe
2609 3233 2819 3272 omnem
2839 3217 3121 3272 humanam
3143 3220 3363 3290 gloriam
3386 3223 3667 3278 conculees
3688 3267 3704 3290 ,

2121 3319 2174 3361 et
2203 3324 2230 3361 a
2265 3309 2411 3378 gravi
2437 3309 2521 3362 illa
2556 3309 2830 3364 hominum
2855 3311 3113 3366 servitute
3135 3311 3394 3377 libereris,
3426 3330 3566 3369 vera:
3597 3317 3706 3369 vir-

2122 3402 2248 3455 tutis
2275 3404 2534 3457 exereitio
2562 3413 2840 3472 praestans.
2879 3404 3027 3460 Nunc
3065 3414 3248 3461 contra
3287 3408 3330 3461 si
3360 3408 3449 3462 illo
3483 3409 3708 3465 affectus

2120 3494 2196 3547 sis
2226 3493 2418 3561 modo,
2451 3504 2504 3550 et
2541 3495 2585 3548 si
2618 3496 2667 3549 in
2694 3497 2907 3551 deserto
2945 3500 3050 3560 sis,
3085 3499 3228 3552 onmi
3273 3514 3470 3553 vacuus
3513 3503 3707 3555 virtute

2121 3586 2228 3640 eris
2253 3628 2267 3649 ,
2300 3602 2405 3640 non
2453 3587 2655 3642 habens
2685 3599 3032 3657 spectatores.
3063 3589 3214 3656 Quod
3242 3601 3388 3646 certe
3413 3600 3495 3645 est
3524 3593 3702 3646 virtuti

2121 3691 2366 3747 magnam
2400 3676 2596 3732 inferre
2639 3677 3041 3744 contumeliam,
3065 3680 3106 3732 si
3138 3696 3244 3733 non
3267 3691 3480 3750 propter
3509 3680 3698 3750 ipsam,

2120 3772 2212 3825 sed
2243 3780 2463 3841 propter
2480 3771 2734 3838 lunarios,
2753 3773 2989 3836 aerarios,
3010 3772 3258 3842 aliudque
3285 3775 3492 3828 forense
3520 3778 3702 3845 vulgus

2122 3863 2267 3916 illam
2296 3861 2498 3928 adeas;
2531 3871 2588 3916 ut
2610 3872 2664 3917 et
2691 3863 2940 3932 improbi,
2975 3873 3029 3916 et
3057 3865 3144 3932 qui
3174 3864 3242 3937 ab
3282 3866 3367 3918 illa
3416 3865 3571 3936 longe
3615 3868 3700 3920 di-

2120 3963 2263 4008 stant
2288 3964 2340 4008 te
2365 3953 2718 4020 admirentur,
2739 3954 3086 4022 inimicosque
3113 3954 3226 4023 ejus
3250 3971 3408 4010 vocas
3431 3957 3494 4010 ad
3524 3969 3703 4012 osten-

2122 4048 2373 4102 tationem
2403 4056 2458 4102 et
2481 4047 2841 4117 spectaculum
2875 4064 2887 4099 :
2917 4062 2980 4101 ac
3003 4048 3046 4100 si
3075 4048 3194 4117 quis
3219 4048 3405 4116 pudice
3429 4064 3585 4118 agere
3607 4066 3702 4103 ve-

2120 4139 2334 4207 lit,non
2391 4148 2608 4208 propter
2670 4138 2839 4208 ipsum
2895 4138 3160 4207 pudicitia:
3227 4138 3444 4204 bonum,
3503 4140 3597 4194 sed
3649 4149 3704 4194 ut

2120 4231 2328 4301 placeat
2352 4230 2651 4300 impudicis.
2677 4231 2742 4284 Et
2764 4240 2817 4283 tu
2839 4245 2965 4298 ergo
2995 4230 3236 4282 virtutem
3283 4246 3386 4283 non
3427 4230 3701 4299 elrgisscs,

2123 4324 2222 4377 nisi
2245 4323 2313 4377 ob
2333 4323 2538 4376 virtutis
2566 4323 2809 4376 inimicos
2834 4340 2845 4374 :
2875 4336 2994 4376 cum
3025 4329 3296 4389 oporteret
3325 4337 3440 4375 eam
3464 4324 3542 4375 vel
3582 4323 3704 4376 inde

2122 4417 2323 4479 mirari,
2350 4415 2494 4484 quod
2537 4415 2779 4469 inimicos
2808 4427 2933 4468 suos
2961 4413 3120 4466 etiam
3166 4413 3465 4468 laudatores
3491 4414 3701 4468 habeat.

2121 4507 2385 4562 Admirari
2413 4523 2542 4577 ergo
2572 4507 2715 4560 illam
2745 4515 2972 4576 oportet,
3009 4515 3065 4560 ut
3111 4521 3202 4576 par
3227 4516 3329 4572 est,
3360 4525 3463 4560 non
3488 4520 3705 4577 propter

2121 4601 2277 4660 alios,
2301 4601 2391 4653 sed
2417 4607 2638 4672 propter
2668 4600 2834 4669 ipsam
2866 4618 2880 4654 :
2911 4599 3337 4672 quandoquidem
3378 4616 3475 4654 nos
3518 4602 3702 4666 etiam,

2122 4695 2333 4765 quando
2350 4711 2454 4748 non
2480 4705 2696 4764 propter
2727 4712 2822 4750 nos
2848 4696 3012 4764 ipsos,
3046 4696 3137 4750 sed
3164 4703 3380 4764 pr0pter
3403 4695 3536 4748 alios
3561 4711 3707 4748 ama-

2124 4805 2259 4850 mur,
2286 4789 2659 4842 contntneliatn
2694 4788 2743 4841 id
2768 4803 2886 4841 esse
2911 4797 3172 4856 putamus.
3200 4787 3310 4841 Hoc
3340 4787 3508 4855 ipsum
3527 4787 3706 4856 itaque

2123 4881 2190 4935 de
2216 4881 2407 4934 virtute
2432 4880 2591 4934 etiam
2613 4888 2794 4947 reputa
2818 4896 2831 4944 ;
2863 4893 3033 4949 neque
3064 4885 3279 4948 prapter
3299 4878 3432 4932 alios
3469 4891 3588 4932 eam
3615 4894 3706 4932 se-

2090 4993 2092 4995 >
2122 4985 2306 5040 quare,
2344 4985 2516 5040 neque
2546 4978 2764 5040 prepter
2811 4969 3056 5024 homines
3098 4969 3206 5022 Deo
3231 4968 3541 5038 obsequat'is
3566 5009 3580 5034 ,
3611 4968 3704 5023 sed

2124 5075 2339 5133 propter
2368 5065 2530 5118 Deum
2584 5063 2910 5126 hominibus;
2942 5061 2987 5116 si
3033 5077 3158 5116 vero
3181 5063 3500 5116 contrarium
3522 5060 3704 5127 facias,

2123 5156 2243 5210 licet
2266 5157 2512 5211 virtutem
2562 5155 2709 5211 adire
2742 5156 2970 5210 videaris
2994 5199 3006 5221 ,
3037 5155 3255 5225 perinde
3281 5155 3426 5209 illum
3468 5156 3521 5207 in
3574 5153 3704 5207 iram

2122 5250 2422 5316 concitasti,
2449 5264 2510 5304 ac
2537 5251 2580 5305 si
2610 5249 2729 5319 quis
2779 5249 2922 5303 illam
2973 5265 3076 5304 non
3106 5248 3276 5302 adiret
3310 5266 3322 5301 :
3355 5246 3706 5318 quemadmo-

2123 5342 2250 5397 dum
2280 5344 2420 5398 cuim
2450 5343 2536 5396 ille
2557 5357 2622 5397 eo
2648 5341 2788 5411 quod
2816 5356 2919 5395 non
2947 5340 3162 5402 faceret,
3195 5339 3552 5409 inobsequens
3575 5337 3704 5402 fuit,

2124 5438 2201 5493 sic
2228 5447 2281 5492 et
2321 5447 2373 5490 tu
2404 5451 2469 5491 eo
2507 5435 2646 5506 quod
2678 5451 2782 5488 non
2811 5435 2910 5489 rite
2936 5433 3119 5488 facias.
3147 5432 3231 5488 l9.
3260 5430 3432 5486 Nolite
3459 5431 3702 5484 thesauri-

2123 5547 2241 5585 zare
2275 5531 2410 5584 vobis
2437 5532 2695 5585 thesauros
2719 5529 2772 5582 in
2809 5537 2962 5582 terra.
2983 5527 3116 5595 Quia
3145 5527 3286 5581 enim
3332 5541 3481 5580 vana:
3525 5525 3707 5595 gloria:

2124 5622 2369 5676 morbum
2401 5620 2623 5691 expulit,
2655 5628 2953 5688 opportune
2995 5618 3103 5685 jam
3145 5615 3212 5671 de
3252 5616 3552 5670 divitiarum
3579 5629 3706 5668 con-

2127 5729 2325 5789 temptu
2348 5730 2648 5773 sermonem
2673 5713 2888 5768 inducit.
2906 5710 3044 5765 Nihil
3066 5711 3206 5766 enim
3231 5709 3299 5765 ita
3323 5709 3386 5766 ad
3404 5709 3704 5764 divitiarum
