4080 6138
394 279 499 334 989

391 407 639 446 amorem
671 392 936 455 concitat,
976 399 1034 446 ut
1070 393 1082 422 ‘
1117 391 1302 463 gloria:
1342 392 1636 462 cupiditas.
1666 389 1790 446 ldeo
1815 406 1970 445 nam-

387 495 497 551 que
529 495 817 537 servorum
850 496 1043 553 greges
1063 522 1077 548 ,
1107 481 1488 537 cunuchorum
1514 481 1764 552 agmina,
1798 495 1970 552 equos

378 594 543 635 aureo
593 587 784 634 ornatu
832 578 1094 649 insignes,
1145 586 1426 648 argenteas
1475 588 1710 637 mensas,
1757 573 1967 641 aliaque

378 671 546 741 magis
572 669 793 725 ridenda
819 669 1122 739 excogitant
1143 668 1388 722 homines
1407 707 1420 729 ,
1451 682 1555 720 non
1589 674 1646 719 ut
1674 664 1967 719 necessita-

379 774 485 818 tem
508 761 781 831 esplcant,
807 775 977 830 neque
995 769 1051 814 ut
1071 760 1338 829 voluptate
1360 757 1622 822 fruantur,
1651 755 1746 811 sed
1769 763 1827 809 ut
1848 757 1966 824 plu-

377 856 530 911 rimis
565 869 686 910 sese
728 861 1016 909 Ostentent.
1072 852 1328 922 Superius
1375 851 1534 921 igitur
1575 858 1776 904 tantum
1828 847 1968 903 dixit

377 945 779 1004 misericordem
807 961 928 1001 esse
957 954 1239 1015 oportere;
1265 944 1350 997 hic
1371 957 1499 997 vero
1527 941 1680 996 docet
1708 949 1965 1012 quantum

377 1041 620 1097 misereri
647 1049 889 1112 oporteat
918 1038 1000 1094 his
1025 1038 1235 1094 verbis:
1259 1034 1432 1091 Nolite
1447 1034 1802 1090 thesaurizare.
1831 1033 1966 1102 Quia

375 1135 520 1190 enim
546 1149 652 1190 non
689 1135 759 1188 ita
787 1132 940 1188 facile
965 1140 1080 1187 erat
1118 1130 1268 1186 initio
1296 1129 1598 1185 divitiarum
1631 1138 1966 1197 contemptus

376 1227 673 1283 doctrinam
718 1225 971 1280 inducere
1018 1231 1233 1294 propter
1273 1223 1378 1276 vim
1424 1220 1632 1286 morbi,
1685 1228 1964 1289 postquam

377 1319 633 1388 paulatim
659 1316 708 1371 id
739 1317 853 1370 vitii
884 1325 1188 1371 resecuerat
1217 1325 1270 1370 et
1298 1314 1364 1368 ad
1396 1315 1692 1369 libertatem
1724 1313 1966 1367 homines

378 1416 742 1472 revocaverat,
790 1407 843 1461 id
892 1407 943 1460 in
991 1415 1225 1461 mentem
1254 1405 1556 1459 auditorum
1589 1405 1860 1467 immittit,
1909 1413 1968 1458 ut

373 1500 484 1571 jam
521 1499 727 1554 facilius
756 1499 1036 1568 accipiant.
1085 1497 1371 1568 Propterea
1402 1497 1573 1567 primo
1617 1495 1788 1562 dixit,
1822 1494 1966 1548 Beati

377 1590 724 1646 misericordes
750 1588 961 1663 (Matth.
986 1590 1038 1644 5.
1064 1589 1156 1658 7);
1205 1597 1386 1659 postea
1425 1596 1600 1643 autem
1621 1629 1637 1654 ,
1688 1585 1813 1642 Esto
1841 1603 1965 1642 con-

375 1684 594 1738 sentiens
612 1683 900 1737 aduersario
915 1692 1001 1735 tuo
1030 1678 1190 1753 (Ibid.
1211 1697 1260 1735 υ.
1280 1679 1372 1735 25.
1402 1680 1518 1752 40);
1539 1679 1752 1745 deinde,
1774 1678 1832 1734 Si
1854 1679 1966 1750 quis

375 1775 587 1830 uoluerit
615 1784 776 1829 tecum
787 1773 986 1846 judicio
1011 1771 1324 1836 contendere,
1348 1781 1396 1826 et
1424 1771 1648 1824 tunicam
1684 1782 1825 1824 tuam
1863 1771 1967 1824 tol-

379 1868 483 1921 lere
503 1908 518 1932 ,
550 1867 617 1920 da
641 1867 686 1921 ei
723 1874 770 1920 et
810 1865 1058 1936 pallium;
1088 1863 1173 1919 hic
1211 1877 1341 1919 vero
1386 1863 1493 1918 illis
1517 1862 1766 1918 omnibus
1795 1861 1966 1932 majus

376 1958 649 2030 quidpiam
695 1957 870 2013 ell'ert.
916 1956 1024 2011 lllic
1051 1957 1192 2011 enim
1222 1955 1395 2019 dixit,
1426 1954 1481 2011 Si
1523 1954 1672 2010 litem
1717 1953 1966 2008 intentari

377 2052 580 2120 videas,
610 2051 712 2108 hoc
737 2051 818 2106 lac
848 2071 863 2108 :
892 2051 1082 2106 melius
1107 2050 1248 2106 cnim
1265 2058 1468 2106 estnon
1490 2049 1723 2104 retinere
1746 2057 1799 2103 et
1820 2063 1850 2102 a
1876 2037 1984 2103 lite

378 2146 630 2211 liberari,
658 2161 816 2216 quam
847 2145 1078 2200 retinere
1100 2152 1156 2201 et
1181 2143 1410 2214 litigare.
1446 2140 1543 2198 llic
1569 2156 1696 2196 vero
1723 2155 1823 2197 nec
1869 2140 1964 2195 ad-

380 2239 700 2304 versarium,
741 2253 842 2294 nec
893 2237 982 2292 lite
1034 2235 1446 2292 contendentem
1497 2248 1738 2304 ponens,
1796 2247 1968 2303 neque

378 2332 540 2386 alium
558 2331 862 2402 quempiam
885 2329 1111 2384 similem
1140 2340 1465 2391 memorans,
1487 2325 1790 2380 divitiarum
1831 2339 1964 2378 con-

381 2432 642 2494 temptum
667 2423 941 2477 dumtaxat
966 2421 1140 2484 docet,
1171 2418 1460 2475 ostendens
1486 2431 1545 2472 se
1572 2434 1676 2471 non
1709 2425 1815 2471 tam
1847 2431 1969 2486 pro-

380 2521 499 2585 pter
545 2529 640 2570 eos
689 2513 778 2584 qui
830 2528 899 2568 ex
952 2513 1176 2567 aliorum
1229 2509 1596 2566 misericordia
1640 2509 1964 2573 allevantur,

378 2621 540 2676 quam
569 2615 785 2676 propter
825 2618 918 2660 eos
944 2603 1032 2674 qui
1070 2603 1384 2672 largiuntur,
1411 2599 1507 2655 has
1538 2601 1681 2670 leges
1709 2599 1885 2655 fcrre:
1913 2607 1970 2653 ut

380 2697 592 2751 etiamsi
637 2710 795 2751 nemo
845 2694 1092 2764 injuriam
1132 2691 1354 2757 inferat,
1400 2706 1560 2747 nemo
1588 2691 1655 2746 ad
1707 2690 1966 2761 judicium

379 2787 589 2850 trahat,
621 2802 740 2857 qua:
785 2785 981 2840 adsunt
1025 2784 1162 2839 bona
1207 2791 1647 2849 contemnamus,
1678 2782 1968 2853 egenisqnc

379 2879 673 2935 tradamus.
701 2877 880 2949 Neque
901 2877 988 2932 hic
1013 2885 1180 2930 totum
1203 2873 1484 2930 confertim
1506 2873 1702 2944 posuit,
1725 2872 1816 2928 sed
1841 2888 1968 2942 pau-

380 2974 529 3030 latim
564 2989 576 3025 :
608 2973 707 3029 etsi
751 2986 877 3028 vero
905 2971 956 3026 in
983 2970 1200 3026 deserto
1243 2967 1533 3023 certamina
1566 2967 1660 3021 has
1701 2967 1844 3021 circa
1883 2979 1970 3020 res

382 3079 504 3120 cum
533 3065 582 3118 vi
616 3079 802 3134 magna
825 3061 1177 3127 exhibuisset,
1200 3067 1435 3114 attamen
1467 3058 1519 3113 id
1550 3071 1656 3111 non
1673 3055 1846 3122 alfcrt,
1877 3071 1970 3110 uc-

380 3171 487 3227 que
517 3155 570 3210 in
599 3154 833 3211 medium
860 3152 1075 3207 adducit
1107 3167 1121 3204 :
1152 3149 1385 3206 nondum
1428 3149 1570 3202 enim
1605 3156 1812 3217 tempus
1856 3156 1972 3201 erat

382 3249 499 3305 lucc
527 3249 790 3314 revelare;
819 3247 914 3302 sed
954 3244 1228 3300 ratiocinia
1260 3240 1503 3313 quaedam
1535 3241 1752 3304 excutit,
1780 3254 1970 3294 consu-

383 3341 542 3396 lentis
565 3343 744 3411 potius
764 3353 920 3408 quam
951 3335 1267 3407 lcgislatoris
1289 3347 1481 3388 munus
1496 3331 1703 3387 obiens.
1730 3331 1862 3386 Cum
1892 3331 1973 3384 di-

382 3428 550 3490 sisset
567 3433 708 3489 enim
731 3472 746 3497 ,
778 3429 951 3484 Nolite
979 3428 1324 3483 tltesaurizare
1359 3427 1410 3480 in
1432 3435 1565 3478 terra
1587 3466 1604 3492 ,
1647 3423 1918 3491 subjunxit
1954 3442 1966 3475 :

387 3524 486 3580 libi
518 3541 691 3595 crugo
729 3534 775 3577 et
803 3523 936 3577 tinea
960 3521 1250 3584 demolitur,
1285 3529 1332 3572 et
1365 3517 1451 3571 ubi
1481 3521 1620 3589 {ures
1652 3515 1896 3583 e/I'odiunt
1924 3524 1971 3568 et

387 3619 649 3688 furantur.
682 3613 835 3670 Nunc
879 3611 1114 3668 ostendit
1138 3609 1337 3666 terreni
1387 3607 1621 3664 thesauri
1653 3623 1851 3663 noxam
1873 3647 1888 3672 ,
1918 3614 1973 3661 ct

383 3706 610 3761 molestis
640 3707 958 3770 utilitatem,
1003 3713 1112 3757 tmn
1141 3717 1170 3755 a
1203 3702 1354 3768 loco,
1396 3709 1504 3754 tum
1580 3698 1650 3753 ab
1723 3697 1968 3752 adversi-

391 3796 613 3852 tatibus.
690 3795 878 3865 Neque
953 3794 1039 3849 hic
1079 3793 1298 3864 gradum
1326 3792 1485 3858 sistit,
1515 3790 1609 3847 sed
1639 3789 1782 3844 aliud
1814 3787 1971 3844 indu-

385 3889 459 3945 cit
496 3888 864 3953 ratiocinium;
907 3896 962 3942 et
991 3887 1204 3957 quidem
1239 3886 1409 3956 primo
1435 3886 1503 3940 ab
1530 3885 1667 3948 illis,
1713 3898 1832 3953 quae
1863 3897 1973 3936 ma-

385 3979 528 4034 xime
565 3978 774 4045 timent,
813 3977 1102 4033 cohortans
1129 3977 1268 4031 illos.
1298 3975 1456 4043 Quid,
1486 3975 1673 4046 inquit,
1699 3974 1885 4028 times?
1907 3989 1974 4030 ne

387 4070 720 4126 insmnantur
738 4070 976 4140 pecunia:
1003 4070 1047 4124 si
1070 4068 1282 4123 dederis
1296 4067 1720 4139 elcemosynam?
1750 4067 1820 4120 Du
1847 4081 1975 4135 ergo

385 4165 777 4235 clccmosynam
801 4203 818 4230 ,
877 4173 930 4218 et
975 4170 1100 4216 tunc
1147 4175 1252 4214 non
1292 4160 1639 4214 absmuentur
1679 4178 1692 4212 :
1727 4159 1975 4228 quodque

387 4254 561 4323 majus
588 4263 690 4319 est,
716 4271 821 4309 non
850 4252 1011 4308 modo
1032 4269 1136 4307 non
1167 4251 1536 4315 absumentur,
1573 4250 1663 4304 sed
1692 4251 1850 4305 etiam
1876 4251 1974 4306 ad-

385 4344 734 4402 ditamentum
777 4349 948 4415 majus
972 4345 1235 4414 accipient
1268 4361 1282 4398 :
1328 4343 1526 4398 etenim
1569 4345 1704 4397 huna
1743 4343 1974 4397 caelestia

385 4437 724 4507 adjicientur.
761 4438 952 4494 Verum
986 4437 1037 4493 id
1063 4437 1238 4493 adhuc
1284 4451 1389 4490 non
1435 4435 1583 4500 dicit,
1614 4435 1706 4490 scd
1735 4435 1834 4489 sub
1862 4435 1977 4490 lucc

389 4529 595 4599 adjicit.

463 4621 517 4674 3.
559 4619 764 4692 Duplici
793 4622 990 4675 ratione
1019 4620 1248 4676 Christus
1269 4620 1335 4674 ad
1357 4619 1724 4690 eleemosynaut
1745 4619 1971 4672 adducit.

393 4709 636 4765 Pecuniae
653 4727 804 4781 quam
842 4711 1040 4781 diﬁcile
1066 4721 1348 4766 servantur.
1383 4710 1533 4776 Quod
1575 4710 1748 4764 oculus
1777 4709 1978 4779 corpori

389 4814 484 4868 est,
510 4801 564 4854 id
593 4802 764 4854 animo
793 4801 1294 4856 homini—Interim
1320 4816 1445 4856 vero
1471 4802 1520 4854 id
1547 4800 1688 4870 quod
1720 4801 1838 4855 illos
1861 4815 1976 4853 ma-

390 4893 536 4948 xime
560 4891 829 4947 cohortari
867 4901 1092 4963 poterat,
1125 4892 1177 4947 in
1227 4893 1460 4948 medium
1501 4893 1735 4957 adducit,
1787 4906 1979 4961 nempe

391 4985 704 5038 thesaurum
728 4983 984 5037 intactum
1007 4983 1225 5046 servari,
1253 4993 1305 5039 et
1331 4985 1577 5052 utrinque
1599 4983 1716 5037 illos
1738 4982 1977 5036 attrahit.

389 5074 508 5129 Non
533 5075 676 5128 enim
699 5073 830 5128 dicit
852 5084 1076 5140 tantum,
1100 5073 1157 5128 Si
1186 5075 1581 5146 eleetnosynam
1636 5075 1940 5144 crogavcris
1960 5115 1975 5138 ,

390 5183 456 5221 ea
493 5175 756 5230 servatur,
813 5165 907 5221 sed
953 5165 1275 5220 contrarium
1323 5165 1720 5220 comminatur:
1760 5163 1816 5220 Si
1873 5180 1977 5218 non

394 5258 626 5336 dederis,
661 5260 800 5331 perit
826 5260 941 5314 tibi.
988 5259 1052 5313 Et
1099 5257 1218 5313 vide
1259 5257 1575 5313 inell'ahilem
1622 5257 1978 5329 prudentiam.

395 5353 512 5408 Non
539 5353 708 5416 dixit,
739 5353 873 5407 Aliis
899 5351 986 5406 illa
1017 5349 1255 5405 dimittes
1285 5368 1299 5402 :
1326 5351 1447 5420 quia
1475 5365 1618 5419 smpe
1646 5349 1774 5404 illud
1805 5349 1980 5404 homi-

400 5449 555 5504 nibus
582 5462 745 5504 suave
781 5457 891 5514 est;
923 5455 1155 5501 attamen
1185 5444 1302 5498 illos
1329 5442 1544 5498 aliunde
1588 5451 1770 5510 terret,
1799 5455 1976 5498 esten-

397 5539 532 5594 dens
561 5537 772 5593 divitias
805 5553 872 5592 ne
903 5537 1042 5591 illius
1070 5533 1282 5606 quidem
1304 5576 1317 5597 ,
1351 5533 1442 5604 qui
1503 5533 1769 5602 possidet,
1821 5549 1937 5589 esse
1964 5571 1978 5599 ,

403 5629 525 5686 licet
574 5631 717 5687 enim
766 5631 1001 5685 homines
1045 5628 1108 5682 iis
1161 5641 1265 5682 n0n
1299 5633 1561 5692 noceant,
1594 5633 1751 5681 erunt
1805 5633 1980 5681 tamn

482 5755 497 5786 ι
526 5751 636 5799 Sav.
661 5748 784 5797 Ben.
807 5743 915 5793 add.
942 5755 1092 5792 came.

1315 277 1384 331 IN
1425 275 1840 332 MAT'fllAJJM
1880 273 2108 328 llOlllh
2158 275 2271 330 XX.
2315 277 2381 331 al.
2429 277 2566 332 XXI.

3558 287 3663 341 ΨΜ

2076 393 2294 446 omnino
2321 395 2410 464 qni
2430 405 2674 462 noceant,
2705 398 2844 451 tinea
2876 398 3080 452 scilicet
3107 409 3156 454 ct
3185 414 3382 469 mrugn.
3405 403 3666 470 Quamvts

2073 498 2215 538 enim
2239 487 2391 540 vitari
2415 488 2568 542 facile
2592 503 2752 558 posse
2801 491 3045 546 videatur
3072 493 3184 546 haec
3218 495 3498 562 pernicies,
3527 505 3664 552 atta-

2074 589 2196 628 men
2217 576 2640 648 inexpugnabilis
2659 589 2760 644 est,
2791 596 2890 637 nec
2911 581 3154 651 impediri
3188 593 3380 652 potest;
3411 594 3467 640 et
3494 601 3666 656 quan-

2075 668 2269 720 tumvis
2295 670 2497 738 cogites
2523 687 2627 725 non
2659 673 2861 742 poteris
2888 672 2989 728 hoc
3009 689 3196 728 arcere
3222 675 3494 730 damnum.
3525 678 3661 746 Quid

2073 756 2268 826 igitur?
2295 775 2555 816 anrumne
2583 779 2611 815 a
2643 763 2782 818 tinea
2813 765 3203 834 corrumpitur?
3231 764 3284 820 Si
3312 782 3415 820 non
3445 782 3472 820 a
3499 770 3662 836 tinea,

2074 866 2102 902 a
2135 850 2338 906 furibus
2360 863 2503 909 certe
2528 865 2850 925 asportatur.
2873 857 3008 925 Quid
3035 859 3207 928 ergo?
3233 873 3301 911 an
3327 874 3514 914 omnes
3540 874 3664 931 spo-

2074 943 2186 998 liati
2214 959 2242 997 a
2271 943 2474 999 furibus
2501 949 2662 1001 sunt?
2687 949 2741 1003 Si
2771 964 2875 1002 non
2907 964 3116 1014 omnes,
3161 958 3215 1002 at
3247 949 3480 1017 plurimi.
3512 949 3663 1004 Ideo-

2071 1048 2174 1103 que
2198 1035 2342 1090 aliud
2367 1036 2434 1091 dc
2458 1053 2562 1108 quo
2584 1039 2693 1108 jam
2716 1039 2847 1106 dixi,
2873 1040 3075 1095 inducit
3099 1041 3435 1096 ratiocinium
3452 1041 3659 1098 dicens.

2071 1124 2162 1179 22.
2200 1125 2298 1181 Ubi
2324 1129 2590 1186 thesaurus
2612 1133 2850 1200 hominis,
2869 1134 2938 1186 ibi
2966 1143 3012 1187 et
3027 1151 3114 1188 cor
3137 1135 3265 1205 ejus.
3287 1135 3505 1192 Etiamsi
3529 1137 3662 1191 nihil

2072 1215 2266 1274 horum
2295 1221 2524 1289 accidat,
2555 1223 2744 1294 inquit,
2766 1239 2870 1278 non
2896 1239 3081 1293 parum
3111 1227 3342 1296 accipies
3367 1243 3661 1282 nocumen-

2074 1311 2134 1377 ti,
2163 1313 2206 1365 si
2241 1315 2468 1369 terrenis
2501 1315 2692 1370 afﬁxus
2717 1317 2809 1380 sis,
2844 1327 2898 1370 et
2926 1333 2989 1372 ex
3015 1317 3181 1372 libero
3207 1333 3394 1374 servus
3420 1321 3659 1387 effectus,

2070 1401 2182 1454 etsi
2205 1416 2269 1456 ex
2291 1403 2595 1458 ca-Iestibus
2618 1405 2854 1471 excidas,
2874 1406 3108 1476 nihilque
3120 1423 3182 1462 ex
3201 1409 3519 1466 sublimibus
3542 1427 3662 1480 pos-

2069 1491 2146 1546 sis
2191 1495 2446 1564 cogitare,
2477 1496 2576 1551 sed
2624 1498 2880 1567 pecunias
2914 1513 3147 1570 semper,
3180 1516 3388 1565 usuras,
3433 1503 3659 1566 fmnora.

2073 1581 2244 1650 lucra,
2267 1588 2965 1656 cauponariasilliberales:
3006 1605 3113 1660 quo
3151 1592 3275 1660 quid
3308 1593 3663 1650 miserabilius

2085 1690 2516 1753 fueritiEtenim
2549 1689 2697 1745 omni
2729 1700 2886 1743 servo
2909 1685 3160 1740 miserior
3192 1684 3297 1738 erit
3318 1684 3443 1738 talis
3475 1684 3660 1748 homo,

2082 1785 2369 1856 pessimam
2382 1781 2486 1838 sibi
2510 1779 2845 1854 tyrannidem
2861 1790 3146 1832 arcessens
3161 1777 3202 1840 ',
3231 1775 3484 1845 quodque
3507 1772 3665 1828 fune-

2082 1876 2219 1931 stius
2243 1883 2345 1935 est,
2376 1872 2610 1943 prodens
2645 1870 2883 1925 hominis
2907 1868 3242 1922 nobilitatem
3261 1873 3422 1935 atque
3442 1866 3662 1920 liberta-

2081 1973 2209 2021 tem.
2229 1963 2364 2018 Nam
2383 1971 2821 2032 quantacumque
2840 1959 2933 2013 tibi
2953 1957 3222 2019 dicantur,
3253 1955 3298 2010 si
3323 1969 3478 2009 mens
3495 1970 3661 2025 pecu-

2081 2057 2187 2112 niis
2213 2055 2366 2110 allixa
2389 2053 2572 2118 fuerit,
2591 2051 2724 2106 nihil
2744 2051 2838 2105 tibi
2861 2049 3205 2119 profuturum
3225 2046 3412 2100 audire
3429 2047 3659 2115 poteris;

2079 2149 2172 2207 sed
2187 2146 2644 2219 quemadmodum
2665 2143 2817 2198 canis
2836 2142 2888 2196 in
2915 2141 3126 2195 tumulo
3161 2140 3378 2210 ligatus,
3399 2137 3660 2207 pecunia-

2079 2257 2200 2298 rum
2219 2239 2504 2312 tyrannide
2521 2238 2738 2309 gravius
2759 2251 2919 2305 qnam
2941 2243 3128 2288 catena
3155 2232 3406 2301 quapiam
3424 2229 3662 2284 constri-

2079 2343 2223 2398 ctus,
2246 2339 2433 2386 contra
2452 2328 2713 2382 adeuntes
2739 2337 2788 2380 te
2813 2340 3004 2378 omnes
3023 2321 3342 2384 oblatrahis,
3377 2320 3482 2373 hoc
3495 2335 3659 2372 unum

2075 2430 2336 2496 perpetuo
2353 2434 2491 2490 opus
2507 2432 2836 2486 exsequens,
2855 2424 2914 2469 ut
2929 2413 3171 2483 deposita
3191 2426 3479 2466 conserves
3501 2409 3622 2464 aliis
3643 2424 3655 2459 :

2074 2529 2185 2584 quo
2202 2511 2330 2583 quid
2351 2524 2590 2579 unquam
2611 2507 2867 2562 miserius
2887 2505 3094 2559 luerit?
3120 2504 3372 2557 Attamen
3398 2502 3525 2572 quia
3556 2501 3658 2556 hoc

2075 2604 2361 2661 sublimius
2375 2610 2514 2667 erat,
2537 2614 2699 2670 quam
2726 2597 3306 2669 utpossetauditorum
3325 2609 3477 2648 mens
3494 2593 3659 2646 attin-

2072 2709 2218 2767 gere;
2239 2707 2412 2762 ncque
2427 2691 2550 2745 inde
2563 2697 2740 2744 ortum
2757 2689 3016 2743 damnum
3035 2702 3063 2740 a
3081 2685 3266 2739 multis
3280 2683 3437 2738 facile
3453 2689 3662 2752 poterat

2076 2785 2327 2856 intelligi,
2366 2782 2770 2852 nequclucrum
2796 2795 2860 2835 ex
2888 2787 3202 2847 contemptu
3224 2785 3403 2830 ortum
3429 2774 3656 2844 percipi,

2073 2877 2168 2932 sed
2213 2875 2551 2945 philosophia
2573 2887 2712 2942 opus
2731 2879 2848 2926 erat
2873 2878 2930 2923 ut
2968 2869 3071 2922 hoc
3109 2875 3404 2936 utrumque
3424 2864 3656 2934 pet-spiti

2072 2971 2260 3034 posset
2281 2980 2294 3016 :
2316 2962 2418 3016 hoc
2433 2970 2554 3031 post
2575 2961 2661 3014 illa
2699 2959 3074 3013 manifestiora
3093 2957 3275 3025 posuit
3306 2956 3496 3011 dicens
3520 2975 3532 3008 :
3559 2953 3658 3006 Ubi

2071 3061 2149 3105 est
2178 3049 2455 3102 thesaurus
2473 3047 2721 3112 hominis,
2739 3042 2812 3099 ibi
2826 3053 2902 3098 est
2917 3054 2962 3098 et
2979 3060 3070 3097 cor
3081 3043 3212 3110 ejus.
3234 3041 3366 3095 Illud
3382 3041 3543 3095 etiam
3560 3056 3657 3110 pn-

2073 3160 2187 3206 stea
2215 3151 2411 3205 clarius
2439 3150 2602 3205 cllieit
2659 3165 2687 3202 a
2727 3148 3094 3220 spiritualihus
3123 3149 3188 3203 ad
3234 3150 3504 3203 sensibilia
3549 3164 3662 3203 scr-

2075 3259 2292 3299 monent
2317 3242 2600 3298 traducens
2644 3242 2727 3296 his
2771 3243 2949 3296 verbis
2981 3240 3108 3296 :29.
3159 3241 3391 3296 Lucerna
3439 3244 3664 3311 corporis

2076 3336 2150 3389 tui
2178 3344 2249 3389 est
2275 3335 2454 3388 oculus
2473 3345 2606 3387 tuus.
2636 3333 2788 3400 Quod
2815 3343 2991 3388 autem
3017 3334 3165 3399 dicit,
3200 3334 3504 3404 hujusmodi
3533 3345 3616 3389 est
3645 3352 3660 3389 :

2075 3425 2153 3481 Ne
2182 3425 2422 3480 defodias
2471 3440 2658 3480 aurmn
2690 3424 2741 3480 in
2791 3433 2953 3490 terra,
3002 3439 3099 3478 nec
3125 3424 3398 3495 quidpiam
3449 3427 3660 3480 simile:

2075 3533 2198 3573 nam
2231 3519 2406 3586 tinem,
2425 3519 2646 3588 :erugini
2669 3527 2721 3571 et
2754 3516 2958 3571 furibus
2980 3517 3095 3572 haec
3110 3532 3422 3588 congregas.
3445 3517 3662 3573 Etiamsi

2076 3626 2205 3666 vero
2236 3609 2351 3665 hate
2395 3609 2590 3664 damna
2620 3609 2906 3680 eli‘ugeris,
2962 3609 3013 3662 id
3059 3616 3237 3663 tamen
3282 3623 3388 3663 non
3419 3610 3662 3680 effugies,

2076 3692 2338 3774 quod'cor
2368 3712 2514 3758 tuum
2548 3704 2599 3758 in
2642 3705 2952 3759 servitutem
2986 3703 3278 3775 redigatur,
3336 3711 3391 3758 et
3441 3705 3666 3760 terrenis

2079 3796 2326 3868 inligatur
2354 3814 2365 3849 :
2394 3796 2494 3852 Ubi
2521 3797 2650 3851 enim
2685 3799 2833 3868 fuerit
2855 3799 3118 3851 thesaurus
3136 3808 3274 3863 tuus,
3301 3797 3370 3851 ibi
3395 3799 3486 3852 erit
3513 3809 3557 3851 et
3579 3814 3667 3850 ror

2079 3897 2240 3942 tuum.
2274 3887 2328 3942 Si
2357 3903 2517 3955 porro
2541 3888 2592 3942 in
2619 3889 2750 3943 caelo
2775 3889 3031 3957 deponas,
3065 3904 3169 3942 non
3206 3889 3346 3942 hunc
3372 3889 3530 3943 modo
3561 3892 3668 3942 fru-

2078 3991 2220 4035 ctum
2247 3981 2500 4050 percipis,
2530 3983 2670 4051 quod
2696 3982 2908 4050 praemia
2935 3998 3030 4050 pro
3050 3981 3133 4036 his
3158 3993 3338 4051 parata
3371 3998 3669 4051 coiisequa-

2079 4073 2173 4136 ris;
2197 4088 2380 4126 verum
2410 4073 2611 4139 hicjatn
2636 4071 2937 4126 mercedem
2954 4071 3175 4140 accipis,
3209 4071 3349 4140 quod
3378 4073 3468 4125 illo
3497 4081 3667 4126 trans-

2081 4163 2220 4217 latus
2266 4165 2362 4224 sis,
2401 4163 2543 4234 quod
2591 4163 2826 4217 carlcstia
2876 4163 3050 4234 sapias
3090 4173 3144 4217 et
3173 4161 3239 4217 de
3269 4163 3376 4217 illis
3407 4165 3671 4219 sollicitus

2081 4255 2156 4310 sis
2186 4277 2199 4311 :
2233 4255 2405 4325 palam
2442 4256 2580 4310 enim
2613 4265 2691 4309 est
2723 4264 2774 4309 te
2807 4255 2898 4309 illo
2927 4255 3162 4308 animum
3195 4255 3551 4322 transtulisse,
3579 4256 3665 4308 uhi

2083 4351 2389 4402 thesaurum
2407 4347 2720 4418 deposuisti.
2740 4346 3006 4402 Caeterum
3029 4348 3072 4402 si
3092 4350 3142 4402 in
3172 4357 3309 4403 terra
3334 4347 3666 4419 deposncris,

2081 4441 2346 4493 contraria
2376 4440 2694 4508 experieris.
2741 4439 2893 4508 Quod
2925 4440 2969 4493 si
3006 4439 3096 4494 tibi
3127 4439 3236 4509 jam
3267 4440 3407 4494 dicta
3443 4440 3668 4494 obscura

2081 4532 2208 4597 sint,
2241 4531 2363 4586 audi
2390 4535 2689 4602 sequentia.
2722 4532 2956 4586 Lucerna
2998 4533 3226 4603 corporis
3266 4533 3338 4586 tui
3380 4543 3449 4586 est
3471 4533 3667 4586 oculus.

2084 4626 2145 4680 Si
2173 4626 2328 4696 igitur
2355 4627 2532 4680 oculus
2552 4635 2668 4680 tuus
2702 4626 2917 4697 simplex
2943 4626 3116 4696 fuerit,
3145 4635 3303 4679 totum
3321 4641 3503 4695 corpus
3527 4637 3669 4678 tuum

2087 4718 2314 4773 lucidum
2337 4719 2463 4780 erit;
2494 4718 2584 4773 ‘20.
2614 4719 2658 4772 si
2686 4735 2798 4772 vero
2824 4719 2999 4772 oculus
3026 4728 3138 4771 tuus
3165 4719 3314 4787 fuerit
3337 4735 3566 4788 nequam,
3591 4728 3669 4770 to-

2085 4820 2191 4864 tum
2221 4828 2403 4881 corpus
2427 4822 2564 4865 tuum
2588 4812 2901 4865 tenebrosum
2924 4814 3036 4864 erit.
3069 4811 3128 4864 Si
3167 4827 3284 4880 ergo
3311 4811 3497 4876 lumen,
3538 4813 3671 4883 quod

2083 4902 2137 4957 in
2167 4911 2215 4957 le
2238 4912 2332 4968 est,
2360 4903 2574 4957 tenebris
2590 4902 2708 4964 sint,
2738 4903 2864 4970 ipsa?
2883 4901 3096 4955 tenebra:
3139 4912 3342 4971 quanta:
3378 4905 3562 4957 erunt?
3590 4904 3670 4958 Ad

2085 4995 2253 5064 magis
2309 4995 2524 5048 sensilia
2571 5007 2875 5048 sermonem
2933 4993 3168 5048 deducit.
3219 4993 3351 5062 Quia
3406 4995 3549 5048 enim
3606 4993 3671 5048 de

2085 5094 2268 5140 mente
2307 5085 2415 5154 jam
2469 5085 2716 5154 loquutus
2764 5093 2909 5149 erat,
2950 5094 3007 5139 ut
3054 5084 3105 5138 in
3159 5086 3468 5140 servitutem
3514 5084 3670 5140 reda-

2085 5189 2170 5232 cta
2200 5186 2253 5232 et
2281 5176 2508 5244 captiva,
2541 5176 2592 5231 id
2636 5175 2777 5246 quod
2822 5191 2853 5230 a
2893 5177 3072 5232 multis
3117 5193 3222 5232 non
3261 5177 3415 5232 facile
3467 5186 3668 5244 poterat

2087 5269 2333 5338 intelligi,
2363 5266 2428 5323 ad
2499 5279 2718 5323 externa
2763 5277 2828 5326 et.
2858 5270 3027 5325 oculis
3079 5271 3315 5339 subjecta
3367 5279 3670 5321 sermonem

2091 5360 2361 5426 transfert,
2391 5360 2527 5414 utab
2549 5360 2632 5415 his
2652 5361 2738 5414 illa
2757 5360 3052 5434 intelligere
3078 5368 3316 5432 possent.
3338 5357 3470 5413 Nam
3499 5358 3540 5410 si
3567 5371 3668 5410 non

2095 5713 2106 5722 .
2162 5657 2194 5726 ιι
2210 5653 2534 5726 \fidesis'qnae
2555 5655 2604 5707 in
2625 5659 2762 5726 hunc
2791 5661 2951 5710 locum
2975 5657 3196 5720 disputat
3221 5655 3509 5710 Fridericus
3531 5661 3671 5716 Πειὸ

2094 5717 2142 5763 in
2171 5717 2582 5770 Aduotationibus
2605 5719 2728 5772 suis.
