4080 6138
426 277 495 330 ‘2‘.)
507 277 524 329 i

429 390 590 452 nosti,
624 387 943 460 inquit,quid
973 383 1249 441 sitmentis
1262 383 1535 448 damnum,
1564 397 1594 435 a
1616 379 1890 450 corporeis
1912 377 2012 434 hoc

428 485 610 538 edisce
644 499 657 535 :
691 482 834 551 quod
866 481 1008 535 enim
1037 479 1226 533 oculus
1257 487 1340 532 est
1366 476 1598 546 corpori,
1629 474 1732 528 hoc
1758 488 1908 527 mens
1931 479 2014 526 est

427 576 640 629 animm.
677 572 1135 642 Quemadmodum
1179 570 1321 625 enim
1365 582 1653 636 numquam
1685 573 1836 635 optes
1878 578 2010 617 auro

427 667 625 729 ornari,
655 677 710 720 ct
756 664 942 719 sericis
972 663 1114 718 indui
1154 662 1424 727 vestibus,
1451 659 1716 728 simulque
1749 657 2010 712 excaecari

426 758 619 819 oculis,
653 757 745 810 sed
777 756 964 810 horum
995 753 1413 809 incolumitatem
1461 753 1556 806 toti
1586 750 1887 820 hujusmodi
1916 765 2008 820 ap-

430 848 633 916 paralui
665 845 1091 915 anteponendam
1121 844 1437 898 existimes:
1474 858 1595 896 nam
1626 843 1670 897 si
1694 842 1864 896 visum
1896 856 2009 911 pcr-

425 939 543 1005 das,
561 940 686 992 nihil
707 939 794 992 libi
812 939 1012 1008 reliqua
1031 939 1132 989 vita
1151 934 1366 1004 prodest
1395 935 1552 1007 (sicut
1566 935 1705 988 enim
1728 935 2006 988 cxctccatis

424 1035 944 1103 oculis,reliquorum
975 1031 1082 1086 fere
1113 1029 1471 1084 membrorum
1493 1027 2000 1099 operatioabscedit,

423 1129 679 1181 exstincta
713 1127 830 1179 luce
862 1141 875 1177 :
907 1125 984 1177 sic
1016 1133 1264 1193 corrupta
1299 1122 1464 1176 semel
1506 1129 1682 1175 mente
1714 1120 2005 1174 innumeris

422 1222 526 1273 vita
557 1219 708 1274 malis
727 1216 1057 1288 replebitur):
1084 1216 1528 1288 quemadmodum
1555 1230 1683 1284 ergo
1707 1215 1756 1268 in
1779 1228 2004 1282 corpore

423 1311 524 1364 hoc
551 1326 821 1373 curamus,
847 1319 903 1362 ut
933 1309 1122 1364 oculus
1161 1309 1229 1363 sit
1275 1322 1466 1373 saims,
1501 1307 1576 1361 sic
1602 1307 1669 1360 de
1701 1305 1891 1359 tuentis
1916 1320 2004 1358 sa—

419 1403 584 1456 nitate
625 1401 937 1457 curandum.
973 1401 1027 1455 Si
1074 1401 1210 1454 hanc
1247 1412 1574 1453 exmeccmus
1607 1413 1726 1466 qua).
1758 1397 1878 1450 aliis
1917 1397 2002 1450 lu-

418 1508 534 1546 cem
566 1493 869 1547 ministrare
895 1491 1074 1555 debet,
1111 1490 1248 1544 unde
1270 1491 1378 1559 jam
1407 1490 1643 1558 aSpicere
1673 1488 2001 1558 poterimus?

416 1587 565 1640 Sicut
590 1587 731 1640 enim
759 1587 846 1653 qui
877 1585 1075 1639 fontem
1108 1585 1314 1646 aufert,
1361 1582 1575 1636 fluvium
1615 1585 1890 1637 exsiccat:
1923 1582 2002 1636 sic

417 1681 508 1750 qui
539 1691 768 1734 mentem
799 1680 992 1743 obruit,
1027 1693 1215 1731 omnes
1241 1679 1356 1744 ejus
1385 1677 1436 1729 in
1470 1675 1566 1730 hac
1599 1677 1701 1730 vita
1727 1675 1997 1743 operatio-

417 1785 513 1826 ncs
553 1772 875 1826 obscuravit.
912 1771 1034 1825 Ideo
1079 1771 1168 1832 ait,
1223 1769 1283 1823 Si
1325 1771 1512 1830 (unica,
1546 1769 1679 1835 quod
1718 1769 1768 1820 in
1811 1779 1856 1820 te
1903 1773 1995 1832 est,

417 1863 630 1918 tenebra:
672 1864 790 1927 sint,
837 1863 963 1932 ipsis
992 1862 1208 1916 teneone
1230 1871 1434 1931 qumth
1451 1863 1477 1914 .9
1505 1861 1634 1914 Nam
1657 1875 1775 1914 cunt
1802 1861 1997 1930 guber-

417 1964 574 2008 nator
601 1955 979 2023 sulnncrgitur,
1021 1961 1074 2005 et
1113 1953 1330 2006 lucerna
1375 1951 1750 2020 exstinguitur,
1798 1959 1854 2005 et
1889 1949 1996 2004 dux

413 2049 640 2116 Capitur,
671 2062 788 2116 quae
819 2061 941 2116 spes
973 2054 1152 2115 postea
1181 2043 1442 2098 subditis?

484 2141 534 2192 ὁ.
575 2138 940 2209 Propugnalur
966 2121 1251 2190 divitiarum
1275 2136 1544 2206 cupiditas.
1579 2135 1688 2200 Quo
1724 2144 1871 2207 pacto
1909 2135 1993 2189 di-

411 2233 544 2284 vitia:
589 2236 806 2302 fructum
845 2230 1064 2300 pariant.
1091 2260 1150 2271 —
1186 2230 1526 2298 Quapropter
1569 2229 1746 2282 missis
1787 2227 1993 2282 insidiis

414 2339 510 2392 per
563 2324 772 2378 divitias
808 2321 1043 2386 structis,
1085 2323 1294 2394 pugnis,
1333 2321 1516 2376 litibus
1555 2322 1690 2392 (luce
1727 2320 1867 2373 enim
1905 2337 1992 2376 su-

414 2415 594 2481 perius
654 2413 1010 2466 subindicavit
1055 2413 1240 2465 dicens
1287 2431 1300 2465 :
1352 2411 1537 2464 ’l‘rudet
1584 2424 1630 2464 te
1679 2411 1995 2466 adversarius

410 2505 594 2578 jndici,
623 2514 668 2560 et
687 2505 852 2576 judea:
877 2505 1102 2558 ministro
1127 2502 1337 2576 [Matt/1.
1371 2506 1424 2558 5.
1456 2503 1594 2575 25]),
1629 2503 1710 2557 his
1747 2504 1995 2558 munibus

411 2599 634 2652 saeviora
659 2597 932 2666 proferens
952 2636 966 2661 ,
991 2598 1069 2651 sic
1091 2597 1305 2651 abducit
1330 2612 1358 2650 a
1381 2596 1518 2650 mala
1542 2596 1990 2664 concupiscentia.

411 2688 622 2743 Etenim
654 2689 813 2758 longe
849 2687 1088 2742 deterius
1122 2697 1204 2742 est
1241 2700 1472 2742 mentem
1507 2687 1628 2741 huic
1656 2689 1841 2742 morbo
1869 2688 1994 2743 sub-

407 2777 496 2848 jici
521 2820 535 2843 ,
566 2794 723 2848 quam
748 2780 798 2831 in
823 2793 1038 2833 carcere
1059 2777 1251 2845 degere
1276 2795 1288 2830 :
1317 2787 1370 2832 et
1394 2779 1616 2832 altermn
1648 2779 1860 2847 quidem
1885 2795 1991 2834 non

410 2884 625 2939 semper
656 2869 882 2933 accidit,
917 2869 1140 2922 alterum
1186 2883 1313 2922 vero
1349 2878 1668 2938 estsemper
1691 2885 1810 2923 cum
1834 2885 1993 2938 pecu-

409 2959 617 3015 niarum
650 2960 944 3029 cupiditate
972 2959 1330 3030 conjunctum.
1358 2961 1714 3027 Quamobrem
1750 2961 1847 3016 hoc
1873 2970 1993 3032 post

409 3053 537 3107 illud
587 3055 769 3123 ponit,
803 3062 984 3123 utpote
1013 3054 1226 3123 gravius
1269 3064 1323 3107 ct
1367 3053 1589 3107 omnino
1630 3055 1988 3122 subsequens.

407 3148 536 3202 Nam
581 3149 756 3210 Deus,
807 3146 995 3217 inquit,
1040 3157 1269 3203 mentem
1313 3146 1466 3200 nobis
1499 3146 1719 3212 indidit,
1749 3157 1805 3200 ut
1838 3148 1988 3217 igno-

405 3244 631 3296 rantiam
661 3243 1020 3310 dissipctnus,
1069 3250 1124 3296 et
1167 3256 1342 3295 rerum
1378 3241 1636 3309 judicium
1673 3251 1874 3294 rectum
1905 3249 1988 3294 te-

408 3353 661 3402 neamus,
705 3345 863 3406 atque
893 3343 1078 3390 contra
1105 3335 1283 3390 omnia
1313 3335 1537 3389 molesta
1576 3334 1839 3405 noxiaquc
1887 3333 1989 3389 hoc

403 3430 551 3496 quasi
579 3429 688 3482 telo
715 3437 767 3482 et
797 3429 996 3482 lumine
1027 3436 1268 3490 utentes,
1303 3427 1353 3480 in
1386 3435 1499 3480 tuto
1528 3442 1858 3481 maneamus.
1881 3426 1988 3481 Nos

404 3536 531 3574 vero
553 3521 752 3574 donum
785 3519 884 3575 hoc
917 3519 1192 3588 prodimus
1221 3519 1291 3572 ob
1319 3518 1560 3587 qua‘dam
1595 3532 1986 3587 supervacanea

403 3623 456 3666 et
490 3613 716 3665 inutilia.
760 3611 896 3678 Quid
938 3611 1079 3664 enim
1113 3627 1246 3680 opus
1278 3611 1540 3665 militibus
1579 3626 1709 3664 auro
1748 3612 1984 3676 onustis,

404 3703 617 3772 quando
651 3703 754 3756 dux
781 3702 1024 3772 captivus
1049 3711 1134 3756 est
1159 3702 1215 3753 "3
1243 3702 1382 3770 quod
1414 3702 1619 3756 lucrum
1657 3719 1721 3756 cx
1757 3704 1988 3757 ornatis-

404 3798 539 3849 sima
590 3797 747 3860 navi,
786 3794 998 3865 quando
1031 3795 1354 3866 gubernator
1377 3795 1686 3850 submersus
1714 3795 1834 3850 est?
1862 3795 1986 3865 quid

404 3891 522 3960 plus
564 3889 759 3942 habeas
803 3904 1028 3956 corpore
1073 3898 1218 3944 recte
1261 3890 1581 3954 constituto,
1615 3891 1658 3944 si
1699 3888 1842 3944 oculi
1882 3890 1990 3944 sint

402 3983 706 4038 exczecati?
748 3983 1209 4050 Quemadmodum
1267 3984 1424 4054 igitur
1467 3983 1769 4052 medicum,
1829 3999 1986 4055 quem

403 4075 539 4130 bene
583 4076 757 4130 valere
797 4084 1029 4147 oportet,
1073 4085 1132 4129 ut
1176 4076 1404 4130 aliorum
1451 4086 1604 4132 curet
1647 4078 1899 4144 morbos,
1941 4079 1986 4133 si

400 4174 521 4240 quis
553 4171 602 4224 in
629 4171 874 4225 morbum
895 4169 1164 4239 conjiciat,
1191 4179 1242 4224 et
1272 4169 1322 4223 in
1349 4178 1605 4240 argenteo
1627 4171 1766 4225 lecto
1793 4184 1985 4225 aureo-

401 4279 504 4333 que
533 4263 767 4317 thalamo
799 4263 980 4330 jacere
1016 4262 1232 4331 juhcat,
1280 4275 1500 4331 prorsus
1545 4262 1784 4316 inutilem
1831 4262 1987 4332 aegris

402 4355 615 4410 reddit:
650 4355 728 4408 sic
774 4356 818 4408 si
875 4364 1152 4424 postquam
1197 4366 1432 4409 mentem
1476 4356 1816 4425 corruperis,
1867 4372 1987 4426 qua:

401 4447 564 4502 animi
603 4445 806 4500 morbis
847 4445 1049 4500 mederi
1088 4447 1292 4514 possit,
1324 4447 1574 4500 thesauro
1604 4447 1842 4503 assidere
1866 4462 1986 4502 eam

400 4541 672 4595 curaveris
699 4583 712 4606 ,
746 4554 852 4593 non
891 4538 1050 4593 modo
1076 4537 1203 4591 nihil
1233 4539 1372 4592 illam
1401 4539 1595 4608 juvasti
1621 4580 1635 4602 ,
1669 4540 1762 4594 sed
1789 4539 1987 4594 damno

400 4631 624 4686 all‘ccisti
648 4674 660 4698 ,
711 4640 764 4686 et
808 4631 902 4684 toti
943 4630 1138 4684 anima:
1171 4639 1273 4683 tua:
1302 4630 1551 4684 nocuisti.
1577 4629 1824 4685 Vidistin’
1853 4646 1989 4700 quo-

401 4724 560 4776 modo
591 4740 686 4792 per
709 4738 831 4793 qua:
873 4721 1118 4776 homines
1144 4721 1208 4775 ad
1241 4722 1530 4792 nequitiam
1559 4723 1753 4792 ubique
1778 4723 1988 4792 cupidi-

404 4825 512 4868 tate
545 4814 809 4881 feruntur,
842 4831 937 4882 per
964 4815 1081 4869 haec
1113 4815 1344 4870 maxime
1375 4814 1443 4869 ab
1470 4815 1558 4870 illa
1589 4814 1898 4878 abstrahat,
1933 4824 1988 4869 et.

402 4909 467 4962 ad
503 4908 748 4960 virtutem
797 4908 1052 4962 reducat?
1095 4909 1232 4973 Cur,
1283 4909 1468 4978 inquit,
1504 4909 1755 4978 pecunias
1789 4923 1989 4963 concu-

402 5000 602 5072 piscis?
653 5017 829 5054 nnnne
877 5010 936 5054 ut
979 5003 1248 5070 voluptate
1295 5001 1606 5072 deliciisque
1655 5000 1882 5056 fruaris?
1931 4999 1986 5054 ld

400 5102 549 5148 certe
583 5093 674 5145 tibi
709 5107 811 5144 non
837 5093 957 5145 inde
986 5095 1298 5161 proveniet,
1339 5095 1430 5148 sed
1458 5094 1786 5148 contrarium
1818 5108 1986 5162 pror—

401 5204 514 5243 sus.
559 5185 1014 5254 Quemadmodum
1045 5186 1186 5239 enim
1226 5187 1396 5241 oculis
1434 5188 1634 5242 avulsis
1663 5186 1792 5240 nihil
1827 5201 1989 5240 suave

399 5295 562 5336 sensu
597 5277 936 5346 rcrcipimus,
968 5277 1036 5329 ob
1064 5275 1365 5346 hujusmodi
1394 5278 1750 5331 calamitatem
1778 5295 1790 5328 :
1822 5276 1988 5330 multo

397 5371 572 5442 magis
598 5370 651 5423 in
681 5369 874 5424 mentis
900 5369 1179 5424 eversione
1209 5377 1264 5425 et
1292 5371 1529 5425 catcitate
1554 5370 1671 5425 haec
1702 5368 1981 5440 patiemur.

399 5465 512 5532 Qua
555 5463 622 5518 de
663 5477 822 5516 causa
854 5461 1061 5518 defodis
1092 5463 1144 5516 in
1179 5463 1418 5518 terram?
1469 5472 1526 5518 ut
1564 5471 1677 5517 tuto
1702 5464 1987 5518 servetur?

327 5599 338 5612 ,
407 5553 601 5607 Verum
646 5553 731 5608 hic
766 5556 924 5609 etiam
956 5555 1280 5608 contrarium
1326 5553 1562 5621 accidet,
1610 5554 1797 5624 inquit.
1843 5554 1988 5609 Sicut

469 5713 486 5744 ¹
525 5711 636 5775 Alii,
660 5717 850 5780 quando
873 5717 978 5769 dua:
1001 5717 1214 5783 captivus
1237 5715 1463 5768 (ra/titur.

1137 268 1193 324 S.
1233 265 1514 324 .IOANNIS
1541 261 2017 320 CHRYSOSTOMI
2058 261 2376 319 AliCHtEP.
2419 265 2955 324 CONSTANTINOP.

3600 275 3705 332 ΞΩ]

2122 395 2264 433 enun
2311 395 2435 438 eum
2474 385 2564 452 qui
2612 395 2829 455 propter
2859 403 3046 441 vanam
3091 389 3314 458 gloriam
3359 391 3586 462 jejunat,
3615 395 3704 448 dat

2120 473 2512 546 eleemosynam
2533 518 2548 541 ,
2592 488 2646 532 et
2695 489 2962 547 precatur,
2986 481 3053 536 ab
3080 482 3144 536 iis
3175 482 3303 552 ipsis
3329 499 3448 554 qua:
3474 487 3706 544 maxime

2118 569 2292 636 cupit,
2327 585 2358 623 a
2387 586 2520 624 vana
2559 572 2725 642 gloria
2771 576 2994 629 retraxit
3039 576 3185 643 (nam
3231 593 3346 645 cur,
3381 579 3586 650 inquit,
3632 594 3702 639 tta

2118 661 2352 728 precaris
2371 702 2387 727 ,
2415 671 2467 716 et
2489 662 2584 717 das
2611 665 3044 737 elcemosynam?
3073 683 3248 723 annon
3274 672 3394 740 quia
3426 671 3702 729 hominum

2115 752 2336 822 gloriam
2381 753 2595 823 diligis?
2640 757 2746 809 noli
2793 772 2921 826 ergo
2961 759 3037 813 sic
3071 775 3261 826 orare,
3306 771 3356 815 et
3399 773 3524 817 tunc
3555 764 3698 819 illam

2113 845 2494 914 consequeris,
2537 846 2590 900 in
2636 847 2813 901 futuro
2857 866 3049 920 nempe
3083 851 3240 925 die):
3273 854 3352 908 sic
3377 865 3431 910 et
3461 859 3699 925 pecunia:

2112 937 2382 1006 cupidum,
2415 954 2511 1008 per
2534 954 2594 995 ea
2622 941 2810 1011 quibus
2839 945 3067 1000 maxime
3089 947 3355 1014 studebat,
3388 965 3484 1019 per
3507 953 3696 1008 eadem

2112 1043 2165 1088 et
2196 1033 2358 1102 Ct‘pit.
2387 1033 2522 1099 Quid
2553 1033 2653 1097 vls,
2681 1032 2852 1100 inquit
2880 1052 2893 1086 :
2922 1043 2982 1087 ut
3010 1033 3248 1101 pecunia:
3279 1036 3371 1089 tibi
3405 1049 3696 1095 serventur

2111 1134 2165 1176 et
2200 1125 2473 1191 voluptate
2511 1123 2790 1178 fruaris‘?
2824 1122 2949 1178 Haec
2986 1127 3144 1178 ambo
3179 1125 3272 1180 tibi
3311 1129 3689 1196 copiosissime
3737 1166 3742 1171 -

2111 1217 2382 1286 praebebo,
2414 1217 2458 1271 si
2493 1217 2600 1270 illic
2633 1216 2874 1284 deponas
2903 1233 3115 1282 aurum,
3150 1219 3236 1272 ubi
3265 1220 3490 1288 jobebo.
3519 1224 3694 1289 Aper-

2111 1307 2216 1360 tius
2246 1318 2425 1360 autem
2459 1307 2512 1361 in
2545 1308 2896 1376 sequentibus
2927 1309 3180 1362 damnum
3212 1309 3338 1364 inde
3371 1314 3536 1366 tuenti
3569 1315 3688 1368 illa—

2109 1404 2219 1448 tum
2249 1396 2504 1462 ostendit,
2535 1411 2657 1450 cum
2686 1397 2966 1466 spinarum
2999 1400 3324 1455 mentionem
3358 1401 3514 1467 fecit;
3551 1403 3688 1456 inte-

2108 1487 2207 1540 rim
2235 1503 2363 1542 vero
2394 1489 2622 1557 idipsum
2659 1489 2746 1543 hic
2775 1505 2878 1544 non
2909 1489 3274 1560 perfunctorie
3297 1494 3681 1562 subindicavit,

2106 1593 2226 1631 cum
2257 1581 2496 1634 ostendit
2523 1581 2934 1636 obtenebratum
2965 1598 3085 1639 esse
3113 1599 3236 1639 eum
3267 1586 3359 1654 qui
3391 1587 3536 1640 circa
3568 1589 3683 1642 haec

2105 1669 2328 1724 fureret.
2366 1672 2444 1726 Ac
2481 1673 2933 1741 quemadmodum
2975 1673 3010 1728 ii
3049 1675 3137 1744 qui
3181 1677 3234 1730 in
3274 1678 3514 1732 tenebris
3553 1689 3683 1734 sunt

2106 1761 2238 1815 nihil
2264 1761 2407 1815 clare
2433 1764 2631 1828 vident,
2659 1765 2752 1818 sed
2780 1765 2825 1819 si
2855 1764 3037 1820 funem
3061 1766 3312 1832 viderint,
3342 1778 3534 1838 putant
3559 1784 3684 1824 esse

2103 1863 2437 1922 serpentem,
2465 1855 2510 1907 si
2547 1865 2753 1909 montes
2785 1865 2840 1909 et
2874 1856 3059 1924 valles,
3092 1873 3291 1927 pavore
3323 1863 3632 1916 moriuntur
3662 1880 3675 1918 :

2102 1946 2183 2001 sic
2209 1955 2263 2000 et
2293 1946 2380 2000 isti
2411 1961 2531 2015 quae
2559 1946 2864 2002 videntibus
2892 1947 3246 2004 formidabilia
3279 1967 3383 2007 non
3414 1964 3558 2019 sunt,
3589 1972 3679 2009 su-

2102 2045 2285 2107 specta
2317 2037 2513 2092 habent
2541 2056 2554 2092 :
2581 2053 2702 2092 nam
2735 2048 3101 2107 paupertatem
3133 2051 3408 2110 metuunt;
3438 2044 3545 2098 imo
3572 2062 3678 2099 non

2102 2137 2472 2197 paupertatem
2512 2137 2752 2191 tantum,
2787 2129 2882 2182 sed
2918 2129 2998 2183 vel
3034 2129 3150 2185 leve
3185 2133 3472 2202 quodpiam
3508 2135 3680 2188 detri-

2101 2227 2362 2275 mentum.
2393 2219 2601 2274 Etenim
2633 2220 2680 2274 si
2711 2220 2978 2274 modicum
3011 2221 3139 2290 quid
3169 2223 3472 2287 amiserint,
3507 2228 3677 2294 magis

2095 2311 2280 2382 lugent
2324 2327 2387 2367 ac
2430 2315 2742 2368 cruciantur
2778 2328 2940 2382 quant
2987 2315 3021 2369 ii
3069 2316 3157 2384 qui
3207 2319 3513 2372 necessario
3554 2320 3679 2374 cibo

2096 2415 2275 2474 egent.
2309 2403 2452 2458 Multi
2492 2414 2642 2460 certe
2673 2419 2740 2460 ex
2777 2405 3082 2473 huiusmodi
3118 2409 3394 2474 divitibus,
3430 2409 3535 2464 tale
3567 2426 3674 2465 non

2095 2494 2332 2550 ferentes
2359 2495 2735 2563 infortunium,
2761 2499 2825 2553 ad
2855 2497 3101 2566 laqueum
3131 2513 3506 2556 accurreruut.
3531 2501 3676 2556 Con-

2098 2588 2327 2642 tumelias
2352 2600 2531 2644 autem
2558 2598 2612 2643 et
2639 2589 2836 2643 damna
2863 2590 2937 2644 ita
2966 2590 3070 2646 illis
3097 2591 3458 2648 intolerabilia
3485 2595 3678 2650 viden-

2099 2687 2204 2741 tur,
2241 2687 2298 2732 ut
2328 2693 2390 2733 ea
2426 2680 2492 2733 de
2524 2693 2690 2734 causa
2727 2681 2854 2734 item
2892 2681 3047 2735 multi
3081 2699 3147 2738 ex
3187 2683 3289 2738 hac
3321 2685 3430 2738 vita
3464 2686 3675 2754 abrepti

2098 2771 2315 2826 fuerint.
2341 2771 2420 2826 Ad
2442 2772 2620 2826 omnia
2644 2772 2842 2842 quippe
2867 2774 3055 2830 molles
3081 2775 3278 2829 divitiae
3300 2777 3673 2844 reddiderunt,

2099 2871 2457 2933 praeterquam
2496 2866 2560 2919 ad
2603 2864 2813 2920 illarum
2850 2867 3230 2923 ministerium.
3266 2868 3496 2935 Quando
3527 2872 3675 2928 enim

2099 2955 2202 3010 illae
2237 2955 2380 3024 ipsos
2416 2965 2473 3010 ut
2505 2956 2604 3010 sibi
2641 2959 2880 3012 serviant
2912 2961 3262 3030 compellunt,
3301 2972 3428 3017 tunc
3462 2965 3533 3018 illi
3572 2983 3675 3018 au-

2097 3049 2281 3103 dacter
2316 3050 2552 3117 pericula
2597 3053 2785 3106 mortis
2824 3053 3052 3119 adeunt,
3090 3056 3347 3121 verbera,
3381 3059 3671 3126 opprobria

2096 3153 2364 3209 omneque
2397 3139 2704 3208 ignominia:
2734 3159 2923 3212 genus.
2954 3143 3105 3210 Quod
3133 3161 3265 3200 sane
3292 3159 3549 3202 extremae
3579 3166 3675 3219 ge-

2095 3247 2196 3285 nus
2240 3241 2323 3286 est
2353 3233 2612 3298 miseriae,
2644 3235 2732 3288 ubi
2786 3235 3147 3306 philosophari
3188 3251 3485 3308 oporteret,
3535 3243 3674 3296 mol-

2094 3322 2330 3379 lissimos
2361 3339 2508 3390 esse;
2561 3327 2647 3379 tibi
2705 3339 2883 3380 autem
2919 3329 3033 3398 pios
3089 3340 3144 3383 et
3189 3334 3517 3389 verecundos
3549 3349 3673 3388 esse

2093 3433 2191 3486 par
2237 3427 2411 3482 esset,
2465 3419 2534 3472 ibi
2577 3419 3070 3488 impudentissimos
3107 3433 3162 3477 et
3217 3425 3538 3481 sanissimos
3575 3443 3671 3482 ex-

2095 3511 2288 3566 hiberi.
2325 3511 2534 3565 Etenim
2589 3514 2818 3581 idipsum
2876 3515 2979 3568 illis
3031 3518 3321 3584 contingit,
3375 3530 3433 3573 ut
3474 3522 3519 3576 si
3547 3522 3672 3588 quis

2091 3614 2214 3674 post
2246 3606 2381 3659 bona
2417 3607 2724 3660 indecenter
2767 3608 3050 3678 absumpta
3100 3611 3236 3664 male
3279 3611 3533 3679 patiatur.
3579 3613 3672 3668 llle

2092 3710 2346 3766 namque,
2399 3698 2636 3752 instante
2685 3709 2945 3769 tempore,
2969 3717 3077 3771 quo
3117 3708 3418 3759 necessaria
3459 3716 3540 3759 est
3573 3721 3672 3760 ex-

2090 3802 2285 3856 pensa,
2312 3805 2432 3843 cum
2477 3790 2608 3844 nihil
2657 3793 2824 3861 possit
2870 3794 3005 3848 ultra
3037 3797 3366 3864 impendere,
3417 3798 3671 3853 intolera-

2089 3877 2217 3932 bilia
2256 3879 2461 3948 patitur
2504 3880 2663 3944 mala,
2691 3896 2813 3936 cum
2854 3880 2964 3949 jam
2993 3886 3171 3939 omnia
3220 3887 3358 3942 male
3384 3887 3667 3958 absumpta

2092 3979 2309 4034 fuerint.

2164 4072 2218 4126 5.
2259 4072 2336 4126 Ac
2373 4072 2820 4142 quemadmodum
2855 4074 2905 4127 in
2938 4089 3094 4128 scena
3126 4075 3411 4130 histriones
3442 4077 3493 4130 in
3521 4076 3677 4132 malis

2091 4165 2406 4235 quibusdam
2438 4167 2639 4221 artibus
2671 4168 2944 4233 instructi,
2993 4169 3045 4222 in
3086 4169 3168 4222 his
3213 4170 3376 4224 multa
3414 4169 3675 4239 stupenda

2092 4274 2147 4317 ct
2175 4259 2471 4326 periculosa
2513 4261 2812 4325 sustinent,
2847 4260 2896 4314 in
2935 4261 3054 4314 aliis
3093 4277 3222 4316 vero
3252 4262 3466 4318 utilibus
3493 4277 3679 4318 neces-

2092 4355 2356 4424 sariisque
2393 4353 2552 4409 rebus
2593 4368 2812 4424 prorsus
2842 4352 3004 4422 inepti
3049 4369 3111 4407 ac
3155 4353 3362 4408 ridiculi
3407 4364 3531 4409 sunt
3556 4371 3568 4406 :
3597 4355 3678 4410 sic

2093 4459 2147 4504 et
2178 4448 2231 4502 hi
2259 4448 2326 4504 de
2353 4447 2546 4518 quibus
2587 4449 2811 4518 agimus.
2869 4447 3080 4500 Etenim
3128 4445 3417 4501 histriones
3464 4448 3537 4502 illi
3585 4449 3678 4516 qui

2095 4555 2189 4609 per
2229 4548 2436 4594 tensum
2486 4537 2665 4592 funem
2713 4538 3020 4604 ambulant,
3056 4548 3107 4592 et
3139 4547 3336 4593 tantam
3368 4539 3438 4592 ibi
3470 4539 3676 4594 fortitu-

2093 4632 2272 4686 dinem
2317 4629 2605 4692 exhibent;
2653 4630 2866 4700 quando
2915 4629 3184 4699 quidpiam
3241 4646 3303 4684 cx
3354 4632 3676 4686 necessariis

2092 4722 2256 4776 rebus
2287 4721 2560 4775 audaciam
2584 4721 2805 4790 requirit
2827 4736 2888 4774 ac
2913 4721 3274 4776 fortitudinem
3300 4738 3315 4775 :
3348 4737 3415 4777 ne
3439 4723 3675 4792 cogitare

2093 4814 2309 4884 quidem
2375 4812 2571 4880 aliquid
2628 4821 2866 4881 possunt.
2925 4811 3017 4866 Sic
3070 4812 3294 4876 divites,
3355 4814 3444 4883 qui
3496 4815 3677 4868 omnia

2093 4917 2310 4980 propter
2351 4906 2604 4976 pecunias
2653 4905 2880 4968 audent,
2928 4905 2994 4959 ad
3052 4906 3529 4976 philosophandum
3581 4922 3680 4961 ncc

2095 5019 2382 5075 magnum,
2433 5016 2532 5056 nec
2581 5016 2795 5069 parvum
2845 5000 3113 5069 quidpiam
3161 5001 3263 5070 pati
3310 5010 3548 5065 possunt.
3601 5002 3679 5056 Ac

2095 5097 2233 5153 sicut
2260 5095 2334 5150 illi
2365 5094 2616 5147 lubricam
2649 5101 2702 5145 ct
2728 5093 3113 5146 infructuosam
3151 5108 3262 5147 rem
3302 5102 3567 5155 tractant,
3602 5091 3679 5146 sic

2095 5197 2149 5244 ct
2179 5187 2230 5242 hi
2261 5187 2492 5257 pericula
2549 5185 2710 5239 multa
2763 5185 2988 5238 tolerant
3012 5196 3065 5239 et
3113 5185 3400 5254 pra‘eipitia
3445 5184 3676 5248 adeunt,

2095 5296 2213 5351 qua:
2238 5278 2417 5333 omnia
2449 5276 2620 5331 inutili
2645 5278 2746 5330 fine
2767 5277 3112 5342 clauduntur;
3147 5291 3208 5330 ac
3229 5277 3423 5347 duplici
3454 5276 3681 5346 caligine

2098 5372 2457 5435 involvuntur,
2489 5379 2594 5422 tum
2629 5369 2768 5439 quod
2799 5383 2984 5423 eversa
3028 5377 3208 5423 mente
3243 5368 3503 5422 cxcatcati
3536 5368 3640 5421 sint
3664 5409 3678 5431 ,

2097 5474 2206 5519 tum
2259 5463 2403 5534 quod
2446 5478 2510 5519 ex
2563 5463 2733 5516 fallaci
2783 5460 3198 5515 sollicitudinum
3250 5461 3393 5516 mole
3447 5460 3678 5515 tenebris

2150 5634 2164 5663 ¹
2193 5632 2308 5680 Haec
2333 5630 2558 5680 omnibus
2580 5631 2722 5679 codd.
2751 5627 3033 5679 concinnat.
3069 5625 3232 5687 Vulgo
3262 5640 3273 5674 :
3315 5623 3440 5685 Quid
3465 5622 3567 5684 vis,
3591 5621 3666 5687 in:

2085 5692 2206 5758 quit,
2231 5693 2457 5757 pecunias
2477 5691 2564 5743 tibi
2584 5689 2970 5744 servat-Hannon
2989 5695 3039 5739 ut
3057 5683 3265 5751 deliciis,
3279 5683 3437 5755 gloria
3458 5691 3504 5738 et
3521 5683 3567 5737 υ.
3589 5689 3623 5750 f.
3639 5683 3667 5736 ε’
