4080 6138
408 264 511 324 293

407 384 720 436 obmantur.
762 380 1091 449 Quapropter
1130 391 1196 431 uc
1254 375 1527 445 respicere
1570 373 1783 441 quidem
1838 367 1992 420 facile

411 471 652 544 pos‘Snitt.
686 469 816 527 Nam
856 471 943 539 qui
993 471 1043 521 in
1089 465 1324 522 tenebris
1354 472 1437 520 est
1467 472 1668 516 tantum
1689 501 1705 526 ,
1734 459 1847 514 sole
1877 459 1994 511 illn-

411 566 692 631 eescentc,
725 563 792 616 ab
822 564 886 616 iis
935 563 1225 624 liberatur;
1269 558 1360 629 qui
1405 571 1530 611 vero
1557 555 1729 609 oculis
1753 563 1991 607 exercea-

413 664 495 715 tns
535 667 650 725 est,
703 674 874 728 neque
920 657 1036 711 sole
1081 658 1292 709 lucente
1330 652 1510 706 videt:
1543 649 1595 704 id
1639 649 1862 718 quodet
1896 643 1993 712 ipsi

414 753 706 821 patiuntur.
735 749 917 818 Neque
941 749 1082 801 enim
1109 746 1232 800 Sole
1255 743 1472 813 iustitia:
1502 742 1516 772 ¹
1545 740 1779 808 fulgente
1805 745 1857 789 et
1881 735 1997 788 hor-

413 852 560 896 tante
586 840 841 903 audient,
879 837 1074 892 divitiis
1111 834 1298 891 oculos
1340 835 1574 905 ipsorum
1605 825 1994 884 claudentibus.

410 937 756 1000 Quapropter
802 929 1070 997 duplicem
1123 926 1387 1002 sustinent
1437 922 1772 977 caecitatem:
1802 917 1993 980 aliam,

411 1041 474 1078 ex
511 1022 732 1090 seipsis,
773 1021 957 1082 aliain,
989 1019 1130 1088 qdod
1160 1013 1412 1085 Magistro
1439 1028 1538 1068 suo
1567 1028 1670 1066 non
1698 1007 1992 1064 attendant.

414 1113 770 1168 Attendamus
819 1112 998 1179 itaque
1049 1110 1332 1176 diligenter
1372 1105 1528 1159 (lictis
1559 1104 1732 1166 illius,
1779 1109 1837 1154 ut
1875 1113 1998 1152 sero

415 1207 629 1260 tandem
673 1204 966 1258 rideamus.
1025 1203 1090 1254 lit
1143 1197 1412 1270 quomodo
1449 1196 1633 1251 videre
1673 1190 2000 1265 possumus?

413 1299 469 1353 Si
497 1296 674 1351 discas
700 1293 969 1365 quomodo
1017 1299 1316 1348 excaecatus
1364 1290 1459 1344 sis.
1509 1285 1788 1356 Quomodo
1844 1284 2001 1354 igitur

417 1400 714 1444 estnecatus
743 1389 839 1440 es?
886 1388 924 1439 Α
979 1385 1115 1439 mala
1155 1381 1607 1451 c'oncupisccntia.
1658 1379 1808 1432 Sicut
1855 1377 1997 1430 enim

419 1481 683 1546 malignus
725 1477 918 1530 hmnor
945 1475 996 1529 in
1030 1473 1283 1543 pupillam
1319 1471 1459 1526 oculi
1507 1483 1692 1539 puram
1735 1465 1999 1529 inﬂuens,

419 1574 494 1626 sic
525 1571 870 1641 peeuniarum
916 1583 1066 1621 antur
1106 1565 1326 1619 densam
1370 1565 1566 1617 nubem
1608 1563 1659 1616 in
1707 1561 1885 1615 mente
1913 1569 1998 1612 tua

424 1662 570 1716 fecit.
609 1661 801 1714 Verum
837 1659 971 1712 hanc
999 1657 1194 1710 nubem
1223 1655 1486 1725 dissipare
1511 1660 1565 1707 et
1593 1653 1896 1721 dirumpere
1922 1651 1998 1702 fa~

421 1747 520 1806 rlle
536 1763 639 1818 est,
659 1752 700 1804 si
721 1749 922 1804 Christi
949 1748 1206 1803 doctrina:
1231 1746 1440 1800 radium
1457 1743 1787 1814 excipiamus
1809 1758 1824 1808 ;
1845 1742 1890 1796 si
1909 1748 1998 1795 au-

420 1845 630 1896 diamus
657 1842 802 1894 illum
836 1843 1142 1895 tnbncnte‘m
1174 1853 1237 1892 ac
1261 1838 1523 1892 dicentem
1552 1853 1565 1890 :
1591 1835 1770 1890 Nolite
1799 1836 2004 1889 thesau-

422 1936 584 1988 ἥκω-ε
618 1933 752 1987 vobis
779 1933 1040 1986 thesauros
1065 1933 1296 1984 interra.
1337 1930 1403 1983 Et
1426 1929 1552 1999 quid
1597 1928 1724 1982 mihi
1766 1927 2005 1997 proderit

422 2024 715 2078 doctrinam
742 2021 947 2088 audire,
976 2034 1097 2076 cum
1143 2036 1171 2073 a
1209 2019 1498 2090 cupiditate
1545 2019 1825 2074 detincar?
1864 2019 2006 2074 Sane

422 2115 638 2186 quidem
683 2113 930 2182 frequens
977 2110 1238 2166 doctrinm
1281 2111 1492 2166 auditus
1519 2111 1862 2180 cupiditatem
1891 2111 2005 2165 dis-

425 2209 632 2261 solvere
655 2207 866 2276 poterit.
892 2205 1041 2272 Quod
1084 2206 1126 2259 si
1174 2205 1420 2258 detentus
1462 2210 1803 2273 pel-maneas,
1832 2203 2006 2273 cogita

429 2315 540 2352 rem
574 2299 714 2353 illam
741 2314 846 2351 non
873 2312 993 2351 esse
1029 2295 1262 2365 amplius
1293 2295 1654 2365 cupiditatem.
1692 2295 1822 2361 Qita:
1862 2295 2007 2350 enim

426 2391 690 2460 cupiditas
768 2388 1070 2444 durissima:
1108 2387 1352 2441 servituti
1382 2402 1503 2441 esse
1532 2386 1834 2456 subjectum
1862 2429 1876 2448 ,
1924 2395 2009 2456 ty-

429 2481 633 2536 rannidi
664 2480 966 2548 subiacere,
1000 2487 1056 2532 et
1101 2479 1333 2549 undique
1377 2478 1621 2545 alligari,
1673 2479 1725 2532 in
1772 2478 2006 2533 tenebris

429 2571 628 2627 versari
656 2581 710 2626 et
742 2571 966 2624 ttlntultu
1017 2571 1228 2638 plenum
1277 2584 1431 2634 esse,
1489 2569 1696 2623 labores
1743 2570 1880 2623 ferre
1925 2570 2004 2623 itt-

430 2668 750 2725 l'rnctunsos,
778 2662 898 2716 aliis
928 2662 1178 2731 pecunias
1197 2674 1434 2723 servare,
1462 2675 1604 2729 stupe
1631 2671 1807 2715 autem
1835 2660 2010 2712 inimi-

430 2758 509 2810 cis
529 2759 554 2809 ‘t
583 2756 698 2823 Qua
738 2769 865 2824 ergo
911 2754 1024 2807 lnrc
1069 2752 1493 2822 concupiscentia
1524 2752 1681 2820 digna
1711 2752 1874 2806 sunt?
1905 2753 2011 2806 bno

430 2861 535 2917 qua
564 2861 668 2900 non
698 2843 816 2913 fuga
844 2851 898 2899 et
920 2857 1079 2897 cursu
1123 2852 1246 2896 sunt
1289 2842 1678 2912 relinquenda?
1726 2842 1856 2909 Qum
1883 2858 2010 2896 con-

425 2941 758 3013 cupiscentia
790 2938 1071 2993 thesauros
1097 2937 1236 2992 inter
1262 2937 1406 2991 fures
1437 2934 1768 2991 recondere?
1793 2936 1846 2990 Si
1867 2937 2009 2991 enim

430 3033 654 3087 otnnino
714 3031 967 3100 pecunias
1010 3029 1376 3099 concupiscis,
1430 3028 1547 3082 illas
1574 3044 1639 3082 eo
1668 3028 1895 3083 transfer
1924 3028 2010 3082 ubi

434 3132 660 3192 possunt
711 3131 836 3176 tuta:
881 3129 936 3175 et
984 3119 1205 3189 integra:
1249 3133 1491 3172 manere.
1541 3117 1699 3173 Certe
1727 3134 1846 3188 qua:
1875 3133 2014 3173 nunc

433 3213 562 3268 facis
590 3226 693 3266 non
723 3221 847 3266 sunt
869 3209 1300 3279 concupiscentis
1348 3209 1630 3278 pecunias,
1659 3211 1752 3264 sed
1783 3210 2010 3263 servitué

435 3314 540 3357 tem
567 3345 580 3364 ,
610 3302 804 3356 damna
827 3342 844 3364 ,
890 3300 1136 3363 mulctas,
1179 3298 1530 3368 doloremque
1557 3308 1892 3368 perpetuum.
1934 3299 2012 3354 Tu

434 3391 582 3457 vero,
636 3395 679 3448 si
710 3394 828 3462 quis
857 3393 949 3446 tibi
998 3391 1157 3447 homo
1201 3393 1372 3446 locum
1405 3394 1454 3445 in
1488 3404 1626 3446 terra
1659 3386 2014 3470 inviolabilem

437 3485 771 3550 ostenderet,
800 3485 1006 3538 etiamsi
1035 3485 1161 3538 tein
1191 3483 1460 3538 desertum
1491 3484 1764 3549 educeret,
1795 3487 2013 3554 promit-

435 3575 555 3632 tens
608 3577 848 3646 pecuniis
895 3577 998 3630 tuis
1045 3578 1388 3631 seenrimtem
1436 3593 1450 3631 :
1503 3595 1606 3630 non
1650 3581 2012 3644 cunctareris;

436 3685 610 3740 neque
651 3677 964 3735 recusares,
1010 3669 1104 3724 sed
1145 3670 1400 3739 pecunias
1444 3670 1513 3723 ibi
1555 3687 1676 3724 cum
1707 3671 1894 3725 fiducia
1921 3672 2016 3726 de-

437 3773 664 3831 p0uercs
690 3777 703 3814 :
730 3759 840 3814 Deo
866 3768 1067 3824 autem,
1101 3774 1202 3813 neu
1226 3759 1440 3814 homine
1462 3761 1510 3812 id
1540 3761 1628 3815 tib‘i
1655 3761 2012 3828 promittente,

439 3869 536 3906 nec
566 3853 860 3914 desertum,
888 3851 981 3904 sed
1012 3851 1202 3904 cadum
1233 3860 1593 3920 propellente,
1636 3853 1899 3906 contraria
1928 3866 2016 3907 ac-

437 3942 572 4012 cipis
600 3961 608 3991 :
634 3955 953 4011 quamquam
983 3942 1191 3996 etiamsi
1225 3941 1491 3996 tutissime
1511 3943 1726 4011 jaccant
1750 3942 2017 4009 repositzc,

443 4043 499 4088 tu
523 4048 810 4103 numquam
838 4033 1196 4088 sollicitudine
1217 4042 1410 4089 vacuus
1432 4048 1551 4089 esse
1578 4035 1769 4104 possis.
1800 4033 2020 4089 Etiamsi

446 4135 586 4182 enim
615 4145 720 4183 non
750 4129 964 4198 perdas,
1001 4143 1296 4196 numquam
1320 4126 1732 4181 asollicitudiuc
1755 4128 2014 4198 perdendi

449 4221 777 4275 libet-aberis;
797 4220 1093 4273 "licentem
1111 4217 1244 4272 nihil
1258 4217 1596 4287 prersustale
1610 4217 1847 4286 patieris:
1863 4229 2027 4289 atque

449 4315 588 4376 quod
610 4323 689 4363 est
707 4312 901 4376 majus,
924 4325 1114 4364 aurum
1147 4308 1722 4371 iteitdefodistantum,
1753 4310 1844 4364 sed
1866 4311 2034 4365 senti»

439 4392 558 4452 btt's;
577 4394 812 4465 ldipshm
825 4393 908 4452 cui
921 4413 970 4450 ut
987 4411 1069 4456 est
1085 4411 1139 4462 et
1156 4401 1444 4455 thesaurus
1459 4410 1511 4452 et
1525 4414 1734 4464 semen;
1750 4401 1860 4454 imo
1878 4413 2006 4455 utro

440 4497 546 4551 que
575 4487 761 4552 majus.
801 4483 996 4538 Semen
1034 4483 1229 4554 quippe
1277 4501 1382 4539 non
1431 4485 1610 4540 manet
1649 4499 1886 4556 semper,
1930 4489 2019 4544 ille

441 4588 568 4645 vero
602 4577 886 4627 thesaurus
934 4585 1114 4628 manet
1153 4585 1434 4646 perpetuo.
1478 4572 1706 4630 llursum
1739 4578 2018 4634 thesaurus

439 4653 526 4719 hic
559 4682 662 4718 non
703 4667 985 4734 germinat,
1029 4667 1119 4722 ille
1159 4680 1288 4722 vero
1335 4670 1665 4724 immortales
1694 4671 1785 4724 tibi
1815 4672 2018 4724 fruetus

439 4756 600 4825 parit.
630 4756 780 4822 Quod
815 4757 858 4808 si
893 4768 1101 4827 tempus
1145 4759 1274 4814 mihi
1319 4761 1542 4830 objicias
1567 4803 1581 4824 ,
1611 4773 1665 4816 et
1705 4762 2015 4818 dilationem

440 4849 679 4904 reditus:
717 4864 928 4916 possum
959 4848 1058 4919 ego
1086 4851 1180 4905 tibi
1214 4853 1585 4910 demonstrare
1623 4852 1822 4924 quanta
1853 4855 2016 4914 etiam

504 4988 518 5016 ¹
555 4983 682 5043 Vox,
695 4979 917 5047 justitia’,
935 4987 1077 5038 dees‘t
1101 4977 1150 5038 in
1173 4978 1475 5052 quibusla‘nl;

453 5110 730 5122 *-

794 5109 2954 5133 .....__.__..._________________________________________

1440 257 1504 314 IN
1544 249 1952 312 MATTHIEUM
2013 247 2241 304 l‘ifmlL.
2287 249 2402 305 XXI
2443 251 2512 305 at.
2559 249 2718 304 XXII.

3575 249 3677 310 Elii

2102 365 2186 420 hic
2230 367 2498 438 accipias;
2529 376 2724 436 praeter
2765 368 2877 419 hzrc
2916 376 3093 421 autem
3131 383 3198 423 ex
3234 367 3364 437 ipsis
3412 371 3684 423 smculari-

2100 459 2198 513 bus
2226 469 2277 513 te
2306 460 2582 514 confutare
2609 460 2844 522 tentaho,
2879 470 2928 513 et
2960 459 3248 516 ostendere
3273 469 3325 516 tc
3350 461 3541 516 frustra
3572 461 3684 517 hare

2101 550 2352 618 objiccre.

2173 641 2225 695 6.
2269 641 2428 694 Multa
2457 643 2596 694 enim
2628 658 2675 695 ιιι
2707 643 2956 711 prmscnti
2983 643 3084 696 vita
3117 658 3293 712 paras,
3317 648 3512 714 quibus
3531 659 3679 700 num.

2102 749 2258 803 quam
2289 734 2509 799 frueris;
2539 737 2659 790 etsi
2691 736 2809 804 quis
2841 746 2890 790 te
2925 735 3020 789 hac
3045 736 3112 791 de
3146 751 3206 791 re
3228 748 3435 808 arguat,
3467 741 3604 794 lilios
3635 753 3683 792 et

2106 835 2324 895 nepotes
2353 826 2649 895 proferens,
2684 827 2925 882 idoneam
2960 828 3048 883 tibi
3074 827 3270 883 videris
3299 829 3685 898 superflnorum

2107 917 2344 972 laborum
2385 919 2808 972 consolationem
2853 921 3134 988 reperisse.
3162 920 3293 974 (lum
3335 922 3476 975 enim
3511 922 3564 977 in
3590 937 3688 976 ex-

2106 1017 2271 1066 trema
2304 1020 2582 1065 senectute
2611 1011 2917 1080 splendidas
2943 1014 3208 1067 eonStruis
3241 1013 3404 1076 (cdes,
3433 1023 3551 1082 qua:
3589 1031 3687 1066 au-

2107 1115 2316 1174 tequam
2346 1104 2688 1173 perﬁciantur
2712 1120 2853 1173 sa-pc
2885 1113 2938 1158 tu
2968 1104 3204 1160 decedis.
3227 1105 3514 1161 etarhores
3531 1106 3688 1172 seris,

2106 1213 2224 1267 qua:
2270 1209 2387 1266 post
2429 1198 2623 1252 multos
2666 1214 2834 1250 annos
2865 1198 3091 1251 fructum
3121 1197 3359 1252 allatura:
3387 1210 3538 1263 sum;
3570 1213 3689 1254 cum

2110 1293 2160 1344 in
2210 1306 2339 1360 agro
2383 1290 2602 1345 arbores
2649 1291 2884 1359 plantas,
2932 1307 3050 1360 qua:
3083 1301 3201 1360 post
3234 1293 3397 1346 tnulla
3427 1303 3688 1347 annorum

2106 1384 2369 1437 curricula
2412 1383 2642 1438 fructum
2675 1384 2876 1445 ferent;
2909 1399 3027 1437 cum
3057 1384 3252 1452 praedia
3290 1387 3424 1440 emis
3452 1397 3505 1440 ct
3535 1386 3680 1440 here-

2108 1474 2323 1538 ditates,
2353 1488 2579 1543 quorum
2612 1473 2902 1526 dominium
2940 1473 3104 1526 multo
3133 1484 3251 1541 post
3280 1485 3518 1544 tempore
3543 1477 3690 1529 habi-

2111 1577 2257 1619 turus
2303 1573 2382 1630 es,
2429 1566 2637 1633 aliaque
2689 1565 2849 1618 tnulta
2905 1579 3080 1633 paras,
3128 1558 3355 1634 quorum
3407 1585 3692 1637 tnnnquam

2109 1656 2335 1710 frueris:
2361 1672 2428 1709 an
2474 1654 2569 1725 pro
2617 1664 2666 1709 te
2711 1656 2788 1709 vel
2823 1670 2919 1723 pro
2962 1656 3360 1711 successoribus
3405 1658 3516 1725 luce
3541 1660 3653 1724 agis
3673 1659 3694 1709 ’ἓ

2107 1749 2388 1815 Quomodo
2420 1749 2576 1819 igitur
2603 1756 2708 1802 non
2737 1760 2992 1803 extrema:
3018 1749 3306 1804 demenlim
3336 1759 3438 1814 est,
3473 1749 3557 1803 hic
3587 1767 3694 1804 non

2108 1860 2250 1913 aegre
2271 1844 2410 1897 ferre
2439 1841 2694 1910 temporis
2716 1841 3046 1905 dilationem,
3076 1843 3174 1896 etsi
3205 1857 3297 1910 per
3319 1842 3463 1895 illam
3487 1842 3695 1896 dilatio.—

2111 1953 2230 1990 nem
2253 1951 2281 1988 a
2308 1935 2553 1989 nter-cede
2581 1933 2818 1988 laborum
2843 1948 2940 1988 nos
2966 1934 3252 2002 privandos
3273 1945 3693 2008 esseyexspectev

2110 2030 2260 2087 mus;
2293 2029 2412 2080 cum
2444 2025 2512 2081 de
2538 2025 2672 2080 cado
2703 2024 2880 2080 autem
2915 2025 3107 2094 agitur,
3141 2031 3360 2094 propter
3386 2025 3694 2080 dilationem

2115 2127 2347 2185 torpere,
2378 2129 2499 2170 eum
2528 2124 2704 2171 tamen
2732 2117 2817 2171 illa
2847 2115 3034 2171 dilatio
3069 2116 3239 2186 majus
3267 2117 3358 2171 tibi
3387 2117 3589 2184 lucrum
3617 2119 3674 2172 af
3683 2151 3694 2161 ε

2113 2206 2269 2274 ferat,
2303 2223 2402 2262 nec
2426 2207 2490 2262 ad
2520 2206 2656 2261 alios
2705 2207 2839 2260 bona
2888 2207 3236 2269 transmittat,
3281 2205 3374 2261 sed
3424 2209 3515 2277 tibi
3557 2208 3695 2262 d0na

2115 2300 2372 2356 tradenda
2402 2299 2700 2354 custodiat?
2731 2299 2932 2354 Plaeter
2961 2299 3072 2353 hanc
3100 2306 3278 2354 autem
3309 2317 3413 2354 non
3441 2301 3595 2369 longa
3617 2314 3696 2355 est

2115 2392 2216 2446 ista
2241 2391 2429 2445 dilatio
2453 2389 2558 2462 (α).
2588 2390 2718 2444 Nam
2751 2390 2816 2444 ad
2847 2392 2988 2445 fores
3015 2406 3100 2445 res
3131 2391 3258 2460 ipsae
3287 2375 3408 2447 suni
3431 2413 3443 2447 :
3469 2386 3566 2447 nec
3590 2395 3696 2446 sci-

2114 2494 2236 2540 mus
2262 2499 2384 2537 nutu
2417 2483 2552 2536 fo'rte
2576 2483 2628 2536 in
2657 2483 2753 2535 hac
2781 2483 3121 2552 generatione
3138 2485 3315 2536 omnia
3342 2475 3520 2539 “nostra
3541 2485 3699 2539 linem

2118 2574 2356 2630 habitura
2385 2575 2511 2637 sint,
2559 2587 2612 2628 et
2650 2574 2767 2628 dies
2804 2574 2892 2627 ille
2917 2575 3223 2628 tremendus
3255 2576 3324 2630 sit
3350 2575 3695 2641 adventuros,

2119 2667 2441 2722 horrendum
2473 2666 2624 2733 illud,
2652 2678 2704 2721 et
2733 2667 2928 2721 nullam
2961 2681 3305 2735 personaruu‘t
3335 2670 3697 2738 acet-ptionrm

2120 2762 2319 2814 habens
2342 2760 2571 2814 tribunal
2595 2768 2935 2814 ostensurus.
2961 2757 3094 2814 nam
3138 2760 3394 2832 pleraque
3418 2763 3568 2832 signa
3589 2762 3698 2832 jam

2119 2851 2350 2921 perfecta
2371 2861 2514 2914 sunt,
2540 2866 2602 2906 ac
2621 2851 2834 2905 demutn
2853 2852 3186 2921 evangelium
3216 2867 3311 2922 per
3334 2862 3501 2908 totum
3518 2855 3699 2909 orbem

2121 2943 2461 3013 prtedicatum
2487 2943 2608 3007 fuit,
2640 2959 2703 2996 ac
2729 2943 2887 3006 bella,
2917 2953 3075 2998 terra}
3097 2953 3276 2998 motus
3305 2953 3357 2998 et
3386 2943 3552 3000 fames
3575 2961 3700 3000 eve-

2120 3047 2333 3099 nerunt,
2360 3051 2460 3090 nec
2493 3041 2742 3106 magnum
2779 3036 2889 3104 jam
2920 3036 3260 3090 intervallum
3287 3046 3390 3092 est.
3419 3037 3524 3092 Sed
3554 3039 3700 3108 signa

2122 3143 2227 3182 tum
2250 3127 2432 3182 videé?
2455 3128 2520 3181 Et
2542 3127 2644 3182 hoc
2674 3128 2847 3196 ipsum
2877 3137 3125 3197 magnotu
3153 3127 3364 3196 signum
3386 3138 3486 3184 est.
3522 3129 3702 3199 Neque

2120 3222 2262 3276 enim
2294 3222 2380 3290 qui
2415 3220 2526 3275 Noe
2555 3226 2793 3287 tempere
2814 3227 2963 3273 erant
2998 3222 3252 3288 prooemia
3276 3221 3543 3291 generalis
3569 3222 3704 3278 intc—

2122 3313 2254 3366 ritus
2284 3311 2558 3373 viderunt,
2591 3311 2681 3364 sed
2715 3310 2926 3363 interim
2960 3309 3224 3376 ludentes,
3247 3309 3490 3375 edentes,
3513 3328 3706 3367 uxores

2123 3403 2400 3466 (bibentes,
2432 3404 2796 3468 consuetaque
2835 3401 3016 3453 Otnnia
3042 3410 3283 3469 agentes,
3316 3402 3394 3456 sic
3419 3417 3450 3454 a
3479 3403 3703 3457 terribili

2125 3495 2212 3549 illa
2242 3496 2439 3548 ultione
2461 3492 2781 3560 deprehensi
2803 3501 2945 3544 sunt.
2970 3490 3330 3559 Similiterque
3354 3496 3404 3546 in
3434 3491 3702 3560 Sodomis,

2123 3586 2326 3640 deliciis
2371 3599 2585 3652 operam
2628 3581 2840 3641 dantes.
2889 3582 3127 3651 nihilque
3155 3597 3340 3637 eorum
3377 3599 3496 3654 qua:
3525 3595 3703 3653 postea

2125 3675 2259 3730 facta
2286 3685 2411 3728 sunt
2437 3673 2789 3743 suspicantes,
2823 3671 2889 3727 ab
2920 3671 3172 3726 immissis
3204 3672 3513 3727 fulminibus
3553 3689 3703 3728 com-

2123 3767 2264 3822 busti
2288 3777 2432 3822 sunt.
2462 3765 2594 3834 Quae
2622 3764 2803 3819 omnia
2839 3765 3160 3835 cogitantes,
3203 3766 3270 3820 ad
3319 3766 3702 3836 profectionem

2124 3858 2249 3914 hinc
2276 3855 2567 3928 parandam
2591 3868 2736 3911 nosc
2759 3866 3105 3910 .uvertamus.
3124 3856 3356 3934 Etiamsi
3408 3857 3708 3935 conunuuis

2128 3946 2216 3999 ille
2244 3941 2722 3998 consunnnatimtis
2763 3956 2868 3994 non
2911 3939 3072 3995 instet
3099 3941 3242 4004 dies;
3287 3941 3706 4013 unitncnjusque

2129 4036 2248 4091 linis
2274 4035 2327 4088 in
2354 4033 2530 4103 januis
2550 4041 2650 4096 est,
2684 4035 2797 4086 sive
2819 4041 2981 4086 senex
3009 4033 3123 4086 sive
3142 4032 3357 4100 juvenis
3390 4028 3488 4095 sit;
3537 4050 3708 4104 neque

2128 4139 2252 4183 tunc
2280 4128 2452 4180 oleum
2496 4131 2676 4181 emere
2704 4125 2904 4189 licebit,
2953 4139 3126 4193 neque
3152 4113 3393 4192 petentes
3426 4113 3710 4191 impetrare

2126 4220 2357 4279 veniam,
2386 4219 2484 4272 etsi
2519 4215 2782 4270 Abraham
2813 4225 3082 4284 precetur,
3124 4201 3221 4269 etsi
3269 4203 3400 4276 Noe,
3442 4200 3541 4269 etsi
3585 4216 3711 4284 Job,

2125 4311 2222 4364 etsi
2259 4308 2460 4363 Daniel.
2514 4308 2691 4361 Donec
2739 4307 2898 4376 igitur
2947 4297 3460 4376 tempus-habemus,
3491 4295 3712 4360 tntlltan:

2128 4401 2280 4456 nobis
2310 4400 2553 4468 paremus
2583 4397 2849 4456 fiduciam.
2881 4397 3054 4450 oleant
3085 4396 3237 4470 nobis
3262 4396 3534 4466 cepiosutn
3563 4405 3714 4450 coin-

2127 4503 2395 4560 paremus,
2425 4481 2601 4542 omnia
2638 4487 3020 4555 transferamus
3047 4487 3096 4540 in
3121 4486 3332 4548 cadum,
3359 4495 3416 4540 ut
3441 4489 3490 4541 in
3512 4502 3710 4563 oppor-

2129 4591 2255 4637 tuno
2278 4593 2540 4650 tempore,
2561 4573 2667 4648 qu'o
2685 4575 2915 4632 maxime
2941 4577 3022 4630 his
3040 4579 3279 4647 egemus,
3299 4579 3544 4632 omnibus
3567 4580 3714 4652 frna-

2128 4679 2266 4738 mur,
2294 4673 2462 4742 gratia
2494 4679 2545 4724 et
2578 4659 2904 4737 benignitate
2934 4656 3139 4722 Domini
3173 4669 3341 4723 noStri
3383 4662 3510 4724 Jesu
3549 4669 3709 4724 Chri-

2127 4765 2214 4828 sti,
2241 4765 2324 4821 cui
2356 4763 2526 4833 gloria
2552 4773 2606 4816 et
2630 4762 2910 4830 imperium
2941 4775 3082 4814 nunc
3106 4762 3159 4814 ct
3188 4763 3422 4832 semper,
3451 4773 3503 4818 et
3531 4764 3584 4817 in
3607 4779 3708 4818 sac-

2125 4858 2242 4912 cula
2266 4842 2488 4912 samidor
2500 4871 2608 4908 um.
2639 4855 2830 4906 Amen.

2191 4995 2263 5056 (ιι)
2296 4989 2570 5054 SuSpicatur
2595 4973 2961 5049 Clirys'ostomus'
2981 4981 3125 5036 linem
3149 4988 3310 5038 mundi
3335 4988 3616 5040 adventare.

3514 5115 3706 5126 —-—-—-.

1617 5169 1961 5258 ﬁoMILtA
1997 5186 2177 5258 XXI.
2215 5195 2299 5256 al.
2348 5176 2556 5252 xx".

444 5326 568 5382 Car.
607 5330 659 5387 6.
693 5346 742 5384 ν.
775 5327 866 5384 21.
901 5329 1066 5384 Νειτώ
1109 5333 1269 5399 potest
1303 5322 1498 5389 duob'tts
1527 5327 1747 5391 don'iint's
1786 5341 1971 5393 servire
2001 5356 2018 5393 :

510 5431 596 5473 aut
626 5421 757 5475 enim
783 5429 940 5475 unum
973 5421 1090 5475 odio
1136 5421 1348 5488 habebit,
1379 5434 1425 5477 et
1449 5428 1660 5481 alterunt
1689 5426 1893 5500 diliget;
1933 5439 2020 5483 aut

513 5531 669 5566 unum
699 5512 977 5572 sustinebit.
1001 5524 1047 5567 et
1071 5513 1283 5567 alterum
1308 5525 1605 5570 rentenmet.

516 5607 568 5659 1.
608 5605 808 5659 Serrire
835 5607 1060 5672 pecunia:
1085 5605 1361 5659 maximum
1387 5607 1609 5670 malum;
1640 5626 1749 5662 eam
1776 5611 2023 5682 negligere

443 5699 723 5750 niaxiutztm
757 5696 957 5752 bonum.
991 5698 1220 5754 Christus
1252 5695 1392 5753 milia
1421 5707 1586 5770 parat,
1622 5701 1741 5755 dum
1771 5707 2024 5763 contraria

2128 5337 2276 5390 tollit.
2295 5364 2365 5375 —-
2391 5333 2546 5388 Vides
2573 5341 2631 5387 ut
2661 5332 2907 5400 paulatim
2936 5346 2968 5386 a
2993 5335 3342 5403 prmsentihus
3370 5335 3528 5388 rebus
3547 5334 3716 5388 abdo.-

2127 5437 2234 5493 cat,
2261 5442 2326 5480 ne
2355 5423 2594 5494 pluribus
2623 5423 2690 5477 de
2716 5433 3025 5492 contemptu
3066 5424 3367 5477 divitiarum
3409 5438 3711 5476 sermonem

2131 5522 2492 5582 instituat,.et
2535 5516 2870 5588 tyrannidem
2922 5515 3224 5584 cupiditatis
3261 5513 3714 5582 dejiciatheqne

2131 5612 2273 5666 enim
2301 5618 2585 5664 contentus
2617 5608 2699 5668 iis,
2731 5623 2848 5672 qua:
2877 5607 3120 5672 superius
3141 5603 3294 5669 dixit,
3319 5605 3525 5658 etiamsi
3551 5606 3711 5658 multa

2133 5717 2186 5762 et
2222 5708 2477 5778 prirriara
2506 5703 2592 5758 illa
2623 5703 2746 5770 sint,
2775 5702 2878 5755 alia
2903 5697 3084 5767 adjicit
3113 5697 3263 5768 plura
3290 5705 3345 5755 et
3368 5699 3706 5754 .tcrribiliera.
