4080 6138
398 237 500 293 29ῖὶ

387 363 523 432 Quid
554 363 696 419 enim
725 361 785 414 iis
817 375 934 429 qua:
967 372 1106 412 nunc
1133 359 1380 411 dicuntur
1425 353 1729 412 terribilius.
1771 353 1814 407 si
1847 367 1974 422 pro-

375 465 507 524 .pter
540 453 792 524 poenarias
819 469 847 504 a
875 449 1072 505 Christi
1098 450 1351 504 servitute
1373 445 1624 500 excidere
1646 443 1976 499 debeamus?

387 548 512 618 quid
563 545 989 608 desiderabilius,
1023 543 1066 596 si
1099 542 1163 595 iis
1207 539 1525 607 contemptis
1573 537 1810 590 strictam
1851 552 1975 604 erga

388 655 509 694 eum
530 637 952 693 benevolentiam
983 643 1037 688 et
1063 634 1336 687 caritatem
1365 628 1594 683 habituri
1612 626 1809 681 sinitis?
1826 627 1976 693 Quod

389 734 530 787 enini
550 747 762 800 semper
785 731 922 793 dico,
957 729 1056 781 hoc
1085 737 1139 779 et
1165 743 1302 778 nunc
1320 724 1512 781 dicam.
1534 722 1703 791 ipsmn
1725 735 1818 791 per
1836 732 1978 774 utrao

390 838 492 892 quc
523 824 816 878 auditorem
847 834 1036 874 acuere
1062 819 1125 871 ad
1157 815 1556 884 obsequendum
1583 812 1759 877 dictis,
1791 820 1845 865 ct
1881 821 1979 879 per

373 917 538 970 utilia
560 925 612 969 ct
638 930 732 983 per
754 913 938 968 noxia:
973 907 1423 981 quemadmodum
1455 906 1686 974 optimus
1717 903 1974 968 medicus,

389 1020 443 1066 ct
471 1011 716 1066 morbum
739 1023 802 1061 ex
829 1003 1166 1074 negligentia,
1199 1011 1249 1055 et
1272 1000 1550 1053 sanitatem
1583 1013 1647 1051 es
1677 995 1976 1049 ohctlicntia

389 1111 837 1158 commonstrans.
871 1097 1002 1150 \‘ide
1032 1096 1206 1165 igitur,
1233 1100 1488 1162 quanlmn
1517 1088 1602 1142 hic
1628 1088 1830 1141 lucrum
1855 1101 1977 1138 rur-

389 1211 480 1250 sus
506 1193 770 1255 ostendat,
804 1201 855 1244 ct
887 1187 1155 1258 quomodo
1184 1181 1333 1236 utilia
1364 1188 1533 1251 paret,
1563 1179 1688 1232 dum
1710 1176 1974 1231 contraria

391 1288 545 1341 tollit.
582 1285 760 1352 Neque
786 1281 949 1342 enim,
980 1273 1380 1344 inquit,diviti:e
1407 1271 1524 1326 ideo
1557 1279 1756 1324 tantmn
1786 1277 1977 1322 nocent

391 1380 561 1444 vobis,
604 1377 743 1447 quod
776 1374 920 1427 l‘ures
949 1379 1134 1426 contra
1161 1353 1254 1420 vos
1281 1365 1444 1419 armis
1473 1364 1755 1423 instruant,
1805 1372 1976 1428 neque

389 1473 528 1544 quod
561 1479 788 1524 mentem
831 1465 1048 1518 omnino
1089 1458 1322 1516 tenebris
1348 1455 1652 1516 oﬂundaut;
1695 1452 1789 1507 sed
1817 1452 1975 1505 etiam

386 1563 529 1630 quod
562 1578 625 1616 ex
653 1560 906 1614 servitute
938 1556 1027 1607 hei
1053 1568 1147 1608 vos
1165 1551 1414 1619 dejiciant
1437 1591 1450 1612 ,
1481 1545 1783 1600 inanitnatis
1815 1559 1976 1612 pecu-

391 1656 494 1709 niis
521 1669 616 1706 vos
646 1651 885 1719 captivos
917 1646 1207 1703 tradentes,
1241 1651 1294 1693 et
1339 1641 1584 1708 utrinque
1616 1645 1892 1698 nocentes,
1923 1645 1977 1687 ct

389 1746 531 1816 quod
557 1759 745 1798 servos
775 1740 1003 1796 elliciant
1036 1750 1219 1790 eorum
1249 1733 1436 1803 quibus
1468 1732 1728 1798 imperare
1753 1727 1974 1781 debere-

390 1856 527 1903 mus,
555 1849 608 1893 ct
633 1835 772 1906 quod
806 1849 900 1887 vos
925 1850 951 1886 a
981 1832 1233 1886 servitute
1263 1827 1352 1881 Dei
1381 1825 1652 1893 tlejieianl,
1694 1822 1777 1875 cui
1809 1820 1976 1874 tnaxio

385 1947 477 1987 me
517 1929 717 1985 servire
761 1941 982 1980 necesse
1028 1922 1178 1976 vobis
1214 1928 1315 1973 est.
1346 1913 1803 1985 Quemadmrdum
1832 1913 1972 1968 enim

389 2022 499 2076 illic
522 2022 679 2075 ctiam
701 2017 896 2086 duplex
928 2028 1046 2067 esse
1074 2019 1450 2065 nocumcutum
1473 2004 1723 2068 ostendit,
1753 2012 1807 2058 et
1834 2002 1972 2072 quod

389 2116 459 2171 ibi
487 2116 842 2184 deponantur,
876 2108 961 2163 ubi
990 2120 1169 2173 an'ngo
1214 2100 1470 2165 corrodit,
1499 2108 1556 2154 et
1592 2097 1733 2167 quod
1765 2097 1832 2149 ibi
1866 2110 1970 2148 non

387 2209 742 2278 deponantur,
774 2201 858 2256 tibi
884 2209 992 2253 tuta
1014 2195 1287 2251 custodia:
1311 2192 1388 2247 sic
1427 2198 1482 2244 et
1523 2190 1624 2242 hoc
1651 2190 1766 2242 loco
1794 2185 1971 2255 dupli-

389 2316 506 2354 cem
538 2313 729 2352 noxam
774 2291 1028 2354 ostendit,
1072 2298 1126 2342 et
1168 2286 1308 2355 quod
1352 2301 1381 2338 a
1425 2285 1532 2336 Deo
1561 2280 1890 2342 abstrahant,
1923 2289 1975 2332 et

388 2389 530 2459 quod
574 2402 835 2441 mamonae
865 2382 1165 2451 subjiciam.
1209 2377 1314 2432 Sed
1357 2392 1461 2429 non
1503 2373 1678 2427 statim
1722 2372 1771 2425 id
1803 2369 1972 2440 ponit,

391 2481 484 2535 sed
516 2480 564 2534 id
598 2479 742 2548 prius
769 2492 830 2530 ex
859 2472 1232 2529 communibus
1263 2476 1413 2536 parat
1442 2464 1751 2528 ratiociniis,
1790 2463 1866 2515 sic
1890 2461 1973 2514 di-

390 2587 550 2626 cens:
579 2569 744 2624 Nemo
775 2575 935 2638 potest
981 2562 1173 2616 duobus
1215 2559 1432 2612 dominis
1465 2555 1687 2609 servire:
1714 2553 1849 2606 duos
1892 2553 1979 2606 hic:

391 2664 574 2718 dicens
604 2661 690 2731 qui
721 2657 986 2715 contraria
1019 2652 1346 2722 pra-cipiunt.
1375 2647 1505 2702 Nam
1532 2648 1574 2701 si
1603 2646 1652 2700 id
1680 2661 1782 2700 non
1809 2654 1972 2710 esset,

392 2771 497 2809 non
525 2753 630 2806 duo
656 2750 851 2804 forent.
885 2746 1015 2800 Nam
1050 2740 1394 2796 Multitudinis
1424 2737 1730 2790 credentium
1755 2745 1861 2789 erat
1890 2751 1976 2788 cor

393 2861 548 2900 unum
577 2852 620 2896 et
647 2843 818 2896 intima
847 2855 947 2892 una
981 2835 1115 2905 (Act.
1149 2835 1202 2888 Δ.
1247 2833 1335 2901 52)
1357 2850 1369 2886 :
1393 2831 1516 2885 licet
1541 2830 1680 2883 enim
1709 2837 1891 2884 eSSent
1921 2827 1974 2881 in

393 2937 542 3005 plura
559 2947 778 3002 corpora
797 2928 973 2993 divisi,
990 2935 1225 2980 attamen
1239 2923 1467 2978 concord
1477 2923 1520 2973 ia
1538 2920 1790 2989 plurimos
1810 2934 1972 2973 utnon

391 3026 676 3082 el‘liciebat.
708 3021 906 3076 Deinde
929 3017 1015 3074 illa
1043 3017 1340 3082 cmnulans,
1363 3015 1520 3069 dicit:
1543 3012 1658 3068 Non
1689 3013 1848 3066 modo
1869 3027 1971 3064 non

392 3121 606 3183 serviet,
650 3117 742 3172 sed
771 3119 928 3170 etiam
961 3111 1083 3166 odio
1116 3110 1324 3165 habebit
1374 3117 1427 3160 et
1471 3106 1800 3160 aversabitur
1828 3121 1840 3156 :
1875 3106 1972 3156 Aut

386 3216 522 3267 cuitu
549 3227 702 3265 unum
734 3211 849 3263 odio
877 3205 1093 3268 habebit,
1129 3203 1318 3273 inquit,
1345 3211 1392 3252 et
1416 3200 1630 3254 ultcrmu
1660 3196 1972 3266 diliget;nut

380 3320 546 3359 unum
573 3302 856 3367 sustinebit,
881 3309 928 3353 et
953 3299 1166 3351 alterum
1193 3301 1488 3347 contemnet.
1525 3293 1600 3343 Ac
1630 3289 1837 3342 videtur
1857 3289 1971 3357 qni-

386 3399 508 3451 dem
540 3395 618 3449 bis
647 3394 870 3462 idipsum
901 3389 1130 3451 dixisse;
1163 3384 1253 3438 sed
1283 3399 1384 3438 non
1412 3382 1526 3435 sine
1567 3395 1723 3433 causa
1755 3380 1832 3433 sic
1860 3393 1968 3432 rem

385 3485 742 3547 concinnavit,
773 3480 864 3535 sed
910 3489 965 3532 ut
1006 3475 1314 3531 ostenderet
1343 3473 1546 3527 facilem
1579 3486 1697 3524 esse
1725 3469 1972 3522 minatio-

385 3593 507 3633 nem
539 3577 589 3630 in
616 3575 826 3628 melius.
851 3571 925 3625 Ne
952 3570 1158 3624 diceres
1185 3567 1346 3626 enim,
1386 3563 1562 3617 Semel
1589 3576 1774 3615 servus
1801 3559 1971 3612 factus

356 3673 524 3733 "sum,
557 3667 856 3721 divitiarum
888 3659 1167 3732 tyrannide
1199 3669 1519 3726 oppressus:
1544 3650 1779 3705 ostendit
1813 3663 1968 3718 posse

381 3761 437 3814 in
463 3758 620 3813 aliam
649 3756 886 3810 converti
932 3763 1136 3821 partem
1174 3765 1188 3800 :
1216 3757 1269 3801 et
1297 3746 1431 3799 sicut
1461 3759 1524 3798 ex
1573 3743 1670 3796 ista
1711 3741 1762 3794 in
1796 3741 1962 3802 illam,

381 3852 462 3906 sic
497 3865 564 3906 cx
597 3849 681 3903 illa
723 3847 776 3901 in
821 3847 974 3899 istam
1004 3843 1201 3897 venire.
1243 3838 1376 3894 Cum
1404 3851 1532 3906 ergo
1559 3835 1662 3890 hoc
1692 3833 1965 3888 indeﬁnite

380 3943 620 4006 dixisset,
650 3955 756 4009 quo
772 3937 997 3990 auditori
1021 3932 1287 3994 suaderet,
1306 3938 1364 3983 ut
1389 3941 1595 3997 mquam
1622 3940 1680 3979 se
1701 3923 1959 3978 dictorum

374 4034 604 4103 judicent
637 4040 866 4101 gereret,
908 4038 964 4083 et
1005 4043 1070 4080 cx
1114 4025 1224 4093 ipsa
1255 4036 1433 4076 rerum
1467 4026 1650 4072 natura
1699 4015 1960 4069 calculum

380 4127 561 4189 ferret,
591 4134 869 4194 postquam
888 4121 1036 4174 illum
1060 4117 1158 4170 sibi
1177 4112 1594 4169 consentientem
1619 4107 1818 4164 habuit.
1839 4115 1960 4158 tunc

375 4220 610 4288 scipsum
644 4217 870 4278 revelat;
913 4210 1184 4280 subiunxit
1226 4207 1402 4261 enim:
1436 4202 1556 4256 Non
1605 4201 1805 4268 potestis
1851 4198 1961 4250 Deo

373 4311 556 4366 servire
587 4319 632 4363 ct
677 4321 940 4360 ntmuoua'.
994 4302 1449 4356 Eshorrescamus
1494 4293 1784 4362 cogitantes
1831 4290 1953 4360 quid

369 4403 640 4459 Christum
669 4401 848 4455 dicere
869 4395 1159 4464 coegimus,
1193 4393 1262 4445 ita
1297 4398 1353 4443 ut
1379 4403 1497 4442 cum
1526 4387 1632 4440 ilco
1649 4401 1835 4438 aurum
1856 4398 1954 4452 po-

370 4504 541 4550 neret.
572 4492 724 4558 Quod
770 4491 812 4544 si
854 4487 982 4545 illud
1016 4483 1288 4547 horribile,
1335 4481 1490 4549 longe
1537 4476 1842 4531 horribilius
1871 4482 1953 4526 est

361 4587 471 4642 'hoc
496 4587 667 4654 reipsa
699 4583 831 4645 ﬁeri,
863 4590 916 4636 et
947 4579 1039 4633 Dei
1070 4575 1244 4630 timori
1281 4573 1392 4628 auri
1435 4569 1767 4642 tyrannidem
1796 4575 1950 4619 ante-

358 4679 511 4734 ferri.
543 4676 680 4744 Quid
707 4673 898 4746 igitur?
926 4686 1103 4725 annon
1149 4667 1287 4738 apud
1321 4672 1529 4718 veteres
1575 4659 1801 4727 idipsmu
1837 4655 1946 4709 tieri

363 4771 567 4840 potuit?
597 4769 829 4822 Minime.
862 4761 1141 4834 Quomodo
1183 4775 1309 4830 ergo
1351 4753 1641 4813 Abraham,
1683 4750 1948 4820 quomodo

359 4864 460 4919 Job
492 4862 688 4914 virtute
723 4858 996 4914 elarucre?
1023 4857 1099 4911 Ne
1137 4854 1263 4909 mihi
1293 4851 1486 4905 divites
1535 4861 1819 4907 memores,
1852 4845 1942 4896 sed

357 4952 557 5008 divitiis
586 4952 906 5004 servientes.
952 4949 1082 5003 Nam
1113 4948 1214 5000 .lob
1244 4947 1393 4998 dives
1433 4941 1646 5010 quidm)
1677 4948 1814 5002 erat,
1851 4943 1939 4989 sel

356 5062 463 5102 non
495 5043 763 5098 serviebat
789 5056 1079 5105 mamonzc;
1107 5040 1319 5094 divitias
1347 5035 1574 5090 habebat.
1607 5042 1661 5087 et
1705 5031 1939 5086 tenebat.

355 5154 418 5195 ac
443 5135 712 5200 dominus,
744 5147 850 5187 non
877 5146 1063 5186 servus
1089 5138 1222 5185 erat.
1252 5128 1457 5184 Etenim
1484 5127 1553 5182 εἱιι
1583 5134 1620 5179 ιι
1646 5124 1938 5178 alienarum

356 5229 703 5300 pecuniarum
743 5223 1101 5294 dispensator,
1146 5221 1224 5274 sic
1263 5219 1350 5273 illa
1379 5216 1552 5272 omnia
1587 5211 1936 5284 possidebat:

357 5335 463 5376 non
489 5318 648 5372 modo
664 5319 842 5373 aliena
863 5331 967 5369 non
990 5314 1224 5384 rapiens,
1245 5316 1339 5370 sed
1358 5315 1522 5368 etiam
1565 5327 1640 5369 ma
1664 5313 1946 5382 egentibus

359 5411 613 5480 largiens.
631 5409 890 5478 Quodque
909 5406 1084 5477 majus
1103 5416 1179 5460 est
1204 5420 1219 5460 :
1241 5420 1340 5460 nec
1356 5406 1421 5460 de
1439 5420 1546 5475 prai
1560 5404 1794 5458 tentibus
1811 5418 1943 5473 gau-

361 5504 540 5566 debat,
570 5515 626 5557 ut
657 5504 744 5556 ille
774 5501 1012 5556 declarat
1041 5501 1227 5554 dicens
1255 5517 1271 5554 :
1303 5497 1364 5552 Si
1398 5497 1608 5551 uelatus
1638 5512 1777 5560 sum,
1804 5496 1944 5564 quod

361 5599 544 5650 multa:
570 5597 695 5650 milii
721 5604 889 5650 essent
919 5593 1118 5648 divitia:
1145 5590 1288 5663 (Job.
1316 5591 1405 5644 51.
1427 5589 1552 5657 ‘25);
1587 5589 1816 5658 ideoque
1841 5587 1946 5642 illis

363 5691 579 5745 amissis
609 5706 714 5744 non
745 5689 932 5744 doluit.
958 5689 1027 5742 At
1060 5702 1164 5743 non
1199 5689 1332 5743 tales
1364 5684 1522 5740 hodie
1552 5682 1745 5738 divites
1773 5689 1900 5737 sunt
1929 5697 1944 5734 :

1098 242 1151 296 S.
1193 238 1471 294 .lOANNlS
1505 230 1985 294 CllllYSOS'l'Oi-ll
2025 233 2340 290 ARClllEl’.
2381 236 2910 292 CONSTANTINOP.

3565 237 3672 291 9.96

2088 349 2182 407 sed
2233 353 2455 421 captivis
2507 353 2831 422 quibuslibet
2875 353 3106 406 deterius
3156 351 3348 410 allecti.
3377 363 3668 414 manuum»,

2084 444 2233 513 quasi
2265 451 2492 514 tyranno
2513 443 2722 496 cuidam
2751 445 2944 495 :iCt‘l'lm
2971 445 3160 497 tributa
3201 443 3510 510 pet-zdentes.
3543 444 3669 496 Nam

2083 536 2232 604 quasi
2261 550 2437 590 arcem
2463 534 2744 604 quamdam
2793 535 3027 602 ipsorum
3069 533 3304 587 animum
3335 550 3485 586 amor
3511 547 3670 602 pecu-

2084 629 2287 680 niarum
2321 627 2531 694 invasit,
2561 636 2616 681 et
2635 625 2880 680 mandata
2908 626 3051 678 muni
3076 626 3227 694 plena
3253 625 3526 694 iniquitate
3550 626 3672 680 inde

2082 718 2212 790 ipsis
2239 720 2399 773 mittit
2419 721 2652 789 quotidie
2676 737 2690 775 ε
2715 733 2976 788 nemoque
2996 718 3185 787 estqui
3209 718 3306 786 ipsi
3330 733 3433 772 non
3459 719 3668 773 obtem-

2083 819 2251 876 rcrct.
2286 810 2363 866 Ne
2399 812 2575 880 itaque
2601 811 2652 864 in
2681 825 2876 864 vanum
2908 809 3312 878 philosopheris.
3344 808 3473 862 Nam
3501 808 3667 864 senth

2086 902 2222 954 Deus
2245 905 2562 956 sententiam
2595 902 2735 967 tulit,
2767 902 3007 971 dixitque
3036 915 3139 952 non
3175 913 3330 967 posse
3361 899 3497 953 hanc
3524 909 3577 952 et
3602 900 3668 952 il-

2083 994 2184 1046 lam
2207 995 2402 1047 servitu
2412 1004 2513 1048 tem
2534 1009 2636 1046 una
2652 1007 2992 1046 concurrere.
3016 989 3094 1047 Ne
3111 989 3257 1044 dicas
3274 1004 3400 1059 ergo
3418 998 3493 1054 tu,
3514 1004 3671 1056 posse

2081 1098 2420 1139 concurrere.
2451 1085 2580 1138 Cum
2602 1085 2743 1138 enim
2775 1085 2862 1138 ille
2891 1097 3097 1151 rapere,
3123 1081 3208 1137 hic
3227 1095 3349 1137 sese
3369 1080 3668 1148 exspoliare

2076 1172 2288 1241 iubeat;
2313 1174 2396 1228 hic
2425 1185 2628 1229 castum
2657 1189 2794 1238 esse.
2823 1174 2915 1228 illc
2937 1173 3216 1238 fornicari;
3241 1172 3324 1228 hic
3349 1171 3598 1228 inebriari
3617 1185 3668 1225 et

2083 1279 2280 1318 mensa:
2306 1265 2511 1321 deliciis
2533 1267 2663 1328 l'rui,
2698 1267 2786 1320 ille
2814 1275 3052 1321 ventrem
3097 1264 3393 1330 moderari;
3445 1265 3532 1319 hic
3570 1263 3667 1319 dc.-

2081 1357 2286 1426 spicere
2307 1359 2617 1427 praesentia,
2664 1359 2752 1413 ille
2795 1359 2858 1413 iis
2886 1358 3116 1421 luerere;
3149 1358 3237 1412 ille
3262 1359 3375 1426 ipse
3400 1373 3667 1413 marmora

2082 1451 2264 1504 mirari
2307 1460 2362 1505 et
2412 1459 2629 1506 ornatos
2675 1451 2905 1522 parietes
2949 1459 3107 1520 atque
3133 1449 3433 1518 laquearia;
3465 1449 3551 1504 hic
3578 1450 3666 1504 illa

2080 1542 2358 1612 despicere
2379 1553 2433 1597 et
2456 1542 2846 1612 phdosophiam
2890 1543 3066 1596 colere
3105 1559 3118 1595 :
3153 1540 3418 1610 quomodo
3447 1550 3669 1609 possunt

2082 1629 2197 1686 haec
2223 1633 2544 1686 convenire?

2151 1722 2202 1775 2.
2267 1723 2438 1789 Quare
2479 1724 2543 1776 de
2591 1739 2825 1776 mamoua
2876 1723 3021 1788 quasi
3067 1723 3130 1774 tle
3181 1722 3383 1774 domino
3436 1723 3667 1792 loqutmtr

2081 1813 2330 1867 Christus.
2365 1813 2562 1867 Damna
2591 1832 2654 1868 ea:
2691 1815 2878 1868 divitiis
2907 1825 3072 1882 parta.
3095 1844 3163 1854 —
3186 1813 3280 1868 llic
3309 1829 3466 1883 porro
3492 1816 3666 1869 domi-

2082 1923 2208 1959 num
2243 1922 2542 1959 mamouam
2588 1908 2814 1970 vocavit,
2858 1921 2962 1960 non
3006 1906 3146 1975 quod
3195 1916 3379 1960 natura
3421 1909 3539 1960 talis
3575 1909 3666 1970 sit,

2079 1997 2172 2050 sed
2202 1997 2268 2048 ob
2300 2013 2485 2051 eorum
2524 1999 2613 2067 qui
2657 2012 2775 2051 sesc
2819 1998 2892 2050 illi
2925 1997 3204 2065 subjccerc
3243 1998 3534 2052 miseriam.
3576 1996 3671 2054 Sic

2079 2090 2238 2143 etiam
2271 2101 2510 2143 ventrem
2539 2090 2696 2142 deum
2747 2099 2922 2155 vocat,
2970 2104 3072 2142 lion
3123 2105 3150 2141 a
3193 2089 3449 2158 dignitate
3493 2090 3666 2143 domi-

2083 2183 2278 2241 nantis.
2321 2182 2416 2235 sed
2458 2199 2487 2236 a
2528 2181 2872 2237 servientium
2917 2183 3161 2243 miseria;
3205 2183 3343 2251 quod
3372 2183 3517 2238 omni
3544 2199 3668 2253 sup«

2083 2274 2235 2340 plicio
2265 2274 2416 2343 pejus
2444 2284 2544 2337 est,
2588 2284 2642 2328 et
2685 2284 2807 2327 ante
2849 2274 3166 2344 supplicium
3201 2282 3373 2343 potest
3397 2277 3669 2343 captivum

2081 2366 2284 2420 ulcisci.
2312 2367 2515 2433 Quibus
2541 2368 2684 2420 enim
2711 2366 2974 2420 damnatis
3001 2367 3310 2420 miseriores
3339 2383 3442 2420 non
3470 2367 3665 2423 fuerint

2082 2459 2136 2523 ίίν
2179 2458 2266 2527 qui
2309 2457 2478 2511 Deum
2519 2456 2793 2511 dominum
2837 2455 3113 2519 habentes,
3155 2471 3182 2508 a
3228 2465 3335 2510 tam
3381 2470 3665 2514 mansueto

2081 2550 2173 2604 ill)
2213 2560 2378 2620 regno
2416 2550 2482 2604 ad
2532 2550 2899 2620 gravissimam
2944 2565 3003 2604 se
3051 2549 3386 2620 tyrannidem
3436 2553 3663 2608 transfe-

2083 2651 2205 2695 runt
2227 2640 2530 2711 subigendi,
2567 2657 2686 2694 cuin
2716 2648 2920 2696 tantum
2949 2639 3071 2694 hinc
3098 2639 3476 2695 detrimentum
3502 2642 3669 2696 etiam

2081 2732 2134 2786 in
2169 2740 2307 2787 terra
2348 2732 2651 2801 accipiant?
2675 2731 2806 2787 Nam
2841 2732 2963 2786 hinc
2987 2731 3238 2785 danmutn
3267 2733 3472 2801 ingens.
3520 2734 3660 2797 lites,

2080 2825 2359 2889 molestiae,
2392 2823 2835 2885 concertationes,
2867 2823 3098 2889 labores,
3125 2823 3318 2876 animae
3347 2825 3581 2890 c:rcitas,-
3611 2838 3663 2880 et

2079 2917 2217 2985 quod
2245 2917 2480 2970 omnium
2505 2916 2875 2984 gravissimum
2902 2924 3002 2978 est,
3033 2914 3119 2968 illa
3146 2931 3408 2971 mamonze
3432 2919 3666 2975 servitus

2079 3024 2108 3062 a
2161 3009 2407 3078 supernis
2464 3008 2618 3062 bonis
2671 3021 2770 3061 nos
2822 3006 3064 3076 dejicit‘.
3114 3007 3244 3061 Cum
3293 3007 3449 3078 igitur
3489 3025 3554 3063 ex
3598 3011 3667 3064 iis

2078 3102 2326 3154 onmibus
2365 3101 2682 3153 ostendisset
2733 3109 2927 3168 quanta
2971 3097 3172 3152 utilitas
3209 3115 3272 3154 ex
3322 3103 3665 3167 pecuniarum

2081 3204 2388 3260 contemptu
2419 3193 2722 3260 proveniret
2748 3201 2802 3244 et
2827 3191 2891 3246 ad
2921 3192 3088 3262 ipsam
3118 3194 3458 3262 pecuniarum
3483 3205 3660 3248 custo-

2075 3287 2238 3352 tliatn,
2271 3294 2328 3339 et
2365 3286 2428 3338 ad
2475 3285 2665 3338 anima:
2707 3285 3054 3352 voluptatem,
3098 3293 3150 3338 et
3191 3282 3258 3336 ad
3309 3283 3662 3354 philosophia!

2078 3381 2490 3448 possessionem,
2519 3386 2574 3431 et
2597 3377 2660 3430 ad
2690 3376 2900 3447 pietatis
2930 3375 3166 3438 tutelam,
3198 3374 3412 3429 demum
3446 3375 3658 3444 probat,

2076 3471 2240 3540 ipsam
2272 3486 2404 3534 rem,
2436 3469 2504 3522 de
2532 3484 2635 3536 qua
2669 3469 2940 3530 admonet,
2988 3481 3142 3535 posse
3185 3466 3316 3520 lieri.
3357 3467 3477 3520 llaec
3515 3471 3659 3521 enim

2077 3561 2208 3631 legis
2251 3560 2481 3615 l‘erend:e
2525 3560 2724 3628 Optima
2779 3558 2916 3612 ratio
2969 3565 3089 3618 est,
3149 3571 3252 3609 non
3301 3556 3459 3609 modo
3509 3559 3658 3612 utilia

2072 3656 2383 3724 praacipere,
2415 3652 2505 3706 sed
2535 3651 2694 3705 etiam
2725 3649 2994 3719 possibilia
3026 3647 3282 3711 reddere;
3328 3647 3552 3716 ideoijuc
3579 3650 3658 3703 sic

2074 3747 2286 3815 pergit:
2330 3745 2421 3798 2‘).
2469 3741 2641 3795 Nolite
2685 3740 2885 3794 solliciti
2928 3755 3036 3792 esse
3076 3738 3259 3790 animo:
3297 3747 3489 3802 vestrm,
3533 3739 3655 3806 quid

2070 3840 2396 3893 mtmdttcctia.
2443 3837 2518 3890 Ne
2549 3836 2688 3889 enim
2735 3834 2993 3894 dicerent,
3021 3831 3156 3899 Quid
3197 3830 3432 3900 ergo?si
3474 3832 3654 3884 omnia

2070 3931 2429 4001 projirianius,
2464 3926 2728 3994 quomodo
2763 3925 2943 3978 vivere
2987 3921 3325 3992 poterimus?
3348 3921 3468 3974 huic
3503 3921 3652 3989 obje-

2066 4022 2226 4075 cnoni
2274 4029 2572 4088 opportune
2600 4015 2850 4072 occurrit.
2879 4011 3029 4068 Sicut
3054 4011 3193 4066 enim
3233 4010 3278 4065 si
3317 4026 3346 4064 a
3393 4011 3652 4079 principio

2064 4115 2303 4176 dixisset,
2350 4111 2524 4164 Nolite
2560 4108 2763 4163 solliciti
2805 4123 2932 4169 esse,
2977 4104 3235 4158 uiolestus
3275 4118 3457 4157 sermo
3504 4104 3649 4156 visus

2064 4219 2204 4262 esset
2234 4225 2246 4259 :
2279 4207 2356 4261 sic
2387 4214 2664 4274 postquam
2691 4199 2925 4254 ostendit
2950 4196 3235 4266 perniciem
3261 4209 3327 4248 ex
3353 4209 3532 4247 amore
3557 4209 3648 4261 pe-

2061 4301 2252 4356 cnni:e
2287 4308 2524 4368 partam,
2573 4303 2732 4362 captu
2785 4289 2996 4343 facilem
3050 4297 3231 4355 postea
3289 4283 3644 4338 hortationem

2059 4391 2294 4445 adhibet.
2330 4387 2556 4456 Ideoque
2588 4400 2690 4436 non
2720 4381 2877 4433 modo
2906 4378 3056 4440 dixit,
3094 4375 3267 4429 Nolite
3293 4373 3497 4428 solliciti
3515 4390 3640 4436 esse,

2057 4484 2153 4540 set}
2177 4483 2352 4536 addita
2385 4493 2562 4536 causa.
2597 4476 2674 4530 sic
2703 4480 3024 4543 prarccptutn
3069 4468 3277 4523 extulit.
3327 4467 3458 4518 Cum
3498 4466 3640 4519 cnim

2055 4577 2296 4636 dixisset,
2334 4572 2450 4624 Non
2492 4568 2695 4638 potestis
2740 4563 2848 4617 Deo
2891 4558 3074 4614 servire
3120 4568 3166 4611 et
3211 4570 3474 4619 nmmona’,
3517 4555 3642 4608 sub-

2050 4668 2226 4738 junxit
2259 4683 2270 4718 :
2311 4663 2584 4729 Propterea
2615 4659 2726 4710 dico
2751 4653 2906 4714 vobis,
2939 4651 3090 4703 nolite
3114 4647 3316 4700 solliciti
3342 4662 3464 4698 esse.
3503 4643 3637 4696 Pro-

2053 4735 2245 4829 pterea,
2275 4753 2476 4825 quare?
2507 4753 2728 4817 Propter
2759 4748 2943 4814 ingens
2969 4741 3244 4794 damnum.
3276 4736 3456 4805 Neque
3495 4735 3640 4788 enim

2050 4857 2100 4907 in
2133 4849 2370 4921 pecuniis
2400 4853 2602 4897 tantum
2634 4853 2770 4891 noxa
2798 4845 2897 4896 est,
2943 4833 3038 4887 sed
3075 4831 3235 4884 etiam
3269 4830 3322 4882 in
3353 4828 3638 4897 praecipuis

2050 4948 2197 5014 plaga
2235 4939 2505 5007 inﬂigitur,
2539 4934 2697 4987 etiam
2730 4946 2792 4981 ex
2821 4927 3006 4980 salutis
3042 4923 3350 4976 amissione.
3380 4919 3510 4974 Nam
3539 4935 3635 4972 vos

2045 5010 2070 5086 ξι
2124 5010 2230 5087 lico
2268 5037 2531 5089 creatore,
2568 5032 2834 5084 curatore,
2880 5027 3117 5071 amatore
3161 5013 3436 5080 (lC‘jlcllllll.
3500 5010 3632 5063 Pro-

2048 5136 2214 5195 pterea
2240 5125 2352 5177 dico
2380 5121 2535 5184 ratiis,
2579 5115 2754 5170 Nolite
2784 5112 2987 5167 solliciti
3028 5126 3152 5164 esse.
3187 5107 3447 5174 Quoniam
3485 5105 3628 5156 cuitu

2045 5217 2231 5287 ingens
2269 5218 2644 5268 nocmnentum
2680 5203 2936 5266 ostendit,
2984 5209 3306 5271 prasceptum
3360 5195 3622 5250 extendit.

2043 5310 2157 5366 Non
2185 5308 2343 5365 modo
2368 5305 2509 5361 enim
2533 5304 2670 5357 bona
2697 5299 2893 5368 ejicere
2917 5295 3090 5366 jubet,
3123 5291 3216 5347 sed
3258 5291 3418 5346 etiam
3445 5289 3511 5342 de
3541 5303 3626 5342 ne~

2041 5404 2272 5460 cessario
2314 5400 2433 5456 cibo
2477 5395 2736 5461 sollicitos
2778 5405 2897 5445 esse
2942 5397 3116 5452 vetat,
3157 5386 3340 5440 dicens
3388 5403 3400 5438 :
3452 5380 3625 5434 Nolite

2038 5495 2242 5551 solliciti
2265 5508 2372 5548 esse
2401 5489 2584 5542 auium:
2613 5495 2805 5548 vestrm,
2833 5481 2955 5552 quid
2984 5475 3317 5534 ummlucetis.
3347 5472 3460 5528 Non
3481 5473 3621 5541 quod

2105 5602 2119 5632 ί
2145 5598 2233 5647 Ed.
2259 5596 2507 5653 Cantabr,
2542 5592 2681 5653 cujus
2709 5591 2873 5653 Graeca
2900 5580 3245 5653 expressimus
3274 5592 3284 5625 :
3311 5583 3354 5653 et
3373 5590 3419 5653 qs
3441 5585 3622 5653 late:

2045 5637 2845 5767 rica-cidtt
2883 5663 2912 5696 α
2954 5637 3175 5705 supernis
3213 5637 3452 5698 leuis,“
3475 5637 3626 5696 est,a

2042 5727 2240 5775 servitte
2314 5732 2377 5769 ct.
