4080 6138
443 267 546 320 207

443 378 617 432 anima
647 378 770 434 cibo
797 385 964 447 egeat,
992 376 1301 443 incorporea
1334 369 1473 422 enim
1497 375 1610 428 est;
1641 365 1731 420 sed
1753 363 2022 417 communi

446 468 694 539 lnqueudi
743 484 891 521 more
948 481 1075 519 usus
1118 473 1219 517 est.
1280 459 1496 514 Etiamsi
1553 458 1692 510 enim
1746 455 1867 508 cibo
1917 468 2022 507 non

445 572 618 632 egeat.
648 577 750 614 non
777 568 948 628 potest
975 557 1026 610 in
1057 569 1280 621 corpore
1308 565 1544 615 manere,
1589 546 1687 600 nisi
1721 546 1893 616 ipsum
1923 561 2025 598 nu-

447 657 656 713 triatur.
692 654 973 721 Postquam
997 649 1098 702 hoc
1120 649 1270 710 dixit,
1303 660 1404 698 non
1434 642 1746 711 simpliciter
1772 639 2025 708 loquitur,

445 749 537 800 sed
569 746 653 798 hic
697 744 856 797 etiam
887 745 1051 798 utitur
1093 737 1416 799 ratiociniis;
1455 750 1679 804 quorum
1726 732 1826 786 alia
1863 747 1931 785 ex
1963 731 2026 783 iis

445 853 562 906 quae
588 834 724 904 apud
757 849 852 887 nos
890 840 1032 892 sunt,
1063 831 1164 889 alia
1192 845 1254 884 ex
1283 827 1400 880 aliis
1427 824 1685 892 exemplis
1723 831 2049 879 sumuntura

451 929 522 982 Ex
557 927 621 981 iis
655 942 771 995 qua:
797 923 936 994 apud
965 938 1064 980 nos
1093 930 1215 974 sunt
1253 920 1330 972 sic
1367 919 1476 972 ait:
1504 913 1690 968 Nonne
1719 915 1889 967 anima
1914 911 2049 982 plus.

446 1028 519 1072 est
556 1033 707 1086 qnam
741 1033 873 1080 esca,
905 1025 952 1068 et
977 1029 1158 1082 corpus
1188 1011 1303 1080 plus
1332 1024 1482 1078 quam
1508 1005 1893 1061 vestimentum?
1926 1003 2027 1071 Qui

451 1110 606 1179 igitur
637 1109 686 1162 id
713 1107 852 1176 quod
887 1106 1056 1176 majus
1083 1115 1163 1158 est
1188 1103 1355 1168 dedit,
1386 1099 1655 1170 quomodo
1683 1099 1824 1169 quod
1853 1098 2029 1152 minus

449 1212 532 1264 est
579 1218 682 1255 non
730 1199 920 1264 dabit?
955 1198 1043 1266 qui
1093 1210 1307 1248 carnem
1353 1209 1472 1262 qua:
1509 1193 1671 1245 alitur
1708 1188 2026 1254 ell'ormavit,

449 1293 717 1363 quomodo
745 1291 844 1360 ipsi
882 1304 1056 1344 escam
1085 1304 1189 1340 non
1225 1283 1472 1354 przchehit
1493 1284 1516 1336 ?
1541 1281 1666 1335 Ideo
1695 1297 1798 1333 non
1826 1278 2030 1348 simpli-

449 1387 585 1441 citer
624 1384 757 1439 dixit
787 1402 800 1438 :
826 1379 1002 1434 Nolite
1036 1379 1240 1432 solliciti
1268 1392 1391 1438 esse,
1419 1371 1909 1444 quid-manducetis,
1941 1377 2032 1420 aut

451 1495 547 1548 quo
583 1473 901 1539 induamini;
941 1473 1032 1525 sed
1077 1469 1252 1532 addit,
1286 1468 1518 1535 Corpori,
1548 1471 1618 1527 et,
1651 1463 1877 1525 Animtr;
1909 1460 2029 1528 quia

453 1551 514 1622 es
540 1567 667 1635 ipsis
694 1573 809 1618 erat
829 1562 1070 1630 exempla
1098 1569 1426 1625 sumpturus,
1463 1569 1555 1623 per
1578 1551 2029 1619 comparationem

455 1657 767 1726 procedens.
796 1653 900 1710 Sed
929 1652 1161 1708 animam
1200 1647 1413 1717 quidem
1441 1644 1616 1702 semel.
1632 1642 1799 1706 dedit,
1830 1651 1886 1718 et
1914 1654 2029 1693 ma-

457 1761 543 1800 net
562 1747 652 1799 illa
670 1754 726 1799 ut
742 1745 863 1799 data
880 1758 983 1810 est;
998 1759 1196 1814 corpus
1209 1759 1334 1796 vero
1354 1751 1582 1812 augetur
1595 1740 1861 1812 quotidie.
1879 1737 2034 1805 Quod

458 1848 747 1908 utrumque
761 1847 818 1890 ιιι
837 1836 1090 1901 ostendit,
1109 1846 1160 1889 et
1175 1835 1320 1889 illius
1337 1834 1820 1898 immortalitatem,
1840 1830 2035 1901 hujus-

453 1946 561 1996 que
578 1928 774 1990 ﬂuxam
793 1936 1041 1980 naturam
1059 1927 1493 1990 dechravitduee
1506 1923 1780 1993 subiungit
1795 1921 1889 1976 :27
1903 1920 2033 1985 Quis

456 2003 612 2079 potest
638 2031 700 2067 ea:
725 2013 859 2066 vobis
896 2013 1115 2082 adjicere
1146 2019 1350 2063 statura:
1364 2023 1472 2061 sua:
1485 2007 1704 2060 cubitum
1733 2003 1930 2057 unum?
1959 2003 2037 2058 De

455 2108 627 2160 anima
657 2116 854 2171 tacens,
897 2121 1014 2173 quas
1043 2104 1364 2163 incrementa
1404 2116 1508 2153 non
1539 2105 1774 2168 caperet,
1817 2097 1884 2150 de
1918 2111 2038 2150 cor-

456 2215 584 2268 pore
612 2196 1088 2255 tantumdisseruit
1117 2211 1131 2248 :
1158 2210 1223 2247 ex
1263 2209 1369 2261 quo
1399 2191 1525 2247 illttd
1555 2189 1809 2254 ostendit,
1847 2204 2038 2256 nempe

454 2305 558 2345 non
581 2289 701 2343 cibo
723 2286 848 2341 illud
869 2287 1070 2355 augeri,
1100 2283 1192 2338 sed
1218 2283 1305 2337 Dei
1331 2281 1678 2352 providentia.
1699 2280 1852 2349 Quod
1877 2281 2036 2335 etiam

454 2398 549 2450 per
568 2381 668 2435 alia
699 2381 889 2434 Paulus
915 2381 1287 2432 dI‘IIIOIISU‘aIIS
1309 2376 1552 2451 dicchat:
1579 2373 1743 2445 Igitur
1771 2390 1928 2443 neque
1952 2374 2039 2443 qui

456 2475 671 2542 plantat,
719 2488 874 2541 neque
916 2471 1004 2540 qui
1047 2470 1197 2540 rigat,
1241 2479 1311 2522 est
1357 2467 1570 2537 aliquid,
1616 2466 1702 2519 scd
1739 2465 1824 2535 qui
1869 2466 2040 2518 incre-

457 2577 675 2620 mentum
704 2566 812 2627 dat,
843 2563 977 2616 Deus
1006 2564 1084 2631 (1.
1122 2560 1239 2614 Cor.
1273 2561 1325 2613 5.
1351 2560 1425 2628 7).
1458 2557 1539 2612 Ab
1569 2557 1631 2611 iis
1657 2557 1814 2626 igitur
1839 2572 1955 2626 qua:
1988 2562 2042 2615 in

456 2663 607 2715 nohis
633 2671 757 2715 sunt
779 2662 846 2713 ita
871 2657 1179 2712 cohortatus
1206 2663 1290 2708 est
1313 2672 1326 2708 :
1353 2653 1421 2706 ab
1446 2651 1566 2705 aliis
1587 2665 1714 2704 vero
1741 2649 2035 2718 exemplis:

452 2754 542 2807 96.
596 2753 816 2822 Aspicite
858 2749 1082 2804 volatilia
1126 2747 1270 2810 cwli,
1321 2744 1509 2814 inquit.
1543 2742 1617 2796 Ne
1647 2743 1766 2812 quis
1799 2741 2033 2807 diceret,

454 2847 592 2899 utile
633 2844 785 2898 nobis
823 2859 944 2897 esse
985 2842 1029 2894 si
1077 2839 1288 2894 solliciti
1323 2839 1510 2900 simus,
1542 2845 1596 2891 et
1628 2850 1658 2888 ιι
1695 2834 1883 2902 majori
1915 2844 1970 2888 et
2005 2849 2034 2887 a

456 2936 647 2989 minori
675 2937 818 3003 ipsos
844 2932 1196 2996 dehortatur;
1224 2946 1252 2983 a
1297 2929 1483 2998 majori
1515 2943 1728 2996 nempe,
1760 2927 1826 2980 ab
1859 2925 2037 2979 anima

453 3039 507 3080 et
551 3042 807 3095 Corpore;
854 3041 884 3080 a
925 3024 1138 3086 minori,
1166 3023 1468 3079 ah.avilnts.
1505 3021 1560 3074 Si
1605 3021 1748 3078 enim
1779 3021 1938 3074 etiam
1969 3021 2038 3074 de

456 3123 611 3189 longe
628 3118 1190 3174 inferioribuslaulam
1208 3116 1345 3185 gerit
1368 3130 1572 3175 curam,
1596 3113 1863 3181 tpiomodo
1891 3112 2038 3166 vobis

457 3235 560 3271 non
593 3217 827 3287 idipsum
847 3213 1153 3283 praestabit;
1184 3211 1370 3280 inquit.
1402 3211 1466 3263 Iit
1495 3209 1609 3262 hzec
1643 3208 1859 3277 quidem
1891 3208 2034 3270 illis;

455 3320 571 3364 erat
597 3312 793 3379 quippe
821 3309 971 3361 turba
1010 3305 1224 3375 populi;
1260 3304 1473 3358 diabolo
1503 3310 1681 3356 autem
1706 3317 1810 3353 non
1837 3301 1914 3353 sic
1947 3315 2034 3354 re-

455 3403 688 3469 spondit.
719 3401 812 3454 sed
841 3398 1144 3469 quomodo?
1173 3395 1296 3450 Non
1326 3397 1377 3449 in
1407 3396 1516 3448 solo
1542 3411 1672 3462 pane
1710 3395 1835 3446 vivet
1864 3393 2034 3455 Itonia,

456 3495 544 3546 scd
583 3494 634 3546 in
659 3492 797 3546 omni
829 3491 972 3544 verbo
996 3489 1135 3559 quod
1160 3487 1383 3558 procedit
1411 3487 1472 3541 de
1503 3503 1590 3540 ore
1616 3485 1710 3539 Dei
1739 3483 1953 3556 (Matth.
1981 3486 2033 3540 4.

457 3585 532 3654 At).
569 3586 662 3638 llic
687 3596 864 3638 autem
891 3582 1122 3640 volatilia
1146 3590 1424 3644 memorat,
1451 3579 1543 3634 sed
1571 3580 1730 3634 modo
1754 3579 1818 3633 ad
1845 3580 2038 3634 cohor-

458 3678 678 3731 tandem
708 3677 931 3744 optimo,
975 3675 1062 3744 qui
1105 3675 1156 3726 in
1202 3673 1563 3726 admonitione
1610 3671 1893 3725 maximam
1933 3672 2036 3724 vim

461 3770 667 3822 habeat.
702 3767 807 3822 Sed
836 3767 888 3820 in
917 3774 1120 3820 tantum
1150 3764 1466 3832 insipientia:
1505 3761 1716 3832 quidam
1759 3761 1905 3830 impii
1945 3777 2039 3817 ve-

461 3868 666 3922 nerant,
718 3869 774 3912 ut
813 3857 1115 3924 exemplum
1161 3854 1634 3925 reprehenderent.
1679 3852 1858 3922 Neque
1896 3853 2038 3908 enim

459 3951 712 4019 «monuit,
738 3948 1065 4019 iuquiebaut,
1088 3963 1208 4000 eum
1225 3947 1313 4014 qui
1343 3945 1640 3998 voluntates
1664 3945 1940 4010 excitaret,
1973 3961 2037 3998 ex

463 4041 780 4096 natinalium
809 4055 985 4094 rerum
1029 4038 1287 4106 exemplis
1328 4037 1376 4090 id
1405 4053 1581 4106 agerc,
1608 4037 1804 4106 quippe
1839 4053 1958 4106 qua:
1988 4037 2038 4091 id

463 4137 689 4189 habeant
712 4152 778 4188 ex
808 4144 1015 4187 natura.

531 4230 583 4280 5;
623 4229 759 4295 Quid
792 4226 950 4296 igitur
975 4223 1039 4278 ad
1070 4222 1181 4276 lure
1205 4221 1484 4275 dicamus?
1510 4221 1727 4275 Etiamsi
1771 4221 1912 4276 id-ex
1943 4237 2038 4274 na—

463 4332 575 4376 tura
601 4322 722 4375 insit
753 4320 878 4384 illis,
909 4333 1065 4388 posse
1097 4315 1154 4370 id
1173 4315 1333 4370 etiam
1365 4313 1518 4366 nobis
1557 4329 1621 4366 ex
1656 4313 1832 4366 studio
1858 4314 2040 4368 volun-

463 4416 583 4469 tatis
621 4413 896 4468 accedere.
953 4411 1066 4464 Non
1114 4408 1255 4464 enim
1306 4406 1458 4473 dixit,
1490 4405 1756 4474 Respicite
1804 4407 2039 4460 volatilia

463 4507 730 4575 quomodo
755 4506 952 4568 volent,
1000 4503 1140 4572 quod
1176 4517 1280 4554 non
1316 4509 1491 4570 potest
1531 4499 1712 4566 homo,
1759 4498 1852 4553 sed
1898 4498 2038 4567 quod

461 4601 578 4653 sine
607 4596 964 4651 sollicitudine
988 4596 1196 4646 alantur
1221 4611 1232 4644 :
1263 4591 1403 4660 quod
1443 4591 1596 4643 nobis
1635 4591 1794 4643 etiam
1825 4591 1967 4652 Περὶ,
1996 4590 2040 4643 si

465 4692 727 4744 volumus.
758 4687 922 4755 quue
965 4685 1378 4754 comprobarunt
1417 4683 1448 4736 ii
1492 4683 1578 4752 qui
1612 4681 1659 4734 id
1687 4697 1851 4749 opere
1888 4682 2038 4734 exhi-

467 4787 712 4837 hncrunt.
746 4781 1078 4846 Qttapi-Opter
1107 4792 1317 4828 sutume
1344 4773 1653 4826 admiranda
1697 4781 1778 4826 est
1810 4772 2037 4840 Legisla-

468 4873 596 4929 toris
625 4869 923 4938 prudentia,
955 4867 1042 4936 qui
1071 4881 1189 4919 cum
1220 4880 1284 4919 ex
1319 4865 1624 4917 hominibus
1652 4863 1890 4932 proferre
1923 4880 2043 4928 pos..-

465 4960 890 5028 setexemplum,
921 4957 1044 5010 etin
1073 4956 1303 5009 medium
1332 4953 1597 5007 adducere
1630 4953 1854 5014 lleliam,
1900 4953 2040 5022 Moy-

465 5073 600 5120 sem,
661 5053 945 5114 Joannem,
990 5049 1228 5116 aliosque
1269 5047 1472 5100 similes
1516 5045 1603 5112 qui
1643 5045 1710 5098 de
1763 5045 1882 5098 cibo
1937 5061 2043 5098 non

465 5147 675 5203 colli-citi
709 5145 956 5205 fuerant;
999 5151 1057 5195 ut
1086 5141 1205 5193 illos
1250 5141 1416 5206 magis
1460 5139 1862 5207 perstringerel,
1906 5139 2042 5192 irra-

465 5241 737 5296 tionabilia
774 5235 1023 5291 animalia
1067 5233 1397 5286 memoravit.
1441 5231 1494 5286 Si
1540 5233 1680 5285 enim
1713 5233 1886 5302 justos
1926 5233 2046 5286 illos

466 5335 763 5404 allegasset,
793 5329 971 5384 dicere
997 5324 1307 5396 ιιοιυὶεεριιι.
1331 5323 1573 5378 Nondum
1602 5325 1666 5377 ad
1696 5324 1905 5377 illorum
1933 5325 2044 5376 vir-

471 5436 632 5479 tutem
664 5421 992 5493 pcrtigimus.
1043 5417 1195 5472 Nunc
1241 5423 1416 5469 autem
1466 5430 1584 5467 cum
1631 5416 1752 5469 illos
1781 5417 1960 5479 tacuit,
1995 5429 2045 5470 et

469 5518 701 5580 volatilia
725 5515 839 5568 cadi
868 5511 1090 5574 induxit,
1122 5523 1336 5561 omnem
1366 5506 1470 5559 illis
1509 5509 1840 5560 occasionem
1873 5511 2044 5562 succi-

468 5613 562 5669 dit.
607 5610 700 5661 hac
734 5609 784 5660 in
830 5624 885 5660 re
916 5613 1147 5657 veterem
1197 5601 1363 5667 legem
1408 5598 1659 5651 imitatus.
1709 5599 1836 5652 Nam
1890 5600 2047 5653 Vetus

468 5700 870 5756 Testamentum
896 5693 960 5747 ad
992 5708 1141 5763 apem
1186 5694 1362 5757 mittit,
1399 5691 1461 5743 ad
1483 5690 1776 5755 ftt'l.'l!tt':t':t,
1825 5691 1886 5745 ad
1931 5703 2040 5746 Inr—

1433 253 1495 307 lN
1534 246 1931 307 ΜΛΤΤΙΙᾸΞΙΞΜ
1976 245 2198 303 IlOMlL.
2241 244 2384 301 XXI.
2425 246 2494 300 al.
2536 243 2701 300 ΧΧΙΙ.

3609 247 3714 304 293

2133 366 2329 426 tarem,
2359 359 2424 414 ad
2455 357 2815 412 hirundinem.
2857 357 2962 413 Nec
2994 372 3216 428 parvum
3263 358 3363 415 hoc
3395 368 3476 415 est
3515 361 3714 416 homini

2135 452 2351 507 honoris
2380 461 2769 522 argumentum,
2794 451 3009 520 quando
3035 467 3154 521 qua:
3179 452 3266 506 illa
3301 468 3366 507 ex
3405 461 3592 507 natura
3619 455 3714 508 hac

2135 545 2280 610 bent,
2328 561 2426 599 nos
2468 559 2752 616 possumus
2790 559 2853 597 ex
2885 543 3177 597 voluntatis
3205 543 3434 599 arbitrio
3457 545 3714 600 nancisci.

2133 637 2198 692 St
2217 640 2374 707 igitur
2395 637 2603 691 illorum
2631 653 2748 706 qua:
2777 643 2997 705 propter
3015 649 3114 690 n0s
3140 646 3315 689 creata
3347 647 3490 702 sunt,
3518 647 3717 692 tantam

2136 730 2268 798 gerit
2301 729 2710 798 providentiam,
2739 737 2937 798 quanto
2969 729 3136 798 magis
3164 730 3506 784 nostrum‘isi
3533 745 3722 784 servo-

2135 837 2274 887 rum,
2303 831 2502 891 quanto
2527 822 2696 891 magis
2727 821 3020 876 berorum?
3042 819 3166 875 Ideo
3185 821 3397 874 dicebat
3423 840 3434 874 :
3469 822 3725 893 Respicite

2135 913 2360 966 volatilia
2387 928 2407 967 :
2433 928 2532 966 nec
2560 911 2782 980 addidit,
2815 911 2956 982 quod
2989 928 3092 966 neu
3119 913 3486 981 cauponentur
3509 913 3590 968 vel
3623 929 3721 968 uc-

2134 1003 2444 1072 gotieutur-z
2481 1004 2594 1058 lucc
2633 1003 2828 1074 quippe
2865 1003 3154 1058 admodum
3203 1004 3482 1073 reprobate
3525 1015 3720 1071 erant;

2137 1098 2230 1151 sed
2265 1097 2404 1167 quod
2434 1114 2537 1152 non
2565 1107 2766 1160 serant,
2800 1113 2972 1166 neque
2999 1106 3218 1152 metant.
3249 1097 3384 1164 Quid
3417 1099 3614 1169 igitur?
3643 1101 3725 1154 iu-

2137 1189 2308 1258 quics,
2323 1204 2498 1242 atmon
2521 1188 2805 1242 serendum
2827 1188 2927 1242 erit
2942 1190 2967 1241 Ἰ
2981 1187 3094 1242 Non
3116 1187 3268 1252 dixit,
3283 1205 3389 1243 non
3409 1205 3530 1244 esse
3547 1205 3724 1244 seren-

2137 1282 2284 1340 dum,
2298 1282 2392 1334 Sed
2412 1296 2516 1335 non
2534 1281 2815 1335 sollicitum
2831 1295 2948 1334 esse
2965 1290 3212 1348 oportere
3231 1298 3243 1334 :
3261 1281 3594 1351 nequedixit,
3616 1298 3721 1335 non

2139 1373 2485 1441 operandmn,
2504 1372 2595 1427 sed
2612 1388 2716 1425 non
2738 1371 3132 1440 pusillanimum
3146 1387 3287 1434 esse,
3306 1387 3613 1441 neque-sese
3626 1376 3736 1427 sol».

2141 1464 2501 1518 licitudinibus
2521 1479 2808 1518 macerare.
2825 1462 2956 1516 Nam
2971 1463 3220 1516 alimenta
3238 1466 3722 1534 sumerepnecipit,

2139 1556 2232 1610 sed
2257 1557 2457 1623 alisque
2497 1555 2870 1609 sollicitudine.
2916 1553 3067 1608 llunc
3095 1569 3256 1623 porro
3292 1569 3594 1610 sermonem
3614 1557 3723 1626 jam

2141 1649 2411 1719 praemittit
2454 1649 2636 1708 David.
2669 1649 2746 1703 sic
2781 1648 3110 1718 :euigmatice
3154 1647 3376 1716 loquens
3409 1667 3422 1703 :
3453 1649 3628 1716 Aperi:
3672 1660 3726 1702 tu

2140 1757 2343 1794 manum
2396 1750 2532 1793 tuam
2561 1781 2574 1801 ,
2631 1752 2674 1794 et
2719 1739 2896 1810 imples
2955 1756 3102 1794 omne
3149 1739 3343 1794 animal
3387 1739 3728 1795 benedictione

2145 1831 2314 1904 (Psai.
2355 1833 2474 1885 Ni.
2516 1831 2640 1901 lb‘):
2673 1841 2727 1886 et
2769 1846 2972 1894 rursus,
3027 1831 3128 1895 Qui
3167 1832 3253 1884 dat
3276 1833 3523 1901 jumentis
3565 1849 3726 1886 escam

2141 1923 2389 1993 ipsorum,
2407 1933 2455 1976 et
2472 1923 2624 1993 pullis
2645 1941 2906 1977 corvorum
2924 1923 3266 1977 invocantibus
3278 1941 3392 1977 eum
3409 1925 3580 1994 (i‘sal.
3591 1930 3624 1980 ’1
3636 1927 3724 1980 sti.

2143 2017 2222 2087 9).
2270 2017 2335 2070 Et
2359 2017 2576 2085 quinam
2607 2026 2752 2081 sunt,
2797 2017 3024 2085 inquies,
3076 2017 3163 2086 qui
3210 2033 3318 2071 non
3362 2019 3573 2071 solliciti
3611 2021 3727 2072 fue-

2144 2110 2308 2163 runt?
2331 2109 2446 2162 Non
2475 2109 2666 2163 audisti
2705 2119 2832 2179 quot
2860 2109 2999 2162 viros
3027 2109 3375 2178 protulerint?
3404 2125 3578 2164 annon
3604 2126 3726 2165 cum

2145 2200 2247 2255 illis
2267 2200 2376 2270 jam
2408 2201 2716 2256 memoratis
2762 2199 2936 2253 vidisti
2980 2199 3236 2254 Jacobum
3283 2199 3481 2254 nudum
3523 2216 3586 2256 ex
3639 2218 3730 2270 pa-

2147 2304 2292 2348 terna
2325 2295 2485 2348 domo
2518 2293 2846 2363 protectum?
2875 2308 2978 2347 non
3003 2292 3154 2348 audis
3181 2308 3302 2348 cum
3334 2303 3636 2361 precantem
3667 2310 3730 2349 ac

2143 2387 2408 2440 dicentem
2441 2404 2452 2438 :
2483 2386 2544 2440 Si
2569 2385 2763 2438 dederit
2789 2385 2912 2436 mihi
2943 2383 3078 2437 Deus
3109 2400 3289 2451 panem
3320 2385 3388 2436 ad
3417 2385 3729 2438 manducau-

2143 2478 2283 2539 dnm,
2331 2487 2378 2531 et
2420 2477 2762 2530 uestimentum
2806 2492 2904 2543 quo
2950 2474 3150 2542 operiar
3179 2473 3334 2542 (Gen.
3379 2474 3471 2529 28.
3514 2475 3646 2545 30)?
3676 2476 3730 2531 Id

2142 2569 2282 2636 quod
2316 2584 2419 2621 non
2449 2567 2686 2630 solliciti,
2731 2566 2824 2620 sed
2866 2583 2894 2620 a
2933 2568 3042 2621 Deo
3070 2575 3236 2620 totum
3263 2567 3554 2637 quxerentis
3591 2577 3728 2621 erat.

2147 2658 2258 2713 l-loc
2299 2668 2353 2711 et
2396 2658 2625 2727 apostoli
2683 2656 2892 2711 l‘ortitt-r
2939 2667 3182 2727 egerunt,
3227 2657 3477 2711 omnibus
3531 2658 3733 2712 relictis

2145 2753 2274 2806 nihil
2306 2751 2518 2806 solliciti
2554 2769 2568 2806 :
2597 2752 2674 2806 sic
2715 2751 2802 2805 illa
2832 2751 3068 2820 quinque
3108 2749 3294 2813 tuillia,
3339 2748 3417 2803 sic
3442 2749 3539 2804 tria
3568 2750 3732 2805 millia

2146 2845 2419 2898 hominum
2447 2843 2545 2916 (a).
2575 2844 2629 2898 Si
2662 2857 2789 2896 vero
2815 2842 2897 2896 his
2920 2842 3134 2905 auditis,
3165 2857 3269 2895 non
3300 2842 3534 2896 sustines
3555 2842 3732 2899 adhuc

2147 2937 2260 2992 haec
2288 2937 2420 2992 dura
2443 2937 2651 2992 vincula
2680 2936 2908 2999 solvere,
2938 2937 3148 3005 cognita
3176 2937 3367 2990 saltem
3396 2936 3729 2992 curzeinuti-

2147 3029 2314 3092 litate,
2346 3028 2496 3081 Solve
2536 3026 2948 3082 sollicitudinem
2984 3044 2996 3079 :
3027 3026 3118 3079 27.
3153 3026 3277 3091 Quis
3302 3027 3436 3079 enim
3473 3042 3536 3080 ea:
3572 3027 3729 3093 vobis,

2147 3120 2334 3188 inquit,
2388 3120 2597 3172 sollicite
2630 3119 2858 3189 cogitans
2907 3126 3063 3187 potest
3110 3118 3342 3182 adiicere
3375 3119 3733 3175 «(leniturum

2144 3227 2287 3264 suam
2317 3209 2532 3263 cubitum
2556 3226 2710 3262 unum
2727 3210 2752 3262 ἶ)
2779 3209 2912 3263 Vide
2937 3209 3204 3278 quomodo
3221 3225 3284 3263 ex
3310 3225 3383 3264 eo
3395 3211 3534 3280 quod
3560 3214 3732 3271 niani..-

2148 3303 2376 3367 festum,
2439 3302 2488 3354 id
2542 3301 2682 3371 quod
2731 3301 2998 3354 occultqu
3055 3309 3170 3355 erat
3213 3301 3417 3355 clarmn
3473 3303 3729 3360 effecerit.

2146 3391 2603 3459 Quemadmodum
2646 3392 2787 3446 enim
2827 3393 3059 3460 corpori,
3103 3393 3293 3461 inquit,
3346 3408 3414 3448 ne
3451 3395 3731 3452 minimum

2145 3484 2364 3554 quidem
2409 3493 2626 3537 statura:
2674 3482 2905 3553 adjicere
2943 3482 3182 3553 cogitans
3224 3484 3421 3553 poteris
3459 3487 3581 3540 :sic
3635 3504 3762 3550 uee_,

2145 3581 2392 3634 alimenta
2445 3594 2826 3656 congregare,
2862 3579 3072 3632 etiamsi
3120 3587 3171 3632 te
3227 3593 3386 3650 posse
3433 3580 3728 3642 existimes.

2146 3673 2281 3728 liinc
2323 3683 2500 3727 autem
2533 3672 2745 3742 planum
2791 3654 2892 3735 est,
2945 3687 3048 3725 non
3089 3654 3291 3726 curam
3330 3681 3587 3736 nostram,
3636 3675 3733 3729 sed
3767 3717 3770 3719 .

2149 3765 2242 3819 Dei
2282 3765 2670 3834 providentiam
2702 3763 2754 3817 in
2783 3763 2848 3816 iis
2871 3763 3030 3816 etiam
3057 3778 3174 3832 qua:
3196 3778 3359 3833 opera
3400 3773 3579 3819 nostra
3619 3767 3731 3820 tieri

2122 3869 2414 3926 .putamns,
2444 3866 2610 3908 totum
2643 3853 2900 3924 perficere
2928 3871 2941 3906 :
2974 3854 3042 3907 ita
3074 3865 3129 3908 ut
3155 3855 3198 3907 si
3226 3870 3324 3908 nos
3353 3855 3442 3909 ille
3467 3857 3732 3925 relinque-

2147 3957 2248 4010 ret,
2283 3962 2381 4001 nec
2406 3961 2556 4013 cura,
2590 3960 2689 4000 nec
2733 3943 3058 4010 sollicitudo,
3099 3959 3198 3998 nec
3224 3944 3394 4010 labor,
3445 3962 3544 4001 nec
3586 3946 3731 4000 aliud

2146 4041 2414 4110 quidpiam
2456 4039 2629 4093 sitnile
2659 4051 3030 4092 successurum
3061 4046 3224 4102 esset,
3266 4038 3380 4092 sed
3402 4040 3579 4094 omnia
3613 4055 3735 4109 pos-

2146 4146 2262 4185 sum
2294 4131 2520 4184 abirent.

2217 4222 2270 4275 4.
2316 4219 2583 4288 Prwccpta
2609 4218 2702 4274 Dei
2726 4219 2925 4288 impleri
2953 4228 3182 4288 possunt.
3207 4247 3277 4261 ο-
3309 4217 3390 4274 Ne
3417 4223 3590 4290 itaque
3633 4238 3732 4289 pu-

2150 4323 2323 4366 temus
2353 4322 2614 4387 pra-cepta
2647 4309 2851 4380 impleri
2892 4325 2996 4364 non
3029 4324 3217 4379 posse:
3245 4311 3392 4364 multi
3421 4312 3562 4366 enim
3594 4330 3734 4369 nunc

2149 4405 2307 4459 etiam
2338 4413 2480 4468 sunt,
2511 4404 2598 4470 qui
2628 4403 2714 4456 illa
2737 4411 3053 4472 sequuntur.
3087 4400 3146 4457 Si
3174 4411 3228 4456 tu
3256 4401 3356 4456 hoc
3391 4403 3625 4471 ignoras,
3647 4404 3731 4458 ni-

2151 4495 2220 4548 hil
2254 4495 2467 4560 mirum,
2515 4492 2991 4563 siquidemﬂelias
3020 4509 3079 4548 se
3120 4493 3292 4548 solum
3334 4510 3455 4548 esse
3483 4495 3732 4562 putabat;

2147 4587 2239 4640 sed
2267 4587 2498 4641 audivit:
2524 4585 2722 4655 Reliqui
2745 4586 2866 4638 mihi
2882 4596 3068 4655 septem
3085 4586 3244 4638 millia
3260 4588 3480 4639 virorum
3509 4586 3732 4658 (ὅμηρα,

2156 4680 2236 4732 lt).
2267 4678 2374 4749 18);
2425 4677 2577 4732 Unde
2605 4679 2819 4747 [uanum
2851 4688 2952 4740 est,
2983 4678 3142 4732 etiam
3175 4693 3314 4732 lltltlc
3338 4692 3458 4732 esse
3481 4678 3569 4746 qui
3589 4695 3731 4747 ,apo-

2148 4772 2389 4824 stetit-am
2437 4770 2633 4823 ducant
2686 4769 2867 4834 vitam,
2917 4767 3365 4838 quemadmodum
3411 4780 3620 4823 ct-tunc
3657 4778 3742 4826 ter

2150 4864 2294 4916 mille
2319 4874 2373 4917 ct
2401 4863 2680 4932 quinquies
2709 4863 2852 4916 mille
2880 4861 3140 4915 homines.
3176 4861 3232 4917 Si
3270 4874 3449 4918 autem
3479 4879 3584 4917 non
3621 4880 3739 4918 cre-

2150 4956 2345 5019 dimus,
2390 4969 2494 5006 non
2544 4953 2667 5024 quia
2705 4953 2900 5008 desunt
2940 4955 3028 5023 qtti
3075 4964 3223 5009 recte
3263 4955 3464 5021 vivant,
3493 4955 3586 5009 sed
3615 4957 3739 5024 quia

2156 5047 2310 5116 longe
2335 5047 2402 5100 ab
2433 5045 2538 5100 illis
2567 5045 2840 5112 absumus,
2873 5047 2941 5100 ita
2971 5045 3144 5100 allecti
3174 5062 3380 5101 sumus.
3410 5047 3559 5101 Sicut
3586 5046 3629 5099 is
3649 5046 3742 5112 qtti

2152 5141 2330 5195 ebrius
2364 5149 2467 5201 est,
2511 5156 2616 5193 non
2659 5138 2812 5194 facile
2841 5140 3194 5196 credat-esse
3227 5140 3494 5195 hominem
3543 5138 3632 5206 qui
3675 5153 3744 5190 uo

2153 5250 2342 5305 aquam
2373 5233 2584 5304 quidem
2615 5235 2890 5304 degustet:
2921 5236 3130 5290 etiamsi
3159 5235 3260 5289 hoc
3291 5243 3473 5288 nostro
3502 5243 3744 5299 tempore

2154 5327 2305 5380 nmlti
2354 5327 2735 5380 monachorum
2779 5326 3031 5393 fuerint;
3079 5336 3133 5379 et
3175 5326 3263 5395 qui
3292 5340 3411 5378 cum
3451 5323 3744 5377 innumeris

2155 5420 2261 5472 coit
2293 5419 2622 5480 mulieribus,
2656 5435 2760 5472 non
2791 5419 2980 5474 ctedct
3023 5418 3176 5470 facile
3222 5429 3341 5471 esse
3386 5413 3742 5482 virginitatem

2219 5577 2291 5638 (n)
2329 5577 2414 5626 llla
2427 5581 2641 5640 quinque
2663 5576 2811 5625 millia
2837 5582 2888 5624 et
2911 5575 3002 5640 tria
3025 5571 3172 5640 millia
3194 5570 3542 5640 hominum,de
3566 5573 3745 5633 quibus

2159 5631 2284 5733 ixt‘il-a'
2303 5631 2524 5702 loquitur,
2553 5631 2883 5688 iuctnorantur
2905 5637 2996 5684 sub
3031 5633 3219 5682 initium
3262 5633 3370 5682 litn'i
3391 5631 3610 5684 Actu-tm
3634 5647 3746 5697 πμ)-

2159 5713 2213 5733 L'Ql
2255 5715 2384 5733 tll‘llni

2157 5713 2213 5751 5U
2235 5713 2402 5750 ειιγυηι.
