4080 6138
384 275 482 332 501

385 500 492 546 tant
521 488 738 544 exhibet
764 488 1185 558 providentiam,
1217 486 1487 557 quomodo
1519 495 1570 541 te
1601 488 1829 557 negligat
1856 503 1970 540 om-

382 583 528 636 nimn
574 580 811 634 maxime
840 580 1201 636 necessarium
1231 577 1471 632 animal?
1496 576 1672 644 Quare
1708 593 1836 647 ergo
1862 586 1966 631 tam

382 671 602 741 pulchra
634 670 755 726 fecit
783 671 867 725 illa
895 670 918 723 ?
942 669 1010 725 Ut
1035 685 1185 724 suam
1209 669 1518 724 ostenderet
1543 669 1881 738 sapientiam,
1915 679 1969 723 et

381 768 488 837 vim
516 766 770 835 polentia:
795 779 907 818 sua:
935 805 950 825 ,
979 779 1085 834 quo
1111 763 1343 832 undique
1368 763 1484 831 ejus
1509 763 1730 832 gloriam
1759 762 1966 816 edisca-

381 873 520 914 mus.
550 856 733 926 Neque
763 857 905 909 enitn
933 854 1056 909 Gtt-li
1103 863 1302 908 tantum
1340 865 1579 907 enarrant
1623 852 1839 924 gloriam
1871 852 1967 905 Dei

380 953 400 1022 (
433 949 577 1004 Psal.
611 949 704 1003 t8.
734 948 828 1020 2),
875 947 969 1002 sed
1022 948 1184 1002 etiam
1231 955 1370 1000 terra
1405 966 1417 1001 :
1447 945 1606 1016 idque
1659 945 1963 1015 significans

377 1041 540 1095 David
567 1039 778 1095 dicebat.
803 1058 814 1092 :
848 1038 1076 1092 Laudate
1105 1036 1401 1102 Dominum,
1435 1036 1573 1108 ligna
1599 1035 1882 1104 fructifera,
1913 1046 1961 1089 et

374 1150 544 1189 omnes
568 1130 746 1202 cedri(
777 1129 922 1189 Psal.
953 1130 1076 1187 “8.
1108 1129 1142 1184 9
1171 1130 1208 1197 ).
1239 1129 1356 1182 Alia
1378 1128 1520 1182 enim
1569 1142 1662 1196 per
1689 1127 1914 1187 fructum
1940 1167 1956 1190 ,

374 1227 472 1287 alia
497 1241 592 1295 per
613 1221 1052 1292 magnitudinem,
1077 1220 1176 1273 alia
1202 1235 1297 1288 per
1325 1218 1770 1287 pulchrittnlinem
1798 1216 1958 1285 Crea-

377 1317 474 1370 tori
504 1314 713 1368 laudem
739 1312 1007 1367 emittunt.
1037 1310 1236 1376 Magna:
1273 1324 1484 1379 quoque
1524 1309 1652 1379 illud
1680 1309 1955 1378 sapientia:

373 1416 451 1469 est
476 1415 529 1460 et
561 1403 838 1474 potestatis
863 1403 1091 1472 signum,
1123 1416 1243 1455 cum
1270 1401 1431 1454 etiam
1459 1415 1520 1454 ea
1551 1417 1669 1469 qua:
1701 1400 1953 1460 vilissima

372 1511 494 1556 sunt
523 1499 675 1570 (quid
704 1498 845 1553 enim
870 1497 1026 1556 vilius
1058 1494 1148 1548 illo
1166 1495 1306 1563 quod
1331 1493 1488 1548 hodie
1513 1507 1616 1556 est,
1650 1509 1769 1547 cras
1791 1493 1953 1547 mini-

373 1594 547 1664 me?)
578 1603 719 1648 tanta
745 1592 964 1647 decorat
1009 1589 1416 1660 pulchritudine.
1469 1588 1524 1642 Si
1573 1588 1731 1658 igitur
1769 1586 1910 1641 linito
1935 1626 1950 1651 ,

371 1685 510 1755 quod
538 1684 738 1739 nullius
776 1697 907 1741 usus
937 1690 1059 1744 est,
1118 1679 1170 1732 id
1218 1677 1446 1744 dederit,
1477 1677 1624 1747 (quid
1654 1678 1797 1735 enim
1838 1677 1952 1746 pul-

371 1777 615 1832 .‘hritudo
636 1775 753 1844 ejus
780 1773 845 1827 ad
870 1773 1004 1844 ignis
1029 1771 1340 1826 alimentum
1361 1769 1573 1825 confert
1603 1771 1654 1839 'l)
1679 1770 1950 1840 quomodo

370 1869 486 1934 tibi,
505 1868 593 1937 qui
623 1880 758 1936 opus
789 1864 976 1930 habes,
1001 1878 1104 1917 non
1126 1863 1317 1920 dabit?
1343 1862 1398 1918 Si
1426 1862 1568 1931 quod
1596 1863 1834 1918 omnium
1866 1863 1945 1916 vi-

265 2017 278 2034 ‘
365 1956 630 2014 lissimum
658 1966 740 2013 est
766 1955 1098 2010 abundanter
1124 1954 1366 2017 ornavit,
1413 1963 1466 2008 et
1492 1952 1595 2019 hoc
1621 1967 1726 2006 non
1753 1952 1819 2006 ad
1844 1952 1944 2006 ali-

365 2067 523 2120 quem
564 2065 714 2105 usum
736 2091 752 2115 ,
779 2047 873 2104 sed
897 2046 963 2102 ad
990 2044 1435 2116 magniﬁcentiam
1467 2086 1481 2108 ,
1510 2044 1678 2103 multo
1705 2045 1872 2112 magis
1896 2053 1946 2101 te

365 2144 602 2205 omnium
630 2141 1076 2213 pretiosissimum
1109 2138 1161 2206 111
1189 2137 1252 2204 iis
1286 2176 1300 2202 ,
1332 2152 1450 2206 quae
1490 2135 1555 2190 ad
1598 2150 1750 2190 usum
1785 2133 1948 2204 perti-g

367 2248 516 2304 nent,
548 2236 851 2290 honorabit.

432 2331 486 2386 2.
520 2330 781 2398 Quoniam
816 2328 977 2397 igitur
1011 2325 1228 2379 multam
1260 2322 1492 2377 ostendit
1527 2321 1619 2376 Dei
1657 2319 1946 2390 provideo:

365 2425 512 2486 tiam,
541 2431 595 2476 et
621 2423 895 2488 increpare
941 2418 1058 2470 illos
1086 2424 1267 2486 postea
1300 2412 1620 2484 oportebat,
1650 2411 1737 2465 hic
1763 2420 1940 2464 tamen

362 2516 580 2570 lenitate
603 2515 767 2567 tttitur
788 2553 802 2580 ,
837 2527 941 2571 non
970 2509 1394 2568 incredulitatem
1420 2548 1434 2571 ,
1466 2505 1558 2561 sed
1589 2505 1848 2560 modicam
1874 2503 1940 2562 li-

357 2609 480 2665 dem
501 2608 603 2662 illis
632 2609 917 2676 imputans.
952 2605 1014 2667 Si
1039 2603 1171 2662 enim
1200 2603 1388 2671 {aerium
1412 2600 1524 2670 agri
1546 2641 1559 2662 ,
1589 2598 1775 2668 inquit,
1807 2597 1942 2651 Deus

354 2685 428 2755 sic
462 2701 624 2761 vestit,
665 2699 824 2754 multo
854 2699 1011 2768 magis
1063 2712 1169 2760 nos,
1215 2693 1424 2757 modica:
1469 2692 1607 2760 ﬁdei.
1634 2691 1794 2760 Atqui
1823 2690 1937 2746 huic

355 2794 529 2847 omnia
561 2795 672 2862 ipse
693 2800 958 2860 operatur;
983 2805 1102 2841 nam
1128 2787 1313 2842 Omnia
1337 2802 1425 2855 per
1449 2787 1614 2854 ipsum
1639 2788 1772 2854 facta
1797 2792 1936 2844 sunt,

355 2897 400 2939 et
427 2886 536 2938 sine
560 2885 670 2954 ipso
697 2887 884 2954 factum
906 2890 976 2935 est
997 2879 1125 2932 nihil
1146 2877 1326 2946 (Joan.
1359 2878 1408 2934 1.
1438 2877 1495 2940 5)
1514 2883 1772 2939 :attamen
1805 2872 1935 2927 nihil

355 2994 574 3049 usquatn
598 2977 664 3031 de
678 2980 1146 3031 secommemorat.
1167 2969 1471 3025 Sulliciebat
1487 2968 1625 3022 eni'n
1642 2965 1854 3030 interim
1868 2963 1934 3021 ad

353 3066 820 3124 demonstrandam
842 3064 1210 3119 auctoritatem
1242 3075 1390 3115 suam
1418 3101 1431 3125 ,
1461 3062 1602 3126 quod
1625 3058 1834 3110 diceret
1865 3055 1929 3108 ad

351 3161 560 3234 singula
597 3168 859 3229 praecepta
889 3175 900 3209 :
931 3154 1155 3208 Audistis
1193 3151 1309 3221 quia
1337 3151 1525 3202 dictum
1561 3157 1632 3200 est
1673 3145 1934 3216 antiquis:

349 3272 441 3325 ego
479 3262 644 3308 autem
672 3251 784 3317 dico
812 3249 948 3302 vobis
993 3245 1205 3316 (Matth.
1247 3245 1300 3300 5.
1330 3243 1420 3296 2|.
1445 3241 1534 3294 22.
1566 3240 1698 3308 sqq.)
1741 3234 1933 3299 Neitae

350 3362 453 3414 que.
477 3343 687 3400 mireris
707 3356 828 3404 cum
857 3340 908 3394 in
933 3337 1293 3404 sequentibus
1310 3353 1432 3394 sese
1452 3336 1810 3399 occultat,aut
1834 3327 1934 3384 hu-

352 3438 480 3494 mile
503 3439 776 3510 quidpiam
804 3438 871 3490 de
897 3449 955 3488 se
981 3431 1238 3500 loquitur.
1274 3427 1446 3489 Unum
1477 3426 1675 3494 quippe
1716 3421 1931 3491 interim

347 3534 590 3598 curabat,
625 3540 682 3585 ut
701 3535 950 3597 acceptus
976 3534 1030 3581 et
1050 3520 1334 3594 prpbabilis
1360 3520 1466 3576 illis
1491 3532 1670 3584 sermo
1689 3525 1852 3582 esset,
1869 3529 1933 3569 ac

351 3643 452 3697 per
479 3625 657 3680 omnia
684 3620 1010 3681 ostenderet,
1043 3633 1101 3671 se
1129 3632 1232 3668 non
1262 3629 1382 3668 esse
1406 3607 1929 3674 Deo'adversarium,

347 3719 443 3783 sed
481 3732 603 3772 cum
649 3716 809 3770 Patre
844 3710 1268 3768 consentientem
1316 3715 1372 3760 et
1408 3703 1751 3759 concordem.
1779 3699 1930 3766 Quod

347 3810 509 3865 etiam
559 3807 645 3864 hic
691 3806 832 3860 facit.
864 3803 989 3858 Post
1018 3809 1093 3855 tot
1122 3800 1263 3855 enim
1308 3810 1586 3856 ser-moues
1626 3793 1933 3861 frequenter

349 3903 496 3956 illum
527 3901 578 3954 in
602 3898 834 3952 medium
860 3892 1097 3955 adducit,
1125 3890 1393 3944 admirans
1420 3888 1536 3954 ejus
1562 3884 1875 3954 sapientiam
1909 3924 1924 3946 ,

348 3992 742 4064 providentiam
766 3990 816 4042 in
846 3985 1092 4042 omnibus
1118 4025 1133 4046 ,
1159 3983 1210 4036 in
1231 3980 1522 4049 majoribus
1549 3987 1604 4032 et
1631 3978 1680 4030 in
1706 3976 1927 4039 minori:

349 4088 469 4141 bus.
499 4084 628 4139 Nam
649 4098 769 4138 cum
793 4081 860 4134 de
885 4077 1219 4147 Jerosolyma
1251 4074 1483 4136 diceret,
1525 4069 1793 4124 civitatem
1821 4082 1932 4119 Ina-

346 4178 436 4248 gui
459 4176 778 4246 regisipsam
810 4169 1010 4226 vocavit
1047 4163 1145 4221 ε’οι
1168 4179 1288 4218 eum
1315 4162 1504 4217 caelum
1539 4173 1929 4225 commemora-

350 4247 432 4327 ret
455 4310 469 4334 ,
510 4267 700 4327 solium
748 4264 840 4318 Dei
867 4258 1156 4330 appellavit
1183 4275 1197 4309 :
1230 4261 1430 4310 etcum
1461 4251 1526 4306 de
1555 4249 1736 4303 mundi
1763 4247 1932 4310 illiilli-,-

349 4361 663 4416 nistratione
685 4357 843 4412 verba
873 4356 1088 4414 laceret,
1118 4348 1216 4418 ipsi
1240 4360 1448 4402 rursum
1481 4342 1656 4396 omnia
1676 4339 1930 4395 adscribit

348 4453 532 4508 dicens
553 4469 567 4505 :
595 4450 694 4517 Qui
717 4449 870 4504 solem
890 4463 1036 4500 suum
1057 4443 1177 4497 oriri
1200 4440 1321 4511 facit
1340 4453 1490 4506 super
1509 4435 1670 4498 malos
1688 4445 1734 4488 et
1750 4433 1926 4498 bonos,

347 4559 396 4604 et
439 4549 566 4619 pluit
607 4564 756 4618 super
773 4547 943 4616 justas
966 4552 1012 4597 et
1050 4542 1267 4612 injustas
1295 4535 1314 4608 (
1345 4534 1484 4597 Ibid.
1515 4549 1566 4587 υ.
1595 4532 1664 4587 45
1697 4529 1738 4600 ).
1777 4529 1843 4583 Et
1872 4528 1926 4585 in

348 4642 590 4696 oratione
617 4639 694 4692 sic
718 4637 897 4690 dicere
933 4633 1116 4688 docuit
1144 4648 1157 4683 :
1194 4629 1327 4695 Quia
1351 4628 1460 4696 ejus
1497 4631 1568 4679 est
1598 4637 1806 4692 regnum
1835 4659 1850 4682 ,
1881 4627 1927 4672 et

347 4731 589 4803 potentia,
607 4738 657 4782 et
675 4727 856 4798 gloria.
878 4725 974 4779 Hic
989 4737 1198 4793 quoque
1217 4720 1288 4776 de
1307 4719 1446 4777 illius
1471 4713 1798 4785 providentia
1820 4710 1932 4803 dis-

345 4802 532 4878 serens
551 4861 565 4883 ,
589 4828 644 4873 et
666 4815 953 4873 ostendens
975 4815 1146 4884 ipsum
1163 4813 1244 4866 vel
1267 4811 1319 4864 in
1348 4809 1522 4879 parvis
1542 4807 1797 4875 optimum
1815 4802 1928 4870 epi-

346 4919 501 4971 licem
523 4927 663 4976 esse,
681 4911 774 4976 ait,
801 4909 1016 4964 Fanum
1037 4907 1146 4978 agri
1169 4905 1329 4965 vestit.
1347 4907 1421 4958 Ac
1440 4916 1696 4971 mtsqnam
1721 4909 1926 4969 patrem

344 5023 501 5064 suum
515 5011 688 5066 vocat,
704 5001 1054 5057 sedillormn:
1078 5008 1202 5053 utet
1218 4999 1318 5054 hoc
1344 4996 1545 5056 honore
1569 5001 1926 5063 permoveret,

343 5108 395 5153 et
433 5111 555 5156 cum
598 5102 804 5165 patrem
844 5105 996 5145 suum
1039 5098 1219 5158 postea
1247 5089 1486 5150 diceret,
1535 5100 1638 5139 non
1685 5082 1928 5151 indigna-

344 5198 546 5243 rentur.
570 5186 627 5242 Si
655 5199 786 5241 vero
813 5182 880 5238 de
908 5181 1098 5235 vilibus
1117 5190 1169 5234 et
1192 5179 1504 5236 necessariis
1515 5176 1795 5238 sollicitum
1811 5188 1930 5227 esse

347 5295 450 5333 non
476 5287 738 5348 oporteat,
753 5289 853 5346 qua
871 5271 1212 5327 excusatione
1227 5271 1366 5338 digni
1386 5269 1616 5337 sunt‘qtti
1637 5267 1707 5322 de
1727 5263 1928 5335 magni-

347 5369 459 5426 licis
486 5384 668 5430 curam
705 5363 934 5422 habent?
964 5365 1070 5417 imo
1096 5364 1266 5431 potius
1289 5377 1390 5429 qua
1419 5359 1760 5413 excusatione
1783 5357 1927 5426 digni

344 5474 490 5532 sunt,
519 5463 608 5534 qui
633 5475 738 5513 non
776 5457 1067 5517 dormiunt,
1091 5454 1336 5508 utaliena
1377 5453 1512 5506 bona
1535 5453 1740 5522 rapiant
1775 5450 1798 5503 ?
1837 5450 1925 5505 51.

351 5552 518 5606 Nolite
531 5570 649 5623 ergo
672 5553 872 5606 solliciti
889 5567 1016 5616 esse,
1034 5549 1254 5601 dicentes
1278 5560 1296 5599 :
1317 5544 1453 5612 Quid
1479 5543 1889 5596 manducabimus
1909 5581 1923 5604 ,

337 5644 564 5710 autquid
586 5645 825 5708 bibemus,
849 5655 933 5696 aut
955 5659 1051 5711 quo
1074 5640 1392 5709 aperientur?
1410 5638 1490 5691 52.
1529 5637 1648 5689 lla'c
1670 5636 1798 5688 enim
1820 5651 1924 5686 ont-

333 5738 423 5789 nia
447 5737 617 5789 mundi
638 5747 803 5802 gentes
834 5735 1103 5803 inquirunt.
1132 5725 1586 5797 Vidcu‘qttomode
1608 5728 1924 5782 rursnslllo:

1369 276 1434 330 IN
1474 276 1876 335 MATTIUEU.“
1922 279 2130 337 IIOMIL
2168 282 2334 340 XXII.
2380 285 2450 340 al.
2493 275 2678 343 XXI".

383 400 428 452 si
453 410 577 466 erga
604 393 789 450 istluec
815 403 870 449 et
898 395 963 450 ad
992 394 1187 450 nullius
1212 396 1466 448 momenti
1496 407 1647 448 usum
1689 394 1829 448 Deus
1849 394 1972 448 ’11111-

3555 301 3618 356 51ῑ
3630 299 3663 354 2

2081 409 2134 453 01
2160 401 2326 470 magis
2354 400 2704 474 increpaverit
2728 449 2742 467 ,
2794 417 2845 462 et
2873 409 3219 470 deelaraverit
3239 459 3254 483 ,
3289 432 3345 474 se
3367 420 3495 475 nihil
3524 439 3649 476 one-

2078 505 2257 544 rosum
2284 494 2363 547 vel
2389 496 2580 550 durum
2611 501 2931 568 prmcepisse
2961 503 2984 555 ?
3007 502 3150 558 Sicut
3181 509 3338 577 igitur
3363 526 3480 565 cum
3511 513 3644 570 dice

2074 590 2154 635 ret
2176 623 2192 646 ,
2217 583 2279 638 Si
2313 585 2524 656 diligitis
2562 589 2824 658 diligentes
2875 608 2978 659 vos,
3011 597 3140 650 niltil
3184 616 3420 670 magnum
3445 607 3640 673 facitis,

2072 693 2191 730 nam
2219 688 2264 730 et
2283 680 2466 733 ethnici
2493 683 2586 736 hoc
2605 689 2800 756 faciunt
2825 687 3037 759 (Matth.
3066 693 3114 747 5.
3139 694 3230 749 46.
3258 697 3373 766 17),
3393 699 3650 757 0110111111-

2069 783 2254 822 00111111
2281 778 2792 832 commemoratione
2821 780 2964 843 ipsos
2993 783 3058 838 ad
3096 786 3316 841 meliora
3359 793 3608 848 excitavit
3633 815 3648 849 :

2067 863 2143 911 sic
2187 870 2412 917 011111110
2451 865 2570 919 illos
2615 868 2664 920 in
2716 870 2948 926 medium
2995 874 3249 944 adducit,
3285 883 3648 953 perstringens

2065 966 2158 1005 eos
2179 993 2193 1015 ,
2228 963 2278 1007 et
2307 955 2594 1010 ostendens
2617 998 2630 1020 ,
2682 973 2740 1014 se
2770 966 3126 1020 necesSarimu
3155 983 3186 1022 a
3214 970 3366 1026 nobis
3409 973 3646 1031 debitum

2064 1043 2294 1111 exigere.
2326 1046 2380 1099 Si
2404 1048 2543 1100 enim
2574 1050 2690 1118 plus
2716 1068 2872 1120 quam
2901 1056 3106 1111 scribas
3133 1068 3188 1112 et
3222 1060 3516 1119 Pharismos
3554 1082 3648 1121 ex-

2066 1135 2246 1192 hibere
2271 1148 2513 1207 oporteat
2543 1181 2558 1204 ,
2604 1158 2706 1211 qua
2741 1159 2895 1214 paena
2940 1149 3082 1217 digni
3127 1152 3326 1207 erimus
3359 1196 3372 1218 ,
3401 1158 3488 1225 qui
3539 1175 3644 1214 non

2063 1229 2223 1280 modo
2252 1230 2373 1284 illos
2403 1248 2506 1286 non
2539 1249 2873 1302 superamus.
2905 1241 2994 1292 sed
3019 1252 3070 1294 et
3099 1243 3149 1296 in
3172 1245 3502 1302 ethnicorum
3529 1252 3646 1306 vili-

2060 1325 2168 1373 tate
2198 1336 2492 1386 manemus,
2517 1333 2570 1378 et
2599 1327 2806 1381 1110111111
2821 1333 3306 1398 pusillmuimitatem
3338 1341 3645 1397 imitamur?

2057 1407 2164 1463 Nec
2199 1412 2329 1464 satis
2359 1414 2542 1469 habuit
2570 1418 2877 1487 increpasse
2901 1463 2916 1486 ,
2963 1425 3056 1478 sed
3085 1443 3204 1480 cum
3239 1434 3640 1498 perstrinxisset

2059 1499 2196 1566 illos,
2216 1503 2574 1560 exeictssetac
2604 1508 2805 1576 pudore
2833 1510 3097 1569 alfecisset
3124 1532 3244 1573 eum
3274 1523 3631 1592 vehementia,

2033 1590 2272 1646 .aliuude
2313 1594 2434 1648 illos
2462 1598 2770 1653 consolatur
2793 1600 2979 1656 dicens
3011 1623 3025 1658 :
3055 1606 3164 1658 Scit
3190 1609 3319 1661 enim
3367 1611 3521 1667 Pater
3549 1590 3632 1668 ve;

2054 1693 2154 1738 ster
2181 1689 2426 1756 ccclestis,
2455 1691 2574 1756 quia
2620 1693 2699 1746 Itis
2745 1695 2975 1750 omnibus
3002 1699 3254 1769 indigetis.
3305 1702 3417 1756 Non
3449 1707 3582 1759 dixit
3614 1753 3628 1770 ,

2053 1776 2164 1831 Scit
2186 1777 2346 1842 Deus,
2376 1781 2492 1844 sed,
2517 1781 2628 1836 Scit
2658 1781 2834 1850 Pater,
2869 1799 2922 1841 ut
2947 1788 3065 1842 illos
3094 1791 3159 1844 ad
3194 1793 3448 1860 ntajorem
3479 1812 3628 1865 Spem

2051 1867 2239 1938 erigat.
2264 1869 2317 1924 Si
2340 1872 2482 1926 enim
2512 1885 2664 1942 pater
2687 1887 2770 1930 est
2799 1917 2814 1943 ,
2845 1887 2900 1932 et
2927 1889 3074 1948 pater
3105 1883 3226 1939 talis
3254 1927 3270 1948 ,
3304 1903 3406 1941 non
3439 1893 3634 1957 poterit

2051 1959 2332 2030 despicere
2363 1963 2500 2017 lilios
2522 1964 2574 2018 in
2607 1971 2864 2024 extremis
2891 1972 3043 2025 malis
3072 1987 3346 2041 versantes
3376 1997 3388 2032 :
3421 1983 3635 2050 quando

2053 2065 2120 2104 ne
2163 2052 2406 2108 homines
2446 2056 2661 2124 quidem
2704 2068 2879 2128 patres
2922 2064 3022 2117 hoc
3053 2066 3342 2132 patiuntur.
3373 2072 3634 2143 Aliudque

2052 2155 2232 2210 poszea
2262 2143 2466 2200 inducit
2495 2149 2852 2205 ratiocinium.
2883 2153 3159 2220 Quodnam
3189 2159 3316 2212 illud
3346 2161 3371 2213 ?
3399 2163 3529 2228 Quia
3553 2167 3632 2221 his

2050 2234 2280 2287 omnibus
2318 2235 2572 2306 indigetis.
2608 2239 2719 2294 Hoc
2762 2250 2939 2296 autem
2973 2245 3086 2299 vult
3129 2248 3450 2316 signiﬁcare.
3492 2253 3629 2312 Num

2048 2325 2313 2414 superﬂua
2336 2336 2460 2382 sunt
2487 2328 2599 2382 huic
2630 2371 2643 2392 ,
2680 2340 2736 2384 ut
2760 2332 3057 2402 despiciat?
3084 2338 3244 2407 Atqui
3268 2356 3333 2394 ne
3359 2343 3410 2394 in
3437 2357 3627 2414 supcr-

2047 2413 2167 2468 lluis
2196 2416 2406 2485 quidem
2436 2420 2696 2489 despexit,
2728 2434 2780 2476 111
2817 2425 2866 2477 111
2893 2427 3064 2481 lieno:
3092 2445 3230 2484 nunc
3256 2413 3626 2494 0010010111οέ

2045 2509 2277 2561 cessaria
2311 2518 2454 2564 sunt.
2488 2511 2668 2582 Itaque
2693 2516 2833 2584 quod
2867 2529 3018 2585 putas
3044 2533 3257 2574 causam
3284 2538 3402 2578 esse
3431 2526 3625 2580 sollici~

2047 2598 2264 2663 tudinis,
2292 2600 2340 2654 id
2365 2601 2484 2656 dico
2510 2603 2754 2659 idoneum
2783 2623 2902 2661 esse
2925 2610 2990 2662 ad
3020 2611 3332 2681 abigendam
3374 2615 3462 2668 tibi
3491 2616 3625 2673 hanc

2042 2691 2470 2749 Sollicitudinem.
2500 2696 2650 2762 Quod
2671 2699 2714 2751 si
2741 2699 2907 2767 dicas,
2933 2701 3056 2756 ideo
3085 2719 3170 2758 me
3197 2705 3477 2761 sollicitum
3505 2724 3626 2766 esse

2041 2793 2270 2852 Oportet,
2299 2787 2420 2854 quia
2450 2792 2750 2844 necessaria
2776 2803 2900 2847 sunt
2923 2810 2935 2847 :
2960 2809 3058 2864 ego
3083 2808 3266 2850 contra
3299 2801 3620 2868 l‘CSpondcu:

2041 2873 2162 2929 ideo
2192 2891 2257 2928 ne
2285 2878 2544 2934 sollicitus
2571 2881 2665 2947 sis,
2694 2883 2817 2952 quia
2863 2887 3163 2948 necessaria
3194 2898 3337 2942 sunt.
3373 2891 3429 2945 Si
3475 2893 3618 2947 enim

2037 2967 2304 3035 superﬂua
2350 2983 2562 3039 essent,
2599 2990 2771 3044 neque
2797 2977 2874 3030 sic
2895 2977 3285 3050 desperandum
3317 2993 3458 3038 esset
3481 3027 3494 3049 ,
3525 2986 3616 3038 sed

2036 3058 2408 3116 conﬁdendum
2439 3078 2499 3117 ea
2533 3065 2625 3118 tibi
2652 3056 2975 3135 suppeditari
3006 3059 3162 3136 posse
3188 3089 3200 3122 :
3224 3088 3344 3139 quia
3375 3089 3500 3126 vero
3531 3091 3619 3126 111»-

2034 3153 2266 3205 cessaria
2299 3166 2442 3216 sunt,
2471 3172 2572 3212 non
2616 3155 2754 3219 vltra
2776 3154 3048 3223 ambigere
3073 3166 3305 3224 oportet.
3324 3156 3460 3221 Quis
3479 3157 3626 3209 enim

2037 3252 2192 3314 pater
2206 3244 2440 3314 negligat
2464 3242 2555 3297 lilii
2616 3242 2730 3294 suis
2757 3244 3058 3295 necessaria
3083 3243 3319 3310 pra-bere
3345 3244 3369 3296 ‘i
3394 3243 3620 3313 Ideoque

2037 3333 2255 3385 omnino
2278 3332 2416 3385 Deus
2438 3333 2487 3386 id
2520 3332 2744 3386 daturus
2765 3343 2867 3386 est.
2891 3333 3022 3388 Nam
3054 3335 3165 3403 ipse
3188 3345 3389 3390 natura:
3410 3347 3621 3403 creator

2037 3437 2136 3483 esu
2156 3425 2350 3493 etquid
2378 3425 2477 3494 ipsi
2507 3425 2872 3491 necessarium
2889 3428 2958 3481 sit
2982 3437 3228 3482 accurate
3252 3429 3419 3482 novit.
3440 3429 3619 3499 Neque

2035 3516 2175 3568 enim
2202 3515 2383 3571 dicere
2411 3517 2585 3586 possis
2617 3558 2630 3579 ,
2661 3519 2836 3586 ipsum
2877 3519 3094 3587 quidem
3135 3533 3255 3574 0:56
3282 3530 3482 3588 patrem
3517 3563 3531 3585 ,
3565 3531 3619 3576 et

2037 3608 2334 3662 necessaria
2382 3623 2502 3664 esse
2533 3625 2592 3663 ea
2639 3626 2758 3680 quae
2807 3610 3155 3680 requiruntur
3186 3653 3201 3676 ,
3241 3612 3334 3666 sed
3376 3613 3617 3682 ignorare

2036 3713 2156 3753 cum
2175 3700 2414 3769 nosipsis
2435 3715 2672 3770 egemus.
2695 3700 2826 3755 Nam
2856 3703 2943 3772 qui
2973 3713 3218 3757 naturam
3249 3705 3416 3772 ipsam
3447 3705 3615 3768 novit,

2035 3802 2088 3844 et
2108 3802 2317 3848 creator
2342 3793 2458 3862 ejus
2487 3803 2588 3858 est,
2621 3794 2871 3862 illamque
2897 3794 2998 3849 hoe
3019 3796 3178 3849 modo
3202 3796 3445 3852 formavit
3473 3840 3486 3862 ,
3521 3813 3615 3851 ne-

2035 3885 2342 3939 cessitatem
2369 3885 2508 3953 ejus,
2539 3895 2598 3939 ut
2627 3886 2797 3954 palam
2821 3897 2927 3950 est,
2954 3887 3144 3940 melius
3174 3889 3320 3940 novit
3342 3905 3501 3957 quam
3532 3899 3610 3951 tu,

2034 3975 2122 4044 qui
2156 3975 2206 4028 in
2238 3976 2554 4037 necessitate
2574 3977 2894 4030 constitutus
2909 3991 2987 4030 es.
3008 3975 3140 4030 Nam
3168 3978 3264 4044 ipsi
3296 3977 3372 4031 sic
3402 3979 3616 4046 placuit.

2037 4075 2090 4119 ut
2135 4066 2186 4119 in
2227 4065 2531 4135 hujusmodi
2560 4070 2879 4121 necessitate
2905 4081 3072 4121 esses.
3099 4068 3212 4120 Non
3249 4083 3376 4137 ergo
3400 4079 3614 4122 contra-

2037 4163 2145 4214 rius
2169 4162 2272 4214 0111
2298 4162 2360 4215 iis
2389 4177 2508 4232 quae
2542 4161 2710 4215 voluit
2734 4204 2748 4228 ,
2781 4163 2849 4214 ita
2880 4170 2939 4216 ut
2968 4169 3020 4215 te
3046 4164 3096 4215 in
3131 4164 3614 4217 neceSsitatc-con-

2035 4253 2240 4315 stitnat,
2274 4261 2374 4306 eta
2410 4253 2725 4308 necessariis
2747 4253 2937 4322 privet.

2106 4348 2162 4398 5.
2212 4346 2453 4399 Anxietas
2478 4346 2606 4399 nihil
2632 4348 2855 4415 prodest.
2902 4345 3244 4399 Providentia!
3275 4344 3386 4405 Dei,
3417 4345 3616 4397 Christo

2033 4449 2278 4504 monente,
2323 4439 2599 4506 ﬁdendum.
2632 4438 2725 4492 Dei
2751 4440 2942 4492 auxilio
2969 4443 3096 4492 bona
3133 4439 3329 4506 agimus
3358 4438 3615 4488 nuntia.“

2034 4529 2110 4584 Ne
2153 4531 2328 4600 itaque
2369 4530 2578 4584 solliciti
2610 4530 2806 4592 simus;
2837 4545 3009 4598 neque
3055 4530 3196 4584 enim
3230 4529 3355 4597 quid
3393 4528 3618 4595 amplius

2033 4639 2463 4693 consequemur,
2511 4639 2668 4692 quam
2721 4623 2860 4692 quod
2913 4637 3011 4676 nos
3048 4623 3189 4676 curis
3231 4620 3615 4674 distendamus.

2035 4717 2166 4770 Cant
2219 4718 2361 4772 enim
2417 4716 2568 4772 nobis
2608 4718 2720 4770 sive
2759 4716 3022 4781 sollicitis,
3056 4715 3166 4767 sive
3207 4729 3309 4766 non
3351 4711 3614 4772 sollicitis,

2036 4811 2142 4864 imo
2177 4811 2347 4878 potius
2377 4825 2480 4862 non
2512 4807 2752 4862 sollicitis
2775 4847 2790 4870 ,
2829 4807 2878 4860 id
2907 4813 3140 4875 pnestet,
3185 4803 3310 4872 quid
3356 4802 3446 4855 tibi
3486 4819 3614 4856 ant—

2037 4902 2172 4970 plius
2207 4917 2269 4954 ex
2307 4901 2661 4953 sollicitudine
2689 4897 2945 4957 manebit,
2969 4912 3124 4965 quam
3174 4895 3313 4964 quod
3362 4909 3544 4962 pwnas
3586 4911 3614 4946 a

2037 4993 2204 5060 teipso
2224 4989 2518 5058 superﬂuas
2533 4987 2805 5056 exegeris?
2821 4987 3002 5054 Neque
3023 4986 3161 5040 enim
3189 4987 3305 5054 quis
3325 4985 3389 5039 ad
3415 4986 3616 5037 lantmn

2033 5084 2331 5138 etmviviutn
2377 5096 2722 5145 accessurus,
2773 5080 2838 5133 de
2880 5080 3012 5133 cibis
3061 5093 3310 5146 umquam
3351 5077 3612 5131 sollicitus

2033 5176 2153 5236 erit;
2185 5190 2356 5242 neque
2379 5173 2421 5225 is
2446 5173 2534 5242 qui
2565 5173 2631 5226 ad
2665 5175 2860 5226 fontem
2891 5170 3114 5233 accedit,
3145 5170 3211 5223 de
3237 5179 3360 5238 potu
3388 5171 3488 5222 erit
3519 5185 3620 5219 au-

2036 5268 2172 5321 xius.
2205 5267 2280 5320 Ne
2311 5267 2485 5335 itaque
2524 5281 2639 5330 nos,
2669 5266 2860 5334 quibus
2887 5265 3183 5318 aliluentior
3235 5261 3386 5314 adest
3436 5271 3610 5312 rerum

2036 5361 2187 5427 copia
2209 5399 2224 5422 ,
2271 5374 2431 5428 quam
2459 5359 2509 5412 in
2539 5360 2683 5413 mille
2719 5358 2952 5412 fontibus
2989 5365 3040 5410 et
3069 5353 3331 5409 conviviis
3354 5391 3369 5415 ,
3422 5364 3613 5418 nempe

2046 5453 2138 5508 Dei
2172 5453 2698 5523 pt'ovidentia,quasi
2728 5466 2991 5521 patum-cs
3020 5447 3392 5518 pusillanimes
3413 5443 3609 5496 simus.

2039 5547 2174 5600 Cum
2207 5544 2534 5613 supradictis
2571 5545 2712 5596 enim
2735 5543 2879 5596 aliud
2928 5542 2979 5592 in
3006 5538 3214 5592 cunctis
3234 5534 3394 5587 rebus
3414 5533 3610 5586 lideudi

2035 5640 2412 5700 argumentum
2432 5631 2663 5700 suggerit
2677 5630 2883 5692 ,diceus
2901 5645 2912 5679 :
2931 5627 3017 5678 55.
3041 5623 3273 5686 Qttwt'ite
3289 5635 3500 5687 regnum
3518 5635 3612 5672 ca:-

2033 5716 2224 5781 lerttm,
2251 5731 2296 5775 et
2315 5720 2608 5794 hac-omnia
2629 5719 2940 5787 mljicientur
2958 5711 3116 5765 vobis.
3151 5711 3445 5778 Postquam
3465 5701 3612 5755 enim
