4080 6138
465 278 570 315 Quo

463 372 698 426 animum
725 387 752 424 a
781 369 924 426 curis
950 369 1169 435 levavit,
1203 377 1330 423 tunc
1351 368 1510 421 cazlos
1538 366 1696 421 etiam
1719 378 2042 417 commemo-

466 465 618 518 ravit.
649 464 805 527 Venit
829 463 1024 538 quippe
1062 470 1238 516 vetera
1269 461 1563 520 soluturus,
1594 468 1646 513 et
1674 457 1739 510 ad
1769 458 2042 510 meliorem

465 567 746 616 vacaturus
775 539 1018 626 patriam.
1045 555 1339 623 Propterea
1365 551 1492 605 nihil
1518 566 1623 605 non
1651 550 1759 619 agit
1783 591 1797 613 ,
1843 557 1901 604 ut
1947 563 2044 602 nos

463 664 490 706 .a
518 649 925 718 supervacaneis
953 658 1004 701 et
1034 662 1062 700 a
1095 655 1429 700 terrenarum.
1469 658 1648 699 rerum
1682 641 1874 696 affectu
1917 641 2044 696 libe-

463 751 563 800 ret.
605 740 804 796 Idcirco
829 741 1074 795 ethnicos
1113 737 1425 791 memoravit
1454 777 1470 801 ,
1511 750 1630 789 cum
1659 735 1731 788 ait
1767 743 1954 802 gentes
1983 749 2042 788 ra

464 832 750 900 inquirere,
783 846 1002 900 quarunt
1025 828 1196 882 omnis
1216 827 1366 882 labor
1391 835 1444 880 et
1469 826 1698 880 studium
1729 825 1869 879 circa
1912 840 2043 893 prai-

462 935 668 977 Stllllelll
717 924 878 984 vitam
918 929 1182 985 versatur,
1223 920 1415 989 quibus
1457 918 1600 972 nulla
1633 916 1927 970 futurorum
1959 915 2043 970 vel

461 1016 712 1070 mulorum
743 1016 897 1068 ratio.
936 1013 1099 1069 Vobis
1122 1023 1300 1072 autem
1330 1027 1431 1065 non
1458 1012 1573 1066 [nec
1600 1018 1725 1068 sunt
1754 1010 2037 1080 praecipua,

462 1109 554 1163 sed
582 1109 678 1162 alia
713 1109 753 1160 ί.
785 1108 966 1178 Neque
995 1107 1137 1162 enim
1168 1106 1288 1162 ideo
1312 1105 1474 1159 creati
1503 1118 1685 1162 sumus
1712 1113 1771 1157 ut
1796 1100 2043 1157 comeda-

463 1217 601 1267 mus,
627 1200 864 1257 bibamus
881 1211 932 1255 ct
949 1200 1183 1254 vestibus
1211 1199 1533 1269 operiamur;
1554 1196 1644 1252 sed
1668 1207 1719 1250 ut
1742 1196 2043 1264 placeamus

463 1291 590 1354 Deo,
622 1301 676 1343 et
702 1290 878 1353 futura
923 1306 1318 1361 consequamur
1367 1289 1524 1343 bona.
1557 1287 1705 1343 Sicut
1744 1285 1901 1356 igitur
1927 1285 2042 1341 haec

463 1380 818 1449 perfunctorie
859 1381 1135 1444 curanda,
1190 1381 1264 1433 ita
1301 1389 1352 1434 et
1404 1377 1761 1448 perfunctorie
1811 1376 2041 1445 petenda

459 1483 600 1527 Sunt.
634 1473 862 1543 Ideoque
895 1473 1106 1536 dicebat
1132 1491 1145 1527 :
1174 1473 1397 1538 Quterite
1437 1487 1646 1541 regnum
1671 1471 1908 1524 calorum
1936 1510 1952 1535 ,
1996 1480 2042 1524 et

461 1561 565 1615 Iure
586 1564 754 1616 omnia
779 1563 1080 1630 adjiciantur
1098 1561 1254 1626 vobis.
1285 1560 1405 1617 Non
1426 1561 1578 1627 dixit,
1601 1559 1901 1626 Dabuntur,
1921 1559 2038 1626 sed,

459 1647 807 1716 Adjicimtur,
826 1659 882 1708 ut
897 1649 1094 1712 discas,
1116 1649 1452 1720 hei-umqum
1471 1652 1528 1705 in
1569 1653 1818 1721 przesenti
1836 1655 2035 1707 dantur

459 1739 592 1803 nihil
608 1755 728 1794 esse
741 1740 965 1802 omnino
977 1757 1231 1811 magnum
1251 1743 1296 1796 si
1309 1758 1430 1797 cum
1447 1745 1815 1813 magnitudine
1834 1745 2038 1799 futuro-

460 1844 580 1882 rttm
599 1840 1000 1899 comparentur.
1025 1816 1147 1885 Ideo
1167 1848 1271 1886 non
1289 1835 1590 1903 illapetere,
1616 1837 1712 1892 sed
1727 1837 1831 1890 alia
1847 1846 2035 1906 postu-

463 1922 571 1976 lare
595 1921 770 1991 jubet,
802 1923 1140 1984 etconﬁdere
1176 1925 1288 1978 haec
1323 1925 1595 1994 prioribus
1625 1942 1747 1982 esse
1767 1927 2032 1982 addenda.

459 2011 652 2084 ﬂauere
669 2011 828 2082 igitur
842 2013 1049 2080 futura,
1067 2024 1123 2068 et
1139 2017 1425 2084 praesentia
1443 2019 1680 2088 accipies
1703 2036 1718 2086 ;
1743 2033 2035 2087 nequiter-as

463 2104 714 2167 visibilia,
737 2115 789 2159 et
812 2120 1040 2174 prorsus
1066 2106 1156 2160 illa
1189 2109 1567 2178 consequeris.
1596 2108 1730 2172 Nam
1751 2111 2034 2180 indignum

473 2209 528 2260 te
546 2210 631 2254 est
654 2199 946 2255 Dominum
965 2203 1115 2260 adire
1149 2220 1246 2272 pro
1261 2206 1422 2261 rebus
1454 2206 1788 2274 hujusmodi.
1823 2208 2034 2260 Etenim

460 2293 552 2361 qui
571 2308 733 2347 omne
750 2295 1014 2356 studium,
1033 2311 1250 2355 omnem
1266 2313 1454 2355 curam
1471 2298 1730 2352 adbibere
1752 2299 1918 2354 debes
1936 2314 2042 2368 pro.

464 2381 826 2440 ineﬂ‘ahilibus
844 2383 956 2438 illis
971 2384 1391 2455 bouis,teipsum
1409 2389 1859 2453 dedecoras,dum
1880 2390 2038 2445 incus

466 2471 686 2540 piditate
714 2472 983 2532 iluxarmn
1017 2491 1195 2530 rerum
1226 2476 1374 2529 illam
1413 2478 1701 2546 impendis.
1734 2479 1846 2533 Cu-r
1881 2495 2032 2546 ergo,

470 2567 888 2634 iuquies,jus~it
921 2583 1114 2635 panem
1142 2570 1360 2636 petere?
1385 2570 1487 2622 Sed
1506 2571 1730 2626 addidit.
1753 2572 2036 2636 Quotidia-t

457 2669 596 2717 nam,
624 2662 678 2707 et
707 2652 807 2708 hoc
836 2670 1045 2710 rursum
1073 2656 1240 2725 addit,
1282 2657 1446 2712 Hodie
1473 2657 1620 2728 (Luc.
1657 2661 1741 2714 Η.
1771 2662 1860 2731 5);
1893 2664 2040 2731 quod

455 2746 626 2815 ipsum
653 2748 738 2802 hic
753 2749 914 2802 etiam
927 2749 1192 2805 observat.
1215 2752 1329 2804 Non
1349 2753 1491 2815 enim
1519 2753 1688 2807 solum
1707 2755 1859 2822 dixit,
1891 2757 2036 2810 Noli-

459 2851 508 2892 te
535 2836 744 2891 solliciti
780 2852 936 2904 esse;
970 2840 1062 2894 sed
1083 2882 1097 2904 ,
1129 2841 1217 2899 Μ.
1267 2840 1442 2896 Nolite
1465 2843 1668 2898 solliciti
1695 2862 1801 2899 esse
1834 2846 1887 2899 in
1916 2864 2034 2901 cra-

453 2926 642 2988 stinum
673 2943 690 2981 :
717 2928 876 2982 simul
907 2929 1057 2984 nobis
1096 2931 1392 2987 libertatem
1437 2934 1663 3000 donans,
1700 2945 1751 2990 et
1802 2937 2044 2992 animam;

456 3026 690 3080 nostram
718 3019 878 3076 rebus
917 3023 1084 3091 magis
1108 3025 1428 3080 necessariis
1456 3026 1726 3091 addicens.
1779 3029 1912 3090 Nam
1947 3032 2042 3086 illa-

368 3112 370 3115 '
456 3115 636 3176 petere
665 3109 784 3164 ideo
803 3111 981 3181 jussit,
1004 3129 1108 3168 non
1133 3115 1272 3184 quod
1303 3116 1440 3170 Deus
1456 3117 1729 3173 admonitu
1747 3120 2028 3192 indigeret,

453 3199 544 3254 sed
576 3208 630 3254 ut
657 3199 943 3266 discamus,
969 3219 1066 3267 nos
1091 3204 1206 3274 ejus
1234 3207 1432 3263 auxilio
1462 3208 1597 3264 bona
1627 3225 1787 3281 agere
1814 3214 1992 3266 omnia
2015 3255 2032 3279 ,

454 3299 505 3343 et
537 3300 594 3344 ut
621 3291 935 3352 assiduitate
958 3297 1169 3364 petendi
1210 3313 1307 3352 nos
1333 3298 1382 3352 ei
1415 3298 1700 3356 familiares
1722 3303 2028 3359 reddamus.

457 3382 638 3438 Viden‘
663 3384 930 3454 quomodo
973 3401 1069 3456 per
1098 3386 1213 3443 lucc
1235 3390 1458 3446 suadeat
1482 3433 1498 3459 ,
1553 3391 1848 3465 doceatque
1888 3396 2039 3465 ipsos

453 3476 733 3542 prtcsentia
762 3492 974 3546 quoque
1005 3489 1316 3548 accepturos
1338 3483 1498 3535 esse?
1526 3483 1625 3550 Qui
1650 3485 1790 3538 enim
1826 3487 2028 3556 majora

455 3566 654 3632 pra-lict
675 3609 688 3632 ,
737 3569 904 3623 multo
929 3571 1096 3638 magis
1121 3571 1515 3628 minoradabit.
1542 3575 1656 3630 Non
1689 3576 1816 3632 ideo.
1846 3579 1986 3632 enim
2013 3619 2029 3646 ,

454 3661 656 3728 inquit,
689 3662 918 3730 przecepi
951 3677 1018 3716 ne
1063 3662 1272 3717 solliciti
1298 3664 1413 3721 sitis
1435 3706 1448 3730 ,
1491 3667 1570 3719 vel
1604 3684 1670 3721 ne
1716 3671 1906 3736 petatis
1931 3713 1944 3736 ,
1976 3680 2032 3725 ut

455 3750 632 3804 miseri
680 3751 796 3806 suis
824 3761 879 3806 et
908 3751 1032 3805 nudi
1063 3753 1346 3808 ambuletis
1369 3796 1383 3819 ,
1435 3757 1528 3812 sed
1573 3766 1632 3811 ut
1679 3758 1792 3813 huic
1821 3776 2030 3831 quoque

452 3841 786 3896 abundanter
809 3852 1094 3914 suppetant
1117 3862 1129 3896 :
1156 3845 1205 3900 id
1227 3846 1367 3914 quod
1394 3857 1538 3902 eerte
1564 3852 1792 3907 maxime
1814 3853 1934 3907 illos
1955 3863 2032 3908 at-

456 3933 666 3996 trahere
697 3945 918 4004 poterat.
953 3935 1100 3991 Sieut
1131 3953 1259 4007 ergo.
1285 3939 1335 3992 in
1362 3939 1986 4014 eleemosyua-emgandu
2013 3989 2028 4012 ,

454 4037 639 4080 vetans
661 4042 780 4082 sese
813 4026 1113 4084 hominibus
1141 4039 1413 4086 ostentare
1436 4073 1451 4096 ,
1487 4034 1584 4088 hac
1613 4035 1817 4090 ratione
1859 4038 2024 4090 iuaxi-

453 4132 538 4171 me
559 4117 814 4174 suadebat
837 4119 940 4173 illis
963 4160 978 4182 ,
1020 4119 1133 4174 haec
1159 4121 1257 4175 sibi
1291 4138 1424 4176 cntnt
1446 4124 1633 4190 majori
1655 4127 1805 4193 cepia
1837 4135 1891 4180 et
1915 4144 2030 4182 nta-

451 4208 750 4277 gniﬁcentia
771 4209 1037 4264 reddenda
1059 4226 1178 4266 esse
1207 4213 1363 4278 (nam
1381 4214 1472 4277 ait,
1504 4215 1660 4269 Pater
1689 4228 1820 4285 tuus,
1849 4219 1934 4286 qui
1959 4220 2031 4272 ri-

451 4301 533 4360 det
557 4300 609 4353 in
633 4301 924 4354 abscondito
952 4341 978 4365 ,Α
996 4303 1167 4355 reddet
1193 4305 1280 4356 tibi
1302 4305 1353 4356 iu
1386 4308 1672 4376 utauifeito)
1711 4327 1722 4361 :
1754 4311 1829 4364 sic
1851 4321 1904 4366 et
1933 4313 2032 4367 hoc

454 4391 574 4451 loco
631 4392 948 4447 abstrahens
995 4409 1100 4448 eos.
1136 4410 1176 4447 a-
1224 4398 1600 4466 perquisitiono
1655 4407 2026 4471 pratsentium,

454 4484 584 4545 illud
615 4486 844 4538 maxime
873 4485 1079 4550 suadet,
1117 4487 1230 4540 haec
1257 4504 1362 4542 non
1389 4495 1752 4558 qitzerentihus
1771 4509 1889 4548 cum
1921 4513 2032 4552 ma-

451 4576 568 4653 jore
608 4575 928 4632 abundantia
977 4579 1229 4646 promitti.
1264 4579 1420 4644 Ideo,
1469 4583 1640 4652 inquit
1668 4624 1694 4646 ,.
1733 4589 1896 4653 jubeo
1927 4605 2030 4643 non

454 4682 716 4738 quairere,
749 4682 863 4722 non.
892 4683 958 4725 ne
989 4671 1220 4738 accipias
1244 4712 1260 4736 ,
1309 4671 1401 4724 sed
1446 4683 1500 4726 ιιι
1535 4675 1871 4732 abundanter
1895 4682 2034 4734 acci-

456 4763 612 4830 pias;
681 4772 738 4816 ut
786 4763 1018 4831 accipias
1082 4763 1242 4818 modo
1302 4764 1392 4820 tibi
1466 4771 1786 4836 competenti
1821 4811 1836 4831 .
1910 4788 2030 4827 cum

455 4851 681 4912 utilitate
731 4857 1039 4924 congruenti
1074 4874 1086 4909 :
1119 4873 1184 4912 ne
1225 4859 1484 4913 sollicitus
1535 4869 1589 4914 et
1626 4861 1879 4918 discissus
1935 4867 2032 4918 ha-

457 4960 641 5004 rumce
660 4960 837 5000 rerum
865 4949 1026 5012 curis,
1055 4959 1109 5003 et
1135 4951 1196 5004 iis
1225 4951 1352 5020 ipsis
1380 4953 1538 5006 rebus
1574 4964 1628 5008 et
1671 4956 2034 5023 Spiritualihus

457 5047 507 5093 te
535 5035 804 5106 indignum
825 5042 1136 5106 consumas;
1166 5059 1229 5096 ne
1255 5044 1576 5112 superﬂuam
1596 5048 1814 5114 patiaris
1835 5065 2033 5102 atrum-

458 5144 577 5184 natu
607 5167 624 5194 ,
667 5136 723 5182 et
747 5142 778 5178 a
807 5143 865 5182 re
893 5137 1158 5198 proposita
1197 5135 1431 5188 excidas.
1482 5135 1655 5189 Nolite
1682 5155 1800 5206 ergo
1835 5140 2034 5193 solliciti

454 5235 559 5274 esse
585 5219 634 5272 in
669 5219 960 5270 crastinum.
992 5218 1183 5289 Sufﬁcit
1212 5223 1345 5274 enim
1385 5224 1484 5276 diei
1510 5227 1704 5278 malitia
1729 5228 1838 5294 ejus
1878 5228 2030 5297 (Gen.

457 5311 509 5363 5.
547 5307 658 5376 l9),
687 5308 736 5362 id
768 5317 886 5372 est,
942 5309 1151 5362 tniseria
1196 5320 1353 5379 atque
1374 5314 1646 5367 contritio.
1692 5315 1802 5369 Non
1841 5319 2035 5376 sufﬁcit

456 5404 547 5458 tibi
581 5403 631 5455 in
660 5401 855 5456 sudore
881 5401 1059 5456 vultus
1087 5403 1159 5455 tui
1186 5403 1471 5458 comedere
1499 5421 1687 5473 panem
1721 5411 1909 5463 tuum?
1940 5428 2035 5467 cur

455 5495 611 5546 aliam
641 5494 831 5563 adjicis
859 5509 926 5548 ex
957 5493 1314 5548 sollicitudine
1345 5496 1643 5562 iniseriam,
1673 5499 1760 5567 qui
1791 5515 1819 5553 ει
1845 5502 2036 5571 priori-

456 5583 556 5645 bus
576 5601 636 5637 cs
659 5585 925 5640 laboribus
954 5586 1257 5642 liberandus
1275 5588 1298 5640 ’ἶ

514 5715 524 5743 ¹
565 5713 653 5762 ιω
680 5728 840 5778 voces,
865 5718 950 5769 sed
967 5720 1080 5781 alia,
1106 5722 1282 5774 desunt
1307 5723 1352 5773 ia
1379 5723 1544 5771 Morri-

1135 255 1193 310 δ.
1231 253 1506 311 .IOANNIS
1532 247 2006 308 Clll‘iYSOSTOllI
2047 245 2358 302 AllClllEP.
2401 248 2929 308 CONSTANTINOP.

3630 269 3740 329 301

2229 365 2281 418 4.
2314 364 2516 419 Malitia
2537 369 2808 439 aliquando
2835 389 2926 439 pro
2958 389 3190 429 wrumua
3227 380 3490 448 accipitur.
3535 413 3594 422 —
3618 385 3730 441 Ma-

2155 454 2319 508 litiam
2350 466 2524 510 autem
2551 457 2635 514 hic
2662 470 2814 514 vorat
2857 479 2962 520 non
2992 465 3404 536 improbitatem,
3434 473 3591 538 absit,
3637 479 3731 532 sed

2151 547 2441 610 miseriam,
2492 549 2748 615 laborem,
2791 569 3052 610 amonitas
3079 574 3092 621 ;
3123 559 3261 614 sicut
3287 572 3341 616 et
3369 564 3496 620 alibi
3523 565 3596 618 ait
3627 587 3639 620 :

2152 648 2221 690 est
2248 639 2442 695 malitia
2468 641 2519 693 in
2549 642 2763 706 civitate,
2786 661 2936 713 quam
2962 646 3210 703 Dominus
3235 669 3333 706 non
3360 654 3532 723 fecerit
3554 657 3731 730 (Amos

2152 729 2203 783 5.
2237 730 2293 800 ϐ)
2320 749 2331 782 :
2357 748 2464 788 non
2492 735 2702 802 rapinas
2735 739 3016 808 signiﬁcat,
3049 731 3157 799 non
3185 750 3458 804 avaritiam
3488 754 3527 816 ⁸,
3558 771 3733 826 neque

2151 824 2420 892 quidpiam
2451 828 2644 894 simiie,
2674 831 2766 885 sed
2816 833 2994 902 plagas
3037 836 3292 894 divinitus
3338 843 3622 902 immissas.
3646 824 3733 906 _Ac

2149 931 2380 984 rursum,
2412 918 2543 989 Ego,
2577 923 2762 992 inquit,
2792 928 2982 996 faciens
3029 948 3219 1000 parcnt,
3268 946 3314 988 ct
3339 953 3514 992 creatis
3540 942 3733 996 malum

2153 1002 2301 1078 (lxai.
2327 1012 2414 1065 45.
2446 1013 2518 1080 7).
2569 1014 2753 1084 Neque
2777 1020 2918 1073 enim
2951 1020 3037 1075 hic
3063 1025 3313 1086 malitiam
3342 1029 3490 1094 dicit,
3524 1033 3617 1087 sed
3649 1033 3730 1087 fa--

2151 1119 2288 1158 mem
2321 1147 2334 1169 ,
2385 1109 2714 1175 pestilentias
2739 1152 2752 1175 ,
2795 1127 2913 1181 qna:
2952 1115 3094 1168 mala
3133 1132 3253 1172 esse
3298 1122 3730 1180 existimantur:

2149 1198 2325 1266 vulgo.
2357 1199 2467 1252 litos
2495 1201 2690 1278 quippe
2713 1212 2830 1267 est,
2864 1213 2918 1260 ut
2950 1207 3100 1261 multi
3125 1224 3184 1261 ea
3217 1225 3335 1266 esse
3355 1211 3535 1269 dicant
3565 1217 3723 1271 mala.

2145 1289 2234 1345 Sic
2254 1292 2394 1344 enim
2419 1292 2490 1346 illi
2517 1309 2750 1364 quinque
2775 1295 3138 1366 Satrapiarum-
3153 1303 3460 1359 sacerdotes
3482 1317 3532 1359 et
3555 1318 3722 1370 vates,

2146 1398 2270 1438 eum
2299 1399 2488 1439 vaccas
2527 1401 2666 1440 arcte
2687 1387 2899 1455 junctus
2942 1391 3059 1445 sine
3091 1393 3266 1447 vitulis
3295 1411 3400 1464 quo
3425 1398 3620 1452 vellent
3648 1402 3726 1456 ire

2149 1479 2522 1546 permiserunt,
2556 1479 2809 1534 divinitus
2842 1481 3107 1538 immissas
3154 1486 3331 1554 plagas
3378 1488 3497 1542 illas
3523 1507 3722 1546 llllBl’U-

2147 1584 2365 1638 remque
2394 1585 2456 1624 ac
2485 1569 2724 1624 dolorem
2758 1572 2880 1627 inde
2908 1584 3112 1641 partaim
3144 1577 3398 1631 malitiam
3441 1570 3719 1640 vocabant.

2145 1662 2382 1734 ldipsutn
2407 1665 2584 1734 itaque
2613 1665 2878 1734 signiﬁcat
2903 1667 3090 1722 dicetis
3119 1686 3132 1722 :
3157 1669 3350 1739 Sufﬁcit
3381 1673 3480 1726 diri
3529 1677 3725 1732 malitia

2144 1771 2257 1809 sua.
2311 1755 2448 1809 Nihil
2474 1757 2615 1810 enim
2643 1757 2863 1826 perinde
2887 1759 3127 1812 animum
3148 1762 3376 1827 cruciat,
3408 1774 3574 1832 atque
3595 1781 3722 1821 cura

2143 1854 2200 1900 et
2224 1845 2548 1900 sollicitudo.
2581 1846 2670 1901 Sic
2699 1857 2753 1900 et
2782 1848 2975 1904 Paulus
3000 1849 3068 1903 ad
3097 1850 3450 1920 virginilatein
3482 1854 3722 1922 hortans,

2145 1937 2428 1991 Cons-ilium
2461 1939 2529 1990 ita
2559 1939 2815 1992 eli-‘ercbat
2843 1958 2854 1992 :
2904 1940 3024 1995 Volo
3049 1957 3213 1995 autem
3239 1959 3322 1996 vos
3343 1946 3452 1999 sine
3475 1946 3725 2001 sollicitu-
3815 2005 3824 2016 ,

2144 2032 2259 2086 dine
2298 2049 2402 2086 esse
2427 2035 2444 2102 (
2476 2035 2524 2087 l.
2551 2032 2670 2088 Cor.
2703 2035 2754 2087 7.
2786 2035 2896 2102 5‘2).
2925 2035 3056 2090 Cum
3088 2052 3247 2104 porro
3274 2039 3402 2092 dicit
3429 2040 3574 2095 diem
3600 2057 3724 2096 cra-

2144 2124 2336 2180 Stinam
2367 2127 2466 2183 sibi
2498 2129 2777 2183 sollicitam
2806 2130 2941 2196 fore,
2975 2147 3078 2186 non
3112 2133 3159 2186 id
3193 2135 3282 2195 ait,
3308 2137 3452 2205 quod
3472 2137 3588 2191 dies
3612 2139 3734 2206 ipsa.

2143 2215 2210 2272 de
2231 2233 2288 2272 se
2312 2219 2535 2272 sollicita
2563 2221 2648 2286 sit,
2679 2221 2772 2274 sed
2803 2222 2923 2291 quia
2945 2222 3008 2276 ad
3041 2225 3334 2294 imperitam
3365 2228 3570 2295 plebem
3599 2244 3719 2283 ser-

2144 2325 2233 2362 mo
2268 2320 2404 2376 erat,
2447 2327 2568 2364 cum
2621 2313 2778 2368 vellet
2827 2314 2939 2368 lure
2991 2331 3111 2370 cum
3152 2319 3392 2386 emphasi
3444 2321 3721 2390 proferre.

2144 2411 2351 2470 tempus
2391 2419 2628 2472 persona:
2657 2421 2806 2468 more
2837 2418 3200 2477 repraiscntat,
3231 2412 3522 2466 secundum
3555 2415 3722 2482 pluri-

2143 2509 2350 2549 morum
2382 2511 2582 2552 morem
2613 2499 2755 2567 ipsos
2781 2501 3074 2570 alloquens.
3108 2503 3171 2556 Et
3199 2503 3284 2558 hic
3309 2505 3530 2574 quidem
3548 2509 3725 2561 cousi-

2140 2588 2276 2646 lium-
2317 2589 2540 2660 profert,
2589 2607 2901 2662 pregressus
2944 2605 3129 2650 autem
3179 2595 3411 2664 idipeum-
3450 2607 3507 2651 ut
3554 2599 3722 2668 legem

2140 2683 2324 2738 statuit
2349 2684 2531 2738 dicens
2560 2703 2572 2737 :
2609 2684 2782 2739 Nolite
2811 2687 3066 2755 possidere
3103 2705 3304 2750 uitium,
3349 2706 3504 2754 neque
3542 2708 3724 2762 argenp

2141 2783 2268 2846 litui,
2301 2791 2455 2844 neque
2477 2793 2649 2844 peram
2673 2777 2724 2829 in
2747 2777 2824 2831 ria
2853 2777 3065 2845 (Matth.
3099 2779 3181 2833 l0.
3209 2780 3262 2834 9.
3301 2780 3407 2849 10).
3438 2781 3719 2852 Postquam

2139 2867 2280 2920 enim
2305 2862 2417 2919 btet:
2435 2865 2553 2934 ipsa
2572 2865 2826 2934 operibus
2847 2869 3176 2934 exhibuerat,
3208 2881 3333 2929 tunc
3360 2873 3575 2934 demum
3600 2890 3724 2928 vcr-

2140 2957 2220 3012 bis
2247 2959 2418 3029 legem
2448 2962 2632 3018 statuit
2667 2961 2976 3029 firmiorem,
3011 2963 3150 3018 unde
3177 2974 3230 3019 et
3260 2981 3438 3020 sermo
3471 2975 3722 3034 acceptus

2137 3061 2190 3104 et
2207 3051 2576 3118 comprobatus
2597 3063 2729 3118 erat,
2755 3053 2918 3122 ipsius
2938 3070 3128 3122 nempe
3147 3057 3517 3126 operibusjam
3543 3059 3722 3112 ﬁrma-

2141 3153 2241 3193 ltts.
2270 3143 2490 3199 Ubin.-m
2513 3146 2667 3213 igitur
2687 3146 2935 3215 operibus
2954 3148 3369 3202 demonstravit?
3387 3150 3530 3204 Audi
3547 3152 3718 3220 ipsum

2137 3237 2402 3290 dicentem
2435 3256 2446 3290 :
2475 3237 2641 3292 Filius
2667 3240 2879 3296 hominis
2909 3257 3008 3293 non
3035 3241 3178 3295 habet
3209 3243 3291 3297 ubi
3328 3254 3478 3312 caput
3517 3244 3730 3303 reclinet

2140 3330 2351 3400 (ΩΙ-σιώ.
2381 3331 2432 3386 8.
2462 3331 2576 3402 20).
2619 3333 2801 3402 Neque
2838 3335 2937 3388 hoc
2965 3344 3137 3390 tamen
3181 3337 3378 3391 dixisse
3413 3347 3716 3403 ροηιιιιιιιιε,

2138 3423 2188 3474 in
2218 3422 2490 3489 dircipulis
2533 3425 2644 3478 suis
2686 3424 2870 3478 horum
2913 3429 3214 3496 exemp'um
3243 3429 3562 3496 suppeditat,
3596 3446 3716 3484 cum

2140 3512 2282 3582 ipsos
2313 3513 2540 3567 adhunc
2567 3514 2788 3568 formam
2822 3517 3044 3586 redegit.
3075 3529 3129 3572 et
3160 3519 3302 3572 nullo
3329 3535 3485 3588 cgere
3518 3523 3717 3588 permi-

2137 3607 2223 3660 sil.
2262 3607 2532 3674 Perpende
2557 3617 2731 3661 autem
2773 3609 2886 3677 ejus
2923 3610 3330 3678 providentiam,
3359 3629 3476 3686 qua:
3502 3630 3716 3671 «tantem

2141 3698 2302 3766 patris
2331 3698 2564 3769 cujusvis
2594 3701 2839 3754 allectum
2875 3713 3108 3770 superat.
3159 3703 3266 3757 Hoc
3301 3705 3481 3772 jubeo,
3525 3707 3714 3776 inquit,

2140 3804 2244 3842 non
2274 3788 2429 3842 aliam
2459 3790 2527 3843 ob
2553 3806 2787 3855 causam,
2820 3808 2976 3860 quam
3009 3803 3065 3846 ιιι
3092 3810 3182 3848 vos
3209 3797 3276 3848 ab
3294 3796 3437 3849 enini
3464 3813 3718 3864 stipervih

2137 3896 2232 3934 cua
2260 3881 2613 3935 Soll7ciludine
2638 3883 2932 3950 expediam.
2961 3885 3090 3937 Nam
3114 3888 3154 3938 si
3188 3887 3342 3942 hodie
3368 3890 3624 3944 Sollicitus
3643 3891 3722 3944 sis

2137 3974 2204 4028 de
2247 3975 2498 4036 crastino,
2531 3990 2647 4028 cras
2689 3992 2896 4029 rursum
2938 3980 3193 4033 sollicitus
3225 3983 3348 4034 eris.
3381 3983 3518 4047 Quid
3561 3999 3621 4036 ea
3665 3984 3714 4035 in

2140 4081 2197 4121 re
2223 4067 2709 4135 supervacaneum?
2734 4067 2840 4119 Cur
2865 4069 3006 4137 cogis
3028 4069 3172 4122 diem
3194 4071 3398 4139 majori,
3425 4087 3579 4140 quam
3607 4074 3718 4140 ipse

2139 4159 2358 4211 sortitus
2386 4158 2473 4221 sit,
2519 4157 2730 4212 miSeria
2768 4158 2958 4227 afﬂigi;
2990 4170 3041 4213 et
3073 4177 3190 4214 cum
3235 4163 3457 4229 propriis
3501 4163 3596 4216 sibi
3642 4164 3716 4216 la-

2138 4251 2355 4305 boribus
2379 4251 2537 4305 etiam
2569 4252 2840 4321 sequentis
2879 4251 2984 4305 diei
3033 4269 3168 4306 onus
3211 4255 3452 4322 imponis,
3500 4264 3560 4308 et
3593 4255 3714 4319 hoc,

2138 4356 2254 4394 cum
2286 4357 2380 4410 per
2407 4340 2821 4395 additamentum
2854 4340 3151 4409 lmjusmodi
3179 4359 3236 4397 se
3259 4344 3578 4411 ,uentisdiei
3605 4361 3718 4398 sar-

2138 4435 2309 4489 cinam
2359 4451 2462 4487 non
2518 4435 2744 4495 minuas,
2805 4435 2897 4487 sed
2949 4435 3156 4489 labores
3209 4445 3409 4489 tantum
3452 4437 3720 4490 laboribus

2138 4527 2413 4597 adjicias’.
2446 4527 2513 4582 Ut
2539 4527 2678 4581 enim
2727 4528 2845 4582 illos
2877 4527 3040 4596 magis
3069 4530 3469 4596 perun-ingeret,
3512 4536 3722 4598 tempus

2142 4621 2311 4688 ipsum
2340 4622 2488 4688 quasi
2515 4619 2802 4672 animatum
2826 4628 2879 4672 et
2903 4618 3085 4671 ltcsum
3113 4618 3338 4683 induxit,
3365 4629 3552 4672 contra
3578 4620 3724 4686 ipsos

2139 4713 2372 4765 clamans
2403 4712 2470 4765 ob
2499 4710 2822 4779 snperlluam
2853 4711 3166 4764 molestiam.
3210 4711 3340 4764 Nam
3384 4710 3524 4764 diem
3565 4726 3721 4768 acce-

2142 4805 2282 4872 pisti,
2314 4813 2368 4857 ut
2396 4819 2515 4872 qua:
2542 4803 2608 4857 ad
2642 4803 2809 4870 ipsum
2839 4804 3102 4870 pertinent
3127 4818 3301 4857 cures.
3323 4804 3431 4856 Cur
3454 4804 3725 4872 sequentis

2139 4895 2241 4948 diei
2272 4910 2430 4948 curas
2460 4894 2559 4962 ipsi
2587 4893 2807 4963 adjicis?
2835 4909 3009 4947 annon
3039 4895 3306 4948 sufﬁciens
3344 4895 3442 4964 ipsi
3479 4902 3562 4948 est
3590 4909 3726 4950 onus

2141 4987 2438 5041 sollicitudo
2478 4987 2599 5042 sui?
2637 5003 2734 5040 cur
2771 5002 2899 5055 ergo
2945 4985 3016 5039 illi
3068 4987 3240 5053 majus
3279 4986 3506 5054 imponis
3549 4985 3726 5039 onus?

2140 5079 2270 5133 Cum
2313 5088 2487 5133 autem
2517 5079 2813 5147 Legislator
2841 5080 2905 5131 sit
2939 5080 2982 5132 is
3009 5080 3097 5147 qui
3129 5080 3207 5132 sic
3246 5079 3498 5147 loquitur,
3528 5088 3583 5132 et
3614 5078 3730 5145 ipse

2141 5170 2208 5224 de
2251 5170 2401 5224 nobis
2423 5169 2756 5238 judicaturus
2786 5180 2873 5233 sit,
2921 5169 3092 5238 cogita
3138 5185 3294 5238 quam
3340 5169 3534 5223 bonam
3573 5169 3731 5222 nobis

2141 5278 2289 5331 spem
2321 5271 2596 5330 [l‘OpOItal,
2622 5277 2741 5314 cum
2770 5261 2881 5328 ipse
2907 5263 3236 5322 testiﬁcetur,
3268 5261 3402 5314 hanc
3425 5261 3583 5313 vitam
3608 5275 3730 5313 esse

2144 5356 2390 5408 miseram
2422 5363 2476 5407 et
2519 5353 2856 5413 laboriosam,
2895 5354 2964 5407 ita
2997 5363 3052 5405 ut
3083 5355 3238 5406 unius
3280 5353 3382 5405 diei
3423 5351 3728 5406 sollicitudo

2142 5447 2372 5502 sufﬁciat
2392 5446 2456 5498 ad
2478 5445 2819 5499 afllietioncm
2843 5446 3322 5512 comi-itionemqne
3352 5453 3607 5498 nostram.
3634 5446 3727 5495 At—

2211 5665 2222 5694 ¹
2257 5663 2366 5719 Alii,
2394 5677 2482 5712 non
2509 5662 2702 5719 rupinas
2725 5660 2961 5722 signs/ton
2987 5673 3135 5718 neque
3162 5659 3474 5721 pt‘tm'ipatus.

2209 5726 2229 5758 ³
2263 5726 2474 5783 deam,
2493 5728 2576 5776 scil
2602 5725 2783 5784 iustum
2820 5723 3091 5782 uitulinum
3117 5722 3326 5771 latiorem
3349 5739 3378 5774 ιι
3406 5725 3572 5787 ma».
