4080 6138
297 257 404 312 305

294 379 618 426 tamencum
648 370 724 417 tot
757 367 1004 429 tantaque
1028 356 1169 411 dicta
1197 357 1321 418 sint,
1353 371 1452 409 nos
1478 355 1543 407 de
1565 354 1648 406 bis
1674 353 1882 406 solliciti

293 473 504 524 smnus,
535 452 766 511 caelestia
795 459 1100 504 autemnon
1123 460 1392 511 curamus,
1423 445 1514 499 Sed
1543 444 1782 496 ordinem
1808 443 1889 495 in-

292 549 586 611 vertimus,
645 544 896 611 utrinque
939 547 1124 594 contra
1169 553 1326 606 supra
1381 537 1519 590 dicta
1573 544 1884 604 pugnantes.

231 629 236 632 I
295 640 572 712 Perpende
598 650 826 706 namque
866 651 881 688 :
921 633 1052 686 dicit
1081 631 1167 684 ille
1196 648 1209 683 :
1257 629 1333 684 Ne
1360 628 1579 682 omnino
1609 626 1888 695 praesentia

296 734 584 806 quan-alis;
618 744 714 782 nos
738 737 914 783 autem
946 725 1032 778 illa
1075 721 1289 776 assidue
1317 720 1624 790 quaerimus.
1657 717 1890 785 Quaerite

297 827 555 888 molestia,
598 820 798 890 inquit;
843 831 942 871 nos
983 823 1158 869 autem
1203 828 1268 867 ne
1301 826 1462 880 parvo
1490 809 1702 880 quidem
1745 809 1890 862 horae

286 919 456 972 ‘unins
481 914 653 983 spatio
680 912 766 964 illa
797 925 867 978 qu
888 908 1123 970 rrimus;
1160 904 1253 959 sed
1283 914 1534 974 quamam
1573 903 1641 957 de
1670 902 1892 956 saecula-

302 1010 459 1063 rilrus
476 998 888 1061 sollicitudinem
919 999 1252 1062 exhibemus,
1286 1005 1485 1051 tantam
1519 997 1569 1049 in
1602 994 1887 1064 spiritu-alio

302 1104 403 1157 bus
443 1097 812 1169 negligentiam
844 1091 1196 1157 ostendimus,
1229 1090 1337 1145 imo
1378 1088 1546 1143 multo
1585 1087 1841 1156 majorem
1873 1104 1886 1140 :

303 1193 397 1247 sed
427 1206 531 1245 non
561 1202 772 1256 semper
802 1185 916 1240 hare
945 1183 1098 1238 nobis
1141 1196 1397 1252 prospere
1425 1179 1750 1250 precedent;
1795 1192 1891 1232 ne-

303 1301 407 1352 que
433 1297 646 1350 semper
675 1281 744 1334 ita
776 1285 999 1347 possunt
1025 1275 1264 1331 evenire.
1307 1273 1447 1328 Ecce
1474 1271 1660 1327 decem
1705 1270 1892 1326 diebus

305 1373 716 1435 cotttemnimns,
748 1385 871 1424 ecce
902 1365 1105 1436 viginti,
1136 1379 1261 1418 ecce
1290 1373 1522 1418 centum.
1565 1363 1756 1415 Annon
1801 1375 1894 1413 nc-

305 1484 456 1523 cesse
485 1480 704 1536 prorsus
732 1472 813 1518 est
841 1462 1010 1522 obire,
1055 1470 1108 1514 et
1139 1460 1189 1513 in
1214 1459 1500 1528 judicantis
1528 1471 1716 1510 manus
1757 1456 1892 1508 inci-

306 1559 472 1614 dere?
497 1556 602 1612 Sed
631 1554 812 1609 dilatio
837 1551 1252 1607 consolationem
1280 1547 1455 1602 affert.
1485 1548 1548 1601 Et
1568 1562 1686 1616 qua:
1708 1560 1897 1600 conso-

309 1651 456 1715 latio,
489 1663 609 1703 cum
640 1644 877 1716 quotidie
917 1649 1258 1711 exspectatur
1285 1639 1603 1709 supplicium
1639 1647 1691 1692 et
1730 1636 1895 1691 ultio?

306 1742 361 1795 Si
391 1741 524 1794 velis
545 1738 692 1792 enim
715 1752 777 1790 ex
803 1735 902 1788 hac
928 1732 1181 1787 dilatione
1208 1729 1629 1785 consolationem
1660 1728 1892 1798 aliquam

309 1833 570 1900 accipere,
602 1829 784 1896 accipe
826 1841 966 1891 eam,
1013 1838 1130 1892 qua:
1169 1821 1497 1891 paenitentia:
1543 1820 1748 1873 fructus
1793 1828 1894 1883 est,

309 1922 756 1976 emendationem.
788 1917 920 1970 Nam
965 1916 1008 1968 si
1052 1931 1117 1969 ex
1149 1929 1216 1968 eo
1246 1913 1382 1982 quod
1425 1911 1555 1966 ultio
1599 1911 1893 1971 differatur,

311 2015 538 2083 aliquam
585 2011 800 2080 prodire
851 2016 1003 2075 putas
1042 2004 1482 2068 consolationem,
1516 2002 1684 2056 multo
1727 2001 1898 2070 majus

309 2109 515 2160 lucrum
545 2113 628 2159 est
673 2118 776 2154 non
817 2101 1053 2154 incidere
1094 2099 1146 2152 iu
1189 2097 1468 2151 ultionem.
1512 2095 1734 2149 Utamur
1771 2109 1900 2162 ergo

307 2202 411 2252 hac
440 2196 715 2258 dilatione,
762 2202 818 2246 ut
855 2191 1072 2245 omnino
1099 2190 1168 2243 ab
1199 2187 1597 2242 imminentibus
1628 2187 1797 2256 pfBllIS
1839 2185 1901 2238 li-

313 2293 583 2345 heremnr.
628 2287 702 2340 Ex
737 2285 800 2338 iis
825 2284 966 2338 enim
1006 2297 1126 2351 qua:
1167 2289 1426 2350 przecepta
1471 2286 1592 2331 sunt
1636 2276 1768 2330 nihil
1816 2276 1900 2329 vel

313 2396 598 2437 onerosum
631 2379 713 2432 vel
741 2377 1025 2431 molestum
1057 2383 1167 2435 est;
1196 2370 1289 2426 sed
1321 2369 1496 2424 omnia
1529 2369 1599 2423 ita
1640 2367 1817 2436 pervia
1847 2376 1901 2420 et

317 2474 510 2537 facilia,
554 2481 611 2524 ιιι
636 2471 678 2523 si
711 2475 1007 2536 promptam
1043 2465 1215 2518 solum
1243 2463 1566 2516 voluntatem
1593 2458 1896 2521 aﬂeramus,

315 2566 493 2620 omnia
539 2561 808 2616 valeamus
859 2555 1146 2625 perficere,
1195 2552 1404 2608 etiamsi
1453 2551 1684 2605 millibus
1735 2550 1902 2603 sinms

318 2654 551 2726 peccatis
575 2649 811 2706 obnoxii.
842 2647 1112 2701 Manasses
1137 2644 1280 2698 enim
1309 2640 1634 2698 exsecranda
1672 2640 1902 2694 facinora

317 2759 504 2808 ausus,
559 2743 649 2812 qni
701 2739 955 2793 adversus
1005 2743 1185 2789 sancta
1237 2748 1425 2787 manus
1473 2729 1804 2795 extenderat,
1851 2737 1906 2785 et

317 2835 740 2890 abominationes
767 2832 817 2884 in
846 2828 1103 2898 templum
1135 2824 1434 2887 induxerat,
1461 2823 1802 2892 emdibusque
1824 2837 1906 2874 nr-

322 2927 440 2982 bem
473 2927 789 2995 repleverat,
837 2921 1106 2988 multaque
1146 2917 1249 2970 alia
1296 2916 1493 2970 fecerat
1539 2930 1657 2984 qua:
1697 2901 1902 2969 veniam

321 3035 427 3077 non
457 3018 797 3073 merebantur
841 3012 915 3085 (ι.
963 3011 1088 3082 Reg.
1135 3011 1231 3080 21)
1264 3029 1276 3063 :
1309 3011 1542 3062 attamen
1590 3017 1709 3077 post
1747 3009 1902 3061 talem

321 3123 629 3180 tantamque
680 3107 1049 3176 iniquitatem,
1103 3103 1282 3156 omnia
1334 3103 1420 3156 illa
1473 3102 1673 3155 scelera
1718 3100 1899 3156 abluit.

319 3201 600 3273 Quomodo
625 3210 673 3254 et
697 3215 796 3269 qua
827 3194 1070 3251 ratione?
1099 3194 1198 3248 Per
1231 3193 1592 3262 pmnitcntiatu
1618 3206 1681 3245 ac
1711 3192 1903 3246 bonum

323 3295 670 3364 preposftnm.

478 3385 596 3438 .Von
617 3391 687 3436 est
719 3385 973 3448 peccatum
993 3377 1125 3446 quod
1145 3375 1443 3444 pwnitentia'
1461 3390 1560 3427 non
1581 3374 1746 3427 cedat.
1773 3371 1908 3427 Deus

329 3492 426 3531 tton
470 3476 647 3528 invitos
687 3473 866 3525 salvat.
898 3468 1162 3534 Quomodo
1199 3483 1344 3519 orare
1371 3466 1637 3518 debeamus
1668 3474 1721 3518 ιιι
1747 3481 1906 3518 exau-

330 3576 550 3627 dimnur.
581 3565 864 3621 .Issiduitas
888 3573 1126 3631 quantum
1156 3562 1358 3614 bonum.
1387 3589 1456 3598 —
1483 3558 1596 3612 Non
1633 3566 1714 3611 est
1744 3557 1908 3618 enim,

333 3681 436 3717 non
463 3670 545 3714 est
568 3667 713 3713 certe
747 3662 1039 3724 peccatum.
1075 3652 1215 3722 quod
1260 3666 1361 3704 non
1388 3649 1540 3703 cedat
1565 3650 1611 3701 vi
1651 3649 1911 3717 pmniten-

333 3754 450 3814 tise;
479 3751 586 3804 imo
613 3750 786 3818 potius
811 3746 994 3814 gratim
1013 3743 1231 3797 Christi.
1264 3741 1393 3794 Nam
1423 3741 1468 3793 si
1498 3740 1656 3793 modo
1683 3754 1912 3793 conver-

335 3856 525 3906 tamur,
557 3841 643 3894 ille
675 3838 826 3892 nobis
861 3837 1013 3890 adest
1046 3834 1334 3904 opitulator
1369 3850 1379 3885 :
1411 3847 1473 3886 ac
1502 3833 1543 3885 si
1578 3831 1706 3885 velis
1746 3832 1916 3886 bonus

333 3949 472 3994 esse,
504 3945 661 3986 nemo
685 3929 935 3997 impedit;
969 3927 1075 3979 imo
1108 3927 1282 3994 potius
1321 3933 1404 3978 est
1430 3924 1518 3992 qtti
1547 3923 1806 3992 impedire
1826 3937 1916 3976 co-

336 4023 774 4084 neturdiabolus,
805 4034 974 4088 neque
1000 4025 1195 4086 potest,
1226 4025 1275 4068 te
1302 4015 1499 4084 optima
1527 4015 1776 4084 eligente,
1806 4015 1914 4069 sieo

337 4131 442 4187 qtte
473 4119 635 4171 ltemn
657 4113 719 4167 ad
744 4109 1093 4182 patrocinium
1117 4107 1436 4161 attrahente.
1465 4108 1557 4160 Sin
1582 4115 1635 4159 tu
1658 4106 1913 4170 nolueris,

339 4211 434 4265 sed
476 4207 746 4273 resilieris,
790 4200 1058 4274 quomodo
1100 4199 1192 4254 tibi
1245 4198 1690 4268 patrocinabitur?
1738 4199 1920 4267 Neque

339 4305 486 4357 enim
516 4301 564 4353 vi
593 4311 678 4352 aut
710 4296 1042 4358 necessitate,
1074 4290 1168 4346 sed
1201 4290 1451 4344 libentem
1477 4298 1528 4342 te
1555 4289 1666 4342 vult
1694 4289 1918 4343 salutem

340 4392 613 4461 consequi.
647 4389 774 4442 Nam
817 4387 862 4441 si
898 4397 950 4441 tu
977 4398 1190 4440 servum
1222 4382 1448 4436 haberes
1494 4389 1544 4434 te
1572 4379 1696 4434 odio
1725 4380 1924 4434 baben-

343 4497 450 4539 tem
481 4493 535 4537 et
571 4486 922 4540 aversantetn,
969 4487 1219 4544 saipequc
1262 4469 1598 4525 recedentem
1627 4483 1690 4524 ac
1721 4467 1925 4539 fugien-

343 4589 474 4638 tem,
506 4575 676 4629 nolles
719 4583 866 4627 certe
906 4569 1157 4632 retinere,
1187 4564 1289 4620 etsi
1319 4564 1435 4631 ejus
1465 4562 1761 4617 ministerio
1790 4577 1924 4630 Opus

343 4670 570 4723 haberes
602 4680 616 4718 :
646 4663 812 4717 multo
854 4661 1018 4728 magis
1059 4659 1218 4718 Deus,
1251 4656 1336 4724 qni
1371 4667 1473 4708 non
1519 4652 1588 4708 ob
1627 4667 1779 4707 suam
1821 4653 1923 4705 ali-

342 4775 501 4831 quam
529 4756 922 4816 necessitatem,
945 4751 1036 4804 sed
1064 4750 1134 4804 ob
1154 4750 1375 4803 salutem
1407 4757 1547 4800 tuam
1575 4747 1750 4801 omnia
1779 4747 1921 4812 facit,

345 4853 511 4907 II‘liIICI
535 4861 587 4901 te
625 4849 672 4900 vi
717 4845 965 4899 retinere.
994 4842 1123 4896 Cum
1153 4852 1334 4894 contra
1365 4839 1408 4892 si
1439 4844 1762 4892 voluntatem
1807 4849 1923 4891 tan-

345 4955 459 4999 tum
489 4939 762 4998 exhibeas,
793 4948 1076 5002 numquam
1106 4941 1154 4986 te
1177 4932 1264 4984 ille
1287 4931 1516 4995 deseret,
1542 4929 1928 4999 quantumlibet

344 5033 592 5088 diabolus
617 5029 896 5083 adversam
924 5025 1138 5077 nitatur.
1171 5021 1348 5091 Itaque
1375 5037 1470 5075 nos
1493 5033 1650 5075 eausa
1678 5021 1927 5089 perniciei

347 5135 545 5182 nostrae
573 5135 776 5175 sumus.
807 5116 987 5185 Neque
1025 5113 1164 5168 enim
1204 5112 1269 5165 ad
1311 5112 1454 5164 illum
1482 5112 1801 5176 accedimus,
1837 5128 1928 5166 ne-

347 5232 454 5288 que
482 5211 750 5284 supplices
781 5209 1007 5271 adimus,
1040 5220 1209 5274 neque
1255 5213 1499 5272 rogamus
1535 5211 1592 5256 ιιι
1621 5218 1716 5272 par
1742 5213 1884 5259 esset
1915 5223 1927 5259 :

355 5309 448 5368 sed
490 5305 697 5361 etiamsi
730 5299 1066 5360 accedanms,
1108 5296 1210 5350 hoc
1257 5293 1326 5347 ita
1373 5293 1594 5347 facimus
1632 5295 1781 5365 quasi
1823 5312 1928 5349 non

354 5397 708 5474 impetraturi,
753 5408 853 5449 nec
889 5407 1008 5447 cum
1043 5389 1147 5443 fide
1191 5387 1525 5454 congruenti.
1575 5399 1744 5456 neque
1779 5389 1928 5456 quasi

353 5498 670 5564 exigentes;
715 5486 806 5540 sed
847 5484 1135 5539 oscitantes
1185 5493 1249 5532 ac
1289 5487 1558 5546 torpentes
1599 5479 1776 5531 omnia
1805 5478 1932 5532 faei-

361 5607 496 5648 tnns.
530 5587 684 5656 Atqui
717 5585 855 5638 Dens
890 5581 1001 5635 vult
1031 5593 1127 5633 nos
1152 5576 1299 5646 quasi
1327 5573 1600 5644 exigentes
1629 5571 1853 5643 precari,
1879 5580 1934 5626 et

357 5692 484 5739 tunc
514 5675 705 5747 gratias
731 5674 823 5730 tibi
853 5686 1070 5743 magnas
1095 5667 1272 5723 habet.
1306 5665 1400 5720 llic
1426 5667 1624 5734 quippe
1653 5665 1798 5718 solus
1833 5662 1927 5716 de-

1315 241 1389 297 “IN
1431 237 1838 296 MA'I‘TIIAEUM
1880 235 2104 291 IIOMIL.
2151 238 2312 296 XXII.
2355 242 2424 294 al.
2473 241 2656 296 XXIII.

3467 238 3566 292 5(ὶῦ

1993 354 2148 418 bitor,
2178 358 2391 426 quando
2418 358 2692 427 exigimus,
2735 357 2930 428 gratias
2953 355 3130 424 habet,
3160 366 3212 411 et
3237 371 3296 412 ea
3319 371 3436 427 quae.
3463 373 3568 410 non

1992 460 2176 502 tt'tttttto
2200 449 2442 503 dedimus
2473 449 2664 504 reddit.
2699 448 2764 503 Ει
2793 450 2838 502 si
2876 449 3029 504 valde
3071 448 3356 503 instantem
3380 448 3572 503 viderit

1991 555 2112 592 eum
2138 541 2228 607 qui
2260 541 2444 610 exigit,
2476 542 2634 595 etiam
2661 555 2744 605 ea,
2791 554 2912 609 qua:
2957 558 3060 593 non
3090 544 3297 608 accepit
3335 556 3364 594 a
3397 541 3568 603 nobis,

1994 630 2192 690 solvit;
2222 633 2264 684 si
2297 645 2423 684 vero
2466 632 2700 700 segnius,
2747 631 2836 684 ille
2873 630 3088 691 differt,
3123 645 3226 684 non
3272 631 3414 698 quod
3444 632 3572 684 dare

1994 722 2146 786 nolit,
2191 723 2284 776 sed
2330 725 2452 791 quia
2501 725 2726 778 libenter
2761 724 2904 778 videt
2934 739 3032 779 nos
3075 724 3142 777 ab
3180 726 3293 795 ipso
3336 725 3569 794 exigere.

1993 813 2223 883 Ideoque
2245 814 2334 868 tibi
2355 816 2656 884 exemplum
2686 817 2864 877 attulit
2894 817 3050 870 amici
3078 817 3216 870 illius
3243 825 3397 871 noctu
3423 832 3576 870 acce-

1993 907 2189 974 dentis,
2233 917 2287 960 et
2333 922 2524 975 panem
2575 909 2819 975 petentis,
2871 923 3076 963 necnon
3119 909 3313 978 judieis
3352 908 3439 978 qui
3478 924 3574 962 nee

1998 997 2164 1052 Deum
2200 999 2437 1060 timebat,
2471 1014 2570 1054 nec
2616 999 2860 1053 homines
2899 1001 3258 1054 reverebatur.
3302 999 3484 1068 Neque
3523 1000 3574 1052 in

1994 1092 2254 1159 exemplis
2286 1091 2540 1156 substitit,
2567 1091 2658 1145 sed
2689 1092 2738 1145 id
2770 1092 2882 1158 ipse
2908 1109 3121 1161 quoque
3147 1093 3395 1161 Operibns
3422 1091 3571 1144 exiti-

1998 1181 2129 1246 buit,
2163 1186 2374 1254 quando
2404 1187 2732 1241 I‘hmnissam
2763 1187 2905 1240 illam
2950 1187 3224 1242 mulierem
3259 1201 3450 1256 magno
3478 1185 3577 1237 ho—

1997 1286 2236 1331 noratant
2264 1276 2404 1330 dono
2431 1279 2652 1331 remisit.
2684 1278 2735 1330 lu
2771 1277 2868 1332 hac
2891 1294 3020 1331 vero
3061 1277 3311 1341 ostendit,
3339 1293 3396 1330 se
3417 1277 3575 1330 etiam

2000 1370 2109 1435 illa,
2140 1387 2256 1438 qua!
2285 1385 2392 1422 non
2419 1384 2712 1439 congruere
2737 1370 3001 1429 videntur,
3050 1370 3310 1422 instanter
3354 1367 3576 1435 petenti-

1999 1462 2098 1523 bus
2127 1463 2322 1533 largiri.
2353 1462 2472 1516 Non
2503 1473 2592 1524 est,
2627 1463 2832 1531 inquit,
2882 1463 3066 1514 bonum
3108 1461 3284 1515 tollere
3311 1478 3488 1529 partem
3516 1461 3578 1526 ﬁ-

1998 1554 2202 1620 liorum,
2234 1564 2279 1608 et
2305 1555 2551 1624 projicere
2574 1554 2780 1606 canibus
2827 1552 3036 1622 (Matth.
3073 1554 3156 1606 15.
3189 1553 3301 1618 ‘26).
3335 1555 3578 1604 Attamen

1999 1645 2144 1700 dedit
2173 1645 2292 1713 quia
2326 1645 2410 1698 illa
2455 1644 2798 1700 vehetuenter
2839 1644 3069 1711 petebat.
3111 1643 3208 1697 Per
3246 1643 3457 1695 .Itulams
3481 1658 3579 1692 att-

2001 1744 2108 1792 tem
2146 1737 2492 1807 significavit,
2540 1752 2598 1789 se
2626 1735 2906 1789 desidiosis
2953 1751 3017 1788 ne
3058 1735 3142 1787 illa
3171 1735 3383 1804 quidem
3428 1733 3578 1795 dare,

1999 1845 2118 1900 qua:
2157 1831 2222 1883 ad
2266 1831 2407 1899 ipsos
2445 1829 2796 1899 pertinebant.
2848 1828 3026 1895 itaque
3077 1828 3149 1880 illi
3199 1826 3325 1880 nihil
3358 1840 3581 1893 accepe-

1999 1929 2142 1986 runt,
2174 1921 2266 1976 sed
2305 1923 2463 1976 etiam
2491 1935 2584 1974 sua
2617 1920 2976 1989 perdiderunt.
3019 1920 3083 1973 Et
3123 1919 3172 1971 hi
3201 1917 3435 1988 quidem,
3459 1918 3579 1986 quia

2003 2028 2108 2066 non
2153 2013 2417 2080 petierunt
2449 2013 2490 2078 ¹,
2535 2028 2603 2066 ne
2629 2026 2721 2065 Sua
2761 2012 2972 2078 quidem
3012 2008 3306 2079 at-cepcre':
3342 2010 3424 2063 illa
3457 2024 3584 2062 vero

2003 2103 2126 2173 quia
2157 2106 2502 2158 vehementer
2527 2103 2734 2166 institit,
2763 2104 2930 2156 aliena
2959 2103 3129 2172 potuit
3158 2102 3258 2156 sibi
3290 2101 3581 2164 vindicare,

2003 2206 2055 2251 et
2081 2212 2200 2266 qu.e
2233 2196 2458 2250 tiliorutn
2480 2207 2630 2250 erant
2649 2196 2868 2248 catellus
2886 2194 3107 2261 accepit.
3129 2193 3356 2247 Tantum
3387 2193 3582 2245 bonum

2004 2298 2086 2344 est
2110 2288 2412 2342 assiduitas.
2447 2287 2560 2342 Etsi
2600 2289 2741 2340 enim
2768 2287 2914 2341 cauis
2956 2285 3138 2349 fueris,
3188 2285 3230 2338 si
3283 2284 3586 2354 frequenter

2005 2382 2190 2447 instes,
2235 2381 2343 2433 filio
2375 2379 2542 2434 dcsidi
2586 2380 2927 2448 anteponeris
2959 2397 2971 2432 :
3004 2393 3121 2447 quae
3151 2377 3294 2430 enim
3326 2391 3429 2430 non
3461 2391 3586 2444 per.

2005 2470 2130 2526 fecit
2181 2471 2433 2538 amicitia,
2483 2469 2536 2524 id
2584 2469 2806 2540 perfecit
2857 2469 3140 2523 assiduitas
3189 2467 3461 2537 pt‘ecaudi.
3513 2461 3588 2518 Ne

2006 2563 2152 2618 dicas
2187 2562 2364 2633 igitur,
2415 2560 2665 2616 Inimicus
2704 2560 2832 2615 mihi
2879 2571 2960 2615 est
2986 2559 3145 2624 Dens,
3198 2573 3296 2612 nec
3343 2558 3588 2610 exaudiet

2008 2672 2114 2711 me.
2147 2656 2266 2712 Cito
2305 2656 2397 2711 tibi
2428 2654 2789 2725 respondebit,
2834 2653 2876 2708 si
2910 2654 3211 2724 frequenter
3247 2652 3391 2706 illum
3426 2652 3590 2704 inter-

2011 2749 2175 2819 pelles
2218 2755 2271 2803 et
2300 2761 2525 2817 urgeas;
2557 2754 2610 2801 et
2641 2747 2684 2800 si
2722 2761 2828 2801 non
2870 2746 2937 2800 ob
2981 2743 3286 2806 amicitiam,
3337 2751 3482 2796 certe
3522 2743 3590 2793 ob

2007 2841 2374 2897 assiduitatem
2404 2860 2418 2896 :
2449 2857 2511 2896 ac
2542 2855 2712 2910 neque
2734 2839 3032 2905 inimicitia,
3064 2853 3239 2905 neque
3275 2834 3588 2903 importuni-

2011 2946 2110 3003 tas,
2142 2950 2314 3006 neque
2335 2935 2474 2989 aliud
2502 2933 2770 3002 quidpiam
2816 2932 3192 3003 impedimento
3220 2945 3340 2984 esse
3377 2927 3587 2997 poterit.

2009 3028 2086 3084 Ne
2115 3027 2284 3093 dicas,
2323 3026 2437 3081 Non
2483 3041 2598 3080 sum
2633 3025 2856 3095 dignus,
2905 3024 3023 3078 ideo
3064 3040 3166 3076 non
3207 3029 3393 3090 ιιι-ει·οῒ
3425 3037 3438 3078 :
3471 3034 3590 3072 nam

2013 3110 2132 3175 talis
2160 3129 2275 3174 erat
2297 3117 2726 3190 Syrophmuissa.
2767 3109 2844 3171 Ne
2872 3117 3039 3180 dicas,
3070 3108 3290 3168 Multum
3336 3111 3548 3183 peccavi
3575 3150 3591 3171 ,

2013 3227 2111 3266 nec
2143 3223 2355 3281 possmn
2403 3213 2591 3264 iraan
2637 3219 2825 3278 regare
2877 3226 2888 3261 :
2939 3222 3043 3260 non
3100 3207 3240 3261 enitit
3284 3204 3592 3274 dignitatem

2017 3297 2154 3359 [iens
2191 3313 2415 3373 spectat,
2450 3303 2542 3356 sed
2583 3304 2927 3356 voluntatem.
2959 3289 3088 3354 Nam
3121 3300 3163 3353 si
3207 3297 3494 3368 principem
3534 3297 3596 3347 il-

2016 3398 2122 3450 lum
2147 3397 2235 3466 qui
2267 3411 2366 3450 nec
2394 3396 2556 3448 Deum
2584 3393 2821 3455 timebat,
2847 3407 2944 3446 nec
2966 3391 3206 3445 homines
3235 3389 3595 3448 reverebatnr.

2018 3489 2169 3543 vidua
2195 3477 2395 3542 inflexit
2416 3505 2428 3540 :
2448 3487 2613 3540 multo
2629 3485 2794 3554 magis
2811 3484 3007 3539 bonum
3023 3482 3121 3535 sibi
3141 3480 3368 3534 attrahet
3387 3481 3594 3534 assidua

2017 3582 2352 3654 supplicatio.
2377 3574 2451 3635 Ita
2483 3589 2541 3634 ut
2560 3576 2766 3632 etiamsi
2787 3591 2890 3629 non
2923 3575 3126 3630 amicus
3143 3573 3238 3639 sis,
3262 3574 3467 3628 etiamsi
3495 3588 3597 3624 non

2017 3676 2195 3732 debita
2215 3675 2416 3744 exigas,
2440 3670 2646 3726 etiamsi
2661 3677 2878 3739 paterna
2905 3655 3038 3720 bona
3060 3653 3437 3732 absumpseris,
3465 3652 3600 3715 mni-

2021 3777 2178 3839 toque
2210 3776 2447 3836 tempore
2494 3764 2688 3818 absens
2738 3760 2917 3820 fueris.
2969 3758 3174 3813 etiamsi
3211 3747 3442 3826 degener
3487 3771 3600 3807 om-

2021 3863 2272 3929 niumque
2294 3867 2594 3929 postremus
2613 3897 2630 3922 ,
2665 3855 2872 3909 etiamsi
2911 3853 3104 3907 iratum
3134 3841 3602 3920 indignantemque

2020 3951 2348 4013 convenias;
2381 3948 2432 4000 in
2463 3947 2698 4000 animum
2738 3945 2955 3997 inducas
2983 3952 3181 3995 tantum
3212 3941 3414 4008 precari
3442 3941 3602 4009 atque

2022 4044 2088 4098 ad
2118 4043 2266 4096 illum
2294 4039 2487 4100 redire,
2527 4046 2581 4091 et
2606 4036 2782 4090 rnnnia
2823 4035 3074 4102 accipies,
3103 4045 3262 4102 atque
3293 4036 3421 4086 iram
3453 4032 3605 4085 ιΙιιιιμ

2024 4135 2397 4200 nationemque
2422 4131 2597 4183 statim
2623 4129 2944 4196 exstingues.
2967 4126 3121 4194 Atqui
3148 4139 3352 4192 prcCor,
3374 4123 3602 4192 inquies,

2025 4235 2079 4281 et
2109 4224 2240 4278 nihil
2269 4221 2505 4291 proficio.
2537 4219 2643 4274 Sed
2689 4234 2792 4270 non
2840 4217 3072 4284 precaris
3114 4226 3169 4268 ιιι
3217 4215 3319 4280 illi,
3362 4225 3417 4268 nt
3445 4215 3602 4283 Syro.

2027 4317 2318 4386 phoenissa,
2349 4313 2490 4377 dico,
2525 4320 2578 4364 nt
2601 4312 2803 4364 amicus
2843 4310 3154 4378 intempesta
3182 4317 3335 4363 nocte
3363 4307 3603 4372 veniens,

2028 4420 2080 4463 ut
2116 4409 2266 4461 vidua
2307 4423 2424 4476 qua:
2466 4406 2770 4474 frequenter
2803 4402 3035 4471 judicent
3084 4401 3323 4472 urgebat,
3371 4414 3424 4455 ut
3469 4401 3606 4455 filius

2026 4501 2114 4571 qui
2150 4509 2366 4569 paterna
2395 4498 2529 4551 bona
2546 4497 2934 4564 absumpserat.
2960 4493 3091 4548 Nam
3107 4495 3149 4547 si
3176 4495 3251 4547 sic
3277 4509 3478 4554 orares,
3502 4493 3608 4545 cito

2030 4594 2361 4661 impetu-ares.
2396 4590 2602 4644 Etenim
2643 4589 2849 4643 etiamsi
2877 4586 3194 4640 contumelia
3240 4585 3460 4639 affectus
3490 4584 3558 4636 sit
3591 4599 3605 4644 ;

2029 4695 2081 4737 at
2111 4693 2257 4752 pater
2291 4692 2411 4735 est:
2444 4680 2650 4735 etiamsi
2691 4679 2858 4732 iratus
2891 4688 2992 4743 est,
3039 4685 3094 4730 at
3143 4677 3278 4729 IIIIOS
3317 4686 3496 4729 amat:
3525 4686 3608 4727 at-

2030 4793 2134 4846 que
2177 4791 2340 4828 unum
2373 4783 2574 4828 tantum
2605 4773 2825 4842 quaerit,
2871 4787 2974 4823 non
3013 4769 3080 4823 de
3121 4768 3457 4823 contumeliis
3497 4782 3608 4836 ιω-

2033 4884 2128 4922 nas
2146 4868 2378 4935 exigere,
2406 4865 2499 4919 sed
2519 4872 2570 4917 te
2585 4877 2900 4916 conversum
2932 4871 2982 4914 et
3009 4861 3389 4929 supplicantem
3411 4860 3607 4914 videre.

2102 4961 2155 5012 6.
2195 4955 2426 5012 Charitas
2459 4954 2551 5008 Dei
2592 4968 2710 5022 erga
2741 4969 2852 5004 nos.
2894 4950 2974 5003 Ad
3004 4952 3171 5020 ipsum
3194 4950 3482 5004 accedentes
3513 4951 3612 5004 im-

2033 5048 2236 5120 portuni
2265 5055 2536 5114 numquam
2555 5053 2690 5096 sunt.
2723 5073 2792 5081 —
2818 5032 3023 5096 Utinam
3056 5055 3150 5096 nos
3183 5041 3252 5095 ita
3281 5043 3612 5104 arderemns,

2034 5153 2091 5197 ut
2116 5143 2318 5196 viscera
2346 5139 2434 5192 illa
2460 5137 2524 5190 ad
2554 5137 2890 5190 dilectionem
2919 5150 3042 5206 erga
3076 5150 3171 5188 nos
3199 5135 3612 5189 inflammantur.

2035 5233 2137 5290 Sed
2159 5231 2293 5301 ignis
2315 5229 2402 5284 ille
2427 5229 2758 5281 occasionem
2781 5228 2951 5279 solum
2979 5227 3228 5295 requirit:
3251 5237 3303 5280 et
3328 5227 3370 5279 si
3398 5238 3613 5295 parvam

2036 5327 2109 5382 illi
2137 5323 2416 5379 scintillam
2452 5321 2688 5391 praibcas
2707 5359 2726 5384 ,
2755 5319 3018 5388 ingentem
3062 5317 3437 5372 beneficiorum
3467 5314 3615 5366 flam-

2038 5434 2178 5474 mam
2205 5415 2471 5471 accendis.
2503 5403 2684 5482 Neque
2711 5411 2852 5465 cnim
2884 5411 3022 5480 quod
3051 5406 3369 5463 contumelia
3397 5397 3614 5462 affectus

2037 5512 2126 5572 sit,
2165 5507 2464 5580 indignatur
2489 5547 2502 5569 ,
2533 5504 2625 5559 sed
2653 5503 2777 5572 quia
2823 5504 2873 5556 tu
2901 5499 3315 5553 contumeliosus
3359 5510 3415 5547 es
3442 5536 3455 5560 ,
3483 5505 3534 5546 et
3563 5505 3614 5548 ιιι

2107 5670 2124 5698 ³
2155 5661 2315 5723 sarit,
2339 5661 2450 5727 quia
2471 5660 2760 5724 negligenter
2784 5656 3032 5720 petierunt.
