4080 6138
495 219 609 280 307

503 336 684 392 ebrias
709 332 855 388 furis.
880 333 932 387 Si
956 333 1094 386 enim
1115 344 1212 386 nos
1240 332 1360 384 ntali
1383 345 1504 384 cum
1529 329 1715 393 simus,
1741 330 1782 382 si
1804 339 2084 381 contume-

509 425 627 481 liosi
653 427 759 479 sint
790 425 900 485 lilii,
930 439 1023 491 pro
1050 422 1154 476 illis
1185 421 1429 474 dolemus
1463 437 1475 473 :
1505 427 1702 488 quanto
1730 419 1894 487 magis
1925 417 2082 479 Deus,

510 520 598 588 qui
633 518 819 586 injuria
849 516 986 569 allici
1011 517 1211 584 nequit,
1243 528 1336 582 pro
1372 513 1542 580 teipse
1575 511 1962 566 contumelioso
2002 509 2086 562 in-

508 610 797 679 dignatur?
828 609 882 662 Si
915 624 1032 673 nos,
1064 607 1151 676 qui
1181 616 1364 660 natura
1395 605 1662 674 diligimus
1689 622 1702 656 :
1727 604 1892 657 multo
1921 603 2086 671 magis

511 702 618 768 ille,
653 702 734 772 qui
771 701 904 754 ultra
938 710 1176 754 naturam
1205 698 1394 766 diligit.
1423 693 1578 762 Nam,
1609 695 1718 749 Iitsi
1746 695 2082 758 obliviscatur,

507 795 697 863 inquit,
731 794 910 846 mulier
954 794 1203 862 infantum
1249 790 1510 854 uteri'sui,
1539 788 1628 842 sed
1656 804 1746 859 ego
1779 805 1878 841 non
1906 785 2085 840 oblivi-

506 901 620 938 scar
643 886 733 948 tui,
768 886 886 938 dicit
911 884 1154 938 Dominus
1185 882 1334 952 (Isai.
1368 883 1456 936 49.
1490 876 1953 951 15).Αο001111111118
1986 879 2084 949 igi-

510 987 594 1030 tur
616 976 678 1029 ad
711 993 833 1031 ettm
859 986 911 1028 et
935 976 1172 1029 dicamus
1199 991 1210 1025 :
1244 973 1412 1026 Etiam
1437 1014 1451 1037 ,
1477 971 1732 1036 Domine;
1764 987 1881 1023 nam
1912 979 1957 1024 et
2001 986 2083 1023 ca-

509 1069 615 1123 telli
649 1069 799 1121 edunt
822 1069 884 1120 de
911 1068 1082 1131 micis,
1114 1068 1227 1134 qua:
1252 1065 1436 1118 cadunt
1462 1065 1524 1118 de
1555 1079 1726 1117 mensa
1769 1061 2086 1116 dominorum

504 1179 710 1216 suorum
738 1161 945 1231 (Matth.
971 1161 1058 1214 15.
1086 1157 1200 1230 27).
1231 1158 1559 1212 Aeeedamus
1587 1157 1762 1226 itaque
1788 1163 2086 1224 opportune

507 1265 559 1309 et
580 1257 881 1324 importune
905 1272 918 1318 ;
944 1253 1050 1306 imo
1067 1267 1192 1306 vero
1221 1265 1502 1318 numquam
1523 1260 1802 1318 possumus
1830 1247 2087 1316 impar-tua

508 1362 576 1402 ne
625 1346 878 1400 accedere
913 1362 925 1397 :
959 1349 1315 1414 importunum
1351 1341 1546 1410 quippe
1593 1348 1674 1394 est
1721 1353 1825 1392 non
1874 1337 2086 1393 assidue

505 1440 670 1494 adire.
713 1439 843 1493 Nam
887 1453 1007 1492 eum
1034 1479 1049 1500 ,
1075 1437 1163 1505 qtli
1195 1435 1323 1488 dare
1363 1435 1560 1503 gestit,
1595 1439 1952 1501 Opportunum
2002 1438 2086 1485 est.

504 1548 716 1600 semper
739 1546 944 1600 rogare.
978 1525 1434 1596 QucmadmOdum
1464 1524 1604 1578 enim
1633 1525 1894 1592 respirare
1925 1538 2082 1576 num-

503 1638 663 1694 quam
699 1624 1058 1691 importunum
1089 1629 1205 1684 est,
1237 1619 1314 1672 sic
1341 1627 1404 1696 et.
1425 1624 1605 1685 petere
1635 1624 1917 1685 numquam
1943 1657 1957 1679 ,
1988 1615 2083 1670 sed

505 1733 609 1771 non
637 1725 817 1786 petere
845 1725 922 1769 est
962 1722 1342 1782 Importunum.
1389 1700 1599 1763 Etenim
1631 1709 1766 1762 sicut
1789 1709 1886 1763 hac
1911 1708 2083 1777 respi-

505 1810 708 1864 ratione
736 1822 869 1876 opus
891 1807 1145 1860 habemus
1165 1847 1180 1870 ,
1209 1806 1284 1858 sic
1305 1812 1356 1858 et
1378 1803 1494 1871 ejus
1521 1801 1716 1855 abxilio
1743 1813 1761 1855 :
1793 1815 1854 1853 ac
1884 1801 1927 1854 si
1953 1800 2084 1854 veli—

501 1913 640 1963 mus,
673 1899 823 1953 facile
855 1899 1023 1966 ipsum
1050 1895 1114 1949 ad
1138 1909 1234 1949 nos
1250 1881 1597 1948 attrahentes.
1630 1892 1690 1945 Et
1714 1891 1814 1945 huc
1843 1890 2082 1944 indicans

503 1974 780 2064 propheta,-
810 1991 1191 2058 declttransque
1221 1988 1386 2042 Deum
1415 1985 1479 2040 ad
1503 1983 1760 2060 beneficia
1783 1982 2080 2051 praestanda

501 2063 716 2154 semper
743 2092 1006 2152 paratum,
1041 2073 1247 2134 diccbat
1282 2097 1294 2130 :
1328 2075 1471 2133 Sicut
1514 2063 1796 2130 diluculum
1845 2083 2080 2146 paratum

499 2176 804 2228 inveniemus
843 2180 958 2226 eum
1011 2172 1164 2239 (Osee
1193 2171 1246 2225 6.
1285 2167 1364 2239 5).
1407 2168 1624 2234 Quoties
1659 2167 1801 2221 enim
1847 2166 1911 2220 ad
1955 2179 2078 2220 eum

501 2265 882 2319 accesserimus
901 2304 915 2326 ,
951 2270 1130 2316 nostra
1158 2261 1551 2330 exSpectantent
1581 2256 1898 2310 videbimus.
1927 2242 2080 2322 Quod

499 2357 542 2411 si
575 2356 703 2409 nihil
720 2372 783 2409 ex
807 2355 922 2423 ejus
941 2353 1137 2408 Virtute
1157 2368 1253 2405 ceu
1276 2351 1394 2405 fons
1409 2349 1732 2404 scaturiente
1749 2347 2077 2412 hauriamus,

503 2442 678 2502 nostra
707 2449 860 2516 culpa
889 2456 973 2502 est
996 2447 1234 2499 omnino.
1267 2445 1378 2498 11όο
1405 2445 1548 2498 0111111
1579 2442 1794 2497 ,1111111108
1820 2441 2080 2506 incusans

498 2526 707 2592 dicebat
737 2555 748 2588 :
781 2535 1132 2590 Misericordia
1171 2543 1340 2588 autem
1382 2549 1494 2587 mea
1531 2535 1584 2586 ut
1630 2529 1782 2586 nubes
1810 2529 2076 2597 ntalittiaa,

497 2631 544 2680 et
568 2628 693 2680 sicut
720 2644 802 2680 ros
821 2642 966 2679 mane
992 2625 1324 2694 pet-transiens
1357 2611 1517 2694 (Ibid.
1545 2631 1594 2676 υ.
1623 2622 1700 2692 4).
1726 2619 1878 2688 Quod
1898 2631 2074 2674 autem

1217 216 1272 270 s.
1313 215 1587 270 .IOANNIS
1625 207 2093 268 Clllii‘St‘tSTOMl
2135 209 2447 267 ARCIIIEP.
2491 195 3022 268 coxsraut‘txor.

3675 201 3772 267 snit

2196 325 2352 390 dicit,
2389 328 2690 398 hnjusmodi
2729 337 2813 383 est
2842 347 2852 384 :
2882 331 2990 399 Ego
3038 323 3249 399 quidem
3303 325 3419 399 qum
3468 345 3584 384 mea
3629 343 3775 385 erant

2194 420 2368 473 omnia
2399 421 2617 489 praestiti
2644 438 2657 484 ;
2691 437 2785 475 vos
2814 437 2940 477 tero
2963 463 2977 486 ,
3005 422 3454 493 quemadmodum
3482 422 3560 478 sol
3589 425 3779 478 ardens

2193 519 2575 586 superveniens
2601 523 2655 572 et
2683 519 2878 572 nubent
2910 523 2962 572 et
2992 532 3168 571 rorem
3199 517 3418 586 dissipat
3446 527 3499 570 et
3523 517 3777 584 occultat,

2195 609 2271 662 sic
2301 609 2370 662 ob
2397 610 2613 664 multam
2642 607 2928 680 nequitiam
2958 606 3278 664 inellabilem
3327 609 3618 678 reprtntitis
3650 609 3780 662 libe-

2194 701 2476 755 ralitatem.
2507 701 2561 755 Id
2586 701 2725 771 quod
2766 710 2940 756 tamen
2978 700 3321 771 providentia:
3344 710 3446 755 est.
3496 699 3626 754 Nam
3657 711 3778 754 cum

2194 793 2438 862 indignos
2464 794 2608 850 videt
2629 809 2728 849 nos
2750 796 2838 864 qui
2870 794 3023 848 bonis
3055 793 3370 858 aliieiamur,
3399 793 3656 848 beneficia
3689 785 3778 847 re-

2195 886 2348 950 tinet,
2380 895 2448 939 tte
2502 893 2601 940 nos
2646 884 2859 940 desides
2897 882 3112 940 efﬁciat.
3143 883 3203 942 Si
3245 892 3420 938 autem
3461 884 3542 938 vel
3592 899 3777 953 parum

2194 987 2584 1045 convertamur,
2616 987 2817 1033 tantum
2867 978 3114 1033 videlicet
3155 987 3410 1048 quantum
3455 984 3588 1045 opus
3613 983 3694 1030 est
3722 987 3776 1029 ut

2192 1078 2574 1138 cognoscamus
2594 1083 2693 1124 nos
2713 1083 2979 1140 peccasse,
3007 1069 3122 1139 plus
3148 1082 3305 1138 quam
3337 1067 3508 1122 lentes
3532 1068 3774 1133 scaturit,

2195 1158 2315 1227 plus
2335 1173 2492 1228 quam
2517 1160 2732 1229 pelagus
2763 1156 2956 1213 1111111111
2985 1177 2998 1212 :
3029 1165 3085 1213 et
3109 1161 3308 1224 quanto
3335 1157 3532 1226 majora
3552 1171 3776 1225 accepe-

2193 1249 2288 1315 ris,
2321 1258 2467 1304 tanto
2495 1251 2662 1322 magis
2701 1251 2895 1321 gaudet
2925 1267 2938 1303 :
2972 1249 3201 1319 hincque
3229 1247 3295 1302 ad
3328 1239 3474 1317 plura
3513 1248 3685 1301 danda
3717 1261 3778 1300 se

2193 1349 2489 1410 comparat.
2511 1334 2643 1396 Nam
2679 1340 2894 1396 divitias
2928 1353 3052 1395 snas
3093 1349 3326 1395 nostram
3355 1349 3502 1410 putat
3537 1354 3657 1393 esse
3686 1355 3774 1392 sa-

2193 1435 2378 1498 lutem,
2425 1444 2479 1489 et
2520 1435 2686 1504 ipsam
2730 1435 2887 1488 dandi
2919 1434 3218 1504 petentibus
3263 1434 3556 1502 largitatem
3592 1433 3775 1502 :quod

2193 1525 2353 1580 etiam
2383 1524 2582 1580 Paulus
2610 1527 2688 1579 sic
2705 1525 3010 1579 declarabat
3039 1540 3051 1576 :
3088 1523 3238 1577 Dives
3263 1528 3315 1576 in
3332 1539 3522 1586 omnes,
3550 1533 3597 1575 et
3623 1535 3777 1590 super

2193 1627 2364 1669 omnes
2389 1617 2475 1685 qui
2502 1616 2736 1669 invocant
2774 1615 2918 1668 illam
2971 1614 3144 1685 (Rom.
3177 1611 3264 1669 10.
3300 1612 3408 1682 l2).
3455 1612 3587 1667 Cum
3629 1613 3774 1674 0111111

2193 1721 2298 1762 non
2327 1707 2580 1778 petimus,
2607 1715 2735 1761 tunc
2761 1701 3040 1771 irascittir;
3068 1715 3189 1759 eum
3221 1717 3325 1758 non
3375 1705 3620 1784 petimus,
3649 1714 3778 1756 tunc

2189 1804 2486 1853 aversatur.
2523 1798 2644 1852 Ideo
2670 1809 2870 1867 pauper
2907 1798 3024 1863 l‘uit,
3058 1806 3113 1851 ut
3143 1812 3242 1851 nos
3270 1779 3480 1850 divites
3497 1779 3772 1860 essemus;

2193 1890 2313 1943 ideo
2342 1889 2427 1943 illa
2454 1891 2631 1945 omnia
2665 1890 2900 1959 pertulit,
2932 1899 2983 1944 ttt
3011 1903 3109 1944 nos
3137 1889 3203 1943 ad
3229 1889 3511 1958 petendum
3535 1897 3770 1942 voearet.

2190 1978 2269 2034 Ne
2299 1979 2474 2049 itaque
2503 1979 2884 2049 desperemus:
2909 1979 3002 2033 sed
3044 1979 3140 2034 has
3163 1979 3473 2035 occasiones
3499 1988 3551 2033 et
3579 1979 3774 2032 bonam

2190 2083 2340 2140 spem
2378 2070 2631 2125 habentes
2655 2112 2669 2137 ,
2693 2071 2899 2125 etiamsi
2934 2081 3026 2140 per
3053 2071 3291 2140 Singulos
3313 2070 3430 2124 dies
3457 2084 3740 2140 peccamus
3757 2111 3773 2133 ,

2192 2159 2508 2214 accedamus
2537 2171 2806 2230 rogantes,
2834 2162 3199 2226 obsecrantes,
3221 2160 3554 2229 chcatoi'um
3578 2159 3774 2213 remis-

2192 2254 2397 2308 sionem
2429 2249 2685 2322 petentes.
2715 2255 2803 2309 Sic
2828 2255 2968 2308 enim
2998 2261 3050 2307 et
3069 2252 3134 2306 ad
3161 2252 3484 2323 peccaudmn
3510 2251 3777 2304 tardiores

2191 2344 2513 2412 el'iiciemur,
2544 2357 2599 2402 et
2627 2345 2901 2400 diabolum
2949 2344 3311 2415 depellemus,
3352 2358 3415 2398 ac
3445 2343 3535 2398 Dei
3565 2344 3778 2397 miseri-

2191 2421 2426 2491 cordiam
2457 2435 2882 2506 provocabimus,
2906 2436 3185 2505 futuraque
3200 2435 3588 2504 censequemur
3608 2435 3774 2497 liena,-

2189 2528 2358 2598 gratia
2383 2538 2436 2584 et
2464 2529 2788 2600 benignitate
2823 2527 3030 2582 nemini
3058 2527 3222 2581 nostri
3259 2520 3386 2581 .lesu
3415 2525 3612 2580 Christi
3634 2566 3649 2588 ,
3682 2527 3776 2579 eui

2190 2617 2360 2689 gloria
2391 2631 2446 2678 ct
2475 2623 2755 2694 imperium
2779 2623 2830 2677 in
2859 2623 3053 2678 sarcula
3082 2619 3420 2677 sm'c'u'lorum.
3450 2623 3640 2677 Amen.

1606 2815 1952 2886 HOMILIA
1994 2819 2237 2883 XXIII.
2281 2821 2368 2884 al.
2413 2822 2649 2886 XXIV.

641 2953 768 3005 (lar.
809 2939 863 3004 7.
903 2964 952 3004 ν.
987 2949 1034 3003 1.
1068 2934 1240 3000 Nolite
1255 2947 1507 3017 judicare,
1539 2963 1599 3000 ue
1621 2946 1930 3016 Iudicemini.

569 3041 619 3097 1.
645 3042 814 3108 Illius,
839 3027 1012 3095 Nolite
1037 3039 1294 3110 judicare,
1316 3038 1703 3106 explanatio.——
1721 3035 1855 3104 Quid
1883 3025 2080 3106 igitur?

497 3148 600 3188 nou
637 3141 849 3202 oportet
885 3137 1166 3201 peccantes
1187 3130 1478 3182 accusare?
1499 3128 1628 3182 Nam
1657 3136 1710 3181 et
1736 3119 1930 3182 Paulus
1978 3117 2080 3181 hoc

498 3228 668 3294 ipsum
705 3225 828 3279 dicit
855 3243 868 3287 ;
897 3225 1002 3278 imo
1037 3231 1089 3278 et
1114 3222 1250 3276 Cltri
1272 3219 1356 3275 ttts
1387 3237 1479 3291 per
1505 3212 1746 3286 Paulum,
1767 3221 1849 3277 his
1865 3220 2076 3275 verbis:

495 3311 591 3378 Tu,
607 3320 726 3388 quid
741 3319 940 3386 iudicas
957 3321 1163 3390 fratrem
1187 3327 1322 3368 tamn
1341 3316 1366 3368 Ρ
1380 3326 1425 3370 et
1445 3315 1644 3385 tu,quid
1658 3315 1851 3386 spernis
1872 3315 2080 3384 fratrem

495 3422 635 3463 tuum
671 3407 844 3479 (Rom.
891 3410 977 3462 M.
1009 3400 1137 3473 10)?
1167 3408 1249 3471 Et,
1286 3406 1380 3471 Tu,
1404 3407 1514 3476 quis
1530 3424 1601 3472 es,
1630 3407 1714 3476 qui
1732 3406 1937 3476 judicas
1954 3407 2080 3460 alie-

495 3516 617 3554 num
650 3515 841 3554 sct‘vum
873 3497 1031 3572 (Ibid.
1056 3513 1102 3552 υ.
1133 3499 1187 3568 1)
1207 3499 1230 3551 ?
1253 3499 1316 3551 Et
1342 3497 1530 3551 iterum
1556 3515 1568 3549 :
1605 3496 1780 3551 Nolite
1807 3507 1923 3550 ante
1960 3508 2081 3550 tent-

497 3607 590 3661 pas
624 3593 878 3660 judicare,
922 3590 1249 3658 quoadusque
1280 3589 1444 3640 veniat
1483 3588 1726 3642 Dominus
1771 3589 1848 3658 (l.
1877 3587 1994 3641 Cor.
2024 3589 2078 3642 4.

495 3684 574 3748 5).
609 3681 714 3734 Cur
739 3689 915 3734 autem
952 3681 1073 3732 alibi
1101 3680 1230 3732 dicit
1257 3697 1268 3728 :
1291 3681 1474 3749 Argue,
1503 3675 1723 3744 obsecra,
1746 3679 1952 3748 increpa
1983 3680 2077 3749 (‘2.

496 3771 630 3826 Tim.
653 3773 706 3825 4.
730 3770 826 3842 2)?
852 3779 906 3824 et
925 3771 1067 3832 alibi,
1100 3769 1370 3824 Peccantes
1395 3787 1563 3826 coram
1586 3771 1814 3824 omnibus
1835 3771 2048 3841 argue(l
2064 3808 2077 3823 .

500 3862 630 3917 Tim.
660 3863 713 3918 5.
746 3862 840 3933 ‘20)
863 3862 887 3916 'l
910 3871 965 3916 et.
992 3862 1239 3916 Christus
1265 3861 1424 3914 Petro
1458 3880 1470 3916 :
1512 3861 1684 3926 Vade,
1715 3863 1912 3932 corripe
1935 3864 2081 3916 illmn

495 3957 624 4009 inter
650 3965 696 4008 te
722 3965 768 4009 et
803 3955 968 4026 ipsum
996 3955 1159 4009 solum
1191 3971 1209 4008 .'
1234 3955 1278 4008 si
1325 3967 1424 4008 nan
1456 3956 1692 4020 audierit,
1736 3957 1893 4010 alium
1921 3967 2081 4010 tecum

495 4047 562 4099 ad
555 4049 583 4116 j
589 4063 736 4117 unge;
752 4049 795 4100 si
817 4056 927 4100 vero
946 4061 1100 4117 neque
1111 4047 1182 4099 sic
1195 4047 1414 4110 cesserit,
1425 4041 1662 4101 Ecclesia:
1678 4048 1852 4100 nuntia
1867 4048 1945 4120 (Μ
1950 4049 2077 4102 (11111.

498 4137 580 4191 18.
600 4137 816 4207 15-17)?
835 4145 889 4190 et
906 4146 1010 4190 tam
1031 4137 1222 4190 multos
1239 4137 1513 4190 constituit
1526 4138 1986 4207 increpantes,nec
2004 4156 2100 4192 80·-

497 4230 606 4284 111111
641 4230 994 4298 increpantes,
1025 4228 1118 4281 sed
1146 4229 1303 4281 etiam
1335 4229 1652 4296 punientcs?
1682 4228 1811 4283 Nam
1845 4247 1964 4284 eum
1993 4233 2081 4300 qui

505 4323 704 4376 nullum
740 4321 930 4375 horum
960 4319 1214 4385 audisset,
1239 4319 1396 4389 jussit
1424 4321 1604 4376 haberi
1635 4325 1784 4392 quasi
1813 4324 2081 4379 etltnicum

496 4425 550 4470 et
595 4415 950 4483 publicanum.
1005 4411 1114 4465 Cur
1167 4421 1341 4465 autem
1388 4413 1491 4466 illis
1536 4415 1714 4469 claves
1741 4414 1924 4470 dedit?
1951 4417 2083 4472 Nam

497 4509 539 4559 si
575 4503 861 4574 jmlicaturi
889 4510 995 4556 nou'
1009 4512 1152 4570 sunt,
1173 4504 1368 4557 nullam
1397 4502 1668 4559 ltabebunt
1689 4507 2080 4576 auctoritatem,

502 4609 554 4648 et
601 4598 792 4648 l‘t-ustra
839 4595 1032 4664 ligandi
1084 4603 1242 4663 atque
1264 4594 1898 4650 solvendiauctoritatem
1926 4610 2080 4653 acce-

502 4697 714 4756 petuut.
762 4687 827 4740 Et
866 4685 1096 4754 aliaquin
1119 4726 1134 4750 ,
1169 4686 1212 4739 si
1247 4685 1349 4739 hoc
1377 4685 1634 4748 obtineat,
1665 4688 1840 4740 onmia
1872 4703 2083 4757 pessum

503 4781 672 4843 ihttnt,
697 4789 750 4832 rt
774 4781 824 4833 in
858 4780 1119 4844 ccclesiiS,
1151 4788 1205 4832 et
1232 4778 1286 4833 ill
1310 4778 1632 4844 civitatibus,
1659 4787 1712 4833 et
1736 4779 1785 4832 in
1813 4779 2083 4836 domibus.

501 4872 630 4925 Nam
685 4874 931 4926 dotninus
975 4888 1186 4927 servum
1235 4881 1289 4927 01
1331 4873 1544 4928 domina
1595 4875 1884 4938 ancillam,
1937 4887 2088 4945 pater

504 4963 690 5027 lilium,
720 4965 920 5016 anticus
950 4966 1178 5018 anticum
1207 4965 1305 5018 nisi
1328 4963 1704 5033 judicavet‘iut,
1733 4966 1962 5035 nequitia
1992 4982 2088 5018 att-

499 5055 725 5125 gebitttr.
753 5053 820 5108 Et
864 5056 986 5122 quid
1032 5056 1172 5120 dico,
1202 5057 1404 5110 amicus
1451 5058 1719 5111 amicum?
1748 5056 1996 5110 inimicos
2041 5055 2085 5110 si

500 5167 604 5205 non
635 5149 954 5218 iudicemus,
989 5164 1271 5217 numquam
1307 5150 1598 5218 poterimus
1636 5149 1940 5228 inimicitias
1973 5149 2085 5202 sol-

501 5257 646 5304 vcre,
679 5240 772 5296 sed
801 5254 892 5293 sus
932 5239 1103 5308 deque
1141 5240 1319 5293 omnia
1352 5251 1642 5295 vertentur.
1684 5241 1822 5306 Quid
1851 5255 1981 5311 ergo
2019 5241 2088 5293 sit

503 5334 603 5388 hoc
643 5332 783 5403 quod
824 5331 1017 5386 dicitur
1043 5330 1326 5400 diligenter
1355 5332 1693 5385 attendamus
1718 5372 1732 5393 ,
1763 5346 1827 5385 110
1856 5331 2088 5385 remedia

500 5425 688 5479 salutis
707 5424 920 5494 etleges
949 5423 1092 5493 pacis
1115 5429 1256 5491 putet
1285 5422 1542 5490 quiSpiam
1564 5437 1682 5477 esse
1704 5422 1846 5492 leges
1866 5422 2089 5476 subver-

503 5517 668 5570 sionis
693 5525 750 5570 et
775 5515 1120 5569 confusionis.
1149 5512 1280 5567 Nam
1312 5512 1375 5566 iis
1403 5513 1491 5582 qui
1521 5512 1865 5582 intelligentia
1889 5511 2086 5577 valent,

497 5607 560 5663 in
589 5609 933 5680 sequentibus
963 5608 1193 5664 maxime
1215 5605 1436 5676 hujusce
1463 5605 1594 5675 legis
1624 5606 1872 5660 virtutem
1904 5612 2088 5659 osten-

2187 2943 2267 2998 dit
2291 2943 2477 3001 dicens
2504 2964 2516 2997 :
2545 2947 2681 3014 Quid
2718 2945 2856 3003 uides
2897 2947 3143 3018 festucam
3177 2947 3234 3001 in
3274 2947 3422 3002 oculo
3455 2947 3628 3017 fratris
3671 2943 3773 3012 tui,

2187 3035 2376 3090 trabem
2392 3046 2556 3092 autem
2578 3045 2689 3108 quae
2706 3051 2777 3093 est
2795 3037 2847 3092 in
2866 3039 3012 3093 oculo
3027 3047 3110 3092 tuo
3127 3045 3225 3091 non
3242 3039 3528 3094 consideras
3551 3039 3770 3109 (Matth.

2188 3127 2240 3181 7.
2273 3126 2348 3199 ὖ).
2385 3129 2534 3195 Quod
2581 3133 2623 3184 si
2651 3130 2831 3184 multis
2864 3129 3156 3185 tardiorem
3182 3125 3200 3160 ί
3227 3129 3427 3183 dietum
3453 3129 3628 3184 adhuc
3672 3133 3774 3182 oh-

2185 3219 2392 3273 seurius
2408 3235 2526 3275 esse
2541 3220 2801 3285 videatur,
2824 3237 2976 3276 rcma
3000 3219 3261 3291 principio
3287 3221 3496 3276 solvere
3529 3221 3771 3275 tentaho.

2189 3311 2283 3366 llic
2306 3323 2472 3378 certe,
2502 3322 2558 3367 ut
2580 3315 2707 3368 mihi
2733 3314 2946 3384 quidem
2970 3314 3210 3378 videtur,
3242 3329 3346 3368 non
3372 3315 3550 3368 omnia
3580 3329 3776 3383 pecca-

2186 3412 2235 3456 ta
2258 3404 2411 3472 jubet
2439 3420 2544 3460 non
2567 3405 2806 3475 judicare
2825 3449 2841 3474 ,
2877 3422 3048 3476 neque
3076 3407 3294 3460 oumiuo
3322 3416 3462 3461 vetat
3484 3407 3610 3460 illud
3641 3422 3774 3476 age-

2185 3510 2266 3562 re,
2298 3497 2391 3550 sed
2419 3496 2540 3550 illos
2565 3499 2781 3568 respicit
2811 3498 2902 3568 qui
2929 3499 3221 3554 innumeris
3249 3500 3426 3554 onusti
3451 3499 3610 3560 vitiis,
3647 3501 3772 3552 aliis

2183 3587 2254 3642 ob
2280 3589 2410 3641 levia
2446 3604 2669 3660 quicque
2694 3590 2966 3645 insultant.
3002 3591 3223 3646 Videtur
3241 3601 3415 3645 autem
3442 3591 3527 3646 hic
3554 3591 3772 3646 Judros

2185 3681 2540 3750 subindicare,
2569 3685 2802 3753 quicum
2829 3685 3005 3739 acerbi
3037 3693 3217 3739 essent
3245 3683 3311 3739 de
3336 3684 3496 3739 rebus
3531 3685 3770 3738 minimis

2184 3775 2488 3846 nulliusque
2514 3778 2766 3832 momenti
2798 3777 3024 3846 proximi
3055 3777 3135 3831 sui
3183 3780 3550 3840 accu'satores,
3575 3791 3768 3844 magna

2186 3866 2258 3920 illi
2298 3867 2413 3922 sine
2447 3867 2556 3922 ullo
2582 3883 2742 3922 sensu
2770 3868 2990 3922 crimina
3013 3867 3364 3922 admittebant
3395 3884 3409 3920 :
3440 3867 3583 3936 quod
3602 3869 3766 3921 etiam

2187 3959 2237 4012 in
2263 3959 2366 4012 line
2393 3960 2718 4030 estprobrans
2746 3961 2850 4014 illis
2879 3959 3091 4015 dicebat
3121 3979 3134 4014 :
3167 3957 3398 4030 Alligatis
3419 3975 3572 4012 onera
3590 3957 3770 4028 gravia

2186 4059 2231 4102 et
2251 4050 2591 4120 importabilia
2619 4068 2636 4104 :
2665 4063 2750 4106 vos
2774 4062 2943 4105 autem
2972 4069 3073 4105 non
3097 4041 3242 4105 vultis
3280 4067 3338 4105 ea
3377 4051 3533 4121 digito
3573 4063 3770 4103 movere

2187 4142 2400 4211 (Matth.
2424 4143 2514 4197 23.
2541 4144 2599 4215 4)
2623 4161 2638 4210 ;
2681 4153 2754 4208 cl,
2778 4143 3053 4199 Decimatis
3081 4144 3334 4198 ment/tam
3359 4154 3404 4199 et
3433 4142 3690 4206 anethum,
3718 4149 3771 4194 et

2187 4235 2518 4303 dereliquistis
2547 4253 2604 4289 ea
2620 4251 2731 4304 qua!
2751 4237 2984 4306 graviora
3007 4247 3123 4288 sunt
3149 4235 3292 4304 legis,
3307 4234 3558 4305 judicium
3575 4274 3590 4297 ,
3619 4234 3772 4286 mise-

2187 4329 2456 4382 ricordiam
2487 4341 2533 4382 et
2562 4329 2714 4394 ﬁdem
2739 4327 2897 4398 (Ibid.
2929 4345 2977 4380 υ.
3007 4314 3120 4397 23).
3143 4326 3354 4380 Judzros
3379 4325 3537 4394 igitur
3560 4325 3771 4380 videtur

2188 4419 2240 4473 in
2271 4421 2448 4474 animo
2475 4420 2692 4485 habere,
2715 4419 2823 4490 jam
2852 4429 2978 4474 ante
3021 4419 3142 4472 illos
3169 4417 3466 4486 reprimens
3508 4417 3577 4470 ob
3614 4432 3674 4471 ea
3699 4416 3769 4470 de

2187 4514 2378 4583 quibus
2401 4513 2689 4582 discipulos
2717 4512 3014 4566 accusaturi
3039 4519 3208 4565 erant.
3232 4511 3344 4564 Etsi
3365 4510 3506 4564 enim
3531 4509 3607 4564 illi
3636 4509 3768 4562 nihil

2190 4607 2293 4661 tale
2315 4615 2702 4674 peccaverant,
2730 4605 2971 4674 quaedam
3000 4613 3180 4658 tamen
3210 4604 3338 4672 ipsis
3363 4612 3577 4670 peccata
3621 4603 3769 4654 vitle-

2191 4701 2382 4754 bantttr
2401 4706 2544 4766 esse,
2575 4709 2652 4766 ut,
2678 4699 2954 4754 sabbatum
2979 4714 3082 4752 non
3109 4700 3398 4753 observare
3418 4737 3432 4758 ,
3465 4695 3626 4749 illotis
3655 4711 3769 4748 ma-

2191 4792 2345 4846 nibus
2393 4793 2735 4857 manducare,
2766 4807 2886 4845 cum
2930 4791 3224 4860 publicanis
3255 4789 3599 4852 recumbere;
3627 4786 3770 4856 quod

2187 4892 2241 4935 et
2271 4882 2392 4935 alibi
2423 4883 2498 4935 ait
2525 4897 2536 4930 :
2574 4869 2880 4935 Excolantes
2909 4873 3144 4938 culicem.
3167 4891 3216 4934 et
3241 4881 3568 4951 deglutientes
3612 4894 3771 4931 came.

2191 4973 2294 5026 lum
2322 4972 2482 5045 (Ibid.
2515 4991 2562 5028 υ.
2592 4973 2710 5044 24).
2736 4973 2996 5029 Cteterum
3025 4982 3361 5028 Communem
3399 4971 3468 5026 de
3492 4967 3576 5026 his
3600 4969 3772 5038 legem

2189 5065 2483 5120 constituit.
2515 5063 2810 5119 Corinthiis
2838 5078 2965 5118 vero
2993 5063 3231 5118 scribens
3261 5061 3477 5127 Paulus,
3509 5076 3613 5115 non
3639 5060 3772 5114 81111-

2189 5161 2400 5232 pliciter
2470 5158 2738 5229 prohibet
2791 5155 3078 5225 judicare,
3166 5154 3258 5210 sed
3330 5169 3425 5209 eos
3483 5153 3573 5223 qui
3627 5152 3764 5222 ipsis"

2190 5252 2458 5322 praeerant
2503 5250 2745 5318 iudicare
2780 5241 2944 5312 vetat,
2993 5259 3049 5302 et
3106 5247 3159 5300 111
3203 5252 3370 5300 causa
3425 5260 3532 5298 non
3594 5250 3766 5296 utant-

2190 5342 2364 5406 lesta,
2427 5355 2525 5394 1100
2595 5339 2914 5409 simpliciter
2993 5348 3139 5392 vetat
3215 5346 3504 5406 peccantes
3577 5349 3763 5388 einen-

2189 5433 2338 5487 dare.
2392 5430 2575 5500 Neque
2619 5438 2750 5485 tunc
2813 5445 3004 5484 omnes
3052 5429 3171 5482 sine
3217 5427 3536 5481 discrimine
3590 5427 3764 5480 inci-e4

2196 5521 2389 5591 pabat;
2417 5520 2511 5573 sed
2541 5518 2832 5587 discipulos
2869 5519 2956 5585 qui
2990 5518 3268 5583 magistros
3311 5522 3594 5581 arguerent
3621 5526 3769 5563 coer-

2264 5613 2281 5642 '
2317 5609 2442 5669 Vox,
2468 5607 2754 5666 tardiorum,
2777 5608 2920 5656 deest
2945 5608 2990 5654 in
3013 5603 3296 5668 quibusdam
3313 5609 3424 5652 uss.
