  <div class='ocr_page' id='page_1' title='image "/cluster/home/n/w/nwhite01/storage/ocr_20150623/57/mdp.39015008622600/236.png"; bbox 0 0 4080 6138; ppageno 0'>
   <div class='ocr_carea' id='block_1_1' title="bbox 273 265 382 321">
    <p class='ocr_par' dir='ltr' id='par_1_1' title="bbox 273 265 382 321">
     <span class='ocr_line' id='line_1_1' title="bbox 273 265 382 321; baseline -0.009 0"><span class='ocrx_word' id='word_1_1' title='bbox 273 265 382 321; x_wconf 76' lang='lat'>307</span> 
     </span>
    </p>
   </div>
   <div class='ocr_carea' id='block_1_2' title="bbox 273 381 1950 456">
    <p class='ocr_par' dir='ltr' id='par_1_2' title="bbox 273 381 1950 456">
     <span class='ocr_line' id='line_1_2' title="bbox 273 381 1950 456; baseline 0.003 -21"><span class='ocrx_word' id='word_1_2' title='bbox 273 381 427 452; x_wconf 74' lang='grc' dir='ltr'>αὐτῷ</span> <span class='ocrx_word' id='word_1_3' title='bbox 455 381 553 436; x_wconf 71' lang='grc' dir='ltr'>καὶ</span> <span class='ocrx_word' id='word_1_4' title='bbox 589 385 864 455; x_wconf 70' lang='grc' dir='ltr'>εἴπωμεν·</span> <span class='ocrx_word' id='word_1_5' title='bbox 896 388 1028 451; x_wconf 76' lang='grc' dir='ltr'>Ναὶ,</span> <span class='ocrx_word' id='word_1_6' title='bbox 1072 388 1245 456; x_wconf 83' lang='grc' dir='ltr'>Κύριε</span> <span class='ocrx_word' id='word_1_7' title='bbox 1267 405 1280 418; x_wconf 93' lang='grc'>·</span> <span class='ocrx_word' id='word_1_8' title='bbox 1336 387 1435 442; x_wconf 75' lang='grc' dir='ltr'>καὶ</span> <span class='ocrx_word' id='word_1_9' title='bbox 1484 388 1596 455; x_wconf 76' lang='grc' dir='ltr'>γὰρ</span> <span class='ocrx_word' id='word_1_10' title='bbox 1647 387 1719 440; x_wconf 83' lang='grc' dir='ltr'>τά</span> <span class='ocrx_word' id='word_1_11' title='bbox 1753 388 1950 440; x_wconf 81' lang='grc' dir='ltr'>κυνά-</span> 
     </span>
    </p>
   </div>
   <div class='ocr_carea' id='block_1_3' title="bbox 269 475 1952 548">
    <p class='ocr_par' dir='ltr' id='par_1_3' title="bbox 269 475 1952 548">
     <span class='ocr_line' id='line_1_3' title="bbox 269 475 1952 548; baseline 0.004 -22"><span class='ocrx_word' id='word_1_12' title='bbox 269 491 374 541; x_wconf 89' lang='grc' dir='ltr'>ρια</span> <span class='ocrx_word' id='word_1_13' title='bbox 413 475 601 530; x_wconf 78' lang='grc' dir='ltr'>ἐσθίει</span> <span class='ocrx_word' id='word_1_14' title='bbox 632 477 751 531; x_wconf 84' lang='grc' dir='ltr'>ἀπὸ</span> <span class='ocrx_word' id='word_1_15' title='bbox 784 479 901 532; x_wconf 85' lang='grc' dir='ltr'>τῶν</span> <span class='ocrx_word' id='word_1_16' title='bbox 927 481 1148 548; x_wconf 74' lang='grc' dir='ltr'>ψιχίων</span> <span class='ocrx_word' id='word_1_17' title='bbox 1173 479 1292 532; x_wconf 82' lang='grc' dir='ltr'>τῶν</span> <span class='ocrx_word' id='word_1_18' title='bbox 1323 481 1661 532; x_wconf 86' lang='grc' dir='ltr'>πιπτόντων</span> <span class='ocrx_word' id='word_1_19' title='bbox 1695 479 1813 532; x_wconf 81' lang='grc' dir='ltr'>ἀπὸ</span> <span class='ocrx_word' id='word_1_20' title='bbox 1843 477 1952 546; x_wconf 79' lang='grc' dir='ltr'>τῆς</span> 
     </span>
    </p>
   </div>
   <div class='ocr_carea' id='block_1_4' title="bbox 275 561 1951 638">
    <p class='ocr_par' dir='ltr' id='par_1_4' title="bbox 275 561 1951 638">
     <span class='ocr_line' id='line_1_4' title="bbox 275 561 1951 638; baseline 0.002 -24"><span class='ocrx_word' id='word_1_21' title='bbox 275 561 565 630; x_wconf 75' lang='grc' dir='ltr'>τραπέζης</span> <span class='ocrx_word' id='word_1_22' title='bbox 580 562 702 616; x_wconf 86' lang='grc' dir='ltr'>τῶν</span> <span class='ocrx_word' id='word_1_23' title='bbox 722 565 842 597; x_wconf 73' lang='grc'>⁸⁶·⁶⁸</span> <span class='ocrx_word' id='word_1_24' title='bbox 880 567 1102 633; x_wconf 87' lang='grc' dir='ltr'>κυρίων</span> <span class='ocrx_word' id='word_1_25' title='bbox 1131 567 1349 621; x_wconf 85' lang='grc' dir='ltr'>αὐτῶν.</span> <span class='ocrx_word' id='word_1_26' title='bbox 1385 565 1535 638; x_wconf 66' lang='grc'>[285]</span> <span class='ocrx_word' id='word_1_27' title='bbox 1561 565 1951 635; x_wconf 83' lang='grc' dir='ltr'>[Ιροσέλθωμεν</span> 
     </span>
    </p>
   </div>
   <div class='ocr_carea' id='block_1_5' title="bbox 275 653 1951 725">
    <p class='ocr_par' dir='ltr' id='par_1_5' title="bbox 275 653 1951 725">
     <span class='ocr_line' id='line_1_5' title="bbox 275 653 1951 725; baseline 0.001 -21"><span class='ocrx_word' id='word_1_28' title='bbox 275 653 568 723; x_wconf 78' lang='grc' dir='ltr'>εὐκαίρως,</span> <span class='ocrx_word' id='word_1_29' title='bbox 588 653 832 725; x_wconf 85' lang='grc' dir='ltr'>ἀκαίρως</span> <span class='ocrx_word' id='word_1_30' title='bbox 857 672 870 686; x_wconf 96' lang='grc'>·</span> <span class='ocrx_word' id='word_1_31' title='bbox 904 657 1101 725; x_wconf 79' lang='grc' dir='ltr'>μᾶλλον</span> <span class='ocrx_word' id='word_1_32' title='bbox 1140 657 1196 710; x_wconf 84' lang='grc' dir='ltr'>δὲ</span> <span class='ocrx_word' id='word_1_33' title='bbox 1225 657 1477 710; x_wconf 77' lang='grc' dir='ltr'>οὐδέποτε</span> <span class='ocrx_word' id='word_1_34' title='bbox 1521 656 1666 708; x_wconf 79' lang='grc' dir='ltr'>ἔστιν</span> <span class='ocrx_word' id='word_1_35' title='bbox 1709 655 1951 724; x_wconf 84' lang='grc' dir='ltr'>ἀκαίρως</span> 
     </span>
    </p>
   </div>
   <div class='ocr_carea' id='block_1_6' title="bbox 277 740 1950 815">
    <p class='ocr_par' dir='ltr' id='par_1_6' title="bbox 277 740 1950 815">
     <span class='ocr_line' id='line_1_6' title="bbox 277 740 1950 815; baseline 0.002 -24"><span class='ocrx_word' id='word_1_36' title='bbox 277 740 595 809; x_wconf 77' lang='grc' dir='ltr'>προσελθεῖν</span> <span class='ocrx_word' id='word_1_37' title='bbox 613 759 628 772; x_wconf 96' lang='grc'>·</span> <span class='ocrx_word' id='word_1_38' title='bbox 661 743 887 813; x_wconf 74' lang='grc' dir='ltr'>ἄκαιρον</span> <span class='ocrx_word' id='word_1_39' title='bbox 913 744 1020 815; x_wconf 84' lang='grc' dir='ltr'>γὰρ</span> <span class='ocrx_word' id='word_1_40' title='bbox 1042 745 1101 796; x_wconf 82' lang='grc' dir='ltr'>τὸ</span> <span class='ocrx_word' id='word_1_41' title='bbox 1129 744 1202 814; x_wconf 78' lang='grc' dir='ltr'>μὴ</span> <span class='ocrx_word' id='word_1_42' title='bbox 1229 744 1489 814; x_wconf 82' lang='grc' dir='ltr'>διηνεκῶς</span> <span class='ocrx_word' id='word_1_43' title='bbox 1516 744 1822 815; x_wconf 87' lang='grc' dir='ltr'>προσιέναι.</span> <span class='ocrx_word' id='word_1_44' title='bbox 1847 743 1950 795; x_wconf 85' lang='grc' dir='ltr'>Τὸν</span> 
     </span>
    </p>
   </div>
   <div class='ocr_carea' id='block_1_7' title="bbox 277 813 1946 901">
    <p class='ocr_par' dir='ltr' id='par_1_7' title="bbox 277 813 1946 901">
     <span class='ocr_line' id='line_1_7' title="bbox 277 813 1946 901; baseline 0.004 -23"><span class='ocrx_word' id='word_1_45' title='bbox 277 827 388 897; x_wconf 77' lang='grc' dir='ltr'>γὰρ</span> <span class='ocrx_word' id='word_1_46' title='bbox 437 829 810 898; x_wconf 85' lang='grc' dir='ltr'>ἐπιθυμοῦντα</span> <span class='ocrx_word' id='word_1_47' title='bbox 857 813 1056 884; x_wconf 84' lang='grc' dir='ltr'>διδόναι</span> <span class='ocrx_word' id='word_1_48' title='bbox 1111 813 1404 894; x_wconf 84' lang='grc' dir='ltr'>διαπαντὸς</span> <span class='ocrx_word' id='word_1_49' title='bbox 1450 813 1704 901; x_wconf 74' lang='grc' dir='ltr'>εὔκαιρον</span> <span class='ocrx_word' id='word_1_50' title='bbox 1757 832 1946 885; x_wconf 75' lang='grc' dir='ltr'>αἰτεῖν.</span> 
     </span>
    </p>
   </div>
   <div class='ocr_carea' id='block_1_8' title="bbox 279 913 1950 988">
    <p class='ocr_par' dir='ltr' id='par_1_8' title="bbox 279 913 1950 988">
     <span class='ocr_line' id='line_1_8' title="bbox 279 913 1950 988; baseline 0.002 -22"><span class='ocrx_word' id='word_1_51' title='bbox 279 913 493 987; x_wconf 82' lang='grc' dir='ltr'>Ὠσπερ</span> <span class='ocrx_word' id='word_1_52' title='bbox 517 915 624 987; x_wconf 85' lang='grc' dir='ltr'>γὰρ</span> <span class='ocrx_word' id='word_1_53' title='bbox 653 918 714 970; x_wconf 86' lang='grc' dir='ltr'>τὸ</span> <span class='ocrx_word' id='word_1_54' title='bbox 747 919 1007 972; x_wconf 82' lang='grc' dir='ltr'>ἀναπνεῖν</span> <span class='ocrx_word' id='word_1_55' title='bbox 1045 918 1297 972; x_wconf 82' lang='grc' dir='ltr'>οὐδέποτε</span> <span class='ocrx_word' id='word_1_56' title='bbox 1327 918 1556 988; x_wconf 79' lang='grc' dir='ltr'>ἄκαιρον</span> <span class='ocrx_word' id='word_1_57' title='bbox 1585 961 1598 982; x_wconf 92' lang='grc'>,</span> <span class='ocrx_word' id='word_1_58' title='bbox 1630 917 1802 979; x_wconf 78' lang='grc' dir='ltr'>οὕτως</span> <span class='ocrx_word' id='word_1_59' title='bbox 1832 918 1950 971; x_wconf 81' lang='grc' dir='ltr'>ούδέ</span> 
     </span>
    </p>
   </div>
   <div class='ocr_carea' id='block_1_9' title="bbox 277 998 1950 1076">
    <p class='ocr_par' dir='ltr' id='par_1_9' title="bbox 277 998 1950 1076">
     <span class='ocr_line' id='line_1_9' title="bbox 277 998 1950 1076; baseline 0.002 -24"><span class='ocrx_word' id='word_1_60' title='bbox 277 998 340 1052; x_wconf 74' lang='grc' dir='ltr'>τὸ</span> <span class='ocrx_word' id='word_1_61' title='bbox 373 1002 566 1066; x_wconf 75' lang='grc' dir='ltr'>αἰτεῖν,</span> <span class='ocrx_word' id='word_1_62' title='bbox 593 1001 732 1057; x_wconf 84' lang='grc' dir='ltr'>ἀλλά</span> <span class='ocrx_word' id='word_1_63' title='bbox 759 1005 820 1057; x_wconf 81' lang='grc' dir='ltr'>τὸ</span> <span class='ocrx_word' id='word_1_64' title='bbox 847 1004 921 1075; x_wconf 84' lang='grc' dir='ltr'>μὴ</span> <span class='ocrx_word' id='word_1_65' title='bbox 952 1007 1120 1058; x_wconf 78' lang='grc' dir='ltr'>αἰτεῖν</span> <span class='ocrx_word' id='word_1_66' title='bbox 1144 1005 1389 1076; x_wconf 80' lang='grc' dir='ltr'>ἄκαιρον.</span> <span class='ocrx_word' id='word_1_67' title='bbox 1425 1007 1536 1057; x_wconf 88' lang='lat' dir='ltr'>Kal</span> <span class='ocrx_word' id='word_1_68' title='bbox 1565 1005 1670 1074; x_wconf 82' lang='grc' dir='ltr'>γὰρ</span> <span class='ocrx_word' id='word_1_69' title='bbox 1699 1003 1950 1074; x_wconf 78' lang='grc' dir='ltr'>καθάπερ</span> 
     </span>
    </p>
   </div>
   <div class='ocr_carea' id='block_1_10' title="bbox 278 1087 1948 1162">
    <p class='ocr_par' dir='ltr' id='par_1_10' title="bbox 278 1087 1948 1162">
     <span class='ocr_line' id='line_1_10' title="bbox 278 1087 1948 1162; baseline 0.003 -24"><span class='ocrx_word' id='word_1_70' title='bbox 278 1087 378 1156; x_wconf 84' lang='grc' dir='ltr'>τῆς</span> <span class='ocrx_word' id='word_1_71' title='bbox 403 1089 678 1159; x_wconf 84' lang='grc' dir='ltr'>ἀναπνοῆς</span> <span class='ocrx_word' id='word_1_72' title='bbox 719 1091 950 1160; x_wconf 86' lang='grc' dir='ltr'>δεόμεθα</span> <span class='ocrx_word' id='word_1_73' title='bbox 984 1092 1188 1162; x_wconf 86' lang='grc' dir='ltr'>ταύτης</span> <span class='ocrx_word' id='word_1_74' title='bbox 1211 1131 1226 1154; x_wconf 85' lang='grc'>,</span> <span class='ocrx_word' id='word_1_75' title='bbox 1261 1090 1404 1145; x_wconf 78' lang='grc' dir='ltr'>οὕτω</span> <span class='ocrx_word' id='word_1_76' title='bbox 1445 1093 1540 1145; x_wconf 73' lang='grc' dir='ltr'>καὶ</span> <span class='ocrx_word' id='word_1_77' title='bbox 1567 1093 1665 1162; x_wconf 84' lang='grc' dir='ltr'>τῆς</span> <span class='ocrx_word' id='word_1_78' title='bbox 1698 1092 1828 1158; x_wconf 86' lang='grc' dir='ltr'>παρ’</span> <span class='ocrx_word' id='word_1_79' title='bbox 1855 1092 1948 1144; x_wconf 87' lang='grc' dir='ltr'>αύ-</span> 
     </span>
    </p>
   </div>
   <div class='ocr_carea' id='block_1_11' title="bbox 277 1174 1948 1251">
    <p class='ocr_par' dir='ltr' id='par_1_11' title="bbox 277 1174 1948 1251">
     <span class='ocr_line' id='line_1_11' title="bbox 277 1174 1948 1251; baseline 0.003 -26"><span class='ocrx_word' id='word_1_80' title='bbox 277 1174 373 1226; x_wconf 87' lang='grc' dir='ltr'>τοῦ</span> <span class='ocrx_word' id='word_1_81' title='bbox 404 1174 684 1245; x_wconf 77' lang='grc' dir='ltr'>βοηθείας·</span> <span class='ocrx_word' id='word_1_82' title='bbox 717 1177 821 1230; x_wconf 77' lang='grc' dir='ltr'>κᾶν</span> <span class='ocrx_word' id='word_1_83' title='bbox 872 1177 1115 1247; x_wconf 84' lang='grc' dir='ltr'>θέλωμεν</span> <span class='ocrx_word' id='word_1_84' title='bbox 1139 1220 1151 1241; x_wconf 92' lang='grc'>,</span> <span class='ocrx_word' id='word_1_85' title='bbox 1197 1179 1397 1251; x_wconf 76' lang='grc' dir='ltr'>ῥᾳδίως</span> <span class='ocrx_word' id='word_1_86' title='bbox 1451 1179 1612 1232; x_wconf 73' lang='grc' dir='ltr'>αὑτὸν</span> <span class='ocrx_word' id='word_1_87' title='bbox 1648 1179 1948 1232; x_wconf 86' lang='grc' dir='ltr'>ἐπισπασό-</span> 
     </span>
    </p>
   </div>
   <div class='ocr_carea' id='block_1_12' title="bbox 283 1260 1950 1335">
    <p class='ocr_par' dir='ltr' id='par_1_12' title="bbox 283 1260 1950 1335">
     <span class='ocr_line' id='line_1_12' title="bbox 283 1260 1950 1335; baseline 0.003 -24"><span class='ocrx_word' id='word_1_88' title='bbox 283 1260 440 1328; x_wconf 87' lang='grc' dir='ltr'>μεθα.</span> <span class='ocrx_word' id='word_1_89' title='bbox 476 1263 584 1314; x_wconf 80' lang='grc' dir='ltr'>Καὶ</span> <span class='ocrx_word' id='word_1_90' title='bbox 613 1263 770 1316; x_wconf 88' lang='grc' dir='ltr'>τοῦτο</span> <span class='ocrx_word' id='word_1_91' title='bbox 800 1263 974 1332; x_wconf 87' lang='grc' dir='ltr'>δηλῶν</span> <span class='ocrx_word' id='word_1_92' title='bbox 1024 1265 1053 1316; x_wconf 97' lang='lat'>6</span> <span class='ocrx_word' id='word_1_93' title='bbox 1105 1267 1422 1335; x_wconf 81' lang='grc' dir='ltr'>προφήτης,</span> <span class='ocrx_word' id='word_1_94' title='bbox 1453 1264 1549 1317; x_wconf 77' lang='grc' dir='ltr'>καὶ</span> <span class='ocrx_word' id='word_1_95' title='bbox 1598 1264 1811 1326; x_wconf 74' lang='grc' dir='ltr'>δεικνὺς</span> <span class='ocrx_word' id='word_1_96' title='bbox 1853 1264 1950 1332; x_wconf 76' lang='grc' dir='ltr'>τῆς</span> 
     </span>
    </p>
   </div>
   <div class='ocr_carea' id='block_1_13' title="bbox 277 1348 1944 1422">
    <p class='ocr_par' dir='ltr' id='par_1_13' title="bbox 277 1348 1944 1422">
     <span class='ocr_line' id='line_1_13' title="bbox 277 1348 1944 1422; baseline 0.002 -23"><span class='ocrx_word' id='word_1_97' title='bbox 277 1348 598 1416; x_wconf 81' lang='grc' dir='ltr'>εὐεργεσίας</span> <span class='ocrx_word' id='word_1_98' title='bbox 637 1350 696 1402; x_wconf 82' lang='grc' dir='ltr'>τὸ</span> <span class='ocrx_word' id='word_1_99' title='bbox 739 1352 827 1404; x_wconf 78' lang='grc' dir='ltr'>ἀεὶ</span> <span class='ocrx_word' id='word_1_100' title='bbox 861 1352 1375 1422; x_wconf 80' lang='grc' dir='ltr'>παρεσκευασμένον</span> <span class='ocrx_word' id='word_1_101' title='bbox 1403 1391 1416 1411; x_wconf 93' lang='grc'>,</span> <span class='ocrx_word' id='word_1_102' title='bbox 1453 1351 1636 1418; x_wconf 73' lang='grc' dir='ltr'>ἔλεγεν</span> <span class='ocrx_word' id='word_1_103' title='bbox 1662 1368 1675 1382; x_wconf 93' lang='grc'>·</span> <span class='ocrx_word' id='word_1_104' title='bbox 1721 1351 1817 1416; x_wconf 85' lang='grc' dir='ltr'>’.Ως</span> <span class='ocrx_word' id='word_1_105' title='bbox 1851 1352 1944 1416; x_wconf 84' lang='grc' dir='ltr'>ὅρ-</span> 
     </span>
    </p>
   </div>
   <div class='ocr_carea' id='block_1_14' title="bbox 275 1435 1950 1509">
    <p class='ocr_par' dir='ltr' id='par_1_14' title="bbox 275 1435 1950 1509">
     <span class='ocr_line' id='line_1_14' title="bbox 275 1435 1950 1509; baseline 0.003 -24"><span class='ocrx_word' id='word_1_106' title='bbox 275 1436 421 1500; x_wconf 88' lang='grc' dir='ltr'>θρον</span> <span class='ocrx_word' id='word_1_107' title='bbox 439 1435 676 1503; x_wconf 80' lang='grc' dir='ltr'>ἕτοιμον</span> <span class='ocrx_word' id='word_1_108' title='bbox 699 1438 1269 1506; x_wconf 78' lang='grc' dir='ltr'>εὑρήσομεν-αὑτόν.</span> <span class='ocrx_word' id='word_1_109' title='bbox 1301 1439 1520 1501; x_wconf 80' lang='grc' dir='ltr'>Ὁσάκις</span> <span class='ocrx_word' id='word_1_110' title='bbox 1547 1438 1655 1509; x_wconf 80' lang='grc' dir='ltr'>γὰρ</span> <span class='ocrx_word' id='word_1_111' title='bbox 1687 1438 1753 1490; x_wconf 85' lang='grc' dir='ltr'>ἂν</span> <span class='ocrx_word' id='word_1_112' title='bbox 1780 1455 1950 1507; x_wconf 85' lang='grc' dir='ltr'>προσ-</span> 
     </span>
    </p>
   </div>
   <div class='ocr_carea' id='block_1_15' title="bbox 275 1521 1947 1597">
    <p class='ocr_par' dir='ltr' id='par_1_15' title="bbox 275 1521 1947 1597">
     <span class='ocr_line' id='line_1_15' title="bbox 275 1521 1947 1597; baseline 0.004 -25"><span class='ocrx_word' id='word_1_113' title='bbox 275 1521 560 1592; x_wconf 82' lang='grc' dir='ltr'>έλθωμεν,</span> <span class='ocrx_word' id='word_1_114' title='bbox 623 1525 958 1595; x_wconf 80' lang='grc' dir='ltr'>ἀναμένοντα</span> <span class='ocrx_word' id='word_1_115' title='bbox 1010 1526 1078 1580; x_wconf 78' lang='grc' dir='ltr'>τὰ</span> <span class='ocrx_word' id='word_1_116' title='bbox 1129 1529 1260 1597; x_wconf 89' lang='grc' dir='ltr'>παρ’</span> <span class='ocrx_word' id='word_1_117' title='bbox 1291 1527 1449 1596; x_wconf 87' lang='grc' dir='ltr'>ήμῶν</span> <span class='ocrx_word' id='word_1_118' title='bbox 1495 1525 1756 1597; x_wconf 68' lang='grc' dir='ltr'>ὀψόμεθα.</span> <span class='ocrx_word' id='word_1_119' title='bbox 1797 1526 1947 1579; x_wconf 84' lang='grc' dir='ltr'>Εἰδέ</span> 
     </span>
    </p>
   </div>
   <div class='ocr_carea' id='block_1_16' title="bbox 272 1609 1944 1684">
    <p class='ocr_par' dir='ltr' id='par_1_16' title="bbox 272 1609 1944 1684">
     <span class='ocr_line' id='line_1_16' title="bbox 272 1609 1944 1684; baseline 0.004 -25"><span class='ocrx_word' id='word_1_120' title='bbox 272 1609 429 1661; x_wconf 77' lang='grc' dir='ltr'>οὐδὲν</span> <span class='ocrx_word' id='word_1_121' title='bbox 484 1610 593 1664; x_wconf 84' lang='grc' dir='ltr'>ἀπὸ</span> <span class='ocrx_word' id='word_1_122' title='bbox 639 1613 734 1683; x_wconf 83' lang='grc' dir='ltr'>τῆς</span> <span class='ocrx_word' id='word_1_123' title='bbox 781 1614 1134 1684; x_wconf 78' lang='grc' dir='ltr'>πηγαζούσης</span> <span class='ocrx_word' id='word_1_124' title='bbox 1167 1613 1332 1667; x_wconf 80' lang='grc' dir='ltr'>αὐτοῦ</span> <span class='ocrx_word' id='word_1_125' title='bbox 1385 1613 1590 1684; x_wconf 85' lang='grc' dir='ltr'>ἀρετῆς</span> <span class='ocrx_word' id='word_1_126' title='bbox 1642 1613 1944 1684; x_wconf 85' lang='grc' dir='ltr'>ἀρυόμεθα,</span> 
     </span>
    </p>
   </div>
   <div class='ocr_carea' id='block_1_17' title="bbox 275 1696 1948 1771">
    <p class='ocr_par' dir='ltr' id='par_1_17' title="bbox 275 1696 1948 1771">
     <span class='ocr_line' id='line_1_17' title="bbox 275 1696 1948 1771; baseline 0.004 -23"><span class='ocrx_word' id='word_1_127' title='bbox 275 1696 542 1768; x_wconf 79' lang='grc' dir='ltr'>ἡμέτερον</span> <span class='ocrx_word' id='word_1_128' title='bbox 584 1700 644 1752; x_wconf 84' lang='grc' dir='ltr'>τὸ</span> <span class='ocrx_word' id='word_1_129' title='bbox 676 1700 926 1771; x_wconf 78' lang='grc' dir='ltr'>ἔγκλημα</span> <span class='ocrx_word' id='word_1_130' title='bbox 972 1701 1136 1756; x_wconf 74' lang='grc' dir='ltr'>ἅπαν.</span> <span class='ocrx_word' id='word_1_131' title='bbox 1172 1701 1342 1756; x_wconf 88' lang='grc' dir='ltr'>Τοῦτο</span> <span class='ocrx_word' id='word_1_132' title='bbox 1383 1701 1512 1770; x_wconf 89' lang='grc' dir='ltr'>γοῦν</span> <span class='ocrx_word' id='word_1_133' title='bbox 1545 1703 1636 1754; x_wconf 75' lang='grc' dir='ltr'>καὶ</span> <span class='ocrx_word' id='word_1_134' title='bbox 1675 1702 1948 1765; x_wconf 77' lang='grc' dir='ltr'>Ἰουδαίοις</span> 
     </span>
    </p>
   </div>
   <div class='ocr_carea' id='block_1_18' title="bbox 274 1785 1943 1859">
    <p class='ocr_par' dir='ltr' id='par_1_18' title="bbox 274 1785 1943 1859">
     <span class='ocr_line' id='line_1_18' title="bbox 274 1785 1943 1859; baseline 0.008 -25"><span class='ocrx_word' id='word_1_135' title='bbox 274 1785 521 1852; x_wconf 78' lang='grc' dir='ltr'>ἐγκαλῶν</span> <span class='ocrx_word' id='word_1_136' title='bbox 547 1787 729 1856; x_wconf 75' lang='grc' dir='ltr'>ἔλεγε·</span> <span class='ocrx_word' id='word_1_137' title='bbox 761 1789 834 1843; x_wconf 88' lang='grc' dir='ltr'>Τὸ</span> <span class='ocrx_word' id='word_1_138' title='bbox 865 1789 934 1842; x_wconf 83' lang='grc' dir='ltr'>δὲ</span> <span class='ocrx_word' id='word_1_139' title='bbox 965 1791 1134 1855; x_wconf 81' lang='grc' dir='ltr'>ἔλεός</span> <span class='ocrx_word' id='word_1_140' title='bbox 1165 1807 1284 1859; x_wconf 84' lang='grc' dir='ltr'>μου</span> <span class='ocrx_word' id='word_1_141' title='bbox 1327 1791 1406 1856; x_wconf 86' lang='grc' dir='ltr'>ὡς</span> <span class='ocrx_word' id='word_1_142' title='bbox 1440 1789 1663 1859; x_wconf 64' lang='grc' dir='ltr'>νεφέλη</span> <span class='ocrx_word' id='word_1_143' title='bbox 1695 1789 1943 1857; x_wconf 79' lang='grc' dir='ltr'>πρωῖνὴ,</span> 
     </span>
    </p>
   </div>
   <div class='ocr_carea' id='block_1_19' title="bbox 273 1872 1944 1948">
    <p class='ocr_par' dir='ltr' id='par_1_19' title="bbox 273 1872 1944 1948">
     <span class='ocr_line' id='line_1_19' title="bbox 273 1872 1944 1948; baseline 0.004 -26"><span class='ocrx_word' id='word_1_144' title='bbox 273 1872 371 1924; x_wconf 77' lang='grc' dir='ltr'>καὶ</span> <span class='ocrx_word' id='word_1_145' title='bbox 399 1873 480 1938; x_wconf 86' lang='grc' dir='ltr'>ὡς</span> <span class='ocrx_word' id='word_1_146' title='bbox 509 1874 730 1942; x_wconf 80' lang='grc' dir='ltr'>δρόσος</span> <span class='ocrx_word' id='word_1_147' title='bbox 755 1876 996 1945; x_wconf 74' lang='grc' dir='ltr'>ὀρθρινὴ</span> <span class='ocrx_word' id='word_1_148' title='bbox 1036 1877 1583 1948; x_wconf 76' lang='grc' dir='ltr'>παραπορευομένη.</span> <span class='ocrx_word' id='word_1_149' title='bbox 1607 1878 1672 1930; x_wconf 91' lang='grc' dir='ltr'><strong>Ὃ</strong></span> <span class='ocrx_word' id='word_1_150' title='bbox 1698 1877 1754 1929; x_wconf 82' lang='grc' dir='ltr'>δὲ</span> <span class='ocrx_word' id='word_1_151' title='bbox 1778 1876 1944 1944; x_wconf 82' lang='grc' dir='ltr'>λέγει,</span> 
     </span>
    </p>
   </div>
   <div class='ocr_carea' id='block_1_20' title="bbox 272 1958 1950 2036">
    <p class='ocr_par' dir='ltr' id='par_1_20' title="bbox 272 1958 1950 2036">
     <span class='ocr_line' id='line_1_20' title="bbox 272 1958 1950 2036; baseline 0.005 -26"><span class='ocrx_word' id='word_1_152' title='bbox 272 1958 511 2014; x_wconf 87' lang='grc' dir='ltr'>τοιοῦτόν</span> <span class='ocrx_word' id='word_1_153' title='bbox 539 1963 685 2017; x_wconf 83' lang='grc' dir='ltr'>ἐστιν</span> <span class='ocrx_word' id='word_1_154' title='bbox 710 1980 722 1994; x_wconf 96' lang='grc'>·</span> <span class='ocrx_word' id='word_1_155' title='bbox 761 1964 902 2034; x_wconf 84' lang='grc' dir='ltr'>Ἐγὼ</span> <span class='ocrx_word' id='word_1_156' title='bbox 933 1966 1032 2034; x_wconf 78' lang='grc' dir='ltr'>μὲν</span> <span class='ocrx_word' id='word_1_157' title='bbox 1053 1965 1120 2019; x_wconf 79' lang='grc' dir='ltr'>τὰ</span> <span class='ocrx_word' id='word_1_158' title='bbox 1145 1965 1274 2036; x_wconf 86' lang='grc' dir='ltr'>παρ’</span> <span class='ocrx_word' id='word_1_159' title='bbox 1304 1966 1544 2036; x_wconf 79' lang='grc' dir='ltr'>ἐμαυτοῦ</span> <span class='ocrx_word' id='word_1_160' title='bbox 1572 1966 1786 2019; x_wconf 75' lang='grc' dir='ltr'>ἅπαντα</span> <span class='ocrx_word' id='word_1_161' title='bbox 1813 1983 1950 2035; x_wconf 83' lang='grc' dir='ltr'>παρ-</span> 
     </span>
    </p>
   </div>
   <div class='ocr_carea' id='block_1_21' title="bbox 272 2045 1943 2124">
    <p class='ocr_par' dir='ltr' id='par_1_21' title="bbox 272 2045 1943 2124">
     <span class='ocr_line' id='line_1_21' title="bbox 272 2045 1943 2124; baseline 0.006 -28"><span class='ocrx_word' id='word_1_162' title='bbox 272 2045 464 2114; x_wconf 84' lang='grc' dir='ltr'>έσχον·</span> <span class='ocrx_word' id='word_1_163' title='bbox 495 2049 656 2118; x_wconf 77' lang='grc' dir='ltr'>ὑμεῖς</span> <span class='ocrx_word' id='word_1_164' title='bbox 699 2051 754 2104; x_wconf 88' lang='grc' dir='ltr'>δὲ</span> <span class='ocrx_word' id='word_1_165' title='bbox 777 2091 791 2113; x_wconf 93' lang='grc'>,</span> <span class='ocrx_word' id='word_1_166' title='bbox 847 2052 1034 2124; x_wconf 85' lang='grc' dir='ltr'>ὥσπερ</span> <span class='ocrx_word' id='word_1_167' title='bbox 1074 2053 1224 2123; x_wconf 80' lang='grc' dir='ltr'>ἥλιος</span> <span class='ocrx_word' id='word_1_168' title='bbox 1278 2053 1481 2123; x_wconf 83' lang='grc' dir='ltr'>θερμὸς</span> <span class='ocrx_word' id='word_1_169' title='bbox 1509 2053 1677 2106; x_wconf 86' lang='grc' dir='ltr'>ἐπιὼν</span> <span class='ocrx_word' id='word_1_170' title='bbox 1711 2053 1807 2106; x_wconf 77' lang='grc' dir='ltr'>καὶ</span> <span class='ocrx_word' id='word_1_171' title='bbox 1844 2054 1943 2124; x_wconf 84' lang='grc' dir='ltr'>τὴν</span> 
     </span>
    </p>
   </div>
   <div class='ocr_carea' id='block_1_22' title="bbox 271 2133 1942 2212">
    <p class='ocr_par' dir='ltr' id='par_1_22' title="bbox 271 2133 1942 2212">
     <span class='ocr_line' id='line_1_22' title="bbox 271 2133 1942 2212; baseline 0.005 -29"><span class='ocrx_word' id='word_1_172' title='bbox 271 2133 501 2204; x_wconf 80' lang='grc' dir='ltr'>νεφέλην</span> <span class='ocrx_word' id='word_1_173' title='bbox 533 2138 628 2189; x_wconf 80' lang='grc' dir='ltr'>καὶ</span> <span class='ocrx_word' id='word_1_174' title='bbox 672 2137 772 2208; x_wconf 79' lang='grc' dir='ltr'>τὴν</span> <span class='ocrx_word' id='word_1_175' title='bbox 822 2139 1008 2210; x_wconf 83' lang='grc' dir='ltr'>δρόσον</span> <span class='ocrx_word' id='word_1_176' title='bbox 1051 2139 1397 2212; x_wconf 84' lang='grc' dir='ltr'>διακρούεται</span> <span class='ocrx_word' id='word_1_177' title='bbox 1443 2141 1538 2192; x_wconf 75' lang='grc' dir='ltr'>καὶ</span> <span class='ocrx_word' id='word_1_178' title='bbox 1579 2141 1942 2210; x_wconf 82' lang='grc' dir='ltr'>ἀποκρύπτει,</span> 
     </span>
    </p>
   </div>
   <div class='ocr_carea' id='block_1_23' title="bbox 269 2216 1944 2298">
    <p class='ocr_par' dir='ltr' id='par_1_23' title="bbox 269 2216 1944 2298">
     <span class='ocr_line' id='line_1_23' title="bbox 269 2216 1944 2298; baseline 0.008 -32"><span class='ocrx_word' id='word_1_179' title='bbox 269 2216 414 2270; x_wconf 81' lang='grc' dir='ltr'>οὕτω</span> <span class='ocrx_word' id='word_1_180' title='bbox 455 2220 543 2274; x_wconf 89' lang='grc' dir='ltr'>διά</span> <span class='ocrx_word' id='word_1_181' title='bbox 569 2224 668 2292; x_wconf 84' lang='grc' dir='ltr'>τῆς</span> <span class='ocrx_word' id='word_1_182' title='bbox 700 2224 900 2295; x_wconf 84' lang='grc' dir='ltr'>πολλῆς</span> <span class='ocrx_word' id='word_1_183' title='bbox 932 2227 1197 2296; x_wconf 81' lang='grc' dir='ltr'>πονηρίας</span> <span class='ocrx_word' id='word_1_184' title='bbox 1227 2227 1327 2298; x_wconf 81' lang='grc' dir='ltr'>τὴν</span> <span class='ocrx_word' id='word_1_185' title='bbox 1374 2227 1578 2295; x_wconf 78' lang='grc' dir='ltr'>ἄφατον</span> <span class='ocrx_word' id='word_1_186' title='bbox 1603 2226 1944 2280; x_wconf 86' lang='grc' dir='ltr'>ἀνεστείλατε</span> 
     </span>
    </p>
   </div>
   <div class='ocr_carea' id='block_1_24' title="bbox 272 2305 1945 2384">
    <p class='ocr_par' dir='ltr' id='par_1_24' title="bbox 272 2305 1945 2384">
     <span class='ocr_line' id='line_1_24' title="bbox 272 2305 1945 2384; baseline 0.006 -28"><span class='ocrx_word' id='word_1_187' title='bbox 272 2305 600 2377; x_wconf 79' lang='grc' dir='ltr'>φιλοτιμίαν.</span> <span class='ocrx_word' id='word_1_188' title='bbox 630 2313 694 2364; x_wconf 89' lang='grc' dir='ltr'><strong>Ὃ</strong></span> <span class='ocrx_word' id='word_1_189' title='bbox 712 2312 806 2364; x_wconf 75' lang='grc' dir='ltr'>καὶ</span> <span class='ocrx_word' id='word_1_190' title='bbox 831 2313 963 2366; x_wconf 77' lang='grc' dir='ltr'>αὐτὸ</span> <span class='ocrx_word' id='word_1_191' title='bbox 989 2313 1151 2366; x_wconf 87' lang='grc' dir='ltr'>πάλιν</span> <span class='ocrx_word' id='word_1_192' title='bbox 1173 2313 1426 2382; x_wconf 84' lang='grc' dir='ltr'>προνοίας</span> <span class='ocrx_word' id='word_1_193' title='bbox 1453 2312 1618 2365; x_wconf 87' lang='grc' dir='ltr'>ἐστίν.</span> <span class='ocrx_word' id='word_1_194' title='bbox 1645 2313 1814 2366; x_wconf 86' lang='grc' dir='ltr'>Ὅταν</span> <span class='ocrx_word' id='word_1_195' title='bbox 1835 2314 1945 2384; x_wconf 76' lang='grc' dir='ltr'>γὰρ</span> 
     </span>
    </p>
   </div>
   <div class='ocr_carea' id='block_1_25' title="bbox 271 2395 1943 2472">
    <p class='ocr_par' dir='ltr' id='par_1_25' title="bbox 271 2395 1943 2472">
     <span class='ocr_line' id='line_1_25' title="bbox 271 2395 1943 2472; baseline 0.005 -29"><span class='ocrx_word' id='word_1_196' title='bbox 271 2395 366 2446; x_wconf 76' lang='grc' dir='ltr'>καὶ</span> <span class='ocrx_word' id='word_1_197' title='bbox 396 2395 440 2426; x_wconf 71' lang='grc'>⁸³</span> <span class='ocrx_word' id='word_1_198' title='bbox 469 2397 720 2462; x_wconf 83' lang='grc' dir='ltr'>ἀναξίους</span> <span class='ocrx_word' id='word_1_199' title='bbox 748 2399 831 2470; x_wconf 84' lang='grc' dir='ltr'>ῖδῃ</span> <span class='ocrx_word' id='word_1_200' title='bbox 875 2399 969 2452; x_wconf 88' lang='grc' dir='ltr'>τοῦ</span> <span class='ocrx_word' id='word_1_201' title='bbox 1005 2401 1199 2454; x_wconf 84' lang='grc' dir='ltr'>παθεῖν</span> <span class='ocrx_word' id='word_1_202' title='bbox 1237 2397 1296 2453; x_wconf 81' lang='grc' dir='ltr'>εὖ</span> <span class='ocrx_word' id='word_1_203' title='bbox 1317 2441 1330 2463; x_wconf 94' lang='grc'>,</span> <span class='ocrx_word' id='word_1_204' title='bbox 1378 2402 1562 2471; x_wconf 77' lang='grc' dir='ltr'>ἐπέχει</span> <span class='ocrx_word' id='word_1_205' title='bbox 1591 2400 1689 2464; x_wconf 80' lang='grc' dir='ltr'>τὰς</span> <span class='ocrx_word' id='word_1_206' title='bbox 1718 2401 1943 2472; x_wconf 83' lang='grc' dir='ltr'>εὐεργε-</span> 
     </span>
    </p>
   </div>
   <div class='ocr_carea' id='block_1_26' title="bbox 1330 266 2716 328">
    <p class='ocr_par' dir='ltr' id='par_1_26' title="bbox 1330 266 2716 328">
     <span class='ocr_line' id='line_1_26' title="bbox 1330 266 2716 328; baseline -0.003 -2"><span class='ocrx_word' id='word_1_207' title='bbox 1330 273 1396 326; x_wconf 74' lang='lat' dir='ltr'>IN</span> <span class='ocrx_word' id='word_1_208' title='bbox 1439 270 1855 327; x_wconf 78' lang='lat' dir='ltr'>MATTll/EUM</span> <span class='ocrx_word' id='word_1_209' title='bbox 1901 269 2138 326; x_wconf 83' lang='lat' dir='ltr'>HOMIL.</span> <span class='ocrx_word' id='word_1_210' title='bbox 2180 271 2366 328; x_wconf 65' lang='lat' dir='ltr'>XXIII.</span> <span class='ocrx_word' id='word_1_211' title='bbox 2410 270 2480 322; x_wconf 81' lang='lat' dir='ltr'><strong><em>al.</em></strong></span> <span class='ocrx_word' id='word_1_212' title='bbox 2528 266 2716 324; x_wconf 79' lang='lat' dir='ltr'><strong>XXIV.</strong></span> 
     </span>
    </p>
   </div>
   <div class='ocr_carea' id='block_1_27' title="bbox 3628 263 3732 317">
    <p class='ocr_par' dir='ltr' id='par_1_27' title="bbox 3628 263 3732 317">
     <span class='ocr_line' id='line_1_27' title="bbox 3628 263 3732 317; baseline -0.019 0"><span class='ocrx_word' id='word_1_213' title='bbox 3628 263 3732 317; x_wconf 70' lang='lat'>3::8</span> 
     </span>
    </p>
   </div>
   <div class='ocr_carea' id='block_1_28' title="bbox 2057 379 3733 460">
    <p class='ocr_par' dir='ltr' id='par_1_28' title="bbox 2057 379 3733 460">
     <span class='ocr_line' id='line_1_28' title="bbox 2057 379 3733 460; baseline -0.007 -19"><span class='ocrx_word' id='word_1_214' title='bbox 2057 388 2214 453; x_wconf 82' lang='grc' dir='ltr'>σίας,</span> <span class='ocrx_word' id='word_1_215' title='bbox 2244 389 2329 441; x_wconf 86' lang='grc' dir='ltr'>ῖνα</span> <span class='ocrx_word' id='word_1_216' title='bbox 2375 389 2449 459; x_wconf 82' lang='grc' dir='ltr'>μὴ</span> <span class='ocrx_word' id='word_1_217' title='bbox 2492 387 2767 460; x_wconf 80' lang='grc' dir='ltr'>ῥᾳθύμους</span> <span class='ocrx_word' id='word_1_218' title='bbox 2800 385 2946 454; x_wconf 69' lang='grc' dir='ltr'>ἡμᾶς</span> <span class='ocrx_word' id='word_1_219' title='bbox 2987 383 3307 452; x_wconf 77' lang='grc' dir='ltr'>ἐργάσηται.</span> <span class='ocrx_word' id='word_1_220' title='bbox 3350 382 3445 433; x_wconf 77' lang='lat' dir='ltr'>&quot;Av</span> <span class='ocrx_word' id='word_1_221' title='bbox 3471 379 3528 432; x_wconf 73' lang='grc' dir='ltr'>δὲ</span> <span class='ocrx_word' id='word_1_222' title='bbox 3569 395 3733 448; x_wconf 82' lang='grc' dir='ltr'>μετα-</span> 
     </span>
    </p>
   </div>
   <div class='ocr_carea' id='block_1_29' title="bbox 2053 466 3736 546">
    <p class='ocr_par' dir='ltr' id='par_1_29' title="bbox 2053 466 3736 546">
     <span class='ocr_line' id='line_1_29' title="bbox 2053 466 3736 546; baseline -0.007 -18"><span class='ocrx_word' id='word_1_223' title='bbox 2053 476 2343 545; x_wconf 75' lang='grc' dir='ltr'>ϐαλώμεθα</span> <span class='ocrx_word' id='word_1_224' title='bbox 2380 476 2595 546; x_wconf 77' lang='grc' dir='ltr'>μικρδν,</span> <span class='ocrx_word' id='word_1_225' title='bbox 2631 473 2724 527; x_wconf 72' lang='grc' dir='ltr'>καὶ</span> <span class='ocrx_word' id='word_1_226' title='bbox 2755 471 3006 524; x_wconf 85' lang='grc' dir='ltr'>τοσοῦτον</span> <span class='ocrx_word' id='word_1_227' title='bbox 3051 472 3172 523; x_wconf 76' lang='grc' dir='ltr'>ὅσον</span> <span class='ocrx_word' id='word_1_228' title='bbox 3203 469 3406 536; x_wconf 82' lang='grc' dir='ltr'>γνῶναι</span> <span class='ocrx_word' id='word_1_229' title='bbox 3439 469 3520 520; x_wconf 71' lang='grc' dir='ltr'>ὅτι</span> <span class='ocrx_word' id='word_1_230' title='bbox 3552 466 3736 536; x_wconf 76' lang='grc' dir='ltr'>ἡμάρ-</span> 
     </span>
    </p>
   </div>
   <div class='ocr_carea' id='block_1_30' title="bbox 2051 553 3736 636">
    <p class='ocr_par' dir='ltr' id='par_1_30' title="bbox 2051 553 3736 636">
     <span class='ocr_line' id='line_1_30' title="bbox 2051 553 3736 636; baseline -0.007 -21"><span class='ocrx_word' id='word_1_231' title='bbox 2051 583 2236 634; x_wconf 87' lang='grc' dir='ltr'>τομεν,</span> <span class='ocrx_word' id='word_1_232' title='bbox 2283 566 2422 636; x_wconf 82' lang='grc' dir='ltr'>ὑπὲρ</span> <span class='ocrx_word' id='word_1_233' title='bbox 2478 564 2576 627; x_wconf 82' lang='grc' dir='ltr'>τὰς</span> <span class='ocrx_word' id='word_1_234' title='bbox 2631 561 2811 629; x_wconf 82' lang='grc' dir='ltr'>πηγὰς</span> <span class='ocrx_word' id='word_1_235' title='bbox 2855 556 3166 619; x_wconf 76' lang='grc' dir='ltr'>ἀναϐλύζει,</span> <span class='ocrx_word' id='word_1_236' title='bbox 3201 557 3340 628; x_wconf 71' lang='grc' dir='ltr'>ὑπὲρ</span> <span class='ocrx_word' id='word_1_237' title='bbox 3392 557 3451 609; x_wconf 78' lang='grc' dir='ltr'>τὸ</span> <span class='ocrx_word' id='word_1_238' title='bbox 3501 553 3736 620; x_wconf 82' lang='grc' dir='ltr'>πέλαγος</span> 
     </span>
    </p>
   </div>
   <div class='ocr_carea' id='block_1_31' title="bbox 2053 646 3734 724">
    <p class='ocr_par' dir='ltr' id='par_1_31' title="bbox 2053 646 3734 724">
     <span class='ocr_line' id='line_1_31' title="bbox 2053 646 3734 724; baseline -0.008 -16"><span class='ocrx_word' id='word_1_239' title='bbox 2053 659 2228 724; x_wconf 87' lang='grc' dir='ltr'>χεῖται</span> <span class='ocrx_word' id='word_1_240' title='bbox 2259 672 2272 684; x_wconf 99' lang='grc'>·</span> <span class='ocrx_word' id='word_1_241' title='bbox 2325 656 2420 708; x_wconf 76' lang='grc' dir='ltr'>καὶ</span> <span class='ocrx_word' id='word_1_242' title='bbox 2464 656 2572 724; x_wconf 81' lang='grc' dir='ltr'>ὅσῳ</span> <span class='ocrx_word' id='word_1_243' title='bbox 2611 655 2678 706; x_wconf 82' lang='grc' dir='ltr'>ἂν</span> <span class='ocrx_word' id='word_1_244' title='bbox 2736 650 2956 704; x_wconf 80' lang='grc' dir='ltr'>πλείονα</span> <span class='ocrx_word' id='word_1_245' title='bbox 3009 649 3181 720; x_wconf 75' lang='grc' dir='ltr'>λάϐῃς</span> <span class='ocrx_word' id='word_1_246' title='bbox 3204 692 3219 711; x_wconf 88' lang='grc'>,</span> <span class='ocrx_word' id='word_1_247' title='bbox 3257 648 3494 716; x_wconf 80' lang='grc' dir='ltr'>τοσούτῳ</span> <span class='ocrx_word' id='word_1_248' title='bbox 3533 646 3734 714; x_wconf 78' lang='grc' dir='ltr'>μᾶλλον</span> 
     </span>
    </p>
   </div>
   <div class='ocr_carea' id='block_1_32' title="bbox 2051 734 3731 814">
    <p class='ocr_par' dir='ltr' id='par_1_32' title="bbox 2051 734 3731 814">
     <span class='ocr_line' id='line_1_32' title="bbox 2051 734 3731 814; baseline -0.008 -18"><span class='ocrx_word' id='word_1_249' title='bbox 2051 744 2270 814; x_wconf 88' lang='grc' dir='ltr'>χαίρει·</span> <span class='ocrx_word' id='word_1_250' title='bbox 2302 745 2394 796; x_wconf 72' lang='grc' dir='ltr'>καὶ</span> <span class='ocrx_word' id='word_1_251' title='bbox 2425 743 2598 812; x_wconf 87' lang='grc' dir='ltr'>ταύτῃ</span> <span class='ocrx_word' id='word_1_252' title='bbox 2643 740 2776 810; x_wconf 79' lang='grc' dir='ltr'>πρὸς</span> <span class='ocrx_word' id='word_1_253' title='bbox 2810 738 2870 791; x_wconf 80' lang='grc' dir='ltr'>τὸ</span> <span class='ocrx_word' id='word_1_254' title='bbox 2918 737 3138 790; x_wconf 76' lang='grc' dir='ltr'>πλείονα</span> <span class='ocrx_word' id='word_1_255' title='bbox 3180 736 3362 788; x_wconf 73' lang='grc' dir='ltr'>δοῦναι</span> <span class='ocrx_word' id='word_1_256' title='bbox 3394 734 3731 787; x_wconf 65' lang='grc' dir='ltr'>διανίσταται</span> 
     </span>
    </p>
   </div>
   <div class='ocr_carea' id='block_1_33' title="bbox 2052 825 3731 903">
    <p class='ocr_par' dir='ltr' id='par_1_33' title="bbox 2052 825 3731 903">
     <span class='ocr_line' id='line_1_33' title="bbox 2052 825 3731 903; baseline -0.008 -17"><span class='ocrx_word' id='word_1_257' title='bbox 2052 835 2233 888; x_wconf 89' lang='grc' dir='ltr'>πάλιν.</span> <span class='ocrx_word' id='word_1_258' title='bbox 2263 835 2374 886; x_wconf 91' lang='lat' dir='ltr'>Kal</span> <span class='ocrx_word' id='word_1_259' title='bbox 2424 833 2530 903; x_wconf 72' lang='grc' dir='ltr'>γὰρ</span> <span class='ocrx_word' id='word_1_260' title='bbox 2566 831 2792 883; x_wconf 86' lang='grc' dir='ltr'>πλοῦτον</span> <span class='ocrx_word' id='word_1_261' title='bbox 2824 830 3020 881; x_wconf 78' lang='grc' dir='ltr'>οἰκεῖον</span> <span class='ocrx_word' id='word_1_262' title='bbox 3054 828 3151 896; x_wconf 67' lang='grc' dir='ltr'>τὴν</span> <span class='ocrx_word' id='word_1_263' title='bbox 3200 825 3474 897; x_wconf 71' lang='grc' dir='ltr'>ἡμετέραν</span> <span class='ocrx_word' id='word_1_264' title='bbox 3517 826 3731 892; x_wconf 75' lang='grc' dir='ltr'>ἡγεῖται</span> 
     </span>
    </p>
   </div>
   <div class='ocr_carea' id='block_1_34' title="bbox 2051 908 3731 992">
    <p class='ocr_par' dir='ltr' id='par_1_34' title="bbox 2051 908 3731 992">
     <span class='ocr_line' id='line_1_34' title="bbox 2051 908 3731 992; baseline -0.009 -17"><span class='ocrx_word' id='word_1_265' title='bbox 2051 921 2345 992; x_wconf 82' lang='grc' dir='ltr'>σωτηρίαν,</span> <span class='ocrx_word' id='word_1_266' title='bbox 2378 921 2472 974; x_wconf 77' lang='grc' dir='ltr'>καὶ</span> <span class='ocrx_word' id='word_1_267' title='bbox 2510 919 2571 972; x_wconf 80' lang='grc' dir='ltr'>τὸ</span> <span class='ocrx_word' id='word_1_268' title='bbox 2599 918 2780 972; x_wconf 90' lang='grc' dir='ltr'>δοῦναι</span> <span class='ocrx_word' id='word_1_269' title='bbox 2809 916 3045 986; x_wconf 67' lang='grc' dir='ltr'>δαψιλῶς</span> <span class='ocrx_word' id='word_1_270' title='bbox 3075 919 3188 978; x_wconf 88' lang='grc' dir='ltr'>τοῖς</span> <span class='ocrx_word' id='word_1_271' title='bbox 3214 912 3455 967; x_wconf 76' lang='grc' dir='ltr'>αἰτοῦσιν</span> <span class='ocrx_word' id='word_1_272' title='bbox 3477 927 3489 940; x_wconf 99' lang='grc'>·</span> <span class='ocrx_word' id='word_1_273' title='bbox 3518 911 3656 978; x_wconf 83' lang='grc' dir='ltr'>ὅπερ</span> <span class='ocrx_word' id='word_1_274' title='bbox 3686 908 3731 938; x_wconf 77' lang='grc'>⁵⁸</span> 
     </span>
    </p>
   </div>
   <div class='ocr_carea' id='block_1_35' title="bbox 2049 994 3732 1077">
    <p class='ocr_par' dir='ltr' id='par_1_35' title="bbox 2049 994 3732 1077">
     <span class='ocr_line' id='line_1_35' title="bbox 2049 994 3732 1077; baseline -0.01 -15"><span class='ocrx_word' id='word_1_275' title='bbox 2049 1006 2142 1062; x_wconf 78' lang='grc' dir='ltr'>οὖν</span> <span class='ocrx_word' id='word_1_276' title='bbox 2170 1009 2264 1061; x_wconf 74' lang='grc' dir='ltr'>καὶ</span> <span class='ocrx_word' id='word_1_277' title='bbox 2295 1010 2324 1061; x_wconf 92' lang='lat'>6</span> <span class='ocrx_word' id='word_1_278' title='bbox 2365 1007 2576 1070; x_wconf 82' lang='grc' dir='ltr'>Παῦλος</span> <span class='ocrx_word' id='word_1_279' title='bbox 2611 1005 2786 1077; x_wconf 89' lang='grc' dir='ltr'>δηλῶν</span> <span class='ocrx_word' id='word_1_280' title='bbox 2835 1004 2989 1073; x_wconf 67' lang='grc' dir='ltr'>ἔλεγε</span> <span class='ocrx_word' id='word_1_281' title='bbox 3014 1021 3027 1034; x_wconf 96' lang='grc'>·</span> <span class='ocrx_word' id='word_1_282' title='bbox 3063 999 3350 1056; x_wconf 82' lang='grc' dir='ltr'>Πλουτῶν</span> <span class='ocrx_word' id='word_1_283' title='bbox 3379 1001 3464 1062; x_wconf 80' lang='grc' dir='ltr'>είς</span> <span class='ocrx_word' id='word_1_284' title='bbox 3499 994 3732 1060; x_wconf 79' lang='grc' dir='ltr'>πάντας</span> 
     </span>
    </p>
   </div>
   <div class='ocr_carea' id='block_1_36' title="bbox 2051 1083 3731 1160">
    <p class='ocr_par' dir='ltr' id='par_1_36' title="bbox 2051 1083 3731 1160">
     <span class='ocr_line' id='line_1_36' title="bbox 2051 1083 3731 1160; baseline -0.011 -10"><span class='ocrx_word' id='word_1_285' title='bbox 2051 1098 2146 1152; x_wconf 82' lang='grc' dir='ltr'>καὶ</span> <span class='ocrx_word' id='word_1_286' title='bbox 2179 1097 2279 1150; x_wconf 78' lang='grc' dir='ltr'>ἐπὶ</span> <span class='ocrx_word' id='word_1_287' title='bbox 2317 1095 2548 1160; x_wconf 81' lang='grc' dir='ltr'>πάντας</span> <span class='ocrx_word' id='word_1_288' title='bbox 2596 1093 2736 1159; x_wconf 88' lang='grc' dir='ltr'>τοὺς</span> <span class='ocrx_word' id='word_1_289' title='bbox 2775 1091 3294 1160; x_wconf 73' lang='grc' dir='ltr'>ἐπικαλουμένους</span> <span class='ocrx_word' id='word_1_290' title='bbox 3321 1086 3528 1140; x_wconf 77' lang='grc' dir='ltr'>αὐτόν.</span> <span class='ocrx_word' id='word_1_291' title='bbox 3562 1083 3731 1135; x_wconf 85' lang='grc' dir='ltr'>Ὅταν</span> 
     </span>
    </p>
   </div>
   <div class='ocr_carea' id='block_1_37' title="bbox 2050 1174 3729 1255">
    <p class='ocr_par' dir='ltr' id='par_1_37' title="bbox 2050 1174 3729 1255">
     <span class='ocr_line' id='line_1_37' title="bbox 2050 1174 3729 1255; baseline -0.007 -18"><span class='ocrx_word' id='word_1_292' title='bbox 2050 1185 2157 1255; x_wconf 78' lang='grc' dir='ltr'>γὰρ</span> <span class='ocrx_word' id='word_1_293' title='bbox 2187 1185 2260 1254; x_wconf 74' lang='grc' dir='ltr'>μὴ</span> <span class='ocrx_word' id='word_1_294' title='bbox 2291 1183 2622 1252; x_wconf 83' lang='grc' dir='ltr'>αίτήσωμεν,</span> <span class='ocrx_word' id='word_1_295' title='bbox 2645 1181 2766 1234; x_wconf 83' lang='grc' dir='ltr'>τότε</span> <span class='ocrx_word' id='word_1_296' title='bbox 2791 1180 3097 1250; x_wconf 78' lang='grc' dir='ltr'>ὀργίζεται·</span> <span class='ocrx_word' id='word_1_297' title='bbox 3129 1181 3254 1232; x_wconf 81' lang='grc' dir='ltr'>ὅταν</span> <span class='ocrx_word' id='word_1_298' title='bbox 3288 1175 3365 1245; x_wconf 85' lang='grc' dir='ltr'>μὴ</span> <span class='ocrx_word' id='word_1_299' title='bbox 3386 1174 3729 1243; x_wconf 82' lang='grc' dir='ltr'>αἰτήσωμεν.</span> 
     </span>
    </p>
   </div>
   <div class='ocr_carea' id='block_1_38' title="bbox 2048 1259 3730 1340">
    <p class='ocr_par' dir='ltr' id='par_1_38' title="bbox 2048 1259 3730 1340">
     <span class='ocr_line' id='line_1_38' title="bbox 2048 1259 3730 1340; baseline -0.008 -17"><span class='ocrx_word' id='word_1_300' title='bbox 2048 1273 2169 1324; x_wconf 88' lang='grc' dir='ltr'>τότε</span> <span class='ocrx_word' id='word_1_301' title='bbox 2217 1270 2638 1340; x_wconf 86' lang='grc' dir='ltr'>ἀποστρέφεται.</span> <span class='ocrx_word' id='word_1_302' title='bbox 2690 1269 2790 1321; x_wconf 78' lang='grc' dir='ltr'>Διά</span> <span class='ocrx_word' id='word_1_303' title='bbox 2835 1268 2990 1321; x_wconf 84' lang='grc' dir='ltr'>τοῦτο</span> <span class='ocrx_word' id='word_1_304' title='bbox 3038 1265 3414 1334; x_wconf 80' lang='grc' dir='ltr'>ἐπτώχευσεν,</span> <span class='ocrx_word' id='word_1_305' title='bbox 3461 1261 3549 1312; x_wconf 79' lang='grc' dir='ltr'>ἵνα</span> <span class='ocrx_word' id='word_1_306' title='bbox 3581 1259 3730 1328; x_wconf 71' lang='grc' dir='ltr'>ἡμᾶς</span> 
     </span>
    </p>
   </div>
   <div class='ocr_carea' id='block_1_39' title="bbox 2050 1347 3724 1428">
    <p class='ocr_par' dir='ltr' id='par_1_39' title="bbox 2050 1347 3724 1428">
     <span class='ocr_line' id='line_1_39' title="bbox 2050 1347 3724 1428; baseline -0.01 -16"><span class='ocrx_word' id='word_1_307' title='bbox 2050 1359 2337 1422; x_wconf 84' lang='grc' dir='ltr'>πλουσίους</span> <span class='ocrx_word' id='word_1_308' title='bbox 2378 1358 2712 1428; x_wconf 87' lang='grc' dir='ltr'>ἐργάσηται·</span> <span class='ocrx_word' id='word_1_309' title='bbox 2747 1356 2834 1409; x_wconf 77' lang='grc' dir='ltr'>διὰ</span> <span class='ocrx_word' id='word_1_310' title='bbox 2879 1355 3037 1408; x_wconf 70' lang='grc' dir='ltr'>τοῦτο</span> <span class='ocrx_word' id='word_1_311' title='bbox 3087 1355 3181 1406; x_wconf 75' lang='grc' dir='ltr'>καὶ</span> <span class='ocrx_word' id='word_1_312' title='bbox 3211 1354 3252 1383; x_wconf 79' lang='grc'>⁵¹</span> <span class='ocrx_word' id='word_1_313' title='bbox 3296 1351 3474 1404; x_wconf 87' lang='grc' dir='ltr'>πάντα</span> <span class='ocrx_word' id='word_1_314' title='bbox 3519 1347 3724 1416; x_wconf 82' lang='grc' dir='ltr'>ὑπέστη</span> 
     </span>
    </p>
   </div>
   <div class='ocr_carea' id='block_1_40' title="bbox 2050 1435 3724 1514">
    <p class='ocr_par' dir='ltr' id='par_1_40' title="bbox 2050 1435 3724 1514">
     <span class='ocr_line' id='line_1_40' title="bbox 2050 1435 3724 1514; baseline -0.009 -13"><span class='ocrx_word' id='word_1_315' title='bbox 2050 1449 2251 1506; x_wconf 77' lang='grc' dir='ltr'>ἐκεῖνα,</span> <span class='ocrx_word' id='word_1_316' title='bbox 2279 1446 2366 1498; x_wconf 81' lang='grc' dir='ltr'>ἵνα</span> <span class='ocrx_word' id='word_1_317' title='bbox 2393 1446 2539 1514; x_wconf 81' lang='grc' dir='ltr'>ἡμᾶς</span> <span class='ocrx_word' id='word_1_318' title='bbox 2571 1443 2934 1512; x_wconf 82' lang='grc' dir='ltr'>ἐκκαλέσηται</span> <span class='ocrx_word' id='word_1_319' title='bbox 2963 1442 3096 1512; x_wconf 83' lang='grc' dir='ltr'>πρὸς</span> <span class='ocrx_word' id='word_1_320' title='bbox 3130 1442 3190 1492; x_wconf 88' lang='grc' dir='ltr'>τὸ</span> <span class='ocrx_word' id='word_1_321' title='bbox 3217 1441 3401 1492; x_wconf 84' lang='grc' dir='ltr'>αἰτεῖν.</span> <span class='ocrx_word' id='word_1_322' title='bbox 3434 1436 3522 1508; x_wconf 79' lang='grc' dir='ltr'>Μὴ</span> <span class='ocrx_word' id='word_1_323' title='bbox 3547 1435 3724 1487; x_wconf 88' lang='grc' dir='ltr'>τοίνυν</span> 
     </span>
    </p>
   </div>
   <div class='ocr_carea' id='block_1_41' title="bbox 2049 1525 3723 1602">
    <p class='ocr_par' dir='ltr' id='par_1_41' title="bbox 2049 1525 3723 1602">
     <span class='ocr_line' id='line_1_41' title="bbox 2049 1525 3723 1602; baseline -0.008 -16"><span class='ocrx_word' id='word_1_324' title='bbox 2049 1532 2373 1602; x_wconf 87' lang='grc' dir='ltr'>ἀπογνῶμεν</span> <span class='ocrx_word' id='word_1_325' title='bbox 2395 1548 2407 1560; x_wconf 93' lang='grc'>·</span> <span class='ocrx_word' id='word_1_326' title='bbox 2438 1531 2550 1585; x_wconf 86' lang='grc' dir='ltr'>ἀλλ’</span> <span class='ocrx_word' id='word_1_327' title='bbox 2581 1531 2794 1600; x_wconf 76' lang='grc' dir='ltr'>ἔχοντες</span> <span class='ocrx_word' id='word_1_328' title='bbox 2844 1529 3110 1592; x_wconf 74' lang='grc' dir='ltr'>τοσαύτας</span> <span class='ocrx_word' id='word_1_329' title='bbox 3164 1525 3420 1596; x_wconf 75' lang='grc' dir='ltr'>ἀφορμὰς</span> <span class='ocrx_word' id='word_1_330' title='bbox 3463 1525 3555 1577; x_wconf 74' lang='grc' dir='ltr'>καὶ</span> <span class='ocrx_word' id='word_1_331' title='bbox 3588 1539 3723 1592; x_wconf 75' lang='grc' dir='ltr'>χρηο</span> 
     </span>
    </p>
   </div>
   <div class='ocr_carea' id='block_1_42' title="bbox 2051 1613 3726 1690">
    <p class='ocr_par' dir='ltr' id='par_1_42' title="bbox 2051 1613 3726 1690">
     <span class='ocr_line' id='line_1_42' title="bbox 2051 1613 3726 1690; baseline -0.007 -14"><span class='ocrx_word' id='word_1_332' title='bbox 2051 1624 2180 1686; x_wconf 81' lang='grc' dir='ltr'>στὰς</span> <span class='ocrx_word' id='word_1_333' title='bbox 2230 1623 2493 1686; x_wconf 85' lang='grc' dir='ltr'>ἐλπίδας,</span> <span class='ocrx_word' id='word_1_334' title='bbox 2539 1621 2644 1674; x_wconf 78' lang='grc' dir='ltr'>κᾶν</span> <span class='ocrx_word' id='word_1_335' title='bbox 2701 1621 2820 1674; x_wconf 80' lang='grc' dir='ltr'>καθ’</span> <span class='ocrx_word' id='word_1_336' title='bbox 2869 1620 3106 1690; x_wconf 78' lang='grc' dir='ltr'>ἑκάστην</span> <span class='ocrx_word' id='word_1_337' title='bbox 3165 1617 3567 1688; x_wconf 74' lang='grc' dir='ltr'>ἁμαρτάνοιμεν</span> <span class='ocrx_word' id='word_1_338' title='bbox 3627 1613 3726 1682; x_wconf 80' lang='grc' dir='ltr'>τὴν</span> 
     </span>
    </p>
   </div>
   <div class='ocr_carea' id='block_1_43' title="bbox 2050 1703 3727 1783">
    <p class='ocr_par' dir='ltr' id='par_1_43' title="bbox 2050 1703 3727 1783">
     <span class='ocr_line' id='line_1_43' title="bbox 2050 1703 3727 1783; baseline -0.007 -18"><span class='ocrx_word' id='word_1_339' title='bbox 2050 1713 2281 1783; x_wconf 75' lang='grc' dir='ltr'>ἡμέραν,</span> <span class='ocrx_word' id='word_1_340' title='bbox 2313 1710 2626 1781; x_wconf 89' lang='grc' dir='ltr'>προσίωμεν</span> <span class='ocrx_word' id='word_1_341' title='bbox 2656 1707 3095 1780; x_wconf 89' lang='grc' dir='ltr'>παρακαλοῦντες</span> <span class='ocrx_word' id='word_1_342' title='bbox 3121 1748 3136 1771; x_wconf 90' lang='grc'>,</span> <span class='ocrx_word' id='word_1_343' title='bbox 3172 1707 3436 1776; x_wconf 78' lang='grc' dir='ltr'>δεόμενοι,</span> <span class='ocrx_word' id='word_1_344' title='bbox 3465 1705 3562 1775; x_wconf 78' lang='grc' dir='ltr'>τὴν</span> <span class='ocrx_word' id='word_1_345' title='bbox 3593 1703 3727 1771; x_wconf 76' lang='grc' dir='ltr'>ἄφε-</span> 
     </span>
    </p>
   </div>
   <div class='ocr_carea' id='block_1_44' title="bbox 2052 1790 3726 1868">
    <p class='ocr_par' dir='ltr' id='par_1_44' title="bbox 2052 1790 3726 1868">
     <span class='ocr_line' id='line_1_44' title="bbox 2052 1790 3726 1868; baseline -0.006 -16"><span class='ocrx_word' id='word_1_346' title='bbox 2052 1817 2134 1852; x_wconf 91' lang='grc' dir='ltr'>σιν</span> <span class='ocrx_word' id='word_1_347' title='bbox 2169 1799 2276 1852; x_wconf 89' lang='grc' dir='ltr'>τῶν</span> <span class='ocrx_word' id='word_1_348' title='bbox 2305 1797 2790 1868; x_wconf 86' lang='grc' dir='ltr'>πλημμελημάτων</span> <span class='ocrx_word' id='word_1_349' title='bbox 2820 1795 3114 1858; x_wconf 83' lang='grc' dir='ltr'>αἰτοῦντες.</span> <span class='ocrx_word' id='word_1_350' title='bbox 3149 1795 3305 1848; x_wconf 80' lang='grc' dir='ltr'>Οῦτω</span> <span class='ocrx_word' id='word_1_351' title='bbox 3335 1795 3444 1866; x_wconf 86' lang='grc' dir='ltr'>γὰρ</span> <span class='ocrx_word' id='word_1_352' title='bbox 3469 1793 3560 1846; x_wconf 73' lang='grc' dir='ltr'>καὶ</span> <span class='ocrx_word' id='word_1_353' title='bbox 3591 1790 3726 1861; x_wconf 82' lang='grc' dir='ltr'>πρὸς</span> 
     </span>
    </p>
   </div>
   <div class='ocr_carea' id='block_1_45' title="bbox 2047 1879 3724 1958">
    <p class='ocr_par' dir='ltr' id='par_1_45' title="bbox 2047 1879 3724 1958">
     <span class='ocr_line' id='line_1_45' title="bbox 2047 1879 3724 1958; baseline -0.004 -19"><span class='ocrx_word' id='word_1_354' title='bbox 2047 1887 2109 1939; x_wconf 83' lang='grc' dir='ltr'>τὸ</span> <span class='ocrx_word' id='word_1_355' title='bbox 2134 1886 2469 1958; x_wconf 79' lang='grc' dir='ltr'>ἁμαρτάνειν</span> <span class='ocrx_word' id='word_1_356' title='bbox 2497 1885 2846 1955; x_wconf 81' lang='grc' dir='ltr'>ὀκνηρότεροι</span> <span class='ocrx_word' id='word_1_357' title='bbox 2875 1883 3060 1936; x_wconf 74' lang='grc' dir='ltr'>λοιπὸν</span> <span class='ocrx_word' id='word_1_358' title='bbox 3088 1883 3344 1954; x_wconf 78' lang='grc' dir='ltr'>ἐσόμεθα,</span> <span class='ocrx_word' id='word_1_359' title='bbox 3376 1882 3469 1935; x_wconf 77' lang='grc' dir='ltr'>καὶ</span> <span class='ocrx_word' id='word_1_360' title='bbox 3495 1880 3585 1933; x_wconf 78' lang='grc' dir='ltr'>τὸν</span> <span class='ocrx_word' id='word_1_361' title='bbox 3607 1879 3724 1932; x_wconf 80' lang='grc' dir='ltr'>διά-</span> 
     </span>
    </p>
   </div>
   <div class='ocr_carea' id='block_1_46' title="bbox 2049 1967 3725 2043">
    <p class='ocr_par' dir='ltr' id='par_1_46' title="bbox 2049 1967 3725 2043">
     <span class='ocr_line' id='line_1_46' title="bbox 2049 1967 3725 2043; baseline -0.007 -17"><span class='ocrx_word' id='word_1_362' title='bbox 2049 1974 2204 2028; x_wconf 76' lang='grc' dir='ltr'>ϐολον</span> <span class='ocrx_word' id='word_1_363' title='bbox 2251 1973 2688 2043; x_wconf 80' lang='grc' dir='ltr'>ἀποσοϐήσομεν,</span> <span class='ocrx_word' id='word_1_364' title='bbox 2727 1972 2818 2024; x_wconf 79' lang='grc' dir='ltr'>καὶ</span> <span class='ocrx_word' id='word_1_365' title='bbox 2869 1970 2960 2024; x_wconf 87' lang='grc' dir='ltr'>τοῦ</span> <span class='ocrx_word' id='word_1_366' title='bbox 3010 1971 3144 2023; x_wconf 84' lang='grc' dir='ltr'>Θεοῦ</span> <span class='ocrx_word' id='word_1_367' title='bbox 3185 1970 3282 2040; x_wconf 80' lang='grc' dir='ltr'>τὴν</span> <span class='ocrx_word' id='word_1_368' title='bbox 3318 1967 3725 2038; x_wconf 83' lang='grc' dir='ltr'>φιλανθρωπίαν</span> 
     </span>
    </p>
   </div>
   <div class='ocr_carea' id='block_1_47' title="bbox 2052 2055 3720 2130">
    <p class='ocr_par' dir='ltr' id='par_1_47' title="bbox 2052 2055 3720 2130">
     <span class='ocr_line' id='line_1_47' title="bbox 2052 2055 3720 2130; baseline -0.005 -16"><span class='ocrx_word' id='word_1_369' title='bbox 2052 2059 2587 2130; x_wconf 79' lang='grc' dir='ltr'>ἐκκαλεσόμεθα,καὶ</span> <span class='ocrx_word' id='word_1_370' title='bbox 2613 2058 2719 2112; x_wconf 88' lang='grc' dir='ltr'>τῶν</span> <span class='ocrx_word' id='word_1_371' title='bbox 2746 2058 3040 2127; x_wconf 72' lang='grc' dir='ltr'>μελλόντων</span> <span class='ocrx_word' id='word_1_372' title='bbox 3068 2057 3457 2126; x_wconf 75' lang='grc' dir='ltr'>ἐπιτευξόμεθα</span> <span class='ocrx_word' id='word_1_373' title='bbox 3481 2055 3720 2123; x_wconf 86' lang='grc' dir='ltr'>ἀγαθῶν,</span> 
     </span>
    </p>
   </div>
   <div class='ocr_carea' id='block_1_48' title="bbox 2052 2146 3723 2221">
    <p class='ocr_par' dir='ltr' id='par_1_48' title="bbox 2052 2146 3723 2221">
     <span class='ocr_line' id='line_1_48' title="bbox 2052 2146 3723 2221; baseline -0.003 -18"><span class='ocrx_word' id='word_1_374' title='bbox 2052 2152 2234 2221; x_wconf 76' lang='grc' dir='ltr'>χάριτι</span> <span class='ocrx_word' id='word_1_375' title='bbox 2265 2149 2360 2201; x_wconf 75' lang='grc' dir='ltr'>καὶ</span> <span class='ocrx_word' id='word_1_376' title='bbox 2409 2148 2788 2218; x_wconf 81' lang='grc' dir='ltr'>φιλανθρωπίᾳ</span> <span class='ocrx_word' id='word_1_377' title='bbox 2827 2148 2921 2201; x_wconf 87' lang='grc' dir='ltr'>τοῦ</span> <span class='ocrx_word' id='word_1_378' title='bbox 2951 2147 3156 2218; x_wconf 84' lang='grc' dir='ltr'>Κυρίου</span> <span class='ocrx_word' id='word_1_379' title='bbox 3192 2148 3348 2218; x_wconf 89' lang='grc' dir='ltr'>ήμῶν</span> <span class='ocrx_word' id='word_1_380' title='bbox 3387 2146 3559 2216; x_wconf 87' lang='grc' dir='ltr'>Ἰησοῦ</span> <span class='ocrx_word' id='word_1_381' title='bbox 3588 2147 3723 2216; x_wconf 81' lang='grc' dir='ltr'>Χρι-</span> 
     </span>
    </p>
   </div>
   <div class='ocr_carea' id='block_1_49' title="bbox 2051 2229 3722 2306">
    <p class='ocr_par' dir='ltr' id='par_1_49' title="bbox 2051 2229 3722 2306">
     <span class='ocr_line' id='line_1_49' title="bbox 2051 2229 3722 2306; baseline -0.002 -18"><span class='ocrx_word' id='word_1_382' title='bbox 2051 2237 2200 2301; x_wconf 89' lang='grc' dir='ltr'>στοῦ,</span> <span class='ocrx_word' id='word_1_383' title='bbox 2233 2229 2276 2303; x_wconf 81' lang='grc' dir='ltr'>ᾧ</span> <span class='ocrx_word' id='word_1_384' title='bbox 2301 2238 2334 2306; x_wconf 80' lang='grc' dir='ltr'>ἡ</span> <span class='ocrx_word' id='word_1_385' title='bbox 2361 2234 2486 2299; x_wconf 83' lang='grc' dir='ltr'>δόξα</span> <span class='ocrx_word' id='word_1_386' title='bbox 2516 2235 2610 2288; x_wconf 74' lang='grc' dir='ltr'>καὶ</span> <span class='ocrx_word' id='word_1_387' title='bbox 2641 2235 2699 2288; x_wconf 79' lang='grc' dir='ltr'>τὸ</span> <span class='ocrx_word' id='word_1_388' title='bbox 2733 2236 2932 2306; x_wconf 81' lang='grc' dir='ltr'>κράτος</span> <span class='ocrx_word' id='word_1_389' title='bbox 2964 2238 3042 2300; x_wconf 85' lang='grc' dir='ltr'>εἰς</span> <span class='ocrx_word' id='word_1_390' title='bbox 3069 2236 3193 2300; x_wconf 74' lang='grc' dir='ltr'>τοὺς</span> <span class='ocrx_word' id='word_1_391' title='bbox 3225 2236 3425 2298; x_wconf 77' lang='grc' dir='ltr'>αἰῶνας</span> <span class='ocrx_word' id='word_1_392' title='bbox 3457 2233 3565 2287; x_wconf 87' lang='grc' dir='ltr'>τῶν</span> <span class='ocrx_word' id='word_1_393' title='bbox 3595 2232 3722 2287; x_wconf 64' lang='lat' dir='ltr'><strong><em>ald)-</em></strong></span> 
     </span>
    </p>
   </div>
   <div class='ocr_carea' id='block_1_50' title="bbox 2051 2326 2400 2395">
    <p class='ocr_par' dir='ltr' id='par_1_50' title="bbox 2051 2326 2400 2395">
     <span class='ocr_line' id='line_1_50' title="bbox 2051 2326 2400 2395; baseline -0.006 -17"><span class='ocrx_word' id='word_1_394' title='bbox 2051 2344 2175 2378; x_wconf 83' lang='grc' dir='ltr'>νων.</span> <span class='ocrx_word' id='word_1_395' title='bbox 2209 2326 2261 2378; x_wconf 77' lang='grc' dir='ltr'><strong>Ἀ</strong></span> <span class='ocrx_word' id='word_1_396' title='bbox 2273 2326 2400 2395; x_wconf 77' lang='grc' dir='ltr'>μήν.</span> 
     </span>
    </p>
   </div>
   <div class='ocr_carea' id='block_1_51' title="bbox 342 2557 1941 2649">
    <p class='ocr_par' dir='ltr' id='par_1_51' title="bbox 342 2561 1940 2649">
     <span class='ocr_line' id='line_1_51' title="bbox 342 2561 1940 2649; baseline 0.003 0"><span class='ocrx_word' id='word_1_397' title='bbox 342 2561 608 2649; x_wconf 50' lang='grc' dir='ltr'>τσςξοτσξν]</span> <span class='ocrx_word' id='word_1_398' title='bbox 655 2564 755 2648; x_wconf 68' lang='grc' dir='ltr'>τῇς</span> <span class='ocrx_word' id='word_1_399' title='bbox 797 2563 928 2649; x_wconf 66' lang='grc' dir='ltr'>ιω·</span> <span class='ocrx_word' id='word_1_400' title='bbox 967 2565 1168 2649; x_wconf 57' lang='grc' dir='ltr'>κεῖ</span> <span class='ocrx_word' id='word_1_401' title='bbox 1338 2565 1508 2649; x_wconf 60' lang='grc' dir='ltr'>,Αηει</span> <span class='ocrx_word' id='word_1_402' title='bbox 1562 2563 1940 2649; x_wconf 48' lang='grc' dir='ltr'>«κτεριῶ</span> 
     </span>
    </p>
   </div>
   <div class='ocr_carea' id='block_1_52' title="bbox 2044 2557 3717 2649">
    <p class='ocr_par' dir='ltr' id='par_1_52' title="bbox 2044 2557 3717 2649">
     <span class='ocr_line' id='line_1_52' title="bbox 2044 2557 3717 2649; baseline -0.006 -31"><span class='ocrx_word' id='word_1_403' title='bbox 2044 2592 2046 2610; x_wconf 86' lang='grc' dir='ltr'>ι</span> <span class='ocrx_word' id='word_1_404' title='bbox 2077 2567 2140 2618; x_wconf 90' lang='lat' dir='ltr'>A.</span> <span class='ocrx_word' id='word_1_405' title='bbox 2173 2566 2235 2622; x_wconf 85' lang='lat' dir='ltr'>C.</span> <span class='ocrx_word' id='word_1_406' title='bbox 2270 2582 2322 2635; x_wconf 85' lang='lat' dir='ltr'>p.</span> <span class='ocrx_word' id='word_1_407' title='bbox 2359 2582 2412 2635; x_wconf 88' lang='lat' dir='ltr'>p.</span> <span class='ocrx_word' id='word_1_408' title='bbox 2433 2570 2485 2620; x_wconf 88' lang='grc' dir='ltr'>-ὀ</span> <span class='ocrx_word' id='word_1_409' title='bbox 2512 2564 2840 2649; x_wconf 85' lang='grc' dir='ltr'>πλουτῶν</span> <span class='ocrx_word' id='word_1_410' title='bbox 2883 2563 2943 2617; x_wconf 84' lang='grc' dir='ltr'>Ε.</span> <span class='ocrx_word' id='word_1_411' title='bbox 2983 2562 3169 2644; x_wconf 47' lang='lat' dir='ltr'>.“xa‘:</span> <span class='ocrx_word' id='word_1_412' title='bbox 3196 2577 3306 2615; x_wconf 90' lang='lat' dir='ltr'><strong>om.</strong></span> <span class='ocrx_word' id='word_1_413' title='bbox 3328 2561 3390 2614; x_wconf 73' lang='grc' dir='ltr'>Λ.</span> <span class='ocrx_word' id='word_1_414' title='bbox 3424 2558 3567 2613; x_wconf 78' lang='lat' dir='ltr'>Infra</span> <span class='ocrx_word' id='word_1_415' title='bbox 3594 2557 3717 2610; x_wconf 82' lang='grc' dir='ltr'>καθ’</span> 
     </span>
    </p>
   </div>
   <div class='ocr_carea' id='block_1_53' title="bbox 271 2631 1941 2708">
    <p class='ocr_par' dir='ltr' id='par_1_53' title="bbox 271 2631 1941 2708">
     <span class='ocr_line' id='line_1_53' title="bbox 271 2631 1941 2708; baseline 0.006 -26"><span class='ocrx_word' id='word_1_416' title='bbox 271 2631 509 2702; x_wconf 82' lang='grc' dir='ltr'>ἐκὰστην</span> <span class='ocrx_word' id='word_1_417' title='bbox 538 2631 637 2704; x_wconf 79' lang='grc' dir='ltr'>ήμ.</span> <span class='ocrx_word' id='word_1_418' title='bbox 677 2631 774 2704; x_wconf 84' lang='grc' dir='ltr'>ἀμ.</span> <span class='ocrx_word' id='word_1_419' title='bbox 798 2637 860 2688; x_wconf 84' lang='grc' dir='ltr'>Λ.</span> <span class='ocrx_word' id='word_1_420' title='bbox 891 2634 1013 2688; x_wconf 86' lang='grc' dir='ltr'>καθ.</span> <span class='ocrx_word' id='word_1_421' title='bbox 1041 2636 1276 2706; x_wconf 80' lang='grc' dir='ltr'>ἑκάστην</span> <span class='ocrx_word' id='word_1_422' title='bbox 1299 2635 1394 2704; x_wconf 77' lang='grc' dir='ltr'>τὴν</span> <span class='ocrx_word' id='word_1_423' title='bbox 1419 2637 1517 2706; x_wconf 86' lang='grc' dir='ltr'>ήμ.</span> <span class='ocrx_word' id='word_1_424' title='bbox 1551 2637 1649 2708; x_wconf 85' lang='grc' dir='ltr'>ἀμ.</span> <span class='ocrx_word' id='word_1_425' title='bbox 1725 2631 1941 2692; x_wconf 68' lang='grc' dir='ltr'>οὒῖἀοτυ</span> 
     </span>
    </p>
   </div>
   <div class='ocr_carea' id='block_1_54' title="bbox 2044 2631 3047 2708">
    <p class='ocr_par' dir='ltr' id='par_1_54' title="bbox 2045 2631 3047 2693">
     <span class='ocr_line' id='line_1_54' title="bbox 2045 2631 3047 2693; baseline -0.006 -1"><span class='ocrx_word' id='word_1_426' title='bbox 2045 2638 2167 2693; x_wconf 77' lang='lat' dir='ltr'>Sav.</span> <span class='ocrx_word' id='word_1_427' title='bbox 2202 2631 2334 2691; x_wconf 77' lang='lat' dir='ltr'>Bch.</span> <span class='ocrx_word' id='word_1_428' title='bbox 2359 2631 2557 2693; x_wconf 48' lang='lat' dir='ltr'>&#39;(‘onlra</span> <span class='ocrx_word' id='word_1_429' title='bbox 2593 2652 2749 2690; x_wconf 91' lang='lat' dir='ltr'>usum</span> <span class='ocrx_word' id='word_1_430' title='bbox 2777 2633 3047 2688; x_wconf 78' lang='lat' dir='ltr'>Auctoris.</span> 
     </span>
    </p>
   </div>
   <div class='ocr_carea' id='block_1_55' title="bbox 1778 2806 2184 2863">
    <p class='ocr_par' dir='ltr' id='par_1_55' title="bbox 1778 2806 2184 2863">
     <span class='ocr_line' id='line_1_55' title="bbox 1778 2806 2184 2863; baseline 0.007 -3"><span class='ocrx_word' id='word_1_431' title='bbox 1778 2807 2020 2861; x_wconf 79' lang='lat' dir='ltr'>OMIMA</span> <span class='ocrx_word' id='word_1_432' title='bbox 2059 2806 2184 2863; x_wconf 70' lang='lat' dir='ltr'><strong><em>Kl&quot;.</em></strong></span> 
     </span>
    </p>
   </div>
   <div class='ocr_carea' id='block_1_56' title="bbox 658 2894 1584 2970">
    <p class='ocr_par' dir='ltr' id='par_1_56' title="bbox 658 2894 1584 2970">
     <span class='ocr_line' id='line_1_56' title="bbox 658 2894 1584 2970; baseline 0.004 -22"><span class='ocrx_word' id='word_1_433' title='bbox 658 2894 753 2960; x_wconf 77' lang='grc' dir='ltr'>Μὴ</span> <span class='ocrx_word' id='word_1_434' title='bbox 783 2896 1015 2962; x_wconf 80' lang='grc' dir='ltr'>κρίνετε</span> <span class='ocrx_word' id='word_1_435' title='bbox 1035 2938 1048 2959; x_wconf 92' lang='grc'>,</span> <span class='ocrx_word' id='word_1_436' title='bbox 1082 2899 1181 2952; x_wconf 80' lang='grc' dir='ltr'>ἵνα</span> <span class='ocrx_word' id='word_1_437' title='bbox 1209 2899 1294 2970; x_wconf 79' lang='grc' dir='ltr'>μὴ</span> <span class='ocrx_word' id='word_1_438' title='bbox 1328 2897 1584 2967; x_wconf 79' lang='grc' dir='ltr'>κριθῆτε.</span> 
     </span>
    </p>
   </div>
   <div class='ocr_carea' id='block_1_57' title="bbox 344 2979 1938 3058">
    <p class='ocr_par' dir='ltr' id='par_1_57' title="bbox 344 2979 1938 3058">
     <span class='ocr_line' id='line_1_57' title="bbox 344 2979 1938 3058; baseline 0.003 -24"><span class='ocrx_word' id='word_1_439' title='bbox 344 2979 494 3053; x_wconf 72' lang='grc'>[284]</span> <span class='ocrx_word' id='word_1_440' title='bbox 523 2989 590 3036; x_wconf 90' lang='lat' dir='ltr'><strong><em>a&#39;.</em></strong></span> <span class='ocrx_word' id='word_1_441' title='bbox 619 2982 684 3035; x_wconf 87' lang='grc' dir='ltr'>Τί</span> <span class='ocrx_word' id='word_1_442' title='bbox 711 2979 803 3036; x_wconf 81' lang='grc' dir='ltr'>οῦν</span> <span class='ocrx_word' id='word_1_443' title='bbox 829 3001 842 3048; x_wconf 90' lang='grc'>;</span> <span class='ocrx_word' id='word_1_444' title='bbox 877 2985 936 3036; x_wconf 87' lang='grc' dir='ltr'>ού</span> <span class='ocrx_word' id='word_1_445' title='bbox 963 2985 1066 3056; x_wconf 78' lang='grc' dir='ltr'>χρὴ</span> <span class='ocrx_word' id='word_1_446' title='bbox 1093 2991 1202 3050; x_wconf 84' lang='grc' dir='ltr'>τοῖς</span> <span class='ocrx_word' id='word_1_447' title='bbox 1223 2987 1627 3058; x_wconf 82' lang='grc' dir='ltr'>ἁμαρτάνουσιν</span> <span class='ocrx_word' id='word_1_448' title='bbox 1651 2987 1902 3053; x_wconf 83' lang='grc' dir='ltr'>ἐγκαλεῖν</span> <span class='ocrx_word' id='word_1_449' title='bbox 1924 3006 1938 3052; x_wconf 88' lang='grc'><strong>;</strong></span> 
     </span>
    </p>
   </div>
   <div class='ocr_carea' id='block_1_58' title="bbox 269 3069 1944 3146">
    <p class='ocr_par' dir='ltr' id='par_1_58' title="bbox 269 3069 1944 3146">
     <span class='ocr_line' id='line_1_58' title="bbox 269 3069 1944 3146; baseline 0.004 -26"><span class='ocrx_word' id='word_1_450' title='bbox 269 3070 382 3121; x_wconf 86' lang='lat' dir='ltr'>Kal</span> <span class='ocrx_word' id='word_1_451' title='bbox 403 3069 510 3139; x_wconf 80' lang='grc' dir='ltr'>γὰρ</span> <span class='ocrx_word' id='word_1_452' title='bbox 534 3072 562 3122; x_wconf 91' lang='lat'>6</span> <span class='ocrx_word' id='word_1_453' title='bbox 587 3070 796 3134; x_wconf 79' lang='grc' dir='ltr'>Παῦλος</span> <span class='ocrx_word' id='word_1_454' title='bbox 820 3072 880 3125; x_wconf 83' lang='grc' dir='ltr'>τὸ</span> <span class='ocrx_word' id='word_1_455' title='bbox 917 3073 1048 3126; x_wconf 78' lang='grc' dir='ltr'>αὐτὸ</span> <span class='ocrx_word' id='word_1_456' title='bbox 1074 3075 1229 3128; x_wconf 82' lang='grc' dir='ltr'>τοῦτό</span> <span class='ocrx_word' id='word_1_457' title='bbox 1253 3093 1384 3146; x_wconf 88' lang='grc' dir='ltr'>φησι</span> <span class='ocrx_word' id='word_1_458' title='bbox 1405 3090 1418 3104; x_wconf 91' lang='grc'>·</span> <span class='ocrx_word' id='word_1_459' title='bbox 1459 3075 1657 3144; x_wconf 81' lang='grc' dir='ltr'>μᾶλλον</span> <span class='ocrx_word' id='word_1_460' title='bbox 1692 3076 1750 3128; x_wconf 81' lang='grc' dir='ltr'>δὲ</span> <span class='ocrx_word' id='word_1_461' title='bbox 1783 3077 1944 3128; x_wconf 83' lang='grc' dir='ltr'>κάκεῖ</span> 
     </span>
    </p>
   </div>
   <div class='ocr_carea' id='block_1_59' title="bbox 267 3157 1942 3230">
    <p class='ocr_par' dir='ltr' id='par_1_59' title="bbox 267 3157 1942 3230">
     <span class='ocr_line' id='line_1_59' title="bbox 267 3157 1942 3230; baseline 0.004 -21"><span class='ocrx_word' id='word_1_462' title='bbox 267 3157 297 3209; x_wconf 79' lang='lat'>6</span> <span class='ocrx_word' id='word_1_463' title='bbox 322 3157 555 3229; x_wconf 83' lang='grc' dir='ltr'>Χριστὸς</span> <span class='ocrx_word' id='word_1_464' title='bbox 585 3158 674 3211; x_wconf 79' lang='grc' dir='ltr'>διὰ</span> <span class='ocrx_word' id='word_1_465' title='bbox 703 3159 934 3223; x_wconf 86' lang='grc' dir='ltr'>Παύλου,</span> <span class='ocrx_word' id='word_1_466' title='bbox 961 3161 1132 3229; x_wconf 86' lang='grc' dir='ltr'>λέγων</span> <span class='ocrx_word' id='word_1_467' title='bbox 1153 3179 1165 3190; x_wconf 93' lang='grc'>·</span> <span class='ocrx_word' id='word_1_468' title='bbox 1192 3161 1274 3216; x_wconf 86' lang='grc' dir='ltr'>Σὺ</span> <span class='ocrx_word' id='word_1_469' title='bbox 1303 3164 1358 3216; x_wconf 88' lang='grc' dir='ltr'>τί</span> <span class='ocrx_word' id='word_1_470' title='bbox 1385 3163 1603 3230; x_wconf 83' lang='grc' dir='ltr'>κρίνεις</span> <span class='ocrx_word' id='word_1_471' title='bbox 1628 3163 1736 3216; x_wconf 83' lang='grc' dir='ltr'>τὸν</span> <span class='ocrx_word' id='word_1_472' title='bbox 1763 3163 1942 3217; x_wconf 79' lang='grc' dir='ltr'>ἁδελ-</span> 
     </span>
    </p>
   </div>
   <div class='ocr_carea' id='block_1_60' title="bbox 267 3249 1942 3319">
    <p class='ocr_par' dir='ltr' id='par_1_60' title="bbox 267 3249 1942 3319">
     <span class='ocr_line' id='line_1_60' title="bbox 267 3249 1942 3319; baseline 0.002 -19"><span class='ocrx_word' id='word_1_473' title='bbox 267 3251 388 3316; x_wconf 68' lang='grc' dir='ltr'>φόν</span> <span class='ocrx_word' id='word_1_474' title='bbox 411 3264 566 3311; x_wconf 86' lang='grc' dir='ltr'>σου;</span> <span class='ocrx_word' id='word_1_475' title='bbox 597 3250 693 3301; x_wconf 81' lang='grc' dir='ltr'>καὶ</span> <span class='ocrx_word' id='word_1_476' title='bbox 726 3249 838 3312; x_wconf 85' lang='grc' dir='ltr'>σὺ,</span> <span class='ocrx_word' id='word_1_477' title='bbox 875 3251 932 3302; x_wconf 90' lang='grc' dir='ltr'>τί</span> <span class='ocrx_word' id='word_1_478' title='bbox 970 3250 1306 3316; x_wconf 79' lang='grc' dir='ltr'>ἐξουθενεῖς</span> <span class='ocrx_word' id='word_1_479' title='bbox 1347 3251 1452 3304; x_wconf 83' lang='grc' dir='ltr'>τὸν</span> <span class='ocrx_word' id='word_1_480' title='bbox 1483 3250 1748 3319; x_wconf 56' lang='grc' dir='ltr'>ἀδελφόν</span> <span class='ocrx_word' id='word_1_481' title='bbox 1784 3267 1942 3315; x_wconf 79' lang='grc' dir='ltr'>σου;</span> 
     </span>
    </p>
   </div>
   <div class='ocr_carea' id='block_1_61' title="bbox 272 3336 1942 3408">
    <p class='ocr_par' dir='ltr' id='par_1_61' title="bbox 272 3336 1942 3408">
     <span class='ocr_line' id='line_1_61' title="bbox 272 3336 1942 3408; baseline 0.001 -17"><span class='ocrx_word' id='word_1_482' title='bbox 272 3341 419 3404; x_wconf 88' lang='lat' dir='ltr'><strong><em>Kal,</em></strong></span> <span class='ocrx_word' id='word_1_483' title='bbox 451 3339 534 3393; x_wconf 90' lang='grc' dir='ltr'>Σὺ</span> <span class='ocrx_word' id='word_1_484' title='bbox 569 3341 660 3404; x_wconf 86' lang='grc' dir='ltr'>τίς</span> <span class='ocrx_word' id='word_1_485' title='bbox 698 3336 784 3404; x_wconf 82' lang='grc' dir='ltr'>εἷ,</span> <span class='ocrx_word' id='word_1_486' title='bbox 822 3343 854 3393; x_wconf 87' lang='grc' dir='ltr'>ό</span> <span class='ocrx_word' id='word_1_487' title='bbox 888 3340 1108 3406; x_wconf 86' lang='grc' dir='ltr'>κρίνων</span> <span class='ocrx_word' id='word_1_488' title='bbox 1158 3341 1479 3408; x_wconf 81' lang='grc' dir='ltr'>ἀλλότριον</span> <span class='ocrx_word' id='word_1_489' title='bbox 1520 3340 1798 3407; x_wconf 80' lang='grc' dir='ltr'>οἱκέτην;</span> <span class='ocrx_word' id='word_1_490' title='bbox 1836 3342 1942 3393; x_wconf 73' lang='grc' dir='ltr'>Καὶ</span> 
     </span>
    </p>
   </div>
   <div class='ocr_carea' id='block_1_62' title="bbox 269 3427 1940 3496">
    <p class='ocr_par' dir='ltr' id='par_1_62' title="bbox 269 3427 1940 3496">
     <span class='ocr_line' id='line_1_62' title="bbox 269 3427 1940 3496; baseline 0.003 -19"><span class='ocrx_word' id='word_1_491' title='bbox 269 3428 433 3482; x_wconf 88' lang='grc' dir='ltr'>πάλιν</span> <span class='ocrx_word' id='word_1_492' title='bbox 458 3443 472 3456; x_wconf 91' lang='grc'>·</span> <span class='ocrx_word' id='word_1_493' title='bbox 510 3429 688 3481; x_wconf 86' lang='grc' dir='ltr'>Ὥστε</span> <span class='ocrx_word' id='word_1_494' title='bbox 709 3427 794 3495; x_wconf 75' lang='grc' dir='ltr'>μὴ</span> <span class='ocrx_word' id='word_1_495' title='bbox 820 3429 932 3494; x_wconf 85' lang='grc' dir='ltr'>πρὸ</span> <span class='ocrx_word' id='word_1_496' title='bbox 962 3428 1170 3495; x_wconf 81' lang='grc' dir='ltr'>καιροῦ</span> <span class='ocrx_word' id='word_1_497' title='bbox 1202 3446 1254 3480; x_wconf 85' lang='grc' dir='ltr'>τι</span> <span class='ocrx_word' id='word_1_498' title='bbox 1286 3429 1538 3496; x_wconf 80' lang='grc' dir='ltr'>κρίνετε,</span> <span class='ocrx_word' id='word_1_499' title='bbox 1561 3429 1670 3494; x_wconf 78' lang='grc' dir='ltr'>ἕως</span> <span class='ocrx_word' id='word_1_500' title='bbox 1691 3429 1768 3482; x_wconf 82' lang='grc' dir='ltr'>ἂν</span> <span class='ocrx_word' id='word_1_501' title='bbox 1795 3429 1940 3496; x_wconf 75' lang='grc' dir='ltr'>ἔλθῃ</span> 
     </span>
    </p>
   </div>
   <div class='ocr_carea' id='block_1_63' title="bbox 270 3512 1942 3586">
    <p class='ocr_par' dir='ltr' id='par_1_63' title="bbox 270 3512 1942 3586">
     <span class='ocr_line' id='line_1_63' title="bbox 270 3512 1942 3586; baseline -0.002 -15"><span class='ocrx_word' id='word_1_502' title='bbox 270 3521 303 3572; x_wconf 85' lang='grc' dir='ltr'>ό</span> <span class='ocrx_word' id='word_1_503' title='bbox 336 3518 568 3584; x_wconf 85' lang='grc' dir='ltr'>Κύριος.</span> <span class='ocrx_word' id='word_1_504' title='bbox 603 3516 726 3578; x_wconf 89' lang='grc' dir='ltr'>Πῶς</span> <span class='ocrx_word' id='word_1_505' title='bbox 766 3512 858 3568; x_wconf 76' lang='grc' dir='ltr'>οὖν</span> <span class='ocrx_word' id='word_1_506' title='bbox 892 3517 1117 3586; x_wconf 84' lang='grc' dir='ltr'>ἑτέρωθί</span> <span class='ocrx_word' id='word_1_507' title='bbox 1171 3531 1365 3584; x_wconf 82' lang='grc' dir='ltr'>φησιν·</span> <span class='ocrx_word' id='word_1_508' title='bbox 1399 3515 1728 3585; x_wconf 80' lang='grc' dir='ltr'>Ἕλεγξον,</span> <span class='ocrx_word' id='word_1_509' title='bbox 1759 3517 1942 3568; x_wconf 78' lang='grc' dir='ltr'>ἐπιτί-</span> 
     </span>
    </p>
   </div>
   <div class='ocr_carea' id='block_1_64' title="bbox 268 3603 1942 3674">
    <p class='ocr_par' dir='ltr' id='par_1_64' title="bbox 268 3603 1942 3674">
     <span class='ocr_line' id='line_1_64' title="bbox 268 3603 1942 3674; baseline -0.001 -16"><span class='ocrx_word' id='word_1_510' title='bbox 268 3619 488 3673; x_wconf 79' lang='grc' dir='ltr'>μησον,</span> <span class='ocrx_word' id='word_1_511' title='bbox 532 3603 1004 3670; x_wconf 84' lang='grc' dir='ltr'>παρακάλεσον;</span> <span class='ocrx_word' id='word_1_512' title='bbox 1049 3605 1156 3658; x_wconf 80' lang='grc' dir='ltr'>Καὶ</span> <span class='ocrx_word' id='word_1_513' title='bbox 1195 3605 1260 3666; x_wconf 83' lang='grc'>³³,</span> <span class='ocrx_word' id='word_1_514' title='bbox 1309 3605 1453 3671; x_wconf 81' lang='grc' dir='ltr'>Τοὺς</span> <span class='ocrx_word' id='word_1_515' title='bbox 1494 3604 1942 3674; x_wconf 81' lang='grc' dir='ltr'>ἁμαρτάνοντας</span> 
     </span>
    </p>
   </div>
   <div class='ocr_carea' id='block_1_65' title="bbox 267 3693 1937 3764">
    <p class='ocr_par' dir='ltr' id='par_1_65' title="bbox 267 3693 1937 3764">
     <span class='ocr_line' id='line_1_65' title="bbox 267 3693 1937 3764; baseline -0.001 -18"><span class='ocrx_word' id='word_1_516' title='bbox 267 3693 524 3746; x_wconf 79' lang='grc' dir='ltr'>ἐνώπιον</span> <span class='ocrx_word' id='word_1_517' title='bbox 556 3693 798 3748; x_wconf 83' lang='grc' dir='ltr'>πάντων</span> <span class='ocrx_word' id='word_1_518' title='bbox 833 3695 1078 3762; x_wconf 76' lang='grc' dir='ltr'>ἕλεγχε;</span> <span class='ocrx_word' id='word_1_519' title='bbox 1106 3694 1198 3746; x_wconf 80' lang='grc' dir='ltr'>καὶ</span> <span class='ocrx_word' id='word_1_520' title='bbox 1222 3695 1249 3746; x_wconf 98' lang='lat'>6</span> <span class='ocrx_word' id='word_1_521' title='bbox 1273 3694 1508 3763; x_wconf 77' lang='grc' dir='ltr'>Χριστὸς</span> <span class='ocrx_word' id='word_1_522' title='bbox 1527 3695 1584 3746; x_wconf 83' lang='grc' dir='ltr'>δὲ</span> <span class='ocrx_word' id='word_1_523' title='bbox 1610 3693 1690 3764; x_wconf 86' lang='grc' dir='ltr'>τῷ</span> <span class='ocrx_word' id='word_1_524' title='bbox 1713 3694 1904 3763; x_wconf 85' lang='grc' dir='ltr'>Πέτρῳ</span> <span class='ocrx_word' id='word_1_525' title='bbox 1923 3709 1937 3723; x_wconf 95' lang='grc'>·</span> 
     </span>
    </p>
   </div>
   <div class='ocr_carea' id='block_1_66' title="bbox 272 3781 1936 3850">
    <p class='ocr_par' dir='ltr' id='par_1_66' title="bbox 272 3781 1936 3850">
     <span class='ocr_line' id='line_1_66' title="bbox 272 3781 1936 3850; baseline 0 -16"><span class='ocrx_word' id='word_1_526' title='bbox 272 3784 510 3850; x_wconf 67' lang='grc' dir='ltr'>Ὕπαγε,</span> <span class='ocrx_word' id='word_1_527' title='bbox 530 3781 782 3850; x_wconf 76' lang='grc' dir='ltr'>ἔλεγξον</span> <span class='ocrx_word' id='word_1_528' title='bbox 801 3781 988 3836; x_wconf 82' lang='grc' dir='ltr'>αὑτὸν</span> <span class='ocrx_word' id='word_1_529' title='bbox 1005 3783 1232 3849; x_wconf 78' lang='grc' dir='ltr'>μεταξύ</span> <span class='ocrx_word' id='word_1_530' title='bbox 1257 3798 1374 3836; x_wconf 89' lang='grc' dir='ltr'>σου</span> <span class='ocrx_word' id='word_1_531' title='bbox 1395 3781 1495 3835; x_wconf 79' lang='grc' dir='ltr'>καὶ</span> <span class='ocrx_word' id='word_1_532' title='bbox 1513 3782 1700 3836; x_wconf 84' lang='grc' dir='ltr'>αὑτοῦ</span> <span class='ocrx_word' id='word_1_533' title='bbox 1721 3783 1936 3848; x_wconf 82' lang='grc' dir='ltr'>μόνου·</span> 
     </span>
    </p>
   </div>
   <div class='ocr_carea' id='block_1_67' title="bbox 268 3867 1940 3937">
    <p class='ocr_par' dir='ltr' id='par_1_67' title="bbox 268 3867 1940 3937">
     <span class='ocr_line' id='line_1_67' title="bbox 268 3867 1940 3937; baseline 0 -17"><span class='ocrx_word' id='word_1_534' title='bbox 268 3867 386 3922; x_wconf 81' lang='grc' dir='ltr'>κᾶν</span> <span class='ocrx_word' id='word_1_535' title='bbox 426 3870 781 3936; x_wconf 76' lang='grc' dir='ltr'>παρακούσῃ</span> <span class='ocrx_word' id='word_1_536' title='bbox 802 3911 816 3932; x_wconf 91' lang='grc'>,</span> <span class='ocrx_word' id='word_1_537' title='bbox 859 3867 958 3922; x_wconf 84' lang='grc' dir='ltr'>καὶ</span> <span class='ocrx_word' id='word_1_538' title='bbox 987 3868 1192 3935; x_wconf 81' lang='grc' dir='ltr'>ἕτερον</span> <span class='ocrx_word' id='word_1_539' title='bbox 1220 3869 1423 3932; x_wconf 84' lang='grc' dir='ltr'>σαυτῷ</span> <span class='ocrx_word' id='word_1_540' title='bbox 1452 3870 1741 3937; x_wconf 83' lang='grc' dir='ltr'>πρόσθες·</span> <span class='ocrx_word' id='word_1_541' title='bbox 1771 3867 1848 3920; x_wconf 85' lang='grc' dir='ltr'>ἂν</span> <span class='ocrx_word' id='word_1_542' title='bbox 1872 3867 1940 3920; x_wconf 82' lang='grc' dir='ltr'>δὲ</span> 
     </span>
    </p>
   </div>
   <div class='ocr_carea' id='block_1_68' title="bbox 264 3955 1935 4026">
    <p class='ocr_par' dir='ltr' id='par_1_68' title="bbox 264 3955 1935 4026">
     <span class='ocr_line' id='line_1_68' title="bbox 264 3955 1935 4026; baseline -0.001 -18"><span class='ocrx_word' id='word_1_543' title='bbox 264 3956 420 4023; x_wconf 80' lang='grc' dir='ltr'>μηδὲ</span> <span class='ocrx_word' id='word_1_544' title='bbox 452 3957 637 4021; x_wconf 81' lang='grc' dir='ltr'>οὕτως</span> <span class='ocrx_word' id='word_1_545' title='bbox 661 3955 845 4020; x_wconf 83' lang='grc' dir='ltr'>ἐνδῷ,</span> <span class='ocrx_word' id='word_1_546' title='bbox 881 3955 984 4011; x_wconf 77' lang='grc' dir='ltr'>καὶ</span> <span class='ocrx_word' id='word_1_547' title='bbox 1017 3955 1092 4024; x_wconf 76' lang='grc' dir='ltr'>τῇ</span> <span class='ocrx_word' id='word_1_548' title='bbox 1120 3957 1418 4022; x_wconf 73' lang='grc' dir='ltr'>ἐκκλησίᾳ</span> <span class='ocrx_word' id='word_1_549' title='bbox 1452 3955 1935 4026; x_wconf 64' lang='grc' dir='ltr'>κατάγγειλονπ·</span> 
     </span>
    </p>
   </div>
   <div class='ocr_carea' id='block_1_69' title="bbox 268 4043 1938 4114">
    <p class='ocr_par' dir='ltr' id='par_1_69' title="bbox 268 4043 1938 4114">
     <span class='ocr_line' id='line_1_69' title="bbox 268 4043 1938 4114; baseline -0.002 -17"><span class='ocrx_word' id='word_1_550' title='bbox 268 4046 363 4097; x_wconf 78' lang='grc' dir='ltr'>καὶ</span> <span class='ocrx_word' id='word_1_551' title='bbox 395 4043 682 4106; x_wconf 85' lang='grc' dir='ltr'>τοσούτους</span> <span class='ocrx_word' id='word_1_552' title='bbox 710 4043 984 4114; x_wconf 87' lang='grc' dir='ltr'>ἐπέστησε</span> <span class='ocrx_word' id='word_1_553' title='bbox 1014 4046 1139 4107; x_wconf 76' lang='grc' dir='ltr'>τοὺς</span> <span class='ocrx_word' id='word_1_554' title='bbox 1168 4043 1539 4113; x_wconf 87' lang='grc' dir='ltr'>ἐπιτιμῶντας</span> <span class='ocrx_word' id='word_1_555' title='bbox 1563 4083 1578 4106; x_wconf 85' lang='grc'>,</span> <span class='ocrx_word' id='word_1_556' title='bbox 1611 4044 1702 4095; x_wconf 82' lang='grc' dir='ltr'>καὶ</span> <span class='ocrx_word' id='word_1_557' title='bbox 1730 4043 1790 4096; x_wconf 77' lang='grc' dir='ltr'>οὐ</span> <span class='ocrx_word' id='word_1_558' title='bbox 1841 4043 1938 4112; x_wconf 88' lang='grc' dir='ltr'>μό-</span> 
     </span>
    </p>
   </div>
   <div class='ocr_carea' id='block_1_70' title="bbox 269 4130 1935 4200">
    <p class='ocr_par' dir='ltr' id='par_1_70' title="bbox 269 4130 1935 4200">
     <span class='ocr_line' id='line_1_70' title="bbox 269 4130 1935 4200; baseline 0 -19"><span class='ocrx_word' id='word_1_559' title='bbox 269 4149 357 4184; x_wconf 90' lang='grc' dir='ltr'>νον</span> <span class='ocrx_word' id='word_1_560' title='bbox 383 4131 508 4193; x_wconf 79' lang='grc' dir='ltr'>τοὺς</span> <span class='ocrx_word' id='word_1_561' title='bbox 547 4130 916 4200; x_wconf 79' lang='grc' dir='ltr'>ἐπιτιμῶντας</span> <span class='ocrx_word' id='word_1_562' title='bbox 938 4169 953 4191; x_wconf 91' lang='grc'>,</span> <span class='ocrx_word' id='word_1_563' title='bbox 985 4130 1121 4183; x_wconf 82' lang='grc' dir='ltr'>ἀλλά</span> <span class='ocrx_word' id='word_1_564' title='bbox 1166 4131 1260 4182; x_wconf 73' lang='grc' dir='ltr'>καὶ</span> <span class='ocrx_word' id='word_1_565' title='bbox 1297 4130 1621 4194; x_wconf 74' lang='grc' dir='ltr'>κολάζοντας</span> <span class='ocrx_word' id='word_1_566' title='bbox 1647 4147 1661 4195; x_wconf 90' lang='grc'>;</span> <span class='ocrx_word' id='word_1_567' title='bbox 1691 4131 1795 4182; x_wconf 83' lang='grc' dir='ltr'>Τὸν</span> <span class='ocrx_word' id='word_1_568' title='bbox 1828 4130 1935 4200; x_wconf 78' lang='grc' dir='ltr'>γὰρ</span> 
     </span>
    </p>
   </div>
   <div class='ocr_carea' id='block_1_71' title="bbox 265 4215 1935 4281">
    <p class='ocr_par' dir='ltr' id='par_1_71' title="bbox 265 4215 1935 4281">
     <span class='ocr_line' id='line_1_71' title="bbox 265 4215 1935 4281; baseline -0.001 -12"><span class='ocrx_word' id='word_1_569' title='bbox 265 4217 479 4279; x_wconf 72' lang='grc' dir='ltr'>οὐδενὸς</span> <span class='ocrx_word' id='word_1_570' title='bbox 503 4217 707 4269; x_wconf 87' lang='grc' dir='ltr'>τούτων</span> <span class='ocrx_word' id='word_1_571' title='bbox 746 4216 1058 4271; x_wconf 82' lang='grc' dir='ltr'>ἀκούσαντα</span> <span class='ocrx_word' id='word_1_572' title='bbox 1097 4217 1162 4281; x_wconf 66' lang='grc'>⁵⁸,</span> <span class='ocrx_word' id='word_1_573' title='bbox 1199 4215 1479 4269; x_wconf 85' lang='grc' dir='ltr'>ἐκέλευσεν</span> <span class='ocrx_word' id='word_1_574' title='bbox 1523 4217 1598 4279; x_wconf 80' lang='grc' dir='ltr'>ὼς</span> <span class='ocrx_word' id='word_1_575' title='bbox 1648 4215 1856 4268; x_wconf 81' lang='grc' dir='ltr'>ἐθνικδν</span> <span class='ocrx_word' id='word_1_576' title='bbox 1889 4217 1935 4248; x_wconf 77' lang='grc'>⁸³</span> 
     </span>
    </p>
   </div>
   <div class='ocr_carea' id='block_1_72' title="bbox 266 4301 1933 4376">
    <p class='ocr_par' dir='ltr' id='par_1_72' title="bbox 266 4301 1933 4376">
     <span class='ocr_line' id='line_1_72' title="bbox 266 4301 1933 4376; baseline 0 -20"><span class='ocrx_word' id='word_1_577' title='bbox 266 4301 407 4358; x_wconf 80' lang='grc' dir='ltr'>εἶναι</span> <span class='ocrx_word' id='word_1_578' title='bbox 439 4306 531 4358; x_wconf 72' lang='grc' dir='ltr'>καὶ</span> <span class='ocrx_word' id='word_1_579' title='bbox 553 4304 810 4376; x_wconf 86' lang='grc' dir='ltr'>τελώνην.</span> <span class='ocrx_word' id='word_1_580' title='bbox 842 4305 965 4368; x_wconf 87' lang='grc' dir='ltr'>Πῶς</span> <span class='ocrx_word' id='word_1_581' title='bbox 995 4304 1051 4356; x_wconf 79' lang='grc' dir='ltr'>δὲ</span> <span class='ocrx_word' id='word_1_582' title='bbox 1079 4304 1259 4367; x_wconf 87' lang='grc' dir='ltr'>αὐτοῖς</span> <span class='ocrx_word' id='word_1_583' title='bbox 1285 4303 1496 4366; x_wconf 80' lang='grc' dir='ltr'>καὶτὰς</span> <span class='ocrx_word' id='word_1_584' title='bbox 1529 4303 1674 4366; x_wconf 89' lang='grc' dir='ltr'>κλεῖς</span> <span class='ocrx_word' id='word_1_585' title='bbox 1703 4302 1933 4368; x_wconf 80' lang='grc' dir='ltr'>ἕδωκεν;</span> 
     </span>
    </p>
   </div>
   <div class='ocr_carea' id='block_1_73' title="bbox 268 4389 1934 4463">
    <p class='ocr_par' dir='ltr' id='par_1_73' title="bbox 268 4389 1934 4463">
     <span class='ocr_line' id='line_1_73' title="bbox 268 4389 1934 4463; baseline 0 -20"><span class='ocrx_word' id='word_1_586' title='bbox 268 4393 330 4444; x_wconf 79' lang='grc' dir='ltr'><strong>Εἰ</strong></span> <span class='ocrx_word' id='word_1_587' title='bbox 375 4391 482 4460; x_wconf 83' lang='grc' dir='ltr'>γὰρ</span> <span class='ocrx_word' id='word_1_588' title='bbox 523 4391 596 4462; x_wconf 82' lang='grc' dir='ltr'>μὴ</span> <span class='ocrx_word' id='word_1_589' title='bbox 625 4392 873 4461; x_wconf 89' lang='grc' dir='ltr'>μέλλουσι</span> <span class='ocrx_word' id='word_1_590' title='bbox 909 4393 1113 4463; x_wconf 90' lang='grc' dir='ltr'>κρίνειν</span> <span class='ocrx_word' id='word_1_591' title='bbox 1139 4431 1153 4454; x_wconf 88' lang='grc'>,</span> <span class='ocrx_word' id='word_1_592' title='bbox 1187 4391 1442 4444; x_wconf 81' lang='grc' dir='ltr'>ἁπάντων</span> <span class='ocrx_word' id='word_1_593' title='bbox 1479 4389 1689 4443; x_wconf 77' lang='grc' dir='ltr'>ἔσονται</span> <span class='ocrx_word' id='word_1_594' title='bbox 1721 4391 1934 4460; x_wconf 77' lang='grc' dir='ltr'>ἄκυροι,</span> 
     </span>
    </p>
   </div>
   <div class='ocr_carea' id='block_1_74' title="bbox 263 4478 1936 4549">
    <p class='ocr_par' dir='ltr' id='par_1_74' title="bbox 263 4478 1936 4549">
     <span class='ocr_line' id='line_1_74' title="bbox 263 4478 1936 4549; baseline -0.001 -18"><span class='ocrx_word' id='word_1_595' title='bbox 263 4481 362 4532; x_wconf 64' lang='grc' dir='ltr'>καὶ⁹</span> <span class='ocrx_word' id='word_1_596' title='bbox 397 4481 571 4549; x_wconf 85' lang='grc' dir='ltr'>μάτην</span> <span class='ocrx_word' id='word_1_597' title='bbox 596 4480 689 4531; x_wconf 87' lang='grc' dir='ltr'>τοῦ</span> <span class='ocrx_word' id='word_1_598' title='bbox 716 4480 998 4549; x_wconf 83' lang='grc' dir='ltr'>δεσμεύειν</span> <span class='ocrx_word' id='word_1_599' title='bbox 1022 4481 1068 4510; x_wconf 64' lang='grc'>⁵⁸</span> <span class='ocrx_word' id='word_1_600' title='bbox 1103 4480 1196 4534; x_wconf 76' lang='grc' dir='ltr'>καὶ</span> <span class='ocrx_word' id='word_1_601' title='bbox 1219 4479 1313 4532; x_wconf 88' lang='grc' dir='ltr'>τοῦ</span> <span class='ocrx_word' id='word_1_602' title='bbox 1348 4479 1493 4532; x_wconf 90' lang='grc' dir='ltr'>λύειν</span> <span class='ocrx_word' id='word_1_603' title='bbox 1520 4478 1766 4544; x_wconf 77' lang='grc' dir='ltr'>ἐξουσίαν</span> <span class='ocrx_word' id='word_1_604' title='bbox 1790 4479 1936 4548; x_wconf 78' lang='grc' dir='ltr'>εἰλή-</span> 
     </span>
    </p>
   </div>
   <div class='ocr_carea' id='block_1_75' title="bbox 264 4566 1938 4639">
    <p class='ocr_par' dir='ltr' id='par_1_75' title="bbox 264 4566 1938 4639">
     <span class='ocr_line' id='line_1_75' title="bbox 264 4566 1938 4639; baseline -0.012 -3"><span class='ocrx_word' id='word_1_605' title='bbox 264 4584 418 4636; x_wconf 78' lang='grc' dir='ltr'>φασι·</span> <span class='ocrx_word' id='word_1_606' title='bbox 445 4567 555 4619; x_wconf 63' lang='grc' dir='ltr'>Καὶ</span> <span class='ocrx_word' id='word_1_607' title='bbox 583 4567 756 4630; x_wconf 77' lang='grc' dir='ltr'>ἄλλως</span> <span class='ocrx_word' id='word_1_608' title='bbox 786 4568 861 4630; x_wconf 71' lang='grc' dir='ltr'>δὲ,</span> <span class='ocrx_word' id='word_1_609' title='bbox 891 4568 938 4619; x_wconf 73' lang='grc' dir='ltr'>εἰ</span> <span class='ocrx_word' id='word_1_610' title='bbox 964 4567 1121 4621; x_wconf 69' lang='grc' dir='ltr'>τῦῢτο</span> <span class='ocrx_word' id='word_1_611' title='bbox 1149 4570 1494 4639; x_wconf 82' lang='grc' dir='ltr'>κρατήσειεν,</span> <span class='ocrx_word' id='word_1_612' title='bbox 1531 4566 1750 4621; x_wconf 76' lang='grc' dir='ltr'>ἅπαντα</span> <span class='ocrx_word' id='word_1_613' title='bbox 1788 4569 1938 4636; x_wconf 82' lang='grc' dir='ltr'>οἰχή-</span> 
     </span>
    </p>
   </div>
   <div class='ocr_carea' id='block_1_76' title="bbox 265 4653 1933 4724">
    <p class='ocr_par' dir='ltr' id='par_1_76' title="bbox 265 4653 1933 4724">
     <span class='ocr_line' id='line_1_76' title="bbox 265 4653 1933 4724; baseline -0.001 -18"><span class='ocrx_word' id='word_1_614' title='bbox 265 4671 442 4715; x_wconf 75' lang='grc' dir='ltr'>σεται,</span> <span class='ocrx_word' id='word_1_615' title='bbox 468 4655 560 4706; x_wconf 80' lang='grc' dir='ltr'>καὶ</span> <span class='ocrx_word' id='word_1_616' title='bbox 582 4653 648 4706; x_wconf 75' lang='grc' dir='ltr'>τὰ</span> <span class='ocrx_word' id='word_1_617' title='bbox 677 4657 736 4706; x_wconf 86' lang='grc' dir='ltr'>ἐν</span> <span class='ocrx_word' id='word_1_618' title='bbox 759 4656 876 4715; x_wconf 87' lang='grc' dir='ltr'>ταῖς</span> <span class='ocrx_word' id='word_1_619' title='bbox 901 4654 1218 4724; x_wconf 83' lang='grc' dir='ltr'>ἐκκλησίαις</span> <span class='ocrx_word' id='word_1_620' title='bbox 1237 4696 1252 4718; x_wconf 89' lang='grc'>,</span> <span class='ocrx_word' id='word_1_621' title='bbox 1283 4657 1376 4708; x_wconf 76' lang='grc' dir='ltr'>καὶ</span> <span class='ocrx_word' id='word_1_622' title='bbox 1395 4654 1462 4707; x_wconf 82' lang='grc' dir='ltr'>τὰ</span> <span class='ocrx_word' id='word_1_623' title='bbox 1487 4655 1544 4708; x_wconf 83' lang='grc' dir='ltr'>ἐν</span> <span class='ocrx_word' id='word_1_624' title='bbox 1571 4656 1692 4716; x_wconf 89' lang='grc' dir='ltr'>ταῖς</span> <span class='ocrx_word' id='word_1_625' title='bbox 1721 4653 1933 4716; x_wconf 83' lang='grc' dir='ltr'>πόλεσι,</span> 
     </span>
    </p>
   </div>
   <div class='ocr_carea' id='block_1_77' title="bbox 262 4740 1936 4813">
    <p class='ocr_par' dir='ltr' id='par_1_77' title="bbox 262 4740 1936 4813">
     <span class='ocr_line' id='line_1_77' title="bbox 262 4740 1936 4813; baseline 0 -19"><span class='ocrx_word' id='word_1_626' title='bbox 262 4743 362 4795; x_wconf 70' lang='grc' dir='ltr'>καὶ</span> <span class='ocrx_word' id='word_1_627' title='bbox 383 4741 453 4794; x_wconf 85' lang='grc' dir='ltr'>τὰ</span> <span class='ocrx_word' id='word_1_628' title='bbox 479 4744 539 4794; x_wconf 87' lang='grc' dir='ltr'>ἐν</span> <span class='ocrx_word' id='word_1_629' title='bbox 566 4743 689 4803; x_wconf 89' lang='grc' dir='ltr'>ταῖς</span> <span class='ocrx_word' id='word_1_630' title='bbox 715 4740 930 4803; x_wconf 72' lang='grc' dir='ltr'>οἰκίαις.</span> <span class='ocrx_word' id='word_1_631' title='bbox 959 4744 1069 4796; x_wconf 82' lang='grc' dir='ltr'>Καὶ</span> <span class='ocrx_word' id='word_1_632' title='bbox 1098 4743 1207 4813; x_wconf 85' lang='grc' dir='ltr'>γὰρ</span> <span class='ocrx_word' id='word_1_633' title='bbox 1229 4745 1258 4796; x_wconf 88' lang='lat'>6</span> <span class='ocrx_word' id='word_1_634' title='bbox 1285 4743 1551 4812; x_wconf 82' lang='grc' dir='ltr'>δεσπότης</span> <span class='ocrx_word' id='word_1_635' title='bbox 1579 4743 1672 4796; x_wconf 80' lang='grc' dir='ltr'>τὸν</span> <span class='ocrx_word' id='word_1_636' title='bbox 1695 4743 1936 4812; x_wconf 74' lang='grc' dir='ltr'>οἰκέτην,</span> 
     </span>
    </p>
   </div>
   <div class='ocr_carea' id='block_1_78' title="bbox 265 4827 1930 4902">
    <p class='ocr_par' dir='ltr' id='par_1_78' title="bbox 265 4827 1930 4902">
     <span class='ocr_line' id='line_1_78' title="bbox 265 4827 1930 4902; baseline 0.001 -20"><span class='ocrx_word' id='word_1_637' title='bbox 265 4831 360 4882; x_wconf 74' lang='grc' dir='ltr'>καὶ</span> <span class='ocrx_word' id='word_1_638' title='bbox 385 4831 420 4898; x_wconf 82' lang='grc' dir='ltr'>ή</span> <span class='ocrx_word' id='word_1_639' title='bbox 456 4828 709 4880; x_wconf 87' lang='grc' dir='ltr'>δέσποινα</span> <span class='ocrx_word' id='word_1_640' title='bbox 742 4827 836 4897; x_wconf 90' lang='grc' dir='ltr'>τὴν</span> <span class='ocrx_word' id='word_1_641' title='bbox 864 4827 1236 4900; x_wconf 85' lang='grc' dir='ltr'>θεραπαινίδα,</span> <span class='ocrx_word' id='word_1_642' title='bbox 1279 4831 1372 4884; x_wconf 80' lang='grc' dir='ltr'>καὶ</span> <span class='ocrx_word' id='word_1_643' title='bbox 1398 4832 1426 4883; x_wconf 91' lang='lat'>6</span> <span class='ocrx_word' id='word_1_644' title='bbox 1459 4831 1645 4902; x_wconf 82' lang='grc' dir='ltr'>πατὴρ</span> <span class='ocrx_word' id='word_1_645' title='bbox 1675 4831 1766 4884; x_wconf 85' lang='grc' dir='ltr'>τὸν</span> <span class='ocrx_word' id='word_1_646' title='bbox 1797 4832 1930 4895; x_wconf 79' lang='grc' dir='ltr'>υἱὸν,</span> 
     </span>
    </p>
   </div>
   <div class='ocr_carea' id='block_1_79' title="bbox 262 4914 1935 4989">
    <p class='ocr_par' dir='ltr' id='par_1_79' title="bbox 262 4914 1935 4989">
     <span class='ocr_line' id='line_1_79' title="bbox 262 4914 1935 4989; baseline 0.002 -21"><span class='ocrx_word' id='word_1_647' title='bbox 262 4917 358 4970; x_wconf 70' lang='grc' dir='ltr'>καὶ</span> <span class='ocrx_word' id='word_1_648' title='bbox 386 4919 414 4968; x_wconf 87' lang='grc' dir='ltr'>ὁ</span> <span class='ocrx_word' id='word_1_649' title='bbox 444 4914 595 4982; x_wconf 89' lang='grc' dir='ltr'>φίλος</span> <span class='ocrx_word' id='word_1_650' title='bbox 625 4914 714 4966; x_wconf 81' lang='grc' dir='ltr'>τὸν</span> <span class='ocrx_word' id='word_1_651' title='bbox 741 4915 890 4982; x_wconf 88' lang='grc' dir='ltr'>φίλον</span> <span class='ocrx_word' id='word_1_652' title='bbox 919 4917 1012 4969; x_wconf 74' lang='grc' dir='ltr'>ἐὰν</span> <span class='ocrx_word' id='word_1_653' title='bbox 1039 4918 1112 4988; x_wconf 88' lang='grc' dir='ltr'>μὴ</span> <span class='ocrx_word' id='word_1_654' title='bbox 1143 4918 1420 4988; x_wconf 82' lang='grc' dir='ltr'>κρίνωσιν,</span> <span class='ocrx_word' id='word_1_655' title='bbox 1457 4918 1709 4972; x_wconf 83' lang='grc' dir='ltr'>ἐπιδώσει</span> <span class='ocrx_word' id='word_1_656' title='bbox 1737 4919 1805 4972; x_wconf 85' lang='grc' dir='ltr'>τὰ</span> <span class='ocrx_word' id='word_1_657' title='bbox 1835 4919 1935 4989; x_wconf 82' lang='grc' dir='ltr'>τῆς</span> 
     </span>
    </p>
   </div>
   <div class='ocr_carea' id='block_1_80' title="bbox 262 5002 1934 5077">
    <p class='ocr_par' dir='ltr' id='par_1_80' title="bbox 262 5002 1934 5077">
     <span class='ocr_line' id='line_1_80' title="bbox 262 5002 1934 5077; baseline 0.001 -19"><span class='ocrx_word' id='word_1_658' title='bbox 262 5005 484 5067; x_wconf 85' lang='grc' dir='ltr'>κακίας.</span> <span class='ocrx_word' id='word_1_659' title='bbox 513 5003 619 5056; x_wconf 86' lang='lat' dir='ltr'>Kal</span> <span class='ocrx_word' id='word_1_660' title='bbox 653 5002 705 5054; x_wconf 88' lang='grc' dir='ltr'>τί</span> <span class='ocrx_word' id='word_1_661' title='bbox 735 5003 876 5070; x_wconf 85' lang='grc' dir='ltr'>λέγω</span> <span class='ocrx_word' id='word_1_662' title='bbox 900 5043 913 5064; x_wconf 92' lang='grc'>,</span> <span class='ocrx_word' id='word_1_663' title='bbox 952 5005 981 5056; x_wconf 90' lang='lat'>6</span> <span class='ocrx_word' id='word_1_664' title='bbox 1013 5005 1162 5073; x_wconf 89' lang='grc' dir='ltr'>φίλος</span> <span class='ocrx_word' id='word_1_665' title='bbox 1193 5005 1281 5058; x_wconf 83' lang='grc' dir='ltr'>τὸν</span> <span class='ocrx_word' id='word_1_666' title='bbox 1322 5007 1507 5074; x_wconf 85' lang='grc' dir='ltr'>φίλον;</span> <span class='ocrx_word' id='word_1_667' title='bbox 1539 5007 1676 5070; x_wconf 84' lang='grc' dir='ltr'>Τοὺς</span> <span class='ocrx_word' id='word_1_668' title='bbox 1705 5007 1934 5077; x_wconf 80' lang='grc' dir='ltr'>ἐχθροὺς</span> 
     </span>
    </p>
   </div>
   <div class='ocr_carea' id='block_1_81' title="bbox 261 5090 1934 5166">
    <p class='ocr_par' dir='ltr' id='par_1_81' title="bbox 261 5090 1934 5166">
     <span class='ocr_line' id='line_1_81' title="bbox 261 5090 1934 5166; baseline 0.003 -23"><span class='ocrx_word' id='word_1_669' title='bbox 261 5093 360 5144; x_wconf 78' lang='grc' dir='ltr'>ἐὰν</span> <span class='ocrx_word' id='word_1_670' title='bbox 395 5093 468 5162; x_wconf 80' lang='grc' dir='ltr'>μὴ</span> <span class='ocrx_word' id='word_1_671' title='bbox 511 5091 804 5161; x_wconf 87' lang='grc' dir='ltr'>κρίνωμεν.</span> <span class='ocrx_word' id='word_1_672' title='bbox 844 5090 1096 5144; x_wconf 78' lang='grc' dir='ltr'>οὐδέποτε</span> <span class='ocrx_word' id='word_1_673' title='bbox 1133 5093 1429 5148; x_wconf 88' lang='grc' dir='ltr'>καταλῦσαι</span> <span class='ocrx_word' id='word_1_674' title='bbox 1463 5095 1804 5166; x_wconf 86' lang='grc' dir='ltr'>δυνησόμεθα</span> <span class='ocrx_word' id='word_1_675' title='bbox 1833 5096 1934 5166; x_wconf 78' lang='grc' dir='ltr'>τὴν</span> 
     </span>
    </p>
   </div>
   <div class='ocr_carea' id='block_1_82' title="bbox 261 5175 1937 5252">
    <p class='ocr_par' dir='ltr' id='par_1_82' title="bbox 261 5175 1937 5252">
     <span class='ocr_line' id='line_1_82' title="bbox 261 5175 1937 5252; baseline 0.004 -24"><span class='ocrx_word' id='word_1_676' title='bbox 261 5176 462 5247; x_wconf 80' lang='grc' dir='ltr'>ἔχθραν</span> <span class='ocrx_word' id='word_1_677' title='bbox 483 5217 497 5238; x_wconf 85' lang='grc'>,</span> <span class='ocrx_word' id='word_1_678' title='bbox 547 5177 660 5229; x_wconf 86' lang='grc' dir='ltr'>ἀλλ’</span> <span class='ocrx_word' id='word_1_679' title='bbox 687 5176 799 5229; x_wconf 78' lang='grc' dir='ltr'>ἀνω</span> <span class='ocrx_word' id='word_1_680' title='bbox 834 5177 927 5229; x_wconf 77' lang='grc' dir='ltr'>καὶ</span> <span class='ocrx_word' id='word_1_681' title='bbox 957 5175 1107 5229; x_wconf 87' lang='grc' dir='ltr'>κάτω</span> <span class='ocrx_word' id='word_1_682' title='bbox 1136 5177 1310 5231; x_wconf 89' lang='grc' dir='ltr'>πάντα</span> <span class='ocrx_word' id='word_1_683' title='bbox 1350 5181 1658 5252; x_wconf 90' lang='grc' dir='ltr'>γενήσεται.</span> <span class='ocrx_word' id='word_1_684' title='bbox 1699 5181 1765 5233; x_wconf 91' lang='grc' dir='ltr'>Τί</span> <span class='ocrx_word' id='word_1_685' title='bbox 1815 5181 1937 5234; x_wconf 84' lang='grc' dir='ltr'>ποτ’</span> 
     </span>
    </p>
   </div>
   <div class='ocr_carea' id='block_1_83' title="bbox 259 5261 1929 5339">
    <p class='ocr_par' dir='ltr' id='par_1_83' title="bbox 259 5261 1929 5339">
     <span class='ocr_line' id='line_1_83' title="bbox 259 5261 1929 5339; baseline 0.004 -23"><span class='ocrx_word' id='word_1_686' title='bbox 259 5261 356 5316; x_wconf 85' lang='grc' dir='ltr'>οῦν</span> <span class='ocrx_word' id='word_1_687' title='bbox 389 5265 503 5316; x_wconf 90' lang='grc' dir='ltr'>ἐστι</span> <span class='ocrx_word' id='word_1_688' title='bbox 550 5265 611 5316; x_wconf 84' lang='grc' dir='ltr'>τὸ</span> <span class='ocrx_word' id='word_1_689' title='bbox 654 5263 982 5334; x_wconf 76' lang='grc' dir='ltr'>εἰρημένονς</span> <span class='ocrx_word' id='word_1_690' title='bbox 1022 5263 1387 5335; x_wconf 87' lang='grc' dir='ltr'>Προσέχωμεν</span> <span class='ocrx_word' id='word_1_691' title='bbox 1435 5267 1573 5338; x_wconf 87' lang='grc' dir='ltr'>μετά</span> <span class='ocrx_word' id='word_1_692' title='bbox 1624 5269 1929 5339; x_wconf 78' lang='grc' dir='ltr'>ἀκριϐείας,</span> 
     </span>
    </p>
   </div>
   <div class='ocr_carea' id='block_1_84' title="bbox 263 5351 1932 5428">
    <p class='ocr_par' dir='ltr' id='par_1_84' title="bbox 263 5351 1932 5428">
     <span class='ocr_line' id='line_1_84' title="bbox 263 5351 1932 5428; baseline 0.005 -26"><span class='ocrx_word' id='word_1_693' title='bbox 263 5352 354 5402; x_wconf 83' lang='grc' dir='ltr'>ἵνα</span> <span class='ocrx_word' id='word_1_694' title='bbox 396 5351 471 5421; x_wconf 82' lang='grc' dir='ltr'>μὴ</span> <span class='ocrx_word' id='word_1_695' title='bbox 493 5351 560 5404; x_wconf 80' lang='grc' dir='ltr'>τὰ</span> <span class='ocrx_word' id='word_1_696' title='bbox 587 5351 852 5422; x_wconf 82' lang='grc' dir='ltr'>φάρμακα</span> <span class='ocrx_word' id='word_1_697' title='bbox 884 5351 984 5420; x_wconf 82' lang='grc' dir='ltr'>τῆς</span> <span class='ocrx_word' id='word_1_698' title='bbox 1017 5353 1291 5422; x_wconf 88' lang='grc' dir='ltr'>σωτηρίας</span> <span class='ocrx_word' id='word_1_699' title='bbox 1317 5355 1409 5406; x_wconf 77' lang='grc' dir='ltr'>καὶ</span> <span class='ocrx_word' id='word_1_700' title='bbox 1435 5356 1562 5418; x_wconf 79' lang='grc' dir='ltr'>τοὺς</span> <span class='ocrx_word' id='word_1_701' title='bbox 1590 5359 1688 5426; x_wconf 82' lang='grc' dir='ltr'>τῆς</span> <span class='ocrx_word' id='word_1_702' title='bbox 1710 5357 1932 5428; x_wconf 76' lang='grc' dir='ltr'>εἰρήνης</span> 
     </span>
    </p>
   </div>
   <div class='ocr_carea' id='block_1_85' title="bbox 261 5435 1931 5513">
    <p class='ocr_par' dir='ltr' id='par_1_85' title="bbox 261 5435 1931 5513">
     <span class='ocr_line' id='line_1_85' title="bbox 261 5435 1931 5513; baseline 0.003 -23"><span class='ocrx_word' id='word_1_703' title='bbox 261 5439 465 5508; x_wconf 84' lang='grc' dir='ltr'>νόμους</span> <span class='ocrx_word' id='word_1_704' title='bbox 492 5438 684 5510; x_wconf 81' lang='grc' dir='ltr'>νομίζῃ</span> <span class='ocrx_word' id='word_1_705' title='bbox 717 5457 800 5503; x_wconf 89' lang='grc' dir='ltr'>τις</span> <span class='ocrx_word' id='word_1_706' title='bbox 846 5439 1156 5510; x_wconf 83' lang='grc' dir='ltr'>ἀνατροπῆς</span> <span class='ocrx_word' id='word_1_707' title='bbox 1185 5435 1324 5493; x_wconf 78' lang='grc' dir='ltr'>εἶναι</span> <span class='ocrx_word' id='word_1_708' title='bbox 1375 5441 1468 5494; x_wconf 80' lang='grc' dir='ltr'>καὶ</span> <span class='ocrx_word' id='word_1_709' title='bbox 1498 5443 1808 5513; x_wconf 83' lang='grc' dir='ltr'>συγχύσεως</span> <span class='ocrx_word' id='word_1_710' title='bbox 1845 5444 1931 5496; x_wconf 79' lang='lat' dir='ltr'>v6—</span> 
     </span>
    </p>
   </div>
   <div class='ocr_carea' id='block_1_86' title="bbox 2046 2896 3720 2973">
    <p class='ocr_par' dir='ltr' id='par_1_86' title="bbox 2046 2896 3720 2973">
     <span class='ocr_line' id='line_1_86' title="bbox 2046 2896 3720 2973; baseline -0.002 -21"><span class='ocrx_word' id='word_1_711' title='bbox 2046 2918 2199 2971; x_wconf 86' lang='grc' dir='ltr'>μους.</span> <span class='ocrx_word' id='word_1_712' title='bbox 2235 2903 2483 2956; x_wconf 82' lang='grc' dir='ltr'>Μάλιστα</span> <span class='ocrx_word' id='word_1_713' title='bbox 2515 2902 2611 2973; x_wconf 84' lang='grc' dir='ltr'>μὲν</span> <span class='ocrx_word' id='word_1_714' title='bbox 2640 2901 2748 2972; x_wconf 70' lang='grc' dir='ltr'>γὰρ</span> <span class='ocrx_word' id='word_1_715' title='bbox 2775 2901 2868 2954; x_wconf 62' lang='grc' dir='ltr'>καὶ</span> <span class='ocrx_word' id='word_1_716' title='bbox 2889 2899 2974 2952; x_wconf 79' lang='grc' dir='ltr'>διὰ</span> <span class='ocrx_word' id='word_1_717' title='bbox 2999 2900 3107 2952; x_wconf 87' lang='grc' dir='ltr'>τῶν</span> <span class='ocrx_word' id='word_1_718' title='bbox 3139 2896 3267 2968; x_wconf 82' lang='grc' dir='ltr'>ἐξῆς</span> <span class='ocrx_word' id='word_1_719' title='bbox 3291 2896 3586 2962; x_wconf 73' lang='grc' dir='ltr'>ἐνεδείξατο</span> <span class='ocrx_word' id='word_1_720' title='bbox 3607 2898 3720 2960; x_wconf 86' lang='grc' dir='ltr'>τοῖς</span> 
     </span>
    </p>
   </div>
   <div class='ocr_carea' id='block_1_87' title="bbox 2043 2984 3720 3061">
    <p class='ocr_par' dir='ltr' id='par_1_87' title="bbox 2043 2984 3720 3061">
     <span class='ocr_line' id='line_1_87' title="bbox 2043 2984 3720 3061; baseline -0.004 -19"><span class='ocrx_word' id='word_1_721' title='bbox 2043 2988 2165 3043; x_wconf 89' lang='grc' dir='ltr'>νοῦν</span> <span class='ocrx_word' id='word_1_722' title='bbox 2197 2990 2379 3061; x_wconf 82' lang='grc' dir='ltr'>ἔχουσι</span> <span class='ocrx_word' id='word_1_723' title='bbox 2430 2991 2522 3044; x_wconf 86' lang='grc' dir='ltr'>τοῦ</span> <span class='ocrx_word' id='word_1_724' title='bbox 2581 2991 2744 3060; x_wconf 87' lang='grc' dir='ltr'>νόμου</span> <span class='ocrx_word' id='word_1_725' title='bbox 2794 2988 2984 3040; x_wconf 90' lang='grc' dir='ltr'>τούτου</span> <span class='ocrx_word' id='word_1_726' title='bbox 3025 2987 3124 3057; x_wconf 77' lang='grc' dir='ltr'>τὴν</span> <span class='ocrx_word' id='word_1_727' title='bbox 3158 2985 3358 3058; x_wconf 76' lang='grc' dir='ltr'>ἀρετὴν</span> <span class='ocrx_word' id='word_1_728' title='bbox 3383 3026 3397 3048; x_wconf 91' lang='grc'>,</span> <span class='ocrx_word' id='word_1_729' title='bbox 3432 2984 3630 3036; x_wconf 79' lang='grc' dir='ltr'>εἰπών·</span> <span class='ocrx_word' id='word_1_730' title='bbox 3661 2985 3720 3037; x_wconf 85' lang='grc' dir='ltr'>Τί</span> 
     </span>
    </p>
   </div>
   <div class='ocr_carea' id='block_1_88' title="bbox 2043 3070 3716 3146">
    <p class='ocr_par' dir='ltr' id='par_1_88' title="bbox 2043 3070 3716 3146">
     <span class='ocr_line' id='line_1_88' title="bbox 2043 3070 3716 3146; baseline -0.004 -16"><span class='ocrx_word' id='word_1_731' title='bbox 2043 3078 2292 3144; x_wconf 77' lang='grc' dir='ltr'>βλέπεις</span> <span class='ocrx_word' id='word_1_732' title='bbox 2325 3080 2386 3130; x_wconf 78' lang='grc' dir='ltr'>τὸ</span> <span class='ocrx_word' id='word_1_733' title='bbox 2421 3077 2648 3146; x_wconf 53' lang='grc' dir='ltr'>κάρφος</span> <span class='ocrx_word' id='word_1_734' title='bbox 2700 3077 2762 3128; x_wconf 82' lang='grc' dir='ltr'>τὸ</span> <span class='ocrx_word' id='word_1_735' title='bbox 2796 3077 2864 3129; x_wconf 86' lang='grc' dir='ltr'>ἐν</span> <span class='ocrx_word' id='word_1_736' title='bbox 2889 3074 2969 3140; x_wconf 83' lang='grc' dir='ltr'>τῷ</span> <span class='ocrx_word' id='word_1_737' title='bbox 3001 3072 3285 3144; x_wconf 60' lang='grc' dir='ltr'>ὀφθαλμῷ</span> <span class='ocrx_word' id='word_1_738' title='bbox 3315 3073 3419 3126; x_wconf 80' lang='grc' dir='ltr'>τοῦ</span> <span class='ocrx_word' id='word_1_739' title='bbox 3449 3070 3716 3140; x_wconf 62' lang='grc' dir='ltr'>ἀδελφοῦ</span> 
     </span>
    </p>
   </div>
   <div class='ocr_carea' id='block_1_89' title="bbox 2043 3158 3717 3232">
    <p class='ocr_par' dir='ltr' id='par_1_89' title="bbox 2043 3158 3717 3232">
     <span class='ocr_line' id='line_1_89' title="bbox 2043 3158 3717 3232; baseline -0.005 -13"><span class='ocrx_word' id='word_1_740' title='bbox 2043 3182 2180 3227; x_wconf 81' lang='grc' dir='ltr'>σου,</span> <span class='ocrx_word' id='word_1_741' title='bbox 2204 3166 2318 3232; x_wconf 69' lang='grc' dir='ltr'>τὴν</span> <span class='ocrx_word' id='word_1_742' title='bbox 2341 3167 2407 3218; x_wconf 78' lang='grc' dir='ltr'>δὲ</span> <span class='ocrx_word' id='word_1_743' title='bbox 2432 3165 2616 3218; x_wconf 68' lang='grc' dir='ltr'>δοκὸν</span> <span class='ocrx_word' id='word_1_744' title='bbox 2646 3162 2759 3231; x_wconf 72' lang='grc' dir='ltr'>τὴν</span> <span class='ocrx_word' id='word_1_745' title='bbox 2783 3164 2850 3215; x_wconf 83' lang='grc' dir='ltr'>ἐν</span> <span class='ocrx_word' id='word_1_746' title='bbox 2883 3160 2960 3225; x_wconf 85' lang='grc' dir='ltr'>τῷ</span> <span class='ocrx_word' id='word_1_747' title='bbox 2993 3159 3086 3226; x_wconf 81' lang='grc' dir='ltr'>σῷ,</span> <span class='ocrx_word' id='word_1_748' title='bbox 3108 3158 3390 3228; x_wconf 59' lang='grc' dir='ltr'>ὀφθαλμῷ</span> <span class='ocrx_word' id='word_1_749' title='bbox 3435 3162 3506 3212; x_wconf 89' lang='grc' dir='ltr'>οὺ</span> <span class='ocrx_word' id='word_1_750' title='bbox 3543 3175 3717 3211; x_wconf 78' lang='grc' dir='ltr'>κατα-</span> 
     </span>
    </p>
   </div>
   <div class='ocr_carea' id='block_1_90' title="bbox 2043 3247 3717 3320">
    <p class='ocr_par' dir='ltr' id='par_1_90' title="bbox 2043 3247 3717 3320">
     <span class='ocr_line' id='line_1_90' title="bbox 2043 3247 3717 3320; baseline -0.006 -14"><span class='ocrx_word' id='word_1_751' title='bbox 2043 3254 2240 3319; x_wconf 80' lang='grc' dir='ltr'>νοεῖς;</span> <span class='ocrx_word' id='word_1_752' title='bbox 2267 3256 2328 3306; x_wconf 83' lang='grc' dir='ltr'>ΕΞ</span> <span class='ocrx_word' id='word_1_753' title='bbox 2360 3255 2416 3307; x_wconf 78' lang='grc' dir='ltr'>δὲ</span> <span class='ocrx_word' id='word_1_754' title='bbox 2465 3252 2678 3314; x_wconf 78' lang='grc' dir='ltr'>πολλοῖς</span> <span class='ocrx_word' id='word_1_755' title='bbox 2706 3251 2813 3302; x_wconf 87' lang='grc' dir='ltr'>τῶν</span> <span class='ocrx_word' id='word_1_756' title='bbox 2860 3248 3244 3320; x_wconf 74' lang='grc' dir='ltr'>ῥᾳθυμοτέρων</span> <span class='ocrx_word' id='word_1_757' title='bbox 3271 3247 3316 3278; x_wconf 81' lang='grc'>⁵⁷</span> <span class='ocrx_word' id='word_1_758' title='bbox 3349 3249 3717 3315; x_wconf 81' lang='grc' dir='ltr'>ἀσαφέστερον</span> 
     </span>
    </p>
   </div>
   <div class='ocr_carea' id='block_1_91' title="bbox 2042 3333 3710 3404">
    <p class='ocr_par' dir='ltr' id='par_1_91' title="bbox 2042 3333 3710 3404">
     <span class='ocr_line' id='line_1_91' title="bbox 2042 3333 3710 3404; baseline -0.005 -10"><span class='ocrx_word' id='word_1_759' title='bbox 2042 3341 2122 3394; x_wconf 83' lang='grc' dir='ltr'>ἔτι</span> <span class='ocrx_word' id='word_1_760' title='bbox 2153 3338 2290 3394; x_wconf 76' lang='grc' dir='ltr'>εἶναι</span> <span class='ocrx_word' id='word_1_761' title='bbox 2310 3342 2474 3402; x_wconf 75' lang='grc' dir='ltr'>δοκεῖ,</span> <span class='ocrx_word' id='word_1_762' title='bbox 2511 3338 2714 3392; x_wconf 80' lang='grc' dir='ltr'>ἄνωθεν</span> <span class='ocrx_word' id='word_1_763' title='bbox 2756 3338 2888 3390; x_wconf 76' lang='grc' dir='ltr'>αὐτὸ</span> <span class='ocrx_word' id='word_1_764' title='bbox 2921 3335 3167 3388; x_wconf 84' lang='grc' dir='ltr'>διαλῦσαι</span> <span class='ocrx_word' id='word_1_765' title='bbox 3199 3333 3553 3404; x_wconf 81' lang='grc' dir='ltr'>πειράσομαι.</span> <span class='ocrx_word' id='word_1_766' title='bbox 3599 3333 3710 3386; x_wconf 78' lang='grc' dir='ltr'>Ἑν·</span> 
     </span>
    </p>
   </div>
   <div class='ocr_carea' id='block_1_92' title="bbox 2042 3420 3718 3497">
    <p class='ocr_par' dir='ltr' id='par_1_92' title="bbox 2042 3420 3718 3497">
     <span class='ocr_line' id='line_1_92' title="bbox 2042 3420 3718 3497; baseline -0.005 -17"><span class='ocrx_word' id='word_1_767' title='bbox 2042 3426 2216 3480; x_wconf 82' lang='grc' dir='ltr'>ταῦθα</span> <span class='ocrx_word' id='word_1_768' title='bbox 2251 3427 2396 3497; x_wconf 79' lang='grc' dir='ltr'>γὰρ,</span> <span class='ocrx_word' id='word_1_769' title='bbox 2441 3426 2515 3489; x_wconf 85' lang='grc' dir='ltr'>ὡς</span> <span class='ocrx_word' id='word_1_770' title='bbox 2569 3426 2756 3495; x_wconf 79' lang='grc' dir='ltr'>ἔμοιγε</span> <span class='ocrx_word' id='word_1_771' title='bbox 2789 3423 2966 3486; x_wconf 87' lang='grc' dir='ltr'>δοκεῖ,</span> <span class='ocrx_word' id='word_1_772' title='bbox 2997 3421 3094 3490; x_wconf 72' lang='grc' dir='ltr'>οὐχ</span> <span class='ocrx_word' id='word_1_773' title='bbox 3146 3422 3330 3484; x_wconf 86' lang='grc' dir='ltr'>ἁπλῶς</span> <span class='ocrx_word' id='word_1_774' title='bbox 3382 3420 3596 3473; x_wconf 78' lang='grc' dir='ltr'>ᾶπαντα</span> <span class='ocrx_word' id='word_1_775' title='bbox 3647 3421 3718 3473; x_wconf 74' lang='grc' dir='ltr'>τὰ</span> 
     </span>
    </p>
   </div>
   <div class='ocr_carea' id='block_1_93' title="bbox 2044 3505 3715 3586">
    <p class='ocr_par' dir='ltr' id='par_1_93' title="bbox 2044 3505 3715 3586">
     <span class='ocr_line' id='line_1_93' title="bbox 2044 3505 3715 3586; baseline -0.005 -18"><span class='ocrx_word' id='word_1_776' title='bbox 2044 3517 2259 3586; x_wconf 77' lang='grc' dir='ltr'>ἁμαρτή</span> <span class='ocrx_word' id='word_1_777' title='bbox 2272 3531 2417 3584; x_wconf 84' lang='grc' dir='ltr'>ματα</span> <span class='ocrx_word' id='word_1_778' title='bbox 2439 3512 2647 3566; x_wconf 88' lang='grc' dir='ltr'>κελεύει</span> <span class='ocrx_word' id='word_1_779' title='bbox 2675 3511 2748 3582; x_wconf 87' lang='grc' dir='ltr'>μὴ</span> <span class='ocrx_word' id='word_1_780' title='bbox 2776 3510 3000 3581; x_wconf 86' lang='grc' dir='ltr'>κρίνειν,</span> <span class='ocrx_word' id='word_1_781' title='bbox 3029 3509 3149 3562; x_wconf 76' lang='grc' dir='ltr'>οὐδὲ</span> <span class='ocrx_word' id='word_1_782' title='bbox 3173 3509 3358 3571; x_wconf 83' lang='grc' dir='ltr'>ἁπλῶς</span> <span class='ocrx_word' id='word_1_783' title='bbox 3383 3505 3715 3580; x_wconf 77' lang='grc' dir='ltr'>ἀπαγορεύει</span> 
     </span>
    </p>
   </div>
   <div class='ocr_carea' id='block_1_94' title="bbox 2042 3595 3714 3669">
    <p class='ocr_par' dir='ltr' id='par_1_94' title="bbox 2042 3595 3714 3669">
     <span class='ocr_line' id='line_1_94' title="bbox 2042 3595 3714 3669; baseline -0.004 -13"><span class='ocrx_word' id='word_1_784' title='bbox 2042 3603 2100 3656; x_wconf 66' lang='grc' dir='ltr'>τὸ</span> <span class='ocrx_word' id='word_1_785' title='bbox 2131 3603 2368 3655; x_wconf 87' lang='grc' dir='ltr'>τοιοῦτον</span> <span class='ocrx_word' id='word_1_786' title='bbox 2400 3603 2570 3653; x_wconf 88' lang='grc' dir='ltr'>ποιεῖν</span> <span class='ocrx_word' id='word_1_787' title='bbox 2600 3601 2666 3663; x_wconf 78' lang='grc'>⁸⁸,</span> <span class='ocrx_word' id='word_1_788' title='bbox 2699 3599 2832 3652; x_wconf 75' lang='grc' dir='ltr'>ἀλλὰ</span> <span class='ocrx_word' id='word_1_789' title='bbox 2862 3601 2974 3662; x_wconf 90' lang='grc' dir='ltr'>τοῖς</span> <span class='ocrx_word' id='word_1_790' title='bbox 3001 3599 3209 3669; x_wconf 85' lang='grc' dir='ltr'>μυρίων</span> <span class='ocrx_word' id='word_1_791' title='bbox 3241 3597 3476 3666; x_wconf 81' lang='grc' dir='ltr'>γέμουσι</span> <span class='ocrx_word' id='word_1_792' title='bbox 3507 3595 3714 3658; x_wconf 84' lang='grc' dir='ltr'>κακῶν,</span> 
     </span>
    </p>
   </div>
   <div class='ocr_carea' id='block_1_95' title="bbox 2043 3684 3716 3760">
    <p class='ocr_par' dir='ltr' id='par_1_95' title="bbox 2043 3684 3716 3760">
     <span class='ocr_line' id='line_1_95' title="bbox 2043 3684 3716 3760; baseline -0.005 -16"><span class='ocrx_word' id='word_1_793' title='bbox 2043 3691 2136 3744; x_wconf 74' lang='grc' dir='ltr'>καὶ</span> <span class='ocrx_word' id='word_1_794' title='bbox 2166 3690 2346 3752; x_wconf 78' lang='grc' dir='ltr'>ἄλλοις</span> <span class='ocrx_word' id='word_1_795' title='bbox 2375 3690 2515 3760; x_wconf 79' lang='grc' dir='ltr'>ὑπὲρ</span> <span class='ocrx_word' id='word_1_796' title='bbox 2551 3688 2658 3740; x_wconf 87' lang='grc' dir='ltr'>τῶν</span> <span class='ocrx_word' id='word_1_797' title='bbox 2700 3688 2970 3756; x_wconf 82' lang='grc' dir='ltr'>τυχόντων</span> <span class='ocrx_word' id='word_1_798' title='bbox 3008 3685 3419 3756; x_wconf 74' lang='grc' dir='ltr'>ἐπεμϐαίνουσι.</span> <span class='ocrx_word' id='word_1_799' title='bbox 3459 3687 3616 3738; x_wconf 88' lang='grc' dir='ltr'>Δοκεῖ</span> <span class='ocrx_word' id='word_1_800' title='bbox 3659 3684 3716 3737; x_wconf 84' lang='grc' dir='ltr'>δέ</span> 
     </span>
    </p>
   </div>
   <div class='ocr_carea' id='block_1_96' title="bbox 2044 3770 3715 3849">
    <p class='ocr_par' dir='ltr' id='par_1_96' title="bbox 2044 3770 3715 3849">
     <span class='ocr_line' id='line_1_96' title="bbox 2044 3770 3715 3849; baseline -0.004 -19"><span class='ocrx_word' id='word_1_801' title='bbox 2044 3796 2134 3849; x_wconf 91' lang='grc' dir='ltr'>μοι</span> <span class='ocrx_word' id='word_1_802' title='bbox 2163 3778 2258 3830; x_wconf 67' lang='grc' dir='ltr'>καὶ</span> <span class='ocrx_word' id='word_1_803' title='bbox 2293 3777 2578 3839; x_wconf 86' lang='grc' dir='ltr'>Ἰουδαίους</span> <span class='ocrx_word' id='word_1_804' title='bbox 2605 3775 2840 3828; x_wconf 81' lang='grc' dir='ltr'>ἐνταῦθα</span> <span class='ocrx_word' id='word_1_805' title='bbox 2870 3773 3202 3828; x_wconf 86' lang='grc' dir='ltr'>αἰνίττεσθαι</span> <span class='ocrx_word' id='word_1_806' title='bbox 3225 3812 3240 3835; x_wconf 90' lang='grc'>,</span> <span class='ocrx_word' id='word_1_807' title='bbox 3282 3774 3364 3826; x_wconf 84' lang='grc' dir='ltr'>ὅτι</span> <span class='ocrx_word' id='word_1_808' title='bbox 3395 3773 3583 3844; x_wconf 76' lang='grc' dir='ltr'>πικροὶ</span> <span class='ocrx_word' id='word_1_809' title='bbox 3605 3770 3715 3824; x_wconf 87' lang='grc' dir='ltr'>τῶν</span> 
     </span>
    </p>
   </div>
   <div class='ocr_carea' id='block_1_97' title="bbox 2042 3860 3712 3935">
    <p class='ocr_par' dir='ltr' id='par_1_97' title="bbox 2042 3860 3712 3935">
     <span class='ocr_line' id='line_1_97' title="bbox 2042 3860 3712 3935; baseline -0.004 -17"><span class='ocrx_word' id='word_1_810' title='bbox 2042 3867 2266 3935; x_wconf 83' lang='grc' dir='ltr'>πλησίον</span> <span class='ocrx_word' id='word_1_811' title='bbox 2290 3865 2442 3927; x_wconf 76' lang='grc' dir='ltr'>ὄντες</span> <span class='ocrx_word' id='word_1_812' title='bbox 2473 3865 2783 3934; x_wconf 82' lang='grc' dir='ltr'>κατήγοροι,</span> <span class='ocrx_word' id='word_1_813' title='bbox 2813 3863 3024 3933; x_wconf 89' lang='grc' dir='ltr'>μικρῶν</span> <span class='ocrx_word' id='word_1_814' title='bbox 3053 3862 3238 3914; x_wconf 80' lang='grc' dir='ltr'>’ἐνεκεν</span> <span class='ocrx_word' id='word_1_815' title='bbox 3269 3862 3362 3913; x_wconf 71' lang='grc' dir='ltr'>καὶ</span> <span class='ocrx_word' id='word_1_816' title='bbox 3385 3860 3712 3930; x_wconf 86' lang='grc' dir='ltr'>ούδαμινῶν,</span> 
     </span>
    </p>
   </div>
   <div class='ocr_carea' id='block_1_98' title="bbox 2039 3948 3714 4022">
    <p class='ocr_par' dir='ltr' id='par_1_98' title="bbox 2039 3948 3714 4022">
     <span class='ocr_line' id='line_1_98' title="bbox 2039 3948 3714 4022; baseline -0.003 -18"><span class='ocrx_word' id='word_1_817' title='bbox 2039 3954 2188 4006; x_wconf 78' lang='grc' dir='ltr'>αὐτοὶ</span> <span class='ocrx_word' id='word_1_818' title='bbox 2229 3953 2294 4006; x_wconf 73' lang='grc' dir='ltr'>τὰ</span> <span class='ocrx_word' id='word_1_819' title='bbox 2329 3953 2540 4022; x_wconf 85' lang='grc' dir='ltr'>μεγάλα</span> <span class='ocrx_word' id='word_1_820' title='bbox 2567 3951 2866 4018; x_wconf 74' lang='grc' dir='ltr'>ἀνεπαισθή</span> <span class='ocrx_word' id='word_1_821' title='bbox 2881 3968 2978 4012; x_wconf 83' lang='grc' dir='ltr'>τως</span> <span class='ocrx_word' id='word_1_822' title='bbox 3003 3951 3342 4019; x_wconf 81' lang='grc' dir='ltr'>ἡμάρτανον·</span> <span class='ocrx_word' id='word_1_823' title='bbox 3370 3949 3398 4000; x_wconf 89' lang='lat'>6</span> <span class='ocrx_word' id='word_1_824' title='bbox 3433 3949 3527 4000; x_wconf 73' lang='grc' dir='ltr'>καὶ</span> <span class='ocrx_word' id='word_1_825' title='bbox 3577 3948 3714 4019; x_wconf 84' lang='grc' dir='ltr'>πρὸς</span> 
     </span>
    </p>
   </div>
   <div class='ocr_carea' id='block_1_99' title="bbox 2039 4037 3712 4112">
    <p class='ocr_par' dir='ltr' id='par_1_99' title="bbox 2039 4037 3712 4112">
     <span class='ocr_line' id='line_1_99' title="bbox 2039 4037 3712 4112; baseline -0.003 -19"><span class='ocrx_word' id='word_1_826' title='bbox 2039 4043 2114 4112; x_wconf 83' lang='grc' dir='ltr'>τῷ</span> <span class='ocrx_word' id='word_1_827' title='bbox 2142 4041 2284 4094; x_wconf 89' lang='grc' dir='ltr'>τέλει</span> <span class='ocrx_word' id='word_1_828' title='bbox 2321 4040 2590 4104; x_wconf 78' lang='grc' dir='ltr'>ὀνειδίζων</span> <span class='ocrx_word' id='word_1_829' title='bbox 2623 4040 2818 4101; x_wconf 75' lang='grc' dir='ltr'>αὐτοὺς</span> <span class='ocrx_word' id='word_1_830' title='bbox 2841 4039 3047 4106; x_wconf 61' lang='grc' dir='ltr'>ἐλεγεν,</span> <span class='ocrx_word' id='word_1_831' title='bbox 3086 4039 3166 4090; x_wconf 83' lang='grc' dir='ltr'>ὅτι</span> <span class='ocrx_word' id='word_1_832' title='bbox 3201 4037 3528 4106; x_wconf 77' lang='grc' dir='ltr'>Δεσμεύετε</span> <span class='ocrx_word' id='word_1_833' title='bbox 3568 4053 3712 4105; x_wconf 70' lang='grc' dir='ltr'>φορ-</span> 
     </span>
    </p>
   </div>
   <div class='ocr_carea' id='block_1_100' title="bbox 2039 4123 3712 4198">
    <p class='ocr_par' dir='ltr' id='par_1_100' title="bbox 2039 4123 3712 4198">
     <span class='ocr_line' id='line_1_100' title="bbox 2039 4123 3712 4198; baseline -0.002 -17"><span class='ocrx_word' id='word_1_834' title='bbox 2039 4130 2136 4182; x_wconf 84' lang='grc' dir='ltr'>τία</span> <span class='ocrx_word' id='word_1_835' title='bbox 2161 4129 2356 4198; x_wconf 82' lang='grc' dir='ltr'>,βαρέα</span> <span class='ocrx_word' id='word_1_836' title='bbox 2381 4128 2477 4182; x_wconf 77' lang='grc' dir='ltr'>καί</span> <span class='ocrx_word' id='word_1_837' title='bbox 2517 4125 2943 4180; x_wconf 75' lang='grc' dir='ltr'>δυσϐάστακτα</span> <span class='ocrx_word' id='word_1_838' title='bbox 2965 4167 2979 4189; x_wconf 91' lang='grc'>,</span> <span class='ocrx_word' id='word_1_839' title='bbox 3028 4124 3197 4194; x_wconf 83' lang='grc' dir='ltr'>ὑμεῖς</span> <span class='ocrx_word' id='word_1_840' title='bbox 3239 4123 3306 4176; x_wconf 86' lang='grc' dir='ltr'>δὲ</span> <span class='ocrx_word' id='word_1_841' title='bbox 3334 4123 3412 4188; x_wconf 84' lang='grc' dir='ltr'>τῷ</span> <span class='ocrx_word' id='word_1_842' title='bbox 3436 4123 3712 4188; x_wconf 79' lang='grc' dir='ltr'>δακτύλῳ</span> 
     </span>
    </p>
   </div>
   <div class='ocr_carea' id='block_1_101' title="bbox 2039 4211 3711 4283">
    <p class='ocr_par' dir='ltr' id='par_1_101' title="bbox 2039 4211 3711 4283">
     <span class='ocr_line' id='line_1_101' title="bbox 2039 4211 3711 4283; baseline -0.002 -15"><span class='ocrx_word' id='word_1_843' title='bbox 2039 4218 2110 4269; x_wconf 82' lang='grc' dir='ltr'>οὺ</span> <span class='ocrx_word' id='word_1_844' title='bbox 2146 4217 2348 4270; x_wconf 84' lang='grc' dir='ltr'>θέλετε</span> <span class='ocrx_word' id='word_1_845' title='bbox 2393 4214 2640 4283; x_wconf 79' lang='grc' dir='ltr'>κινῆσαι</span> <span class='ocrx_word' id='word_1_846' title='bbox 2688 4213 2842 4268; x_wconf 77' lang='grc' dir='ltr'>αὐτά</span> <span class='ocrx_word' id='word_1_847' title='bbox 2869 4230 2882 4243; x_wconf 94' lang='grc'>·</span> <span class='ocrx_word' id='word_1_848' title='bbox 2937 4213 3029 4267; x_wconf 80' lang='grc' dir='ltr'>καὶ</span> <span class='ocrx_word' id='word_1_849' title='bbox 3056 4253 3071 4279; x_wconf 94' lang='grc'>,</span> <span class='ocrx_word' id='word_1_850' title='bbox 3125 4211 3586 4266; x_wconf 78' lang='grc' dir='ltr'>Ἀποδεκατοῦτε</span> <span class='ocrx_word' id='word_1_851' title='bbox 3643 4212 3711 4264; x_wconf 83' lang='grc' dir='ltr'>τὸ</span> 
     </span>
    </p>
   </div>
   <div class='ocr_carea' id='block_1_102' title="bbox 2040 4299 3712 4378">
    <p class='ocr_par' dir='ltr' id='par_1_102' title="bbox 2040 4299 3712 4378">
     <span class='ocr_line' id='line_1_102' title="bbox 2040 4299 3712 4378; baseline -0.001 -22"><span class='ocrx_word' id='word_1_852' title='bbox 2040 4303 2186 4378; x_wconf 67' lang='grc'>[⁸285]</span> <span class='ocrx_word' id='word_1_853' title='bbox 2210 4305 2522 4373; x_wconf 73' lang='grc' dir='ltr'>ἡδύοσμον</span> <span class='ocrx_word' id='word_1_854' title='bbox 2542 4303 2640 4357; x_wconf 78' lang='grc' dir='ltr'>καὶ</span> <span class='ocrx_word' id='word_1_855' title='bbox 2673 4301 2739 4355; x_wconf 89' lang='grc' dir='ltr'>τὸ</span> <span class='ocrx_word' id='word_1_856' title='bbox 2774 4301 3019 4369; x_wconf 80' lang='grc' dir='ltr'>ἄνηθον,</span> <span class='ocrx_word' id='word_1_857' title='bbox 3065 4301 3162 4355; x_wconf 81' lang='grc' dir='ltr'>καὶ</span> <span class='ocrx_word' id='word_1_858' title='bbox 3198 4299 3547 4354; x_wconf 74' lang='grc' dir='ltr'>κατελίπετε</span> <span class='ocrx_word' id='word_1_859' title='bbox 3570 4301 3614 4332; x_wconf 79' lang='grc'>⁸⁸</span> <span class='ocrx_word' id='word_1_860' title='bbox 3639 4301 3712 4354; x_wconf 84' lang='grc' dir='ltr'>τὰ</span> 
     </span>
    </p>
   </div>
   <div class='ocr_carea' id='block_1_103' title="bbox 2033 4387 3708 4459">
    <p class='ocr_par' dir='ltr' id='par_1_103' title="bbox 2033 4387 3708 4459">
     <span class='ocr_line' id='line_1_103' title="bbox 2033 4387 3708 4459; baseline -0.002 -16"><span class='ocrx_word' id='word_1_861' title='bbox 2033 4392 2338 4459; x_wconf 73' lang='grc' dir='ltr'>,βαρύτερα</span> <span class='ocrx_word' id='word_1_862' title='bbox 2365 4390 2468 4443; x_wconf 86' lang='grc' dir='ltr'>τοῦ</span> <span class='ocrx_word' id='word_1_863' title='bbox 2502 4395 2712 4459; x_wconf 78' lang='grc' dir='ltr'>νόμου,</span> <span class='ocrx_word' id='word_1_864' title='bbox 2738 4389 2850 4457; x_wconf 75' lang='grc' dir='ltr'>τὴν</span> <span class='ocrx_word' id='word_1_865' title='bbox 2876 4389 3097 4457; x_wconf 81' lang='grc' dir='ltr'>κρίσιν,</span> <span class='ocrx_word' id='word_1_866' title='bbox 3130 4388 3226 4444; x_wconf 74' lang='grc' dir='ltr'>καὶ</span> <span class='ocrx_word' id='word_1_867' title='bbox 3261 4387 3367 4441; x_wconf 82' lang='grc' dir='ltr'>τὸν</span> <span class='ocrx_word' id='word_1_868' title='bbox 3390 4388 3586 4453; x_wconf 77' lang='grc' dir='ltr'>ἔλεον,</span> <span class='ocrx_word' id='word_1_869' title='bbox 3609 4387 3708 4440; x_wconf 83' lang='grc' dir='ltr'>καὶ</span> 
     </span>
    </p>
   </div>
   <div class='ocr_carea' id='block_1_104' title="bbox 2038 4475 3708 4548">
    <p class='ocr_par' dir='ltr' id='par_1_104' title="bbox 2038 4475 3708 4548">
     <span class='ocr_line' id='line_1_104' title="bbox 2038 4475 3708 4548; baseline -0.004 -16"><span class='ocrx_word' id='word_1_870' title='bbox 2038 4479 2154 4548; x_wconf 80' lang='grc' dir='ltr'>τὴν</span> <span class='ocrx_word' id='word_1_871' title='bbox 2186 4481 2415 4534; x_wconf 82' lang='grc' dir='ltr'>πίστιν.</span> <span class='ocrx_word' id='word_1_872' title='bbox 2457 4482 2611 4532; x_wconf 83' lang='grc' dir='ltr'>Δοκεῖ</span> <span class='ocrx_word' id='word_1_873' title='bbox 2647 4479 2742 4548; x_wconf 78' lang='grc' dir='ltr'>μὲν</span> <span class='ocrx_word' id='word_1_874' title='bbox 2773 4475 2864 4531; x_wconf 75' lang='grc' dir='ltr'>οὖν</span> <span class='ocrx_word' id='word_1_875' title='bbox 2909 4477 3003 4530; x_wconf 76' lang='grc' dir='ltr'>καὶ</span> <span class='ocrx_word' id='word_1_876' title='bbox 3051 4477 3186 4548; x_wconf 81' lang='grc' dir='ltr'>πρὸς</span> <span class='ocrx_word' id='word_1_877' title='bbox 3222 4476 3442 4539; x_wconf 86' lang='grc' dir='ltr'>τούτους</span> <span class='ocrx_word' id='word_1_878' title='bbox 3489 4476 3708 4529; x_wconf 82' lang='grc' dir='ltr'>ἀποτεί-</span> 
     </span>
    </p>
   </div>
   <div class='ocr_carea' id='block_1_105' title="bbox 2039 4561 3712 4639">
    <p class='ocr_par' dir='ltr' id='par_1_105' title="bbox 2039 4561 3712 4639">
     <span class='ocr_line' id='line_1_105' title="bbox 2039 4561 3712 4639; baseline -0.002 -18"><span class='ocrx_word' id='word_1_879' title='bbox 2039 4569 2226 4622; x_wconf 89' lang='grc' dir='ltr'>νεσθαι</span> <span class='ocrx_word' id='word_1_880' title='bbox 2252 4607 2266 4629; x_wconf 88' lang='grc'>,</span> <span class='ocrx_word' id='word_1_881' title='bbox 2319 4567 2768 4639; x_wconf 82' lang='grc' dir='ltr'>προαναστέλλων</span> <span class='ocrx_word' id='word_1_882' title='bbox 2799 4565 2992 4628; x_wconf 78' lang='grc' dir='ltr'>αὐτοὺς</span> <span class='ocrx_word' id='word_1_883' title='bbox 3024 4568 3080 4618; x_wconf 88' lang='grc' dir='ltr'>ἐν</span> <span class='ocrx_word' id='word_1_884' title='bbox 3113 4561 3192 4626; x_wconf 77' lang='grc' dir='ltr'>οἷς</span> <span class='ocrx_word' id='word_1_885' title='bbox 3224 4564 3446 4636; x_wconf 75' lang='grc' dir='ltr'>ἔμελλον</span> <span class='ocrx_word' id='word_1_886' title='bbox 3475 4564 3582 4618; x_wconf 85' lang='grc' dir='ltr'>τῶν</span> <span class='ocrx_word' id='word_1_887' title='bbox 3615 4582 3712 4635; x_wconf 81' lang='grc' dir='ltr'>μα-</span> 
     </span>
    </p>
   </div>
   <div class='ocr_carea' id='block_1_106' title="bbox 2039 4653 3708 4726">
    <p class='ocr_par' dir='ltr' id='par_1_106' title="bbox 2039 4653 3708 4726">
     <span class='ocr_line' id='line_1_106' title="bbox 2039 4653 3708 4726; baseline -0.003 -17"><span class='ocrx_word' id='word_1_888' title='bbox 2039 4655 2217 4726; x_wconf 86' lang='grc' dir='ltr'>θητῶν</span> <span class='ocrx_word' id='word_1_889' title='bbox 2256 4657 2600 4725; x_wconf 73' lang='grc' dir='ltr'>κατηγορεῖν.</span> <span class='ocrx_word' id='word_1_890' title='bbox 2655 4655 2715 4706; x_wconf 85' lang='grc' dir='ltr'><strong>Εἰ</strong></span> <span class='ocrx_word' id='word_1_891' title='bbox 2756 4653 2863 4724; x_wconf 75' lang='grc' dir='ltr'>γὰρ</span> <span class='ocrx_word' id='word_1_892' title='bbox 2899 4655 2990 4706; x_wconf 68' lang='grc' dir='ltr'>καὶ</span> <span class='ocrx_word' id='word_1_893' title='bbox 3045 4653 3206 4724; x_wconf 80' lang='grc' dir='ltr'>μηδὲν</span> <span class='ocrx_word' id='word_1_894' title='bbox 3239 4654 3485 4724; x_wconf 70' lang='grc' dir='ltr'>ἥμαρτον</span> <span class='ocrx_word' id='word_1_895' title='bbox 3515 4653 3708 4704; x_wconf 84' lang='grc' dir='ltr'>ἐκεῖνοι</span> 
     </span>
    </p>
   </div>
   <div class='ocr_carea' id='block_1_107' title="bbox 2037 4738 3708 4812">
    <p class='ocr_par' dir='ltr' id='par_1_107' title="bbox 2037 4738 3708 4812">
     <span class='ocr_line' id='line_1_107' title="bbox 2037 4738 3708 4812; baseline -0.003 -15"><span class='ocrx_word' id='word_1_896' title='bbox 2037 4743 2275 4797; x_wconf 89' lang='grc' dir='ltr'>τοιοῦτον</span> <span class='ocrx_word' id='word_1_897' title='bbox 2300 4784 2314 4807; x_wconf 93' lang='grc'>,</span> <span class='ocrx_word' id='word_1_898' title='bbox 2349 4742 2462 4795; x_wconf 84' lang='grc' dir='ltr'>ἀλλ’</span> <span class='ocrx_word' id='word_1_899' title='bbox 2493 4743 2640 4812; x_wconf 80' lang='grc' dir='ltr'>ὅμως</span> <span class='ocrx_word' id='word_1_900' title='bbox 2679 4741 2904 4803; x_wconf 90' lang='grc' dir='ltr'>ἐκείνοις</span> <span class='ocrx_word' id='word_1_901' title='bbox 2942 4739 3386 4810; x_wconf 81' lang='grc' dir='ltr'>πλημμελήματα</span> <span class='ocrx_word' id='word_1_902' title='bbox 3432 4738 3708 4808; x_wconf 79' lang='grc' dir='ltr'>ἐνομίζετο</span> 
     </span>
    </p>
   </div>
   <div class='ocr_carea' id='block_1_108' title="bbox 2039 4825 3708 4898">
    <p class='ocr_par' dir='ltr' id='par_1_108' title="bbox 2039 4825 3708 4898">
     <span class='ocr_line' id='line_1_108' title="bbox 2039 4825 3708 4898; baseline -0.002 -15"><span class='ocrx_word' id='word_1_903' title='bbox 2039 4828 2176 4884; x_wconf 83' lang='grc' dir='ltr'>εἶναι</span> <span class='ocrx_word' id='word_1_904' title='bbox 2202 4847 2214 4859; x_wconf 86' lang='grc'>·</span> <span class='ocrx_word' id='word_1_905' title='bbox 2251 4825 2380 4892; x_wconf 70' lang='grc' dir='ltr'>οἷον,</span> <span class='ocrx_word' id='word_1_906' title='bbox 2424 4829 2484 4882; x_wconf 82' lang='grc' dir='ltr'>τὸ</span> <span class='ocrx_word' id='word_1_907' title='bbox 2507 4830 2781 4884; x_wconf 80' lang='grc' dir='ltr'>Σάὸὄατον</span> <span class='ocrx_word' id='word_1_908' title='bbox 2824 4828 2898 4898; x_wconf 83' lang='grc' dir='ltr'>μὴ</span> <span class='ocrx_word' id='word_1_909' title='bbox 2921 4829 3128 4897; x_wconf 86' lang='grc' dir='ltr'>τηρεῖν,</span> <span class='ocrx_word' id='word_1_910' title='bbox 3161 4827 3220 4878; x_wconf 83' lang='grc' dir='ltr'>τὸ</span> <span class='ocrx_word' id='word_1_911' title='bbox 3249 4827 3437 4898; x_wconf 71' lang='grc' dir='ltr'>χερσὶν</span> <span class='ocrx_word' id='word_1_912' title='bbox 3463 4828 3708 4890; x_wconf 85' lang='grc' dir='ltr'>ἀνίπτοις</span> 
     </span>
    </p>
   </div>
   <div class='ocr_carea' id='block_1_109' title="bbox 2039 4914 3707 4988">
    <p class='ocr_par' dir='ltr' id='par_1_109' title="bbox 2039 4914 3707 4988">
     <span class='ocr_line' id='line_1_109' title="bbox 2039 4914 3707 4988; baseline -0.002 -18"><span class='ocrx_word' id='word_1_913' title='bbox 2039 4919 2258 4984; x_wconf 83' lang='grc' dir='ltr'>ἐσθίειν,</span> <span class='ocrx_word' id='word_1_914' title='bbox 2297 4918 2358 4971; x_wconf 84' lang='grc' dir='ltr'>τὸ</span> <span class='ocrx_word' id='word_1_915' title='bbox 2394 4917 2532 4988; x_wconf 87' lang='grc' dir='ltr'>μετά</span> <span class='ocrx_word' id='word_1_916' title='bbox 2566 4916 2812 4969; x_wconf 87' lang='grc' dir='ltr'>τελωνῶν</span> <span class='ocrx_word' id='word_1_917' title='bbox 2849 4914 3237 4968; x_wconf 83' lang='grc' dir='ltr'>κατακεῖσθαι·</span> <span class='ocrx_word' id='word_1_918' title='bbox 3285 4914 3314 4967; x_wconf 87' lang='lat'>6</span> <span class='ocrx_word' id='word_1_919' title='bbox 3353 4917 3446 4969; x_wconf 77' lang='grc' dir='ltr'>καὶ</span> <span class='ocrx_word' id='word_1_920' title='bbox 3475 4915 3707 4986; x_wconf 82' lang='grc' dir='ltr'>ἀλλαχοῦ</span> 
     </span>
    </p>
   </div>
   <div class='ocr_carea' id='block_1_110' title="bbox 2041 5003 3708 5076">
    <p class='ocr_par' dir='ltr' id='par_1_110' title="bbox 2041 5003 3708 5076">
     <span class='ocr_line' id='line_1_110' title="bbox 2041 5003 3708 5076; baseline -0.001 -16"><span class='ocrx_word' id='word_1_921' title='bbox 2041 5025 2204 5076; x_wconf 85' lang='grc' dir='ltr'>φησιν</span> <span class='ocrx_word' id='word_1_922' title='bbox 2229 5025 2242 5038; x_wconf 90' lang='grc'>·</span> <span class='ocrx_word' id='word_1_923' title='bbox 2297 5009 2362 5060; x_wconf 80' lang='lat' dir='ltr'>Ol</span> <span class='ocrx_word' id='word_1_924' title='bbox 2389 5005 2498 5058; x_wconf 84' lang='grc' dir='ltr'>τὸν</span> <span class='ocrx_word' id='word_1_925' title='bbox 2531 5004 2781 5057; x_wconf 82' lang='grc' dir='ltr'>κώνωπα</span> <span class='ocrx_word' id='word_1_926' title='bbox 2809 5003 3173 5070; x_wconf 77' lang='grc' dir='ltr'>διῠλίζοντες</span> <span class='ocrx_word' id='word_1_927' title='bbox 3191 5044 3206 5068; x_wconf 88' lang='grc'>,</span> <span class='ocrx_word' id='word_1_928' title='bbox 3246 5004 3344 5058; x_wconf 75' lang='grc' dir='ltr'>καί</span> <span class='ocrx_word' id='word_1_929' title='bbox 3373 5004 3487 5072; x_wconf 77' lang='grc' dir='ltr'>τὴν</span> <span class='ocrx_word' id='word_1_930' title='bbox 3520 5005 3708 5074; x_wconf 74' lang='grc' dir='ltr'>κὰμηο</span> 
     </span>
    </p>
   </div>
   <div class='ocr_carea' id='block_1_111' title="bbox 2037 5092 3705 5165">
    <p class='ocr_par' dir='ltr' id='par_1_111' title="bbox 2037 5092 3705 5165">
     <span class='ocr_line' id='line_1_111' title="bbox 2037 5092 3705 5165; baseline -0.004 -16"><span class='ocrx_word' id='word_1_931' title='bbox 2037 5099 2152 5149; x_wconf 88' lang='grc' dir='ltr'>λον</span> <span class='ocrx_word' id='word_1_932' title='bbox 2183 5094 2629 5158; x_wconf 85' lang='grc' dir='ltr'>καταπίνοντες.</span> <span class='ocrx_word' id='word_1_933' title='bbox 2662 5092 2808 5162; x_wconf 82' lang='grc' dir='ltr'>Πλὴν</span> <span class='ocrx_word' id='word_1_934' title='bbox 2855 5093 2949 5144; x_wconf 76' lang='grc' dir='ltr'>καὶ</span> <span class='ocrx_word' id='word_1_935' title='bbox 2979 5093 3155 5145; x_wconf 81' lang='grc' dir='ltr'>κοινὸν</span> <span class='ocrx_word' id='word_1_936' title='bbox 3199 5093 3290 5147; x_wconf 83' lang='grc' dir='ltr'>τὸν</span> <span class='ocrx_word' id='word_1_937' title='bbox 3337 5095 3466 5165; x_wconf 68' lang='grc' dir='ltr'>περὶ</span> <span class='ocrx_word' id='word_1_938' title='bbox 3502 5093 3705 5146; x_wconf 87' lang='grc' dir='ltr'>τούτων</span> 
     </span>
    </p>
   </div>
   <div class='ocr_carea' id='block_1_112' title="bbox 2035 5177 3704 5254">
    <p class='ocr_par' dir='ltr' id='par_1_112' title="bbox 2035 5177 3704 5254">
     <span class='ocr_line' id='line_1_112' title="bbox 2035 5177 3704 5254; baseline -0.005 -18"><span class='ocrx_word' id='word_1_939' title='bbox 2035 5184 2218 5254; x_wconf 85' lang='grc' dir='ltr'>τίθησι</span> <span class='ocrx_word' id='word_1_940' title='bbox 2265 5181 2448 5252; x_wconf 80' lang='grc' dir='ltr'>νόμον.</span> <span class='ocrx_word' id='word_1_941' title='bbox 2471 5181 2578 5233; x_wconf 89' lang='lat' dir='ltr'>Kal</span> <span class='ocrx_word' id='word_1_942' title='bbox 2603 5179 2910 5250; x_wconf 81' lang='grc' dir='ltr'>Κορινθίοις</span> <span class='ocrx_word' id='word_1_943' title='bbox 2953 5181 3009 5234; x_wconf 79' lang='grc' dir='ltr'>δὲ</span> <span class='ocrx_word' id='word_1_944' title='bbox 3049 5181 3077 5233; x_wconf 83' lang='grc' dir='ltr'>δ</span> <span class='ocrx_word' id='word_1_945' title='bbox 3132 5182 3340 5245; x_wconf 86' lang='grc' dir='ltr'>Παῦλος</span> <span class='ocrx_word' id='word_1_946' title='bbox 3390 5184 3486 5252; x_wconf 75' lang='grc' dir='ltr'>οὐχ</span> <span class='ocrx_word' id='word_1_947' title='bbox 3521 5177 3704 5240; x_wconf 85' lang='grc' dir='ltr'>ἁπλῶς</span> 
     </span>
    </p>
   </div>
   <div class='ocr_carea' id='block_1_113' title="bbox 2036 5264 3702 5339">
    <p class='ocr_par' dir='ltr' id='par_1_113' title="bbox 2036 5264 3702 5339">
     <span class='ocr_line' id='line_1_113' title="bbox 2036 5264 3702 5339; baseline -0.004 -17"><span class='ocrx_word' id='word_1_948' title='bbox 2036 5269 2288 5322; x_wconf 86' lang='grc' dir='ltr'>ἐκέλευσε</span> <span class='ocrx_word' id='word_1_949' title='bbox 2324 5267 2398 5338; x_wconf 86' lang='grc' dir='ltr'>μὴ</span> <span class='ocrx_word' id='word_1_950' title='bbox 2431 5267 2638 5338; x_wconf 90' lang='grc' dir='ltr'>κρίνειν</span> <span class='ocrx_word' id='word_1_951' title='bbox 2665 5309 2680 5332; x_wconf 91' lang='grc'>,</span> <span class='ocrx_word' id='word_1_952' title='bbox 2709 5267 2844 5320; x_wconf 88' lang='grc' dir='ltr'>ἀλλά</span> <span class='ocrx_word' id='word_1_953' title='bbox 2877 5268 3002 5331; x_wconf 70' lang='grc' dir='ltr'>τοὺς</span> <span class='ocrx_word' id='word_1_954' title='bbox 3035 5269 3174 5339; x_wconf 82' lang='grc' dir='ltr'>ὑπὲρ</span> <span class='ocrx_word' id='word_1_955' title='bbox 3204 5269 3429 5331; x_wconf 78' lang='grc' dir='ltr'>ἑαυτοὺς</span> <span class='ocrx_word' id='word_1_956' title='bbox 3475 5267 3551 5336; x_wconf 82' lang='grc' dir='ltr'>μὴ</span> <span class='ocrx_word' id='word_1_957' title='bbox 3583 5264 3702 5334; x_wconf 85' lang='grc' dir='ltr'>κρί-</span> 
     </span>
    </p>
   </div>
   <div class='ocr_carea' id='block_1_114' title="bbox 2037 5349 3702 5424">
    <p class='ocr_par' dir='ltr' id='par_1_114' title="bbox 2037 5349 3702 5424">
     <span class='ocr_line' id='line_1_114' title="bbox 2037 5349 3702 5424; baseline -0.005 -16"><span class='ocrx_word' id='word_1_958' title='bbox 2037 5372 2171 5418; x_wconf 86' lang='grc' dir='ltr'>νειν,</span> <span class='ocrx_word' id='word_1_959' title='bbox 2204 5355 2298 5408; x_wconf 77' lang='grc' dir='ltr'>καὶ</span> <span class='ocrx_word' id='word_1_960' title='bbox 2328 5354 2396 5407; x_wconf 85' lang='grc' dir='ltr'>δι’</span> <span class='ocrx_word' id='word_1_961' title='bbox 2426 5353 2680 5408; x_wconf 86' lang='grc' dir='ltr'>ὑπόθεσιν</span> <span class='ocrx_word' id='word_1_962' title='bbox 2711 5355 2785 5424; x_wconf 82' lang='grc' dir='ltr'>μὴ</span> <span class='ocrx_word' id='word_1_963' title='bbox 2816 5354 2860 5384; x_wconf 81' lang='grc'>⁶⁰</span> <span class='ocrx_word' id='word_1_964' title='bbox 2890 5353 3344 5424; x_wconf 85' lang='grc' dir='ltr'>ὡμολογημένην·</span> <span class='ocrx_word' id='word_1_965' title='bbox 3381 5353 3479 5419; x_wconf 76' lang='grc' dir='ltr'>οὐχ</span> <span class='ocrx_word' id='word_1_966' title='bbox 3516 5349 3702 5411; x_wconf 85' lang='grc' dir='ltr'>ἁπλῶς</span> 
     </span>
    </p>
   </div>
   <div class='ocr_carea' id='block_1_115' title="bbox 2040 5436 3702 5513">
    <p class='ocr_par' dir='ltr' id='par_1_115' title="bbox 2040 5436 3702 5513">
     <span class='ocr_line' id='line_1_115' title="bbox 2040 5436 3702 5513; baseline -0.004 -17"><span class='ocrx_word' id='word_1_967' title='bbox 2040 5444 2166 5506; x_wconf 76' lang='grc' dir='ltr'>τοὺς</span> <span class='ocrx_word' id='word_1_968' title='bbox 2207 5442 2616 5513; x_wconf 84' lang='grc' dir='ltr'>ἁμαρτάνοντας</span> <span class='ocrx_word' id='word_1_969' title='bbox 2658 5443 2733 5513; x_wconf 83' lang='grc' dir='ltr'>μὴ</span> <span class='ocrx_word' id='word_1_970' title='bbox 2777 5440 3040 5512; x_wconf 79' lang='grc' dir='ltr'>διορθοῦν.</span> <span class='ocrx_word' id='word_1_971' title='bbox 3090 5442 3200 5495; x_wconf 70' lang='grc' dir='ltr'>Καὶ</span> <span class='ocrx_word' id='word_1_972' title='bbox 3234 5438 3352 5492; x_wconf 85' lang='grc' dir='ltr'>οὐδέ</span> <span class='ocrx_word' id='word_1_973' title='bbox 3388 5436 3702 5506; x_wconf 87' lang='grc' dir='ltr'>ἀδιορίστως</span> 
     </span>
    </p>
   </div>
   <div class='ocr_carea' id='block_1_116' title="bbox 335 5616 1941 5688">
    <p class='ocr_par' dir='ltr' id='par_1_116' title="bbox 335 5616 1941 5688">
     <span class='ocr_line' id='line_1_116' title="bbox 335 5616 1941 5688; baseline 0.007 -22"><span class='ocrx_word' id='word_1_974' title='bbox 335 5619 383 5688; x_wconf 46' lang='grc' dir='ltr'>θ’</span> <span class='ocrx_word' id='word_1_975' title='bbox 404 5616 520 5688; x_wconf 71' lang='grc' dir='ltr'>καὶ]</span> <span class='ocrx_word' id='word_1_976' title='bbox 547 5617 668 5688; x_wconf 69' lang='lat' dir='ltr'>add.</span> <span class='ocrx_word' id='word_1_977' title='bbox 709 5617 871 5670; x_wconf 80' lang='grc' dir='ltr'>πάλιν</span> <span class='ocrx_word' id='word_1_978' title='bbox 896 5617 1032 5672; x_wconf 84' lang='lat' dir='ltr'>Edd.</span> <span class='ocrx_word' id='word_1_979' title='bbox 1110 5619 1156 5649; x_wconf 83' lang='grc'>⁵³</span> <span class='ocrx_word' id='word_1_980' title='bbox 1177 5617 1496 5685; x_wconf 86' lang='grc' dir='ltr'>ἀνάγγειλον</span> <span class='ocrx_word' id='word_1_981' title='bbox 1515 5621 1576 5673; x_wconf 82' lang='grc' dir='ltr'>Α.</span> <span class='ocrx_word' id='word_1_982' title='bbox 1605 5620 1666 5675; x_wconf 89' lang='lat' dir='ltr'>C.</span> <span class='ocrx_word' id='word_1_983' title='bbox 1697 5623 1757 5676; x_wconf 81' lang='lat' dir='ltr'>F.</span> <span class='ocrx_word' id='word_1_984' title='bbox 1836 5623 1884 5656; x_wconf 69' lang='lat'><strong>”</strong></span> <span class='ocrx_word' id='word_1_985' title='bbox 1910 5625 1941 5677; x_wconf 86' lang='grc' dir='ltr'>ἀ</span> 
     </span>
    </p>
   </div>
   <div class='ocr_carea' id='block_1_117' title="bbox 2044 5616 3700 5688">
    <p class='ocr_par' dir='ltr' id='par_1_117' title="bbox 2052 5618 3700 5684">
     <span class='ocr_line' id='line_1_117' title="bbox 2052 5618 3700 5684; baseline -0.002 -8"><span class='ocrx_word' id='word_1_986' title='bbox 2052 5641 2209 5677; x_wconf 90' lang='grc' dir='ltr'>σοντα</span> <span class='ocrx_word' id='word_1_987' title='bbox 2235 5626 2295 5677; x_wconf 79' lang='grc' dir='ltr'>Α.</span> <span class='ocrx_word' id='word_1_988' title='bbox 2369 5626 2414 5656; x_wconf 79' lang='grc'><strong><em>⁵⁵</em></strong></span> <span class='ocrx_word' id='word_1_989' title='bbox 2451 5623 2732 5676; x_wconf 67' lang='grc' dir='ltr'>ἐκέλευσε)</span> <span class='ocrx_word' id='word_1_990' title='bbox 2759 5624 2835 5684; x_wconf 82' lang='grc' dir='ltr'>ὡς</span> <span class='ocrx_word' id='word_1_991' title='bbox 2858 5622 2956 5683; x_wconf 77' lang='grc' dir='ltr'>,τὸν</span> <span class='ocrx_word' id='word_1_992' title='bbox 2988 5620 3063 5670; x_wconf 66' lang='grc' dir='ltr'>ιο.</span> <span class='ocrx_word' id='word_1_993' title='bbox 3107 5619 3167 5672; x_wconf 81' lang='grc' dir='ltr'>Ε.</span> <span class='ocrx_word' id='word_1_994' title='bbox 3207 5620 3266 5673; x_wconf 82' lang='grc' dir='ltr'>1η</span> <span class='ocrx_word' id='word_1_995' title='bbox 3299 5619 3511 5676; x_wconf 64' lang='lat' dir='ltr'>caneris</span> <span class='ocrx_word' id='word_1_996' title='bbox 3537 5618 3700 5673; x_wconf 75' lang='lat' dir='ltr'>verba</span> 
     </span>
    </p>
   </div>
   <div class='ocr_carea' id='block_1_118' title="bbox 263 5686 1941 5764">
    <p class='ocr_par' dir='ltr' id='par_1_118' title="bbox 263 5686 1941 5764">
     <span class='ocr_line' id='line_1_118' title="bbox 263 5686 1941 5764; baseline 0.005 -24"><span class='ocrx_word' id='word_1_997' title='bbox 263 5686 552 5764; x_wconf 69' lang='grc' dir='ltr'>ἐκέλευσεν</span> <span class='ocrx_word' id='word_1_998' title='bbox 683 5703 790 5764; x_wconf 60' lang='lat' dir='ltr'>nor}</span> <span class='ocrx_word' id='word_1_999' title='bbox 820 5689 1348 5764; x_wconf 48' lang='lat' dir='ltr'>lsgqn:0[;_t_a_n_:u_m</span> <span class='ocrx_word' id='word_1_1000' title='bbox 1376 5691 1546 5764; x_wconf 28' lang='grc' dir='ltr'>’φησὶν</span> <span class='ocrx_word' id='word_1_1001' title='bbox 1573 5691 1773 5764; x_wconf 76' lang='lat' dir='ltr'>habent</span> <span class='ocrx_word' id='word_1_1002' title='bbox 1793 5704 1941 5762; x_wconf 67' lang='lat' dir='ltr'>posl&#39;</span> 
     </span>
    </p>
   </div>
   <div class='ocr_carea' id='block_1_119' title="bbox 2044 5686 3702 5764">
    <p class='ocr_par' dir='ltr' id='par_1_119' title="bbox 2044 5690 3702 5764">
     <span class='ocr_line' id='line_1_119' title="bbox 2044 5690 3702 5764; baseline -0.002 -19"><span class='ocrx_word' id='word_1_1003' title='bbox 2044 5695 2164 5764; x_wconf 75' lang='grc' dir='ltr'>ὺνην</span> <span class='ocrx_word' id='word_1_1004' title='bbox 2195 5696 2258 5746; x_wconf 79' lang='grc' dir='ltr'>Α.</span> <span class='ocrx_word' id='word_1_1005' title='bbox 2293 5692 2352 5746; x_wconf 83' lang='lat' dir='ltr'>F.</span> <span class='ocrx_word' id='word_1_1006' title='bbox 2373 5703 2494 5764; x_wconf 77' lang='lat' dir='ltr'>post</span> <span class='ocrx_word' id='word_1_1007' title='bbox 2514 5694 2820 5764; x_wconf 80' lang='grc' dir='ltr'>ἀκούσαντα</span> <span class='ocrx_word' id='word_1_1008' title='bbox 2851 5693 2924 5764; x_wconf 88' lang='lat' dir='ltr'>B._</span> <span class='ocrx_word' id='word_1_1009' title='bbox 2989 5690 3275 5764; x_wconf 61' lang='lat' dir='ltr'>&#39;_°_6sag.slv</span> <span class='ocrx_word' id='word_1_1010' title='bbox 3300 5693 3364 5746; x_wconf 83' lang='lat' dir='ltr'>A.</span> <span class='ocrx_word' id='word_1_1011' title='bbox 3483 5691 3702 5764; x_wconf 74' lang='grc' dir='ltr'>δεσμεῖν</span> 
     </span>
    </p>
   </div>
   <div class='ocr_carea' id='block_1_120' title="bbox 263 5758 1941 5846">
    <p class='ocr_par' dir='ltr' id='par_1_120' title="bbox 263 5758 1923 5846">
     <span class='ocr_line' id='line_1_120' title="bbox 263 5758 1923 5846; baseline 0.004 -36"><span class='ocrx_word' id='word_1_1012' title='bbox 263 5775 326 5810; x_wconf 86' lang='grc' dir='ltr'>τε</span> <span class='ocrx_word' id='word_1_1013' title='bbox 363 5759 457 5846; x_wconf 73' lang='grc' dir='ltr'>καὶ</span> <span class='ocrx_word' id='word_1_1014' title='bbox 493 5758 865 5846; x_wconf 33' lang='grc' dir='ltr'>ΑἋέξουσίαν]</span> <span class='ocrx_word' id='word_1_1015' title='bbox 892 5759 990 5828; x_wconf 80' lang='grc' dir='ltr'>τὴν</span> <span class='ocrx_word' id='word_1_1016' title='bbox 1121 5759 1251 5845; x_wconf 54' lang='grc' dir='ltr'>ιξόά.</span> <span class='ocrx_word' id='word_1_1017' title='bbox 1285 5760 1478 5846; x_wconf 47' lang='grc' dir='ltr'>δεύρπξη</span> <span class='ocrx_word' id='word_1_1018' title='bbox 1518 5761 1680 5846; x_wconf 59' lang='lat' dir='ltr'>thus</span> <span class='ocrx_word' id='word_1_1019' title='bbox 1708 5779 1760 5846; x_wconf 40' lang='lat' dir='ltr'>vi</span> <span class='ocrx_word' id='word_1_1020' title='bbox 1783 5758 1923 5846; x_wconf 45' lang='lat' dir='ltr'>:cum</span> 
     </span>
    </p>
   </div>
   <div class='ocr_carea' id='block_1_121' title="bbox 2044 5758 3695 5846">
    <p class='ocr_par' dir='ltr' id='par_1_121' title="bbox 2044 5758 3695 5846">
     <span class='ocr_line' id='line_1_121' title="bbox 2044 5758 3695 5846; baseline -0.002 -29"><span class='ocrx_word' id='word_1_1021' title='bbox 2044 5758 2132 5846; x_wconf 36' lang='lat'>1:11</span> <span class='ocrx_word' id='word_1_1022' title='bbox 2153 5758 2393 5846; x_wconf 61' lang='lat' dir='ltr'>nmmin</span> <span class='ocrx_word' id='word_1_1023' title='bbox 2451 5765 2494 5795; x_wconf 81' lang='grc'>⁸⁷</span> <span class='ocrx_word' id='word_1_1024' title='bbox 2521 5761 2927 5846; x_wconf 60' lang='grc' dir='ltr'>ῥαθυμοτέρων]</span> <span class='ocrx_word' id='word_1_1025' title='bbox 2959 5759 3084 5846; x_wconf 73' lang='lat' dir='ltr'>ad_d.</span> <span class='ocrx_word' id='word_1_1026' title='bbox 3136 5761 3194 5846; x_wconf 69' lang='grc' dir='ltr'>τὸ</span> <span class='ocrx_word' id='word_1_1027' title='bbox 3233 5763 3516 5846; x_wconf 74' lang='grc' dir='ltr'>εἰρημένον</span> <span class='ocrx_word' id='word_1_1028' title='bbox 3566 5758 3695 5846; x_wconf 38' lang='grc' dir='ltr'>Ειιὸ.</span> 
     </span>
    </p>
   </div>
   <div class='ocr_carea' id='block_1_122' title="bbox 261 5823 1941 5898">
    <p class='ocr_par' dir='ltr' id='par_1_122' title="bbox 261 5823 1931 5898">
     <span class='ocr_line' id='line_1_122' title="bbox 261 5823 1931 5898; baseline 0.004 -18"><span class='ocrx_word' id='word_1_1029' title='bbox 261 5837 457 5881; x_wconf 76' lang='lat' dir='ltr'>contra</span> <span class='ocrx_word' id='word_1_1030' title='bbox 488 5828 639 5881; x_wconf 82' lang='lat' dir='ltr'>codd.</span> <span class='ocrx_word' id='word_1_1031' title='bbox 675 5823 957 5898; x_wconf 14' lang='grc' dir='ltr'>κοινοὶ-δεῖ</span> <span class='ocrx_word' id='word_1_1032' title='bbox 1027 5831 1072 5860; x_wconf 70' lang='grc'>⁸³</span> <span class='ocrx_word' id='word_1_1033' title='bbox 1098 5829 1172 5898; x_wconf 83' lang='grc' dir='ltr'>μὴ</span> <span class='ocrx_word' id='word_1_1034' title='bbox 1204 5832 1376 5881; x_wconf 84' lang='grc' dir='ltr'>ποιεῖν</span> <span class='ocrx_word' id='word_1_1035' title='bbox 1408 5829 1467 5882; x_wconf 80' lang='lat' dir='ltr'>F.</span> <span class='ocrx_word' id='word_1_1036' title='bbox 1544 5823 1931 5886; x_wconf 69' lang='grc' dir='ltr'>⁵⁹”κατελίπατε</span> 
     </span>
    </p>
   </div>
   <div class='ocr_carea' id='block_1_123' title="bbox 2044 5823 2612 5898">
    <p class='ocr_par' dir='ltr' id='par_1_123' title="bbox 2068 5823 2612 5888">
     <span class='ocr_line' id='line_1_123' title="bbox 2068 5823 2612 5888; baseline 0 -2"><span class='ocrx_word' id='word_1_1037' title='bbox 2068 5834 2126 5888; x_wconf 76' lang='grc' dir='ltr'>Ρ.</span> <span class='ocrx_word' id='word_1_1038' title='bbox 2181 5823 2530 5886; x_wconf 75' lang='grc' dir='ltr'>κατελείπετέ</span> <span class='ocrx_word' id='word_1_1039' title='bbox 2553 5823 2612 5886; x_wconf 80' lang='lat' dir='ltr'>D.</span> 
     </span>
    </p>
   </div>
   <div class='ocr_carea' id='block_1_124' title="bbox 2691 5832 3698 5906">
    <p class='ocr_par' dir='ltr' id='par_1_124' title="bbox 2691 5832 3698 5906">
     <span class='ocr_line' id='line_1_124' title="bbox 2691 5832 3698 5906; baseline -0.016 -7"><span class='ocrx_word' id='word_1_1040' title='bbox 2691 5832 2733 5861; x_wconf 76' lang='grc'>⁶⁰</span> <span class='ocrx_word' id='word_1_1041' title='bbox 2758 5832 2852 5900; x_wconf 78' lang='grc' dir='ltr'>μὴ.</span> <span class='ocrx_word' id='word_1_1042' title='bbox 2889 5834 3028 5900; x_wconf 79' lang='lat' dir='ltr'>quod</span> <span class='ocrx_word' id='word_1_1043' title='bbox 3071 5834 3229 5906; x_wconf 62' lang='lat' dir='ltr'>Vuign</span> <span class='ocrx_word' id='word_1_1044' title='bbox 3259 5832 3429 5898; x_wconf 61' lang='grc' dir='ltr'>ὁρέει.</span> <span class='ocrx_word' id='word_1_1045' title='bbox 3484 5851 3550 5888; x_wconf 79' lang='lat' dir='ltr'><strong>ex</strong></span> <span class='ocrx_word' id='word_1_1046' title='bbox 3592 5844 3698 5884; x_wconf 85' lang='lat' dir='ltr'>uno</span> 
     </span>
    </p>
   </div>
   <div class='ocr_carea' id='block_1_125' title="bbox 261 5897 1941 5974">
    <p class='ocr_par' dir='ltr' id='par_1_125' title="bbox 261 5897 1937 5970">
     <span class='ocr_line' id='line_1_125' title="bbox 261 5897 1937 5970; baseline 0.002 -19"><span class='ocrx_word' id='word_1_1047' title='bbox 261 5901 388 5951; x_wconf 73' lang='lat' dir='ltr'>cod.</span> <span class='ocrx_word' id='word_1_1048' title='bbox 428 5899 487 5951; x_wconf 77' lang='grc' dir='ltr'>Ε.</span> <span class='ocrx_word' id='word_1_1049' title='bbox 509 5897 707 5964; x_wconf 63' lang='grc' dir='ltr'>τρεῖ-ρὶ.</span> <span class='ocrx_word' id='word_1_1050' title='bbox 739 5897 813 5947; x_wconf 81' lang='lat' dir='ltr'>De</span> <span class='ocrx_word' id='word_1_1051' title='bbox 840 5899 1049 5952; x_wconf 62' lang='lat' dir='ltr'>essu-ris</span> <span class='ocrx_word' id='word_1_1052' title='bbox 1079 5897 1129 5950; x_wconf 82' lang='lat' dir='ltr'>in</span> <span class='ocrx_word' id='word_1_1053' title='bbox 1159 5899 1343 5953; x_wconf 73' lang='lat' dir='ltr'>adnot.</span> <span class='ocrx_word' id='word_1_1054' title='bbox 1379 5903 1609 5956; x_wconf 78' lang='lat' dir='ltr'>mmth</span> <span class='ocrx_word' id='word_1_1055' title='bbox 1643 5899 1714 5970; x_wconf 76' lang='grc' dir='ltr'>μὴ</span> <span class='ocrx_word' id='word_1_1056' title='bbox 1739 5913 1860 5956; x_wconf 79' lang='lat' dir='ltr'>anlc</span> <span class='ocrx_word' id='word_1_1057' title='bbox 1893 5904 1937 5955; x_wconf 84' lang='grc' dir='ltr'>δι</span> 
     </span>
    </p>
   </div>
   <div class='ocr_carea' id='block_1_126' title="bbox 2044 5897 2532 5974">
    <p class='ocr_par' dir='ltr' id='par_1_126' title="bbox 2044 5903 2532 5958">
     <span class='ocr_line' id='line_1_126' title="bbox 2044 5903 2532 5958; baseline -0.008 -2"><span class='ocrx_word' id='word_1_1058' title='bbox 2044 5905 2132 5956; x_wconf 78' lang='grc' dir='ltr'>οῦν</span> <span class='ocrx_word' id='word_1_1059' title='bbox 2160 5920 2267 5958; x_wconf 87' lang='lat' dir='ltr'>om.</span> <span class='ocrx_word' id='word_1_1060' title='bbox 2304 5905 2362 5956; x_wconf 77' lang='grc' dir='ltr'>Δ.</span> <span class='ocrx_word' id='word_1_1061' title='bbox 2389 5904 2448 5957; x_wconf 86' lang='lat' dir='ltr'>C.</span> <span class='ocrx_word' id='word_1_1062' title='bbox 2475 5903 2532 5954; x_wconf 92' lang='lat' dir='ltr'>D.</span> 
     </span>
    </p>
   </div>
   <div class='ocr_carea' id='block_1_127' title="bbox 690 5993 1356 6056">
    <p class='ocr_par' dir='ltr' id='par_1_127' title="bbox 690 5993 1356 6056">
     <span class='ocr_line' id='line_1_127' title="bbox 690 5993 1356 6056; baseline 0.006 -5"><span class='ocrx_word' id='word_1_1063' title='bbox 690 5995 957 6052; x_wconf 76' lang='lat' dir='ltr'>PATHOL.</span> <span class='ocrx_word' id='word_1_1064' title='bbox 1006 5996 1118 6052; x_wconf 80' lang='lat' dir='ltr'>Gn.</span> <span class='ocrx_word' id='word_1_1065' title='bbox 1174 5993 1356 6056; x_wconf 66' lang='lat' dir='ltr'>LV”.</span> 
     </span>
    </p>
   </div>
   <div class='ocr_carea' id='block_1_128' title="bbox 3230 5993 3301 6051">
    <p class='ocr_par' dir='ltr' id='par_1_128' title="bbox 3230 5993 3301 6051">
     <span class='ocr_line' id='line_1_128' title="bbox 3230 5993 3301 6051; baseline 0.028 -2"><span class='ocrx_word' id='word_1_1066' title='bbox 3230 5993 3301 6051; x_wconf 81' lang='grc'><strong>15</strong></span> 
     </span>
    </p>
   </div>
  </div>
