4080 6138
413 236 515 291 Ξίιιὶ

409 353 579 403 (una:
625 347 743 399 τότε
794 346 1045 417 ἐπετίμα,
1103 345 1236 398 ἀλλὰ
1274 344 1541 415 μαθηταῖς
1576 344 1703 413 περὶ
1743 343 2076 397 διδασκάλοιν

405 437 561 488 τοῦτο
613 434 856 488 ποιοῦσιν
918 435 1257 505 ἐπέπληττε,
1300 434 1397 486 καὶ
1443 436 1554 494 τοῖς
1619 431 1829 502 μυρίων
1893 433 2077 486 κακῶν

408 525 728 590 ὑπευθύνοις
793 521 953 587 οῦσι,
1019 525 1147 587 τοὺς
1191 524 1236 555 ⁶¹
1299 523 1622 584 ἀνευθύνους
1675 521 2073 576 διαϐάλλουσιν.

407 617 583 686 Ὅπερ
631 608 724 667 οῦν
781 615 875 666 καὶ
913 614 941 664 ὁ
999 610 1234 683 Χριστὸς
1272 609 1504 663 ἐνταῦθα
1547 609 1798 680 ῂνίξατο’
1834 609 1928 662 καὶ
1980 611 2076 680 οὐχ

405 702 590 765 ἁπλῶς
639 701 890 774 ᾐνίξατο,
936 700 1070 753 ἀλλὰ
1121 700 1214 751 καὶ
1254 699 1418 750 πολὺν
1457 697 1726 767 ἐπέστησε
1759 697 1850 749 τὸν
1876 698 2072 764 φόϐον.

403 791 500 842 καὶ
551 789 650 859 τὴν
701 788 921 841 κόλασιν
972 786 1363 856 ἀπαραίτητον.
1420 786 1522 838 Ἐν
1576 777 1623 849 ᾧ
1677 784 1789 853 τὰρ
1841 785 2074 853 κρίματι

406 879 670 947 κρίνετε,
725 877 893 947 φησί,
939 875 1318 942 κριθήσεσθε.
1360 873 1435 924 Οὐ
1495 873 1604 942 7&9
1649 874 1854 926 ἐκεῖνον
1905 891 2073 926 κατα-

403 963 639 1029 δικάζεις
665 1006 679 1027 ,
724 966 906 1034 φησὶν,
956 961 1093 1015 ἀλλὰ
1143 961 1358 1023 σαυτὸν,
1394 962 1488 1014 καὶ
1514 961 1740 1029 φοϐερόν
1784 978 1863 1013 σοι
1902 964 2072 1026 ποιεῖς

404 1050 464 1102 τὺ
513 1050 856 1120 δικαστήριον
885 1091 898 1114 ,
962 1051 1056 1102 καὶ
1106 1049 1352 1118 ἀκριϐεῖς
1399 1048 1498 1111 τὰς
1561 1048 1807 1110 εὐθύνας.
1865 1051 2073 1120 Ὥσπερ

381 1134 496 1190 ἀοῦν
547 1139 605 1190 ἐν
646 1140 710 1206 τῇ
761 1137 870 1190 τῶν
915 1137 1326 1208 ἁμαρτημάτων
1374 1137 1567 1204 ἀφέσει
1623 1138 1751 1207 παρ’
1807 1137 1965 1206 ἡμῶν
2017 1139 2071 1189 αἰ

389 1226 600 1294 τάρχαὶ,
643 1223 786 1277 οὕτω
838 1224 932 1277 καὶ
979 1226 1037 1277 ἐν
1089 1224 1262 1294 ταύτῃ
1304 1226 1370 1294 τῇ
1415 1225 1593 1294 κρίσει
1637 1225 1767 1294 παρ’
1815 1224 1970 1293 ἡμῶν
2004 1224 2072 1277 τά

381 1312 578 1383 -μέτρα
631 1312 729 1382 τῆς
801 1311 1098 1381 καταδίκης
1151 1311 1376 1364 τίθεται.
1441 1311 1575 1364 Ούδὲ
1632 1312 1741 1379 γὰρ
1798 1310 2071 1376 ὀνειδίζειν

393 1397 517 1460 δεῖ,
586 1397 706 1450 ούδέ
764 1397 1158 1468 ἐπεμϐαίνειν,
1219 1397 1355 1450 ἀλλὰ
1403 1397 1708 1449 νουθετεῖν·
1773 1398 1831 1449 ού
1896 1415 2066 1469 κακη-

400 1489 582 1555 γορεῖν
599 1487 664 1549 “,
694 1486 828 1540 ἀλλὰ
881 1487 1266 1557 συμϐουλεύειν
1287 1506 1300 1521 ·
1333 1487 1453 1540 οὐδὲ
1486 1487 1624 1558 μετά
1653 1487 1911 1552 ἀπονοίας
1947 1489 2068 1540 ἐπι-

396 1573 681 1637 τίθεσθαι,
735 1574 870 1628 ἀλλά
913 1576 1050 1644 μετὰ
1100 1574 1478 1645 φιλοστοργίας
1527 1574 1791 1644 διορθοῦν.
1833 1577 1906 1628 υύ
1958 1575 2065 1646 γὰρ

401 1662 626 1722 ἐκεῖνον,
659 1661 794 1714 ἀλλὰ
820 1661 1014 1715 σαυτὸν
1040 1663 1240 1732 ἐσχάτῃ
1277 1662 1583 1731 παραδίδως
1611 1663 1656 1693 ⁸³
1682 1664 1922 1733 τιμωρίᾳ
1942 1703 1956 1726 ,
1990 1665 2067 1734 μὴ

400 1747 710 1818 φειδόμενος
737 1748 922 1813 αὑτοῦ,
963 1749 1123 1818 ἡνίκα
1151 1750 1215 1802 ἂν
1241 1748 1407 1821 δεήσῃ
1439 1749 1771 1820 ψηφίζεσθαι
1804 1750 1930 1821 περὶ
1957 1750 2068 1803 τῶν

399 1834 768 1904 πεπλημμελη
775 1835 951 1906 μένων
977 1836 1144 1906 αύτῷ.

469 1921 534 1990 β’.
583 1924 744 1992 Ὁρᾷς
777 1924 896 1987 πῶς
925 1917 1088 1978 αὗται
1115 1926 1168 1977 αἰ
1216 1925 1309 1978 δύο
1341 1926 1552 1980 ἐντολαὶ
1599 1926 1692 1978 καὶ
1747 1925 1944 1994 κοῦφαι
1975 1927 2066 1980 καὶ

397 2009 650 2076 μεγάλων
683 2009 859 2064 αἴτιαι
911 2008 1130 2080 ἀγαθῶν
1163 2015 1274 2076 τοῖς
1323 2013 1663 2084 πειθομένοις
1687 2055 1700 2078 ,
1737 2012 1925 2082 ὥσπερ
1973 2009 2065 2066 οὖν

391 2097 492 2149 καὶ
523 2098 707 2150 κακῶν
742 2102 853 2163 τοῖς
895 2099 968 2171 μὴ
1008 2101 1400 2172 προσέχουσινς
1433 2102 1501 2154 "0
1532 2119 1590 2155 τε
1641 2101 1749 2172 γὰρ
1779 2102 1960 2170 ἀφιεὶς
1985 2102 2065 2172 τῷ

397 2186 638 2255 πλησίον,
676 2188 866 2240 ἐαυτὸν
897 2188 1001 2256 πρὸ
1029 2189 1236 2242 ἐκείνου
1269 2188 1378 2242 τῶν
1405 2189 1765 2259 ἐγκλημάτων
1811 2189 2064 2259 ἀπήλλα-

399 2274 506 2337 ξεν,
530 2273 683 2327 οὐδὲν
709 2275 900 2344 καμών
924 2291 939 2305 ·
974 2275 1002 2327 ὅ
1022 2293 1078 2328 τε
1112 2277 1250 2346 μετὰ
1277 2277 1487 2345 φειδοῦς
1517 2278 1610 2329 καὶ
1640 2275 1968 2348 συγγνώμης
1997 2277 2065 2330 τά

388 2359 908 2431 πεπλημμελημένα
937 2363 1144 2432 ἑτέροις
1189 2362 1448 2426 ἐξετάσας
1470 2403 1484 2426 ,
1526 2364 1700 2416 πολὺν
1756 2364 1931 2434 ἐαυτῷ
1963 2365 2063 2433 τῆς

397 2446 728 2517 συγγνώμης
767 2448 857 2500 τὸν
897 2447 1087 2519 ἔρανον
1127 2449 1236 2501 ἀπὸ
1267 2450 1366 2519 τῆς
1395 2450 1576 2520 ψήφου
1605 2450 1964 2520 προαπέθετο.
1998 2452 2064 2504 Τί

385 2528 528 2598 λοῦν;
562 2532 628 2587 ἀν
657 2536 926 2606 πορνεύῃ,
968 2536 1121 2606 φησὶ,
1160 2536 1234 2606 μὴ
1265 2537 1400 2589 εἴπω
1432 2537 1512 2588 ὃτι
1552 2537 1722 2590 κακὸν
1751 2539 1784 2608 ἡ
1821 2538 2063 2610 πορνεία,

399 2621 534 2691 μηδέ
561 2621 940 2692 διορθώσωμαι
969 2622 1012 2654 ⁸⁸
1037 2621 1127 2675 τὸν
1154 2623 1572 2690 ἀσελγαίνοντας
1604 2623 1905 2694 Διόρθωσον
1942 2626 2061 2695 μὲν,

391 2709 530 2762 ἀλλά
569 2709 643 2779 μὴ
682 2709 757 2772 ὡς
790 2710 1076 2780 πολέμιος,
1111 2710 1247 2781 μηδὲ
1278 2710 1356 2773 ὼς
1388 2711 1578 2782 ἐχθρὸς
1605 2711 1850 2764 ἀπαιτῶν
1881 2713 2061 2783 δίκην,

389 2796 509 2848 ἀλλ’
534 2795 608 2860 ὡς
628 2797 824 2866 ἰατρὸς
859 2797 1127 2868 φάρμακα
1147 2798 1593 2862 κατασκευάζων.
1625 2799 1759 2852 Οὐδὲ
1787 2799 1894 2872 7&9
1919 2796 2062 2866 εἷπε,

399 2885 475 2953 μὴ
511 2883 717 2954 παύσῃς
759 2885 1170 2954 ἁμαρτάνοντα,
1208 2885 1374 2951 ἀλλὰ,
1425 2889 1498 2956 μὴ
1527 2887 1752 2960 κρίνῃς·
1791 2888 2061 2951 τουτέστι,

389 2970 474 3041 μὴ
503 2970 694 3040 πικρὸς
722 2971 870 3039 γίνου
909 2970 1187 3042 δικαστής.
1223 2973 1430 3036 Ἀλλως
1473 2973 1530 3026 δὲ
1567 2974 1687 3028 ούδὲ
1712 2974 1757 3005 ⁸⁵⁵
1791 2977 1918 3045 περί
1957 2977 2064 3029 τῶν

398 3055 649 3126 μεγάλων
678 3059 771 3109 καὶ
804 3057 1286 3128 ἀπηγορευμένων,
1319 3060 1452 3128 ὅπερ
1481 3059 1650 3129 ἔφθην
1685 3061 1886 3126 εἰπὼν,
1925 3060 2062 3115 ἀλλά

397 3145 523 3214 περὶ
561 3144 670 3196 τῶν
715 3145 834 3198 ούδέ
873 3145 1172 3198 δοκούντων
1216 3141 1354 3200 εἶναι
1389 3147 1874 3218 πλημμελημάτων
1904 3148 2062 3202 τοῦτο

391 3232 626 3301 εἴρηται.
656 3232 747 3285 Διὸ
773 3233 868 3286 καὶ
897 3232 1079 3302 ἐλεγεο
1122 3233 1184 3288 Τί
1219 3233 1477 3299 ,Βλέπεις
1524 3233 1589 3286 τὸ
1623 3233 1853 3303 κάρφος
1893 3233 1960 3286 τὸ
1994 3235 2064 3287 ἐν

389 3316 474 3382 ,τῷ
503 3318 788 3388 ὀφθαλμῷ
815 3319 920 3373 τοῦ
959 3319 1230 3389 ἀδελφοῦ
1274 3337 1424 3385 σου;
1459 3320 1570 3374 Kal
1611 3321 2081 3392 γὰρπολλοὶνῦν⁸⁶

393 3408 552 3460 τοῦτο
597 3407 840 3460 ποιοῦσι·
901 3408 1006 3460 κᾶν
1064 3409 1213 3461 ῖδωσι
1275 3408 1506 3477 μοναχὸν
1541 3409 1796 3480 περιττὸν
1851 3410 2065 3480 ἱμάτιον

395 3495 613 3564 ἔχοντα,
640 3495 732 3547 τὸν
760 3496 922 3565 νῦμον
961 3494 1110 3564 αύτῴ
1167 3490 1561 3565 προϐάλλονται
1601 3495 1692 3547 τὸν
1724 3496 2062 3562 δεσποτικὸν,

393 3583 548 3636 αὐτοὶ
579 3582 748 3652 μυρία
780 3582 1111 3654 ἁρπάζοντες
1137 3583 1231 3634 καὶ
1269 3581 1388 3634 καθ’
1410 3580 1564 3654 [286]
1594 3583 1830 3654 ἑκάστην
1848 3585 2064 3637 πλεονε-

395 3673 650 3733 κτοῦντες
703 3671 802 3740 τὴν
851 3670 1065 3742 ἡμέραν
1097 3687 1111 3702 °
1145 3672 1250 3724 κᾶν
1275 3672 1424 3724 ἴδωσι
1447 3671 1834 3742 δαψιλεστέρας
1859 3675 2062 3744 τροφῆς

396 3763 756 3824 ἀπολαύοντα,
774 3761 960 3833 πικροὶ
975 3762 1214 3831 γίνονται
1233 3761 1523 3831 κατήγοροι
1538 3760 1660 3814 καθ’
1682 3762 1894 3833 ἡμέραν
1911 3763 2062 3815 αὐτοὶ

397 3850 687 3920 μεθύοντες
719 3851 812 3902 καὶ
839 3848 1248 3919 κραιπαλῶντες
1269 3890 1282 3911 ,
1307 3848 1406 3900 οὐκ
1437 3848 1639 3911 εἰδότες
1667 3848 1747 3900 ὅτι
1774 3848 1913 3918 μετά
1951 3848 2061 3900 τῶν

387 3937 609 3990 οἰκείων
660 3937 1071 4007 ἁμαρτημάτων
1125 3937 1306 4006 μεῖζον
1356 3935 1567 3998 ἑαυτοῖς
1635 3934 1885 3988 ἐντεῦθεν
1939 3951 2063 3988 συν-

394 4026 584 4092 άγουσι
605 4025 664 4077 τὸ
693 4024 933 4095 πῦρ,καί
966 4025 1144 4094 πάσης
1184 4024 1406 4086 ἑαυτοὺς
1431 4022 1826 4092 ἀποστεροῦσιν
1861 4022 2054 4074 ἀπολο-

390 4111 518 4180 γίας
546 4113 611 4167 ⁸⁷.
641 4113 761 4164 Ὅτι
803 4112 902 4183 μὲν
931 4111 1039 4181 γὰρ
1086 4111 1167 4163 δεῖ
1193 4111 1329 4181 μετὰ
1359 4110 1642 4180 ἀκριϐείας
1669 4109 1942 4174 ἐξετάζειν
1991 4110 2058 4162 τά

393 4200 463 4254 σά
487 4241 502 4265 ,
558 4202 622 4254 σὺ
670 4200 884 4272 πρῶτος
931 4201 1094 4270 νόμον
1123 4199 1354 4270 ἔθηκας,
1384 4198 1525 4251 οὕτω
1553 4201 1666 4260 τοῖς
1705 4197 1798 4250 τοῦ
1831 4197 2057 4268 πλησίον

383 4288 635 4350 δικάσας.
669 4287 759 4356 Μὴ
808 4287 985 4339 τοίνυν
1021 4286 1158 4356 βαρὺ
1205 4285 1388 4353 νόμιζε
1443 4281 1614 4347 εἶναι,
1650 4286 1698 4337 εί
1758 4286 1851 4338 καὶ
1896 4285 2056 4348 αὐτὸς

393 4375 606 4446 μέλλεις
632 4373 882 4437 τοιαύτας
918 4375 1139 4442 ὑπέχειν
1179 4372 1426 4434 εὐθύνας.
1474 4373 1799 4439 Ὑποκριτὰ,
1839 4371 2057 4425 ἔκϐαλε

389 4462 625 4530 πρῶτον
659 4461 775 4528 τὴν
818 4460 1002 4513 δοκὸν
1027 4459 1095 4511 ἐκ
1131 4457 1236 4512 τοῦ
1271 4459 1578 4530 ὀφθαλμοῦ
1614 4473 1751 4512 σου.
1792 4458 2054 4511 Ἐνταῦθα

388 4553 484 4622 τὴν
522 4549 692 4620 όργὴν
741 4545 1075 4612 ἐνδείξασθαι
1122 4544 1366 4615 βούλεται
1406 4545 1502 4615 τὴν
1541 4545 1779 4614 πολλὴν,
1829 4546 1894 4615 ἣν
1943 4544 2052 4614 ἔχει

389 4637 524 4708 πρὸς
552 4638 680 4700 τοὺς
716 4635 785 4689 τὰ
823 4633 1047 4688 τοιαῦτα
1094 4631 1398 4696 ποιοῦντας.
1429 4633 1539 4684 Kal
1575 4632 1684 4702 7&9
1711 4633 1955 4702 ὅπουπερ
1986 4632 2052 4685 ἂν

389 4725 619 4796 βουληθῇ
647 4723 814 4788 δεῖξαι
846 4722 906 4775 τὸ
953 4721 1255 4791 ἁμάρτημα
1289 4718 1428 4788 μέγα
1457 4717 1545 4782 ὃν,
1595 4717 1687 4770 καὶ
1729 4717 1928 4788 πολλὴν
1955 4717 2051 4788 τήν

385 4810 473 4863 ἐπ’
515 4809 660 4879 αὐτῷ
720 4810 936 4863 κόλασιν
976 4810 1066 4861 καὶ
1115 4806 1283 4878 ὀργὴν
1315 4845 1328 4869 ,
1379 4806 1488 4859 ἀπὸ
1548 4803 1758 4875 ὕϐρεως
1802 4805 2048 4874 ἄρχεται.

387 4899 598 4967 Ὠσπερ
633 4893 725 4949 οῦν
771 4897 866 4950 καὶ
910 4898 1044 4968 πρὸς
1097 4897 1303 4949 ἐκεῖνον
1347 4895 1436 4948 τὸν
1482 4893 1550 4947 τὰ
1589 4893 1780 4947 ἑκατὸν
1822 4893 2048 4963 δηνάρια

385 4983 718 5039 ἀπαιτοῦντα
747 4983 1066 5052 ἀγανακτῶν
1113 4983 1290 5050 έλεγε·
1326 4982 1562 5049 Πονηρὲ
1599 4980 1809 5043 δοῦλε,
1844 4979 2050 5034 πᾶσαν

383 5072 499 5140 τὴν
525 5070 780 5139 ὀφειλὴν
817 5070 1058 5136 ἐκείνην
1094 5069 1295 5138 ἀφῆκά
1330 5085 1429 5122 σοι
1453 5087 1468 5101 ο
1499 5068 1641 5122 οὕτω
1671 5069 1763 5121 καὶ
1792 5067 2044 5131 ἐνταῦθα,

393 5156 719 5227 ἰ’ποκριτά.
761 5157 836 5210 Οὐ
861 5157 970 5226 γὰρ
1005 5156 1322 5226 κηδεμονίας
1351 5159 1384 5226 ἡ
1411 5157 1634 5226 τοιαύτη
1663 5156 1841 5225 ψῆφος
1865 5197 1878 5218 ,
1914 5155 2048 5210 ἁλλά

383 5245 795 5317 μισανθρωπίας
833 5243 986 5297 ἐστί’
1021 5244 1112 5296 καὶ
1145 5247 1483 5312 προσωπεῖον
1517 5243 1614 5311 μὲν
1641 5241 2046 5314 φιλανθρωπίας

1169 232 1224 284 s.
1267 227 1550 284 JOANNIS
1587 228 2073 284 cmn'sosmm
2113 231 2430 289 ARCIIIEP.
2468 191 3014 290 CONSTANTINOP.

3742 243 3837 297 510

2178 348 2496 402 διδασκάλου
2517 349 2668 414 τάξιν
2691 350 2972 421 ἁρπάζων,
2992 351 3111 405 οὐδὲ
3142 352 3386 423 μαθητὴς
3409 349 3553 417 ἄξιος
3577 352 3652 406 ὢν
3671 351 3806 410 εἶναι
3823 372 3839 389 ·

2177 434 2264 487 διὰ
2293 435 2450 489 τοῦτο
2481 437 2526 468 ⁸⁸
2549 438 2849 508 ὑποκριτὴν
2877 439 3039 492 αὐτὸν
3069 440 3348 493 ἐκάλεσεν.
3389 441 3447 492 Ὀ
3486 441 3596 511 γὰρ
3644 443 3701 495 ἐν
3736 446 3841 508 τοῖς

2177 522 2380 592 ἐτέρων
2401 522 2573 587 οὕτως
2606 523 2683 578 ὣν
2713 524 2940 596 πικρὸς,
2979 525 3056 588 ὡς
3085 526 3179 579 καὶ
3207 527 3275 579 τὰ
3309 527 3481 597 μικρά
3526 528 3654 582 ἰδεῖν
3673 567 3688 592 ,
3731 530 3843 593 πῶς

2175 611 2235 661 ἐν
2262 612 2376 672 τοῖς
2410 613 2524 674 σοῖς
2545 611 2687 664 οὕτω
2712 612 2940 680 γέγονας
2975 612 3219 683 ῥᾴθυμος
3242 651 3256 674 ,
3295 613 3366 678 ώς
3411 615 3504 667 καὶ
3529 617 3597 668 τὰ
3637 617 3843 686 μεγάλα

2175 698 2548 768 παραδραμεῖν
2584 715 2598 762 ;
2633 700 2893 752 Ἔκϐαλε
2943 698 3178 766 πρῶτον
3232 701 3346 767 τὴν
3392 700 3577 754 δοκὸν
3612 703 3681 756 ἐκ
3740 704 3843 757 τοῦ

2174 785 2486 854 ὀφθαλμοῦ
2511 800 2648 840 σου.
2685 787 2850 857 Ὀρᾷς
2873 828 2889 850 ,
2924 788 3006 840 δτι
3034 787 3094 839 ού
3117 786 3313 840 κωλύει
3343 789 3404 841 τὸ
3434 790 3642 860 κρίνειν
3662 831 3678 855 ,
3714 791 3844 845 ἀλλά

2175 875 2381 928 κελεύει
2412 875 2693 930 ἐκϐάλλειν
2719 877 2763 908 ⁶⁹
2792 874 3007 945 πρῶτον
3028 875 3125 945 τὴν
3153 877 3309 930 δοκὸν
3337 879 3402 929 ἐκ
3426 877 3520 931 τοῦ
3541 879 3841 950 ὀφθαλμοῦ,

2174 962 2266 1015 καὶ
2303 963 2421 1015 τότε
2450 961 2520 1016 τὰ
2552 962 2661 1016 τῶν
2707 962 2884 1017 ἄλλων
2933 962 3219 1033 διορθοῦν;
3256 965 3367 1017 Kal
3415 965 3521 1035 7&9
3552 967 3622 1019 τά
3650 967 3842 1020 ἑαυτοῦ

2170 1067 2254 1113 τις
2285 1050 2482 1120 μᾶλλον
2507 1047 2669 1113 οἶδεν,
2709 1051 2743 1120 ἢ
2772 1049 2841 1104 τά
2870 1049 3074 1122 ἑτέρων
3102 1067 3114 1080 °
3148 1056 3242 1104 καὶ
3275 1051 3344 1105 τὰ
3382 1053 3605 1119 μείζονα
3648 1053 3843 1123 μᾶλλον

2169 1138 2312 1208 ὁρᾷ,
2353 1137 2486 1207 ἢτὰ
2519 1137 2758 1197 ἐλάττωε
2803 1138 2896 1192 καὶ
2944 1138 3132 1191 ἑαυτὸν
3185 1137 3385 1208 μᾶλλον
3436 1139 3617 1207 φιλεῖ,
3676 1139 3708 1208 ἢ
3755 1140 3843 1191 τὸν

2171 1225 2419 1294 πλησίον.
2461 1225 2622 1277 Ὥστε
2681 1226 2730 1276 εί
2786 1225 3085 1296 κηδόμενος
3142 1229 3316 1289 ποιεῖς
3348 1265 3363 1290 ,
3428 1226 3626 1280 σαυτοῦ
3679 1227 3841 1296 κήδου

2172 1312 2432 1383 πρότερον
2457 1352 2471 1376 ,
2505 1311 2633 1364 ἔνθα
2690 1312 2784 1364 καὶ
2831 1313 3162 1384 σαφέστερον
3193 1315 3285 1366 καὶ
3342 1315 3524 1384 μεῖζον
3558 1313 3619 1367 τό
3666 1316 3844 1384 ἀμάρ-

2169 1414 2338 1468 τημα.
2371 1398 2432 1449 Εἰ
2469 1397 2527 1450 δὲ
2569 1397 2764 1451 σαυτοῦ
2815 1400 3178 1469 καταφρονεῖς
3202 1439 3218 1463 ,
3249 1398 3470 1469 εὔδηλον
3500 1401 3582 1453 ὅτι
3623 1401 3718 1454 καὶ
3756 1401 3844 1454 τὸν

2170 1484 2395 1552 ἀδελφὸν
2429 1484 2474 1515 τ’
2527 1484 2587 1536 οὐ
2622 1483 2916 1553 κηδόμενος
2966 1485 3208 1555 κρίνεις,
3245 1485 3381 1538 ἀλλά
3417 1486 3590 1555 μισῶν
3630 1487 3728 1539 καὶ
3753 1488 3845 1538 ἐκ·

2169 1572 2485 1644 πομπεῦσαι
2518 1571 2857 1642 βουλόμενος.
2897 1575 2960 1626 Εἰ
3009 1574 3116 1644 γὰρ
3151 1575 3245 1627 καὶ
3296 1573 3404 1626 δέοι
3454 1573 3640 1627 τοῦτον
3671 1576 3846 1644 κρίνε-

2171 1659 2314 1724 σθαι,
2349 1660 2500 1730 παρά
2527 1658 2621 1712 τοῦ
2665 1659 2830 1729 μηδὲν
2855 1659 3098 1713 τοιοῦτον
3130 1661 3566 1732 ἁμαρτάνοντος,
3597 1662 3657 1713 οὐ
3694 1661 3842 1731 παρὰ

2169 1747 2283 1802 σοῦ.
2319 1746 2535 1818 Ἐπειδὴ
2565 1747 2674 1817 7&9
2706 1747 2919 1818 μεγάλα
2943 1747 3038 1801 καί
3063 1747 3244 1818 ὑψηλὰ
3273 1747 3588 1816 φιλοσοφίας
3619 1748 3842 1811 ἐνέθηκε

2166 1834 2441 1904 δόγματα,
2471 1834 2558 1886 ἵνα
2592 1835 2666 1904 μή
2702 1851 2786 1897 τις
2834 1834 2964 1906 λέγῃ
2986 1875 2999 1897 ,
3043 1835 3126 1888 ὅτι
3157 1834 3226 1888 τά
3258 1834 3483 1887 τοιαῦτα
3531 1835 3842 1903 φιλοσοφεῖν

2166 1922 2343 1989 λόγοις
2371 1921 2589 1975 εὒκολον
2616 1964 2630 1988 ,
2666 1922 2835 1986 δεῖξαι
2876 1923 3196 1993 βουλόμενος
3233 1923 3333 1994 τὴν
3362 1923 3682 1994 παρρησίαν
3704 1962 3719 1984 ,
3747 1923 3841 1976 καὶ

2165 2011 2225 2062 τὸ
2257 2009 2446 2079 μηδενὶ
2481 2009 2588 2061 τῶν
2625 2010 2927 2080 εἰρημένων
2949 2010 3252 2064 ὑπεύθυνον
3276 2007 3418 2064 εἶναι
3445 2051 3458 2073 ,
3489 2010 3626 2064 ἀλλά
3660 2010 3842 2063 πάντα

2166 2095 2574 2166 κατορθωκέναι
2598 2137 2614 2164 ,
2655 2095 2862 2168 ταύτην
2897 2091 3018 2150 εἷπε
3067 2096 3168 2169 τὴν
3216 2096 3550 2168 παραϐολήν.
3577 2097 3686 2149 Kal
3727 2097 3838 2164 7&9

2166 2183 2259 2236 καὶ
2284 2183 2446 2246 αὐτὸς
2473 2184 2663 2254 ἔμελλε
2707 2185 2911 2256 κρίνειν
2938 2184 3073 2255 μετὰ
3102 2183 3292 2248 ταῦτα,
3311 2185 3458 2238 Οὐαί
3484 2183 3645 2247 ὑμῖν,
3662 2201 3842 2252 γραμ-

2160 2271 2367 2338 ματεῖς
2396 2271 2496 2325 καὶ
2543 2271 2847 2340 Φαρισαῖοι
2880 2273 3212 2340 ὑποκριταὶ,
3242 2271 3414 2340 λέγων
3440 2288 3453 2302 ·
3504 2271 3621 2325 ἀλλ’
3646 2271 3749 2323 οὐκ
3776 2267 3844 2339 ἦν

2166 2363 2464 2425 ὑπεύθυνος
2487 2365 2601 2425 τοῖς
2639 2362 2948 2432 εἰρημένοις
2969 2378 2982 2392 ο
3010 2361 3133 2415 οὔτε
3173 2360 3284 2431 7&9
3314 2361 3526 2432 κάρφος
3561 2359 3842 2426 ἐξέϐαλεν,

2165 2448 2288 2503 οὔτε
2315 2449 2468 2502 δοκὸν
2493 2446 2636 2520 εἶχεν
2662 2451 2754 2504 ἐπὶ
2778 2451 2887 2504 τῶν
2915 2450 3198 2520 ὀμμάτων.
3229 2449 3364 2502 ἀλλά
3390 2450 3608 2503 πάντων
3633 2449 3846 2502 τούτων

2165 2537 2242 2589 ὢν
2273 2536 2543 2607 καθαρὸς,
2575 2536 2718 2591 οὕτω
2747 2537 2816 2590 τά
2851 2539 3071 2592 πάντων
3099 2537 3328 2608 διώρθου
3363 2536 3844 2608 πλημμελήματα.

2166 2623 2299 2676 Οὐδὲ
2326 2623 2435 2695 7&9
2477 2623 2579 2689 δεῖ,
2616 2624 2770 2694 φησὶ,
2803 2626 3008 2696 κρίνειν
3039 2625 3290 2695 ἑτέρους,
3323 2626 3451 2680 ὅταν
3485 2641 3572 2687 τις
3602 2625 3712 2679 τῶν
3748 2628 3850 2678 αὺ-

2165 2709 2272 2762 τῶν
2306 2709 2604 2772 ὑπεύθυνος
2733 2711 2840 2763 Kal
2874 2711 2927 2764 τί
2955 2710 3255 2780 θαυμάζεις
3281 2749 3297 2774 ,
3340 2713 3388 2763 εἰ
3417 2711 3507 2764 τὸν
3535 2711 3700 2782 νόμον
3723 2711 3850 2765 τοῦ·

2163 2813 2255 2849 τον
2288 2797 2451 2859 αὐτὸς
2503 2795 2697 2868 έθηκεν
2717 2836 2732 2862 ,
2763 2797 2896 2850 ὅπου
2927 2813 2989 2864 γε
3019 2797 3112 2850 καὶ
3154 2798 3184 2849 ό
3211 2797 3416 2869 λῃστὴς
3444 2797 3608 2850 αὑτὸν
3648 2798 3848 2865 ἐγίνωο

2167 2901 2296 2936 σκεν
2342 2884 2435 2936 ἐπὶ
2464 2883 2557 2937 τοῦ
2591 2885 2825 2958 σταυροῦ
2847 2924 2861 2948 ,
2918 2883 3069 2957 [287]
3101 2883 3181 2954 τῷ
3210 2884 3382 2954 ἑτέρῳ
3411 2884 3580 2955 λῃστῇ
3613 2884 3797 2952 λέγων
3828 2901 3844 2917 ο

2159 2970 2312 3024 Οὐδὲ
2354 2971 2510 3040 φοϐῇ
2563 2972 2644 3026 σὺ
2679 2973 2786 3025 τὸν
2816 2972 2984 3036 Θεὸν,
3029 2972 3119 3026 ὅτι
3157 2973 3226 3025 ἐν
3273 2971 3353 3037 τῷ
3389 2971 3551 3037 αὐτῷ
3603 2974 3847 3043 κρίματί

2165 3059 2350 3128 ἐσμεν
2369 3059 2448 3123 ⁷¹;
2475 3060 2544 3112 τὰ
2572 3059 2710 3113 αύτὰ
2738 3059 2815 3130 τῷ
2833 3059 3052 3131 Χριστῷ
3067 3062 3308 3130 νοήματα
3330 3059 3522 3126 λέγων.
3547 3061 3619 3112 Σὺ
3655 3060 3710 3112 δέ
3741 3062 3844 3132 τὴν

2170 3147 2266 3218 μὲν
2303 3147 2499 3202 σαυτοῦ
2548 3148 2702 3201 δοκὸν
2742 3149 2801 3201 οὐ
2840 3149 2998 3218 μόνον
3046 3149 3147 3202 οὐκ
3197 3148 3481 3212 ἐκϐάλλεις
3507 3188 3523 3212 ,
3569 3147 3687 3201 ἀλλ’
3715 3149 3844 3201 οῦδὲ

2164 3237 2296 3306 ὁρᾷς
2318 3253 2333 3267 ·
2362 3236 2422 3288 τὸ
2473 3235 2528 3289 δὲ
2561 3235 2749 3307 ἐτέρου
2798 3236 3010 3306 κάρφος
3039 3236 3126 3288 οὺ“
3159 3237 3316 3307 μόνον
3352 3239 3486 3308 ὁρᾷς
3509 3278 3522 3303 ,
3563 3237 3697 3290 ἀλλὰ
3749 3240 3846 3290 καὶ

2170 3322 2404 3393 ἰρίνεις,
2434 3323 2526 3378 καὶ
2551 3321 2835 3375 ἐκϐάλλειν
2870 3324 3166 3392 ἐπιχειρεῖς
3187 3339 3200 3353 ·
3233 3322 3420 3394 ὥσπερ
3450 3323 3504 3376 εῖ
3534 3340 3617 3386 τις
3664 3323 3846 3395 ὑδέρῳ

2167 3409 2521 3480 συνεχόμενος
2583 3409 2803 3479 χαλεπῷ
2831 3449 2846 3472 ,
2903 3410 2935 3481 ἢ
2987 3411 3080 3463 καὶ
3107 3412 3152 3443 ⁷³
3199 3412 3372 3482 ἑτέρῳ
3417 3411 3526 3464 τινὶ
3565 3412 3842 3480 νοσήματι

2164 3496 2368 3565 άνιάτῳ
2387 3535 2401 3560 ,
2434 3495 2623 3548 τούτου
2667 3496 2764 3566 μὲν
2791 3497 3017 3568 ἀμελοίη
3046 3537 3060 3559 ,
3099 3499 3355 3568 ἐγκαλοίη
3381 3498 3437 3550 δέ
3470 3497 3643 3568 ἑτέρῳ
3665 3497 3711 3528 ⁷³
3742 3516 3843 3567 cpu-

2166 3582 2405 3652 σήματος
2431 3581 2723 3653 ἀμελοῦντι
2754 3582 2972 3655 μικροῦ.
3007 3585 3068 3637 Εἰ
3105 3585 3162 3638 δέ
3193 3585 3361 3639 κακὸν
3403 3584 3464 3638 τὸ
3505 3585 3578 3656 μὴ
3607 3586 3744 3656 ὁρᾷν
3771 3587 3842 3639 τά

2164 3669 2359 3722 ἑαυτοῦ
2399 3671 2772 3741 ἁμαρτήματα
2797 3713 2811 3736 ,
2858 3671 3078 3724 διπλοῦν
3131 3674 3226 3726 καὶ
3266 3673 3528 3744 τριπλοῦν
3569 3675 3739 3727 κακὸν
3777 3675 3842 3727 τὸ

2165 3760 2260 3812 καὶ
2291 3759 2500 3828 έτέροις
2547 3760 2594 3790 ⁷⁸
2648 3759 2923 3824 δικάζειν,
2975 3761 3172 3824 αὐτοὺς
3220 3760 3541 3832 ἀναλγήτως
3584 3762 3676 3814 ἐπὶ
3722 3762 3840 3814 τῶν

2163 3845 2456 3916 ὀφθαλμῶν
2495 3847 2890 3918 περιφέροντας
2917 3849 3014 3911 τὰς
3045 3847 3252 3912 δοκούς.
3282 3848 3390 3901 Kal
3418 3849 3526 3918 7&9
3560 3849 3718 3902 δοκοῦ
3748 3849 3839 3918 βα-

2166 3930 2389 4002 ρύτερον
2418 3933 2600 4002 ἀμαρτ
2611 3934 2684 3986 ία.

2233 4028 2302 4088 γ’.
2346 4019 2413 4075 Ὀ
2436 4021 2614 4074 τοίνυν
2642 4021 2893 4074 ἐκέλευσε
2918 4021 3008 4075 διὰ
3033 4023 3142 4076 τῶν
3169 4023 3490 4094 εἰρημένων,
3513 4023 3671 4078 τοῦτό
3689 4029 3835 4092 ἐστι,

2161 4108 2253 4161 τὸν
2280 4107 2574 4162 ὑπεύθυνον
2591 4109 2720 4173 ὄντα
2743 4111 2954 4180 μυρίοις
2979 4114 3168 4175 κακοῖς
3191 4111 3265 4183 μὴ
3291 4113 3488 4185 πικρὸν
3509 4110 3645 4168 εἶναι
3675 4116 3836 4170 Suca-

2161 4196 2291 4265 στὴν
2344 4195 2452 4250 τῶν
2486 4197 2693 4267 ἑτέροις
2747 4197 3270 4270 πλημμελουμένων,
3310 4201 3406 4254 καὶ
3437 4201 3672 4271 μάλιστα
3698 4204 3836 4257 ὃταν

2161 4282 2334 4353 μικρά
2358 4279 2614 4358 ταῦτα’
2640 4285 2700 4336 ού
2723 4285 2784 4337 τὸ
2810 4285 3076 4356 ἐλέγχειν,
3107 4286 3226 4340 οὐδέ
3250 4285 3312 4340 τὸ
3335 4287 3579 4357 διορθοῦν
3597 4290 3834 4361 ἀνατρέ-

2157 4387 2292 4434 πων,
2316 4370 2452 4426 ἀλλὰ
2479 4371 2540 4423 τὸ
2567 4371 2676 4424 τῶν
2709 4372 2923 4425 οἰκείων
2971 4373 3193 4444 ἀμελεῖν
3216 4373 3463 4437 κωλύων,
3515 4376 3604 4428 καὶ
3632 4377 3692 4429 τὸ
3714 4381 3832 4441 τοῖς

2154 4455 2454 4528 ἀλλοτρίοις
2483 4457 2819 4512 ἐνάλλεσθαι.
2857 4461 2967 4513 Kal
3004 4459 3113 4531 7&9
3139 4462 3216 4524 εἰς
3249 4461 3493 4532 μεγάλην
3531 4463 3830 4518 ἐπιδιδόναι

2155 4545 2352 4597 κακίαν
2371 4545 2543 4598 ἐποίει
2580 4544 2758 4608 τοῦτο,
2787 4545 2981 4615 διπλῆν
3011 4547 3274 4618 πονηρίαν
3301 4548 3517 4616 εἰσάγον
3539 4549 3605 4604 τ’.
3642 4550 3698 4603 Ὀ
3715 4552 3830 4622 γάρ

2155 4632 2461 4703 μελετήσας
2489 4632 2714 4703 ἀμελεῖν
2743 4634 2841 4703 μὲν
2864 4633 2973 4688 τῶν
3001 4633 3192 4688 ἐαυτοῦ
3221 4635 3470 4705 μεγάλων
3499 4635 3686 4698 όντων,
3707 4637 3827 4702 ἐξε-

2152 4717 2336 4782 τάζειν
2357 4719 2414 4772 δὲ
2460 4719 2526 4774 τὰ
2557 4720 2759 4791 ἐτέρων
2781 4720 2994 4791 πικρῶς
3019 4722 3189 4794 μικρά
3224 4721 3351 4776 ³ὅντα
3377 4724 3470 4776 καὶ
3505 4725 3719 4792 εὐτελῆ,
3745 4725 3828 4777 δι-

2153 4806 2258 4877 πλῇ
2292 4806 2653 4882 διεφθείρετο·
2681 4808 2758 4877 τῷ
2782 4825 2841 4860 τε
2864 4807 2973 4861 τῶν
2995 4810 3210 4863 οἰκείων
3239 4815 3616 4882 καταφρονεῖν,
3653 4814 3731 4882 τῷ
3759 4830 3824 4865 τε

2151 4877 2350 4964 ἔχθρας
2389 4894 2482 4948 καὶ
2505 4877 2800 4964 ἀπεχθείας
2827 4895 2963 4966 πρὸς
2997 4897 3243 4961 ἅπαντας
3289 4877 3677 4969 ἀναδέχεσθαι,
3702 4877 3825 4953 οιαὶ

2150 4982 2229 5042 εἰς
2260 4979 2494 5051 ἐσχάτην
2527 4980 2788 5051 ὡμότητα
2833 4982 2931 5035 καὶ
2975 4983 3037 5036 τὸ
3061 4985 3385 5055 ἀσυμπαθὲς
3412 4985 3536 5038 καθ’
3580 4987 3822 5054 ἑκάστην

2148 5065 2462 5135 ἀλείφεσθαι
2485 5067 2584 5136 τὴν
2613 5068 2846 5138 ἡμέραν.
2880 5069 3046 5123 Ταῦτ’
3091 5067 3184 5126 οῦν
3215 5071 3431 5126 ἅπαντα
3477 5071 3682 5125 ἀνελὼν
3729 5075 3822 5126 διὰ

2148 5153 2244 5223 τῆς
2279 5153 2450 5225 καλῆς
2479 5154 2681 5225 ταύτης
2725 5156 3043 5228 νομοθεσίας
3072 5198 3088 5223 ,
3128 5160 3374 5231 ἐπήγαγε
3417 5159 3579 5214 πάλιν
3628 5160 3820 5229 ἕτερον

2149 5241 2533 5312 παράγγελμα,
2589 5243 2761 5311 λέγων
2787 5263 2799 5274 ·
2837 5244 2936 5314 Μὴ
2995 5244 3144 5300 δῶτε
3177 5249 3248 5301 τὰ
3294 5248 3431 5317 ἅγια
3470 5245 3594 5312 τοῖς
3634 5248 3769 5300 κυσί
3799 5288 3816 5312 ,

381 5330 764 5402 προϐάλλεται,
800 5329 959 5401 ἔργον
986 5328 1043 5381 δὲ
1078 5326 1310 5397 ἐσχάτης
1332 5326 1595 5395 πονηρίας
1625 5325 1840 5396 πληροῖ,
1867 5327 2042 5396 ὀνείδη
2141 5327 2297 5396 μηδὲ
2305 5326 2523 5396 ρίψητε
2547 5330 2686 5396 τοὺς
2703 5333 3069 5403 μαργαρίτας
3092 5335 3137 5366 ⁷⁸
3158 5336 3496 5402 ἔμπροσθεν
3531 5332 3651 5386 τῶν
3687 5333 3816 5402 χοί-

378 5419 604 5489 περιττά
621 5418 715 5474 καὶ
736 5417 1056 5488 ἐγκλήματα
1073 5413 1527 5485 προστριϐόμενος
1552 5417 1660 5476 τοῖς
1685 5414 1931 5484 πλησίον,
1949 5417 2042 5468 καὶ⁴
2141 5433 2284 5483 ρων.
2315 5416 2575 5485 Καίτοιγε
2606 5417 2830 5488 προϊὼν,
2870 5420 3032 5490 φησιν
3066 5422 3132 5487 ⁷⁷,
3169 5422 3452 5475 ἐκέλευσεν
3480 5438 3491 5450 ·
3535 5424 3604 5472 "0
3637 5421 3816 5487 ἠκού-

449 5549 1035 5624 ⁶¹τοῦςιλκαὶ⁸τοῦς
1098 5549 1140 5624 θξ
1169 5548 1487 5624 κατηγορεῖν
1504 5546 1651 5624 BLD.
1678 5545 1822 5624 F19.
1848 5564 1899 5624 [κ
1927 5547 2062 5624 ονλμι

2175 5545 2252 5624 F._
2309 5548 2354 5578 ⁸³
2375 5548 2713 5624 παραδώσεις
2740 5551 2893 5624 Εςίιίχ
2953 5553 2997 5624 ‘f‘
3025 5552 3111 5608 Sic
3150 5551 3210 5605 E.
3239 5553 3396 5622 vulgo
3429 5551 3810 5622 διορθώσομαι.

451 5621 594 5695 ούδε]
624 5616 688 5695 όύ
715 5619 1048 5695 Δηιερᾏιλῦδὲ
1076 5618 1183 5695 γάρ
1220 5620 1349 5695 περὶ.
1377 5621 1505 5695 (on).
1536 5616 1813 5695 ἄλλως-δὲ)
1993 5617 2036 5646 ⁸⁸
2055 5618 2160 5695 Kal
2196 5617 2304 5695 γὰρ
2321 5618 2442 5695 *καὶ
2455 5616 2751 5695 πολλοί-νῦν
3048 5626 3154 5677 Kal
3173 5625 3283 5695 7&9
3309 5616 3400 5676 fa".
3425 5616 3522 5676 νῦν
3542 5616 3724 5695 πολλοὶ
3743 5624 3810 5695 2}.

379 5691 420 5714 "
453 5691 547 5754 τῆς
568 5690 860 5755 ἀπολογίας
885 5689 1018 5745 Edd.

1097 5686 1365 5762 «331?;
1389 5686 1546 5762 τοῦτο
1567 5686 1626 5740 C.
1661 5687 1740 5762 διὸ
1765 5688 1886 5762 -καξε
1918 5688 2018 5762 Et.
2055 5687 2062 5715 ¹

2165 5686 2489 5762 μιϐαλεῖν-
2540 5691 2584 5762 το
2607 5691 2872 5762 ἀδελφὺν]
2894 5692 3016 5745 add.
3049 5711 3139 5745 σου
3173 5686 3308 5747 Ειίἰί.

377 5758 422 5788 "-'
450 5759 542 5809 καὶ
562 5774 670 5810 om.
699 5759 762 5810 E.
795 5763 897 5810 τινί
937 5776 1044 5814 om.
1072 5759 1134 5812 A.
1161 5759 1219 5812 F.
1263 5759 1307 5789 ⁷³
1334 5758 1504 5825 ἑτέρῳ
1535 5772 1643 5810 om.
1670 5760 1730 5811 Α.
1763 5755 1822 5808 D.
1849 5757 1907 5809 F.
1977 5755 2028 5825 7“
2059 5758 2116 5808 ἐτ

377 5836 432 5880 α
470 5843 552 5896 pr.
591 5827 649 5879 Β.
681 5827 926 5882 Correxit
960 5829 1181 5885 Monlef.
1247 5830 1292 5860 ⁷⁸
1321 5824 1686 5898 μαργαρίτας]
1718 5826 1840 5879 ιιιΙιΙ.
1875 5824 2026 5896 ὑμῶν
2063 5827 2120 5880 Β.

3385 5696 3425 5725 ⁷³
3455 5689 3721 5765 ἐσμένλεῖ

2125 5757 2276 5881 ἐρους
2308 5757 2444 5812 Edd.
2473 5760 2694 5829 ἑτέρους
2717 5757 3096 5825 καταδικάζειν
3122 5765 3182 5818 Ε.
3223 5765 3267 5795 ⁷⁸
3297 5757 3533 5832 εἰσάγων
3559 5757 3709 5817 (Ζίῐ).
3743 5762 3802 5812 1-⁷.

2191 5865 2201 5880 .
2235 5826 2438 5881 Mosa".
2516 5830 2558 5860 τ’
2590 5830 2752 5881 φησὶν
2777 5847 2884 5881 om.
2910 5834 2973 5881 A.
3002 5834 3203 5881 προῖὼν
3237 5835 3510 5881 ἐκέλευσε-
3537 5835 3707 5881 λέγων
3739 5828 3793 5881 Ε

2191 5865 2201 5880 .
2235 5826 2438 5898 Mosqq.
2516 5826 2752 5899 τ’“φ·ησίν
2777 5847 2884 5886 om.
2910 5834 2973 5887 A.
3002 5834 3203 5906 προῖὼν
3237 5826 3510 5899 ἐκέλευσε,
3537 5835 3707 5902 λέγων
