4080 6138
301 386 457 443 cebat
478 425 495 452 ,
535 397 634 438 nec
661 396 765 438 non
794 394 888 436 eos
913 379 1001 450 qui
1047 377 1443 433 innumerorum
1469 375 1549 431 rei
1579 375 1838 432 malorum
1863 413 1879 433 ,

306 477 550 532 intioxios
583 472 1002 528 criminabantur
1032 488 1044 523 :
1080 469 1132 524 id
1171 468 1314 539 quod
1338 468 1501 522 etiam
1531 467 1616 522 hic
1641 465 1884 521 Chrisms

303 566 656 624 snbindicavit
673 607 689 631 ,
723 578 822 623 nec
869 561 1033 617 modo
1056 561 1432 626 subindicavit,
1459 558 1557 616 sed
1583 567 1640 615 et
1662 557 1882 611 multum

299 659 527 714 incussit
565 659 834 721 timorem,
863 654 1156 724 indixitque
1185 652 1504 722 supplicium
1556 648 1880 708 inevitabile.

305 752 358 805 9..
388 749 457 804 In
482 766 578 820 quo
605 749 738 802 enim
759 746 976 819 judicio,
1005 745 1206 816 inquit,
1230 742 1600 815 judicaveritis,
1623 739 1885 810 judicabi—

307 854 389 897 tur
412 846 474 896 de
497 842 654 897 vobis.
701 840 818 896 Non
843 839 984 893 enim
1016 838 1168 896 illum
1206 835 1550 898 condemnas,
1579 833 1764 901 inquit.
1790 829 1888 886 sed

305 935 555 1003 teipsum,
587 940 639 986 et
671 929 1060 986 formidandum
1082 927 1178 982 tibi
1206 940 1364 996 paras
1382 923 1634 987 tribunal,
1667 935 1884 978 accura-

307 1025 603 1093 tioremque
672 1020 998 1076 reddendam
1074 1018 1358 1072 rationem.
1428 1011 1887 1082 Quemadmodum

307 1115 448 1171 enim
499 1115 551 1167 in
603 1111 922 1167 remissione
970 1117 1335 1179 peccatorum,
1367 1105 1630 1177 principia
1675 1118 1705 1156 a
1734 1101 1888 1158 nobis

308 1215 578 1276 petuntur,
611 1204 687 1260 sic
707 1210 762 1258 et
782 1203 830 1256 in
861 1199 962 1256 hoc
987 1199 1207 1268 judicio,
1238 1195 1596 1252 damnationis
1624 1206 1887 1248 mensurae

310 1311 577 1370 ponuntur
605 1313 633 1351 a
666 1296 837 1350 nobis.
888 1294 1003 1349 Non
1049 1293 1190 1348 enim
1217 1289 1541 1361 exprobrare
1569 1293 1778 1356 oportet
1805 1284 1886 1338 vel

308 1392 585 1455 insultare,
610 1388 703 1443 sed
725 1388 1014 1443 admonere
1040 1401 1053 1437 :
1082 1399 1188 1439 non
1220 1382 1557 1449 maledicere,
1585 1378 1677 1434 sed
1705 1376 1886 1432 consi-

309 1485 438 1542 lium
484 1483 613 1538 dare
641 1499 653 1534 :
685 1496 784 1535 nec
821 1485 1135 1548 arroganter
1155 1476 1430 1546 insurgere
1454 1513 1469 1539 ,
1501 1471 1595 1527 sed
1615 1485 1740 1526 cum
1757 1469 1892 1523 dile-

309 1577 488 1630 ctione
539 1574 828 1642 corrigere.
876 1570 990 1625 Non
1039 1569 1180 1624 enim
1228 1567 1399 1629 illum,
1446 1564 1539 1619 sed
1572 1573 1624 1617 te
1647 1573 1888 1618 extremo

309 1667 485 1724 trades
514 1665 794 1733 supplicio,
823 1662 946 1716 dum
977 1675 1080 1714 non
1106 1658 1278 1728 parcis
1304 1657 1382 1711 illi
1399 1653 1614 1726 quando
1642 1651 1882 1722 oportuit

307 1758 374 1814 de
398 1757 539 1810 illius
565 1756 771 1809 delictis
795 1754 933 1807 ferre
953 1751 1292 1806 sententiam.
1855 1785 1866 1793 .

377 1850 432 1904 2.
461 1849 645 1902 Viden‘
663 1844 928 1917 quomodo
959 1845 1072 1897 haec
1099 1842 1204 1896 duo
1227 1846 1488 1910 praecepta
1511 1846 1565 1892 et
1594 1834 1730 1892 levia
1758 1833 1883 1898 sint,

306 1954 360 2000 et
391 1957 702 2013 magnorum
748 1935 1163 2007 obsequentibus
1192 1947 1367 1988 causae
1415 1932 1694 1994 honorum,
1746 1936 1803 1981 ut
1835 1934 1891 1980 et

311 2034 572 2089 malorum
616 2047 722 2085 non
767 2025 1211 2083 attendentibus?
1251 2023 1382 2079 Nam
1423 2031 1477 2077 et
1518 2023 1606 2091 qui
1646 2018 1890 2090 proximo

308 2124 547 2190 dimittit,
575 2139 634 2178 se
665 2121 831 2191 magis
870 2134 1027 2189 quam
1056 2119 1204 2171 illum
1235 2116 1352 2170 sine
1374 2111 1484 2168 ullo
1511 2113 1691 2166 labore
1731 2109 1890 2164 reati—

311 2218 409 2272 bus
436 2216 624 2272 liberat
648 2229 664 2278 ;
697 2223 752 2267 et
780 2211 869 2282 qui
899 2209 1234 2278 indulgenter
1263 2212 1480 2275 peccata
1506 2204 1732 2258 aliorum
1765 2215 1892 2255 exa-

312 2313 479 2365 minat
509 2351 523 2371 ,
570 2322 817 2375 magnum
872 2304 971 2359 sibi
1018 2303 1194 2358 veniae
1247 2300 1418 2356 fatuus
1445 2300 1461 2330 ¹
1494 2313 1559 2351 ex
1605 2296 1694 2350 tali
1730 2295 1892 2348 allato

311 2402 522 2457 calculo
549 2410 718 2469 parat.
750 2395 887 2465 Quid
920 2395 1096 2466 igitur,
1127 2393 1358 2462 inquies,
1386 2394 1431 2445 si
1461 2388 1747 2443 fornicatus
1776 2386 1891 2438 fue-

312 2497 381 2550 rit
405 2495 428 2547 ?
456 2509 559 2548 non
581 2493 753 2547 dicam
780 2489 972 2544 malam
993 2502 1105 2542 rem
1128 2500 1249 2540 esse
1275 2483 1692 2542 fornicationem,
1721 2492 1893 2547 neque

312 2585 598 2655 corripiam
645 2580 1058 2638 lascivientem?
1093 2578 1317 2648 Corripe
1362 2575 1598 2646 quidem,
1647 2572 1739 2627 scd
1787 2585 1891 2625 non

314 2689 371 2732 ut
417 2675 586 2730 hostis
627 2674 710 2728 vel
751 2671 998 2726 inimicus
1046 2670 1304 2726 ultionem
1349 2680 1664 2736 exposcens,
1713 2661 1806 2718 sed
1839 2671 1894 2715 ut

316 2768 553 2825 medicus
589 2763 826 2822 remedia
869 2774 1153 2833 apparans.
1202 2758 1386 2826 Neque
1432 2757 1572 2811 enim
1621 2754 1772 2818 dixit,
1817 2751 1895 2806 Ne

314 2859 570 2914 cobibeas
616 2864 948 2926 peccantem,
998 2851 1115 2916 sed,
1166 2850 1242 2905 Ne
1285 2848 1493 2918 judices
1525 2863 1540 2904 :
1571 2847 1621 2900 id
1660 2855 1762 2910 est,
1817 2843 1896 2899 Ne

316 2952 542 3006 acerbus
563 2949 636 3004 sis
659 2947 842 3016 judex.
871 2945 1121 3014 Alioquin
1151 2953 1325 2999 autem
1351 2958 1454 2997 non
1486 2940 1552 2995 de
1577 2938 1780 3009 magnis
1805 2952 1894 2992 re-

319 3044 417 3098 bus
441 3051 533 3096 aut
557 3039 858 3111 prohibitis,
890 3047 947 3092 ut
965 3037 1095 3102 dixi,
1127 3035 1219 3090 sed
1241 3035 1309 3089 de
1339 3035 1402 3088 iis
1429 3048 1548 3102 quze
1579 3047 1682 3086 non
1715 3029 1899 3083 viden-

320 3146 407 3188 tur
427 3149 549 3188 esse
568 3131 815 3197 crimina,
846 3129 948 3184 hoc
973 3128 1174 3182 dictum
1205 3125 1322 3180 fuit.
1356 3122 1710 3192 Quamobrem
1747 3121 1896 3174 dice-

319 3227 410 3280 bat
437 3243 452 3280 :
479 3225 533 3279 3.
558 3223 695 3290 Quid
709 3223 846 3277 vides
863 3226 1104 3290 festucam
1119 3219 1172 3272 in
1189 3219 1332 3272 oculo
1353 3217 1525 3285 fratris
1556 3216 1628 3268 tui
1648 3215 1673 3266 ?
1693 3213 1896 3266 Etenim

321 3316 473 3371 multi
524 3329 667 3370 nunc
709 3313 763 3368 id
807 3311 1041 3376 faciunt,
1093 3309 1182 3380 qui
1229 3309 1274 3362 si
1311 3307 1536 3361 viderint
1581 3303 1899 3359 monachum

320 3405 592 3474 superﬂuo
648 3403 838 3458 vestitu
898 3400 1138 3455 indutum
1169 3438 1184 3463 ,
1234 3399 1404 3468 legem
1461 3397 1534 3450 illi
1582 3395 1900 3452 dominicam

318 3497 614 3566 objiciunt.
642 3495 768 3549 licet
793 3492 891 3562 ipsi
917 3491 1078 3545 millia
1107 3489 1404 3558 abripiant,
1454 3504 1517 3542 ac
1557 3485 1795 3553 quotidie
1822 3486 1904 3540 di-

320 3591 480 3644 vitias
518 3585 900 3643 accumulent:
941 3593 996 3639 et
1039 3583 1084 3638 si
1123 3580 1351 3636 viderint
1375 3580 1603 3649 largiore
1644 3578 1721 3632 uti
1747 3577 1899 3643 cibo,

321 3679 501 3735 acerbi
530 3679 728 3732 instant
753 3683 1111 3738 accusatores,
1145 3672 1523 3742 licetquotidie
1547 3671 1645 3740 ipsi
1672 3669 1904 3738 crapula:

320 3780 377 3826 et
401 3767 644 3824 ebrietati
675 3766 1057 3835 dentOperam,
1087 3765 1392 3834 ignorantes
1425 3777 1483 3817 se
1516 3761 1746 3831 propriis
1766 3776 1902 3814 onu-

322 3871 438 3916 stos
466 3858 716 3929 peccatis,
753 3855 1008 3924 majorem
1048 3853 1173 3910 hinc
1197 3853 1295 3910 sibi
1318 3852 1490 3922 ignem
1525 3852 1775 3921 colligere
1798 3893 1813 3915 ,
1842 3865 1904 3906 ac

324 3968 447 4007 sese
474 3951 619 4006 omni
652 3950 994 4006 excusatione
1018 3949 1247 4018 privare.
1279 3947 1428 4013 Quod
1469 3947 1608 4000 enim
1635 3956 1722 4000 tua
1751 3959 1908 3998 accu-

325 4056 443 4102 rate
469 4046 576 4101 sint
614 4042 994 4107 examinanda,
1029 4051 1084 4096 tu
1111 4042 1256 4111 prius
1287 4039 1422 4094 hanc
1447 4039 1616 4109 legem
1647 4038 1902 4107 posuisti,

323 4152 447 4192 cum
477 4137 547 4190 ita
564 4135 630 4190 de
650 4133 891 4204 proximo
913 4141 1004 4186 tuo
1017 4131 1282 4202 judicasti.
1306 4129 1383 4184 Ne
1407 4130 1581 4198 itaque
1602 4129 1726 4184 illud
1746 4143 1907 4198 grave

325 4243 454 4284 esse
495 4227 767 4282 existimes
791 4267 806 4292 ,
847 4225 894 4280 si
941 4224 1077 4278 tales
1105 4233 1160 4278 et
1203 4221 1317 4290 ipse
1354 4235 1540 4290 poenas
1565 4221 1783 4277 daturus
1809 4221 1903 4276 sis.

327 4321 385 4376 5.
424 4317 739 4389 Hypocrita,
787 4317 912 4388 ejice
959 4316 1121 4386 primo
1152 4315 1341 4367 trabem
1369 4328 1434 4366 ea:
1478 4312 1623 4366 oculo
1653 4321 1758 4365 tuo.
1811 4312 1906 4367 Hic

327 4415 466 4468 iram
505 4412 619 4467 vult
662 4411 914 4466 exhibere
953 4409 1268 4480 plurimam,
1315 4422 1472 4477 quam
1510 4406 1744 4472 concipit
1780 4422 1906 4476 erga

328 4504 448 4557 illos
487 4503 576 4572 qui
626 4502 714 4556 tali
760 4516 820 4556 se
857 4509 1048 4570 gerunt
1088 4498 1268 4554 modo.
1300 4497 1432 4552 Nam
1474 4500 1908 4566 quotiescumque

328 4595 442 4648 vult
477 4592 761 4647 ostendere
798 4606 1043 4660 magnum
1090 4605 1209 4645 esse
1242 4597 1511 4658 peccatum
1534 4629 1550 4652 ,
1585 4586 1906 4654 multamque

330 4698 543 4752 poenam
571 4692 626 4736 et
652 4683 906 4736 ultionem
937 4681 1033 4749 ipsi
1065 4689 1321 4749 paratam,
1353 4695 1382 4732 a
1412 4678 1653 4734 convicio
1679 4677 1904 4731 orditur.

328 4771 794 4840 Quemadmodum
831 4779 886 4824 et
909 4779 1091 4824 contra
1120 4770 1267 4823 illum
1295 4770 1380 4837 qui
1416 4779 1630 4824 centum
1661 4767 1910 4822 denarios

325 4863 612 4933 exigebat,
646 4863 931 4929 indignans
975 4861 1182 4914 dicebat
1231 4879 1242 4912 :
1289 4860 1442 4914 Serve
1488 4875 1717 4930 nequam,
1744 4875 1913 4928 .onme

329 4953 556 5008 debitum
574 4951 707 5005 illud
746 4951 915 5004 dimisi
955 4952 1043 5005 tibi
1072 4951 1290 5020 (Matth.
1328 4952 1411 5004 l8.
1438 4951 1507 5005 52
1533 4952 1549 5021 )
1580 4970 1594 5004 :
1626 4952 1703 5009 sic
1730 4959 1783 5010 et
1811 4951 1908 5005 hoc

332 5050 455 5102 loco
503 5045 659 5111 dicit,
711 5041 1009 5112 Ilypocrita.
1057 5043 1170 5098 Non
1214 5045 1354 5098 enim
1399 5060 1578 5098 curam
1617 5043 1751 5112 ωηιιί
1798 5044 1912 5099 haec

332 5138 598 5193 sententia
647 5137 894 5201 exhibet,
944 5135 1038 5192 sed
1087 5135 1562 5200 inhumanitatem;
1614 5147 1668 5195 et
1709 5138 1908 5192 larvam

333 5229 549 5298 quidem
581 5227 927 5282 humanitatis
951 5242 1062 5294 prae
1091 5242 1150 5282 se
1173 5226 1293 5291 fert,
1327 5243 1618 5282 enrernam
1657 5244 1779 5284 vero
1819 5245 1912 5284 ne-

334 5320 556 5388 quitiam
596 5329 846 5380 exercet,
892 5318 1017 5372 dum
1048 5316 1313 5385 superﬂua
1360 5318 1603 5386 proximo
1627 5322 1912 5391 opprobria

335 5419 496 5478 atque
534 5409 754 5464 crimina
801 5407 1026 5478 afﬁngit,
1073 5416 1128 5472 et
1175 5408 1360 5469 locum
1393 5408 1628 5477 magistri
1670 5411 1908 5480 invadit,

336 5504 424 5572 qui
490 5517 593 5556 non
637 5503 826 5572 dignus
885 5512 967 5556 est
1011 5515 1132 5556 esse
1181 5499 1468 5568 discipulus
1509 5517 1523 5554 :
1564 5505 1909 5570 quamobrem

339 5595 666 5663 hypocritam
698 5595 846 5648 illum
867 5594 1094 5648 vocavit.
1124 5591 1254 5646 Nam
1277 5591 1364 5660 qui
1396 5593 1445 5644 in
1467 5591 1653 5646 alienis
1675 5593 1744 5649 ita
1773 5611 1912 5651 acer-

405 5707 418 5735 ι
456 5703 566 5760 Alii,
588 5717 804 5764 magnam
827 5703 918 5754 sibi
935 5705 1082 5754 amite
1104 5700 1416 5764 largitionem.

1254 262 1320 318 IN
1358 259 1758 318 MATTHA‘JUM
1801 256 2029 314 ilObilL.
2071 256 2237 312 XXIII
2286 259 2356 312 al.
2400 258 2587 313 XXIV.

3475 265 3576 318 510

1995 372 2092 426 bus
2117 387 2192 437 es,
2240 382 2296 426 ut
2323 373 2482 428 etiam
2523 375 2707 445 exigua
2735 376 2916 431 videas
2935 419 2949 440 ,
2981 380 3248 446 quomodo
3291 381 3340 434 in
3374 382 3478 435 tuis
3507 383 3576 436 ita

1991 463 2262 534 negligens
2288 463 2455 530 fuisti,
2490 477 2547 521 ut
2570 467 2730 522 etiam
2754 485 2940 538 magna
2964 481 3355 529 Iranscurreres
3381 475 3404 528 ?
3433 473 3581 545 Bjice

1994 557 2211 623 primum
2257 557 2445 611 trabem
2475 559 2538 612 de
2566 561 2713 614 oculo
2741 570 2845 614 tuo.
2892 561 3075 616 \'iden'
3100 565 3241 632 quod
3287 581 3390 619 non
3433 574 3576 622 vetet

1987 648 2246 714 judicare,
2275 651 2369 704 sed
2394 650 2581 718 jubeat
2607 653 2834 720 primum
2865 653 3063 721 ejicere
3094 655 3296 709 trabem
3327 672 3392 710 cx
3419 657 3576 710 oculo

1993 748 2103 804 tuo,
2133 747 2186 794 et
2216 748 2342 795 tunc
2383 741 2607 795 aliorum
2633 753 2805 797 errata
2834 745 3120 814 corrigere.
3153 745 3284 799 Nam
3309 763 3404 801 sua
3432 750 3580 817 quis-

1991 845 2096 897 que
2125 831 2295 898 magis
2340 831 2486 884 novit
2517 847 2674 900 quam
2717 833 2926 900 aliena,
2961 845 3017 889 et
3058 835 3259 904 majora
3291 837 3434 890 videt
3459 838 3577 906 plus

1992 934 2153 986 quam
2179 921 2418 984 minora,
2457 938 2622 991 seque
2666 925 2834 994 magis
2880 936 3023 979 amat
3053 942 3210 996 quam
3252 928 3573 998 proximum.

1994 1009 2174 1082 Itaque
2197 1013 2242 1066 si
2263 1027 2443 1067 curam
2466 1029 2659 1083 gerens
2685 1016 2735 1069 id
2769 1014 2921 1084 facis,
2951 1019 3022 1072 tui
3050 1034 3230 1073 curam
3254 1036 3376 1085 gere
3407 1023 3572 1090 prius,

1994 1103 2082 1156 ubi
2109 1113 2164 1162 et
2183 1104 2376 1158 clarius
2400 1114 2454 1159 et
2499 1106 2669 1176 majus
2695 1116 2778 1162 est
2809 1118 3105 1177 peccatum.
3137 1110 3286 1176 Quod
3311 1112 3354 1164 si
3386 1122 3574 1166 temet-

1993 1197 2168 1266 ipsum
2203 1199 2501 1254 contemnis
2523 1241 2537 1263 ,
2571 1201 2743 1268 palam
2793 1212 2876 1255 est
2928 1211 2982 1257 te
3025 1218 3130 1257 non
3161 1203 3281 1258 ideo
3307 1205 3378 1260 de
3413 1205 3576 1260 fratre

1995 1298 2082 1343 tuo
2103 1289 2379 1358 judicare,
2422 1291 2564 1361 quod
2589 1293 2704 1360 ejus
2733 1308 2916 1348 curant
2939 1310 3095 1364 geras
3118 1336 3132 1359 ,
3164 1295 3258 1350 sed
3283 1299 3424 1364 quod
3451 1296 3576 1349 odio

1995 1381 2193 1442 habeas
2233 1394 2287 1438 et
2321 1383 2598 1438 diliatnare
2636 1385 2786 1440 velis.
2827 1385 2882 1440 Si
2911 1387 3055 1441 enim
3097 1397 3342 1456 oporteat
3370 1388 3440 1442 de
3485 1388 3574 1441 illo

1988 1473 2232 1542 judicari,
2284 1473 2352 1526 ab
2395 1491 2461 1528 eo
2489 1474 2750 1543 judicium
2800 1475 3104 1545 ferendum
3161 1481 3249 1546 qui
3299 1477 3430 1537 nihil
3471 1479 3575 1531 tale

1991 1566 2296 1631 commisit,
2339 1581 2442 1621 non
2489 1583 2520 1622 a
2567 1577 2637 1622 te.
2677 1568 2808 1634 Quia
2850 1569 2991 1623 enim
3033 1586 3222 1640 magna
3249 1579 3303 1624 et
3330 1571 3575 1626 sublimia

1993 1659 2171 1727 posuit
2193 1657 2542 1729 philosophizc
2580 1661 2858 1730 dogmata,
2893 1677 2959 1716 ne
2985 1662 3104 1732 quis
3131 1661 3364 1727 diceret,
3394 1664 3446 1717 in
3474 1664 3576 1719 illis

1992 1765 2240 1810 sermone
2281 1749 2650 1820 philosOphari
2683 1752 2839 1807 facile
2864 1769 2985 1808 esse
3007 1795 3021 1818 ,
3053 1763 3109 1806 ut
3146 1752 3370 1808 fidenter
3397 1764 3578 1809 osten-

1992 1843 2115 1909 dat,
2148 1858 2207 1898 se
2233 1845 2282 1896 in
2312 1860 2470 1914 supra
2498 1843 2760 1900 dictorum
2791 1846 2938 1901 nullo
2959 1848 3150 1900 rationi
3175 1846 3458 1902 reddendte
3481 1845 3578 1901 ob-

1994 1934 2210 1988 noxium
2233 1949 2354 1990 esse
2376 1976 2392 2002 ,
2420 1935 2512 1990 sed
2536 1937 2714 1990 omnia
2741 1936 3032 2007 perfecisse
3066 1939 3239 1992 :banc
3269 1937 3572 2007 parabolam

1993 2024 2150 2082 dixit.
2202 2025 2333 2080 Nam
2385 2027 2498 2094 ipse
2538 2042 2751 2098 quoque
2803 2038 2986 2098 postea
3026 2038 3141 2083 erat
3185 2029 3518 2098 judicatnrus
3561 2049 3572 2084 :

2004 2118 2092 2172 Vae
2108 2119 2261 2184 vobis,
2278 2119 2456 2174 scriba:
2471 2130 2516 2173 et
2541 2118 2792 2180 Pharisaei
2812 2121 3087 2192 hypocrita:
3111 2121 3324 2192 (Matth.
3347 2123 3437 2176 25.
3459 2124 3520 2176 Η
3534 2124 3549 2191 )
3561 2163 3575 2182 ,

1997 2208 2166 2277 inquit
2194 2225 2208 2272 ;
2239 2217 2290 2262 at
2320 2209 2410 2263 ille
2438 2225 2541 2265 non
2565 2219 2680 2273 erat
2720 2211 2844 2277 illis,
2873 2227 2993 2281 qua:
3018 2213 3247 2274 dicebat,
3277 2213 3574 2268 obnoxius:

1997 2313 2167 2366 neque
2194 2298 2334 2353 enim
2362 2298 2620 2355 fesmcam
2649 2301 2895 2370 ejecerat,
2939 2318 3111 2371 neque
3138 2302 3340 2357 trabem
3372 2304 3422 2357 in
3451 2318 3579 2356 ocu-

1996 2391 2062 2448 lis
2094 2391 2324 2446 habebat
2356 2409 2370 2456 ;
2404 2392 2497 2446 sed
2529 2393 2580 2447 in
2611 2393 2693 2448 his
2720 2393 2968 2450 omnibus
2997 2395 3180 2449 insons
3206 2407 3252 2449 et
3287 2411 3472 2463 purus,
3499 2395 3579 2451 sic

1995 2484 2234 2540 omnium
2274 2493 2486 2553 peccata
2527 2486 2846 2556 corrigebat.
2878 2486 3060 2555 Neque
3086 2488 3226 2542 cnim
3257 2487 3414 2541 debet
3441 2487 3484 2542 is
3511 2487 3581 2541 de

1995 2575 2203 2628 ca-teris
2241 2574 2500 2643 judicare,
2523 2579 2612 2646 qui
2641 2577 2827 2632 iisdem
2857 2578 3025 2646 culpis
3056 2579 3168 2647 ipse
3193 2579 3263 2634 sit
3290 2580 3569 2634 obnoxius.

2001 2669 2067 2724 Et
2095 2667 2220 2738 quid
2250 2668 2480 2733 miraris,
2508 2670 2552 2724 si
2580 2669 2714 2725 hanc
2746 2671 2862 2740 ipse
2882 2671 3050 2740 legem
3081 2673 3336 2740 posuerit,
3367 2673 3580 2742 quando

1999 2761 2136 2814 latro
2167 2760 2217 2812 iu
2247 2774 2404 2814 cruce
2452 2760 2622 2829 ipsam
2652 2762 2896 2830 agnovit,
2926 2777 3045 2815 cum
3076 2759 3232 2816 aiteri
3267 2763 3456 2817 latroni
3489 2764 3576 2817 di-

1997 2861 2145 2906 ceret
2173 2869 2188 2906 :
2219 2851 2397 2919 Neque
2431 2862 2486 2905 tu
2511 2855 2654 2906 times
2694 2853 2856 2906 Deum
2889 2854 3066 2924 :quod
3093 2871 3183 2910 nos
3207 2855 3259 2907 in
3289 2855 3465 2908 eadem
3485 2856 3581 2909 da-

2001 2945 2255 3000 mnatione
2270 2961 2443 2998 sumus
2465 2943 2616 3016 (Lar.
2637 2944 2727 2999 9.5.
2757 2945 2847 3013 40)
2880 2963 2892 2998 :
2921 2944 3119 3000 Christi
3148 2947 3424 3002 scnteutim
3447 2963 3581 3002 con-

1999 3051 2130 3092 sona
2160 3036 2387 3090 dicens?
2428 3037 2506 3090 'l'u
2541 3052 2670 3090 vero
2712 3037 2913 3092 trabem
2954 3047 3098 3091 luam
3139 3053 3243 3091 non
3285 3039 3443 3093 modo
3473 3055 3580 3094 non

1999 3128 2180 3200 ejicis,
2228 3128 2320 3182 sed
2363 3143 2430 3183 ne
2471 3129 2618 3183 vides
2661 3128 2874 3198 quidem
2905 3146 2918 3193 ;
2947 3128 3124 3183 fratris
3172 3145 3299 3183 vero
3329 3130 3581 3186 festucam

2003 3235 2108 3273 non
2141 3220 2298 3274 modo
2327 3219 2506 3284 vides,
2536 3220 2628 3275 sed
2660 3221 2888 3290 jndicas,
2935 3220 3182 3289 illamque
3212 3221 3404 3290 ejicere
3423 3235 3584 3276 cona-

2005 3311 2078 3364 ris
2109 3329 2120 3363 :
2149 3325 2211 3364 ac
2248 3311 2290 3364 si
2321 3311 2440 3380 quis
2469 3321 2559 3365 aut
2585 3311 2876 3382 hydropisi,
2910 3319 3004 3365 aut
3026 3312 3129 3366 alio
3157 3313 3343 3366 morbo
3370 3313 3584 3368 incura-

2005 3401 2096 3454 bili
2118 3400 2404 3455 admodum
2446 3402 2693 3456 laborans
2713 3442 2728 3466 ,
2760 3402 2809 3459 id
2841 3403 3168 3473 negligeret,
3213 3403 3585 3473 incnsaretqne

2004 3494 2163 3547 alium
2192 3494 2279 3564 qui
2312 3495 2482 3548 levem
2518 3496 2749 3564 aliquem
2795 3505 3056 3551 tumorem
3099 3511 3202 3550 non
3243 3507 3474 3553 curaret.
3527 3497 3582 3551 Si

2006 3603 2136 3641 vero
2171 3588 2368 3642 malum
2409 3596 2492 3643 est
2519 3604 2611 3642 sua
2654 3598 2868 3658 peccata
2897 3604 3002 3643 non
3029 3589 3238 3653 videre,
3267 3589 3460 3659 duplex
3493 3589 3585 3644 tri-

2007 3684 2235 3753 plexque
2257 3684 2451 3738 malum
2481 3693 2562 3738 est
2589 3683 2659 3738 de
2687 3683 2807 3743 aliis
2827 3682 3067 3752 judicare
3085 3697 3200 3745 eos,
3224 3683 3312 3753 qui
3335 3683 3448 3737 sine
3477 3683 3586 3736 ullo

2007 3775 2204 3830 doloris
2233 3790 2390 3831 sensu
2423 3777 2602 3830 trahes
2629 3776 2679 3830 in
2718 3776 2884 3830 oculis
2910 3774 3022 3831 suis
3044 3785 3274 3845 gestant.
3304 3767 3586 3836 Peccatum

2007 3869 2200 3936 quippe
2223 3868 2370 3922 trahe
2392 3869 2605 3938 gravius
2633 3878 2734 3924 est.

2079 3963 2131 4016 5.
2174 3958 2402 4015 Christus
2431 3978 2530 4014 non
2555 3971 2684 4015 vetat
2715 3961 2844 4016 alios
2884 3977 3124 4031 arguere,
3154 3961 3240 4016 sed
3269 3961 3389 4028 quid
3416 3961 3587 4022 vetat?

2011 4053 2326 4122 Explanatio
2373 4052 2531 4115 illius,
2558 4052 2731 4108 Nolite
2784 4053 2913 4108 dare
2962 4061 3145 4106 sancta
3193 4052 3446 4117 canibus,
3485 4064 3584 4105 etc.

2012 4145 2258 4215 Mysteria
2298 4160 2390 4200 cur
2415 4144 2594 4214 januis
2628 4143 2818 4198 clausis
2844 4142 3228 4198 celebrarentur.
3261 4170 3330 4182 -—
3350 4141 3461 4196 Hoc
3487 4142 3586 4211 igi--

2013 4248 2096 4291 tur
2124 4252 2218 4307 per
2242 4252 2304 4291 ea
2332 4252 2451 4305 qua:
2479 4235 2621 4290 dicta
2649 4244 2772 4290 sunt
2802 4236 3089 4304 praecepit,
3128 4250 3322 4304 nempe
3347 4250 3469 4290 eum
3497 4235 3588 4302 qui

2011 4329 2279 4383 sexcentis
2309 4328 2451 4382 vitiis
2480 4327 2549 4380 sit
2574 4325 2858 4392 obnoxius,
2885 4327 3075 4381 aliena:
3103 4325 3272 4395 culpa:
3297 4342 3399 4379 non
3431 4342 3587 4380 seve-

2012 4438 2129 4476 rum
2157 4437 2278 4476 esse
2307 4419 2543 4490 judicem
2576 4430 2845 4489 oportere,
2878 4422 2919 4473 si
2955 4421 3183 4474 maxime
3209 4419 3436 4473 aliorum
3462 4433 3588 4487 pec-

2010 4524 2127 4569 cata
2153 4515 2258 4570 sint
2276 4514 2407 4568 levia
2443 4531 2456 4566 :
2490 4528 2592 4567 non
2615 4513 2756 4583 quod
2785 4521 2928 4567 vetet
2956 4527 3179 4582 arguere
3196 4521 3249 4566 et
3282 4511 3584 4574 emendare,

2012 4605 2105 4660 sed
2136 4604 2276 4675 quod
2309 4603 2583 4673 prohibeat
2612 4605 2820 4673 propria
2857 4605 2990 4658 mala
3015 4604 3302 4673 negligere,
3330 4613 3383 4656 et
3402 4602 3590 4657 alienis

2013 4701 2284 4755 insultare.
2312 4699 2521 4754 Etenim
2555 4699 2679 4753 illud
2713 4699 2764 4752 in
2801 4713 3048 4767 magnum
3071 4707 3314 4765 vergeret
3343 4696 3591 4766 nequitiae

2013 4801 2374 4861 augmentum,
2407 4790 2782 4859 duplicemque
2822 4789 3096 4843 inveheret
3142 4787 3416 4842 malitiam.
3457 4787 3590 4842 Nam

2015 4884 2102 4950 qui
2127 4882 2357 4950 peccatis
2377 4883 2507 4941 suis,
2537 4880 2637 4933 etsi
2664 4879 2933 4948 gravibus,
2967 4879 3241 4948 neglectis,
3268 4879 3493 4934 alierum
3515 4881 3592 4933 vi-

2017 4976 2086 5029 tia
2136 4988 2296 5042 parva
2345 4973 2586 5040 leviaqne
2631 4971 2876 5024 acerbius
2925 4971 3188 5028 discutere
3238 4972 3507 5036 studeret,
3541 4975 3591 5027 in

2015 5063 2279 5132 duplicem
2322 5063 2618 5116 incurreret
2645 5061 2816 5115 labem
2843 5079 2857 5126 ;
2886 5072 2934 5116 et
2959 5062 3098 5132 quod
3137 5065 3348 5134 propria
3377 5078 3591 5134 peccata

2017 5154 2310 5222 uegligcret
2355 5159 2827 5220 contemneretqne
2851 5193 2866 5214 ,
2899 5160 2953 5206 et
2981 5153 3121 5223 quod
3151 5156 3388 5209 omnium
3420 5155 3592 5208 offen-

2015 5249 2219 5299 sionem
2276 5242 2714 5311 inimicitiamque
2762 5243 2813 5296 in
2864 5259 2924 5299 se
2971 5247 3292 5305 concitaret.
3339 5255 3496 5314 atque
3542 5246 3592 5300 in

2017 5319 2308 5396 extremam
2345 5333 2781 5390 inhumanitatem
2815 5334 3186 5405 feritatemque
3206 5335 3443 5406 quotidie
3473 5352 3593 5404 pro-

2016 5423 2250 5479 cederet.
2300 5424 2394 5479 llis
2423 5425 2599 5494 itaque
2638 5425 2885 5480 omnibus
2913 5443 3008 5496 per
3037 5427 3172 5480 hanc
3204 5426 3477 5495 pulchram
3521 5428 3595 5480 le-

2015 5531 2136 5582 gem
2165 5515 2407 5579 sublatis,
2439 5515 2542 5570 hoc
2563 5516 2703 5570 aliud
2728 5517 2997 5585 subjuugit
3026 5525 3342 5584 pra‘ccptum
3369 5533 3381 5564 :
3411 5515 3462 5568 6.
3493 5515 3592 5569 Νο-

2019 5615 2106 5662 lite
2144 5617 2319 5660 sancta
2348 5608 2471 5662 dare
2498 5608 2707 5662 canibus
2726 5649 2742 5673 ,
2782 5625 2938 5676 neque
2981 5606 3262 5676 projiciatis
3290 5609 3594 5676 margaritas

2017 5709 2205 5753 vestras
2228 5707 2343 5751 ante
2366 5714 2548 5769 porcos
2571 5697 2589 5771 (
2613 5697 2797 5750 Matth.
2834 5699 2918 5752 l0.
2951 5695 3076 5768 Ξῖ).
3102 5697 3258 5762 Atqui
3289 5701 3339 5751 in
3366 5713 3599 5764 sequen-
