4080 6138
516 257 616 312 311

517 375 658 428 tibus
681 411 696 436 ,
729 370 935 442 inquies
963 411 978 435 ,
1019 369 1296 442 prmcipit,
1333 368 1402 423 Et
1426 369 1559 438 quod
1595 370 1650 424 in
1691 385 1816 422 aure
1857 367 2041 421 auditis
2067 408 2082 432 ,

515 465 788 533 pradicate
805 479 958 533 super
982 470 1130 516 tecta.
1165 461 1358 516 Verum
1385 459 1487 515 hoc
1519 458 1680 530 priori
1717 474 1822 513 non
1853 467 1933 513 est
1957 473 2089 511 con-

516 556 759 610 trarium.
809 553 990 623 Neque
1028 551 1135 607 illic
1176 552 1424 607 omnibus
1461 551 1615 620 jubet
1656 549 1964 618 praedicare,
1995 548 2090 602 sed

515 647 581 701 iis
616 647 809 717 quibus
839 645 1233 716 praedicandum
1264 654 1376 711 est,
1419 660 1538 699 cum
1568 642 1757 699 ﬁducia
1801 643 1852 698 id
1890 641 2087 697 facere.

511 739 686 793 Canes
713 746 887 792 autem
917 738 1003 792 hic
1025 746 1179 793 vocat
1199 738 1286 808 qui
1316 738 1368 791 in
1397 737 1671 806 impietate
1698 733 1858 790 vitam
1891 735 2093 790 ducunt

513 829 808 892 incurahili,
839 841 892 884 et
927 829 978 883 in
1005 830 1196 899 quibus
1226 844 1349 898 spes
1381 829 1525 884 nulla
1552 829 1862 884 mutationis
1900 832 1952 882 in
1989 841 2094 882 me-

512 925 635 977 lius.
685 921 885 976 Porcos
923 937 1049 976 vero
1080 922 1197 974 illos
1226 922 1314 990 qui
1347 921 1558 975 luxuria
1589 920 1846 987 perditam
1877 934 2092 988 semper

510 1013 674 1068 vitam
705 1024 888 1082 agunt,
919 1027 1053 1081 quos
1074 1027 1263 1067 omnes
1289 1011 1592 1081 hnjusmodi
1615 1011 1853 1067 doctrina
1883 1011 2094 1066 dicebat

513 1105 778 1174 indignos.
811 1104 923 1158 lloc
952 1105 1092 1158 enim
1123 1105 1282 1160 etiam
1325 1105 1518 1159 Paulus
1551 1104 1812 1174 signiﬁcat
1849 1103 1931 1158 his
1967 1120 2091 1159 ver-

512 1197 638 1251 bis:
675 1195 924 1249 Animalia
950 1205 1120 1248 autem
1164 1197 1312 1250 homo
1337 1213 1438 1250 non
1475 1197 1688 1266 percipit
1729 1213 1787 1250 ea
1824 1211 1936 1266 qut:
1964 1195 2090 1264 Spi-

510 1287 641 1340 ritus
665 1296 782 1340 sunt
809 1303 830 1340 :
861 1287 1075 1339 stultitia
1101 1287 1233 1340 enim
1266 1296 1338 1340 est
1361 1287 1440 1341 illi
1471 1289 1548 1358 (l.
1573 1287 1690 1341 Cor.
1718 1287 1772 1340 2.
1808 1288 1918 1357 M).
1953 1287 2089 1340 Alibi

510 1392 722 1447 quoque
763 1391 908 1444 stupe
949 1377 1080 1431 dicit
1121 1379 1246 1431 vitae
1283 1379 1678 1447 corruptionem
1709 1379 1760 1432 in
1790 1392 1946 1432 causa
1974 1392 2092 1431 esse

512 1484 608 1522 rur
631 1468 942 1538 perfectiora
963 1469 1207 1539 dogmata
1241 1484 1345 1523 non
1377 1469 1714 1538 recipiantur.
1750 1469 1924 1536 Quare
1947 1477 2092 1523 vetat

513 1564 642 1631 ipsis
681 1564 872 1632 januas
905 1562 1098 1631 aperiri
1135 1561 1434 1632 :siquidem
1471 1571 1744 1631 postquam
1779 1561 2090 1627 didicerint,

515 1655 804 1710 ferociores
856 1654 1109 1709 evadunt.
1157 1654 1282 1708 llaec
1336 1653 1549 1725 quidem
1595 1654 1774 1723 probis
1814 1669 1876 1707 ac
1915 1662 2093 1707 mente

517 1747 814 1802 valentibus
839 1749 1066 1801 revelata
1091 1789 1104 1809 ,
1135 1747 1438 1802 veneranda
1465 1747 1713 1801 videnlur
1745 1764 1756 1798 :
1785 1745 2092 1800 socordibus

516 1854 642 1893 vero
672 1839 838 1909 magis
869 1840 1197 1894 honorantur
1229 1839 1485 1908 ignorata.
1525 1837 1591 1891 lis
1632 1837 1789 1907 igitur
1824 1836 1944 1907 quia
1987 1852 2092 1889 non

515 1939 736 1998 possunt
760 1945 828 1985 ex
868 1939 1055 1985 natura
1093 1930 1180 1983 illa
1213 1930 1473 1994 ediscere,
1505 1929 1858 1993 occultantur,
1901 1926 2090 1996 inquit,

515 2033 571 2079 ut
605 2025 790 2079 saltem
813 2040 881 2078 ex
908 2023 1208 2094 ignorantia
1235 2022 1322 2076 illa
1347 2031 1712 2077 revereautur.
1741 2020 1922 2090 Neque
1949 2019 2092 2073 enim

513 2131 705 2186 porcus
730 2107 874 2171 novit
915 2115 1040 2187 quid
1069 2110 1138 2171 sit
1176 2115 1480 2186 margarita.
1510 2115 1641 2182 Quia
1668 2115 1826 2183 igitur
1865 2128 1968 2166 non
1994 2126 2089 2165 no-

515 2209 608 2272 vit,
632 2223 700 2263 ne
719 2207 895 2263 videat
916 2207 1154 2277 quidem,
1186 2221 1252 2262 ne
1273 2206 1549 2261 conculcet
1573 2220 1635 2260 ea
1658 2220 1775 2274 quae
1804 2219 1908 2258 non
1927 2202 2092 2257 novit.

513 2298 655 2352 Nihil
683 2299 824 2352 enim
853 2297 1055 2352 accedit
1082 2299 1145 2350 iis
1166 2297 1255 2366 qui
1292 2298 1360 2350 ita
1398 2309 1520 2351 sunt
1550 2295 1722 2350 allecti
1761 2295 1806 2348 si
1840 2294 2094 2358 audiant,

517 2391 618 2445 nisi
649 2390 821 2460 majus
863 2389 1138 2443 damnum.
1187 2389 1395 2443 Etenim
1433 2397 1613 2443 sancta
1644 2387 1803 2440 abiis
1831 2395 2096 2441 temeran-

516 2493 628 2547 tur,
669 2490 851 2551 utpote
890 2481 980 2535 illa
1009 2481 1373 2551 ignorantibus
1403 2497 1416 2533 :
1447 2490 1500 2534 et
1531 2479 1628 2548 ipsi
1653 2478 1881 2534 ferocius
1909 2487 2092 2537 ctmsra

517 2589 616 2630 nos
647 2575 929 2643 insurgunt
953 2573 1164 2626 armati.
1197 2572 1307 2626 Hoc
1337 2563 1775 2640 enim'signiﬁcat
1803 2569 1928 2623 illud
1963 2588 1976 2624 :
2014 2569 2098 2623 Ne

516 2667 806 2726 eoneulcent
833 2683 937 2730 eas,
964 2675 1014 2720 et
1035 2668 1264 2720 conuersi
1290 2667 1585 2735 dirumpunt
1611 2680 1718 2718 vos.
1755 2664 1859 2718 Sed
1891 2665 1957 2717 ita
1986 2663 2098 2716 for-

519 2764 642 2816 titer
669 2760 876 2814 haerere
897 2758 1182 2823 debebant,
1206 2767 1260 2812 ut
1287 2759 1451 2812 semel
1478 2758 1666 2813 tradita
1698 2757 1887 2811 invicta
1910 2771 2097 2810 mane»

519 2860 659 2917 rent,
688 2865 789 2905 nec
807 2866 990 2904 ansam
1020 2850 1122 2904 illis
1148 2858 1331 2905 contra
1360 2865 1457 2905 nos
1493 2850 1811 2920 praeberent.
1835 2849 1948 2903 Non
1973 2865 2100 2919 pra:-

516 2941 644 2996 bent
664 2949 841 2996 autem
861 2941 947 2993 illa
969 2953 1175 3002 ansam,
1194 2939 1285 2994 sed
1310 2939 1361 2993 hi
1383 2941 1471 3010 qui
1496 2941 1638 3009 porci
1663 2949 1816 2993 sunt:
1841 2940 2097 3009 quemad-

519 3031 732 3085 modum
753 3030 1034 3100 margarita
1051 3029 1272 3099 pedibus
1288 3029 1506 3094 calcata,
1528 3045 1630 3083 non
1649 3030 1786 3099 quod
1800 3031 2096 3098 spernenda

519 3123 589 3178 sit
628 3121 995 3185 conculcatur,
1027 3121 1120 3176 sed
1150 3121 1270 3191 quia
1319 3123 1372 3174 in
1404 3136 1592 3190 porcos
1622 3121 1823 3174 incidit.
1856 3123 1932 3175 Ac
1976 3121 2099 3190 pul-

518 3217 646 3273 ebre
669 3217 802 3272 dixit
829 3234 841 3270 :
866 3215 1103 3272 Conversi
1121 3215 1415 3286 dirumpunt
1441 3231 1544 3270 vos.
1572 3215 1880 3270 Modestiam
1905 3217 2099 3285 quippe

518 3311 804 3375 simulant,
857 3317 916 3362 ut
961 3308 1210 3374 discant;
1258 3315 1536 3377 postquam
1586 3322 1714 3361 vero
1760 3306 2094 3372 didicerunt,

518 3407 606 3459 alii
662 3420 726 3459 ex
780 3403 899 3458 aliis
946 3401 1121 3458 effecti
1177 3400 1404 3456 illudunt
1457 3399 1646 3466 nobis,
1712 3399 1993 3453 traducunt
2048 3408 2103 3452 et

522 3497 744 3552 irrident
788 3510 887 3550 nos
929 3495 1078 3566 quasi
1125 3493 1397 3563 deceptos.
1429 3493 1656 3563 Ideoque
1697 3493 1889 3546 Paulus
1921 3491 2102 3545 Timo-

521 3590 646 3643 theo
691 3587 903 3642 dicebat.
950 3602 965 3638 :
1019 3585 1180 3651 Quem
1208 3593 1256 3638 et
1300 3594 1355 3637 tu
1402 3585 1566 3638 devita
1595 3599 1614 3637 :
1661 3583 1809 3636 valde
1847 3583 1977 3635 enim
2018 3598 2101 3634 re-

521 3680 644 3732 stitit
693 3679 855 3731 verbis
911 3678 1094 3730 nostris
1140 3674 1254 3748 (2.
1311 3674 1446 3728 Tim.
1505 3676 1558 3728 4.
1602 3675 1668 3729 15
1697 3671 1752 3744 );
1811 3688 2103 3741 rursusque

522 3771 667 3834 alibi,
700 3768 768 3822 Et
791 3768 882 3823 hos
908 3767 1070 3822 devita
1095 3767 1173 3835 (2.
1205 3765 1335 3819 Tim.
1370 3766 1424 3821 5.
1456 3766 1547 3834 5);
1575 3773 1649 3830 et,
1683 3763 1990 3818 liareticum
2011 3765 2105 3816 lto-

524 3865 708 3918 minem
736 3872 848 3934 post
873 3878 1029 3916 unam
1051 3871 1097 3915 et
1135 3861 1348 3915 alteram
1371 3859 1761 3913 admonitionem
1787 3856 1951 3910 devita
1971 3855 2100 3925 (Tit.

521 3955 576 4010 '5.
608 3954 718 4025 10).
736 3954 864 4009 Non
892 3953 1050 4024 igitur
1069 3951 1144 4008 ab
1166 3952 1276 4007 illis
1295 3959 1591 4013 armantur,
1623 3949 1718 4005 sed
1743 3962 1926 4004 eorum
1951 3963 2106 4002 occa-

523 4050 677 4105 sione
701 4046 849 4102 stulti
885 4045 1138 4110 evadunt,
1166 4044 1357 4113 majori
1382 4044 1680 4114 arrogantia
1717 4041 1922 4112 repleti.
1952 4040 2102 4095 lden-

522 4157 627 4212 que
649 4157 753 4196 non
775 4155 959 4210 parum
987 4139 1119 4194 lucri
1148 4137 1270 4192 inde
1291 4136 1514 4201 accedit,
1543 4137 1584 4189 si
1610 4135 1660 4189 in
1683 4148 1780 4190 sua
1808 4132 2102 4204 ignorantia

526 4242 818 4290 maneant:
863 4233 944 4287 sic
971 4232 1114 4287 enim
1159 4245 1266 4285 non
1295 4229 1366 4283 ita
1396 4227 1708 4296 despicient.
1758 4226 1813 4280 Si
1856 4239 1983 4278 vero
2025 4222 2109 4276 di-

526 4335 698 4392 scant,
728 4325 935 4395 duplex
963 4323 1188 4392 emergit
1216 4321 1486 4376 damnum.
1536 4319 1614 4372 Illi
1654 4318 1794 4372 enim
1827 4316 1949 4371 inde
1974 4314 2106 4369 nihil

527 4421 730 4474 Fructus
755 4415 1078 4487 percipient;
1110 4417 1218 4470 imo
1244 4413 1411 4483 magis
1437 4411 1717 4473 laudentur,
1743 4410 1940 4478 tibique
1963 4408 2107 4461 mille

527 4511 737 4584 negotia
778 4507 1134 4564 suscitabunt.
1181 4504 1416 4560 Audiant
1453 4504 1490 4557 ii
1514 4504 1604 4572 qui
1631 4501 1969 4572 impudenter
1995 4514 2110 4554 om-

527 4605 683 4658 nibus
709 4617 768 4658 se
791 4599 1108 4663 admiscent,
1153 4605 1207 4652 et
1234 4593 1536 4650 veneranda
1563 4606 1786 4663 quaeque
1809 4589 2108 4660 spernenda

528 4696 776 4752 reddunt.
823 4693 956 4749 Nam
1001 4689 1251 4762 mysteria
1292 4688 1411 4742 ideo
1439 4686 1617 4757 januis
1645 4683 1837 4738 clausis
1871 4681 2110 4736 celebra-

531 4801 668 4855 mus,
693 4795 745 4842 et
774 4801 880 4840 non
922 4782 1156 4837 initiatos
1193 4779 1483 4848 abigimus,
1525 4790 1630 4830 non
1665 4773 1804 4843 quod
1836 4770 2112 4825 inﬁrmita-

532 4889 638 4932 tem
664 4877 946 4946 quamdam
976 4876 1027 4929 in
1059 4875 1162 4929 illis
1190 4869 1676 4943 deprehendamus,
1701 4866 1793 4922 sed
1818 4867 1935 4935 quia
1959 4863 2110 4917 multi

533 4965 950 5036 imperfectiores
995 4973 1141 5029 sunt,
1173 4978 1329 5034 quam
1377 4969 1435 5014 ut
1484 4959 1614 5028 ipsis
1659 4957 1862 5027 possint
1899 4953 2108 5010 adesse.

532 5058 656 5112 ideo
694 5056 784 5110 ille
820 5055 979 5109 multa
1021 5056 1074 5108 in
1118 5053 1380 5124 parabolis
1409 5052 1720 5122 loquebatur
1742 5047 1958 5111 Judacis,
1989 5047 2111 5116 quia

535 5149 778 5205 videntes
804 5163 908 5202 non
936 5146 1202 5200 videbant.
1229 5146 1560 5214 Quapropter
1583 5143 1779 5198 Paulus
1805 5139 2114 5206 scirerSsit

532 5238 804 5310 quomodo
851 5243 1094 5302 oporteat
1130 5235 1411 5304 unicuique
1454 5232 1800 5301 respondere.
1842 5231 1872 5283 7
1929 5228 2110 5293 Petite,

534 5343 578 5384 ει
605 5331 807 5384 dabitur
835 5327 1003 5391 vobis;
1032 5327 1259 5396 qum-ite,
1292 5334 1336 5379 et
1357 5324 1651 5386 invenietis;
1680 5322 1893 5390 pulsate,
1926 5329 1973 5374 et
2002 5336 2116 5390 ape-

534 5426 690 5478 rietur
709 5422 863 5477 vobis.
895 5421 1026 5489 Quia
1056 5418 1196 5474 enim
1219 5431 1405 5487 magna
1431 5425 1486 5470 et
1514 5413 1822 5469 admiranda
1845 5411 2113 5482 praecepit,

537 5514 783 5569 ouinibus
819 5512 981 5582 jussit
1008 5507 1287 5565 atl’ectibus
1311 5520 1430 5564 esse
1483 5499 1806 5575 superiores,
1836 5501 1902 5556 ad
1945 5503 2117 5571 ipsum

537 5609 725 5665 caelum
757 5604 988 5669 adduxit,
1015 5617 1079 5660 ac
1104 5601 1321 5660 studere
1346 5597 1619 5670 praecepit,
1666 5609 1770 5650 non
1813 5603 1870 5648 ut
1917 5591 2117 5663 angelis

1219 253 1272 309 S.
1309 251 1588 310 JOANNIS
1623 248 2091 308 CllRYSOSTOMl
2129 246 2427 304 ARClllEP
2487 242 3040 303 CONSTANTINOP.

2179 372 2232 417 et
2259 360 2628 430 archangelis,
2655 357 2746 413 sed
2775 357 2875 427 ipsi
2899 354 3144 409 omnium
3172 350 3399 406 Domino
3419 349 3460 414 ¹,
3489 356 3750 418 quantum

3648 239 3752 291 5η

2182 451 2295 504 ﬁeri
2331 450 2478 513 licet,
2521 448 2730 503 similes
2755 445 2944 500 simus.
2996 441 3302 510 Discipulos
3327 453 3456 493 vero
3490 451 3598 490 non
3652 436 3756 490 hoc

2183 544 2358 598 solum
2408 541 2689 612 perlicere,
2721 531 2814 593 sed
2851 545 2906 590 et
2939 537 3076 590 alios
3117 533 3409 588 emendare
3441 530 3627 600 jussit,
3693 542 3757 582 ac

2181 633 2492 688 discernere
2525 632 2663 686 inter
2699 631 2871 684 malos
2900 624 2954 684 e't
2985 627 3178 690 bonos,
3208 625 3349 679 inter
3377 635 3544 676 canes
3572 629 3624 674 et
3649 635 3756 675 non

2183 739 2347 780 canes
2375 722 2568 791 (multa
2597 732 2778 776 autem
2802 731 2929 775 sunt
2953 720 3006 772 iu
3039 716 3355 772 hominibus
3390 711 3651 778 occulta),
3692 728 3761 765 ne

2182 816 2426 871 dicerent
2464 813 2577 866 haec
2606 812 2740 866 dura
2769 821 2821 864 et
2843 808 3207 864 intolerabilia
3232 821 3374 861 esse.
3432 802 3566 857 Nam
3594 803 3647 854 in
3674 817 3768 856 se-

2184 904 2476 978 quentibus
2515 903 2628 957 lnec
2669 902 2862 957 Petrus
2895 901 3168 971 loquitur:
3215 898 3346 962 Quis
3385 904 3555 966 potest
3584 895 3762 946 saluus

2185 999 2338 1053 esse?
2385 995 2450 1049 Et
2479 1011 2699 1052 rursus:
2751 994 2811 1049 Si
2833 995 2910 1048 ita
2938 1005 3015 1047 est
3039 1007 3202 1044 causa
3237 988 3487 1050 hominis,
3540 1001 3641 1038 non
3671 1001 3766 1037 ex.-

2185 1090 2325 1157 pedit
2357 1091 2546 1144 nubere
2577 1086 2796 1154 (Matth.
2824 1086 2909 1140 19.
2947 1084 3020 1138 25
3059 1083 3168 1152 10).

2267 1191 2321 1245 4.
2358 1190 2620 1260 Prtecepta
2648 1191 2931 1262 evangelica
2969 1191 3220 1262 precando
3258 1191 3476 1246 alleuare
3517 1192 3771 1245 debemus.

2203 1280 2628 1336 Perseverandum
2651 1283 2704 1336 in
2732 1283 2975 1336 oratione.
3015 1313 3088 1322 —
3129 1282 3206 1336 Ne
3253 1283 3414 1351 igitur
3463 1281 3578 1336 inec
3608 1283 3768 1334 etiam

2200 1389 2339 1428 nunc
2367 1365 2577 1436 dicant,
2611 1389 2729 1427 eum
2774 1374 2882 1442 jam
2915 1373 2964 1427 in
2994 1373 3418 1442 praecedentibus
3458 1372 3776 1427 ostendisset

2199 1465 2284 1519 illa
2337 1480 2455 1519 esse
2499 1465 2707 1531 facilia,
2754 1465 3046 1518 ratiociniis
3086 1463 3447 1533 frequentibus
3496 1464 3777 1526 adductis,

2199 1571 2316 1624 quae
2338 1554 2388 1608 id
2410 1555 2635 1609 suadere
2667 1565 2900 1623 possent,
2932 1555 3146 1610 demum
3182 1555 3442 1608 facilitatis
3469 1553 3777 1608 coronidem

2199 1645 2448 1714 apponit,
2476 1661 2580 1698 non
2624 1645 2825 1716 vulgari
2871 1647 3163 1714 excogitata
3207 1646 3256 1696 in
3288 1644 3555 1698 laboribus
3583 1658 3778 1696 conso-

2201 1739 2436 1804 latione,
2498 1753 2690 1808 nempe
2752 1737 3081 1790 assiduarum
3133 1751 3346 1804 precum
3393 1734 3607 1788 auxilio.
3662 1733 3780 1788 Non

2199 1831 2327 1885 satis
2369 1830 2512 1889 enim
2555 1845 2674 1884 esse
2715 1829 2874 1895 dicit,
2917 1829 2960 1883 si
2999 1828 3050 1882 id
3081 1827 3338 1897 perﬁcere
3367 1842 3630 1889 curemus,
3685 1826 3778 1880 sed

2200 1938 2487 1992 supernum
2518 1937 2638 1977 esse
2663 1922 2914 1975 auxilium
2947 1919 3337 1989 implorandum
3371 1937 3382 1970 :
3415 1918 3556 1988 quod
3599 1919 3782 1986 utique

2203 2015 2376 2068 veniet
2402 2023 2457 2068 et
2483 2013 2652 2067 aderit
2679 2054 2693 2075 ,
2737 2011 2895 2082 inque
2919 2011 3300 2066 certaminibus
3325 2024 3422 2064 nos
3447 2009 3689 2079 juvabit,
3730 2018 3784 2062 et

2200 2103 2377 2158 omnia
2419 2101 2587 2156 facilia
2624 2101 2829 2156 reddet.
2865 2100 2987 2155 Ideo
3011 2111 3190 2170 petere
3219 2100 3408 2168 jussit,
3446 2114 3510 2152 ac
3542 2114 3602 2152 se
3629 2098 3785 2151 datu-

2201 2210 2317 2248 rum
2345 2193 2650 2262 Spopondil.
2678 2193 2876 2248 Verum
2919 2192 3187 2262 postulare
3229 2189 3390 2260 jussit
3436 2203 3540 2243 non
3567 2188 3742 2242 obiter
3765 2227 3783 2252 ,

2200 2284 2294 2338 sed
2323 2299 2444 2339 cum
2474 2283 2782 2338 assiduitate
2806 2294 2858 2337 et
2883 2283 3221 2339 contentione
3267 2295 3476 2350 magna.
3503 2279 3612 2333 Hoc
3637 2281 3788 2332 enim

2200 2375 2461 2445 significat
2491 2374 2618 2429 illud
2641 2417 2654 2438 ,
2685 2374 2921 2440 Quaerite.
2949 2373 3080 2427 Nam
3109 2375 3194 2442 qui
3227 2373 3433 2439 quaerit,
3464 2371 3584 2423 aliis
3610 2371 3788 2422 omni-

2171 2461 2300 2522 'bus
2337 2483 2401 2522 ex
2449 2475 2629 2522 mente
2674 2466 2991 2529 eliminatis,
3041 2465 3118 2519 rei
3173 2471 3372 2516 tantum
3413 2461 3648 2529 qumsitm
3693 2459 3790 2512 dat

2203 2575 2438 2628 operam,
2469 2558 2772 2624 nullamque
2803 2555 3139 2624 prtcsentium
3171 2553 3329 2606 habet
3359 2551 3635 2605 rationem.
3671 2548 3789 2602 No-

2203 2658 2327 2704 runt
2351 2658 2496 2704 certe
2523 2647 2648 2702 illud
2677 2655 2935 2716 quotquot
2964 2646 3044 2700 vel
3066 2660 3199 2698 auro
3218 2644 3298 2697 vel
3331 2643 3498 2697 servis
3534 2641 3787 2702 amissis,

2204 2742 2319 2795 haec
2346 2750 2528 2810 postea
2570 2750 2829 2809 qua-runt.
2865 2737 2990 2792 lllutl
3024 2737 3218 2792 indicat
3265 2751 3360 2804 per
3383 2750 3568 2790 vocem
3601 2733 3750 2786 illam
3772 2772 3791 2796 ,

2206 2833 2426 2898 Quaerite
2448 2850 2466 2896 ;
2491 2848 2609 2886 cum
2639 2847 2765 2885 vero
2793 2831 2942 2892 dicit,
2978 2829 3206 2888 Pulsate,
3240 2828 3584 2882 vehementer
3613 2833 3669 2879 et
3696 2840 3793 2878 ar-

2203 2925 2347 2980 denti
2388 2925 2566 2979 animo
2610 2923 2968 2977 accedendum
3015 2936 3134 2976 esse
3178 2921 3457 2990 significat.
3487 2919 3564 2973 Ne
3607 2921 3796 2985 itaque

2203 3019 2483 3078 concidas,
2518 3017 2587 3070 mi
2630 3016 2790 3070 homo
2811 3058 2824 3081 ,
2855 3031 3028 3085 neque
3073 3015 3332 3069 minorem
3360 3013 3426 3066 de
3453 3014 3646 3064 virtute
3685 3028 3792 3063 rn-

2204 3125 2315 3162 ratn
2344 3108 2630 3170 exhibeas,
2659 3124 2814 3178 quam
2847 3107 2912 3161 de
2961 3107 3215 3176 pecuniis.
3267 3106 3371 3158 llas
3408 3104 3602 3174 quippe
3640 3119 3792 3168 s:rpe

2205 3216 2448 3268 quaerens
2477 3215 2578 3252 non
2612 3199 2854 3253 invenisti
2883 3218 2895 3264 ;
2927 3209 2979 3253 et
3009 3208 3182 3252 tamen
3221 3213 3341 3251 cum
3380 3195 3541 3264 probe
3569 3195 3706 3248 scias
3737 3205 3794 3248 te

2205 3291 2340 3345 forte
2398 3305 2502 3344 non
2545 3292 2916 3352 inventurum,
2961 3303 3173 3343 omnem
3226 3288 3467 3355 exploras
3512 3286 3792 3354 qumrendi

2206 3383 2418 3436 modtnn
2455 3399 2468 3436 :
2500 3381 2586 3435 hic
2611 3398 2736 3434 vero
2761 3381 3100 3448 sponsionem
3139 3379 3340 3432 habens
3366 3387 3416 3430 te
3444 3392 3660 3445 prorsus
3687 3389 3792 3429 ae-

2205 3483 2478 3541 cepturnm
2506 3487 2654 3535 esse,
2681 3487 2746 3525 ne
2773 3471 3042 3524 minimam
3073 3469 3285 3538 quidem
3319 3468 3456 3522 illius
3480 3466 3637 3521 studii
3663 3481 3793 3533 par-

2208 3573 2313 3619 tem
2346 3563 2583 3618 exhibes.
2629 3563 2684 3616 Si
2717 3577 2842 3617 vero
2871 3577 2973 3614 non
3001 3561 3176 3614 statim
3201 3559 3428 3628 accipias
3449 3600 3463 3618 ,
3497 3573 3561 3611 ne
3589 3557 3793 3625 despe-

2207 3674 2312 3712 res.
2346 3656 2468 3712 ldeo
2494 3657 2635 3711 enim
2669 3656 2840 3721 dixit,
2873 3654 3108 3716 Pulsate,
3135 3662 3195 3708 ut
3218 3652 3501 3717 ostendat,
3543 3652 3792 3719 quamvis

2208 3767 2312 3805 non
2340 3750 2517 3804 statim
2545 3750 2765 3818 aperiat,
2801 3747 3118 3802 inanendum
3156 3758 3328 3800 tamen
3359 3759 3497 3800 esse.
3525 3744 3578 3799 Si
3607 3754 3790 3798 autem

2210 3858 2342 3898 mea:
2396 3857 2498 3896 non
2545 3841 2735 3895 credas
2783 3839 3092 3908 sponsioni,
3150 3837 3336 3891 saltem
3385 3837 3507 3892 huic
3541 3837 3793 3903 exemplo

2207 3935 2386 3989 crede.
2411 3933 2463 3988 9.
2490 3933 2614 3996 Quis
2643 3949 2704 3986 ex
2732 3930 2866 3984 robis
2893 3940 2980 3991 est,
3017 3930 3205 3997 inquit,
3242 3936 3382 3998 pater
3403 3929 3444 3989 ’,
3477 3927 3556 3979 cui
3581 3927 3626 3980 si
3651 3926 3793 3992 ﬁlius

2210 4035 2344 4094 petat
2368 4040 2565 4092 panem.
2588 4021 2828 4087 numquid
2853 4021 3072 4090 lapidem
3101 4020 3234 4072 dabit
3260 4023 3302 4070 ei
3320 4019 3344 4071 .9
3365 4017 3512 4086 Apud
3543 4016 3791 4068 homines

2209 4116 2418 4186 quidem
2447 4115 2489 4168 si
2521 4114 2570 4168 id
2605 4114 2910 4182 frequenter
2935 4111 3093 4164 facias
3115 4151 3129 4170 ,
3170 4110 3423 4161 molestus
3451 4117 3502 4160 et
3528 4120 3794 4159 onerosus

2212 4209 2408 4265 videris
2440 4227 2452 4262 :
2483 4206 2619 4276 apud
2651 4207 2812 4260 Deum
2840 4215 3034 4267 autem,
3065 4203 3106 4256 si
3139 4202 3238 4255 hoc
3269 4217 3371 4253 non
3404 4199 3586 4261 facias,
3620 4198 3794 4266 magis

2209 4301 2275 4354 ad
2325 4300 2456 4353 iram
2496 4312 2819 4352 commoves.
2871 4295 2926 4348 Si
2974 4304 3150 4346 autem
3176 4289 3402 4360 petendo
3429 4301 3744 4357 permaneas
3770 4326 3787 4351 ,

2211 4393 2415 4447 etiamsi
2469 4406 2571 4444 non
2622 4389 2799 4443 statim
2850 4385 3112 4454 accipias,
3161 4382 3387 4450 accipies
3418 4389 3615 4433 tamen.
3669 4378 3793 4432 Ideo

2213 4499 2441 4553 namque
2480 4484 2657 4535 clausa
2687 4480 2964 4549 estjanua,
2995 4485 3056 4530 ut
3106 4487 3156 4530 te
3194 4474 3260 4528 ad
3289 4471 3604 4544 pulsandum
3636 4470 3792 4524 indu-

2213 4586 2315 4630 cat.
2346 4574 2470 4629 ideo
2497 4588 2600 4626 non
2641 4571 2817 4624 statim
2846 4567 3064 4630 annuit,
3101 4574 3158 4618 ut
3205 4573 3348 4634 petas
3381 4581 3394 4615 :
3429 4575 3584 4615 mane
3633 4559 3792 4628 igitur

2216 4667 2264 4720 id
2287 4680 2471 4734 agens,
2501 4671 2554 4716 et
2593 4661 2774 4730 procul
2827 4659 2988 4712 dubio
3018 4657 3262 4723 accipies.
3309 4653 3383 4707 Ne
3426 4652 3567 4705 enim
3596 4651 3741 4704 dicas
3775 4667 3790 4702 :

2214 4756 2349 4823 Quid
2383 4755 2560 4824 igitur,
2586 4753 2629 4808 si
2659 4761 2854 4819 petam,
2887 4758 2941 4802 et
2969 4763 3071 4800 non
3098 4744 3398 4813 accipiam?
3439 4757 3533 4810 per
3563 4739 3792 4809 parabo-

2215 4849 2319 4902 lam
2348 4847 2472 4901 tein
2495 4859 2588 4913 spe
2609 4841 2872 4903 ﬁrmavit,
2905 4836 3192 4892 ratiociniis
3219 4848 3427 4887 rursum
3461 4846 3608 4894 usus,
3637 4839 3794 4898 atque

2218 4940 2462 4996 humanis
2487 4936 2744 5003 exemplis
2778 4943 2829 4986 te
2858 4930 2924 4984 ad
2948 4929 3190 4984 ﬁduciam
3223 4941 3282 4980 ea
3309 4927 3359 4978 in
3394 4941 3451 4978 re
3481 4921 3792 4976 sumendam

2218 5035 2495 5096 inducens,
2518 5031 2642 5084 dum
2665 5041 2758 5096 per
2779 5023 2892 5076 iure
2919 5020 3170 5077 ostendit.
3196 5033 3299 5071 non
3323 5015 3480 5069 modo
3506 5013 3791 5084 petendum

2218 5144 2356 5192 esse,
2411 5123 2506 5179 sed
2556 5135 2672 5190 qua:
2701 5115 2920 5188 petenda
2962 5114 3086 5166 sint.
3133 5111 3262 5177 Quis
3288 5109 3419 5161 enim
3447 5121 3510 5159 ea:
3541 5104 3677 5157 vobis
3721 5110 3792 5154 est

2221 5230 2380 5288 pater,
2405 5215 2484 5269 cui
2511 5215 2554 5267 si
2582 5211 2718 5280 [ilius
2748 5215 2882 5276 petat
2909 5219 3108 5273 panem,
3139 5197 3384 5267 numquid
3410 5194 3630 5266 lapidem
3656 5191 3794 5288 dabit

2219 5281 2297 5365 illi
2317 5311 2341 5364 ?
2361 5307 2540 5375 itaque
2569 5304 2614 5357 si
2635 5316 2738 5356 non
2767 5297 2961 5366 accipis
2982 5337 2996 5360 ,
3043 5293 3161 5350 ideo
3190 5305 3294 5344 non
3315 5287 3532 5357 accipis,
3560 5283 3682 5375 quia
3712 5281 3793 5375 la:

2222 5369 2575 5472 pidem'petis.
2597 5390 2813 5448 Etiamsi
2844 5387 2986 5444 enim
3019 5384 3157 5438 ﬁlius
3184 5383 3280 5447 sis,
3301 5378 3353 5434 id
3379 5392 3484 5433 non
3509 5374 3705 5431 sufﬁcit
3729 5369 3792 5424 ad

2289 5559 2304 5590 ι
2361 5553 2479 5614 Alii,
2537 5547 2624 5599 sed
2695 5545 2792 5610 ipsi
2911 5539 3127 5591 Domino.
3163 5532 3375 5593 Alll,scd
3399 5531 3790 5596 amittat-umbo-

2224 5618 2368 5669 mino.
2683 5668 2696 5674 _
2835 5667 2844 5674 .
2975 5664 2985 5674 .

2291 5661 2470 5736 int'ox,
2488 5679 2642 5738 pater,
2669 5668 2810 5719 deest
2832 5667 2883 5715 in
2905 5661 3211 5731 quibusdam.
