4080 6138
167 309 263 364 511

177 438 331 474 cate
353 422 440 485 είς
471 419 537 472 τὸ
558 418 686 486 οὖς,
713 419 1010 487 κηρύξατε
1033 415 1130 472 ἐπὶ
1155 418 1271 472 τῶν
1299 419 1582 489 δωμάτων
1615 422 1680 474 ⁷⁸.
1710 423 1846 473 Ἀλλ’

180 509 305 562 οὐδέ
335 506 496 560 τοῦτο
527 506 769 558 ἐναντίον
813 507 929 559 ἐστὶ
972 505 1051 576 τῷ
1097 507 1364 578 προτέρῳ.
1408 508 1542 560 Οὐδὲ
1575 509 1682 579 γὰρ
1736 511 1852 561 ἐκεῖ

183 599 351 651 πᾶσιν
384 594 570 659 ἁπλῶς
598 594 857 659 ἐπέταξεν
887 590 1079 659 εἰπεῖν,
1100 596 1216 650 ἀλλ’
1249 591 1332 658 οἷς
1357 597 1438 650 δεῖ
1465 600 1658 660 εἰπεῖν,
1713 600 1852 669 μετά

184 683 503 754 παρρησίας
540 684 730 736 εἰπεῖν.
790 681 973 745 Κύνας
1025 684 1081 736 δέ
1107 683 1334 738 ἐνταῦθα
1365 685 1487 748 τούς
1545 688 1600 738 ἐν
1630 687 1853 757 ἀσεϐείᾳ

186 770 397 834 ζῶντας
431 769 652 838 ἀνιάτῳ,
684 769 779 823 καὶ
815 768 1116 840 μεταϐολῆς
1147 772 1245 841 τῆς
1273 772 1365 824 ἐπὶ
1396 772 1454 824 τὸ
1488 775 1728 842 κρεῖττον
1755 775 1854 826 οὐκ

187 860 408 929 ἔχοντας
452 857 640 911 ἐλπίδα
673 857 910 928 ᾐνίξατο,
952 859 1046 912 καὶ
1080 858 1293 928 χοίρους
1319 861 1444 924 τοὺς
1476 862 1533 912 ἐν
1573 861 1854 930 ἀκολάστῳ

189 947 292 1015 βίῳ
321 946 692 1014 διατρίϐοντας
738 944 1047 1010 διαπαντὸς,
1081 945 1286 1016 οὕσπερ
1333 946 1576 1010 ἅπαντας
1605 947 1856 1012 ἀναξίους

190 1035 389 1104 ἔφησεν
414 1029 550 1086 εἰναι
580 1032 676 1102 τῆς
710 1032 966 1103 τοιαύτης
1005 1033 1340 1104 ἀκροάσεως.
1385 1033 1555 1087 Τοῦτο
1601 1035 1730 1102 γοῦν
1765 1036 1857 1087 καὶ

191 1124 219 1173 ὁ
251 1117 460 1182 Παῦλος
497 1117 670 1188 δηλῶν
714 1116 898 1186 ἐλεγε-
952 1119 1216 1187 Ψυχικὸς
1254 1119 1325 1171 δὲ
1354 1121 1399 1151 ⁷⁸
1451 1119 1757 1188 ἅνθρωπος
1787 1123 1855 1172 οὐ
1931 1122 1945 1144 ⁸

191 1207 427 1276 δέχεται
460 1205 532 1258 τὰ
561 1206 668 1259 τοῦ
700 1206 1033 1273 πνεύματος
1057 1222 1070 1235 ·
1103 1207 1296 1274 μωρία
1345 1208 1454 1276 γὰρ
1497 1206 1657 1272 αὐτῷ
1704 1207 1855 1259 ἐστι.

194 1297 304 1348 Καὶ
338 1292 602 1363 πολλαχοῦ
655 1293 712 1345 δέ
753 1291 976 1362 ἑτέρωθι
1018 1292 1134 1362 βίου
1175 1292 1471 1364 διαφθορὰν
1495 1293 1672 1346 αἰτίαν
1698 1295 1859 1365 φησὶν

195 1379 332 1435 εἶναι
353 1381 446 1434 τοῦ
473 1379 546 1451 μὴ
572 1379 818 1451 δέχεσθαι
845 1379 912 1433 τά
935 1379 1241 1451 τελειότερα
1257 1381 1518 1451 δόγματα.
1544 1380 1634 1432 Διὸ
1652 1380 1860 1433 κελεύει

198 1471 272 1540 μὴ
303 1469 635 1522 ἀναπετάσαι
671 1468 770 1532 τὰς
813 1467 980 1537 θύρας
1011 1469 1191 1532 αὐτοῖς
1217 1488 1230 1500 ο
1264 1471 1355 1522 καὶ
1393 1469 1501 1538 γὰρ
1539 1468 1861 1540 θρασύτεροι

195 1560 430 1629 γίνονται
457 1557 593 1630 μετά
630 1558 690 1610 τὸ
733 1557 940 1628 μαθεῖν.
990 1558 1112 1620 Τοῖς
1162 1559 1260 1628 μὲν
1285 1557 1390 1629 γὰρ
1430 1558 1736 1628 εὐγνώμοσι
1769 1557 1863 1610 καὶ

195 1649 318 1701 νοῦν
369 1647 582 1717 ἔχουσιν
627 1643 1078 1713 ἐκκαλυπτόμενα
1114 1646 1286 1713 σεμνά
1316 1644 1596 1714 φαίνεται·
1657 1648 1767 1708 τοῖς
1806 1644 1862 1697 δὲ

196 1733 560 1804 ἀναισθήτοις,
610 1732 738 1785 ὅταν
768 1731 1026 1802 ἀγνοῆται
1077 1731 1296 1799 μᾶλλον.
1353 1733 1504 1785 Ἐπεί
1542 1733 1588 1763 ⁵⁸
1618 1729 1710 1785 οὖν
1758 1733 1867 1786 ἀπὸ

196 1817 296 1893 τῆς
325 1822 538 1892 φύσεως
562 1821 623 1874 οὐ
647 1819 899 1873 δύνανται
930 1819 1070 1872 αὐτά
1108 1819 1465 1890 καταμαθεῖν,
1494 1820 1536 1851 ⁸¹
1573 1821 1863 1891 [καλύπτε-

200 1913 431 1975 σθωσαν,
467 1909 650 1979 φησὶν,
693 1907 801 1980 ἵνα]
845 1909 948 1961 κᾶν
979 1907 1086 1960 ἀπὸ
1115 1909 1214 1977 τῆς
1252 1911 1474 1976 ἀγνοίας
1525 1910 1865 1964 αίδεσθῶσιν.

199 2000 334 2054 Οὐδὲ
363 2000 469 2076 γὰρ
501 2001 529 2050 ὁ
554 1996 705 2070 [288]
736 2000 917 2069 χοῖρος
946 1993 1076 2064 οἶδε,
1103 1998 1155 2050 τί
1194 1998 1322 2050 ποτέ
1356 2000 1472 2052 ἐστι
1501 1999 1866 2071 μαργαρίτης.

198 2088 407 2142 Οὐκοῦν
425 2087 608 2158 ἐπειδὴ
631 2087 730 2139 οὐκ
757 2082 884 2151 οἶδε,
911 2087 1044 2156 μηδὲ
1069 2086 1266 2157 ὁράτω,
1298 2087 1383 2140 ἵνα
1411 2087 1484 2159 μὴ
1507 2089 1794 2157 καταπατή
1812 2106 1872 2159 τῃ

199 2176 235 2229 ἂ
264 2177 362 2228 οὐκ
387 2170 545 2229 οἶδεν.
580 2174 744 2227 Οὐδὲν
787 2173 896 2244 γὰρ
930 2175 1136 2242 γίνεται
1162 2175 1341 2240 πλέον,
1383 2176 1414 2247 ἢ
1462 2176 1630 2246 βλάϐη
1671 2177 1870 2246 μείζων

200 2266 309 2326 τοῖς
341 2263 481 2316 οὕτω
511 2261 876 2332 διακειμένοις
909 2263 1000 2316 καὶ
1032 2263 1309 2317 ἀκούουσι.
1352 2264 1461 2316 Καὶ
1508 2267 1615 2335 γάρ
1641 2267 1707 2316 τὰ
1741 2264 1872 2332 ἅγια

200 2353 610 2422 ἐμπαροινεῖται
652 2351 783 2419 παρ’
828 2350 1085 2414 ἐκείνων,
1146 2351 1245 2403 οὐκ
1308 2351 1522 2404 εἰδότων
1582 2353 1701 2405 τίνα
1756 2355 1872 2405 ἐστι

199 2440 406 2493 ταῦτα·
440 2440 533 2493 καὶ
563 2440 762 2491 ἐκεῖνοι
811 2437 1009 2506 μᾶλλον
1059 2439 1378 2509 ἐπαίρονται
1425 2441 1519 2493 καὶ
1562 2441 1870 2504 ὁπλίζονται

201 2527 322 2580 καθ’
355 2525 533 2596 ήμῶν.
577 2525 746 2578 Τοῦτο
777 2526 886 2596 γάρ
910 2527 1058 2577 ἐστι·
1094 2525 1188 2592 Μὴ
1235 2526 1700 2592 καταπατήσωσι
1721 2570 1735 2594 ,
1774 2529 1870 2583 καὶ

199 2614 568 2684 στραφέντες
610 2613 881 2682 ῥήξωσιν
929 2611 1103 2680 ὑμᾶς.
1156 2615 1264 2667 Καὶ
1312 2616 1419 2686 μὴν
1458 2615 1630 2679 οὕτως
1678 2618 1873 2686 ἰσχυρὰ

201 2706 308 2757 ἔδει
327 2701 485 2762 εἶναι,
509 2703 692 2772 φησιν,
722 2702 797 2764 ὡς
828 2702 1078 2772 καὶμετά
1097 2701 1156 2754 τὸ
1186 2701 1376 2771 μαθεῖν
1398 2703 1646 2756 ἀνάλωτα
1670 2703 1870 2773 μένειν,

203 2793 298 2845 καὶ
333 2793 406 2862 μὴ
458 2792 716 2862 παρέχειν
745 2790 954 2860 ἑτέροις
1009 2790 1179 2852 λαϐὰς
1226 2789 1346 2842 καθ’
1379 2790 1556 2862 ήμῶν.
1603 2791 1738 2844 Ἀλλ’
1774 2794 1874 2844 οὐκ

203 2881 388 2932 ἐκεῖνα
425 2879 651 2947 παρέχει
677 2917 691 2941 ,
722 2877 856 2930 ἀλλά
883 2877 942 2928 τὸ
973 2877 1189 2947 χοίρους
1225 2873 1364 2930 εἶναι
1392 2877 1614 2941 τούτους
1638 2895 1652 2908 ’
1685 2879 1874 2949 ὥσπερ

201 2965 298 3021 οῦν
316 2967 409 3020 καὶ
428 2969 458 3020 ὁ
485 2965 834 3036 μαργαρίτης
856 2965 1171 3018 καταπατού
1181 2983 1358 3035 μενος,
1382 2967 1483 3019 οὐκ
1502 2966 1687 3038 ἐπειδὴ
1720 2968 1878 3020 εὐκα-

202 3053 544 3125 ταφρόνητός
573 3055 709 3119 ἐστι,
743 3055 1163 3117 καταπατεῖται,
1192 3053 1305 3106 ἀλλ’
1336 3055 1520 3122 ἐπειδὴ
1551 3057 1631 3117 εἰς
1665 3055 1877 3124 χοίρους

203 3141 451 3194 ἐνέπεσε.
488 3140 600 3194 Καὶ
649 3139 828 3203 καλῶς
857 3137 977 3192 εἰπε
1005 3159 1017 3170 ο
1072 3139 1444 3208 Στραςςέντες
1483 3141 1760 3208 ῥήξωσιν
1807 3143 1875 3195 δ’.

216 3229 633 3300 Ὑποκρίνονται
681 3228 789 3299 γὰρ
814 3228 1134 3292 ἐπιείκειαν,
1166 3228 1305 3280 ὥστε
1334 3227 1526 3297 μαθεῖν
1549 3245 1561 3257 ⁸
1593 3225 1710 3281 εἶτα
1732 3231 1880 3281 ἐπει-

203 3317 302 3370 δάν
331 3315 595 3386 μάθωσιν,
629 3314 806 3385 ἕτεροι
839 3315 955 3366 ἀνθ’
988 3315 1191 3384 ἐτέρων
1220 3314 1503 3383 γενόμενοι
1536 3313 1878 3384 κωμῳδοῦσι,

205 3403 551 3475 χλευάζουσι,
579 3400 811 3470 γελῶσιν
841 3402 886 3432 ⁸³
911 3400 984 3463 ὡς
1012 3400 1390 3470 ἀπατηθέντας
1413 3401 1699 3470 ήμᾶς.,Διά
1725 3401 1882 3454 τοῦτο

206 3492 304 3545 καὶ
327 3493 355 3546 ὁ
384 3491 596 3552 Παῦλος
625 3489 779 3557 ἔλεγε
817 3485 893 3560 τῷ
943 3487 1194 3559 Τιμοθέῳ
1212 3505 1224 3516 ·
1268 3489 1377 3540 Ὃν
1405 3487 1504 3540 καί
1531 3487 1613 3541 σὺ
1642 3489 1881 3558 φυλάσ-

209 3596 328 3633 σου
349 3597 361 3609 ·
383 3579 527 3634 λίαν
551 3577 661 3647 γὰρ
687 3575 1022 3644 ἀνθέστηκε
1044 3575 1170 3641 τοῖς
1193 3574 1503 3645 ἡμετέροις
1521 3577 1724 3644 λόγοις
1743 3594 1756 3606 ·
1787 3577 1882 3631 καὶ

211 3667 372 3721 πάλιν
405 3663 664 3736 ἀλλαχοῦ,
725 3665 871 3730 Τοὺς
917 3666 1224 3728 τοιούτους
1271 3663 1610 3730 ἀποτρέπου
1645 3664 1724 3694 ⁸⁸⁵·
1765 3665 1880 3729 καὶ,

208 3754 517 3822 Αίρετικὸν
538 3753 853 3821 ἄνθρωπον
878 3754 1030 3821 μετὰ
1055 3753 1205 3821 μίαν
1233 3751 1332 3805 καὶ
1360 3751 1647 3819 δευτέραν
1676 3756 1883 3806 νουθε-

209 3845 360 3896 σίαν
414 3841 723 3909 παραιτοῦ.
780 3841 854 3893 Οὐ
893 3841 1070 3893 τοίνυν
1102 3839 1231 3909 παρ’
1283 3839 1506 3892 ἐκείνων
1548 3838 1879 3903 ὁπλίζονται,

212 3934 326 3986 ἀλλ’
356 3933 508 3987 αὐτοὶ
553 3931 767 4000 ἀνόητοι
815 3931 989 4001 ταύτῃ
1036 3928 1296 3997 γίνονται,
1355 3928 1597 3992 πλείονος
1627 3927 1883 3991 ἀπονοίας

212 4019 599 4090 πληρούμενοι.
623 4017 720 4070 Διά
753 4018 910 4069 τοῦτο
947 4017 1008 4069 οὐ
1039 4016 1232 4087 μικρὸν
1271 4015 1458 4087 κέρδος
1485 4016 1546 4068 τὸ
1586 4017 1644 4068 ἐν
1690 4017 1884 4088 ἀγνοίᾳ

214 4108 396 4177 μένειν
427 4106 649 4169 αὐτούς’
683 4105 802 4158 οὐδέ
833 4104 940 4173 γὰρ
967 4103 1110 4156 οὕτω
1138 4105 1183 4134 ⁸⁵
1210 4103 1661 4173 καταφρονοῦσιν.
1702 4107 1800 4157 Ἂν
1826 4105 1883 4156 δὲ

213 4194 452 4264 μάθωσι,
484 4193 646 4262 διπλῆ
678 4196 715 4264 ὴ
749 4191 942 4263 ζημία.
995 4191 1158 4244 Αύτοί
1190 4209 1249 4243 τε
1283 4192 1388 4262 γὰρ
1433 4191 1582 4244 οὐδὲν
1631 4191 1882 4244 ἐντεῦθεν

209 4281 616 4351 καρπώσονται,
647 4280 784 4334 ἀλλά
806 4280 900 4333 καὶ
929 4279 1284 4351 βλαϐήσονται
1323 4279 1583 4348 μειζόνως
1605 4319 1619 4341 ,
1664 4280 1760 4332 καὶ
1799 4281 1882 4332 σοὶ

215 4368 386 4438 μυρία
411 4368 702 4438 παρέξουσι
727 4368 1046 4438 πράγματα.
1078 4366 1447 4420 Ἀκουέτωσαν
1469 4367 1517 4418 οί
1549 4368 1714 4419 πᾶσιν
1733 4368 1884 4419 ἀναι-

209 4456 317 4521 δῶς
349 4455 802 4527 συμπλεκόμενοι,
836 4455 929 4507 καὶ
958 4454 1026 4508 τὰ
1058 4453 1231 4525 σεμνὰ
1273 4454 1726 4525 εὐκαταφρόνητα
1762 4472 1881 4508 ποι-

209 4544 416 4606 οῦντες.
449 4544 556 4596 Καὶ
580 4542 687 4614 γὰρ
714 4541 785 4595 τά
815 4543 1086 4614 μυστήρια
1110 4541 1198 4594 διὰ
1230 4541 1385 4594 τοῦτο
1412 4540 1508 4603 τὰς
1536 4540 1706 4612 θύρας
1739 4541 1883 4595 κλεί-

209 4652 362 4696 οντες
387 4635 434 4667 ⁸⁸
461 4631 834 4700 ἐπιτελοῦμεν,
868 4631 961 4683 καὶ
990 4633 1116 4692 τοὺς
1169 4630 1449 4700 ἀμυήτους
1475 4631 1750 4702 εῐργομεν,
1784 4631 1885 4684 οὐκ

209 4721 398 4792 ἐπειδὴ
459 4721 741 4773 ἀσθένειαν
794 4719 1140 4788 κατέγνῳμεν
1196 4718 1307 4773 τῶν
1358 4719 1717 4787 τελουμένων,
1769 4721 1883 4773 ἀλλ’

209 4809 405 4881 ἐπειδὴ
431 4807 780 4874 ἀτελέστερον
809 4806 858 4856 οί
889 4805 1071 4858 πολλοὶ
1107 4807 1242 4876 πρὸς
1272 4807 1412 4861 αὐτά
1449 4806 1528 4860 ἔτι
1563 4808 1881 4862 διάκεινται.

207 4898 312 4950 Διά
336 4896 400 4966 δὴ
421 4894 580 4948 τοῦτο
604 4892 698 4945 καὶ
718 4891 878 4952 αὐτὸς
902 4893 946 4923 ⁸⁷
972 4894 1029 4944 ἐν
1065 4894 1396 4964 παραϐολαῖς
1418 4895 1587 4950 πολλά
1610 4899 1728 4960 τοῖς
1749 4897 1882 4949 Ἰου-

207 4985 386 5047 δαίοις
445 4981 754 5049 διελέγετο,
815 4979 1001 5050 ἐπειδὴ
1045 4981 1329 5050 βλέποντες
1383 4983 1482 5037 οὐκ
1514 4983 1757 5037 ἔϐλεπον.
1785 4984 1882 5037 Διά

208 5072 372 5126 τοῦτο
395 5073 490 5124 καὶ
527 5073 555 5123 ὁ
585 5068 797 5130 Παῦλος
824 5069 1108 5122 ἐκέλευσεν
1135 5070 1350 5136 εἰδέναι,
1388 5071 1504 5135 πῶς
1539 5073 1622 5126 δεῖ
1650 5073 1730 5126 ἐνὶ
1757 5073 1882 5126 ἐκά-

211 5177 328 5229 στῳ
357 5156 768 5228 ἀποκρίνεσθαι.
805 5155 1045 5220 Αἰτεῖτε,
1095 5156 1192 5210 καὶ
1222 5156 1538 5224 δοθήσεται
1575 5159 1718 5228 ὑμῖν
1747 5178 1760 5194 ·
1793 5159 1886 5226 ζη-

210 5247 388 5310 τεῖτε,
426 5246 524 5299 καὶ
553 5243 839 5312 εὑρήσετε
857 5259 871 5273 ⁸
910 5244 1172 5311 κρούετε,
1196 5245 1294 5298 καί
1319 5246 1698 5316 ἀνοιγήσεται
1719 5247 1880 5317 ὑμῖν.

225 5335 448 5404 Ἐπειδὴ
474 5334 582 5406 γὰρ
606 5332 817 5404 μεγάλα
844 5332 1072 5397 ἐπέταξε
1105 5334 1197 5385 καὶ
1217 5332 1522 5404 θαυμαστὰ,
1547 5339 1640 5389 καὶ
1667 5337 1883 5389 πάντων

1205 307 1269 359 ΙΝ
1311 306 1486 358 ΜΑΤΊ
1505 307 1719 360 ΗίΕΕΜ
1761 306 1994 362 ΙΙΟΜΙῐ..
2034 306 2218 361 ΧΧΗΙ.
2266 309 2337 362 al.
2380 308 2568 363 XXIV.

3518 310 3626 365 ΞΗ.

1964 423 2213 476 ἐκέλευσε
2256 425 2363 476 τῶν
2399 424 2586 476 παθών
2631 421 2763 477 εἶναι
2802 426 3124 497 ἀνωτέρους,
3173 426 3265 479 καὶ
3299 426 3432 493 πρὸς
3467 427 3628 480 αὐτὸν

1959 510 2131 579 ἤγαγε
2157 511 2247 563 τὸν
2273 513 2524 582 οὐρανὸν,
2551 513 2643 565 καὶ
2673 512 2991 576 σπουδάζειν
3021 513 3300 580 ἐπέταξεν,
3333 515 3433 566 οὐκ
3463 515 3632 582 ἀγγέυ

1957 595 2090 659 λοις,
2115 598 2233 650 οὐδέ
2263 601 2644 668 ἀρχαγγέλοις,
2672 600 2786 652 ἀλλ’
2818 600 2968 669 αὐτῷ
3005 601 3085 670 τῷ
3123 601 3232 654 τῶν
3260 603 3394 655 ὅλων
3436 602 3484 634 ⁸³³
3534 605 3633 654 Δε-

1962 685 2133 757 σπότῃ
2165 687 2302 739 κατά
2324 688 2386 738 τὸ
2430 687 2706 757 ἐγχωροῦν
2741 687 2956 758 ὁμοίους
2988 686 3256 756 γίνεσθαι,
3290 690 3418 752 τοὺς
3443 690 3500 744 δέ
3528 708 3634 760 μα-

1961 771 2130 842 θητὰς
2157 773 2256 824 οὐκ
2287 774 2483 836 αὐτοὺς
2529 775 2721 843 μόνους
2771 773 2944 828 ταῦτα
2995 765 3317 846 κατορθοῦν,
3369 775 3504 831 ἀλλὰ
3537 778 3635 830 καὶ

1962 861 2176 930 ἐτέρους
2203 860 2443 932 διορθοῦν
2471 862 2742 924 ἐκέλευσε,
2772 863 2865 916 καὶ
2893 862 3189 934 διακρίνειν
3213 863 3340 926 τοὺς
3365 865 3635 934 πονηροὺς

1961 950 2056 1001 καὶ
2089 950 2214 1011 τοὺς
2247 951 2306 1000 οὐ
2341 949 2634 1014 τοιούτους,
2666 951 2790 1013 τοὺς
2835 950 3004 1013 κύνας
3048 950 3138 1003 καὶ
3175 951 3302 1014 τοὺς
3344 951 3405 1003 οὐ
3445 950 3632 1014 κύνας,

1964 1033 2133 1105 (πολὺ
2161 1035 2218 1088 δέ
2245 1035 2305 1087 τὸ
2334 1037 2812 1107 ἐπικεκρυμμένον
2836 1039 2894 1090 ἐν
2924 1037 3292 1108 ἀνθρώποις),
3328 1038 3415 1091 ἵνα
3450 1041 3523 1109 μὴ
3556 1038 3639 1092 λὲο

1962 1139 2148 1190 γωσιν,
2185 1123 2266 1175 ὅτι
2297 1123 2507 1192 χαλεπά
2530 1123 2702 1178 ταῦτα
2735 1125 2826 1178 καὶ
2863 1125 3140 1198 ἀφόρηταο
3183 1128 3275 1180 καὶ
3307 1125 3416 1198 γὰρ
3447 1127 3504 1178 ἐν
3524 1129 3636 1188 τοῖς

1968 1215 2106 1280 μετά
2131 1209 2304 1264 ταῦτα
2331 1214 2359 1263 ὀ
2397 1211 2602 1281 Πέτρος
2625 1212 2922 1281 ἐφθέγξατό
2949 1232 3002 1267 τι
3036 1213 3278 1268 τοιοῦτον
3307 1211 3475 1268 είπών
3497 1231 3511 1242 ’
3542 1215 3638 1277 Τίς

1965 1299 2212 1352 δύναται
2245 1299 2549 1367 σωθῆναι;
2579 1299 2674 1352 καὶ
2702 1300 2866 1354 πάλιν
2885 1318 2899 1332 ·
2923 1303 2994 1356 El
3013 1301 3200 1366 οὕτως
3218 1301 3391 1356 ἐστίν
3421 1303 3459 1369 ἠ
3482 1301 3639 1353 ιιίτίιι

1967 1389 2073 1442 τοῦ
2101 1387 2437 1456 ἀνθρώπου,
2481 1391 2552 1441 οὐ
2589 1390 2881 1459 συμφέρει
2909 1390 3198 1460 γαμῆσαι.

2037 1475 2099 1527 δ’.
2136 1477 2252 1528 Ἵνα
2275 1472 2368 1528 οῦν
2403 1476 2478 1547 μὴ
2523 1476 2698 1530 ταῦτα
2726 1478 2924 1546 λέγωσι
2953 1481 3047 1533 καὶ
3085 1479 3202 1542 νῦν,
3229 1478 3378 1550 [‘289]
3409 1477 3642 1550 μάλιστα

1972 1561 2071 1631 μὲν
2104 1564 2198 1616 καὶ
2225 1563 2316 1616 διά
2345 1564 2453 1616 τῶν
2485 1564 2792 1635 ἔμπροσθεν
2822 1566 3101 1632 ἀπέδειξεν
3147 1567 3344 1621 εὐκολα
3374 1569 3521 1626 ὄντα.
3555 1567 3642 1619 λο-

1970 1651 2201 1720 γισμοὺς
2229 1649 2398 1714 τιθεὶς
2434 1651 2663 1715 πολλοὺς
2695 1653 2790 1706 καὶ
2850 1659 3110 1723 συνεχεῖς,
3156 1656 3282 1718 τοὺς
3313 1655 3642 1723 δυναμένους

1969 1738 2154 1789 πεῖσαι
2175 1755 2187 1766 ·
2217 1736 2402 1789 λοιπὸν
2423 1736 2480 1790 δὲ
2503 1739 2595 1790 καὶ
2620 1737 2717 1809 τὴν
2743 1741 3007 1810 κορωνίδα
3033 1741 3229 1809 ἐπάγει
3255 1742 3352 1811 τῆς
3375 1741 3646 1802 εὐκολίας,

1968 1824 2028 1876 οὐ
2059 1825 2156 1896 τὴν
2181 1825 2450 1894 τυχοῦσαν
2497 1825 2727 1880 ἐπινοῶν
2771 1827 3119 1898 παραμυθίαν
3151 1828 3262 1891 τοῖς
3309 1828 3513 1890 πόνοις,
3547 1827 3646 1895 τὴν

1969 1912 2076 1965 ἀπὸ
2102 1913 2211 1964 τῶν
2244 1911 2418 1982 εὐχῶν
2445 1911 2553 1964 τῶν
2586 1913 2930 1985 καρτερικῶν
2958 1915 3003 1947 ⁸⁸
3030 1915 3366 1986 συμμαχίαν.
3413 1916 3488 1968 Οὐ
3537 1915 3647 1984 γὰρ

1969 2000 2166 2062 αὐτοὺς
2220 1999 2539 2064 σπουδάζειν
2594 2000 2675 2053 δεῖ
2731 2000 2940 2072 μόνους,
3004 2004 3190 2072 φησιν,
3241 2001 3378 2054 ἀλλά
3423 2003 3518 2055 καὶ
3549 2002 3647 2072 τὴν

1971 2087 2177 2141 ἄνωθεν
2207 2087 2391 2140 καλεῖν
2411 2087 2664 2157 βοήθειαν
2685 2104 2696 2117 ’
2730 2088 2822 2141 καὶ
2858 2090 3072 2152 πάντως
3094 2089 3212 2159 ἥξει
3237 2090 3330 2142 καὶ
3357 2089 3647 2160 παρέσται,

1971 2177 2066 2228 καὶ
2102 2175 2466 2244 συνεφάψεται
2497 2175 2604 2228 τῶν
2631 2174 2857 2243 ἀγώνων
2908 2179 3061 2247 ήμῖν,
3090 2177 3182 2229 καὶ
3233 2177 3409 2229 πάντα
3434 2179 3648 2247 ποιήσει

1973 2263 2149 2333 ῥᾴδια.
2186 2264 2284 2316 Διὰ
2325 2263 2482 2316 τοῦτο
2531 2264 2625 2316 καὶ
2673 2265 2844 2316 αἰτεῖν
2900 2265 3172 2327 ἐκέλευσε,
3207 2266 3301 2318 καὶ
3352 2264 3449 2335 τὴν
3506 2265 3647 2316 δόσιν

1973 2352 2366 2422 ἐνηγγυήσατο.
2407 2350 2555 2420 Πλὴν
2601 2351 2700 2421 οὐχ
2747 2351 2932 2414 ἁπλῶς
2963 2354 3133 2405 αἰτεῖν
3167 2352 3474 2414 ἐκέλευσεν,
3517 2351 3650 2403 ἀλλά

1978 2439 2114 2510 μετά
2147 2439 2500 2510 προσεδρείας
2525 2439 2720 2508 πολλῆς
2753 2440 2846 2492 καὶ
2881 2440 3142 2503 εὐτονίας.
3185 2441 3357 2494 Τοῦτο
3390 2441 3496 2514 γάρ
3534 2443 3651 2494 ἐστι

1974 2528 2054 2589 τὸ,
2083 2527 2342 2595 Ζητεῖτε.
2372 2527 2483 2580 Καὶ
2509 2527 2616 2598 γὰρ
2655 2529 2683 2580 ὁ
2709 2525 2907 2597 ζητῶν,
2941 2527 3115 2580 πάντα
3147 2526 3391 2580 ἐκϐαλὼν
3414 2528 3513 2598 τῆς
3537 2529 3635 2582 δια-

1973 2615 2140 2678 νοίας,
2182 2615 2316 2684 πρὸς
2338 2616 2515 2667 ἐκεῖνο
2545 2614 2753 2681 γίνεται
2787 2614 2832 2645 ⁹⁰
2861 2615 3020 2683 μόνον
3046 2615 3108 2667 τὸ
3150 2615 3505 2686 ζητούμενον,
3560 2615 3652 2670 καὶ

1973 2704 2162 2757 οὐδένα
2195 2702 2304 2756 τῶν
2342 2703 2624 2772 παρόντων
2662 2703 2850 2757 ἐννοεῖ.
2901 2703 3010 2756 Καὶ
3053 2703 3200 2756 ῐσασι
3240 2702 3398 2756 τοῦτο
3426 2703 3454 2756 ὃ
3488 2703 3651 2769 λέγω.

1973 2793 2085 2845 ὅσοι
2114 2791 2145 2861 ἢ
2177 2791 2396 2862 χρυσίον
2425 2791 2457 2861 ἢ
2483 2781 2701 2852 οίκέτας
2724 2789 3085 2854 ἀπολέσαντες
3117 2790 3488 2860 ἐπιζητοῦσιν.
3524 2791 3652 2842 Ἀπὸ

1980 2881 2076 2949 μὲν
2101 2875 2194 2932 οὖν
2227 2878 2321 2930 τοῦ
2345 2877 2548 2947 ζητεῖν,
2581 2877 2740 2930 τοῦτο
2759 2893 2774 2908 ’
2804 2877 2913 2931 ἀπὸ
2942 2877 2999 2930 δὲ
3028 2878 3123 2931 τοῦ
3153 2880 3392 2952 κρούειν,
3425 2879 3486 2933 τὺ
3517 2881 3653 2947 μετὰ

1980 2967 2336 3036 σφοδρότητος
2363 2967 2646 3038 προσιέναι
2668 2967 2764 3019 καλ⁴
2787 2965 2994 3037 θερμῆς
3017 2961 3256 3030 διανοίας
3280 2966 3540 3037 ἐδήλωσε.
3565 2967 3654 3024 Μὴ

1977 3055 2155 3108 τοίνυν
2209 3054 2549 3126 καταπέσῃς,
2588 3055 2862 3124 ἄνθρωπε,
2909 3055 3045 3125 μηδὲ
3092 3055 3349 3109 ἐλάττονα
3413 3054 3655 3118 ἐπιδείξῃ

1982 3142 2109 3211 περὶ
2156 3141 2253 3211 τὴν
2287 3141 2484 3210 ἀρετὴν
2517 3141 2752 3210 σπουδὴν
2780 3141 2878 3209 τῆς
2912 3141 3040 3211 περὶ
3089 3143 3163 3194 τὰ·
3181 3141 3440 3210 χρήματα
3471 3138 3654 3192 mou»

1984 3229 2130 3297 μίας.
2177 3227 2390 3279 Ἐκεῖνα
2446 3227 2543 3296 μὲν
2593 3227 2702 3298 γὰρ
2757 3227 3018 3289 πολλάκις
3068 3227 3308 3298 ζητήσας
3329 3227 3427 3295 οὐχ
3457 3221 3653 3296 εὗρες--

1981 3314 2096 3368 ἀλλ’
2128 3315 2276 3384 ὅμως
2323 3302 2628 3367 καὶ’ταῦτα
2665 3313 2854 3380 εἰδὼς,
2882 3316 2960 3367 ὅτι
3006 3314 3066 3367 οὐ
3115 3314 3334 3376 πάντως
3382 3313 3656 3383 εὑρήσεις,

1984 3405 2161 3457 πάντα
2190 3404 2361 3464 κινεῖς
2391 3401 2620 3472 ἐρεύνης
2644 3402 2845 3472 τρόπον
2866 3415 2880 3431 ·
2934 3400 3166 3455 ἐνταῦθα
3195 3400 3251 3452 δὲ
3293 3401 3386 3453 καὶ
3416 3401 3656 3466 ἐπαγγει-

1980 3492 2101 3545 λίαν
2130 3491 2268 3562 έχων
2323 3491 2402 3543 ὅτι
2451 3489 2596 3561 λήψῃ
2633 3488 2885 3553 πάντως,
2936 3487 3057 3540 οὐδέ
3107 3489 3168 3540 τὸ
3217 3486 3507 3540 πολλοστὸν
3560 3487 3656 3555 τῆς

1985 3580 2220 3650 σπουδῆς
2254 3578 2466 3649 ἐκείνης
2513 3577 2881 3630 ἐπιδείκνυσαι
2920 3577 3106 3646 μέρος.
3152 3576 3214 3628 EE
3255 3575 3310 3627 δὲ
3345 3574 3419 3646 μὴ
3453 3573 3656 3635 εὐθέως

1982 3667 2278 3740 λαμϐάνεις
2299 3709 2315 3732 ,
2351 3664 2488 3735 μηδὲ
2527 3663 2698 3725 οὕτως
2733 3664 3006 3735 ἀπογνῷς.
3047 3663 3144 3716 Διά
3172 3663 3282 3731 γὰρ
3323 3662 3481 3715 τοῦτο
3513 3658 3656 3722 εἷπε,

1984 3755 2229 3827 κρούετε,
2263 3755 2350 3806 ἴνα
2387 3752 2534 3822 δείξῃ
2567 3753 2644 3804 ὅτι
2668 3749 2769 3803 κᾶν
2792 3750 2994 3813 εὐθέως
3025 3751 3098 3821 μὴ
3129 3751 3316 3823 ἀνοίξῃ
3341 3749 3439 3821 τὴν
3468 3748 3654 3818 θύραν,

1984 3843 2323 3914 παραμένειν
2354 3840 2454 3892 δεῖ.
2484 3841 2546 3892 Εἰ
2595 3839 2651 3890 δὲ
2695 3840 2942 3899 ἀπιστεῖς
2968 3855 3069 3906 μου
3109 3839 3176 3906 τῇ
3209 3839 3514 3906 ἀποφάσει,
3555 3834 3658 3888 κᾶν

1983 3931 2060 4002 τῷ
2109 3927 2464 3997 ὑποδείγματι
2517 3927 2829 3978 πίστευσον.
2888 3925 2984 3990 Τίς
3014 3924 3123 3992 γάρ
3155 3925 3324 3976 ἐστιν
3362 3924 3433 3988 ἐξ
3454 3923 3657 3991 ὑμῶν.

1985 4017 2172 4088 φησὶν,
2208 4015 2280 4069 ὃν
2327 4017 2359 4067 ό
2402 4012 2528 4078 υἱὸς
2575 4011 2757 4064 αὐτοῦ
2798 4010 3032 4089 αἰτήσει
3079 4009 3255 4076 ἄρτον
3281 4009 3456 4077 θ’,μὴ
3487 4010 3657 4062 λίθον

1983 4102 2263 4158 ἐπιδώσει
2304 4099 2500 4164 αὐτῷ;
2553 4099 2667 4150 Ἐπ’
2697 4097 3000 4166 ἀνθρώπων
3036 4097 3132 4166 μὲν
3163 4098 3292 4166 γὰρ,
3323 4095 3389 4148 ἂν
3421 4090 3658 4165 συνεχῶς

1986 4193 2142 4246 τοῦτο
2175 4193 2354 4262 ποιῇς,
2387 4187 2479 4242 καὶ
2503 4186 2730 4258 ὀχληρὸς
2757 4186 2849 4239 καὶ
2877 4184 3048 4256 βαρὺς
3079 4180 3218 4236 εἶναι
3248 4185 3423 4246 δοκεῖς
3443 4197 3456 4211 ·
3490 4184 3582 4235 ἐπὶ
3601 4183 3658 4235 δὲ

1984 4281 2079 4336 τοῦ
2099 4280 2256 4341 Θεοῦ,
2285 4279 2412 4331 ὅταν
2439 4278 2514 4347 μὴ
2539 4275 2697 4329 τοῦτο
2743 4277 2924 4344 ποιῇς,
2954 4275 3074 4326 τότε
3119 4272 3443 4340 παροξύνεις
3478 4272 3659 4341 μειζό-

1985 4389 2112 4436 νως.
2140 4371 2236 4423 Ἂν
2267 4369 2324 4422 δὲ
2376 4367 2639 4437 ἐπιμένῃς
2671 4367 2716 4398 ⁹²
2745 4364 2929 4423 αίτῶν.
2967 4364 3070 4418 κᾶν
3121 4363 3194 4434 μὴ
3224 4362 3426 4427 εὐθέως
3454 4361 3656 4432 λάϐῃς,

1985 4459 2130 4531 λήψῃ
2161 4457 2394 4518 πάντως.
2427 4453 2527 4506 Διά
2553 4454 2661 4522 γὰρ
2682 4452 2840 4506 τοῦτο
2873 4453 3194 4506 κέκλεισται.
3226 4453 3270 4522 ἡ,
3291 4450 3450 4522 θύρα,
3481 4450 3568 4502 ἵνα
3598 4466 3657 4501 σε

1986 4551 2065 4612 εἰς
2091 4547 2152 4600 τὸ
2184 4544 2402 4616 κρούειν
2425 4542 2667 4612 ἐναγάγῃ
2687 4558 2702 4573 ο
2730 4541 2824 4594 διὰ
2845 4539 3002 4593 τοῦτο
3037 4541 3140 4593 οὐκ
3166 4538 3366 4601 εὐθέως
3394 4536 3654 4599 ἐπινεύει,

1989 4637 2075 4690 ἵνα
2099 4635 2344 4704 αἰτήσῃς.
2368 4632 2511 4685 Μένε
2532 4631 2708 4684 τοίνυν
2728 4628 2899 4681 ταῦτα
2918 4628 3106 4690 ποιῶν,
3127 4629 3221 4681 καὶ
3245 4627 3389 4697 λήψῃ
3418 4627 3657 4688 πάντως.

1991 4725 2107 4779 Ἵνα
2138 4721 2247 4790 γάρ
2281 4720 2354 4790 μὴ
2409 4718 2614 4789 λέγῃς·
2647 4717 2699 4768 τί
2728 4713 2841 4772 οῦν.
2895 4715 2960 4768 ἂν
3004 4715 3210 4784 αἰτήσω
3239 4714 3332 4765 καὶ
3370 4712 3443 4782 μὴ
3460 4712 3656 4777 -λὰϐως

1987 4811 2288 4879 ἐπετείχισέ
2323 4825 2404 4861 σοι
2434 4807 2531 4876 τὴν
2560 4804 2870 4875 παραϐολὴν
2892 4843 2905 4866 ,
2937 4802 3227 4870 λογισμοὺς
3270 4800 3429 4854 πάλιν
3455 4800 3622 4863 τιθεὶς
3640 4844 3655 4865 ,

1988 4899 2083 4952 καὶ
2109 4898 2218 4951 ἀπὸ
2238 4896 2343 4947 τῶν
2370 4891 2722 4963 ἀνθρωπίνων
2746 4890 3086 4960 πραγμάτων
3115 4892 3194 4950 εἰς
3217 4889 3278 4941 τὸ
3298 4890 3426 4958 περὶ
3452 4889 3658 4942 τούτων

1989 4982 2211 5052 θαρρεῖν
2252 4979 2459 5044 ἐνὰγων
2479 4994 2492 5006 ο
2523 4977 2732 5035 δεικνὺς
2754 4973 2842 5026 διὰ
2874 4974 3200 5036 τούτων,ὄτι
3228 4974 3328 5026 οὐκ
3358 4975 3528 5027 αἰτεῖν
3549 4974 3656 5042 χρὴ

1995 5071 2175 5141 μόνον,
2197 5066 2332 5120 ἀλλά
2351 5067 2444 5118 καὶ
2473 5063 2506 5116 ἃ
2523 5064 2627 5134 χρὴ
2659 5064 2847 5114 αἰτεῖν.
2880 5062 2975 5127 Τίς
3002 5060 3112 5130 γάρ
3132 5062 3303 5115 ἐστιν
3327 5063 3372 5096 ⁸³
3399 5061 3468 5126 ἐξ
3493 5059 3659 5129 ὑμῶν

1991 5160 2206 5226 πατὴρ,
2226 5158 2297 5209 ὃν
2327 5159 2358 5207 o'
2388 5153 2516 5217 υἱὸς
2535 5153 2728 5206 αὐτοῦ
2747 5151 2981 5220 αἰτήσει
3011 5151 3208 5220 ἄρτον,
3233 5150 3318 5222 μὴ
3339 5153 3512 5206 λίθον
3529 5151 3656 5202 ἐπι·

1989 5247 2166 5300 δώσει
2199 5241 2388 5305 abab;
2414 5243 2576 5293 Ὥστε
2612 5241 2677 5293 ἂν
2731 5241 2806 5310 μὴ
2832 5239 3024 5310 λάϐῃς,
3063 5239 3250 5308 ἐπειδὴ
3292 5238 3436 5290 λίθον
3463 5238 3655 5298 αἰτεῖς,

1991 5336 2050 5389 οὐ
2099 5332 2412 5404 λαμϐάνεις.
2451 5331 2516 5382 Εἰ
2551 5327 2658 5398 γὰρ
2693 5327 2786 5380 καί
2813 5327 2924 5391 υἱός
2954 5323 3024 5393 εἴ,
3056 5328 3157 5380 οὐκ
3196 5329 3356 5397 ἀρκεῖ
3385 5323 3541 5377 τοῦτο
3576 5325 3657 5384 εἰς

279 5515 594 5584 τ¹³δομόιτιυν
815 5516 910 5589 __"’
939 5514 996 5567 δὲ
1039 5529 1162 5589 0m._
1303 5514 1364 5568 C.
1409 5517 1467 5570 F.
1547 5517 1592 5589 9°
1634 5518 1849 5589 Ἐπειδὴ

1978 5516 2028 5573 d.
2105 5515 2151 5546 ⁸³
2175 5513 2348 5589 νεεδιι
2382 5510 2592 5566 inclusa
2617 5510 2669 5564 in
2702 5509 2849 5564 nullo
2887 5509 3074 5563 codice
3115 5503 3317 5567 inveni,
3341 5511 3394 5556 et
3427 5510 3656 5589 utet-qia

211 5572 493 5655 lntorpi‘cs
530 5587 784 5657 neglexit.
814 5584 890 5639 Ne
921 5595 1098 5657 ιιιιιιειι
1132 5585 1390 5657 ἀριστειιι,
1415 5587 1585 5641 movit
1627 5572 2033 5656 conjunétivum
2061 5583 2399 5657 αἰδεσθῷσιν,
2437 5597 2535 5651 pro
2572 5596 2680 5649 quo
2703 5593 3018 5657 .non__al_1_51_ns
3047 5590 3166 5657 sua}:
3205 5589 3275 5657 οξ
3304 5572 3560 5657 ιιιιοῄοοιξζ

209 5641 915 5726 inllpc'rativumvreponere.
951 5656 1090 5726 Ergo
1128 5641 1413 5714 cancelloé.
1452 5666 1653 5712 temere
1682 5641 1872 5713 a'Sav}

1997 5641 2452 5726 licnfisublalqég
2471 5641 2738 5726 rcvdcaxi.
2798 5651 2856 5726 _"_'
2883 5643 3143 5726 ῥήξωσιν]
3175 5644 3298 5726 {NI-1".
3326 5642 3480 5726 ,ρμξς
3517 5641 3653 5726 Εριι.

210 5728 261 5758 ⁸³
287 5725 658 5790 καταγελῶσιν
696 5726 775 5798 F._
801 5729 895 5795 Ep.
972 5727 1016 5758 ⁸⁵
1036 5725 1376 5798 ἀποστρέφου
1417 5731 1477 5780 Α.
1518 5797 1525 5798 7
1554 5728 1599 5758 ⁸⁸
1630 5727 1771 5780 οὕτω
1812 5727 1920 5798 γὰρ
1947 5728 2066 5780 οὐδὲ
2115 5725 2170 5777 Ρ.

2248 5726 2294 5755 ⁸⁵
2318 5711 2624 5782 κλείσαντες
2660 5721 2718 5772 Ε.
2796 5719 2840 5749 ⁸⁷
2870 5711 3050 5784 αὐτὸς)
3093 5711 3180 5768 Sic
3231 5714 3289 5784 Ιξξ.
3326 5711 3384 5765 Ρ.
3544 5713 3650 5767 Do-

208 5799 405 5870 1:ziuus_
431 5783 576 5870 .Ik-rm.
601 5796 780 5870 (umeri
800 5783 999 5870 αὐτοῖς.
1036 5796 1098 5870 lli
1121 5783 1458 5870 qud-uicum
1492 5797 1550 5850 F.
1580 5800 1730 5870 Αςιιι.
1756 5783 1865 5870 τοῗς

1978 5798 2174 5858 υδαίοις
2213 5795 2487 5849 ominum.
2563 5790 2608 5821 ⁸³
2631 5789 2735 5840 τῶν
2765 5788 2899 5870 ϐλων
2933 5783 3047 5870 οοιιιζ
3074 5784 3224 5867 Βίων.-
3247 5783 3382 5870 Βιῖιις
3451 5783 3652 5870 "vmp-

204 5865 471 5936 στερικώειὶ
512 5867 782 5934 ἐπιμόνων
816 5855 977 5939 ιςάᾱδ
1027 5869 1070 5897 ’³ο
1099 5865 1325 5939 γίνεται]
1368 5869 1600 5920 τείνεται
1638 5867 1697 5920 Ε.
1726 5855 2001 5928 ἐπείγεται
2037 5867 2095 5921 1".
2160 5855 2211 5898 '9'
2243 5867 2389 5935 φησι,
2422 5861 2620 5931 πατὴρ,
2649 5859 2705 5912 δν
2741 5858 2835 5910 ἐὰν
2864 5857 2890 5908 ὁ
2926 5856 3038 5919 υἱὸς
3065 5855 3227 5909 αὐτοῦ
3269 5855 3468 5926 αἰτήσῃ
3491 5855 3650 5925 ἄρτον

207 5939 356 5993 Edd.

434 5940 477 5970 ⁹²
502 5937 785 6006 ἐπιμείνῃς
808 5936 867 5990 G.
944 5937 988 5970 ’3
1021 5937 1164 5991 ἐστιν
1187 5936 1388 5993 0m.'A.
1410 5938 1467 5994 ὃν
1497 5940 1658 5995 ἐὰν...
1687 5947 1743 5992 υἱ
1778 5956 1958 6009 supra.
1996 5938 2128 5992 Edd.
