4080 6138
402 215 509 271 ’ὅιὸ

402 330 766 402 accipiendum
801 349 814 386 :
838 331 944 386 ituo
966 328 1088 385 illud
1112 331 1279 399 ipsum
1304 331 1542 400 impedit,
1564 329 1848 400 quominus
1875 342 1967 382 ac-

402 423 569 490 cipias
588 463 602 486 ,
630 421 802 490 quod,
854 420 990 475 filius
1014 437 1132 474 cum
1161 422 1236 476 sis
1259 463 1273 486 ,
1301 421 1386 474 illa
1418 431 1566 491 petas
1608 435 1727 490 qua:
1749 433 1853 472 non
1882 419 1972 471 tibi

403 511 706 581 expediant.
737 511 804 566 Et
847 521 900 565 tu
944 513 1120 581 itaque
1143 511 1271 566 nihil
1314 511 1638 566 mundanum
1665 519 1814 580 petas
1837 549 1852 572 ,
1879 507 1972 562 sed

401 603 694 672 Spiritualia
723 603 898 656 omnia
925 611 1013 666 ;et
1039 613 1186 657 certo
1211 602 1457 671 accipies.
1486 603 1692 656 Etenim
1722 599 1972 656 Salomon

404 694 522 762 quia
565 693 651 746 illa
690 693 840 761 petiit
867 707 983 763 quae
1010 702 1190 762 petere
1209 693 1508 762 Oportebat,
1537 693 1657 747 vide
1684 707 1840 762 quam
1870 691 1977 745 cito

403 785 682 852 acceperit.
719 783 831 836 Duo
860 783 1018 853 igitur
1041 784 1326 839 observare
1352 791 1564 854 oportet
1593 793 1871 845 orantem,
1922 792 1977 835 ut

403 885 456 928 et
481 874 824 929 vehementer
850 883 1011 944 petat,
1034 885 1089 930 et
1115 891 1175 929 ea
1206 883 1349 944 petat
1376 891 1494 946 quae
1519 874 1619 930 sibi
1646 873 1933 943 expediunt
1962 890 1972 924 :

404 964 826 1036 quandoquidem
870 974 922 1020 ct
952 980 1076 1030 vos,
1125 967 1325 1036 inquit,
1369 967 1576 1022 etiamsi
1609 974 1784 1035 patres
1824 965 1975 1029 sitis,

406 1057 542 1110 tilios
574 1065 779 1111 vestros
802 1064 979 1125 petere
1000 1057 1170 1110 sinitis
1195 1074 1209 1122 ;
1254 1069 1308 1110 et
1345 1057 1388 1110 si
1413 1056 1728 1112 damnosum
1754 1055 1822 1110 sit
1851 1054 1976 1108 illud

405 1146 546 1213 quod
578 1154 792 1216 petunt,
825 1147 1063 1217 negatis;
1093 1147 1174 1202 sin
1202 1147 1330 1202 utile
1355 1147 1444 1214 sit,
1472 1148 1704 1202 annuitis
1737 1155 1792 1201 et
1818 1146 1975 1200 datis.

403 1237 480 1290 'I‘n
509 1237 666 1306 igitur
685 1237 796 1290 hare
820 1239 1076 1307 cogitans.
1101 1253 1166 1292 ne
1198 1239 1425 1294 absistas
1441 1280 1455 1305 ,
1479 1238 1650 1293 donec
1671 1239 1974 1308 accept-ris;

403 1345 468 1380 nc
496 1327 742 1390 recedas,
770 1327 940 1382 donec
982 1329 1250 1384 inveneris
1277 1346 1292 1396 ;
1345 1346 1413 1385 ne
1437 1331 1668 1385 studium
1699 1330 1940 1384 remittas
1959 1372 1974 1394 ,

402 1416 571 1472 donec
591 1419 860 1484 aperiatur
877 1417 1059 1488 janua.
1091 1419 1146 1473 Si
1167 1420 1308 1474 enim
1338 1419 1438 1474 hoc
1464 1421 1644 1476 animo
1665 1420 1972 1485 accesseris,

403 1509 702 1578 dixerisqne
723 1550 736 1572 ,
765 1508 872 1562 Nisi
902 1511 1148 1580 recipiam
1173 1552 1187 1570 ,
1232 1525 1334 1564 non
1365 1511 1499 1565 abeo
1521 1552 1535 1572 .
1565 1526 1782 1580 prorsus
1833 1510 1977 1564 acci-

403 1603 512 1670 pies
537 1641 554 1665 ,
585 1601 628 1654 si
679 1609 852 1654 tamen
885 1602 972 1656 illa
1000 1612 1146 1672 petas
1166 1643 1187 1667 ,
1224 1617 1342 1670 quzc
1369 1611 1424 1656 et
1447 1601 1500 1656 ei
1523 1617 1554 1656 a
1588 1618 1694 1672 quo
1737 1602 1872 1670 petis
1924 1610 1976 1655 et

403 1692 491 1744 tibi
521 1691 734 1759 expedit
779 1703 837 1746 ut
864 1691 1072 1747 dentur.
1116 1693 1368 1759 Quantam
1397 1708 1555 1762 porro
1581 1703 1704 1747 sunt
1731 1692 1842 1747 bare
1866 1693 1889 1745 ?
1918 1691 1972 1746 Si

400 1783 696 1852 spiritualia
729 1796 876 1854 petas
918 1785 1125 1850 ontnia;
1166 1785 1212 1839 si
1239 1793 1513 1854 postquam
1555 1784 1784 1839 offensas
1813 1785 1974 1839 remi-

400 1876 538 1938 sisti,
575 1877 652 1928 sic
689 1876 911 1930 accedas
949 1876 1315 1932 remissionem
1347 1887 1565 1946 petens;
1598 1877 1641 1930 si
1667 1875 1870 1946 absque
1899 1876 1976 1930 ita

400 1977 453 2019 et
516 1965 986 2034 disceptationibus
1039 1975 1248 2022 sanctas
1294 1981 1481 2022 manus
1525 1966 1828 2022 attollamus
1877 1967 1972 2036 (l.

401 2054 533 2108 Tim.
562 2055 613 2108 2.
644 2056 735 2125 8).
779 2055 836 2110 Si
867 2056 944 2111 sic
974 2065 1250 2126 petamus,
1271 2055 1610 2125 accipiemus.
1665 2055 1818 2112 Nunc
1851 2071 1979 2112 vero

401 2158 581 2202 nostra
612 2148 794 2217 petitio
824 2149 999 2203 irrisio
1035 2157 1148 2214 est,
1184 2150 1464 2219 potiusque
1501 2149 1769 2204 ebriorum
1801 2148 1974 2202 homio

401 2256 549 2304 num,
577 2256 734 2310 quam
756 2240 1075 2296 sobriorum.
1115 2241 1252 2307 Quid
1284 2241 1470 2312 igitur,
1514 2241 1754 2311 inquies,
1795 2241 1839 2294 si
1866 2240 1976 2308 spi-

401 2332 610 2386 ritualia
641 2341 813 2401 petam
835 2373 850 2397 ,
893 2347 993 2388 nec
1015 2333 1312 2402 accipiam?
1347 2332 1464 2388 Non
1490 2332 1726 2387 studiose
1765 2332 1978 2402 procul-

399 2425 560 2480 dubio
609 2425 916 2495 postulasti,
945 2427 1028 2481 vel
1079 2426 1304 2496 teipsum
1362 2425 1635 2496 indignum
1680 2425 1851 2480 fecisti
1887 2424 1978 2495 qui

399 2518 700 2586 acciperes,
747 2527 837 2572 aut
882 2519 1037 2574 citius
1074 2535 1231 2589 quam
1273 2534 1370 2589 par
1395 2527 1509 2574 erat
1543 2519 1866 2575 abscessisti.
1913 2518 1979 2573 Et

399 2625 521 2674 cur,
556 2611 758 2680 inquies
780 2651 796 2676 ,
831 2627 936 2665 non
965 2610 1097 2666 dixit
1138 2626 1256 2680 quae
1289 2619 1534 2681 oporteat
1570 2611 1792 2680 petere?
1818 2609 1977 2665 Certe

398 2703 506 2773 jam
555 2703 730 2762 omnia
761 2703 906 2773 prius
930 2703 1097 2767 dixit,
1130 2712 1184 2757 et
1212 2702 1444 2758 ostendit
1481 2717 1576 2772 pro
1604 2702 1794 2773 quibus
1821 2716 1976 2758 acce-

399 2795 530 2850 dere
551 2803 813 2864 0porteat.
839 2794 915 2850 Ne
934 2797 1110 2864 itaque
1128 2794 1295 2861 dicas,
1319 2795 1558 2862 Accessi,
1574 2802 1628 2850 et
1645 2808 1749 2849 non
1770 2794 1970 2863 accepi.

399 2889 514 2944 Non
554 2890 696 2943 enim
727 2904 822 2957 per
851 2889 1014 2944 Deum
1052 2888 1200 2944 stetit
1226 2889 1510 2958 quominus
1535 2889 1804 2958 acceperis
1824 2927 1840 2952 ,
1885 2887 1975 2957 qui

398 2981 533 3035 adeo
575 2981 782 3051 diligit,
831 2990 889 3035 ut
923 2989 1098 3050 patres
1155 2979 1256 3036 hac
1311 2981 1360 3035 in
1410 2997 1466 3036 re
1517 2989 1720 3036 tantum
1755 2980 1972 3045 vincat,

400 3081 651 3141 quantum
681 3074 814 3127 hanc
843 3073 1127 3142 nequitiam
1161 3071 1364 3126 bonitas
1394 3079 1629 3140 superat.
1654 3071 1740 3125 11.
1760 3071 1820 3126 Si
1845 3071 1978 3124 enim

399 3181 502 3228 vos,
532 3181 644 3216 cum
668 3165 776 3217 sitis
805 3163 947 3228 mali,
980 3164 1133 3217 nostis
1160 3162 1290 3216 bona
1327 3163 1447 3215 data
1475 3162 1597 3215 dare
1623 3161 1742 3230 ﬁliis
1765 3160 1938 3214 vestris
1959 3202 1972 3225 ,

398 3265 583 3325 quanto
621 3255 780 3322 magis
805 3253 959 3308 Pater
994 3263 1151 3308 vester
1177 3253 1386 3306 cwlestis
1403 3252 1429 3304 ?
1463 3252 1588 3306 llaec
1617 3266 1776 3321 porro
1804 3251 1934 3305 dixit
1959 3293 1972 3316 ,

400 3366 504 3402 non
551 3349 852 3418 vituperans
902 3346 1184 3402 humanam
1228 3353 1467 3400 naturam
1492 3385 1507 3409 ,
1539 3358 1637 3398 nec
1677 3357 1847 3413 genus
1883 3357 1977 3396 no-

399 3449 566 3491 strum
597 3438 791 3491 malum
821 3452 940 3492 esse
981 3437 1364 3508 pronuntians;
1407 3435 1578 3490 absit:
1609 3435 1701 3490 sed
1741 3448 1976 3488 amorem

401 3540 699 3599 paternum,
731 3530 774 3582 si
804 3544 923 3584 cum
953 3529 1188 3584 bonitate
1213 3528 1302 3583 Dei
1325 3536 1696 3597 comparetur,
1721 3526 1972 3581 malitiam

399 3622 671 3691 appellans
697 3640 710 3675 :
739 3631 882 3675 tanta
913 3621 1114 3676 scilicet
1141 3621 1280 3674 inest
1309 3619 1383 3674 illi
1410 3619 1724 3688 benignitas.

472 3716 524 3770 5.
571 3714 810 3769 Vidistin’
862 3713 1114 3768 invictum
1162 3719 1570 3782 argumentum,
1620 3710 1760 3782 quod
1810 3713 1977 3780 possit

398 3809 561 3864 etiam
595 3807 966 3876 desperantem
1011 3807 1060 3860 in
1109 3805 1301 3860 bonam
1345 3820 1494 3874 spem
1534 3804 1832 3860 revocare?
1879 3804 1975 3858 llic

399 3898 610 3970 quidem
664 3897 910 3968 exemplo
967 3905 1170 3966 patrum
1221 3895 1506 3950 bonitatem
1557 3895 1649 3949 Dei
1697 3893 1969 3949 ostendit:

399 3993 642 4062 superius
687 4002 860 4046 autem
889 4005 954 4044 ex
981 3989 1134 4045 donis
1162 3991 1271 4042 suis
1299 3987 1617 4056 majoribus,
1651 4004 1715 4042 ex
1763 3988 1934 4042 anima
1955 4029 1972 4050 ,

399 4101 459 4138 ex
487 4099 748 4154 corpore;
781 4091 835 4137 et
873 4096 1131 4152 nusquam
1158 4090 1314 4150 eaput
1361 4079 1620 4134 bonorum
1645 4080 1830 4146 afTert,
1878 4095 1973 4134 ne-

396 4192 500 4245 que
553 4176 714 4246 ipsius
756 4175 1041 4229 adventum
1085 4174 1136 4227 in
1165 4172 1397 4228 medium
1431 4171 1685 4226 adducit:
1717 4187 1838 4226 nam
1886 4171 1973 4241 qui

397 4267 566 4320 tilium
587 4264 936 4320 occidendum
973 4263 1146 4328 dedit,
1178 4261 1444 4332 quomodo
1473 4261 1625 4316 nobis
1651 4276 1755 4317 non
1797 4262 1973 4316 omnia

395 4354 656 4410 donabit?
700 4355 824 4410 llaec
865 4370 994 4408 vero
1024 4354 1257 4408 nondum
1301 4362 1608 4408 evenerant.
1639 4352 1742 4409 Sed
1781 4353 1975 4408 Paulus

398 4447 524 4502 illud
550 4446 707 4502 affert
743 4446 826 4500 his
851 4446 1028 4502 verbls
1061 4461 1072 4498 :
1106 4444 1206 4510 Qui
1231 4445 1436 4514 proprio
1474 4445 1584 4511 ﬁlio
1605 4460 1704 4498 non
1731 4445 1971 4514 pepercit,

395 4537 646 4608 quomodo
667 4553 768 4590 non
785 4538 936 4591 etiam
963 4553 1078 4590 cum
1101 4552 1159 4590 eo
1185 4537 1355 4590 omnia
1380 4535 1522 4589 nobis
1550 4535 1756 4589 donabit
1781 4535 1968 4608 (Rom.

394 4632 449 4685 8.
482 4629 621 4698 52)?
665 4628 783 4698 Ipse
812 4643 938 4684 vero
963 4628 1206 4684 Christus
1254 4643 1320 4684 ex
1365 4627 1610 4683 humanis
1637 4627 1810 4683 adhuc
1851 4643 1975 4683 cum

395 4723 507 4776 illis
550 4720 782 4775 disserit.
835 4720 1036 4776 Deinde
1061 4719 1344 4776 ostendens
1367 4759 1386 4786 ,
1413 4734 1511 4775 nec
1539 4720 1764 4774 orationi
1803 4718 1972 4774 fiden-

393 4813 522 4867 dum
552 4825 702 4877 esse,
727 4811 773 4865 si
796 4825 856 4866 ea
878 4825 998 4881 quae
1022 4811 1075 4865 in
1102 4811 1255 4867 nobis
1281 4821 1406 4867 sunt
1431 4811 1777 4882 negligamus,
1803 4827 1974 4882 neque

394 4903 440 4958 si
474 4902 560 4957 illa
603 4915 888 4967 curemus,
917 4910 1114 4956 nostrae
1157 4915 1299 4956 curae
1340 4915 1403 4956 ac
1440 4901 1727 4972 diligentiae
1769 4909 1974 4956 tantum

396 4993 666 5050 tidendum
711 5007 832 5048 esse
851 5033 865 5059 ,
892 4992 986 5047 sed
1014 5008 1301 5062 supernum
1327 5007 1448 5049 esse
1474 4991 1848 5060 requirendum
1876 5009 1974 5048 au-

395 5088 618 5149 xilium,
649 5093 705 5140 et
750 5093 931 5140 nostra
976 5083 1131 5138 simul
1179 5084 1446 5140 afferenda
1494 5098 1649 5148 esse,
1693 5083 1874 5140 ethoc
1921 5094 1976 5140 ct

397 5179 521 5236 illud
568 5179 872 5249 frequenter
916 5177 1155 5246 apponit.
1209 5177 1341 5232 Nam
1398 5189 1515 5248 post
1565 5179 1728 5233 multa
1774 5179 1972 5233 monita

397 5273 610 5327 modum
639 5269 823 5325 orandi
850 5269 1049 5333 docuit,
1083 5276 1136 5322 et
1163 5278 1440 5339 postquam
1466 5269 1516 5323 id
1541 5269 1792 5325 docuerat
1812 5309 1827 5334 ,
1857 5285 1975 5324 rur-

395 5377 487 5417 sus
529 5362 594 5415 ad
634 5360 897 5432 agendum
923 5358 1229 5415 cohortatus
1255 5369 1374 5424 est;
1417 5359 1610 5415 abhinc
1638 5361 1828 5418 iterum
1857 5376 1971 5414 mo-

397 5453 508 5507 nuit
535 5453 791 5506 orandum
822 5467 942 5507 esse
986 5451 1326 5521 frequenter,
1378 5466 1498 5505 cum
1546 5453 1717 5517 dixit,
1773 5451 1969 5515 Petita.

393 5543 618 5610 quarite,
656 5541 883 5612 pulsate;
913 5543 1012 5597 sub
1039 5541 1154 5596 hanc
1193 5556 1428 5607 rursum,
1459 5542 1666 5597 virtutis
1705 5544 1974 5599 studiosos

393 5648 513 5688 esse
539 5645 818 5703 oportere;
863 5650 984 5690 nam
1015 5634 1127 5704 ait,
1158 5633 1242 5690 l2.
1279 5633 1462 5688 Omnia
1489 5651 1606 5705 ergo
1652 5651 1972 5707 quietumque

1304 214 1366 268 IN
1406 213 1811 270 blATTiIJEUM
1851 211 2081 267 IIOMIL.
2129 209 2313 266 XXIII.
2363 210 2431 265 al.
2477 209 2662 265 XXIV.
3560 215 3682 270 3H-

2081 323 2231 378 vultis
2260 333 2312 378 ut
2344 325 2535 396 faciant
2581 324 2716 378 vobis
2763 325 2985 380 homines
3006 367 3021 393 ,
3052 337 3097 382 et
3138 342 3224 382 vos
3247 327 3396 396 facile
3423 327 3561 390 illis;
3611 330 3662 382 in

2082 416 2226 471 brevi
2255 417 2426 484 spatio
2455 425 2644 471 cuncta
2672 431 2949 472 resumens
2979 458 2994 484 ,
3046 418 3436 490 ostendensque
3454 459 3470 486 ,
3511 435 3661 474 com-

2085 507 2422 576 pendiosum,
2447 508 2650 563 facilem
2673 549 2689 575 ,
2726 509 3079 578 manibusque
3119 518 3298 563 notam
3341 524 3463 568 esse
3497 510 3675 566 virtn-v

2085 607 2211 653 tem.
2259 599 2442 668 Neque
2493 600 2804 670 simpliciter
2848 600 3012 666 dixit,
3055 601 3414 672 Quaecumque
3467 603 3660 667 vultis;

2084 691 2197 755 sed,
2229 690 2413 744 Omnia
2434 708 2552 762 ergo
2581 709 2905 762 quwcumque
2947 695 3114 748 vultis.
3153 693 3287 750 Nam
3315 693 3465 760 illud,
3500 695 3672 768 Ergo,

2087 797 2190 834 non
2247 781 2363 836 sine
2412 796 2572 836 causa
2611 783 2838 853 adjecit,
2893 784 2985 839 sed
3019 784 3119 840 hoc
3157 784 3498 840 subindiCans
3544 805 3558 839 :
3608 789 3670 842 Si

2084 873 2268 938 vultis,
2323 873 2522 944 inquit,
2547 875 2750 940 audiri,
2779 891 2898 932 cum
2930 877 3069 945 illis,
3111 894 3230 948 qua:
3267 877 3408 943 dixi,
3455 889 3510 934 et
3552 879 3666 934 hinc

2086 962 2257 1017 facite.
2288 963 2544 1032 Qmenam
2585 964 2717 1018 illa?
2748 964 3086 1035 Quacumque
3109 967 3257 1022 vultis
3285 977 3337 1020 ut
3363 967 3555 1037 faciant
3580 985 3666 1022 vo»

2083 1055 2158 1107 bis
2198 1054 2441 1110 homines.
2497 1054 2681 1110 Viden‘
2704 1057 2976 1127 quomodo
3000 1058 3328 1127 ostenderit,
3375 1074 3497 1116 cum
3545 1075 3666 1115 ora-

2086 1143 2230 1199 tione
2273 1144 2436 1199 etiam
2482 1145 2651 1215 probo
2677 1147 2800 1202 vita:
2842 1147 3082 1204 instituto
3128 1149 3281 1204 nobis
3326 1165 3461 1220 opus
3501 1153 3680 1205 esset

2086 1234 2266 1306 Neque
2293 1237 2457 1304 dixit,
2509 1238 2869 1310 Qurecumqne
2908 1241 3141 1297 volueris
3171 1241 3262 1296 tibi
3295 1255 3323 1296 a
3357 1243 3468 1298 Deo
3509 1243 3620 1298 fieri
3648 1285 3663 1308 ,

2088 1324 2201 1382 haec
2230 1328 2308 1382 lac
2357 1336 2412 1382 et
2459 1330 2740 1398 proximo:
2773 1345 2842 1386 ne
2877 1331 3116 1396 diceres,
3153 1333 3215 1390 Et
3259 1333 3527 1408 quomodo
3566 1333 3674 1390 hoc

2084 1415 2221 1470 effici
2250 1417 2460 1486 potest?
2490 1419 2577 1472 ille
2607 1420 2746 1473 Deus
2771 1430 2853 1474 est
2875 1461 2890 1486 ,
2921 1431 2974 1474 et
3002 1437 3100 1491 ego
3125 1422 3329 1488 homo;
3356 1425 3449 1478 sed
3467 1464 3482 1490 ,
3513 1425 3691 1492 Quir.--

2083 1521 2312 1576 etnnque
2361 1507 2593 1564 volueris
2641 1509 2734 1563 tibi
2791 1511 2904 1564 fieri
2948 1529 2976 1563 a
3035 1525 3334 1577 conservo,
3383 1511 3501 1568 haec
3528 1524 3580 1569 ct
3611 1525 3691 1568 tu.

2086 1599 2334 1666 proximo
2383 1608 2475 1654 tuo
2523 1601 2798 1656 exhibeas.
2852 1603 2988 1670 Quid
3029 1603 3127 1657 hac
3166 1619 3224 1659 re
3271 1605 3487 1660 levius?
3539 1583 3686 1676 quid;

2079 1692 2316 1762 justius?
2343 1692 2541 1749 Deinde
2569 1702 2692 1748 ante
2717 1695 2931 1764 praimia
2958 1695 3157 1766 grande
3179 1699 3503 1752 encomium.
3536 1696 3665 1752 "ex

2083 1793 2156 1836 est
2183 1783 2314 1837 enim
2343 1783 2425 1838 lex
2451 1825 2464 1849 ,
2493 1795 2540 1837 ct
2575 1786 2851 1856 prophetae.
2883 1786 3034 1842 Unde
3078 1789 3414 1843 manifestum
3463 1798 3547 1844 est
3582 1805 3667 1844 se-

2084 1875 2315 1930 cundum
2371 1884 2610 1931 naturam
2659 1877 2814 1933 nobis
2863 1879 3038 1934 inesse
3082 1879 3369 1948 virtutem,
3397 1892 3452 1936 et
3493 1896 3592 1936 nos
3637 1897 3671 1938 θ

2087 1967 2240 2022 nobis
2267 1968 2394 2036 ipsis
2414 1969 2540 2038 quid
2569 1969 2639 2024 sit
2679 1970 2941 2040 agendum
2967 1973 3138 2036 seire,
3179 1987 3353 2043 neque
3400 1988 3556 2042 posse
3598 1975 3671 2036 ad

2087 2059 2397 2128 ignorantiae
2427 2059 2820 2115 excusationem
2861 2076 3108 2130 umquam
3133 2061 3442 2133 confugere.

2156 2149 2310 2202 Arcta
2335 2159 2406 2204 est
2432 2151 2512 2202 via
2537 2167 2650 2220 qua:
2689 2151 2827 2206 ducit
2875 2153 2942 2206 ad
2983 2153 3171 2218 vitam;
3218 2155 3466 2224 quomodo
3501 2156 3668 2226 facilis

2086 2240 2280 2294 euadat.
2311 2271 2380 2280 —
2407 2242 2494 2296 15.
2537 2241 2732 2295 Intrate
2755 2259 2844 2312 per
2872 2253 3135 2314 angustam
3166 2255 3386 2312 portam,
3428 2246 3664 2314 quoniam

2085 2333 2190 2385 lata
2215 2341 2286 2384 est
2317 2343 2462 2402 porta
2483 2375 2497 2398 ,
2527 2342 2574 2386 et
2595 2333 2818 2402 spatiosa
2855 2334 2935 2387 via
2961 2344 3051 2399 est,
3096 2350 3209 2403 qua:
3237 2336 3370 2388 ducit
3395 2337 3464 2390 ad
3500 2337 3689 2407 perdis»-

2085 2424 2289 2484 tionem.
2321 2433 2368 2482 ct
2415 2425 2562 2477 multi
2586 2434 2721 2490 sunt,
2751 2425 2835 2494 qui
2875 2425 3224 2496 ingrediuntur
3260 2443 3352 2496 per
3390 2443 3499 2481 eam
3529 2443 3548 2481 :
3576 2428 3661 2482 16.

2085 2527 2132 2570 et
2160 2527 2300 2570 arcta
2329 2528 2398 2570 cst
2426 2528 2573 2588 porta
2598 2558 2612 2580 ,
2645 2527 2693 2571 ct
2733 2528 2945 2588 angusta
2970 2520 3068 2583 via,
3094 2534 3206 2589 qua:
3231 2519 3368 2572 ducit
3404 2519 3471 2581 ad
3491 2519 3661 2584 vitant,

2086 2617 2131 2660 et
2153 2608 2301 2676 pauci
2329 2618 2466 2673 sunt,
2505 2608 2592 2677 qui
2619 2609 2874 2662 inveniunt
2920 2625 3051 2664 eam.
3091 2611 3248 2677 Atqui
3278 2616 3459 2678 postea
3489 2609 3615 2664 dicit
3651 2627 3662 2661 :

2083 2697 2277 2770 Iugum
2323 2716 2487 2753 meum
2525 2715 2676 2754 suave
2717 2711 2788 2755 est
2809 2743 2824 2768 ,
2852 2712 2900 2755 et
2936 2717 3064 2756 onus
3102 2719 3268 2762 meum
3297 2702 3400 2756 leve
3433 2701 3660 2773 (Matth.

2087 2792 2174 2845 11.
2217 2791 2358 2862 50);
2407 2803 2567 2862 atque
2589 2795 2748 2848 etiam
2781 2793 2830 2847 in
2861 2794 2924 2848 iis
2945 2836 2959 2860 ,
2991 2810 3112 2864 qua:
3152 2795 3312 2865 paulo
3355 2808 3484 2850 ante
3519 2795 3658 2850 dicta

2085 2892 2246 2944 sunt.
2302 2883 2531 2954 idipsum
2572 2884 2926 2940 subindicavit
2977 2903 2990 2937 :
3036 2887 3304 2958 quomodo
3343 2895 3522 2943 autem
3578 2886 3666 2942 hic

2084 2983 2283 3031 arctam
2311 2977 2451 3032 illam
2477 2986 2862 3054 angustamque
2887 2976 3016 3034 dicit
3039 2981 3200 3036 esse?
3229 2981 3392 3037 Certe
3417 2982 3461 3035 si
3487 2990 3661 3036 atten-

2083 3067 2228 3122 deris
2248 3108 2261 3130 ,
2294 3067 2378 3122 hic
2405 3069 2566 3123 etiam
2596 3068 2831 3124 declarat
2868 3069 3010 3124 illam
3037 3070 3320 3128 admodum
3348 3085 3467 3128 esse
3491 3071 3688 3128 levem.

2083 3169 2136 3213 et
2165 3159 2392 3214 facilem.
2421 3159 2489 3214 Et
2525 3161 2822 3230 quomodo,
2855 3161 3060 3230 inquies
3078 3201 3094 3228 ,
3127 3162 3215 3216 illa
3235 3202 3251 3228 ,
3293 3177 3412 3232 qua:
3439 3171 3583 3218 arcta
3612 3173 3668 3215 et

2083 3259 2324 3321 angusta,
2354 3251 2523 3306 facilis
2549 3251 2693 3309 erit?
2743 3252 2874 3321 Quia
2904 3253 2988 3310 via
3039 3263 3151 3318 est,
3202 3263 3255 3310 et
3297 3264 3481 3324 porta;
3529 3255 3664 3309 sicut

2083 3345 2243 3400 etiam
2269 3345 2356 3398 illa
2383 3344 2484 3398 alia
2510 3385 2525 3409 ,
2555 3345 2654 3399 etsi
2686 3344 2790 3400 lata
2817 3355 2871 3402 et
2897 3346 3132 3415 spatiosa
3151 3387 3167 3413 ,
3211 3346 3292 3400 via
3321 3355 3405 3401 est
3426 3355 3481 3401 et
3526 3346 3660 3414 ipsa.

2083 3435 2139 3490 In
2177 3435 2258 3490 his
2287 3444 2463 3490 autem
2492 3435 2620 3490 nihil
2655 3445 2866 3501 manet,
2909 3436 3004 3492 sed
3050 3446 3326 3492 transeunt
3373 3437 3548 3492 omnia
3595 3438 3671 3492 ad

2084 3527 2219 3584 hanc
2260 3528 2420 3583 vitam
2474 3527 2791 3596 pertinentia
2811 3568 2826 3593 ,
2874 3529 2986 3584 sive
3015 3529 3217 3592 tristia,
3249 3529 3360 3584 sive
3388 3543 3661 3599 prospera.

2081 3621 2190 3676 Nec
2229 3621 2351 3676 ideo
2380 3629 2585 3676 tantum
2628 3620 2796 3676 facilis
2828 3630 2912 3677 est
2936 3622 3134 3687 virtus;
3166 3621 3261 3677 sed
3289 3637 3319 3677 a
3365 3621 3470 3677 fine
3505 3621 3663 3678 etiam

2082 3713 2286 3768 facilior
2331 3713 2589 3770 redditur.
2627 3713 2810 3784 Neque
2847 3713 2990 3769 enim
3034 3723 3236 3769 tantum
3264 3713 3406 3784 quod
3456 3712 3677 3768 labores

2081 3813 2137 3859 et
2161 3805 2384 3860 sudores
2431 3813 2720 3870 transeant,
2752 3805 2846 3861 sed
2870 3805 3030 3861 etiam
3058 3806 3199 3876 quod
3228 3805 3369 3860 bono
3400 3805 3525 3872 fine,
3557 3805 3664 3860 vita

2083 3909 2273 3963 nempe
2292 3935 2307 3960 ,
2340 3895 2709 3960 terminentur,
2741 3893 2794 3949 id
2815 3895 3238 3950 consolati-onem
3265 3895 3664 3950 decertantibus

2083 4000 2272 4054 parere
2301 3985 2482 4040 debet.
2511 3985 2690 4054 Itaque
2716 3993 2771 4040 et
2791 3984 3022 4040 brevitas
3041 3985 3283 4040 laborum
3311 3993 3367 4040 et
3394 3984 3672 4039 aeternitas

2080 4093 2420 4142 coronarum,
2454 4085 2510 4133 et
2533 4077 2674 4148 quod
2705 4076 2819 4133 hac
2839 4078 2948 4132 sint
2971 4077 3147 4146 priora
3171 4118 3186 4141 ,
3219 4077 3310 4132 illa
3336 4093 3462 4132 vero
3485 4087 3663 4147 poste-

2081 4169 2258 4233 riora;
2292 4168 2406 4223 hacc
2431 4177 2576 4224 certe
2600 4169 2777 4224 omnia
2823 4169 3110 4224 maximam
3149 4168 3202 4224 in
3244 4167 3517 4222 laboribus
3539 4167 3665 4223 εστ-

2080 4269 2201 4316 rant
2225 4261 2666 4316 consolationem.
2692 4260 3027 4331 Quapropter
3061 4259 3257 4316 Paulus
3282 4259 3468 4316 levem.
3498 4259 3663 4315 tribu.

2083 4354 2334 4409 lationem
2400 4354 2652 4421 vocavit,
2708 4369 2814 4410 non
2862 4353 2933 4410 ob
2993 4362 3240 4412 naturam
3307 4353 3678 4409 accidentium

2081 4461 2259 4502 rerum
2281 4487 2297 4512 ,
2337 4445 2432 4502 sed
2463 4447 2531 4502 ob
2562 4455 2858 4516 promptam
2889 4446 3216 4502 voluntatem
3245 4445 3582 4508 certantium,
3611 4454 3664 4497 et

2080 4551 2229 4608 spem
2275 4536 2594 4592 futurorum.
2645 4535 2774 4593 Leve
2831 4537 3167 4592 tribulationis
3197 4578 3214 4603 ,
3264 4535 3468 4606 inquit,
3508 4551 3665 4602 supra

2078 4630 2306 4696 modum,
2356 4638 2599 4684 aternum
2623 4628 2801 4698 gloriae
2827 4629 3026 4699 pondus
3069 4637 3328 4699 operatur,
3370 4643 3470 4681 non
3497 4627 3662 4679 cansi-
3741 4693 3758 4706 ί

2081 4723 2370 4777 derantibus
2422 4720 2564 4776 nobis
2614 4737 2729 4791 qua:
2769 4722 3022 4787 videntur,
3051 4720 3141 4774 sed
3167 4734 3280 4790 qua
3310 4735 3409 4774 non
3435 4718 3687 4773 videntur-

2079 4818 2097 4882 (
2124 4813 2177 4868 2.
2207 4812 2323 4869 Cor.
2355 4815 2412 4870 4.
2447 4816 2534 4869 l7.
2565 4813 2687 4885 I8).
2731 4813 2862 4869 Nam
2892 4813 2938 4867 si
2961 4811 3153 4867 fluctus
3174 4819 3230 4867 et
3255 4811 3420 4865 maria
3446 4810 3620 4865 nautis
3645 4851 3657 4873 ,

2079 4922 2142 4963 ac
2192 4907 2368 4963 caades
2406 4908 2736 4977 vulneraque
2781 4905 3068 4973 militibus,
3113 4903 3285 4960 hiems
3335 4912 3494 4974 atque
3543 4902 3680 4972 geln.~

2079 4998 2346 5070 agricolis,
2377 4996 2746 5069 pugilibusque
2771 4995 3078 5067 frequentes
3111 4995 3310 5066 plaga,
3347 4995 3495 5051 leves
3524 4994 3652 5048 tole-

2081 5089 2382 5158 rabilesque
2415 5087 2800 5158 videntur,.ob
2829 5102 2978 5158 spem
3023 5089 3384 5158 prauniorum,
3415 5099 3535 5155 qua:
3579 5095 3661 5136 ta-

2080 5195 2202 5236 men
2252 5180 2391 5235 fluxa
2443 5181 2780 5251 perituraque
2833 5189 2996 5235 sunt:
3029 5180 3200 5236 multo
3245 5178 3412 5249 magis
3448 5173 3661 5244 quando

2080 5273 2268 5327 caelum
2295 5273 2446 5328 nobis
2466 5315 2482 5340 ,
2511 5271 2796 5328 ineffabilia
2823 5273 2963 5328 bona
2980 5312 2998 5339 ,
3023 5272 3346 5343 przemiaque
3388 5269 3633 5321 immorta
3658 5297 3661 5302 ι

2081 5365 2149 5418 lia
2198 5372 2566 5435 proponuntur
2590 5405 2605 5430 ,
2651 5365 2853 5420 nullum
2882 5365 3002 5435 quis
3028 5361 3368 5433 praesentium
3397 5356 3678 5410 malorum.-

2081 5469 2294 5510 seusum
2328 5454 2600 5524 percipiat.

2151 5547 2205 5603 fi.
2246 5547 2396 5614 Quod
2424 5550 2467 5601 si
2505 5548 2592 5617 qni
2629 5548 2692 5602 iis
2720 5548 2877 5604 etiam
2920 5545 3126 5614 positis.
3167 5540 3305 5594 viam
3339 5536 3477 5591 illam
3507 5535 3652 5592 labo-

2085 5639 2278 5695 riosam
2306 5654 2424 5695 esse
2451 5646 2659 5710 putant,
2687 5653 2754 5694 ex
2782 5636 2992 5693 illorqu
3033 5633 3234 5690 desidia
3260 5638 3463 5685 tantum
3491 5629 3657 5683 oritua
