4080 6138
391 226 494 280 513

394 337 509 392 lucc
528 335 780 404 suspicio.
815 333 949 390 Vide
970 334 1114 389 enim
1130 349 1289 402 quam
1313 334 1484 388 levem
1511 332 1656 387 illam
1684 332 1788 386 alio
1813 330 1974 386 modo

392 430 620 489 efficiat,
651 441 771 482 cum
793 425 946 495 jubet
993 439 1097 478 non
1138 423 1473 478 conunisceri
1516 423 1768 484 canibus,
1807 435 1978 490 neque

395 520 571 589 porcis
598 534 657 574 se
685 517 914 578 tradere,
945 527 996 570 et
1024 531 1211 569 cavere
1238 529 1264 565 a
1297 513 1792 583 pseudoprophetis,
1821 512 1977 565 dum-

392 627 495 682 que
530 626 626 666 eos
661 611 896 680 undique
935 609 1190 663 sollicitos
1221 607 1413 661 reddit.
1449 605 1563 660 lloe
1607 607 1778 674 ipsum
1825 619 1975 668 vero,

394 705 537 772 quod
569 704 710 756 illam
740 714 942 756 arctam
985 700 1238 770 appellat,
1268 699 1504 753 maxime
1529 699 1739 752 confert
1765 696 1830 750 ad
1859 712 1976 750 eam

395 797 604 849 facilem
631 794 974 857 reddendam,
1007 793 1300 845 admonens
1331 790 1449 844 illos
1480 799 1537 843 ut
1563 791 1799 860 vigilent.
1830 789 1979 843 Sicut

398 891 540 942 enim
572 889 783 952 Paulus,
814 902 933 941 cum
971 885 1123 946 dixit,
1159 883 1277 937 Non
1304 894 1374 937 est
1405 885 1547 937 nobis
1573 884 1859 936 colluctatio
1887 882 1980 934 ad-

398 993 566 1031 versus
614 979 909 1047 sanguinem
947 986 992 1029 et
1033 991 1235 1028 carnem
1266 973 1480 1043 (Ep/tes.
1529 975 1580 1028 ϐ.
1616 972 1728 1042 19.),
1783 989 1888 1026 non
1921 983 1978 1025 ut

398 1069 633 1135 dejiciat,
677 1068 769 1121 sed
803 1079 857 1120 ut
901 1067 1070 1136 erigat
1112 1067 1336 1119 militum
1369 1067 1598 1131 animos,
1629 1065 1678 1118 id
1710 1064 1838 1117 dicit
1867 1085 1879 1118 :
1904 1064 1980 1118 sic

401 1159 513 1227 ipse
553 1159 805 1212 Dominus
832 1168 886 1210 ut
917 1159 1148 1212 viatores
1185 1172 1214 1211 a
1259 1172 1448 1212 sonmo
1477 1158 1691 1221 excitet,
1736 1170 1979 1224 aSperam

400 1250 529 1302 dicit
576 1251 711 1303 viam
743 1268 753 1302 :
781 1266 953 1319 neque
1000 1252 1098 1303 hoc
1136 1249 1505 1303 tantummodo
1552 1248 1617 1302 ad
1657 1247 1979 1318 vigi'andum

400 1340 620 1407 inducit,
648 1341 740 1395 sed
771 1343 932 1395 etiam
969 1357 1089 1394 cmn
1120 1341 1320 1409 adjicit,
1354 1341 1548 1395 inultos
1586 1354 1705 1395 esse
1735 1342 1822 1410 qui
1855 1357 1981 1410 snp-

401 1433 641 1500 plantare
678 1433 959 1498 studeant;
988 1433 1235 1504 quodque
1264 1435 1476 1503 gravius
1517 1445 1621 1496 est,
1657 1451 1760 1487 non
1799 1446 1984 1504 aperte

405 1522 725 1590 irrumpunt,
773 1522 866 1577 sed
908 1538 1027 1578 sese
1064 1525 1374 1578 occultant:
1409 1524 1709 1592 lmjnsuuuli
1757 1541 1984 1594 namque

402 1623 483 1665 est
521 1611 1103 1683 pseudoprophctarum
1141 1630 1328 1685 genus.
1355 1613 1458 1670 Sed
1488 1632 1555 1671 ne
1587 1617 1711 1670 illud
1744 1617 1988 1670 conside-

406 1717 513 1765 res,
550 1703 736 1773 inquit,
767 1705 908 1773 quod
935 1705 1003 1758 sit
1027 1720 1211 1775 aspera
1239 1716 1291 1760 et
1329 1716 1494 1771 arcta,
1524 1707 1616 1761 scd
1646 1724 1752 1776 quo
1778 1707 1989 1761 desinat

407 1793 711 1863 perpende;
742 1809 912 1864 neque
942 1795 1081 1864 quod
1109 1797 1370 1849 contraria
1412 1799 1493 1850 via
1537 1799 1605 1852 sit
1635 1799 1736 1852 lata
1777 1807 1831 1851 et
1869 1814 1990 1866 spa-

407 1886 564 1948 tiosa,
599 1885 689 1938 scd
733 1901 888 1954 quem
920 1887 1075 1940 ﬁnem
1112 1887 1318 1941 haheat.
1352 1889 1474 1941 ll:ec
1504 1905 1662 1957 porro
1705 1891 1882 1943 omnia
1909 1889 1990 1942 di-

409 1975 496 2037 rit,
526 1984 581 2027 ut
614 1975 764 2028 nobis
791 1976 1022 2028 animum
1048 1977 1234 2046 erigat,
1265 1986 1320 2030 ut
1345 1989 1397 2032 et
1426 1979 1548 2032 alibi
1581 1979 1787 2032 dicebat
1820 1999 1831 2032 :
1871 1978 1989 2032 Vio-

411 2063 531 2117 leuti
575 2068 778 2135 rapiunt
807 2067 936 2120 illud
961 2065 1171 2137 (Matth.
1213 2070 1298 2123 11.
1334 2067 1441 2142 1‘2).
1487 2069 1615 2122 Nam
1647 2071 1734 2138 qui
1776 2071 1840 2122 ad
1884 2087 1990 2124 cer-

412 2166 587 2210 tamen
659 2159 990 2228 ingreditur,
1057 2161 1142 2216 tibi
1199 2162 1342 2215 clare
1411 2161 1551 2214 videt
1617 2162 1989 2230 agonothetam

413 2249 763 2301 certaminum
799 2250 1034 2303 laborem
1073 2251 1445 2314 admirantem,
1487 2253 1711 2305 alacrior
1744 2252 1990 2307 efﬁcitur.

417 2336 494 2391 Ne
523 2338 680 2406 igitur
719 2341 954 2393 animum
993 2341 1438 2409 despondeamus,
1479 2357 1596 2395 cum
1637 2344 1798 2397 multa
1843 2345 1996 2398 nobis

414 2427 537 2480 hinc
565 2427 731 2482 tristia
766 2431 1076 2484 acciderint.
1105 2434 1261 2486 Arcta
1290 2433 1431 2485 enim
1459 2444 1539 2486 est
1566 2433 1669 2498 via,
1701 2443 1754 2486 et
1775 2445 1994 2503 augusta

415 2528 564 2587 porta
595 2536 612 2572 ει
639 2531 693 2573 at
731 2537 832 2573 non
863 2522 1048 2576 cititas
1078 2523 1184 2576 illa.
1223 2523 1448 2594 Ideoque
1479 2541 1583 2578 non
1611 2524 1695 2578 hic
1733 2526 1995 2594 speranda

413 2609 566 2678 quies
591 2618 692 2673 est,
723 2628 893 2680 neque
926 2613 1032 2666 illic
1059 2614 1347 2682 putandum
1378 2616 1574 2684 aliquid
1613 2617 1788 2671 inesse
1822 2618 1993 2673 triste.

414 2699 547 2753 Cum
577 2699 712 2753 dixit
740 2710 939 2766 autem,
974 2702 1138 2757 Pauci
1163 2715 1278 2757 sunt
1314 2707 1400 2774 qui
1426 2708 1682 2761 inveniunt
1709 2725 1838 2774 eam,
1875 2725 1996 2762 rur-

416 2804 509 2844 sus
552 2793 839 2847 multorum
889 2795 973 2849 hic
1017 2795 1276 2864 ignaviam
1327 2797 1578 2865 declarat,
1627 2809 1681 2854 et
1728 2801 1998 2855 auditores

418 2883 668 2952 instituit,
695 2901 763 2941 ne
789 2889 1075 2942 multorum
1099 2890 1256 2944 rebus
1287 2893 1557 2961 prosperis
1586 2894 1820 2947 animum
1849 2893 2000 2948 adhi-

418 2977 596 3041 beant,
621 2979 713 3033 sed
744 2995 1028 3048 paucorum
1058 2981 1346 3037 laboribus.
1374 2985 1590 3039 Plurimi
1621 3002 1869 3056 namque,
1901 2989 1994 3051 ait,

417 3083 525 3121 non
566 3069 726 3124 modo
766 3086 862 3140 per
904 3072 1046 3127 illam
1093 3074 1228 3128 viam
1281 3093 1384 3129 non
1431 3077 1702 3141 incedunt,
1755 3079 1846 3132 sed
1901 3096 2000 3134 nec

417 3160 562 3214 illam
606 3163 810 3232 eligunt
856 3165 1104 3234 quidem;
1151 3169 1289 3236 quod
1339 3179 1636 3223 extremum
1681 3172 1998 3240 insipientia:

417 3262 518 3307 est.
555 3255 744 3309 Vermn
787 3273 889 3310 non
920 3270 1002 3312 est
1029 3261 1348 3314 nutltitudini
1382 3262 1796 3322 attendendum;
1831 3280 2000 3334 neque

419 3343 544 3399 inde
583 3347 779 3401 turbari
810 3359 1040 3418 oportet,
1073 3353 1165 3405 sed
1209 3369 1404 3421 paucos
1435 3357 1550 3409 illos
1575 3356 1788 3419 imitari,
1817 3367 1871 3410 et
1900 3374 2000 3409 un-

419 3435 580 3506 dique
613 3453 732 3493 scse
772 3439 1085 3510 colligentes
1123 3445 1201 3496 sic
1247 3460 1341 3512 per
1387 3462 1504 3499 eum
1551 3447 1821 3501 incedere.
1869 3449 2001 3504 Nam

422 3539 772 3599 praeterquam
820 3533 960 3600 quod
1011 3545 1229 3602 angusta
1282 3536 1366 3588 illa
1409 3547 1509 3600 est,
1553 3539 1700 3591 nmlti
1743 3549 1864 3592 sunt
1914 3542 2002 3610 qui

421 3621 762 3688 supplantare
806 3623 1057 3687 student,
1101 3641 1167 3678 ne
1211 3625 1300 3678 illo
1345 3627 1605 3693 intretur;
1656 3633 2002 3699 quamobrem

423 3710 844 3780 subjuuxitzlt‘i.
893 3714 1147 3767 Attendite
1197 3733 1228 3768 a
1271 3718 1415 3786 falsis
1463 3719 1736 3787 prophetis.
1801 3719 2006 3773 Veniunt

425 3802 557 3854 cnim
597 3803 664 3854 ad
705 3817 790 3856 vos
828 3805 879 3857 in
919 3806 1217 3860 vestimentis
1261 3809 1426 3861 ovium
1456 3826 1474 3863 :
1499 3811 1797 3865 intrinsecus
1840 3823 2007 3866 autem

425 3909 542 3947 sum
568 3895 675 3960 lupi
703 3913 932 3966 rapaces.
978 3898 1116 3952 Ecce
1145 3915 1264 3953 cum
1302 3902 1522 3955 canibus
1551 3913 1603 3956 et
1644 3905 1819 3972 porcis
1863 3905 2006 3959 aliud

429 3987 736 4041 insidiarum
782 4005 967 4057 genus,
1017 3992 1181 4044 multo
1213 3993 1559 4060 periculosius
1599 3996 1708 4049 illo.
1757 3996 1833 4049 Illi
1865 3996 2004 4050 enim

427 4079 550 4130 su'nt
589 4080 876 4146 manifesti,
911 4093 963 4135 et
994 4083 1162 4151 palam
1195 4086 1602 4154 aggrediuntur;
1650 4087 1704 4140 bi
1743 4103 1873 4143 vero
1914 4105 2006 4144 oc-

427 4169 578 4223 culti.
620 4171 744 4226 ldeo
783 4172 850 4226 ab
896 4174 998 4228 illis
1041 4177 1253 4243 quidem
1285 4179 1553 4231 abstinere
1589 4180 1768 4247 jussit,
1816 4181 1884 4234 ab
1929 4181 2010 4236 his

430 4277 556 4315 vero
593 4261 996 4332 diligentissime
1031 4282 1238 4331 cavere,
1267 4284 1329 4321 ac
1368 4270 1411 4322 si
1452 4269 1664 4324 difﬁcile
1705 4271 1775 4326 sit
1813 4273 1880 4326 ad
1913 4274 2012 4341 pri-

431 4368 576 4407 mum
609 4354 727 4408 illos
756 4370 1102 4424 congressum
1127 4358 1406 4428 explorare
1431 4377 1443 4411 :
1479 4360 1703 4431 ideoque
1732 4363 1885 4428 dixit,
1915 4363 2009 4415 At-

429 4448 630 4512 tendite,
659 4459 714 4500 ut
739 4447 803 4501 ad
823 4449 939 4502 illos
967 4450 1406 4505 internoscemlos
1433 4453 1676 4507 redderet
1708 4455 2012 4523 diligentio-

431 4554 535 4591 res.
569 4539 765 4594 Deinde
786 4555 852 4593 ne
877 4541 1174 4608 audientes,
1208 4544 1257 4596 in
1287 4553 1428 4596 arcta
1458 4554 1510 4596 et
1542 4555 1763 4612 angusta
1807 4547 2014 4600 multis-

430 4647 536 4698 que
579 4632 843 4685 contraria
893 4631 974 4686 via
1037 4634 1386 4688 incedendum
1444 4649 1603 4697 esse,
1654 4651 1682 4686 a
1739 4637 1913 4704 porcis
1962 4647 2016 4691 et

433 4722 654 4775 ranilms
682 4724 997 4791 cavendum,
1036 4727 1357 4796 insuperque
1394 4741 1424 4779 a
1461 4727 1755 4794 maligniori
1795 4743 2010 4796 genere,

435 4828 627 4880 netnpe
656 4813 929 4881 luporum;
954 4833 1020 4870 ne
1044 4819 1270 4871 tristium
1298 4832 1475 4871 rerum
1516 4817 1854 4874 multitudine
1881 4835 2014 4874 con-

433 4902 636 4968 cidant,
667 4903 718 4956 in
749 4910 1072 4962 contrariam
1106 4910 1285 4963 multis
1327 4909 1586 4964 incessuri
1613 4911 1772 4974 viam,
1799 4923 2018 4980 prtetcr-

435 5010 606 5063 eaque
636 4995 720 5049 his
761 4997 826 5050 de
865 4999 1023 5053 rebus
1049 5002 1262 5056 solliciti
1295 5003 1475 5066 futuri,
1506 5003 1747 5072 quaedam
1780 5013 2020 5072 tempore

435 5097 643 5156 patrum
668 5102 884 5140 suorum
914 5101 1059 5158 gesta
1084 5094 1418 5160 metuoravit,
1449 5094 1938 5163 pscudOprophetas
1966 5097 2017 5148 in

435 5180 669 5234 medium
701 5179 1002 5243 adducens;
1033 5186 1205 5250 prisce
1239 5200 1468 5252 nmuque
1497 5186 1614 5237 talia
1659 5188 2015 5254 contigerunt.

436 5268 611 5325 Nolite
654 5287 772 5341 ergo
816 5272 992 5324 terreri
1033 5273 1184 5341 (Luc.
1213 5273 1304 5327 21.
1353 5275 1428 5344 9),
1483 5276 1686 5343 inquit:
1717 5277 1844 5329 nihil
1877 5279 2016 5331 enim

438 5382 654 5434 novum,
715 5366 847 5420 nihil
898 5365 1192 5421 inauditum
1241 5368 1465 5444 accidet.
1513 5368 1734 5422 Veritati
1794 5386 2020 5438 namque

437 5460 695 5514 fallaciam
734 5475 946 5530 semper
975 5461 1245 5515 substituit
1272 5460 1538 5515 diabolus.
1570 5461 2018 5532 PseudOprophe-

438 5559 518 5601 tas
539 5563 711 5606 autem
735 5549 820 5604 hic
843 5570 945 5606 non
971 5552 1249 5608 haereticos
1279 5553 1406 5607 mihi
1429 5542 1767 5609 subindicare
1790 5555 2020 5620 videtur,

439 5640 529 5692 »υά
585 5657 699 5709 eos,
747 5644 833 5711 qui
883 5660 1003 5698 cum
1047 5647 1282 5716 corrupti
1335 5646 1570 5700 moribus
1628 5656 1678 5698 et
1736 5647 1842 5698 vita
1890 5648 2015 5713 sint,

1140 221 1197 276 S.
1237 220 1511 276 JOANNIS
1547 219 2014 276 CllRYSOSTOlll
2055 219 2374 274 ARCIHEP.
2414 219 2946 277 CONSTANTINOP.

3560 223 3663 278 516

2086 329 2296 384 virtutis
2319 329 2516 385 larvam
2537 326 2936 396 circumferunt,
2969 346 3104 402 quos
3128 333 3438 388 seductores
3469 348 3664 390 vocare

2086 419 2236 474 multi
2280 421 2472 476 solent.
2506 421 2861 488 Quamobrem
2901 422 3177 492 subjunxit
3210 423 3416 487 dicens,
3462 425 3548 478 16.
3586 424 3667 480 Ex.

2085 512 2329 582 fructibus
2367 531 2540 566 eorum
2566 515 2873 584 cognoscetis
2911 531 3013 568 eos.
3047 515 3176 568 Nam
3206 515 3346 583 apud
3389 515 3670 572 hmreticos

2084 604 2296 673 quidem
2323 604 2540 658 honesta
2569 606 2669 658 vita
2693 620 2836 672 saepe
2865 606 3119 675 reperitur
3143 621 3156 668 ;
3180 605 3317 675 apud
3345 605 3446 660 hos
3467 619 3670 673 autem,

2085 709 2219 763 quos
2262 695 2388 755 dixi,
2429 711 2736 763 numquam.
2762 695 2898 761 Quid
2929 697 3105 765 igitur,
3138 697 3365 765 inquies,
3399 697 3442 750 si
3489 715 3669 752 mores

2089 786 2286 855 ﬁngant
2325 787 2612 840 honestos?
2653 787 2757 841 Sed
2795 787 2946 841 facile
2975 787 3270 855 capientur.
3298 788 3442 842 Talis
3472 790 3674 858 quippe

2087 887 2168 931 est
2211 877 2367 947 hujus
2396 878 2494 931 via:
2525 887 2732 944 natura,
2783 896 2886 948 qua
2933 879 3182 933 incedere
3220 881 3376 948 jussi,
3409 881 3674 936 laboriosa

2089 987 2281 1041 nempe
2317 982 2370 1026 et
2408 974 2558 1026 dura.
2590 973 2875 1044 llypocrita
2915 989 3042 1027 vero
3065 973 3299 1028 laborem
3333 975 3471 1029 ferre
3514 974 3672 1040 nolit,

2089 1063 2181 1117 sed
2224 1065 2475 1118 simulare
2504 1074 2706 1118 tantum
2733 1085 2746 1119 :
2774 1066 2998 1135 ideoque
3034 1063 3189 1119 facile
3228 1064 3667 1134 deprehenditur.

2091 1154 2219 1222 Quia
2243 1155 2384 1208 enim
2408 1156 2557 1221 dixit,
2587 1155 2749 1209 Pauci
2768 1166 2883 1210 sunt
2906 1157 2990 1226 qui
3015 1157 3268 1209 inveniunt
3289 1172 3420 1220 eam,
3447 1159 3676 1210 secernit

2089 1260 2182 1297 eos
2211 1244 2277 1297 ab
2309 1245 2430 1310 illis,
2454 1246 2541 1313 qui
2579 1261 2698 1299 cum
2727 1260 2828 1299 non
2853 1245 3169 1308 invenerint,
3201 1245 3462 1300 invenisse
3498 1255 3676 1300 tamen

2091 1350 2149 1387 se
2175 1336 2447 1401 simulant,
2472 1337 2664 1405 jubens
2687 1354 2790 1389 non
2823 1337 2885 1390 ad
2916 1337 3057 1402 illos,
3091 1338 3180 1407 qui
3212 1337 3410 1390 larvam
3439 1337 3669 1392 circum-

2093 1423 2288 1490 ferunt,
2317 1427 2606 1494 respicere,
2639 1427 2733 1481 sed
2761 1426 2826 1480 ad
2871 1427 2991 1480 illos
3017 1428 3106 1497 qui
3143 1443 3270 1482 vere
3307 1437 3365 1481 et
3401 1443 3466 1480 ex
3493 1429 3675 1482 animo

2095 1517 2144 1570 in
2176 1517 2266 1571 illa
2307 1519 2578 1572 incedunt.
2620 1519 2686 1572 Et
2723 1535 2823 1588 qua
2849 1519 2916 1573 de
2943 1533 3121 1583 causa,
3160 1519 3386 1586 inquies,
3421 1535 3525 1572 non
3554 1520 3676 1573 illos

2095 1618 2248 1663 notos
2277 1608 2419 1673 fecit,
2445 1610 2537 1663 sed
2564 1625 2661 1663 nos
2696 1611 2746 1663 in
2770 1611 3079 1681 explorandi
3108 1626 3288 1665 curam
3315 1612 3580 1680 conjecit?
3611 1611 3676 1666 Ut

2095 1701 2392 1768 vigilemus,
2426 1710 2481 1755 et
2519 1701 2731 1755 solliciti
2770 1718 2982 1772 semper
3021 1703 3208 1766 simus,
3249 1703 3375 1757 dum
3424 1719 3676 1757 cavemus

2096 1804 2200 1842 non
2230 1790 2388 1843 modo
2413 1791 2478 1844 ab
2507 1791 2735 1844 inimicis
2763 1791 2866 1845 illis
2894 1793 2980 1862 qui
3011 1792 3181 1861 palam
3224 1794 3357 1847 tales
3394 1804 3556 1856 sunt,
3585 1794 3678 1848 sed

2095 1881 2162 1934 ab
2206 1881 2269 1934 iis
2316 1883 2476 1935 etiam
2519 1883 2604 1951 qui
2657 1897 2778 1938 sese
2825 1883 3130 1937 occultant:
3161 1899 3293 1954 quos
3338 1884 3684 1939 subindicans

2099 1972 2289 2025 Paulus
2316 1973 2525 2028 dicebat
2554 1993 2566 2028 :
2597 1973 2661 2026 Et
2687 1992 2775 2044 per
2795 1975 2965 2028 dulces
2992 1992 3241 2029 sermones
3260 1975 3501 2029 seducunt
3529 1979 3685 2028 corda

2097 2065 2256 2118 imtoc.
2276 2071 2433 2118 alium
2465 2066 2636 2136 (llam.
2668 2069 2754 2122 16.
2788 2069 2896 2137 i8).
2924 2067 3000 2121 Ne
3029 2069 3204 2137 itaque
3235 2069 3528 2132 turbemur,
3561 2085 3683 2123 cum

2100 2157 2293 2210 multos
2338 2158 2700 2227 hujuscemodi
2745 2159 2905 2213 etiam
2950 2174 3090 2212 nunc
3135 2159 3397 2213 videmus.
3454 2159 3583 2212 Nam
3633 2171 3684 2214 et

2102 2246 2228 2300 illud
2258 2264 2413 2317 supra
2444 2249 2683 2303 Christus
2716 2249 2977 2319 przedixit.

2173 2339 2224 2393 7.
2270 2338 2334 2391 Et
2379 2340 2644 2409 perpende
2686 2340 2802 2408 ejus
2846 2341 3324 2396 mansuetudinem.
3377 2340 3489 2396 Non
3535 2342 3678 2396 enim

2103 2428 2270 2492 dixit,
2300 2429 2489 2485 Punite
2519 2432 2632 2484 illos
2657 2473 2672 2496 ,
2705 2434 2820 2495 sed,
2849 2431 3040 2486 Cavete
3069 2448 3134 2487 ne
3157 2433 3222 2486 ab
3250 2434 3353 2486 illis
3384 2433 3645 2486 laedamiui
3668 2473 3684 2497 ,

2103 2534 2170 2572 ne
2200 2519 2390 2573 incauti
2438 2522 2486 2573 in
2537 2521 2654 2574 illos
2702 2523 2962 2577 incidatis.
3008 2523 3246 2587 Deinde,
3282 2539 3346 2578 ne
3394 2525 3539 2578 dicas
3582 2539 3689 2578 non

2106 2625 2260 2678 posse
2311 2611 2607 2680 hnjusmodi
2650 2612 2894 2667 homines
2936 2615 3221 2668 internosci
3257 2656 3269 2676 ,
3301 2616 3367 2668 ab
3411 2613 3688 2668 hominum

2104 2703 2352 2772 extemplo
2381 2720 2562 2759 rursus
2593 2706 2922 2759 ratiocinium
2943 2706 3154 2760 adhibet
3185 2707 3401 2760 dicens:
3426 2706 3690 2777 Numquid

2105 2795 2346 2864 colligunt
2379 2795 2439 2847 de
2465 2795 2624 2864 spinis
2661 2812 2782 2849 uvas
2807 2838 2822 2862 ,
2850 2805 2935 2849 aut
2968 2798 3029 2849 de
3058 2798 3250 2850 trtlmlis
3285 2799 3412 2864 ﬁcus
3434 2797 3459 2849 .9
3488 2799 3572 2852 17.
3603 2798 3692 2852 Sic

2106 2887 2265 2939 omnis
2291 2886 2440 2939 arbor
2466 2889 2627 2951 bona,
2655 2888 2808 2941 bonos
2836 2893 3030 2956 fructus
3059 2889 3216 2958 facit;
3245 2890 3378 2941 umla
3407 2898 3574 2941 autem
3601 2907 3691 2941 ar-

2106 2978 2194 3030 bor
2237 2979 2432 3047 fructus
2484 2981 2643 3032 malos
2693 2981 2833 3050 facit.
2875 2980 2959 3033 18.
3007 2979 3127 3032 Non
3174 2990 3331 3049 potest
3375 2981 3525 3033 arbor
3562 2982 3694 3033 bona

2109 3072 2300 3138 fructus
2328 3070 2487 3122 malos
2509 3074 2674 3139 facere
2692 3111 2706 3134 ,
2732 3087 2821 3124 nec
2850 3071 2999 3123 arbor
3029 3073 3162 3123 mala
3199 3072 3390 3140 fructus
3422 3071 3576 3124 bonos
3603 3078 3687 3140 [a-

2108 3177 2236 3212 cerc.
2271 3161 2421 3226 Quod
2463 3172 2638 3214 autem
2669 3162 2796 3215 dicit
2825 3161 3126 3231 hnjusmodi
3171 3172 3252 3214 est
3275 3181 3286 3214 :
3313 3162 3449 3215 Nihil
3498 3163 3694 3217 habent

2111 3252 2236 3304 mite
2255 3252 2552 3316 vel‘dulce;
2583 3254 2770 3320 pellem
2803 3253 2972 3306 solum
3003 3254 3117 3306 ovis
3141 3264 3369 3322 gesmnt,
3403 3253 3520 3306 ideo
3542 3254 3696 3307 facile

2113 3345 2558 3397 internoscuntur.
2587 3345 2651 3397 Et
2683 3359 2750 3398 ne
2779 3345 2858 3398 vel
2890 3345 3160 3397 minimum
3192 3346 3422 3410 dubites,
3452 3345 3701 3396 naturali-

2115 3434 2210 3487 bus
2247 3436 2648 3488 necessitatibus
2685 3445 2957 3503 comparat
3000 3451 3059 3489 ea
3093 3452 3209 3504 qua:
3252 3436 3404 3488 aliter
3434 3437 3544 3487 ﬁeri
3592 3452 3693 3486 non

2113 3537 2351 3595 possunt.
2383 3527 2535 3593 Quod
2564 3529 2720 3580 etiam
2760 3527 2952 3580 Paulus
2985 3527 3194 3582 dicebat
3219 3545 3231 3579 :
3257 3527 3522 3592 Sapientia
3566 3529 3696 3578 enim

2113 3620 2279 3670 carnis
2302 3659 2316 3683 ,
2349 3635 2484 3672 mors
2509 3629 2580 3672 est
2604 3635 2621 3672 :
2645 3619 2740 3689 legi
2777 3623 2906 3673 enim
2951 3619 3043 3673 Dei
3086 3637 3184 3672 non
3225 3620 3521 3688 subjicitur:
3544 3635 3697 3687 neque

2113 3713 2244 3764 enim
2273 3722 2428 3779 potest
2453 3713 2629 3781 (Rom.
2663 3714 2714 3768 8.
2749 3715 2795 3767 (ἱ.
2830 3715 2902 3783 7).
2929 3714 3077 3783 Quod
3105 3724 3279 3768 autem
3315 3715 3436 3767 illud
3465 3715 3699 3768 secundo

2117 3816 2295 3874 ponat,
2333 3823 2435 3859 non
2464 3815 2546 3860 est
2573 3807 2838 3874 superflua
2872 3808 3117 3875 repetitio
3143 3809 3450 3862 verborum.
3482 3807 3558 3861 Nc
3582 3809 3698 3876 quis

2116 3899 2255 3950 enim
2285 3897 2506 3959 diceret,
2533 3899 2707 3951 Arbor
2735 3901 2869 3951 mala
2901 3899 3103 3952 fructus
3133 3899 3342 3969 quidem
3374 3902 3474 3952 l'ert
3499 3905 3695 3958 malos,

2117 3988 2212 4041 sed
2239 3989 2338 4041 fert
2368 3988 2526 4040 etiam
2560 3988 2761 4052 bonos;
2788 3998 2840 4040 et
2869 4005 2990 4042 cum
3029 3989 3262 4058 duplices
3289 3989 3454 4051 ferat,
3485 3987 3701 4041 difﬁcile

2118 4091 2200 4134 est
2231 4081 2350 4134 illos
2380 4081 2740 4135 internoscere
2765 4100 2777 4134 :
2805 4085 2871 4134 At
2891 4097 2975 4135 res
2995 4123 3008 4145 ,
3036 4082 3206 4150 inquit
3231 4123 3246 4147 ,
3279 4098 3381 4134 non
3416 4082 3484 4134 ita
3513 4095 3571 4132 se
3603 4079 3699 4131 ha-

2120 4171 2206 4223 bet
2233 4187 2245 4224 :
2272 4171 2440 4224 malos
2484 4180 2686 4224 tantum
2733 4171 2917 4236 affert,
2941 4172 3108 4225 bonos
3151 4187 3472 4239 numquam;
3507 4179 3563 4223 ut
3591 4181 3644 4223 et
3673 4185 3704 4223 e

2118 4261 2406 4314 contrario.
2437 4261 2571 4326 Quid
2601 4263 2790 4329 igitur?
2817 4263 3007 4314 Annon
3049 4272 3128 4315 est
3156 4263 3235 4315 vir
3265 4262 3454 4324 bonus,
3483 4261 3572 4331 qui
3596 4276 3706 4312 ma-

2124 4356 2204 4408 lus
2229 4355 2520 4411 efﬁciatur?
2539 4359 2614 4411 Ac
2630 4358 2858 4412 vicissim
2886 4357 3166 4411 dicendum
3194 4374 3224 4412 e
3244 4358 3511 4411 contrario
3537 4375 3549 4410 :
3573 4358 3707 4410 ΙιηιΙ-

2125 4453 2189 4502 tis
2222 4451 2521 4518 hnjusmodi
2553 4451 2811 4518 exemplis
2840 4451 3053 4519 plenum
3081 4460 3163 4504 est
3203 4451 3475 4503 hominum
3515 4464 3702 4518 genus.

2121 4543 2224 4596 Sed
2251 4543 2492 4596 Christus
2513 4557 2617 4594 non
2646 4541 2770 4594 illud
2798 4542 2944 4606 dicit,
2970 4556 3162 4610 nempe
3190 4556 3292 4593 nan
3327 4555 3481 4608 posse
3509 4539 3705 4590 malum

2125 4634 2391 4687 hominem
2425 4633 2636 4694 mutari,
2669 4649 2839 4702 neque
2863 4634 3053 4686 bonum
3084 4633 3308 4686 cadere:
3335 4647 3515 4685 verum
3539 4630 3706 4682 t‘lonec

2125 4725 2175 4778 in
2209 4724 2438 4793 nequitia
2482 4735 2822 4792 perseverat,
2859 4725 3054 4777 homnn
3089 4716 3200 4778 non
3232 4723 3417 4777 afferet
3455 4725 3705 4776 fructum.

2127 4817 2311 4870 Mutari
2341 4817 2480 4870 enim
2516 4826 2726 4885 potest,
2756 4827 2808 4870 et
2837 4832 2900 4870 ex
2941 4816 3182 4885 improbo
3212 4817 3380 4870 bonus
3410 4814 3580 4878 cliti;
3615 4814 3710 4867 sed

2127 4909 2178 4960 in
2227 4908 2458 4977 nequitia
2504 4923 2762 4973 manens,
2821 4907 3047 4961 fructum
3098 4923 3202 4961 non
3257 4909 3441 4961 afferet
3489 4908 3709 4960 bonum.

2127 5002 2404 5066 Quomodo
2425 5016 2552 5070 ergo
2583 5001 2744 5055 David
2767 5043 2780 5063 ,
2811 5002 2980 5056 bonus
3004 5017 3123 5054 eum
3153 5011 3314 5066 esset,
3342 4999 3563 5054 fructum
3596 5016 3711 5053 ma-

2129 5095 2237 5148 lum
2277 5095 2434 5148 tulit?
2465 5093 2576 5148 Non
2611 5110 2830 5148 manens
2870 5095 3038 5148 bonus
3065 5137 3078 5159 ,
3113 5094 3203 5147 sed
3255 5103 3484 5147 mutatus
3508 5111 3520 5145 :
3547 5092 3636 5162 qui
3667 5093 3711 5146 si

2130 5198 2388 5256 perpetuo
2413 5186 2695 5240 mansisset
2723 5185 2891 5256 qualis
2914 5196 3030 5240 erat
3050 5227 3064 5250 ,
3089 5201 3373 5254 ntnnquam
3391 5185 3566 5238 ‘talem
3596 5185 3712 5237 fru-

2128 5289 2269 5331 ctum
2304 5278 2527 5332 tulisset.
2553 5278 2681 5332 Nam
2712 5280 2754 5331 si
2787 5279 2836 5330 iu
2857 5278 3065 5331 virtutis
3092 5276 3256 5346 gradu
3278 5277 3581 5340 mansisset,
3603 5293 3710 5328 non

2130 5386 2290 5424 ausus
2318 5381 2460 5425 esset
2491 5371 2607 5423 talia
2641 5380 2970 5440 perpetrare.
3003 5368 3128 5422 lltec
3167 5377 3342 5420 autem
3384 5367 3623 5428 dicebat,
3659 5375 3713 5420 ut

2133 5473 2331 5517 temere
2361 5463 2759 5533 obloquentium
2793 5473 2847 5518 et
2886 5461 3282 5517 criminantium
3327 5475 3419 5513 ora
3455 5459 3710 5514 frenaret.

2131 5555 2262 5622 Quia
2301 5555 2440 5608 enim
2485 5555 2694 5624 plurimi
2725 5555 2892 5608 bonos
2925 5570 2994 5609 ex
3027 5552 3283 5621 improbis
3323 5551 3625 5613 aestimant,
3659 5563 3716 5604 ut

2134 5647 2235 5701 illis
2262 5663 2471 5702 onmem
2505 5648 2896 5703 exensationcm
2923 5647 3204 5713 adimeret,
3232 5645 3334 5698 hoc
3355 5643 3507 5698 dixit.
3531 5641 3714 5713 Neque
