4080 6138
325 197 428 253 5·ιό

325 317 498 380 ζουσι,
525 317 625 386 τῆς
649 318 826 370 αὐτῶν
865 317 1135 388 ῥᾳθυμίας
1159 320 1191 388 ἡ
1228 319 1452 375 ὑπόνοια
1496 323 1674 392 μόνον.
1699 325 1840 393 Ὅρα
1867 324 1996 392 γοῦν

325 395 442 459 πῶς
490 399 583 448 καὶ
629 396 892 466 ἑτέρωθεν
937 398 1105 468 αὐτὴν
1147 396 1368 452 εὔκολον
1415 405 1587 464 ποιεῖ,
1640 402 1873 455 κελεύων
1922 405 1994 475 μὴ

323 475 734 544 συμπλέκεσθαι
776 477 889 538 τοῖς
928 476 1090 538 κυσὶ,
1129 479 1262 548 μηδὲ
1315 479 1575 533 ἐκδιδόναι
1617 483 1840 544 ἑαυτοὺς
1884 487 1997 547 τοῖς

320 554 545 624 χοίροις,
573 555 666 608 καὶ
696 554 1057 622 φυλάττεσθαι
1093 558 1201 609 ἀπὸ
1247 558 1354 610 τῶν
1388 559 1864 632 ψευδοπροφητῶν,
1901 562 1996 616 καὶ

319 634 661 702 πανταχόθεν
703 635 902 697 αὐτοὺς
941 636 1267 704 ἐναγωνίους
1309 640 1690 710 ἐργαζόμενος.
1722 641 1832 695 Καὶ
1865 642 1995 695 αὐτὸ

317 713 375 766 δὲ
424 714 483 766 τὸ
523 715 713 782 στενὴν
762 714 990 769 καλέσαι
1038 718 1294 786 μέγιστον
1339 721 1419 782 εἰς
1451 721 1512 772 τὸ
1561 723 1782 790 ποιῆσαι
1827 722 1994 793 αὐτὴν

318 793 540 846 εὔκολον
582 794 906 872 συνεϐάλετο
935 797 978 827 ³⁸
1001 812 1015 844 ·.
1047 797 1236 864 νήφειν
1273 798 1381 869 γὰρ
1417 800 1611 862 αὐτοὺς
1652 803 1994 872 παρεσκεύα-

317 872 661 944 ζεν.Ὥσπερ
697 871 844 951 οὐνό
877 875 1109 939 Παῦλος,
1143 878 1269 929 ὅταν
1307 877 1463 951 λέγῃ,
1491 882 1611 933 Οὐκ
1640 871 1812 934 ἔστιν
1849 882 1994 950 ἡμῖν

315 955 357 1021 ἡ
380 955 543 1019 πάλη
579 955 729 1021 πρὸς
757 950 900 1022 allia
928 957 1023 1008 καί
1055 955 1272 1022 σάρκα,
1298 959 1396 1027 οὐχ
1417 950 1512 1010 ἵνα
1542 960 1844 1031 καταϐάλῃ,
1878 961 1994 1014 ἀλλ’

316 1032 404 1084 ἵνα
452 1034 691 1104 διεγείρῃ
727 1033 795 1085 τὰ
851 1034 1174 1104 φρονήματα
1230 1035 1340 1087 τῶν
1400 1038 1782 1108 στρατιωτῶν,
1836 1040 1994 1092 τοῦτο

313 1116 490 1163 ποιεῖ·
521 1111 664 1164 οὕτω
693 1110 755 1182 δὴ
793 1114 886 1165 καὶ
933 1113 1096 1175 αὐτὸς
1139 1115 1457 1182 ἀφυπνίζων
1487 1117 1614 1179 τοὺς
1653 1117 1988 1188 ὁδοιπόρους,

312 1195 570 1262 τραχεῖαν
600 1192 823 1246 ἐκάλεσε
870 1193 966 1262 τὴν
997 1193 1131 1246 ὁδόν.
1163 1197 1266 1248 Καὶ
1308 1199 1368 1248 οὐ
1409 1197 1579 1269 ταύτῃ
1611 1198 1768 1267 μόνον
1802 1201 1992 1270 νήφειν

313 1272 749 1342 παρεσκεύασεν,
776 1271 910 1325 ἀλλὰ
938 1273 1030 1325 καὶ
1069 1271 1145 1342 τῷ
1171 1275 1505 1344 προσθεῖναι,
1539 1278 1619 1330 ὅτι
1663 1278 1756 1330 καὶ
1780 1279 1823 1309 ¹⁶
1858 1279 1989 1332 πολ-

311 1350 441 1415 λοὺς
475 1351 587 1419 ἔχει
620 1352 746 1412 τοὺς
783 1351 1266 1416 ύποσκελίζονταςί
1297 1357 1389 1407 καὶ
1414 1357 1473 1408 τὸ
1495 1355 1557 1426 δὴ
1590 1357 1987 1428 χαλεπώτερον,

312 1432 396 1483 ὅτι
449 1430 568 1482 οὐδὲ
628 1429 879 1498 φανερῶς
937 1431 1399 1501 προσϐάλλουσιν,
1454 1434 1592 1487 ἀλλὰ
1657 1437 1989 1507 κρύπτοντες

312 1507 573 1572 ἑαυτούς·
619 1509 856 1561 τοιοῦτον
907 1507 1015 1579 γὰρ
1057 1510 1163 1562 τῶν
1215 1511 1673 1583 ψευδοπροφητῶν
1719 1516 1780 1568 τὸ
1811 1517 1983 1584 γένος.

325 1587 485 1641 Ἀλλὰ
512 1590 584 1657 μὴ
612 1587 769 1641 τοῦτο
793 1587 928 1660 ἴδῃς,
956 1590 1141 1659 φησὶν,
1175 1592 1494 1662 ὃτιτραχεῖα
1519 1595 1612 1647 καὶ
1643 1595 1823 1666 στενὴ,
1851 1597 1987 1651 ἀλλὰ

315 1667 420 1720 ποῦ
457 1667 719 1737 τελευτᾷ·
753 1668 874 1736 μηδ’
901 1670 981 1722 ὅτι
1022 1669 1249 1722 πλατεῖα
1291 1672 1384 1723 καὶ
1425 1672 1733 1742 εὐρύχωρος
1771 1677 1802 1745 ἡ
1834 1677 1987 1730 ἐναν-

308 1746 421 1810 τία,
467 1747 602 1799 ἀλλὰ
649 1747 753 1799 ποῦ
805 1749 1190 1817 καταστρέφει.
1242 1751 1428 1803 Ταῦτα
1481 1752 1536 1803 δὲ
1574 1753 1750 1805 πάντα
1803 1754 1982 1823 λέγει,

309 1827 593 1896 διεγείρων
621 1827 779 1896 ἡμῶν
812 1827 910 1898 τὴν
930 1829 1270 1898 προθυμίαν·
1295 1829 1481 1901 ὥσπερ
1508 1830 1598 1884 οὖν
1631 1835 1722 1886 καὶ
1751 1834 1983 1905 ἀλλαχοῦ

309 1906 517 1972 ἔλεγεν,
550 1907 630 1958 ὄτι
668 1907 915 1959 Βιοσταὶ
946 1906 1315 1974 ἁρπάζουσιν
1336 1909 1547 1974 αὐτήν.
1575 1913 1632 1965 Ὀ
1654 1913 1760 1982 γὰρ
1788 1913 1985 1981 ἀγωνι-

310 1986 560 2054 ζόμενος,
601 1985 818 2038 ἐπειδάν
861 1987 947 2058 ίδῃ
984 1987 1168 2050 σαφῶς
1209 1989 1249 2018 ¹⁷
1281 1988 1371 2040 τὸν
1405 1991 1747 2060 ἀγωνοθέτην
1777 1991 1986 2061 θαυμά-

309 2065 472 2128 ζοντα
519 2065 580 2119 τδ
629 2066 885 2119 ἐπίπονον
931 2065 1039 2117 τῶν
1081 2068 1516 2136 ἀγωνισμάτων,
1583 2072 1986 2140 προθυμότερος

309 2145 541 2212 γίνεται.
575 2144 667 2214 Μὴ
705 2145 885 2197 τοίνυν
921 2145 1192 2214 ἀλύωμεν,
1221 2147 1348 2198 ὅταν
1376 2147 1542 2201 πολλὰ
1577 2151 1705 2219 ἡμῖν
1739 2150 1986 2203 ἐντεῦθεν

310 2223 581 2294 συμϐαίνῃ
607 2224 848 2293 λυπηρά.
883 2223 1228 2294 Τεθλιμμένη
1256 2224 1364 2295 γὰρ
1465 2225 1600 2288 ὁδὸς,
1632 2227 1724 2278 καὶ
1756 2229 1916 2296 στενὴ
1953 2231 1984 2298 ἡ

309 2302 493 2373 πύλη,
542 2304 654 2355 ἀλλ’
685 2305 782 2373 οὐχ
831 2307 864 2372 ἡ
913 2305 1085 2367 πόλις.
1139 2305 1236 2356 Διὰ
1277 2305 1339 2374 δὴ
1392 2305 1548 2356 τοῦτο
1585 2305 1704 2357 οὐδὲ
1754 2306 1985 2358 ἐνταῦθα

305 2381 492 2433 ἄνεσιν
538 2383 642 2454 χρὴ
689 2382 1032 2452 προσδοκᾷ-ι,
1083 2382 1204 2435 οὐδὲ
1245 2385 1360 2436 ἐκεῖ
1401 2383 1642 2454 λυπηρόν
1691 2401 1740 2437 τι
1802 2383 1986 2437 λοιπὸν

305 2460 644 2529 ἐκδέχεσθαι.
676 2459 860 2514 Εἰπὼν
887 2460 964 2519 δὲ,
989 2462 1070 2512 ὅτι
1097 2461 1308 2528 Ὸλίτοι
1335 2461 1495 2514 εἰσὶν
1528 2465 1581 2513 al
1601 2463 1985 2529 εὑρίσκοντες

305 2540 522 2608 αὐτὴν,
562 2540 725 2594 πάλιν
753 2539 985 2593 ἐνταῦθα
1011 2541 1102 2592 καὶ
1129 2541 1172 2570 ³⁸
1209 2541 1308 2609 τὴν
1333 2541 1442 2592 τῶν
1469 2541 1678 2594 πολλῶν
1715 2542 1985 2612 ρᾳθυμίαν

305 2621 541 2686 ἐδήλωσε
565 2661 578 2678 ,
619 2623 710 2674 καὶ
753 2622 880 2684 τοὺς
925 2619 1224 2683 ἀκούοντας
1279 2621 1566 2673 ἐπαίδευσε
1601 2621 1675 2690 μὴ
1722 2624 1842 2683 ταῖς
1876 2622 1985 2674 τῶν

273 2700 520 2762 ,πολλῶν
567 2701 892 2770 εὐημερίαις
931 2699 1254 2768 προσέχειν,
1305 2699 1440 2751 ἀλλὰ
1487 2702 1598 2760 τοῖς
1643 2699 1750 2751 τῶν
1792 2700 1986 2766 ὀλίγων

306 2783 510 2843 πόνοις.
543 2782 606 2832 Ol
640 2780 748 2850 γὰρ
781 2778 1019 2840 πλείους,
1046 2779 1232 2847 φησὶν,
1265 2779 1324 2831 οὐ
1364 2779 1524 2849 μόνον
1547 2779 1714 2849 αὐτὴν
1743 2781 1804 2832 οὐ
1839 2779 1986 2849 βαδί-

305 2857 512 2922 ζουσιν,
537 2858 650 2910 ἀλλ’
679 2858 800 2910 οὐδέ
833 2856 1113 2924 αἱροῦνται
1130 2873 1144 2886 ⁸
1170 2857 1306 2927 ὅπερ
1328 2857 1562 2926 ἐσχάτης
1591 2860 1922 2930 κατηγορίας
1942 2861 1984 2890 ¹⁹

305 2939 471 2990 ἐστίν.
505 2937 643 2989 Ἀλλ’
673 2937 731 2988 οὐ
764 2939 875 2998 τοῖς
908 2934 1124 2997 πολλοῖς
1151 2934 1232 2986 δεῖ
1260 2935 1572 3006 προσέχειν,
1593 2937 1714 2989 οὐδὲ
1738 2936 1985 2989 ἐντεῦθεν

305 3016 672 3087 θορυϐεῖσθαι,
705 3015 840 3068 ἀλλὰ
877 3013 1072 3079 ζηλοῦν
1102 3014 1230 3076 τούς
1259 3013 1494 3080 ὀλίγους,
1523 3018 1618 3068 καὶ
1651 3016 1985 3086 πανταχόθεν

303 3096 534 3157 ἑαυτοὺς
565 3094 610 3126 ²⁰
648 3094 1083 3163 συγκροτοῦντας
1122 3091 1296 3154 οὕτως
1349 3093 1518 3162 αὐτὴν
1578 3093 1831 3162 βαδίζειν.
1878 3095 1986 3146 Καὶ

301 3177 412 3244 γὰρ
461 3176 595 3245 πρὸς
634 3175 711 3243 τῷ
737 3176 782 3208 ’ί
817 3173 1011 3243 στενὴν
1046 3170 1209 3236 εἶναι,
1242 3172 1428 3224 πολλοὶ
1459 3173 1555 3225 καὶ
1589 3175 1638 3225 οί
1671 3175 1714 3204 “
1749 3174 1985 3225 ὑποσκε-

299 3255 545 3318 λίζοντες
579 3253 678 3324 τὴν
711 3255 890 3306 ἐκεῖσε
937 3253 1209 3321 φέρουσάν
1242 3252 1380 3304 είσιν
1425 3251 1564 3304 ὁδόν.
1594 3251 1685 3304 Διὸ
1718 3253 1812 3304 καὶ
1854 3254 1976 3322 ἐπή-

301 3350 474 3405 γαγε·
530 3331 867 3400 Προσέχετε
913 3330 1033 3385 ἀπὸ
1078 3329 1197 3384 τῶν
1229 3330 1776 3398 ψευδοπροφητῶν·
1813 3331 1984 3385 ἐλεύ-

299 3429 514 3465 σονται
569 3411 679 3480 γὰρ
739 3412 888 3478 πρὸς
953 3409 1110 3478 ὑμᾶς
1169 3412 1238 3463 ἐν
1293 3411 1586 3478 ἐνδύμασι
1637 3409 1980 3477 προϐάτων,

299 3492 530 3544 ἔσωθεν
555 3490 621 3542 δέ
655 3493 774 3542 είσι
801 3490 974 3542 λύκοι
1001 3489 1286 3556 ἅρπαγες.
1334 3488 1462 3541 Ἰδοὺ
1499 3489 1634 3557 μετὰ
1663 3489 1770 3541 τῶν
1806 3492 1983 3545 κυνῶν

299 3570 397 3622 καὶ
419 3570 621 3638 χοίρων
653 3569 840 3636 ἕτερον
884 3561 1025 3630 εἶδος
1074 3567 1297 3638 ἐνέδρας
1342 3569 1434 3620 καὶ
1475 3566 1800 3638 ἐπιϐουλῆς,
1846 3571 1980 3625 πολὺ

296 3648 680 3718 χαλεπώτερον
720 3646 929 3698 ἐκείνου
953 3647 1016 3698 ’³.
1054 3647 1118 3698 Οί
1151 3646 1248 3717 μὲν
1290 3645 1398 3715 γὰρ
1437 3646 1849 3716 ῶμολογημένοι
1889 3651 1982 3703 καὶ

299 3727 547 3797 φανεροὶ,
578 3721 722 3780 οὗτοι
747 3727 803 3779 δὲ
833 3727 1305 3797 συνεσκιασμένοι.
1335 3729 1424 3779 Διο
1459 3727 1552 3780 καὶ
1582 3729 1804 3781 ἐκείνων
1829 3728 1979 3802 [295]

300 3807 404 3876 μὲν
440 3804 742 3875 ἀπέχεσθαι
777 3805 1053 3869 ἐκέλευσε,
1084 3806 1310 3869 τούτους
1346 3806 1402 3859 δέ
1438 3807 1532 3860 καὶ
1562 3806 1981 3863 διασκέπτεσθαι

299 3887 445 3957 μετὰ
483 3886 792 3956 ἀκριϐείας,
826 3887 901 3949 ὡς
939 3888 1042 3938 οὐκ
1072 3886 1190 3938 ἐνὸν
1230 3888 1293 3938 ἐκ
1343 3886 1568 3956 πρώτης
1604 3889 1799 3950 αὐτοὺς
1856 3889 1980 3942 ἰδεῖν

296 3967 625 4038 προσϐολῆς.
663 3967 754 4018 Διὸ
785 3967 878 4018 καὶ
915 3966 1104 4032 ἔλεγε,
1148 3964 1503 4034 Προσέχετε,
1544 3967 1681 4035 πρὸς
1729 3968 1825 4038 τὴν
1866 3971 1981 4022 διά-

296 4063 502 4113 γνωσιν
551 4045 732 4098 αὐτῶν
791 4045 1218 4115 ἀκριϐεστέρους
1275 4045 1463 4098 ποιῶν.
1518 4041 1687 4108 Εἶτα,
1745 4048 1830 4100 ἵνα
1909 4048 1980 4118 μὴ

298 4126 492 4195 στενὴν
535 4125 870 4185 ἀκούσαντες
905 4125 1000 4176 καὶ
1044 4123 1443 4194 τεθλιμμένην,
1480 4125 1574 4175 καὶ
1612 4126 1694 4176 ὅτι
1733 4125 1978 4178 ἐναντίαν

295 4205 409 4264 τοῖς
436 4203 648 4266 πολλοῖς
687 4203 768 4255 δεῖ
803 4202 1060 4271 βαδίζειν,
1096 4202 1191 4255 καὶ
1235 4202 1448 4273 χοίρους
1480 4203 1842 4270 φυλάττεσθαι
1883 4205 1978 4256 καὶ

293 4281 488 4346 κύνας,
540 4283 632 4335 καὶ
684 4281 822 4351 μετὰ
859 4280 1065 4334 τούτων
1106 4281 1152 4310 "‘
1194 4280 1381 4352 ἓτερον
1415 4282 1778 4352 πονηρότερον
1824 4285 1978 4349 γένος

293 4361 458 4414 τοῦτο
496 4361 557 4414 τὸ
597 4360 705 4414 τῶν
743 4360 951 4414 λύκων·
990 4361 1079 4413 ἵνα
1115 4359 1189 4430 μὴ
1229 4360 1307 4429 τῷ
1339 4360 1538 4430 πλήθει
1575 4361 1684 4412 τῶν
1717 4361 1974 4431 λυπηρῶν

294 4440 687 4504 καταπέσωσι,
739 4439 1022 4508 μέλλοντες
1061 4440 1106 4470 ’⁸
1140 4440 1232 4491 καὶ
1289 4439 1539 4492 ἐναντίαν
1592 4443 1704 4499 τοῖς
1759 4439 1974 4501 πολλοῖς

295 4518 460 4581 ἰέναι,
507 4521 602 4571 καὶ
657 4519 794 4586 μετὰ
842 4518 1045 4570 τούτων
1083 4518 1246 4571 πάλιν
1294 4519 1389 4572 καὶ
1421 4520 1528 4590 τὴν
1579 4519 1718 4588 ὑπὲρ
1764 4519 1970 4571 τούτων

291 4597 442 4666 ἐχειν
472 4597 750 4668 φροντίδα,
780 4596 1050 4666 ἀνέμνησε
1099 4598 1205 4648 τῶν
1242 4599 1332 4649 ἐπὶ
1362 4597 1468 4650 τῶν
1514 4597 1762 4666 πατέρων
1791 4597 1970 4650 αὐτῶν

291 4676 629 4744 γενομένων,
661 4673 1109 4744 ψευδοπροφήτας
1153 4675 1419 4737 καλέσας·
1448 4676 1541 4728 καὶ
1582 4676 1689 4746 γὰρ
1725 4675 1818 4728 καὶ
1852 4675 1975 4728 τότε

290 4754 520 4808 τοιαῦτα
573 4753 879 4806 συνέϐαινε.
929 4753 1024 4820 Μὴ
1085 4755 1293 4806 τοίνυν
1345 4753 1722 4822 θορυϐεῖσθε,
1772 4753 1968 4824 φησίν·

291 4835 448 4887 οὐδὲν
486 4832 596 4903 γὰρ
629 4833 811 4884 καινὸν
851 4832 970 4885 οὐδέ
1002 4833 1152 4898 ξένον
1179 4834 1534 4905 συμϐήσεται.
1583 4835 1661 4904 Τῇ
1694 4833 1803 4901 γὰρ
1839 4833 1972 4904 ἀλη-

293 4914 418 4985 θείᾳ
453 4913 859 4983 παρυφίστησιν
890 4911 976 4964 ἀεὶ
1000 4913 1098 4981 τὴν
1145 4913 1360 4980 ἀπάτην
1395 4916 1423 4966 6
1452 4912 1718 4975 διάϐολος.
1758 4914 1968 4966 Ψευδο-

293 4994 584 5064 προφήτας
616 4990 672 5044 δὲ
719 4988 950 5043 ἐνταῦθα
998 4991 1059 5042 οὐ
1105 4991 1230 5054 τούς
1275 4994 1581 5063 αίρετικοὺς
1637 4991 1968 5045 αἰνίττεσθαί

1327 203 1396 259 ΙΝ
1435 205 1847 263 ΜΑΤΤΗᾹΞΠΜ
1887 204 2119 262 HOMIL.
2159 205 2346 262 XXIII.
2386 209 2457 261 al.
2503 207 2692 262 XXIV.

3662 235 3763 288 5H3

2103 339 2197 406 μοι
2213 323 2378 406 δοκεῖ,
2395 322 2528 406 άλλὰ
2541 326 2673 406 τοὺς
2696 323 2810 392 βίου
2837 326 2934 394 μὲν
2951 327 3105 390 ὄντας
3130 328 3544 403 διεφθαρμένου,
3560 353 3760 406 προσω.

2105 404 2256 453 πεῖον
2304 403 2360 454 δέ
2401 403 2602 472 ἀρετῆς
2635 406 3068 474 περικειμένους,
3115 407 3207 471 οῦς
3247 412 3311 480 τῇ
3349 411 3456 464 τῶν
3497 403 3762 470 ἐπιθέτων

2099 481 2438 562 προσηγορίᾳ
2463 482 2656 562 καλεῖν
2688 482 2941 562 εἰώθασιν
2975 485 3024 536 οἱ
3050 484 3251 540 πολλοί,
3278 489 3368 540 Διὸ
3394 493 3486 544 καὶ
3515 493 3762 562 ἐπήγαγε

2097 556 2301 625 λέγων·
2347 559 2480 612 Ἀπὸ
2530 558 2648 612 τῶν
2679 559 2920 628 καρπῶν
2968 562 3165 617 αὐτῶν
3214 556 3764 634 ἐπιγνώσεσθεἀὺ-

2095 639 2255 701 τούς.
2291 637 2448 708 Παρὰ
2476 639 2610 718 -γὰρ
2651 643 2951 718 αἱρετικοῖς
2990 641 3102 718 ἔστι
3149 643 3408 709 πολλάκις
3439 649 3532 700 καὶ
3566 650 3612 680 ²⁸
3651 649 3763 718 βίον

2096 718 2310 787 εὑρεῖν·
2350 716 2500 787 παρὰ
2542 718 2597 770 δέ
2629 718 2860 783 τούτοις,
2895 713 2975 781 οἷς
3017 716 3189 784 εἷπον,
3236 722 3502 792 οὐδαμῶς.
3540 727 3605 778 Τί
3648 713 3759 791 οὖν,

2097 796 2281 864 φησὶν,
2309 795 2373 849 ἂν
2410 799 2502 849 καὶ
2535 798 2592 848 ἐν
2623 796 2831 861 τούτοις
2866 799 3298 869 ὑποκρίνωνται;
3335 802 3492 857 Ἀλλὰ
3527 803 3762 858 ἁλώσον-

2093 892 2199 954 ταιλ
2221 875 2436 954 ῥᾳδίως.
2467 875 2701 946 Τοιαύτη
2729 877 2890 948 γὰρὴ
2922 878 3023 948 τῆς
3052 879 3167 932 ὁδοῦ
3199 879 3398 950 ταύτης
3421 883 3464 913 ³⁷
3486 881 3668 949 φύσις,
3695 885 3762 954 ῆν

2094 952 2353 1006 ἐκέλευσα
2385 953 2636 1022 βαδίζειν,
2669 956 2922 1019 ἐπίπονος
2946 958 3037 1009 καὶ
3073 958 3321 1030 μοχθηρά
3343 974 3358 989 ·
3385 962 3412 1013 6
3455 960 3511 1013 δὲ
3544 952 3765 1033 ὑποκρ-ι·

2092 1033 2192 1102 τὴς
2226 1037 2409 1086 πονεῖν
2447 1035 2545 1086 οὐκ
2575 1034 2641 1088 ἂν
2668 1035 2860 1099 ἕλοιτο,
2887 1036 3001 1088 ἀλλ’
3031 1038 3432 1092 ἐπιδείκνυσθαι
3461 1040 3618 1108 μόνον
3637 1063 3651 1073 ·
3683 1043 3762 1095 διὸ

2093 1113 2186 1164 καὶ
2220 1112 2499 1184 ἐλέγχεται
2532 1115 2748 1185 ῥᾳδίως.
2793 1116 3010 1186 Ἐπειδὴ
3046 1117 3152 1188 γὰρ
3194 1115 3379 1184 εἶπεν,
3429 1120 3510 1172 ὅτι
3552 1122 3764 1190 Ὀλίγοι

2092 1191 2251 1244 εἰσίν
2285 1196 2336 1245 οί
2365 1195 2753 1261 εὑρίσκοντες
2783 1195 2997 1263 αὐτὴν,
3027 1197 3343 1268 ἐκκαθαίρει
3377 1199 3537 1252 πάλιν
3567 1202 3760 1265 αὐτοὺς

2093 1271 2200 1323 ἀπὸ
2234 1272 2342 1325 τῶν
2368 1274 2466 1343 οὐχ
2511 1275 2874 1345 εὑρισκόντων
2917 1277 3036 1346 μὲν,
3076 1279 3518 1348 ὐποκρινομένων
3555 1281 3631 1344 δὲ,
3666 1299 3758 1333 κε-

2092 1349 2261 1402 λεύων
2289 1353 2362 1422 μὴ
2391 1354 2515 1414 τοὺς
2542 1344 2610 1405 τά
2639 1344 2954 1423 προσωπεῖα
2980 1344 3392 1426 περίκειμένούς
3420 1358 3577 1427 μόνον
3607 1363 3758 1430 ὁρᾷν,

2093 1427 2230 1506 άλλά
2279 1431 2403 1491 τοὺς
2450 1429 2586 1499 μετὰ
2632 1431 2888 1500 ἀληθείας
2932 1433 3210 1501 μετιόντας
3261 1435 3450 1506 αὐτήν.
3486 1438 3595 1489 Καὶ
3618 1427 3760 1502 τίνος

2093 1505 2276 1559 ’ἑνεκεν
2308 1508 2366 1586 οὐ
2395 1508 2721 1578 καταδήλους
2750 1511 2946 1572 αὐτοὺς
2980 1512 3223 1581 ἐποίησε,
3259 1505 3442 1584 φησῖν,
3471 1515 3583 1567 ἀλλ’
3613 1518 3760 1586 ἡμᾶς

2090 1587 2168 1648 είς
2185 1586 2284 1656 τὴν
2306 1585 2527 1656 ἔρευναν
2544 1587 2795 1662 ἐνέϐαλεν
2811 1589 2927 1621 ’Μ’
2947 1607 2962 1654 ;
3008 1590 3123 1642 ’Ἰνα
3139 1591 3522 1662 γρηγορῶμεν,
3539 1585 3763 1647 καὶέναο

2088 1665 2272 1732 γώνιοι
2298 1666 2585 1728 διαπαντὸς
2613 1660 2784 1737 ὦμεν,
2813 1667 2886 1737 μὴ
2915 1669 3040 1731 τοὺς
3062 1660 3330 1740 φανεροὺς
3356 1660 3512 1739 μόνον
3531 1673 3594 1736 ³⁸,
3628 1673 3760 1726 ἀλλὰ

2089 1743 2181 1822 καὶ
2210 1746 2335 1807 τοὺς
2359 1746 2765 1816 κρυπτομένους
2791 1746 3016 1817 ἐχθροὺς
3040 1748 3432 1817 φυλαττόμενοι
3453 1765 3466 1778 ·
3494 1749 3699 1822 οὕσπερ
3715 1753 3758 1782 ³³

2087 1819 2181 1875 οὖν
2213 1823 2308 1876 καὶ
2341 1825 2368 1875 ὁ
2393 1824 2603 1886 Παῦλος
2632 1825 3000 1894 αἰνιττόμενος
3031 1825 3235 1893 ἔλεγεν,
3270 1829 3350 1880 ὅτι
3384 1826 3462 1896 Τῇ
3502 1819 3760 1898 χρηστο-

2087 1903 2260 1970 λογίιι
2284 1902 2628 1965 ἐξαπατῶσι
2660 1905 2768 1966 τὰς
2808 1904 3051 1970 καρδίας
3082 1905 3202 1958 τῶν
3231 1906 3491 1960 ἀκάκων.
3525 1909 3616 1978 Μὴ
3647 1910 3759 1962 τοί-

2089 1995 2181 2029 νυν
2216 1979 2591 2050 θορυϐώμεθα,
2626 1981 2847 2034 ἐπειδὰν
2879 1983 3106 2046 πολλοὺς
3137 1983 3337 2053 ἴδωμεν
3369 1986 3640 2051 τοιούτους
3668 1989 3760 2041 καὶ

2089 2055 2182 2109 νῦν
2199 2057 2374 2122 ὄντας.
2399 2060 2508 2112 Καὶ
2529 2060 2636 2130 γὰρ
2661 2063 2754 2113 καὶ
2775 2059 2932 2113 τοῦτο
2949 2065 3208 2131 προεῖπεν
3224 2063 3429 2117 ἄνωθεν
3449 2067 3476 2117 6
3507 2063 3757 2134 Χριστός.

2160 2137 2223 2200 ζ’.
2267 2139 2373 2190 Καὶ
2402 2139 2503 2208 ὅρα
2531 2139 2629 2209 τὴν
2661 2141 2992 2210 ἡμερότητα.
3023 2141 3155 2194 Οὐδὲ
3183 2142 3292 2213 γάρ
3315 2138 3456 2207 εἷπε,
3480 2144 3758 2200 Κολάσατε

2089 2217 2302 2279 αὐτοὺς,
2331 2217 2488 2278 ἀλλὰ,
2537 2218 2626 2288 Μὴ
2660 2219 2890 2289 βλαϐῆτε
2933 2219 3061 2290 παρ’
3106 2221 3307 2284 αὐτῶν,
3345 2222 3418 2292 μὴ
3458 2223 3759 2290 ἀφύλακτοι

2089 2296 2270 2358 αὐτοῖς
2322 2297 2675 2366 περιπέσητε.
2725 2293 2880 2364 Εἶτα,
2923 2298 3010 2350 ἵνα
3049 2299 3122 2368 μὴ
3165 2299 3349 2370 λέγῃς,
3383 2301 3463 2353 ὅτι
3502 2301 3758 2353 ἀδύνατον

2087 2374 2384 2438 ἐπιγνῶναι
2422 2377 2549 2439 τοὺς
2595 2375 2887 2440 τοιούτους,
2933 2378 3093 2430 πάλιν
3139 2379 3395 2450 λογισμὸν
3435 2380 3542 2432 ἀπὸ
3581 2397 3760 2451 παρα-

2086 2452 2372 2522 δείγματος
2399 2453 2738 2518 ἀνθρωπίνου
2764 2457 2996 2526 τίθησιν,
3023 2455 3166 2510 οῦτω
3198 2458 3399 2525 λέγων·
3426 2459 3579 2523 Μήτι
3608 2465 3758 2514 συλ-

2086 2533 2376 2599 λέγουσιν
2407 2535 2527 2588 dm)
2561 2535 2840 2589 ἀκανθῶν
2877 2538 3230 2604 στραφυλὰς
3253 2538 3318 2602 ³²,
3350 2538 3386 2605 ἢ
3423 2539 3541 2591 ἀπὸ
3568 2541 3758 2607 τριϐό-

2087 2614 2213 2664 λων
2260 2612 2456 2674 σῦκα;
2509 2613 2670 2666 Οὕτω
2732 2612 2856 2667 πᾶν
2905 2613 3157 2681 δένδρον
3205 2616 3430 2685 ἀγαθὸν
3491 2617 3758 2685 καρποὺς

2089 2692 2312 2758 καλοὺς
2333 2693 2516 2746 ποιεῖ·
2542 2693 2608 2746 τὸ
2640 2693 2708 2746 δὲ
2736 2694 2974 2763 σαπρὸν
3002 2695 3254 2764 δένδρον
3274 2696 3539 2764 καρποὺς
3572 2714 3757 2764 πονη-

2083 2771 2230 2838 ροὺς
2279 2772 2450 2825 ποιεῖ.
2497 2775 2578 2826 Οὐ
2625 2772 2872 2826 δύναται
2922 2773 3174 2841 δένδρον
3217 2775 3442 2843 ἀγαθὸν
3493 2777 3759 2843 καρποὺς

2088 2849 2390 2917 πονηροὺς
2437 2851 2657 2914 ποιεῖν,
2711 2852 2855 2905 οὐδὲ
2899 2851 3152 2921 δένδρον
3201 2854 3438 2922 σαπρὸν
3492 2855 3758 2923 καρποὺς

2088 2931 2314 2995 καλοὺς
2360 2931 2571 2986 ποιεῖν.
2630 2933 2693 2983 Ὃ
2747 2932 2804 2984 δὲ
2855 2932 3023 3000 λέγει,
3072 2933 3310 2986 τοιοῦτόν
3363 2934 3540 2988 ἐστιν·
3593 2935 3757 2988 Οὐδὲν

2087 3009 2300 3078 ἔχουσιν
2331 3009 2559 3081 ἥμερον,
2591 3009 2711 3061 οὐδέ
2751 3011 2954 3077 γλυκύ·
2997 3012 3158 3084 μέχρι
3196 3013 3295 3082 τῆς
3327 3012 3487 3081 δορᾶς
3517 3013 3578 3065 τὸ
3618 3015 3754 3084 πρό-

2087 3089 2250 3142 ϐατον
2271 3107 2283 3117 ·
2320 3090 2399 3142 διὸ
2426 3091 2520 3143 καὶ
2546 3090 2696 3161 1294]
2719 3090 2938 3154 εὕκολος
2963 3094 2996 3162 η
3027 3092 3334 3160 διάγνωσις.
3369 3093 3477 3145 Καὶ
3507 3092 3591 3145 ἵνα
3621 3093 3755 3163 μηδέ

2085 3169 2146 3221 τὸ
2191 3169 2349 3238 τυχὸν
2385 3171 2681 3242 ἐνδοιάζῃς,
2718 3174 2973 3238 φυσικαῖς
3005 3174 3272 3238 ἀνάγκαις
3319 3173 3655 3243 παραϐάλλει
3687 3175 3755 3227 τά

2085 3246 2186 3299 οὐκ
2231 3249 2578 3320 ἐγχωροῦντα
2612 3250 2786 3314 ἄλλως
2826 3251 3096 3318 γενέσθαι.
3143 3251 3321 3319 Ὅπερ
3350 3251 3444 3304 καὶ
3486 3253 3513 3304 6
3546 3251 3754 3315 Παῦλος

2086 3325 2271 3393 ἔλεγε·
2335 3328 2405 3380 Τὸ
2451 3329 2558 3397 γὰρ
2598 3334 2871 3398 φρόνημα
2914 3329 3024 3397 τῆς
3065 3331 3312 3396 σαρκὸς,
3356 3331 3637 3396 θάνατος·
3675 3331 3755 3395 τῷ

2085 3405 2196 3472 γὰρ
2247 3407 2408 3474 νόμῳ
2453 3409 2557 3462 τοῦ
2605 3408 2752 3463 Θεοῦ
2803 3412 2915 3477 οὑχ
2958 3409 3403 3464 ὑποτάσσεται·
3452 3409 3593 3462 οὐδὲ
3646 3412 3754 3478 γὰρ

2083 3483 2353 3538 δύναται.
2400 3487 2462 3538 EE
2523 3487 2580 3540 δὲ
2629 3488 2878 3560 δεύτερον
2935 3490 2994 3541 τὸ
3029 3489 3160 3541 αὐτὸ
3202 3487 3440 3558 τίθησιν,
3489 3489 3587 3540 οὐκ
3641 3489 3754 3542 ἐστι

2082 3565 2422 3632 ταυτολογία.
2458 3566 2574 3619 Ἵνα
2601 3568 2708 3639 γὰρ
2751 3571 2823 3640 μή
2858 3587 2941 3632 τις
2967 3568 3116 3641 εἴπῃ,
3147 3569 3230 3621 ὅτι
3272 3567 3331 3619 τὸ
3364 3567 3595 3637 πονηρὸν
3639 3566 3754 3619 δέν-

2081 3643 2207 3713 δρον
2251 3644 2405 3713 φέρει
2453 3646 2549 3715 μὲν
2585 3651 2831 3718 καρποὺς
2867 3650 3157 3720 πονηροὺς,
3194 3647 3347 3718 φέρει
3380 3647 3434 3699 δέ
3481 3647 3574 3700 καὶ
3617 3649 3753 3716 ἀγα-

2044 3758 2046 3760 τ
2083 3720 2241 3785 θούς,
2291 3725 2385 3776 καὶ
2434 3724 2688 3780 δύσκολον
2731 3731 2876 3780 ποιεῖ
2907 3728 3004 3798 τὴν
3048 3728 3366 3794 διάγνωσιν,
3415 3726 3610 3796 διπλῆς
3655 3727 3753 3796 τῆς

2083 3803 2255 3870 φορᾶς
2298 3800 2464 3872 οὐσης
2489 3821 2502 3835 ·
2539 3805 2638 3858 οὐκ
2686 3806 2834 3870 ἐστι,
2894 3809 3044 3875 φησὶ,
3103 3807 3289 3859 τοῦτο·
3328 3807 3602 3876 πονηροὺς
3643 3805 3751 3874 γάρ

2083 3881 2237 3950 φέρει
2274 3882 2452 3950 μόνον,
2489 3886 2580 3936 καὶ
2630 3886 2867 3953 ἀγαθοὺς
2900 3888 2996 3938 οὐκ
3032 3888 3095 3940 ἄν
3123 3903 3249 3938 ποτε
3279 3887 3518 3953 ἐνέγκοι·
3563 3886 3752 3956 ὥσπερ

2080 3958 2172 4013 οὖν
2207 3961 2298 4014 καὶ
2348 3962 2408 4014 τὸ
2449 3964 2706 4016 ἐναντίον.
2744 3965 2808 4016 Τί
2854 3961 2977 4029 οῧν;
3026 3965 3125 4017 οὐκ
3159 3965 3304 4016 ἔστιν
3347 3965 3486 4034 ἀνὴρ
3526 3965 3748 4031 ἀγαθὸς,

2080 4041 2363 4108 γινόμενος
2411 4043 2678 4111 πονηρός;
2735 4043 2845 4096 Καὶ
2890 4044 3198 4095 τούναντίον
3249 4041 3408 4094 πάλιν
3464 4043 3613 4103 ἐστὶ,
3657 4045 3751 4095 καὶ

2080 4118 2290 4170 πολλῶν
2327 4121 2354 4170 6
2396 4120 2508 4189 βίος
2549 4121 2806 4174 τοιούτων
2851 4122 3009 4190 γέμει
3060 4121 3534 4190 παραδειγμάτων.
3589 4121 3647 4174 Ὀ
3691 4122 3751 4175 δὲ

2077 4197 2312 4266 Χριστος
2337 4200 2394 4251 οὐ
2424 4199 2580 4252 τοῦτο
2610 4200 2775 4267 λέγει,
2802 4201 2880 4253 ὅτι
2909 4200 2998 4254 τὸν
3023 4202 3254 4271 πονηρὸν
3281 4202 3559 4270 ἀμήχανον
3587 4217 3750 4270 μετα-

2079 4277 2338 4330 ϐαλέσθαι
2365 4278 2489 4349 ³³,ἢ
2547 4280 2639 4332 τὸν
2682 4279 2885 4348 ἀγαθὸν
2942 4281 3040 4334 οὐκ
3075 4280 3152 4332 ἔνι
3205 4281 3564 4348 μεταπεσεῖν·
3608 4279 3744 4344 ἀλλ’,

2077 4355 2183 4420 ἐως
2214 4359 2279 4410 ἂν
2381 4361 2616 4431 πονηρίᾳ
2646 4360 2843 4424 συζῶν,
2876 4361 2938 4413 οὐ
2972 4362 3257 4430 δυνήσεται
3299 4360 3509 4430 καρπὸν
3543 4359 3746 4427 ἀγαθὸν

2079 4437 2336 4503 ἐνεγκεῖν.
2368 4439 2706 4493 Μεταϐαλεῖν
2721 4441 2837 4472 ³⁵·³⁵
2880 4443 2975 4510 μὲν
3023 4442 3131 4511 γὰρ
3171 4443 3250 4504 εἰς
3274 4441 3474 4512 ἀρετὴν
3524 4440 3746 4493 δύναται

2080 4516 2312 4585 πονηρὸς
2361 4517 2471 4569 ὢν·
2513 4520 2688 4589 μένων
2721 4521 2776 4573 δὲ
2822 4523 2878 4573 ἐν
2919 4523 3184 4592 πονηρίᾳ,
3231 4523 3442 4591 καρπὸν
3471 4521 3568 4574 οὐκ
3611 4521 3744 4572 οἴσει

2079 4597 2260 4649 καλόν.
2293 4599 2356 4650 Τί
2382 4594 2502 4658 οῦνξ
2536 4603 2563 4652 6
2582 4601 2742 4653 Δαυῒδ
2762 4601 2858 4653 οὐκ
2883 4601 2928 4630 ³⁸
2950 4602 3153 4668 ἀγαθὸς
3171 4600 3246 4653 ὢν
3271 4600 3505 4670 πονηρὸν
3533 4600 3744 4670 καρπὸν

2079 4675 2340 4742 ἧνεγκεν;
2383 4678 2516 4747 Οὐχὶ
2563 4679 2736 4747 μένων
2778 4679 3014 4745 ἀγαθὸς,
3059 4679 3191 4731 ἀλλὰ
3242 4678 3621 4748 μεταϐληθείς·
3669 4679 3745 4740 ὡς

2077 4755 2190 4820 εἴγε
2220 4753 2411 4826 ἔμενεν
2428 4758 2470 4788 ³⁷
2493 4758 2629 4826 ὅπερ
2654 4753 2720 4826 ἦν
2745 4757 3029 4826 διηνεκῶς,
3053 4759 3152 4810 οὐκ
3179 4757 3242 4810 ἂν
3270 4758 3480 4829 καρπὸν
3507 4757 3743 4810 τοιοῦτον

2077 4833 2323 4902 ἤνεγκεν.
2345 4836 2419 4887 Οὐ
2441 4835 2548 4905 γὰρ
2578 4835 2640 4891 δὴ
2674 4837 2847 4902 μένων
2879 4838 2934 4888 ἐν
2957 4839 3020 4907 τῇ
3051 4835 3160 4902 ἕξει
3182 4837 3224 4867 ³⁸
3243 4837 3339 4906 τῆς
3365 4839 3564 4908 ἀρετῆς
3597 4837 3744 4888 ἐτόλ-

2079 4929 2250 4982 μησεν
2268 4915 2410 4984 άπερ
2427 4916 2907 4984 ἐτόλμησε.Ταῦτα
2921 4917 2974 4968 δέ
2996 4917 3088 4968 καὶ
3101 4919 3224 4980 τοὺς
3240 4918 3425 4982 ἁπλῶς
3445 4917 3744 4971 διαϐάλλον-

2072 5009 2170 5054 τας
2187 4994 2550 5064 ἐπιστομίζων
2571 4995 2742 5064 ἔλεγε,
2764 4997 2858 5049 καὶ
2879 4997 2922 5026 ³⁸
2947 4996 3053 5049 τῶν
3088 4999 3411 5070 κακηγόρων
3427 4997 3654 5069 χαλινῶν
3677 4997 3743 5049 τὰ

372 5129 414 5159 ¹⁸
429 5126 790 5202 συνεϐάλλετο
903 5127 963 5181 F.
995 5135 1050 5202 οι
1072 5143 1170 5202 pgr
1287 5144 1342 5196 ι).
1376 5144 1432 5198 p.
1457 5130 1839 5202 παρεσκεύασε
1862 5131 1919 5184 Β.
1945 5130 1981 5184 F

2089 5132 2124 5163 ¹⁶
2142 5131 2234 5184 καὶ
2262 5146 2371 5184 om.
2407 5130 2467 5184 F.
2539 5132 2579 5162 '7
2597 5132 2782 5200 σαφῶς
2806 5148 2914 5187 om.
2937 5133 3000 5186 A.
3025 5135 3121 5190 Ge.
3159 5135 3200 5166 ¹⁸
3230 5135 3463 5188 ἐνταῦθα
3493 5133 3607 5202 καὶ]
3651 5135 3743 5188 καὶ

292 5196 678 5274 ἐνταῦθαῇΕρίη
693 5196 946 5274 ἐντεῦθεν
965 5196 1084 5250 καῖ’
1188 5199 1249 5274 _"
1267 5196 1645 5274 xgyﬁ709_£&g]_
1668 5201 1756 5254 Sic
1791 5203 1950 5274 codd.

2089 5202 2241 5274 λιζιηζ
2277 5202 2489 5274 άςείιίὶω
2529 5202 2622 5257 Ge.
2658 5196 2841 5274 άνοίας
2899 5203 3032 5258 Edd.
3108 5206 3152 5236 ²⁰
3175 5207 3401 5274 ἑαυτοὺς
3438 5220 3547 5256 om.
3589 5196 3644 5254 Β.
3679 5206 3738 5257 ιλ.

295 5267 357 5322 D.
392 5267 446 5321 F.
513 5267 555 5297 ²¹
720 5265 782 5338 τρ
805 5269 865 5338 (Σ.
905 5266 1207 5338 Κηγστενὴν]
1249 5268 1374 5322 add.
1398 5265 1570 5338 ἀὐτὴν
1604 5265 1662 5323 F.

1742 5273 1787 5303 ²²
1815 5273 1862 5324 οἱ
1893 5289 2002 5342 om.
2037 5273 2100 5342 Α.
2126 5271 2186 5325 C.
2213 5271 2274 5323 D.
2309 5271 2370 5324 Ε.
2401 5272 2594 5324 ὑποσκ.
2619 5271 2716 5342 τὴν
2751 5275 2866 5326 ἐκεῖ
2898 5293 2955 5342 φ.
2986 5276 3104 5327 ὁδόν
3130 5277 3265 5327 εἰσιν
3305 5273 3358 5342 ξ’.
3406 5274 3596 5342 ὐποσκ.
3638 5275 3737 5342 εἰσι

293 5339 392 5412 τῂν
415 5340 591 5412 ἐκεῖσε
621 5336 691 5412 φζ-
722 5336 926 5412 εἴσοδον
1143 5336 1219 5368 “²³
1254 5339 1475 5412 ἐκείνων
1519 5336 1598 5412 Β.Δ
1653 5341 1696 5412 ⁸-⁵
1723 5341 1928 5412 ἕτερον]
1953 5342 2045 5395 καὶ
2068 5341 2256 5412 ἕτερον
2284 5342 2418 5395 Edd.
2450 5357 2502 5410 ι).
2521 5358 2572 5410 p.
2607 5336 2762 5395 τοῦτο
2792 5336 2920 5399 οη].’
2939 5346 3000 5398 1).
3031 5345 3188 5398 τοῦτο
3223 5343 3278 5394 δὲ
3302 5338 3450 5412 ἦντὸ
3472 5341 3578 5392 τῶν
3604 5341 3651 5394 λ.
3680 5341 3718 5394 F

293 5409 341 5484 ξ
361 5407 640 5484 μέλλοντες
660 5409 814 5484 (Ieesl
832 5407 897 5484 in_
909 5408 1296 5484 poddlpraeler
1323 5408 1388 5460 A.
1422 5409 1688 5484 ἐναντίαν]
1729 5407 1945 5484 ἐναντία
1978 5459 1981 5465 .

2089 5407 2576 5484 καταπέσωσιξκαι
2610 5413 2686 5480 τῷ
2725 5415 2822 5484 τὴν
2855 5416 3101 5467 ἐναντίαν
3129 5416 3242 5484 τοῖς
3274 5407 3482 5484 πολλοῖς
3516 5412 3740 5484 εἰσιέναι

542 5478 698 5551 ’ξκαὶ
735 5493 863 5551 (Im:
882 5477 1013 5551 Mog.
1056 5477 1411 5551 Bcn.7_coinu_{a
1447 5479 1605 5551 comi.
1643 5475 1696 5534 ei
1725 5483 1830 5551 Ep.

1908 5485 1951 5514 ³⁷
1996 5482 2196 5550 ταύτης
2249 5498 2354 5535 nm.
2384 5483 2439 5534 E.
2487 5482 2547 5534 F.

2645 5480 3108 5536 ²⁸ο⁹⁹ἐνεκάλεσεν
3151 5483 3206 5534 F.
3309 5481 3352 5512 ³⁹
3377 5480 3566 5546 μόνους
3605 5481 3737 5536 Edd-

293 5549 335 5622 ξ]
366 5547 716 5622 οῦσπε-ρὶδίο
741 5547 921 5622 B._G_e.
957 5548 1145 5622 ῶσπερ
1178 5549 1343 5622 C._E_._
1361 5549 1533 5622 ὅσπερ
1556 5549 1615 5604 F.
1643 5547 1868 5622 ὅπερΛ.
1898 5553 1956 5606 D.
2040 5554 2083 5583 ³²
2113 5547 2386 5622 σταφυλὴν
2418 5553 2551 5606 Edd.
2631 5554 2675 5584 ³³
2700 5553 3121 5620 μεταϐάλλεσθαι
3151 5547 3453 5622 Ε.οὐκνὲννι]
3481 5550 3740 5604 ἀδύνατον

295 5617 431 5672 Edd.
507 5617 622 5649 “"5
657 5618 1053 5684 μεταϐαλέσθαι
1085 5617 1142 5671 ιο.

294 5690 338 5718 ³⁸
365 5687 500 5756 ἓξειι
528 5687 681 5752 τάξει
710 5687 768 5740 F.
870 5691 911 5720 ³⁹
946 5688 1130 5742 Ταῦτα
1165 5689 1239 5741 δέ.
1278 5730 1290 5742 .
1327 5731 1338 5742 .

1221 5620 1266 5650 ³⁸
1301 5618 1648 5681 Νειξιιιίοηριη
1685 5618 1793 5674 mi].
1819 5625 1880 5674 Λ.
1919 5624 1976 5676 1).

294 5827 668 5895 ἁντιλέξόντας
713 5829 804 5881 καὶ
843 5830 963 5892 τοὺς
1005 5831 1052 5884 ἁ.
1098 5830 1144 5883 δ.

2013 5630 2136 5691 post
2162 5621 2237 5674 ὢν
2275 5623 2539 5677 collocant
2559 5623 2614 5676 Β.
2664 5623 2721 5676 F.
2759 5631 2877 5691 post
2905 5623 3113 5690 καρπὸν
3135 5621 3196 5674 C.

1386 5689 1560 5756 ἔλεγε,
1585 5689 1708 5761 καὶ]
1736 5692 1791 5742 δέ
1821 5708 1928 5745 om.
1963 5691 1981 5742 ί

2089 5698 2119 5745 ι.
2167 5694 2225 5745 Ε.
2274 5693 2423 5761 ἔλεγε
2457 5709 2564 5746 om.
2601 5693 2662 5745 C.
2699 5689 2771 5744 Df
2807 5689 2991 5744 Ταῦτα
3025 5691 3081 5742 δέ
3116 5691 3401 5761 λέγεικαὶ
3439 5692 3562 5750 τούς
3601 5694 3652 5746 ά,
3690 5692 3736 5744 δ.

294 5756 678 5830 ἐπιστομίζων,
717 5759 806 5810 καὶ
867 5759 925 5812 Β.
967 5759 1152 5812 Ταῦτα
1182 5759 1238 5810 δέ
1273 5760 1363 5812 καὶ
1406 5761 1529 5822 τοὺς
1570 5760 1620 5812 ἀ.
1659 5756 1708 5814 δξ
1751 5762 2129 5830 ἐπιστομίζει,

459 5827 668 5895 Ξγοντας
713 5829 804 5881 καὶ
843 5830 963 5892 τοὺς
1005 5831 1052 5884 ἁ.
1098 5830 1144 5883 δ.
1200 5830 1582 5903 ἐπιστομίζων,
1615 5831 1703 5884 καὶ
1741 5833 1802 5887 .I.
1840 5827 1981 5887 N051!

2122 5833 2404 5887 lcclioncm
2443 5827 2602 5885 γει-ἰη
2629 5831 2721 5885 Ge.

3295 5621 3336 5650 ³⁷
3361 5620 3573 5688 ἔμεινεν
3604 5623 3737 5674 ΕιΜ.

2179 5763 2271 5814 καὶ
2315 5759 2380 5814 F.
2417 5763 2693 5832 Κέχρηται
2731 5762 2786 5813 δὲ
2828 5761 2902 5831 τῷ
2941 5761 3119 5832 λόγῳ,
3171 5759 3304 5831 ὁμοῦ
3345 5760 3440 5832 μὲν
3479 5763 3570 5814 καὶ
3617 5763 3738 5821 τοὺς
