4080 6138
481 260 582 312 517

473 377 617 426 enim
665 372 844 426 dicere
883 372 1054 442 possis
1074 414 1090 438 ,
1118 372 1522 429 Circumventus
1552 387 1670 426 sum
1699 382 1855 442 atque
1896 371 2056 428 dece-

475 473 595 530 ptus
622 481 636 516 :
665 477 785 516 nam
814 472 1113 516 accuratam
1143 464 1233 518 tibi
1261 463 1382 517 dedi
1409 479 1474 518 cx
1500 463 1751 531 operibus
1777 463 2014 517 notitiam
2040 506 2054 528 ,

471 557 662 625 jubens
692 570 785 623 per
811 554 954 622 ipsos
973 563 1121 608 actus
1141 553 1450 624 procedere,
1471 570 1644 627 neque
1660 554 1834 608 omnia
1861 562 2058 608 temere

476 646 706 699 turbare.
739 643 938 698 Deinde
964 647 1085 712 quia
1113 660 1216 698 non
1243 659 1334 698 eos
1357 645 1536 698 ulcisci
1555 645 1727 713 jussit,
1753 644 1844 698 sed
1871 659 2058 699 cavere

471 737 662 789 abillis
681 744 736 787 ut
753 750 845 789 eos
860 737 948 804 qui
966 736 1032 788 ab
1053 735 1156 788 illis
1180 735 1500 790 laederentur
1526 737 1846 801 consoletur,
1871 738 2057 792 simul-

472 844 574 896 que
598 835 652 881 ut
673 825 927 881 lzndentes
955 826 1222 880 deterreat
1241 828 1362 881 etin
1384 827 1600 881 meliora
1619 836 1910 888 convertat.
1940 844 2056 896 pm-

474 935 593 972 nam
612 919 678 973 ab
695 933 753 972 se
773 919 898 987 ipsis
921 917 1256 988 inlligendam
1279 920 1460 973 statuit
1486 928 1540 974 et
1567 920 1811 986 ﬁrmavit,
1844 920 2054 973 dicens:

472 1014 558 1066 l9.
581 1012 757 1064 Omnis
773 1010 941 1075 arbor,
955 1028 1067 1081 qua:
1081 1029 1177 1064 non
1191 1011 1312 1081 facit
1328 1016 1546 1082 fructum
1563 1013 1767 1079 bonum,
1782 1013 2054 1077 excidatur,

471 1113 516 1155 rt
559 1105 612 1156 in
653 1104 817 1172 ignem
845 1104 1084 1157 mittetur.
1116 1103 1313 1157 Deinde
1342 1118 1644 1157 sermonem
1673 1105 2054 1174 aliquantulum

475 1204 797 1261 temperans,
819 1193 1023 1247 intulit:
1041 1193 1129 1248 ΞΟ.
1151 1192 1318 1263 Igitur
1346 1211 1407 1246 ex
1424 1195 1669 1264 fructibus
1689 1212 1855 1248 eorum
1871 1213 2057 1264 cogno-

471 1286 615 1337 scetis
637 1301 739 1338 eos.
758 1283 836 1338 Ne
851 1293 1026 1338 autem
1044 1285 1510 1339 comminationem
1537 1287 1764 1340 maxime
1791 1286 2059 1340 videretur

475 1374 746 1437 inducere,
766 1375 913 1443 quasi
940 1390 1030 1442 per
1044 1373 1458 1428 admonitionem
1475 1385 1528 1430 et
1551 1377 1830 1430 consilium
1854 1378 2058 1431 videtur

473 1463 682 1520 illorum
713 1466 946 1519 anitnum
977 1481 1214 1520 movere.
1245 1465 1341 1520 llic
1367 1482 1492 1520 vero
1521 1467 1646 1520 nnhi
1675 1467 1887 1522 Iudaeos
1923 1471 2056 1522 sub-

472 1557 708 1610 iudieare
740 1555 964 1620 videtur,
1003 1557 1093 1626 qui
1127 1557 1256 1610 tales
1289 1557 1626 1625 proferebant
1662 1558 1883 1612 fruetus.
1909 1559 2059 1614 Ideo-

471 1661 574 1715 que
598 1645 819 1700 Joannis
843 1647 982 1700 dicta
1014 1648 1345 1710 memoravit,
1371 1663 1465 1716 per
1492 1649 1675 1702 eadem
1705 1649 1812 1718 ipsa
1846 1651 2055 1703 nomina

473 1737 788 1806 supplicium
823 1737 924 1792 illis
950 1737 1275 1792 describens.
1306 1738 1437 1791 Nam
1468 1746 1518 1792 et
1548 1739 1636 1792 ille
1673 1738 1786 1793 haec
1813 1739 2020 1794 dicebat
2040 1783 2054 1807 ,

474 1830 702 1883 securim
725 1870 740 1894 ,
770 1828 1015 1883 alborem
1051 1829 1396 1883 excidendam
1429 1837 1482 1882 et
1511 1832 1682 1898 ignem
1713 1828 2059 1898 inexstingni-

472 1918 634 1972 bilem
674 1918 777 1974 illis
809 1934 1237 1974 commemorans
1265 1918 1478 1991 (Matth.
1507 1923 1558 1975 5.
1594 1921 1703 1991 10).
1735 1921 2060 1990 V'ideturque

474 2027 576 2063 una
619 2021 818 2063 tantum
858 2025 1011 2078 pmna
1053 2026 1207 2076 esse,
1238 2027 1430 2080 nempe
1469 2013 1805 2076 combustio;
1841 2015 1885 2066 si
1933 2030 2059 2067 vero

472 2101 592 2169 quis
643 2105 756 2155 haec
797 2112 1042 2155 accurate
1072 2103 1348 2172 exploret,
1377 2103 1570 2171 duplex
1613 2103 1700 2157 hic
1743 2104 2058 2174 supplicium

473 2200 574 2246 est.
598 2191 729 2245 Nam
755 2193 842 2262 qui
868 2192 1214 2256 comburitur,
1233 2208 1264 2246 a
1287 2208 1449 2262 regno
1472 2193 1666 2246 excidit
1687 2196 1923 2257 omnino;
1949 2195 2060 2248 lncc

474 2298 602 2337 vero
630 2299 784 2353 ptena
814 2284 984 2351 major
1010 2294 1110 2338 est.
1137 2283 1268 2337 Novi
1307 2294 1454 2338 certe
1490 2286 1683 2339 multos
1707 2301 1771 2340 ex
1801 2286 2059 2356 gehennze

474 2385 677 2428 tantum
709 2376 922 2429 nomine
953 2375 1210 2441 horrere;
1238 2368 1334 2444 ego
1367 2385 1539 2429 tamen
1571 2377 1736 2430 multo
1762 2377 2060 2446 graviorem

475 2483 593 2522 esse
623 2483 832 2536 poenam
859 2468 996 2522 duco
1017 2483 1045 2520 a
1071 2468 1234 2538 gloria
1266 2467 1354 2520 illa
1379 2468 1644 2534 excidere,
1674 2485 1830 2538 quam
1861 2469 2062 2540 gehen-

475 2573 597 2611 nam
619 2557 799 2612 subire
816 2559 857 2612 '.
878 2557 933 2612 Si
958 2573 1082 2613 vero
1103 2559 1155 2612 id
1178 2572 1280 2612 non
1302 2560 1470 2629 possit
1490 2574 1736 2613 sermone
1755 2560 2061 2626 monstrari,

475 2650 605 2704 nihil
645 2653 855 2704 mirum.
883 2651 1066 2721 Neque
1102 2653 1243 2706 enim
1278 2653 1518 2706 novimus
1549 2653 1809 2706 bonorqu
1851 2653 2059 2704 illormu

477 2743 876 2809 beatitudinem,
899 2753 956 2797 ut
979 2744 1196 2812 perditae
1213 2744 1377 2814 ipsius
1403 2745 1671 2798 miseriam
1699 2744 2057 2798 aastimemus:

475 2834 735 2902 siquidem
769 2834 962 2888 Paulus
995 2876 1010 2901 ,
1034 2849 1121 2903 qui
1149 2835 1262 2889 haec
1294 2834 1456 2902 probe
1480 2843 1718 2900 noverat,
1743 2835 1943 2888 sciebat
1971 2851 2064 2888 ex-

475 2925 654 2978 cidere
680 2939 710 2978 e
737 2925 902 2994 gratia
930 2924 1130 2979 Christi
1153 2941 1261 2979 rem
1285 2939 1403 2979 esse
1429 2925 1666 2978 omnium
1692 2924 2061 2994 gravissimam

477 3014 619 3078 (Gal.
653 3016 705 3070 5.
740 3017 816 3086 4).
848 3016 915 3070 Et
942 3016 1042 3069 hoc
1072 3030 1170 3069 nos
1198 3030 1408 3084 quoque
1452 3015 1682 3069 sciemus
1702 3055 1717 3080 ,
1746 3030 1868 3068 cum
1897 3015 1948 3068 in
1981 3015 2058 3068 rei

477 3109 899 3177 experimentum
931 3108 1291 3162 inciderinms.

551 3201 584 3255 8
628 3199 881 3264 Quantum
912 3201 974 3252 sit
1006 3200 1194 3251 malum
1226 3199 1452 3252 excidere
1476 3216 1506 3250 α
1532 3214 1685 3268 regno
1717 3197 1810 3251 Dei
1835 3197 2063 3266 exemplo

475 3293 824 3345 adumbratur.
851 3288 1073 3343 Christus
1103 3289 1244 3342 nobis
1283 3289 1450 3342 omnia
1485 3298 1574 3342 est.
1603 3319 1672 3328 --
1699 3286 1803 3342 Sed
1839 3288 1970 3342 faxis
1999 3303 2064 3341 ne

478 3387 580 3440 hoc
611 3385 892 3454 patiamur,
915 3399 948 3437 o
975 3383 1244 3452 unigenite
1271 3382 1365 3436 Dei
1397 3382 1518 3445 Fili,
1544 3397 1718 3451 neque
1747 3380 2063 3435 intolerandi

479 3478 632 3531 istius
696 3476 938 3545 supplicii
995 3489 1247 3544 umquam
1297 3475 1719 3544 experimentum
1771 3489 2062 3528 sumamus.

479 3569 746 3634 Quantum
769 3567 911 3621 enim
939 3567 1006 3620 sit
1036 3566 1231 3620 malum
1259 3581 1287 3618 a
1315 3565 1470 3620 bonis
1498 3565 1602 3620 illis
1629 3565 1897 3631 excidere,
1922 3565 2066 3618 clare

480 3660 724 3726 cognosci
749 3659 948 3727 nequit.
974 3658 1218 3711 Attamen
1239 3671 1334 3726 pro
1357 3657 1491 3710 virili
1515 3671 1630 3710 mea
1655 3656 1887 3710 conabor
1908 3663 2066 3723 atque

478 3750 815 3815 contendam,
837 3749 937 3804 hoc
955 3749 1106 3802 vobis
1131 3763 1224 3817 per
1251 3748 1552 3817 exemplum
1584 3749 1772 3801 saltem
1802 3747 2062 3800 tantillum

480 3852 796 3896 monstrare.
827 3841 1200 3911 Supponamus
1228 3855 1345 3895 esse
1372 3841 1604 3910 puellum
1630 3840 1944 3903 mirabilem,
1976 3841 2064 3908 qui

479 3935 674 3988 virtute
700 3933 897 3988 floreus
934 3933 1092 3987 totius
1119 3931 1276 3986 etiam
1308 3933 1454 3987 orbis
1480 3933 1760 4000 imperium
1787 3932 2062 3995 obtineat,

481 4035 728 4096 tantaque
755 4027 950 4079 virtute
972 4024 1270 4094 pra'ditum,
1297 4034 1354 4078 ut
1373 4024 1542 4093 possit
1563 4025 1802 4078 omnium
1820 4023 2064 4077 affectum

481 4119 532 4171 in
561 4132 618 4172 se
645 4120 714 4171 ita
740 4132 1080 4172 commovere
1103 4156 1116 4180 ,
1151 4124 1208 4168 ut
1235 4115 1470 4169 universi
1506 4115 1657 4168 illum
1689 4125 1908 4184 paterno
1942 4114 2064 4168 dili-

482 4218 607 4280 gant
633 4225 834 4263 amore.
870 4208 1006 4274 Quid
1040 4223 1146 4262 non
1178 4209 1374 4277 putatis
1401 4219 1604 4276 patrem
1629 4207 1744 4275 ejus
1786 4222 2066 4275 passurum

481 4317 619 4366 esse,
654 4317 720 4356 ne
746 4301 864 4355 talis
890 4301 983 4356 ﬁlii
1014 4301 1250 4369 privetur
1269 4298 1707 4367 colloquio?quid
1735 4307 1823 4351 aut
1849 4312 2066 4366 parvum

483 4403 572 4447 aut
598 4409 845 4462 magnum
881 4394 1001 4446 mali
1032 4408 1135 4445 non
1167 4401 1536 4460 suscepturum
1558 4431 1572 4455 ,
1603 4401 1657 4442 ut
1683 4389 1830 4442 illum
1858 4390 2064 4451 videat,

484 4487 681 4554 illoque
712 4486 1054 4554 perfruatur?
1077 4485 1189 4539 Hoc
1216 4486 1374 4554 igitur
1393 4491 1448 4538 et
1472 4482 1539 4536 de
1564 4483 1730 4548 gloria
1756 4483 1843 4535 illa
1872 4483 2067 4552 cogite-

485 4593 624 4632 mus.
650 4577 827 4646 Neque
856 4577 997 4630 enim
1027 4575 1166 4630 ﬁlius
1190 4574 1519 4645 quantalibet
1546 4575 1740 4627 virtute
1765 4573 2066 4638 decoretur,

487 4670 559 4722 ita
585 4669 718 4736 patri
747 4668 1116 4723 desiderabilis
1141 4678 1194 4722 et
1219 4667 1461 4720 amabilis
1487 4673 1588 4728 est,
1614 4676 1670 4718 ut
1697 4673 1894 4718 sortem
1929 4663 2068 4716 illam

489 4762 748 4812 bonorum
796 4759 1037 4828 accipere
1061 4800 1076 4823 ,
1104 4773 1166 4812 ac
1205 4757 1435 4821 resolvi,
1469 4765 1523 4810 et
1551 4771 1668 4810 esse
1696 4771 1815 4809 cum
1858 4753 2072 4808 Christo

489 4851 746 4922 (Philipp.
770 4853 820 4908 1.
842 4851 960 4920 2'5).
986 4850 1338 4911 lntolerabilis
1363 4849 1557 4918 quippe
1582 4857 1666 4901 est
1692 4846 1776 4899 illa
1804 4845 2068 4915 gehenna,

488 4947 685 5016 illaque
712 4959 885 5014 ptena.
912 4945 1158 4997 Attamen
1189 4942 1312 4997 licet
1338 4942 1480 4995 mille
1504 4940 1622 5010 quis
1651 4938 1920 5006 gehennas
1949 4953 2072 5004 pro—

487 5038 723 5109 posuerit
749 5077 765 5101 ,
796 5036 922 5088 nihil
957 5035 1058 5088 tale
1085 5034 1322 5088 dicturus
1351 5041 1466 5098 est,
1495 5031 1651 5099 quale
1689 5037 1773 5085 est
1809 5043 1875 5082 ex
1919 5027 2070 5082 beata

489 5137 575 5190 illa
603 5132 850 5188 excidere
888 5129 1053 5198 gloria
1078 5168 1092 5191 ,
1127 5126 1339 5182 Christo
1363 5141 1581 5181 exosum
1609 5138 1728 5179 esse
1752 5165 1768 5185 ,
1800 5121 1984 5175 audire
2007 5120 2073 5171 ab

492 5227 584 5280 illo
610 5266 626 5290 ,
660 5222 782 5277 Non
827 5222 939 5274 novi
977 5235 1064 5273 vos
1104 5217 1313 5289 (Matth.
1343 5217 1433 5272 25.
1477 5216 1587 5286 12),
1625 5212 1899 5276 accusari,
1931 5211 2071 5279 quod

492 5320 811 5373 esurientem
838 5315 985 5367 illum
1008 5327 1128 5365 cum
1152 5309 1472 5372 videremus,
1489 5308 1662 5362 cibum
1683 5303 2070 5375 negaverimus.

496 5408 702 5463 Etenim
734 5405 925 5459 melius
952 5411 1032 5456 est
1061 5399 1204 5453 mille
1232 5396 1535 5451 fulminibus
1561 5395 1735 5459 obrui,
1768 5409 1924 5463 quam
1956 5393 2073 5444 vul-

495 5511 605 5554 tum
636 5499 782 5551 illum
812 5503 1146 5549 mansuetum
1174 5488 1354 5542 videre
1379 5502 1475 5540 nos
1501 5494 1857 5551 aversantem,
1885 5495 1939 5538 et
1965 5481 2074 5551 pla-

557 5654 572 5684 ί
611 5655 691 5702 uir
715 5653 850 5702 Iocus
865 5653 935 5700 sic
961 5650 1142 5711 legitur
1166 5642 1534 5711 iuptorel._,_cgo
1554 5647 1709 5692 (auten
1741 5638 2072 5705 gravissimam

494 5728 594 5766 esse
611 5728 799 5777 pecuum
821 5715 944 5764 duco
968 5727 995 5762 (ι
1013 5704 1168 5776 gloria
1194 5708 1277 5758 illa
1300 5704 1544 5757 excidere.

1409 256 1474 310 IN
1513 256 1918 311 MATTIIAEUM
1961 253 2186 310 IIOMlI..
2233 258 2418 314 XXIII.
2458 267 2525 322 al.
2567 269 2755 326 XXIV.

3639 288 3738 340 518

2165 376 2339 432 cidum
2373 383 2584 437 oculum
2616 401 2711 440 nos
2741 389 2977 459 aspicere
3006 408 3108 447 non
3139 396 3509 453 sustinentem.
3539 398 3666 453 Nam
3696 403 3738 453 si

2166 484 2251 524 me
2278 471 2363 525 ille
2393 473 2661 528 inimicum
2690 494 2748 532 se
2777 479 2900 533 odio
2927 483 3206 538 habentem
3235 497 3289 541 et
3312 497 3642 544 aversantem
3671 491 3738 542 ita

2171 569 2492 627 prosecutus
2507 570 2610 626 est,
2633 570 2687 615 ut
2707 579 2803 617 nec
2826 564 2925 617 sibi
2946 566 3046 634 ipsi
3062 580 3328 633 parceret,
3349 573 3440 626 sed
3455 588 3512 627 se
3524 575 3588 626 ad
3604 590 3745 627 mor-

2171 659 2274 704 tem
2293 653 2546 715 traderet;
2565 669 2686 706 cum
2701 664 2823 721 post
2839 657 2928 710 illa
2943 661 3123 714 omnia
3138 665 3503 718 necesurienti
3523 667 3738 736 quidem

2163 754 2352 808 panem
2384 743 2655 812 porrigere
2681 745 2926 813 dignatus
2955 747 3122 816 fuero,
3154 751 3347 820 quibus
3375 754 3588 808 demum
3619 772 3742 809 ocu-

2166 831 2230 884 lis
2277 831 2446 898 ipsum
2496 836 2814 902 respiciam?
2845 837 2938 890 llic
2967 854 3095 892 vero
3140 843 3406 911 perpende
3443 845 3558 911 ejus
3589 861 3742 898 titan-

2162 919 2516 976 suetddinem.
2546 923 2725 993 Neque
2751 927 2892 980 enim
2923 928 3172 983 beneﬁcia
3215 947 3307 985 sua
3335 945 3741 998 commemorat,

2165 1029 2334 1082 neque
2367 1027 2436 1080 te,
2467 1018 2548 1069 cui
2581 1026 2656 1071 tot
2687 1019 2822 1072 bona
2855 1023 3099 1083 contulit,
3133 1023 3276 1077 illum
3307 1026 3582 1092 despicere
3611 1043 3744 1096 que-

2163 1106 2314 1156 ritur.
2345 1105 2526 1176 Neque
2553 1109 2691 1160 enim
2723 1109 2850 1163 dicit
2874 1128 2887 1162 :
2912 1111 3063 1165 Mene
3088 1113 3334 1181 despicis,
3364 1117 3452 1184 qui
3487 1126 3538 1170 te
3567 1133 3630 1170 ex
3663 1119 3743 1170 ni-

2165 1196 2274 1249 hilo
2303 1198 2543 1265 produxi,
2572 1201 2659 1269 qui
2690 1202 2780 1255 tibi
2807 1203 3035 1256 animam
3066 1205 3344 1271 insufflavi,
3377 1209 3465 1276 qui
3502 1220 3550 1264 te
3569 1213 3740 1264 omni-

2161 1287 2275 1350 bus,
2306 1305 2423 1357 quae
2447 1290 2496 1342 in
2528 1299 2665 1344 terra
2692 1301 2833 1358 sunt,
2857 1293 3087 1361 pra'feci,
3111 1297 3196 1364 qui
3221 1308 3434 1366 propter
3461 1309 3512 1352 te
3533 1301 3743 1365 etclam,

2165 1388 2358 1432 terram
2380 1420 2394 1444 ,
2426 1395 2601 1443 mare,
2635 1397 2811 1434 aerem
2833 1424 2848 1447 ,
2879 1393 2933 1436 et
2961 1387 3135 1437 omnia
3162 1403 3280 1453 qua:
3310 1386 3572 1442 exsistunt
3603 1391 3700 1444 feci
3731 1432 3743 1455 ,

2162 1469 2250 1537 qui
2281 1486 2308 1522 a
2341 1479 2390 1522 te
2418 1470 2766 1524 inhonoratus
2810 1489 2925 1525 sum
2971 1483 3023 1527 et
3059 1475 3266 1528 diabolo
3296 1477 3452 1531 vilior
3475 1481 3747 1533 existima-

2166 1566 2250 1610 tus
2271 1600 2284 1623 ,
2319 1560 2404 1626 qui
2436 1574 2606 1627 neque
2636 1560 2714 1614 sic
2742 1561 2952 1627 destiti,
2983 1565 3073 1616 sed
3103 1565 3264 1617 millia
3297 1577 3415 1634 post
3455 1570 3566 1622 hare
3595 1570 3644 1622 in
3675 1572 3746 1623 tui

2160 1648 2380 1716 gratiam
2413 1651 2704 1718 excogitavi
2732 1694 2745 1715 ,
2778 1653 2866 1719 qui
2899 1645 3087 1707 servus
3114 1669 3233 1708 esse
3259 1657 3399 1708 volui
3423 1699 3436 1720 ,
3467 1659 3553 1726 qui
3581 1661 3748 1728 alapis

2162 1753 2353 1804 cazsus,
2381 1749 2668 1809 conspulus
2695 1751 2747 1796 et
2771 1746 2978 1796 occisus
3000 1757 3136 1809 smn,
3165 1755 3390 1798 mortem
3421 1763 3606 1816 passus
3637 1759 3746 1802 tur-

2163 1829 2432 1898 pissimam
2460 1832 2586 1899 ,qui
2631 1834 2788 1886 etiam
2833 1834 2886 1887 in
2931 1836 3062 1889 ca-lo
3111 1850 3204 1904 pro
3253 1845 3303 1890 te
3353 1840 3632 1908 StlppIiCt),
3661 1843 3749 1910 qui

2164 1919 2419 1986 Spiritum
2448 1921 2539 1972 tibi
2569 1922 2785 1991 largitus
2812 1937 2948 1990 smn,
2975 1925 3063 1993 qui
3089 1934 3136 1980 te
3161 1941 3324 1995 regno
3342 1928 3585 1996 dignatus
3607 1947 3746 1994 sum,

2163 2008 2250 2076 qui
2284 2009 2402 2061 talia
2433 2011 2651 2078 promisi
2682 2012 2771 2065 tibi
2797 2052 2812 2078 ,
2840 2013 2928 2082 qui
2957 2024 3113 2082 caput
3145 2025 3287 2068 tuum
3318 2033 3439 2071 esse
3473 2020 3632 2086 volui,
3660 2025 3749 2088 qui

2166 2113 2394 2167 sponsus
2425 2116 2564 2166 sum,
2593 2103 2774 2167 vestis,
2807 2104 3014 2169 domus,
3046 2106 3192 2160 radix
3217 2149 3232 2173 ,
3266 2123 3386 2162 esca
3408 2151 3422 2174 ,
3451 2119 3626 2180 potus,
3656 2128 3751 2180 pa-

2165 2199 2294 2252 stor,
2328 2207 2439 2256 rex,
2464 2192 2642 2258 frater,
2668 2196 2754 2264 qui
2778 2204 2828 2249 te
2855 2195 3104 2250 heredem
3126 2209 3180 2251 et
3205 2199 3523 2255 coheredem
3551 2204 3566 2233 ί
3589 2204 3748 2272 elegi,

2165 2281 2255 2348 qui
2295 2298 2358 2334 ex
2406 2283 2636 2337 tenebris
2677 2285 2741 2338 ad
2774 2290 3130 2354 potestatem"
3161 2289 3291 2344 lucis
3335 2300 3385 2344 te
3410 2291 3587 2345 eduxi.
3617 2294 3749 2347 Cum

2167 2371 2281 2426 lucc
2310 2382 2364 2427 et
2405 2375 2484 2427 his
2511 2374 2658 2443 plura
2687 2375 2866 2431 dicere
2895 2389 3114 2446 posset,
3148 2381 3278 2434 nihil
3308 2381 3410 2434 tale
3462 2383 3614 2436 dixit.
3645 2384 3749 2438 Sed

2166 2463 2330 2532 quid?
2357 2464 2539 2518 Solum
2569 2465 2697 2520 illud
2729 2469 2946 2536 protulit
2977 2479 3269 2538 peccatum.
3305 2472 3402 2527 Hic
3439 2489 3568 2528 vero
3613 2473 3752 2528 dile-

2165 2553 2394 2606 ctionem
2427 2555 2657 2609 ostendit
2685 2567 2737 2610 et
2761 2572 3018 2623 amorem,
3052 2576 3157 2628 quo
3185 2569 3234 2614 te
3260 2562 3616 2630 prosequitur.
3643 2563 3748 2616 Ne-

2165 2657 2268 2709 que
2302 2645 2443 2695 enim
2474 2643 2625 2709 dixit,
2652 2645 2724 2699 lte
2751 2646 2800 2698 in
2834 2647 3008 2716 ignem
3039 2657 3280 2717 paratum
3308 2651 3474 2714 vobis,
3498 2652 3614 2718 sed,
3649 2651 3752 2705 Ρα-

2167 2744 2329 2787 ratum
2352 2735 2570 2790 diabolo.
2601 2738 2857 2808 Priusque
2877 2739 3005 2794 dicit
3025 2757 3268 2810 quamam
3291 2743 3364 2796 illi
3392 2747 3750 2812 peccaverint.

2169 2844 2340 2898 neque
2388 2838 2562 2883 tamen
2600 2834 2776 2885 omnia
2817 2832 2995 2887 dicere
3039 2835 3302 2901 sustinet,
3331 2835 3424 2889 sed
3470 2851 3655 2905 pauca.
3688 2836 3754 2891 Et

2166 2928 2290 2972 ante
2317 2919 2414 2974 hos
2446 2921 2561 2975 illos
2586 2938 2738 2976 vocat
2760 2924 2849 2992 qui
2880 2925 3019 2978 bona
3046 2923 3304 2990 fecerunt,
3335 2934 3392 2980 ut
3418 2926 3544 2981 hinc
3569 2937 3752 2982 osten-

2167 3013 2319 3067 deret
2347 3028 2406 3066 se
2448 3025 2591 3068 recte
2619 3029 2886 3078 accuSare.
2916 3017 3124 3080 Quanto
3167 3032 3294 3087 ergo
3341 3019 3599 3088 supplicio
3640 3019 3756 3074 hare

2166 3101 2325 3155 verba
2373 3118 2476 3156 non
2523 3105 2626 3157 sint
2668 3106 2936 3159 suaviora?
2963 3107 3017 3161 Si
3060 3109 3178 3176 quis
3221 3109 3362 3162 enim
3412 3110 3680 3164 hominem
3723 3129 3751 3166 a

2167 3209 2273 3263 quo
2311 3192 2570 3247 beneﬁcio
2599 3196 2817 3249 affectus
2846 3197 2915 3250 sit
2940 3199 3260 3252 esurientem
3284 3199 3465 3253 videns
3489 3242 3504 3265 ,
3529 3217 3633 3254 non
3659 3201 3754 3254 de-

2168 3285 2385 3353 Spieiat;
2418 3287 2558 3354 quod
2605 3289 2648 3340 si
2688 3287 2979 3355 deSpiciat,
3012 3291 3362 3357 exprobratos
3393 3292 3566 3359 potius
3596 3292 3757 3360 eligat

2171 3375 2222 3428 in
2253 3383 2445 3428 terram
2469 3376 2668 3441 defodi,
2701 3393 2859 3446 quam
2891 3379 3098 3433 duobus
3124 3381 3206 3435 vel
3240 3383 3407 3436 tribus
3443 3383 3628 3436 amicis
3669 3393 3751 3438 te-

2169 3467 2337 3522 stibus
2361 3468 2481 3521 talia
2503 3470 2686 3524 audire
2714 3489 2724 3522 :
2760 3471 2882 3539 quid
2911 3487 3008 3526 nos
3040 3472 3300 3541 patiemur
3329 3484 3436 3527 toto
3467 3476 3595 3528 orbe
3622 3483 3757 3528 teste

2171 3561 2290 3614 talia
2322 3561 2619 3629 audientes,
2651 3580 2768 3632 qua)
2798 3580 2865 3618 ne
2896 3565 3107 3633 quidem
3134 3574 3259 3620 tunc
3285 3567 3374 3621 ille
3401 3567 3622 3631 diceret,
3650 3569 3750 3621 nisi

2169 3667 2382 3706 causam
2428 3654 2540 3722 ipse
2577 3669 2725 3708 suam
2757 3654 3045 3711 (lefeitdere
3077 3657 3273 3712 vellet?
3300 3658 3449 3724 Quod
3481 3659 3620 3712 enim
3651 3677 3754 3713 non

2171 3747 2500 3814 exprobrans
2538 3746 2589 3800 id
2620 3747 2707 3801 ille
2731 3748 2871 3802 dicat
2891 3790 2905 3813 ,
2933 3749 3025 3803 sed
3056 3764 3175 3803 sese
3206 3766 3462 3820 purgans,
3496 3761 3550 3804 et
3583 3761 3638 3804 ut
3665 3768 3755 3803 os-

2173 3836 2352 3890 tendat
2395 3853 2454 3890 se
2492 3853 2596 3891 non
2643 3837 2834 3893 frustra
2885 3838 2966 3892 vel
3007 3840 3122 3894 sine
3166 3857 3324 3895 causa
3369 3843 3578 3904 dicere,
3628 3841 3753 3895 Dis-

2172 3931 2332 3984 cedite
2375 3947 2406 3982 a
2438 3947 2534 3994 me,
2566 3931 2735 4000 palam
2767 3942 2848 3984 est
2890 3947 2954 3985 ex
2982 3932 3098 4000 ejus
3127 3933 3426 4001 ingentibus
3457 3933 3750 3987 beneficiis.

2173 4023 2300 4076 Nam
2333 4023 2376 4077 si
2405 4023 2729 4092 exprobrare
2760 4023 3054 4088 voluisset,
3089 4024 3178 4076 illa
3221 4023 3393 4077 munia
3425 4023 3476 4076 in
3521 4025 3751 4078 medium

2172 4115 2478 4169 adduxisset
2508 4132 2522 4168 :
2549 4130 2690 4169 nunc
2723 4123 2900 4169 autem
2938 4129 2998 4168 ea
3029 4114 3200 4168 solum
3241 4113 3367 4168 dicit
3407 4131 3524 4184 qua:
3570 4129 3756 4184 passus

2172 4219 2274 4263 CSI.

2245 4300 2298 4355 9.
2325 4299 2631 4354 Timeamus
2676 4299 2855 4368 itaque
2879 4341 2893 4367 ,
2925 4299 3144 4365 dilecti,
3172 4297 3288 4353 haec
3341 4299 3525 4354 audire
3577 4300 3756 4353 verba.

2173 4390 2290 4444 Non
2325 4399 2409 4446 est
2434 4391 2581 4444 lusus
2625 4389 2740 4444 hmo
2768 4390 2914 4453 vita;
2948 4390 3054 4443 imo
3072 4390 3254 4459 potius
3295 4388 3413 4444 hinc
3458 4390 3565 4443 vita
3613 4389 3762 4443 lusus

2175 4492 2277 4546 est,
2297 4482 2468 4537 futura
2489 4497 2618 4537 vero
2643 4499 2748 4536 non
2776 4482 2922 4536 lusus
2949 4491 3090 4536 sunt.
3114 4481 3272 4536 Forte
3289 4490 3463 4535 autem
3484 4497 3590 4536 non
3615 4480 3762 4535 lusus

2177 4586 2382 4632 tantum
2409 4585 2492 4631 est
2522 4576 2657 4641 vita,
2688 4575 2780 4629 sed
2809 4575 2924 4629 lusu
2950 4574 3203 4629 deterior.
3231 4573 3346 4627 Non
3379 4574 3520 4627 enim
3565 4572 3764 4626 desinit

2178 4672 2229 4723 in
2257 4670 2454 4734 risum,
2487 4667 2578 4722 sed
2623 4681 2871 4736 magnum
2916 4665 3075 4719 infert
3117 4666 3366 4718 dammtm
3396 4664 3461 4718 iis
3484 4705 3499 4730 ,
3531 4663 3620 4732 qui
3653 4679 3759 4716 non

2175 4755 2458 4823 diligenter
2479 4766 2654 4805 mores
2670 4766 2794 4803 suos
2815 4763 3136 4817 componere
3160 4748 3360 4801 volunt.
3392 4747 3447 4802 In
3469 4763 3574 4816 quo
3596 4747 3760 4812 enim,

2178 4859 2359 4914 quteso
2385 4884 2397 4906 ,
2427 4859 2455 4897 a
2505 4842 2684 4912 pueris
2723 4841 3028 4894 ludentibus
3059 4849 3114 4893 et
3142 4837 3330 4893 domos
3377 4837 3762 4893 atdificantibus

2176 4935 2471 4989 diﬂ‘erimus
2495 4973 2510 4997 ,
2537 4932 2629 5000 qui
2681 4930 2984 5000 splendidas
3030 4930 3389 4984 construimus
3427 4930 3571 4983 aedes
3595 4928 3618 4980 ?
3647 4943 3765 4996 qua:

2177 5027 2472 5083 differentia
2509 5026 2645 5079 inter
2691 5025 2812 5079 il!os
2840 5023 3160 5094 prandentes
3196 5033 3249 5078 et
3277 5038 3376 5078 nos
3417 5023 3554 5076 laute
3587 5019 3768 5073 convi-

2177 5122 2403 5176 vantes?
2430 5119 2580 5173 Nulla
2605 5160 2620 5184 ,
2660 5119 2760 5172 nisi
2809 5118 2859 5170 in
2900 5127 3156 5186 quantum
3200 5130 3299 5169 nos
3345 5111 3602 5181 supplicio
3646 5109 3763 5176 ple-

2179 5213 2354 5269 clendi
2395 5211 2448 5267 id
2487 5211 2727 5267 facimus.
2752 5210 2904 5279 Quod
2945 5211 2990 5264 si
3033 5208 3267 5264 nondum
3309 5206 3559 5259 harmnce
3586 5214 3764 5252 rerum

2181 5307 2435 5361 vilitatem
2481 5303 2833 5373 perspicimus
2857 5343 2871 5368 ,
2901 5318 3004 5356 non
3049 5308 3133 5355 est
3165 5294 3500 5356 mirandum;
3532 5288 3764 5343 nondum

2247 5573 2262 5599 ι
2300 5576 2407 5618 Haec
2430 5567 2596 5622 verba,
2621 5571 2666 5614 et
2687 5561 2985 5616 coheredem,
3010 5554 3190 5603 desunt
3213 5552 3260 5599 in
3279 5545 3466 5606 MoreI.,
3483 5542 3572 5594 sed
3594 5539 3762 5592 iualiis

2184 5633 2407 5682 omnibus
2426 5630 2683 5692 habentur.
2775 5684 2782 5691 _
2944 5677 2956 5692 Ι

2249 5668 2918 5753 ’ἷῖἦῆἦῗέῖὲἱριιιὶοηοηι
2940 5676 3080 5738 lucis;
3102 5687 3196 5724 non
3220 5668 3366 5720 male.
