4080 6138
352 173 458 229 319

343 289 527 352 -οξκίας
573 287 1008 356 οἰκοδομοῦντες;
1061 286 1113 338 τί
1159 284 1216 337 δὲ
1265 286 1798 357 ἀριστοποιουμένων
1846 288 2025 341 αὐτῶν

347 379 510 446 ἡμεῖς
533 377 580 428 οἱ
618 374 960 445 τρυφῶντες;
995 373 1180 436 Οὐδὲν,
1215 373 1353 443 πλὴν
1399 374 1521 425 ὅσον
1559 374 1695 442 μετά
1754 374 2024 437 κολάσεως

348 461 522 514 ταῦτα
550 462 880 531 πράττομεν.
906 460 970 513 Εἰ
999 459 1054 511 δὲ
1071 459 1280 511 οὐδέπω
1298 458 1607 528 συνορῶμεν
1629 458 1725 528 τὴν
1751 458 2023 512 εὐτέλειαν

346 549 454 600 τῶν
489 537 811 617 γινομένων,
843 546 1155 616 θαυμαστὸν
1185 544 1359 598 οὐδέν·
1398 544 1550 596 οῦπω
1580 545 1688 614 γάρ
1715 545 1903 614 ἄνδρες
1928 563 2020 613 γε·

345 636 604 705 γόναμεν·
633 636 760 687 ὅταν
788 634 842 685 δὲ
875 631 1180 702 γενώμεθα,
1211 630 1466 701 εἰσόμεθα
1487 632 1566 685 ὅτι
1584 630 1755 684 ταῦτα
1780 633 1958 686 πάντα
1975 635 2018 664 οι

347 722 596 775 παιδικά.
639 722 792 774 Ἐπεὶ
816 721 910 774 καὶ
941 721 1163 774 ἐκείνων
1189 721 1461 788 γινόμενοι
1488 720 1678 791 ἄνδρες
1707 721 2021 786 καταγελῶ-

351 827 488 879 μεν·
527 808 711 871 παῖδες
740 808 796 860 δὲ
847 807 998 870 ὀντες
1047 807 1485 876 περισπούδαστα
1527 806 1820 876 νομίζομεν
1856 803 2016 870 εἶναι,

347 899 445 950 καὶ
473 897 717 968 ὄστρακα
747 897 838 948 καὶ
868 896 1036 966 πηλὸν
1071 896 1416 963 συνάγοντες,
1454 895 1560 947 τῶν
1589 897 1713 958 τοὺς
1751 897 2016 965 μεγάλους

346 985 692 1038 ἀνιστώντων
741 982 1061 1054 περιϐόλους
1111 983 1209 1035 οὐκ
1260 982 1481 1035 ἔλαττον
1511 983 1833 1052 φρονοῦμεν.
1878 983 2016 1036 Ἀλλ’

345 1071 491 1140 ὅμως
515 1071 718 1132 εὐθέως
738 1069 1033 1122 ἀπόλλυται
1061 1069 1156 1122 καὶ
1176 1069 1529 1131 καταπίπτει,
1547 1068 1642 1121 καὶ
1666 1067 1788 1121 οὐτε
1807 1069 2017 1124 ἐστῶτά

345 1159 508 1210 που⁶⁸
536 1157 782 1226 χρήσιμα
818 1156 1011 1224 γένοιτ’
1045 1157 1111 1209 ἂν
1151 1157 1306 1225 ἡμῖν,
1341 1155 1527 1227 ῶσπερ
1561 1151 1653 1207 οῦν
1686 1156 1806 1208 οὐδὲ
1855 1151 2014 1210 αὗται

343 1245 400 1296 αι
435 1243 684 1314 λαμπραὶ
709 1243 897 1296 οίκίαι.
924 1242 1026 1294 Τὸν
1053 1242 1161 1313 γὰρ
1191 1241 1286 1294 τοῦ
1316 1241 1546 1312 οὐρανοῦ
1576 1242 1799 1312 πολίτην
1821 1244 1921 1295 οὐκ
1949 1243 2014 1297 ἂν

341 1329 590 1384 δύναιντο
619 1329 892 1394 δέξασθαι,
925 1330 1034 1382 οὐδ’
1067 1330 1132 1383 ἂν
1158 1330 1445 1400 ἀνάσχοιτο
1471 1331 1650 1399 μεῖναι
1672 1329 1715 1360 ³³
1739 1331 1797 1381 ἐν
1824 1330 2014 1394 αὐταῖς

341 1419 370 1467 ό
400 1416 499 1486 τὴν
532 1417 644 1470 ἄνω
692 1417 924 1485 πατρίδα
950 1416 1115 1486 έχων·
1143 1416 1259 1469 ἀλλ’
1304 1415 1493 1486 ῶσπερ
1539 1418 1698 1486 ήμεῖς
1745 1421 1855 1480 τοῖς
1885 1418 2011 1470 ποσὶ

341 1501 513 1556 ταῦτα
539 1501 686 1573 [297]
720 1502 1107 1573 καθαιροῦμεν,
1143 1501 1284 1554 οὕτω
1309 1503 1556 1561 κάκεῖνος
1597 1502 1675 1571 τῷ
1701 1504 2006 1572 φρονήματι

342 1585 722 1656 καταστρέφει.
744 1585 854 1638 Καὶ
875 1584 1125 1656 καθάπερ
1150 1585 1310 1654 ήμεῖς
1330 1582 1439 1636 τῶν
1463 1583 1665 1636 παίδων
1692 1585 1783 1636 ἐπί
1814 1588 1879 1655 τῇ
1908 1603 2007 1638 κα-

339 1675 614 1743 ταστροφῇ
637 1672 927 1725 κλαιόντων
945 1669 1352 1740 καταγελῶμεν
1371 1669 1513 1722 οῦτω
1529 1671 1624 1724 καὶ
1646 1670 1812 1735 οὗτοι,
1834 1672 2008 1726 ταῦτα

340 1759 679 1828 ὀδυρομένων
705 1760 736 1827 ἡ
746 1759 880 1828 μῶν,
906 1759 965 1810 οὐ
983 1757 1184 1825 γελῶσι
1215 1757 1395 1825 μόνον,
1427 1756 1561 1808 ἀλλά
1584 1757 1678 1808 καὶ
1709 1757 2004 1811 κλαίουσινο

341 1841 526 1910 ἐπειδὴ
558 1842 652 1894 καὶ
685 1841 940 1910 συμπαθῆ
969 1840 1146 1893 αὐτῶν
1167 1840 1233 1892 τά
1276 1840 1578 1910 σπλάγχνα,
1606 1841 1698 1892 καὶ
1724 1840 1890 1911 πολλὴ
1924 1843 2007 1893 ὲν-

339 1927 526 1981 τεῦθεν
582 1930 614 1999 ή
646 1929 837 1998 βλάϐη.
885 1927 1174 1997 Γενώμεθα
1201 1927 1378 1979 τοίνυν
1407 1927 1622 1998 ἄνδρες.
1657 1927 1834 1997 Μέχρι
1860 1928 2006 1992 τίνος

339 2018 514 2086 χαμαὶ
541 2015 839 2087 συρόμεθα,
862 2017 954 2068 ἐπί⁸
982 2016 1151 2078 λίθοις
1171 2016 1265 2067 καὶ
1294 2013 1466 2078 ξύλοις
1492 2015 1631 2084 μέγα
1660 2014 2002 2086 φρονοῦντες;

344 2101 506 2172 μέχρι
542 2103 681 2166 τίνος
711 2101 1006 2172 παίζομεν;
1055 2103 1163 2154 Καὶ
1191 2101 1300 2153 εῖθε
1331 2101 1486 2171 μόνον
1525 2100 1817 2170 ἐπαίζομεν
1843 2117 1856 2130 ο
1891 2102 2007 2154 νυνὶ

339 2191 395 2242 δὲ
449 2191 538 2244 καὶ
567 2190 661 2260 τήν
690 2191 897 2243 ἑαυτῶν
928 2189 1250 2260 προδίδομεν
1286 2188 1558 2258 σωτηρίαν
1581 2205 1594 2219 ·
1626 2190 1718 2240 καὶ
1755 2189 2005 2261 καθάπερ

338 2277 408 2329 τά
432 2277 637 2341 παιδία,
678 2279 804 2331 ὅταν
858 2277 956 2348 τὴν
1002 2277 1059 2330 ἐν
1114 2275 1323 2338 τούτοις
1381 2275 1572 2346 σχολὴν
1623 2277 1805 2350 ἀγάγῃ
1826 2279 1870 2308 ⁸⁸
1899 2279 2004 2331 τῶν

338 2366 681 2436 γραμμάτων
707 2365 1056 2434 ἀμελήσαντα
1080 2405 1094 2427 ,
1129 2363 1363 2433 ἐσχάτας
1397 2363 1726 2433 ὑπομένουσι
1769 2365 2001 2434 πληγάς·

336 2453 480 2505 οῦτω
510 2455 600 2506 καὶ
644 2454 801 2522 ἡμεῖς
833 2454 888 2504 ἐν
921 2450 1125 2514 τούτοις
1181 2452 1395 2504 ἃπασαν
1439 2451 1537 2519 τὴν
1577 2453 1810 2522 σπουδὴν
1848 2471 2006 2507 κατα-

337 2539 699 2604 ναλίσκοντες,
737 2537 831 2590 καὶ
877 2537 946 2590 τά
999 2537 1344 2606 πνευματικά
1403 2537 1790 2608 ἀπαιτούμενοι
1825 2538 2003 2610 μαθή-

341 2643 487 2694 ματα
508 2627 628 2678 τότε
646 2626 689 2656 ⁸⁸
713 2625 799 2677 διὰ
829 2624 936 2677 τῶν
963 2624 1160 2694 ἔργων,
1185 2625 1279 2676 καὶ
1311 2625 1409 2676 οὐκ
1439 2624 1650 2694 ἔχοντες
1684 2628 2000 2696 παρασχεῖν,

342 2713 442 2783 τὴν
480 2712 712 2781 ἐσχάτην
749 2710 990 2780 δώσομεν
1016 2710 1300 2780 τιμωρίαν.
1353 2712 1462 2764 Καὶ
1493 2712 1666 2775 οὐδεὶς
1703 2714 1730 2764 6
1761 2713 2003 2784 ἐξαιρού-

341 2816 501 2868 μενος
519 2799 564 2829 ⁸⁸
584 2811 597 2826 ⁶
623 2798 724 2851 κᾶν
744 2797 923 2867 πατὴρ
942 2793 1000 2868 ᾗ,
1033 2797 1132 2849 κᾶν
1165 2797 1409 2864 ἀδελφὸς,
1438 2798 1540 2851 κᾶν
1564 2799 1826 2852 ὁστισοῦν.
1846 2799 2003 2852 Ἀλλὰ

339 2885 512 2938 ταῦτα
545 2885 643 2955 μὲν
678 2887 951 2955 οἰχήσεται
981 2885 1174 2947 πάντα,
1207 2884 1312 2954 ἡδὲ
1331 2885 1387 2951 ἐξ
1405 2885 1583 2938 αὐτῶν
1611 2886 1870 2957 γινομένη
1905 2888 2002 2956 βά-

342 2990 503 3033 σανος
530 2973 795 3034 ἀθάνατος
828 2971 975 3041 μένει
1007 2971 1100 3022 καὶ
1149 2971 1431 3040 διηνεκὴς·
1487 2974 1622 3041 ὅπερ
1653 2969 1745 3026 οὖν
1792 2975 1884 3026 καὶ
1912 2975 2002 3026 ἐπὶ¹

340 3060 450 3111 τῶν
490 3059 694 3113 παίδων
717 3058 946 3126 γίνεται,
976 3056 1042 3108 τὰ
1074 3056 1170 3124 μὲν
1200 3057 1428 3108 παιδικὰ
1453 3058 1745 3128 ἀθύρματα
1774 3058 1868 3111 τοῦ
1901 3077 2002 3111 πα-
2090 3075 2091 3078 ‘

338 3145 466 3215 τρὸς
485 3144 572 3196 διὰ
599 3145 695 3213 τὴν
725 3142 996 3214 ρᾳθυμίαν
1011 3141 1186 3194 αὐτῶν
1201 3142 1380 3194 τέλεον
1409 3143 1787 3210 ἀφανίζοντος,
1808 3146 2002 3209 αὐτοὺς

338 3233 395 3284 δὲ
423 3234 501 3293 είς
528 3231 588 3283 τὸ
616 3230 819 3282 κλαίειν
851 3227 1112 3297 διηνεκῶς
1143 3228 1522 3290 καθιστῶντος.
1549 3228 1652 3281 Καὶ
1678 3230 1766 3282 ἵνα
1801 3232 1998 3301 μάθῃς,

339 3321 421 3371 ὅτι
442 3318 616 3370 ταῦτα
645 3315 869 3369 τοιαῦτά
911 3319 1077 3378 ἐστιν,
1113 3314 1140 3366 ὃ
1181 3315 1410 3384 μάλιστα
1441 3315 1655 3368 πάντων
1697 3314 2004 3370 εἶναιδοκεῖ

340 3404 825 3477 περισπούδαστον,
855 3401 944 3455 τὸν
973 3401 1199 3454 πλοῦτον
1235 3403 1312 3464 είς
1349 3401 1510 3471 μέσον
1549 3403 1868 3474 ἀγάγωμεν,
1910 3405 2002 3458 καὶ

340 3489 643 3558 ἀντιθῶμεν
671 3485 817 3556 αὐτῷ
837 3485 1012 3555 ψυχῆς
1037 3487 1234 3555 ἀρετὴν
1260 3485 1326 3556 ἥν
1342 3486 1404 3538 ἂν
1431 3485 1610 3557 θέλῃς,
1639 3488 1731 3539 καὶ
1760 3487 1877 3540 τότε
1909 3490 2004 3542 αὐ-

339 3575 434 3628 τοῦ
456 3574 687 3645 μάλιστα
706 3573 824 3642 ὄψει
845 3572 942 3642 τὴν
959 3571 1252 3625 εὐτέλειαν.
1273 3572 1464 3642 Θῶμεν
1492 3574 1667 3625 τοίνυν
1688 3573 1782 3627 ἀνθ
1792 3575 2003 3644 ρώπους

339 3659 478 3716 εἶναι
508 3661 632 3716 δύο·
664 3662 756 3712 καὶ
783 3659 935 3712 οὔπω
971 3659 1113 3726 λέγω
1159 3659 1287 3731 περί
1336 3659 1670 3726 πλεονεξίας,
1715 3660 1850 3714 ἀλλά
1879 3663 2003 3732 περὶ

338 3747 546 3801 δικαίου
575 3746 800 3801 πλούτου
833 3746 990 3810 τέως·
1029 3747 1120 3803 καὶ
1146 3746 1252 3799 τῶν
1282 3746 1373 3799 δύο
1394 3745 1618 3812 τούτων,
1652 3748 1680 3800 6
1714 3747 1810 3817 μὲν
1842 3765 2001 3800 συνα-

338 3835 485 3902 γέτω
508 3835 550 3865 ⁶⁷
576 3837 851 3904 χρήματα,
880 3837 973 3888 καὶ
1015 3835 1217 3886 πλείτω
1258 3834 1543 3898 θάλατταν,
1573 3835 1665 3886 καὶ
1692 3836 2001 3905 γεωργείτω

338 3921 464 3991 γῆν,
489 3920 582 3972 καὶ
610 3919 836 3982 πολλοὺς
860 3920 1074 3989 ἐτέρους
1119 3917 1386 3988 ἐμπορίας
1419 3918 1715 3988 εὐρισκέτω
1745 3919 1996 3988 τρόπους·

338 4008 580 4075 καίτοιγε
607 4007 704 4060 οὐκ
742 4002 857 4059 οῖδα
887 4007 935 4058 εἰ
964 4005 1135 4059 ταῦτα
1170 4005 1338 4056 ποιῶν
1370 4005 1590 4058 δύναται
1621 4005 1842 4068 δικαίως
1876 4024 2000 4078 κερ-

336 4095 557 4148 δαίνειν·
586 4093 722 4163 πλὴν
741 4092 854 4145 ἀλλ’
875 4092 1012 4144 ἐστω
1033 4093 1125 4144 καὶ
1150 4091 1452 4144 ὑποκείσθω
1478 4092 1658 4143 δίκαια
1680 4092 1842 4162 κέρδη
1871 4110 1998 4163 κερο

336 4179 534 4232 δαίνειν
561 4180 740 4245 αὐτὸν,
775 4183 867 4233 καὶ
892 4180 1095 4250 ἀγροὺς
1121 4175 1376 4231 ὠνεῖσθαι
1395 4177 1439 4208 ⁸⁸
1465 4179 1556 4230 καὶ
1578 4177 1878 4248 ἀνδράποδα
1902 4181 1996 4232 καί

336 4268 436 4318 ὅσα
464 4265 706 4331 τοιαῦτα,
749 4269 841 4321 καὶ
893 4266 1131 4337 μηδεμία
1183 4264 1464 4334 προσέστω
1498 4264 1705 4326 τούτοις
1736 4265 1942 4317 ἀδικίαο
1969 4268 1996 4318 6

335 4353 392 4405 δέ
419 4352 598 4422 ’ἐτερός
632 4370 713 4415 τις
739 4354 782 4384 ⁸⁸
831 4352 1066 4406 τοσαῦτα
1095 4347 1446 4420 κεκτημένος,
1489 4349 1734 4402 πωλείτω
1771 4353 1990 4421 ἀγροὺς,

334 4439 584 4491 πωλείτω
607 4439 910 4503 οἰκίας,›ῖαὶ
934 4438 1098 4507 σκεύη
1117 4439 1293 4508 χρυσᾶ
1320 4437 1412 4489 καὶ
1442 4438 1676 4507 ἀργυρᾶ,
1700 4439 1794 4490 καὶ
1824 4455 1992 4509 παρε-

333 4525 474 4594 χέτω
529 4527 642 4588 τοῖς
668 4526 958 4594 δεομένοις,
992 4526 1300 4596 ἐπαρκείτω
1331 4526 1441 4586 τοῖς
1468 4524 1803 4593 πενομένοις,
1833 4524 1991 4595 θερα-

332 4612 546 4663 πευέτω
593 4612 898 4675 νοσοῦντας,
953 4613 1077 4672 τούς
1115 4613 1172 4662 ἐν
1216 4612 1428 4683 ἀνάγκῃ
1474 4610 1673 4674 λυέτω,
1725 4613 1850 4674 τοὺς
1883 4613 1990 4665 ἀπὸ

329 4696 546 4765 δεσμῶν
569 4696 617 4726 ⁷ο
651 4695 974 4757 ἐκϐαλλέτω,
1027 4697 1150 4757 τούς
1176 4698 1255 4748 -ἐν
1291 4696 1570 4764 μετάλλοις
1603 4697 1986 4766 ἐλευθερούτω,

329 4782 458 4842 τοὺς
480 4779 586 4832 ἀπὸ
622 4779 881 4850 βρόχων⁷¹
924 4780 1226 4848 καταγέτω,
1257 4783 1380 4844 τοὺς
1412 4781 1785 4851 αἰχμαλώτους
1819 4782 1986 4835 λυέτω

327 4867 431 4937 τῆς
453 4867 738 4936 τιμωρίας.
769 4865 920 4929 Τίνος
948 4863 1038 4919 οὖν
1070 4866 1320 4936 βούλεσθε
1353 4870 1569 4938 μερίδος
1598 4869 1643 4899 ⁷³
1684 4865 1849 4932 εἷναι;
1876 4871 1984 4922 Καὶ

325 4953 537 5008 οὐδέπω
565 4953 631 5003 τὰ
669 4951 948 5022 μέλλοντα,
992 4954 1124 5006 ἀλλά
1148 4954 1283 5017 τέως
1312 4957 1378 5008 τὰ
1403 4955 1633 5008 ἐνταῦθα
1663 4957 1979 5025 εἰρήκαμεν.

327 5041 482 5103 Τίνος
513 5038 604 5093 οὖν
630 5037 767 5092 εἶναι
799 5039 1047 5110 βούλεσθε
1069 5056 1082 5104 ;
1102 5039 1194 5092 τοῦ
1225 5043 1540 5109 συνάγοντος
1571 5042 1806 5112 χρυσίον,
1831 5042 1861 5111 ἢ
1888 5043 1980 5094 τοῦ

324 5127 538 5189 λύοντος
571 5128 884 5198 συμφοράς;
932 5126 1026 5179 τοῦ
1054 5128 1179 5190 τοὺς
1227 5130 1430 5199 ἀγροὺς
1453 5130 1779 5198 ὠνουμένου,
1816 5129 1847 5197 ἢ
1887 5129 1980 5181 τοῦ

323 5214 517 5283 λιμένα
544 5213 1037 5278 κατασκευάζοντος
1087 5214 1274 5267 ἑαυτὸν
1317 5217 1380 5286 τῇ
1411 5217 1516 5268 τῶν
1554 5216 1852 5285 ἀνθρώπων
1881 5217 1978 5285 φύε-

393 5339 435 5370 ⁶¹
471 5341 644 5394 πάντα
671 5358 780 5396 om.
815 5343 878 5395 A.
910 5341 970 5394 B.
1007 5341 1066 5394 D.
1104 5339 1164 5392 F.
1240 5341 1282 5372 “
1328 5358 1429 5393 που
1470 5359 1576 5397 om.
1619 5345 1685 5398 A.
1725 5345 1785 5400 Β.
1827 5347 1887 5400 F.
1966 5347 2010 5378 °‘

319 5413 470 5495 τειᾼ.
513 5411 572 5464 Ε.
604 5413 723 5464 τότε
773 5411 884 5495 διά]
926 5414 993 5495 τὰ
1031 5410 1211 5495 τέλεια
1256 5410 1536 5495 ἉΙἯ.ῥιά“
1557 5429 1665 5495 0:11.

320 5479 457 5532 ΕΜ.
493 5496 542 5548 p.
583 5497 638 5550 p.
675 5479 910 5551 προσίτω
933 5481 998 5533 Α.
1037 5481 1228 5550 προσήι

316 5550 491 5618 δεσμά
520 5549 584 5603 Α.
660 5553 700 5580 ⁷¹
724 5553 830 5604 ἀπὸ
863 5551 1115 5622 βρόχωνί
1137 5552 1228 5602 ἐπὶ

1352 170 1418 225 IN
1460 170 1876 228 MATTIDEUM
1918 172 2152 229 HOMIL.
2195 177 2381 233 XXIII.
2427 182 2499 234 al.
2541 178 2730 235 XXIV.

2044 5347 2229 5426 μείνας
2263 5348 2568 5426 βίοι-βέῃ.
2646 5352 2850 5426 ⁵ἣᾶγῃ.
2901 5355 2966 5410 Α.
3002 5366 3057 5412 et
3085 5373 3226 5412 corr.
3274 5357 3338 5426 D,

1853 5418 1898 5448 ⁸⁵
1920 5417 2321 5494 ἐξαιρρύμξνεζς]
2347 5420 2474 5494 gdd.
2512 5420 2662 5494 ἔσται
2695 5417 2876 5494 Α.ί”⁸⁷
2914 5428 3260 5494 συναγαγέτω
3297 5425 3356 5480 F.
3433 5430 3478 5460 ⁸⁸
3505 5417 3741 5483 ὠνείσθω

583 5497 638 5550 p.
660 5479 910 5563 ’προσίτξυ
1037 5481 1306 5563 προσήτωη
1319 5479 1379 5563 B:
1405 5481 1466 5534 C.
1592 5485 1698 5563 F.“
1728 5487 1888 5563 ”_‘:£§
1919 5479 2003 5542 oin

2347 5490 2534 5563 ἕτερος
2564 5491 2618 5542 δέ
2647 5508 2731 5563 τις
2750 5491 2892 5563 7(0m.
2927 5497 2975 5563 ό)
3008 5479 3066 5547 F:

1282 5550 1472 5633 βρόχον
1603 5555 1725 5633 "7"
1741 5556 1840 5633 τῆς
1888 5559 2101 5633 μερίδος

3683 193 3788 249 5‘20

2129 309 2208 344 σει
2231 309 2243 353 ;
2271 293 2364 346 τοῦ
2391 295 2450 347 τὸ
2477 296 2608 348 πολύ
2641 296 3108 368 περιϐεϐλημένου
3128 301 3417 371 χρυσίον,ἢ
3446 302 3536 356 τοῦ
3570 309 3788 378 μυρίαις

2127 382 2182 433 εὐ
2190 399 2261 450 φη
2271 383 2418 452 μίαις
2432 384 2552 436 ἐστε
2561 401 2709 450 φανω
2716 385 2896 454 μένου;
2919 386 3030 456 Οὐχ
3041 386 3069 437 6
3088 388 3183 456 μὲν
3196 389 3409 460 ἀγγέλῳ
3422 392 3526 443 τινὶ
3540 397 3758 464 προσέοι
3769 425 3791 437 -

2125 485 2218 520 κεν
2270 467 2329 532 ἐξ
2360 469 2587 538 οὐρανοῦ
2636 471 2932 525 καταϐάντι
2987 474 3122 543 πρὸς
3160 474 3256 543 τὴν
3302 477 3410 528 τῶν
3453 477 3654 532 λοιπῶν
3698 484 3788 534 ἁν-

2123 551 2355 623 θρώπων
2411 556 2712 627 διόρθωσιν,
2745 560 2774 612 ὁ
2823 558 2879 611 δὲ
2941 559 3060 612 οὐδέ
3094 560 3392 632 ἀνθρώπῳ,
3428 567 3560 618 ἀλλὰ
3593 570 3789 639 παιδίῳ

2120 643 2225 694 τινὶ
2257 642 2436 712 μάτην
2468 646 2560 696 καὶ
2595 645 2778 707 ἁπλῶς
2823 646 3001 699 πάντα
3030 649 3346 716 συνάγοντις
3373 651 3437 704 EE
3461 651 3611 727 [998]
3641 656 3696 708 δὲ
3728 657 3788 707 τὸ

2118 728 2340 792 δικαίως
2378 732 2810 800 χρηματίζεσθαι
2843 731 2984 786 οὕτω
3009 737 3432 802 καταγέλαστον,
3475 742 3567 793 καί
3603 744 3787 809 ἀνοίας

2119 817 2381 888 ἐσχάτης’
2409 820 2536 871 ὅταν
2575 819 2706 890 μηδέ
2735 821 2795 873 τὸ
2819 821 3039 885 δικαίως
3072 828 3281 894 προσῇ,
3331 828 3447 890 πῶς
3477 831 3536 881 οὐ
3571 833 3785 886 πάντων

2119 905 2444 976 ἀθλιώτερος
2476 909 2504 958 6
2531 908 2803 972 τοιοῦτοςς
2836 911 2897 962 Εἰ
2933 911 3040 980 γὰρ
3073 914 3100 964 6
3135 913 3306 980 γέλως
3355 916 3625 979 τοσοῦτος,
3657 920 3785 972 ὅταν

2116 991 2211 1044 καὶ
2235 992 2427 1060 γέεννα
2448 997 2623 1064 προσῇ
2654 996 2746 1048 καὶ
2774 995 3050 1064 βασιλείας
3078 997 3367 1062 ἔκπτωσις,
3393 1002 3571 1056 πόσων
3610 1005 3674 1057 ἂν
3698 1006 3782 1075 εἴη

2117 1078 2330 1149 θρήνων
2364 1080 2531 1146 ἄξιος,
2569 1084 2662 1135 καὶ
2691 1084 2798 1146 ζῶν
2826 1084 2920 1136 καὶ
2947 1085 3377 1156 τετελευτηκώς;

2188 1173 2238 1219 ι’.
2276 1167 2436 1222 Ἀλλά
2463 1170 2555 1221 καὶ
2581 1170 2764 1239 ’έτερον
2801 1169 3035 1238 βούλει⁷³
3081 1173 3179 1241 τῆς
3223 1174 3426 1242 ἀρετῆς
3470 1191 3780 1246 μεταχειρι-

2116 1252 2335 1323 σώμεθα
2368 1256 2563 1326 μέρος;
2595 1257 2799 1310 Οὐκοῦν
2837 1258 3130 1328 ἀγάγωμεν
3152 1260 3312 1312 πάλιν
3349 1260 3534 1331 ἕτερον
3573 1262 3781 1333 ἅνθρω-

2113 1357 2211 1391 πον
2239 1343 2295 1392 ἐν
2317 1340 2601 1413 δυναστείᾳ
2632 1345 2778 1407 ὄντα,
2805 1346 2968 1396 πᾶσιν
3002 1347 3374 1404 ἐπιτάττοντα,
3395 1347 3606 1417 ἀξίωμα
3623 1364 3780 1418 περι-

2111 1425 2441 1496 ϐεϐλημένον
2502 1429 2662 1498 μέγα,
2692 1431 2907 1499 κήρυκα
2957 1431 3144 1500 ἔχοντα
3176 1433 3422 1502 λαμπρὸν
3463 1435 3554 1487 καὶ
3605 1433 3783 1504 ζώνην

2115 1514 2208 1565 καὶ
2245 1513 2589 1582 ῥαϐδούχους,
2646 1519 2738 1568 καὶ¹
2792 1517 2960 1569 πολὺν
3005 1517 3094 1570 τὸν
3129 1519 3227 1586 τῆς
3259 1519 3550 1589 θεραπείας
3597 1522 3774 1590 χορόν.

2114 1600 2247 1668 Οὐχὶ
2274 1600 2419 1653 δοκεῖ
2450 1600 2604 1653 τοῦτο
2648 1603 2790 1671 μέγα
2821 1600 3074 1656 εἶναικαὶ
3111 1607 3477 1676 μακαριστόν;
3505 1609 3638 1675 Φέρε
3663 1605 3775 1670 οὖν,

2113 1689 2206 1739 καὶ
2235 1688 2408 1759 τούτῳ
2439 1689 2598 1742 πάλιν
2628 1691 2931 1761 ἀντιθῶμεν
2973 1691 3175 1760 ἕτερον,
3214 1694 3302 1745 τὸν
3328 1695 3642 1758 ἀνεξίκακον
3683 1697 3776 1748 καὶ

2117 1777 2292 1846 πρᾷον
2333 1779 2422 1830 καὶ
2473 1778 2723 1830 ταπεινὸν
2770 1781 2863 1832 καὶ
2898 1779 3281 1850 μακρόθυμον·
3310 1782 3402 1835 καὶ
3446 1777 3598 1845 οὗτος
3627 1784 3779 1854 ὐϐρι-

2116 1861 2313 1926 ζέσθω,
2347 1864 2650 1929 τυπτέσθω,
2703 1866 2796 1918 καὶ
2833 1867 3045 1934 φερέτω
3083 1868 3318 1930 εὐκόλως
3342 1908 3355 1929 ,
3394 1870 3487 1920 καὶ
3537 1871 3662 1932 τοὺς
3707 1871 3776 1922 τά

2111 1948 2334 2003 τοιαῦτα
2385 1950 2670 2014 ποιοῦντας
2723 1953 3029 2020 εὐλογείτω.
3087 1954 3182 2017 Τίς
3211 1951 3305 2007 οὖν
3361 1957 3388 2007 6
3439 1956 3773 2025 θαυμαστὸς,

2113 2036 2234 2088 είπέ
2273 2054 2392 2107 μοι;
2425 2041 2453 2091 6
2492 2040 2900 2108 πεφυσιωμένος
2934 2041 3026 2092 καὶ
3057 2039 3398 2110 φλεγμαίνων
3424 2081 3438 2105 ,
3475 2043 3506 2111 ἢ
3544 2047 3572 2096 6
3608 2060 3774 2096 κατε-

2123 2125 2444 2196 σταλμένος;
2479 2129 2613 2197 Οὐχὶ
2641 2129 2670 2180 6
2699 2128 2796 2198 μὲν
2827 2127 2968 2182 ἔοικε
3023 2129 3182 2182 πάλιν
3212 2132 3333 2194 ταῖς
3374 2131 3485 2184 ἄνω
3513 2131 3773 2201 δυνάμεσι

2112 2217 2232 2277 ταῖς
2253 2215 2449 2286 πολλὴν
2467 2217 2714 2284 ἐχούσαις
2730 2217 2827 2286 τὴν
2847 2217 3130 2279 ἀπάθειαν,
3147 2220 3174 2270 ὁ
3193 2217 3248 2269 δὲ
3267 2217 3408 2287 φύσῃ
3426 2219 3470 2250 τι
3493 2222 3770 2293 σπωμένῃ,

2111 2301 2143 2370 ἢ
2168 2301 2350 2372 ὕδερον
2375 2303 2644 2373 ἀνθρώπῳ
2669 2304 2861 2374 ἔχοντι,
2884 2306 2975 2357 καὶ
2994 2305 3187 2372 πολλὴν
3210 2306 3306 2375 τὴν
3327 2305 3659 2377 φλεγμονήνς
3682 2311 3774 2361 καὶ

2110 2389 2138 2439 6
2180 2389 2275 2457 μὲν
2317 2389 2484 2460 ἰατρῷ
2539 2391 2911 2460 πνευματικῷ,
2961 2392 2989 2443 6
3026 2391 3210 2454 δὲτὰς
3253 2393 3482 2461 γνάθους
3533 2395 3771 2462 φυσῶντι

2113 2476 2309 2545 παιδίῳ
2344 2477 2764 2546 καταγελάστως
2793 2479 2857 2530 Τί
2889 2479 2996 2548 γὰρ
3029 2479 3170 2548 μέγα
3212 2482 3446 2550 φρονεῖς,
3477 2480 3723 2551 ἄνθρωπε
3753 2500 3767 2545 ;

2111 2563 2190 2616 ὅτι
2223 2564 2423 2633 ὑψηλὸς
2454 2565 2545 2617 ἐπὶ
2574 2566 2848 2635 ὀχήματος
2876 2566 3050 2637 φέρῃς
3083 2567 3163 2620 ὅτι
3219 2585 3276 2620 σε
3312 2568 3504 2637 ζεῦγος
3536 2571 3770 2642 ἡμιόνων

2111 2650 2288 2718 ἐλκει;
2318 2653 2428 2704 Καὶ¹
2455 2652 2507 2705 τί
2538 2652 2727 2718 τοῦτο;
2761 2652 2929 2706 Τοῦτο
2961 2655 3067 2724 γὰρ
3099 2655 3192 2708 καὶ
3222 2656 3311 2708 ἐπὶ
3353 2655 3522 2720 ξύλων
3551 2660 3645 2712 καὶ
3677 2661 3770 2712 ἐπί

2109 2738 2270 2790 λίθων
2301 2741 2580 2808 γινόμενον
2605 2741 2702 2793 ἴδοι
2723 2759 2804 2804 τις
2828 2742 2910 2794 ἄν.
2939 2741 3076 2794 Ἀλλ’
3105 2743 3186 2796 ὅτι
3220 2744 3360 2797 καλά
3385 2746 3768 2818 περιϐέϐλησαι

2109 2825 2328 2894 ίμάτια;
2372 2827 2507 2879 Ἀλλ’
2536 2828 2636 2898 ὅρα
2662 2828 2751 2880 τὸν
2785 2830 2982 2900 ἀρετὴν
3014 2831 3133 2884 ἀντὶ
3157 2833 3382 2902 ἱματίων
3406 2834 3764 2905 ἐνδεδυμένον,

2105 2915 2198 2965 καὶ
2221 2913 2340 2983 ὕψει
2373 2915 2566 2968 σαυτὸν
2619 2917 2716 2984 μὲν
2751 2916 2927 2987 χόρτῳ
2968 2919 3180 2972 ἐοικότα
3217 2921 3528 2991 σηπομένῳ,
3563 2923 3768 2976 ἐκεῖνον

2104 2998 2158 3051 δὲ
2197 2999 2394 3070 δένδρῳ
2436 3000 2746 3070 θαυμαστὸν
2785 3003 2998 3072 φέροντι
3030 3006 3261 3075 καρπὸν,
3309 3008 3403 3060 καὶ
3434 3007 3631 3078 πολλὴν
3655 3013 3767 3072 τοῖς

2103 3085 2267 3155 ὁρῶσι
2319 3089 2608 3158 παρέχοντι
2651 3089 2749 3159 τὴν
2783 3090 3139 3161 εὐφροσύνην.
3175 3093 3247 3144 Σὺ
3292 3094 3389 3161 μὲν
3417 3094 3525 3165 γὰρ
3563 3097 3766 3166 τροφὴν

2105 3173 2396 3242 σκωλήκων
2431 3175 2743 3245 περιφέρεις
2772 3177 2865 3227 καὶ
2904 3177 3102 3247 σητῶν,
3141 3178 3212 3240 οἳ,
3248 3179 3315 3230 ἂν
3341 3179 3632 3234 ἐπιθῶνταί
3659 3200 3760 3245 σοι,

2102 3259 2310 3328 ταχέως
2343 3276 2401 3311 σε
2450 3261 2654 3329 γυμνὸν
2683 3263 2966 3331 ποιήσουσι
3004 3261 3097 3314 τοῦ
3133 3265 3335 3334 κόσμου
3385 3267 3574 3320 τούτου
3597 3285 3609 3298 ο
3649 3269 3764 3339 (καὶ

2101 3345 2208 3413 γὰρ
2235 3346 2326 3398 καὶ
2357 3347 2544 3413 ίμάτια
2575 3347 2666 3399 καὶ
2685 3347 2883 3416 χρυσὸς
2924 3351 3013 3401 καὶ
3037 3351 3295 3420 ἄργυρος,
3321 3351 3388 3404 τὰ
3415 3355 3510 3422 μὲν
3552 3358 3763 3428 σκωλή-

2102 3447 2213 3481 κων
2243 3432 2479 3500 νήματα,
2502 3431 2570 3484 τὰ
2597 3432 2653 3484 δὲ
2683 3437 2751 3504 γῆ
2775 3436 2866 3487 καὶ
2889 3435 3056 3499 κόνις,
3084 3439 3176 3490 καὶ
3196 3437 3356 3490 πάλιν
3376 3441 3468 3510 γῆ,
3489 3443 3581 3495 καὶ
3602 3442 3762 3496 πλέον

2101 3518 2296 3588 οὐδέν’)
2314 3521 2340 3571 6
2360 3519 2416 3571 δέ
2442 3520 2640 3590 ἀρετὴν
2660 3522 2950 3592 περιϐεϐλη
2960 3525 3115 3593 μένος
3133 3530 3385 3599 τοιαύτην
3410 3529 3520 3598 ἔχει
3549 3531 3758 3602 στολὴν,

2102 3604 2166 3672 ἢν
2193 3606 2251 3656 οὐ
2286 3604 2445 3674 μόνον
2475 3605 2783 3673 σῆτες,ἀλλ’
2803 3609 2921 3660 οὐδέ
2946 3611 3107 3675 αὐτὸς
3135 3614 3161 3664 6
3178 3611 3401 3678 θάνατος
3420 3615 3760 3687 λυμήνασθαι

2099 3690 2349 3744 δύναται’
2378 3693 2470 3744 καὶ
2504 3694 2650 3763 μάλα
2680 3695 2917 3759 εἰκότως.
2949 3699 3022 3750 Οὐ
3048 3700 3152 3770 γὰρ
3180 3701 3286 3754 ἀπὸ
3306 3701 3410 3772 γῆς
3451 3703 3633 3774 ἔχουσι
3661 3706 3762 3775 τὴν

2099 3778 2273 3848 ἀρχὴν
2316 3775 2476 3832 αὗται
2522 3781 2622 3850 τῆς
2669 3782 2845 3852 ψυχῆς
2901 3785 2958 3835 αἱ
3011 3786 3222 3854 ἀρεταὶ,
3267 3788 3402 3842 ἀλλά
3451 3791 3760 3861 πνεύματός

2100 3866 2204 3917 εἰσι
2228 3867 2456 3936 καρπός·
2474 3867 2552 3919 διὸ
2573 3869 2692 3920 οὐδέ
2711 3869 3005 3939 σκωλήκιον
3034 3872 3346 3926 ὑπόκεινται
3376 3877 3623 3946 στόμασι.
3647 3880 3758 3931 Καὶ

2100 3950 2207 4021 γὰρ
2235 3954 2291 4004 ἐν
2317 3952 2528 4022 οὐρανῷ
2553 3954 2620 4005 τά
2647 3956 2835 4023 ίμάτια
2864 3955 3034 4008 ταῦτα
3061 3957 3365 4024 ὑφαίνεται,
3390 3962 3519 4014 ὅπου
3543 3964 3602 4014 οὐ
3636 3966 3752 4034 σὴς,

2099 4041 2158 4091 οὐ
2193 4040 2406 4109 σκώληξ
2424 4040 2563 4102 ⁷⁵⁸⁷⁸,
2597 4042 2693 4093 οὐκ
2727 4042 2853 4095 ἄλλο
2885 4043 2992 4094 τῶν
3021 4047 3275 4098 τοιούτων
3295 4048 3464 4103 οὐδέν.
3491 4052 3554 4102 Τί
3579 4054 3757 4105 τοίνυν

2100 4125 2323 4196 βέλτιον.
2362 4129 2479 4180 εἰπέ
2512 4145 2629 4196 μοι;
2667 4129 2930 4193 πλουτεῖν,
2985 4130 3016 4200 ἢ
3056 4134 3343 4200 πένεσθαι;
3384 4137 3439 4188 ἐν
3472 4138 3756 4212 δυναστείᾳ

2096 4209 2302 4285 εἷναι,ή
2333 4215 2388 4266 ἐν
2437 4215 2660 4285 ἀτιμίᾳ;
2689 4218 2746 4268 ἐν
2773 4221 2974 4287 τρυφῇ,
3018 4219 3049 4289 ἢ
3083 4220 3140 4270 ἐν
3182 4220 3350 4291 λιμῷ;
3385 4222 3637 4294 Εὔδηλον,
3672 4209 3752 4281 ὅτι

2093 4307 2150 4356 ἐν
2179 4305 2331 4372 τιμῇ,
2357 4302 2449 4354 καὶ
2473 4306 2668 4374 τρυφῇ,
2695 4305 2786 4357 καὶ
2809 4304 3038 4376 πλούτῳ.
3061 4307 3265 4360 Οὐκοῦν
3293 4311 3429 4363 είτά
3459 4313 3752 4384 πράγματα

2095 4387 2289 4457 βούλει,
2324 4389 2416 4440 καὶ
2444 4389 2516 4458 μὴ
2544 4388 2610 4441 τὰ
2643 4389 2897 4460 ὀνόματα,
2927 4393 3024 4461 τὴν
3051 4394 3152 4463 γῆν
3182 4396 3339 4464 ἀφεὶς
3367 4398 3458 4449 καὶ
3481 4391 3548 4450 τὰ
3578 4401 3633 4451 ἐν
3655 4401 3752 4453 αὐ-

2090 4477 2178 4544 τῇ,
2211 4475 2537 4546 μεθορμίζου
2577 4476 2710 4547 πρὸς
2734 4478 2825 4529 τὸν
2857 4478 3114 4549 οὐρανόν·
3145 4481 3212 4533 τὰ
3249 4483 3345 4551 μὲν
3387 4484 3493 4553 γάρ
3523 4486 3750 4542 ἐνταῦθα

2093 4561 2240 4622 σκιὰ,
2278 4563 2346 4614 τά
2383 4562 2438 4614 δὲ
2469 4565 2584 4615 ἐκεῖ
2613 4564 2909 4632 πράγματα
2939 4565 3189 4635 ἀκίνητα,
3221 4571 3313 4620 καὶ
3348 4573 3631 4642 πεπηγότα
3657 4593 3750 4628 και

2091 4647 2253 4696 πᾶσιν
2284 4645 2574 4713 ἀχείρωτα.
2612 4646 2891 4715 Ἐλώμεθα
2915 4649 3089 4700 τοίνυν
3120 4651 3257 4703 αὐτά
3292 4654 3426 4720 μετά
3468 4655 3749 4724 ἀκριϐείας

2089 4728 2322 4810 ἀπάσης,
2357 4730 2442 4781 ἵνα
2471 4731 2562 4782 καὶ
2595 4729 2686 4781 τοῦ
2728 4730 2955 4798 θορύϐου
2983 4730 3090 4782 τῶν
3125 4733 3353 4786 ἐνταῦθα
3396 4736 3542 4810 [ἑθθ]
3571 4741 3747 4794 ἀπαλ-

2086 4808 2358 4880 λαγῶμεν,
2397 4811 2489 4863 καὶ
2520 4813 2655 4880 πρὸς
2682 4812 2771 4863 τὸν
2797 4812 3026 4882 γαληνὸν
3051 4815 3252 4867 ἐκεῖνον
3279 4808 3747 4886 καταπλεύσαντες

2091 4891 2302 4960 λιμένα,
2333 4895 2466 4962 μετά
2496 4893 2704 4944 πολλῶν
2726 4894 2831 4945 τῶν
2859 4895 3093 4965 φορτίων
3121 4898 3396 4970 φανῶμεν,
3426 4904 3516 4955 καὶ
3537 4907 3744 4975 ἀφάτου

2088 4974 2180 5026 τοῦ
2201 4977 2242 5004 ⁷⁷
2277 4976 2374 5044 τῆς
2419 4975 2784 5047 ἐλεημοσύνης
2839 4977 3068 5032 πλούτου
3103 4999 3116 5011 ·
3169 4978 3230 5037 οὗ
3287 4986 3494 5053 γένοιτο
3538 4974 3745 5052 πάντας

2087 5057 2232 5140 ήμδίς
2249 5057 2616 5140 ⁷⁸γέπιτυχεῖν,
2658 5059 2839 5140 χάριτι
2873 5063 2965 5113 καὶ
3005 5063 3382 5140 φιλανθρωπίᾳ
3418 5069 3511 5122 τοῦ
3539 5061 3740 5140 Κυρίου

2087 5137 2242 5210 ήμῶν
2283 5139 2455 5221 Ἰησοῦ
2489 5141 2742 5210 Χριστοῦ,
2774 5135 2870 5214 ᾧή
2897 5145 3024 5210 δόξα
3053 5149 3145 5202 καὶ
3180 5149 3240 5202 τὸ
3271 5135 3468 5221 κράτος
3506 5153 3584 5215 είς
3617 5135 3740 5218 τοὺς

2087 5221 2288 5283 αἰῶνας
2317 5220 2425 5273 τῶν
2452 5222 2680 5277 αἰώνων.
2727 5225 2918 5297 Ἀμήν.

3417 5359 3633 5446 ⁶ῐ.τέτε]
3667 5363 3745 5446 ξά

3144 5496 3322 5570 ῖθιᾴπὸ
3369 5497 3600 5570 δεσμῶνῙ
3637 5501 3740 5555 ὐπὸ

2275 5560 2322 5589 ⁷³
2338 5561 2396 5639 εί
2428 5560 2603 5639 Ξούλει
2637 5561 2704 5639 Αἰ
2735 5560 3093 5639 C.__D:_’{KD6
3125 5563 3425 5639 ﬁoélecxa‘.
3456 5560 3637 5639 ἕτερον
3673 5572 3729 5625 F.

318 5634 373 5704 νς
492 5615 1157 5709 μεῖηακξιιιρέθίέθεὲυδίβ-
1233 5615 1656 5709 ⁷⁵ζέεύὲειπθοηο-
1674 5625 1765 5706 .D-.
1786 5615 1848 5680 El
1880 5615 2760 5709 6999261asz_n.naquev-F-;
2786 5615 3736 5709 μπ-τξρφαέγάνίτθαιζδ’τξδιᾏῖςξέὲςῆς

318 5671 441 5739 διε
470 5671 680 5758 σκώληξ
709 5671 840 5745 tua;

941 5692 984 5722 ⁷⁷
1018 5691 1112 5764 τοῦ
1139 5706 1248 5764 on].
1273 5691 1356 5764 A._
1379 5690 1441 5744 C.
1661 5695 1866 5761 ἀφάτου
1907 5690 2005 5764 τῆς
2035 5690 2230 5750 ἐλ.’τοῦ
2264 5699 2354 5752 πλ.
2391 5697 2450 5751 Β.

2560 5700 2602 5781 ξε
2637 5701 2803 5772 ἡμᾶς]
2829 5702 2962 5781 ΞΜ.
3005 5702 3232 5772 πλήρεις
3261 5707 3349 5758 ἐπὶ
3379 5708 3471 5760 τοῦ
3507 5700 3735 5781 φοϐεροῦ

318 5758 562 5828 βήματος
604 5761 999 5828 παραστάντας,
1039 5759 1135 5829 τῆς
1160 5761 1267 5813 τῶν
1306 5761 1546 5832 οὐρανῶν
1585 5758 1859 5833 βασιλείας
1905 5758 2003 5836 [ﬁdi

2107 5768 2187 5821 [on
2227 5776 2528 5840 agnoscunt
2553 5758 2803 5837 Ιηῑόιῖρυῗ
2829 5770 2983 5825 "om.
3031 5758 3174 5827 xx'l'v.
