4080 6138
1096 225 1154 281 S.
1191 221 1474 278 JOANNIS
1509 220 1994 277 CIIRYSOSTOMI
2035 219 2358 276 ARCHIEP.
2395 219 2943 278 CONSTANTINOP.

1809 439 2046 495 ΟΜΙΛΙΑ
2086 443 2212 495 KA'.

303 537 384 588 Οὐ
412 533 531 600 πᾶς
558 537 590 587 ό
624 534 817 601 λέγων
844 552 965 602 μοι,
996 535 1191 601 Κύριε,
1223 536 1419 601 Κύριε,
1450 534 1859 586 εἰσελεύσεται
1881 535 1969 598 εις

371 605 484 671 τὴν
522 604 848 668 βασιλείαν
874 605 988 658 τῶν
1012 603 1304 672 οιίῳανῶν,
1338 606 1476 658 ἀλλ’
1503 607 1534 657 ό
1555 603 1743 656 ποιῶν
1764 603 1832 656 τὸ
1871 604 1968 658 θέο

367 680 532 743 λημα
557 673 661 727 τοῦ
693 676 920 742 Πατρός
947 693 1064 743 μου
1102 673 1210 726 τοῦ
1236 675 1305 726 ἐν
1337 674 1634 741 οὐρανοῖς.

369 769 438 816 α’.
479 763 578 814 Διὰ
609 762 660 814 τί
699 763 773 833 μὴ
806 759 978 824 εἶπεν,
1000 762 1136 814 ’ἁλλ’
1155 761 1368 815 ὀποιῶν
1397 763 1456 815 τὸ
1486 762 1697 833 θέλημα
1719 763 1778 817 τὸ
1805 761 1969 832 ἐμόνς

299 849 428 903 ’Ότι
452 851 588 912 τέως
611 850 894 920 ἀγαπητὸν
920 845 987 919 ἦν
1013 849 1274 902 καὶτοῦτο
1297 844 1557 920 πρότερον
1582 850 1854 916 δέξασθαιο
1880 850 1973 902 καὶ

300 939 410 1008 γὰρ
465 937 598 990 πολὺ
646 937 786 1007 μέγα
833 933 900 1006 ἦν
944 937 1079 1007 πρὸς
1129 936 1228 1006 τὴν
1269 936 1555 990 ἀσθένειαν
1591 937 1687 1008 τὴν
1727 937 1972 991 ἐκείνων.

303 1025 513 1087 Ἀλλως
541 1024 595 1076 δέ
625 1023 890 1077 καὶτοῦτο
918 1023 982 1075 δι’
1007 1023 1213 1076 ἐκείνου
1243 1024 1479 1094 ᾐνίξατο.
1515 1025 1668 1078 Μετὰ
1696 1025 1751 1077 δὲ
1775 1026 1976 1078 τούτων

306 1113 523 1164 κάκεῖνο
539 1110 684 1163 ἐστιν
707 1113 901 1172 εἰπεῖν,
919 1111 1000 1162 ὅτι
1019 1109 1138 1163 οὐδέ
1154 1112 1302 1163 ἐστιν
1320 1112 1406 1165 έτε
1417 1129 1505 1180 ρον
1521 1111 1728 1182 θέλημα
1747 1112 1839 1164 τοῦ
1859 1113 1975 1146 '9'”

305 1197 434 1251 Υίοῦ
469 1196 616 1267 παρὰ
635 1197 696 1249 16
712 1197 805 1250 τοῦ
837 1197 1069 1266 Πατρός.
1103 1198 1366 1251 Ἐνταῦθα
1386 1199 1443 1251 δέ
1463 1217 1550 1269 μοι
1579 1200 1684 1252 τῶν
1709 1199 1977 1252 Ἰουδαίων

306 1285 537 1354 μάλιστα
563 1283 939 1337 καθάπτεσθαι
970 1285 1133 1348 δοκεῖ,
1186 1287 1242 1336 ἐν
1279 1289 1390 1348 τοῖς
1421 1286 1652 1355 δόγμασι
1683 1287 1977 1356 τιθεμένων

302 1373 361 1425 16
393 1373 520 1436 πᾶν,
562 1372 656 1424 καὶ
691 1370 786 1424 τοῦ
839 1372 957 1441 βίου
1010 1372 1266 1443 πρόνοιαν
1322 1373 1578 1443 οὐδεμίαν
1619 1373 1976 1443 ποιουμένων.

303 1462 393 1514 Διὸ
428 1461 522 1515 καὶ
552 1462 581 1513 6
614 1459 830 1523 Παῦλος
859 1459 1043 1523 αὐτοῖς
1067 1461 1286 1529 ἐγκαλεῖ
1315 1461 1487 1529 λέγων
1507 1477 1523 1494 ·
1563 1462 1684 1516 Ἴδε
1707 1461 1787 1515 σὺ
1830 1463 1977 1515 Ἰου-

303 1550 468 1615 δαῖος
491 1547 845 1616 ἐπονομάζῃ,
869 1547 967 1602 καὶ
989 1549 1346 1616 ἐπαναπαύῃ
1384 1549 1464 1614 τῷ
1491 1551 1670 1618 νόμῳ,
1707 1551 1802 1603 καί
1837 1566 1973 1603 καυ-

304 1637 488 1705 χᾶσαι
510 1638 580 1689 ἐν
608 1636 750 1702 Θεῷ,
777 1637 877 1692 καὶ
901 1635 1212 1706 γινώσκεις
1230 1637 1295 1690 τὸ
1331 1637 1561 1707 θέλημα
1578 1640 1620 1670 ⁸³
1640 1658 1652 1670 ο
1686 1639 1802 1691 ἀλλ’
1829 1640 1981 1692 οὐδέν

307 1742 388 1776 σοι
426 1723 583 1776 πλέον
614 1723 880 1789 ἐντεῦθεν,
906 1725 1034 1777 ὅταν
1071 1725 1104 1794 ή
1131 1724 1224 1776 τοῦ
1254 1724 1368 1793 βίου
1401 1727 1492 1778 καὶ
1522 1727 1628 1779 τῶν
1663 1726 1838 1797 ἔργων
1864 1727 1983 1778 ἐπί-

304 1812 469 1877 δειξις
492 1811 564 1882 μὴ
595 1815 764 1881 παρῇ.
793 1811 963 1874 Αὐτὸς
993 1812 1049 1864 δέ
1077 1812 1137 1864 ού
1159 1811 1204 1842 θ’
1238 1811 1398 1880 μέχρι
1429 1813 1632 1865 τούτων
1663 1813 1814 1884 ἔστη,
1849 1813 1982 1867 ἀλλά

306 1902 398 1952 καὶ
427 1900 488 1952 16
534 1898 713 1967 πολλῷ
742 1898 904 1952 πλέον
952 1894 1094 1953 εἶπε.
1127 1899 1348 1952 Πολλοί
1388 1900 1497 1968 γὰρ
1544 1901 1752 1967 ἐροῦσι
1777 1919 1878 1969 μοι
1915 1903 1985 1955 ἐν

305 1990 505 2056 ἐκείνῃ
544 1986 619 2056 τῇ
671 1988 892 2056 ἡμέρᾳ·
930 1990 1125 2056 Κύριε,
1171 1989 1364 2057 Κύριε,
1396 1991 1466 2043 οὺ
1505 1989 1583 2054 τῷ
1609 1988 1698 2054 σῷ
1743 1992 1984 2059 ὀνόματι

307 2077 875 2144 προεφητεύσαμεη
916 2076 990 2128 Ού
1039 2075 1150 2147 γὰρ
1177 2076 1240 2145 δὴ
1291 2075 1469 2146 μόνον,
1509 2077 1692 2147 φησὶν,
1734 2080 1761 2130 6
1804 2078 1984 2131 πίστιν

307 2163 466 2231 ἔχων,
494 2161 588 2214 τοῦ
635 2162 749 2231 βίου
778 2163 1126 2232 ἠμελημένον
1145 2204 1159 2227 ,
1215 2162 1321 2228 τῶν
1369 2164 1614 2232 οὐρανῶν
1642 2165 1981 2229 ἐκϐάλλεται,

309 2251 447 2303 ἀλλά
476 2250 581 2303 κᾶν
607 2251 744 2319 μετὰ
771 2250 872 2319 τῆς
907 2251 1143 2315 πίστεως
1177 2253 1377 2322 σημεῖα
1397 2251 1566 2304 πολλά
1590 2251 1982 2326 πεποιηκὼςῇ,

307 2339 402 2391 καὶ
424 2337 578 2391 οὐδὲν
609 2335 811 2405 ἀγαθὸν
844 2337 1240 2407 ἐργασάμενος,
1274 2340 1366 2390 καὶ
1397 2334 1550 2401 οὗτος
1571 2339 1618 2369 ³³
1651 2340 1848 2408 ὁμοίως
1877 2341 1985 2393 τῶν

309 2424 469 2495 ἱερῶν
496 2426 740 2494 εἴργεται
781 2423 1069 2494 προθύρων
1104 2425 1346 2478 ἐκείνων.
1386 2427 1610 2480 Πολλοὶ
1642 2426 1751 2494 γὰρ
1779 2426 1987 2494 ἐροῦσι

307 2531 401 2580 μοι
428 2513 498 2565 ἐν
525 2511 726 2580 ἐκείνῃ
753 2510 828 2578 τῇ
856 2511 1075 2579 ’ἡμέρᾳο
1104 2513 1300 2579 Κύριε,
1325 2514 1525 2579 Κύριε,
1551 2515 1621 2566 οὐ
1644 2513 1723 2577 τῷ
1739 2512 1828 2578 σῷ
1855 2515 1987 2567 ὀνό-

307 2615 448 2667 ματι
484 2599 1054 2667 προεφητεύσαμεν;
1078 2599 1239 2670 Ὁρᾷς
1272 2600 1387 2663 πῶς
1409 2599 1776 2664 λανθανόντως
1800 2602 1986 2655 ἑαυτὸν

312 2687 618 2755 συνεισάγει
649 2686 853 2751 λοιπὸν,
888 2686 1076 2758 ἐπειδὴ
1104 2687 1202 2756 τὴν
1229 2689 1409 2741 πᾶσαν
1439 2674 1708 2759 ἀπήρτισε
1743 2689 1988 2759 δημηγο-

312 2775 455 2844 ρίαν,
490 2776 586 2828 καὶ
626 2775 898 2830 δείκνυσιν
929 2776 1122 2828 ἐαυτὸν
1148 2775 1276 2829 ὄντα
1306 2777 1542 2847 κριτήν;
1576 2775 1699 2830 Ὅτι
1745 2777 1844 2847 μὲν
1880 2779 1987 2848 γὰρ

311 2863 533 2926 κόλασις
565 2863 842 2926 ἐκδέξεται
883 2863 1010 2926 τοὺς
1049 2863 1588 2934 ἁμαρτάνονταςέν
1621 2867 1733 2927 τοῖς
1782 2865 1989 2934 ἐμπρο-

313 2949 436 3001 σθεν
467 2949 655 3014 ἔδειξε·
697 2949 782 3012 τίς
819 2941 885 3004 δὲ’
932 2950 1026 3004 καὶ
1057 2951 1104 2982 ⁸⁸
1143 2953 1172 3003 6
1207 2951 1470 3017 κολάζων,
1515 2951 1751 3004 ἐνταῦθα
1801 2951 1988 3005 λοιπὸν

311 3035 663 3090 ἐκκαλύπτει.
726 3037 835 3089 Kal
876 3037 977 3090 οὑκ
1018 3032 1139 3092 εἷπε
1195 3038 1463 3109 φανερῶς,
1510 3039 1592 3092 ὅτι
1638 3037 1780 3107 Ἐγώ
1840 3039 1981 3108 είμιο

312 3123 450 3178 ἀλλά
481 3123 708 3178 Πολλοὶ
745 3125 955 3192 ἐροῦσι
988 3144 1111 3195 μοι,
1151 3126 1212 3178 τὸ
1252 3126 1384 3178 αὐτὸ
1422 3125 1578 3179 τοῦτο
1621 3125 1782 3179 πάλιν
1813 3143 1985 3180 κατα-

317 3210 617 3276 σκευάζων.
643 3213 706 3265 EE
738 3212 848 3279 γὰρ
875 3212 950 3284 μὴ
994 3213 1156 3276 αὐτὸς
1191 3209 1260 3284 ἦν
1289 3216 1316 3266 6
1353 3215 1566 3285 κριτὴς,
1598 3214 1714 3276 πῶς
1758 3213 1824 3267 ἂν
1851 3214 1988 3286 πρὸς

313 3303 512 3365 αὐτοὺς
542 3298 692 3354 εἷπε·
731 3301 840 3355 Καί
882 3303 1016 3356 τότε
1063 3301 1418 3370 ὁμολογήσω
1457 3302 1694 3368 αὐτοῖς·
1737 3304 1987 3372 Ἁποχω-

307 3389 466 3457 pairs
498 3389 598 3443 ἀπ’
625 3388 792 3456 ἐμοῦ,
825 3387 1110 3442 οὐδέποτε
1138 3387 1332 3458 ἔγνων
1352 3388 1547 3458 ὑμᾶς;
1579 3390 1712 3458 Οὐχὶ
1742 3391 1900 3460 μόνον
1932 3393 1990 3443 ἐν

314 3475 392 3543 τῷ
421 3475 596 3547 καιρῷ
637 3476 736 3545 τῆς
769 3475 1028 3546 κρίσεως,
1067 3475 1182 3528 ἀλλ’
1217 3476 1337 3528 οὺδέ
1369 3477 1510 3540 τότε,
1555 3478 1718 3547 ἡνίκα
1748 3477 1992 3547 ἐθαυμαο

313 3566 616 3632 τουργεῖτε,
666 3563 821 3630 φησί.
861 3562 961 3615 Διά
1007 3561 1166 3614 τοῦτο
1215 3563 1309 3614 καὶ
1355 3567 1468 3625 τοῖς
1505 3565 1772 3633 μαθηταῖς
1804 3565 1988 3632 ἔλεγε·

315 3652 412 3712 Μὴ
471 3648 726 3716 χαίρετε,
775 3647 866 3700 ὅτι
909 3649 983 3700 τὰ
1037 3649 1310 3716 δαιμόνια
1369 3649 1512 3717 ὑμῖν
1560 3649 1989 3713 ὑποτάσσεται,

314 3736 456 3789 ἀλλ’
487 3735 577 3789 ὅτι
607 3733 679 3787 τὰ
707 3735 969 3802 ὀνόματα
1008 3735 1177 3802 ὑμῶν
1208 3734 1526 3804 γέγραπται
1559 3737 1629 3790 ἐν
1659 3737 1784 3802 τοῖς
1813 3740 1991 3806 οὐρα»-

315 3823 463 3888 νοῖς.
501 3823 612 3876 Kal
646 3822 922 3892 πανταχοῦ
963 3822 1170 3892 πολλὴν
1197 3822 1407 3876 κελεύει
1449 3825 1543 3877 τοῦ
1595 3825 1711 3894 βίου
1757 3828 1991 3898 σπουδὴν

317 3910 611 3963 ποιεῖσθαι.
639 3911 714 3963 Οὐ
747 3910 855 3980 γάρ
875 3910 1022 3963 ἐστιν
1049 3909 1202 3982 [500]
1237 3910 1524 3982 ἄνθρωπον
1547 3913 1720 3982 ὀρθῶς
1752 3913 1989 3983 βιοῦντα,

318 3999 413 4051 καὶ
455 3999 672 4052 πάντων
736 3997 1156 4068 ἀπηλλαγμένον
1209 3998 1317 4051 τῶν
1363 3998 1573 4064 παθῶν,
1634 4003 1993 4073 περιοφθῆναι

320 4103 470 4138 ποτε·
505 4085 640 4138 ἀλλὰ
662 4084 763 4139 κᾶν
790 4084 1140 4155 πλανώμενος
1173 4085 1333 4158 τύχῃ,
1362 4088 1570 4157 ταχέως
1605 4090 1768 4143 αὑτὸν
1797 4093 1823 4142 6
1862 4091 1994 4155 Θεὸς

318 4176 454 4245 πρὸς
481 4175 580 4244 τὴν
619 4174 878 4243 ἀλήθειαν
909 4174 1290 4228 ἐπισπάσεται.
1329 4177 1468 4228 Ἀλλ’
1501 4178 1606 4230 είσί
1635 4196 1778 4241 τινες
1803 4179 1856 4231 οἵ
1892 4197 1994 4248 φα-

319 4281 424 4327 σιν,
477 4262 559 4315 ὅτι
604 4261 924 4331 ψευδόμενοι
961 4256 1105 4315 οὗτοι
1157 4263 1332 4316 ταῦτα
1377 4263 1579 4332 ἔλεγον·
1631 4266 1820 4337 διόπερ
1872 4269 1992 4321 ούδέ

320 4348 622 4418 ἐσώθησαν,
649 4347 834 4418 φησίν.
861 4348 1072 4401 Οὐκοῦν
1105 4348 1166 4400 16
1201 4351 1441 4404 ἐναντίον
1473 4345 1532 4403 οῦ
1560 4351 1804 4420 βούλεται
1836 4372 1997 4408 κατα-

321 4440 594 4503 σκευάζει.
622 4439 733 4491 Kal
777 4437 888 4507 γὰρ
934 4438 1184 4507 βούλεται
1231 4441 1464 4493 ἐνταῦθα
1492 4442 1681 4509 δεῖξαι.
1718 4447 1799 4499 ὃτι
1844 4447 1996 4517 ἡπίο

320 4545 437 4589 στις
472 4526 625 4578 οὐδὲν
675 4524 847 4594 ίσχύει
893 4526 1062 4594 χωρὶς
1111 4525 1287 4595 ἔργων
1317 4528 1384 4585 ⁸⁵.
1420 4526 1550 4582 Ε’ίτα
1587 4532 1867 4583 ἐπιτείνων
1894 4532 1994 4584 αύ-

318 4616 389 4667 τὲι
417 4615 483 4676 ⁸⁸,
531 4611 841 4682 προσέθηκε
889 4613 984 4665 καὶ
1020 4612 1090 4665 τὰ
1121 4618 1348 4684 σημεῖα·
1398 4617 1575 4686 δηλῶν
1616 4619 1698 4670 ὅτι
1739 4620 1798 4671 ού
1836 4620 1994 4687 μόνον

322 4702 355 4770 ἡ
387 4700 591 4761 πίστις,
632 4699 746 4752 ἀλλ’
773 4699 894 4752 οὐδὲ
935 4701 967 4771 ἡ
1001 4699 1110 4754 τῶν
1145 4703 1384 4772 σημείων
1419 4705 1676 4771 ἐπίδειξις
1708 4707 1913 4775 ὀνίνησί
1943 4725 1995 4759 τι

323 4791 414 4842 τὸν
441 4786 962 4857 θαυματουργοῦντα
986 4789 1188 4860 ἀρετῆς
1219 4789 1405 4860 χωρίς.
1436 4790 1495 4843 Εἰ
1522 4792 1577 4845 δὲ
1607 4792 1682 4864 μὴ
1715 4794 1994 4864 ἐποίησαν,

325 4875 443 4936 πῶς
473 4873 540 4926 ἂν
566 4873 794 4946 ἐδυνήθη
833 4877 990 4929 τοῦτο
1033 4877 1078 4908 ⁸⁷
1121 4882 1380 4949 συστῆναι
1411 4880 1670 4944 ἐνταῦθα;
1707 4882 1914 4948 ’Ἄλλως
1941 4885 1996 4937 δέ

323 4965 430 5017 οὐδ’
458 4961 525 5016 ἂν
547 4961 874 5032 ἐτόλμησαν,
917 4963 1017 5034 τῆς
1052 4967 1287 5039 κρίσεως
1323 4969 1624 5040 παρούσης,
1662 4971 1797 5042 πρὸς
1832 4972 1996 5026 αὑτὸν

324 5051 496 5105 ταῦτα
526 5051 719 5102 είπεῖν.
763 5051 873 5104 Kal
923 5052 1060 5123 αὑτὴ
1106 5053 1161 5106 δέ
1206 5056 1237 5125 ή
1284 5057 1594 5126 ἀπόκρισις,
1631 5060 1724 5112 καλ⁹
1767 5060 1827 5112 16
1876 5064 1996 5113 κατ’

324 5139 594 5209 ἐρώτησιν
623 5136 820 5206 λέγειν,
847 5138 1114 5192 δείκνυσιν
1144 5143 1339 5206 αὐτοὺς
1377 5147 1762 5215 πεποιηκότας.
1783 5149 1999 5222 Ἐπειδὴ

326 5232 435 5300 γὰρ
469 5226 715 5281 ἐναντίον
743 5228 807 5296 τῇ
839 5226 1136 5299 προσδοκίᾳ
1165 5229 1225 5281 τὸ
1267 5231 1418 5294 τέλος
1448 5230 1605 5295 εἶδον,
1643 5235 1735 5287 καὶ
1767 5235 2001 5288 ἐνταῦθα

329 5319 428 5387 μέν
451 5314 754 5386 θαυμαστοὶ
779 5310 918 5386 ἦσαν
950 5316 1100 5386 παρά
1128 5318 1262 5368 πᾶσι
1287 5317 1851 5392 θαυματουργοῦντες,
1885 5326 2004 5376 ἐκεῖ

325 5405 381 5457 δὲ
408 5405 610 5476 ὁρῶσιν
636 5404 682 5436 ⁸⁸
713 5404 939 5466 ἑαυτοὺς
977 5403 1160 5456 λοιπὸν
1191 5403 1608 5475 κολαζομένους,
1650 5409 1725 5472 ὡς
1763 5411 2002 5482 ἐκπλητ-

2069 533 2281 603 τόμενοι
2315 535 2408 586 καὶ
2429 531 2798 603 θαυμάζοντες
2819 531 3062 600 λέγουσι·
3101 532 3276 600 Κύριε
3302 533 3370 597 ⁸⁸,
3398 530 3535 600 οὐχί
3563 531 3633 585 ἑν
3657 530 3742 596 τῷ

2071 615 2162 681 σῷ
2199 617 2445 685 ὀνόματι
2490 617 3058 685 προεφητεύσαμεν;
3091 614 3209 678 πῶς
3261 610 3354 668 οὖν
3402 616 3550 686 ἡμᾶς
3599 615 3740 668 ἀπο-

2074 700 2280 771 στρέφῃ
2320 701 2444 766 νῦν;
2498 700 2549 752 τί
2581 699 2828 770 βούλεται
2867 700 2927 753 τὸ
2952 700 3099 764 ξένον
3132 699 3225 754 καὶ
3261 699 3559 769 παράδοξον
3583 698 3744 752 τοῦτο

2071 783 2265 849 τέλος;
2303 782 2443 835 Ἀλλ’
2476 784 2672 836 ἐκεῖνοι
2705 784 2802 853 μὲν
2837 782 3226 853 θαυμάζουσιν,
3253 782 3335 834 ὅτι
3360 781 3582 834 τοιαῦτα
3611 780 3745 833 θαυ-

2077 869 2558 938 ματουργήσαντες
2597 867 2996 936 ἐκολάσθησανο
3030 867 3093 918 σὺ
3141 866 3197 918 δὲ
3250 866 3324 935 μὴ
3371 864 3642 935 θαύμαζε.
3676 866 3744 917 Ἡ

2075 950 2184 1020 γὰρ
2215 951 2376 1020 χάρις
2413 952 2563 1004 πᾶσα
2595 949 2699 1020 τῆς
2740 948 2834 1003 τοῦ
2876 949 3167 1011 δεδωκότος
3205 949 3434 1018 δωρεᾶς·
3460 949 3659 1001 ἐκεῖνοι
3683 948 3745 1001 δὲ

2075 1033 2227 1086 οὐδὲν
2257 1035 2386 1102 παρ’
2435 1032 2640 1086 ἐαυτῶν
2669 1034 3010 1104 εἰσήνεγκαν·
3051 1032 3131 1085 διὸ
3176 1032 3270 1085 καὶ
3313 1030 3636 1094 κολάζεσθαι
3665 1029 3746 1082 δί-

2077 1135 2238 1178 καιοι,
2265 1117 2348 1169 ὅτι
2391 1117 2522 1188 περὶ
2561 1116 2651 1169 τὸν
2684 1115 2827 1169 οὕτω
2871 1117 3198 1187 τιμήσαντα,
3241 1115 3318 1178 ὡς
3364 1116 3458 1168 καὶ
3503 1114 3746 1179 ἀναξίοις

2075 1201 2256 1253 δοῦναι
2280 1200 2378 1270 τὴν
2421 1202 2598 1269 χάριν,
2646 1199 2962 1271 ἀγνώμονες
2992 1201 3246 1268 γεγόνασι
3273 1201 3370 1253 καὶ
3405 1199 3743 1266 ἀναίσθητοι.

2078 1283 2142 1335 Τί
2187 1278 2302 1345 οὖν,
2353 1285 2538 1354 φησὶν,
2597 1284 2954 1354 ἐργαζόμενοι
3003 1283 3100 1353 τὴν
3143 1284 3393 1354 ἀνομίαν,
3444 1282 3666 1336 τοιαῦτα
3698 1283 3745 1313 ⁹⁰

2079 1366 2330 1431 ἐποίουν;
2366 1367 2408 1418 Τ
2415 1366 2523 1428 ινές
2562 1366 2664 1435 μέν
2691 1381 2876 1435 φασιν,
2907 1366 2988 1419 ὃτι
3026 1367 3127 1420 οὐκ
3157 1368 3214 1418 ἐν
3250 1365 3327 1434 τῷ
3369 1365 3566 1437 καιρῷ,
3603 1366 3661 1416 ἐν
3699 1359 3749 1429 ᾧ

2080 1448 2250 1500 ταῦτα
2275 1447 2778 1517 ἐθαυματούργουν,
2806 1451 2900 1501 καὶ
2937 1450 3189 1519 ἡνόμουν,
3229 1448 3343 1502 ἀλλ’
3390 1449 3612 1517 ὕστερον
3652 1466 3750 1516 με-

2078 1529 2364 1584 τεϐάλοντο
2394 1531 2462 1593 ⁹¹,
2489 1532 2582 1583 καὶ
2611 1530 2708 1601 τὴν
2738 1531 2968 1602 ἀνομίαν
3003 1533 3238 1585 ἐποίουν.
3275 1531 3414 1584 Ἀλλ’
3457 1533 3552 1584 ἐὰν
3590 1532 3750 1584 τοῦτο

2079 1607 2137 1684 ᾖ,
2173 1613 2333 1665 πάλιν
2361 1612 2422 1664 16
2467 1614 2896 1685 σπουδαζόμενον
2929 1614 3028 1684 οὐχ
3061 1616 3293 1670 ἵσταται.
3329 1619 3395 1667 ’³0
3440 1617 3546 1686 γὰρ
3579 1616 3750 1680 δεῖξαι

2083 1694 2405 1759 ἐσπούδακε,
2432 1696 2589 1749 τοῦτό
2624 1699 2791 1751 ἐστιν·
2838 1700 2918 1752 ὅτι
2960 1697 3080 1751 οὔτε
3111 1700 3312 1762 πίστις,
3337 1699 3460 1751 οῦτε
3491 1700 3751 1768 θαύματα

2088 1777 2281 1847 ἰσχύει,
2307 1777 2420 1846 βίου
2452 1779 2527 1850 μὴ
2553 1780 2839 1850 παρόντος
2861 1783 2996 1852 ὅπερ
3017 1780 3108 1837 οῦν
3133 1785 3224 1836 καὶ
3249 1785 3276 1835 ὁ
3305 1782 3512 1846 Παῦλος
3541 1783 3748 1847 ἔλεγεν·

2096 1861 2229 1915 Ἐὰν
2261 1862 2380 1930 ἔχω
2415 1864 2646 1929 πίστιν,
2682 1864 2838 1919 ὥστε
2881 1867 2986 1933 ὄρη
3032 1867 3432 1936 μεθιστάνειν,
3484 1867 3580 1918 καί
3614 1865 3752 1919 εἰδῶ

2083 1946 2154 1998 τὰ
2175 1946 2476 2014 μυστήρια
2509 1946 2704 2002 πάντα
2733 1950 2829 2002 καί
2855 1950 3060 2003 πᾶσαν
3087 1951 3201 2016 τὴν
3229 1949 3472 2019 γνῶσιν,
3509 1950 3752 2017 ἀγάπην

2083 2029 2150 2081 δὲ
2180 2030 2264 2100 μὴ
2303 2032 2440 2099 ἔχω,
2493 2031 2672 2085 οὐδέν
2702 2036 2838 2103 εἰμι.
2882 2035 3058 2097 Τίνες
3082 2031 3171 2086 οὖν
3201 2035 3336 2086 εἰσιν
3371 2027 3547 2098 οὗτοι;
3595 2033 3746 2101 φησί.

2085 2114 2275 2168 Πολλοὶ
2319 2115 2426 2169 τῶν
2474 2118 2879 2170 πιστευσάντων
2903 2117 3092 2170 ἔλαϐον
3114 2119 3448 2188 χαρίσματα,
3478 2113 3585 2178 οἷος
3721 2119 3748 2168 6

2083 2199 2151 2249 τά
2175 2197 2427 2268 δαιμόνια
2461 2199 2756 2256 ἐκϐάλλων.
2791 2202 2884 2253 καὶ
2913 2201 3012 2253 οὐκ
3051 2199 3126 2252 ὢν
3173 2202 3288 2271 μετ’
3324 2199 3510 2263 αὑτοῦ,
3546 2195 3654 2262 οἷος
3681 2196 3751 2270 ἦν

2084 2281 2112 2332 6
2145 2280 2365 2344 Ἰούδας
2410 2283 2502 2334 καὶ
2539 2282 2647 2353 γὰρ
2686 2284 2778 2335 καὶ
2815 2277 2989 2346 οὗτος,
3023 2285 3254 2354 πονηρὸς
3293 2283 3391 2348 ὢν,
3431 2283 3674 2354 χάρισμα
3703 2285 3749 2313 ’⁸

2085 2359 2218 2432 εἶχε.
2243 2366 2350 2418 Kal
2384 2368 2440 2418 ἐν
2479 2369 2542 2438 τῇ
2579 2368 2790 2436 Παλαιᾷ
2817 2369 2873 2420 δέ
2902 2368 3060 2420 τοῦτο
3092 2367 3241 2437 εὖροι
3280 2386 3361 2431 τις
3401 2368 3486 2429 ἂν,
3531 2369 3609 2430 είς
3654 2369 3749 2419 ἁν-

2086 2447 2271 2512 αξίους
2311 2451 2409 2519 τὴν
2467 2451 2628 2520 χάριν
2657 2453 3028 2522 ἐνεργήσασαν
3068 2451 3349 2515 πολλάκις,
3407 2452 3492 2504 ἵνα
3533 2452 3752 2519 ἐτέρους

2086 2533 2444 2605 εὐεργετήσῃ.
2483 2534 2697 2604 Ἐπειδὴ
2722 2535 2828 2602 γάρ
2857 2535 2916 2586 οὐ
2955 2535 3154 2596 πάντες
3182 2535 3317 2605 πρὸς
3364 2535 3538 2586 πάντα
3563 2536 3755 2602 ἐπιτη-

2086 2615 2244 2678 δείως
2279 2608 2443 2684 εἶχον,
2481 2617 2596 2668 ἀλλ’
2634 2619 2681 2670 οί
2708 2617 2830 2686 -μὲν
2858 2613 2997 2687 ἦσαν
3033 2617 3149 2687 βίου
3180 2617 3445 2687 καθαροῦ,
3477 2617 3658 2668 πίστιν
3697 2617 3756 2668 δὲ

2087 2697 2148 2748 οὑ
2176 2697 2446 2766 τοσαύτην
2476 2694 2640 2768 εἶχον,
2668 2700 2715 2750 οἱ
2743 2699 2799 2752 δέ
2841 2700 3171 2752 τούναντίον·
3205 2701 3489 2762 κάκείνους
3517 2699 3604 2752 διὰ
3632 2699 3757 2752 τού-

2088 2797 2196 2832 των
2226 2781 2547 2852 προτρέπει,
2594 2782 2733 2833 ῶστε
2770 2781 2970 2852 πολλὴν
3009 2781 3375 2848 ἐπιδείξασθαι
3422 2784 3624 2841 πίστιν,
3663 2784 3757 2834 καὶ

2089 2864 2312 2926 τούτους
2334 2865 2424 2916 διὰ
2450 2865 2549 2933 τῆς
2587 2865 2795 2931 ἀφάτου
2833 2865 3034 2935 ταύτης
3077 2865 3286 2936 δωρεᾶς
3325 2864 3465 2916 ὥστε
3504 2863 3756 2932 γενέσθαι

2093 2947 2332 3016 βελτίους
2365 2947 2692 3011 ἐξεκαλεῖτο.

2164 3034 2229 3104 β’.
2258 3036 2348 3088 Διὸ
2364 3036 2456 3088 καὶ
2478 3037 2614 3105 μετὰ
2635 3035 2836 3104 πολλῆς
2863 3035 2961 3106 τῆς
2978 3035 3257 3106 δαψιλείας
3272 3036 3370 3107 τὴν
3385 3037 3542 3107 χάριν
3567 3036 3754 3091 ἐδίδου.

2091 3121 2381 3192 Δυνάμεις
2410 3123 2536 3194 γὰρ,
2568 3126 2724 3193 φησὶ,
2745 3125 2978 3189 πολλὰς
3009 3124 3394 3194 ἐποιήσαμεν.
3428 3125 3588 3178 Ἀλλ’
3623 3129 3760 3193 ὁμο-

2089 3209 2334 3280 λογήσω
2372 3211 2575 3276 αὐτοῖς
2605 3211 2755 3274 τότε,
2793 3211 2944 3282 [501]
2981 3211 3069 3264 ὅτι
3111 3215 3233 3265 Οὐκ
3263 3210 3395 3266 οἶδα
3437 3211 3610 3281 ὑμᾶς.
3643 3212 3760 3266 Νῦν

2095 3299 2192 3369 μὲν
2225 3298 2330 3368 γὰρ
2364 3300 2670 3369 νομίζουσιν
2700 3293 2838 3352 εἷναί
2865 3316 2952 3368 μοι
2975 3299 3146 3367 φίλοι·
3169 3300 3287 3351 τότε
3315 3300 3371 3352 δὲ
3397 3301 3651 3363 εἴσονται,
3677 3301 3759 3352 ὅτι

2091 3387 2188 3457 οὐχ
2215 3386 2292 3449 ὼς
2331 3387 2504 3456 φίλοις
2535 3386 2730 3441 ἔδωκα.
2769 3385 2877 3438 Kal
2905 3387 2956 3438 τί
2999 3385 3296 3456 θαυμάζεις
3325 3390 3371 3438 εί
3413 3387 3637 3458 ἀνδράσι
3664 3404 3761 3439 πε-

2093 3473 2410 3526 πιστευκόσι
2457 3473 2557 3542 μὲν
2592 3475 2668 3535 είς
2696 3473 2876 3535 αὑτὸν,
2908 3471 3020 3541 βίον
3046 3474 3100 3525 δὲ
3125 3473 3222 3527 οὐκ
3256 3473 3434 3543 έχουσι
3469 3477 3534 3542 τῇ
3579 3473 3758 3525 πίστει

2094 3562 2486 3630 συμϐαίνοντα,
2523 3560 2840 3632 χαρίσματα
2866 3562 2913 3592 ’³
2951 3559 3210 3626 δέδωκεν,
3261 3562 3394 3612 ὅπου
3432 3578 3494 3628 γε
3541 3562 3631 3612 καὶ
3677 3563 3758 3622 είς

2091 3651 2217 3710 τοὺς
2246 3648 2569 3718 ἀμφοτέροιν
2596 3648 2800 3700 τούτων
2825 3647 3246 3711 ἐκπεπτωκότας
3273 3649 3585 3718 εὑρίσκεται
3613 3649 3763 3718 ἐνερ-

2092 3736 2238 3804 γῶν;
2274 3737 2383 3789 Kal
2422 3737 2528 3806 γὰρ
2575 3739 2603 3789 6
2644 3735 2871 3806 Βαλαὰμ
2927 3737 3020 3788 καὶ
3070 3737 3303 3796 πίστεως
3347 3737 3440 3788 καὶ
3492 3735 3762 3798 πολιτείας

2093 3825 2320 3894 ἀρίστης
2357 3823 2635 3895 ἀλλότριος
2667 3820 2762 3894 ἦν’
2809 3823 2923 3876 ἀλλ’
2976 3825 3126 3893 ὅμως
3179 3825 3480 3894 ἐνήργησεν
3526 3824 3604 3884 εἰς
3657 3823 3759 3874 a6-

2093 3913 2183 3964 16v
2213 3913 2258 3944 "
2277 3915 2310 3982 ἡ
2346 3914 2502 3983 χάρις
2530 3913 2616 3965 διὰ
2645 3915 2741 3983 τὴν
2769 3913 2969 3983 ἐτέρων
3001 3913 3329 3981 οἰκονομίαν.
3357 3914 3464 3965 Kal
3504 3914 3531 3964 6
3563 3911 3760 3979 Φαραὼ

2094 3998 2362 4062 τοιοῦτος’
2396 4000 2508 4052 ἀλλ’
2542 4001 2690 4070 ὅμως
2719 4000 2958 4062 κάκείνῳ
2993 4001 3064 4053 τὰ
3092 4001 3351 4071 μέλλοντα
3380 3999 3565 4063 ἔδειξε.
3599 3999 3707 4052 Kal
3733 4003 3762 4050 6

2096 4088 2561 4159 Ναὸουχοδονὸσορ
2607 4087 3103 4159 παρανομώτατος,
3133 4089 3225 4141 καὶ
3263 4088 3437 4156 τούτῳ
3489 4087 3649 4140 πάλιν
3692 4087 3762 4140 τὰ

2101 4176 2237 4246 μετὰ
2268 4175 2466 4238 πολλὰς
2513 4175 2739 4246 ὕστερον
2773 4176 3006 4246 ἐσόμενα
3048 4176 3238 4243 γενεὰς
3273 4174 3608 4242 ἀπεκάλυψε.
3653 4177 3762 4228 Kal

2099 4263 2175 4336 τῷ
2212 4265 2360 4318 παιδὶ
2380 4265 2538 4318 πάλιν
2554 4264 2631 4334 τῷ
2657 4266 2864 4317 ἐκείνου
2890 4263 3110 4317 νικῶντι
3142 4265 3232 4316 16v
3264 4263 3470 4332 πατέρα
3493 4266 3558 4332 τῇ
3580 4279 3760 4331 παρα-

2029 4405 2032 4413 ,
2097 4354 2288 4423 νομίᾳ,
2340 4353 2410 4406 τά
2482 4354 2741 4423 μέλλοντα
2793 4353 2989 4418 ἔδειξε,
3049 4352 3337 4422 θαυμαστά
3393 4353 3486 4404 καὶ
3555 4352 3763 4422 μεγάλα

2095 4441 2395 4511 οἰκονομῶν
2424 4442 2744 4512 πράγματα.
2792 4441 2943 4494 Ἐπεὶ
2967 4436 3058 4494 οὗν
3098 4441 3191 4494 καὶ
3229 4440 3349 4493 τότε
3378 4441 3550 4510 ἀρχὰς
3578 4442 3638 4492 τὸ
3667 4443 3765 4509 κή-

2099 4551 2282 4604 ρυγμα
2311 4531 2445 4604 εἶχε,
2474 4535 2566 4586 καὶ
2596 4533 2796 4604 πολλὴν
2825 4533 2931 4586 ἔδει
2950 4532 3201 4602 γενέσθαι
3233 4534 3330 4602 τῆς
3355 4532 3634 4602 δυνάμεως
3665 4533 3762 4582 αὐ-

2097 4621 2189 4673 τοῦ
2221 4621 2318 4694 τὴν
2352 4622 2627 4686 ἐπίδειξιν,
2663 4619 2846 4674 πολλοὶ
2871 4619 2965 4674 καὶ
2997 4619 3103 4673 τῶν
3135 4620 3366 4685 ἀναξίων
3407 4619 3554 4689 δῶρα
3597 4618 3764 4688 ἐλάμ-

2101 4709 2280 4762 ϐανον.
2319 4709 2459 4762 Ἀλλ’
2494 4709 2641 4780 ὅμως
2663 4709 2770 4762 ἀπὸ
2799 4709 2906 4761 τῶν
2932 4709 3171 4779 σημείων
3199 4708 3402 4760 τούτων
3429 4708 3580 4766 οὐδὲν
3610 4707 3767 4775 ἐκέρο

2101 4797 2264 4851 δαναν
2288 4799 2335 4830 ⁸⁵
2370 4799 2590 4862 ἐκεῖνοι,
2640 4797 2775 4851 ἀλλὰ
2801 4796 2894 4850 καὶ
2937 4797 3138 4868 μᾶλλον
3168 4795 3504 4860 κολάζονται.
3551 4793 3642 4845 Διὸ
3676 4793 3767 4846 καὶ

2100 4883 2161 4936 16
2192 4883 2422 4954 φοϐερὸν
2454 4886 2629 4936 ἐκεῖνο
2653 4883 2804 4954 ρἧα
2835 4876 2986 4934 εἶπεν
3007 4882 3190 4944 αὐτοῖς
3209 4894 3223 4908 ⁸
3257 4881 3554 4934 Οὐδέποτε
3579 4879 3768 4948 ἔγνων

2101 4972 2278 5041 ὑμᾶς.
2316 4973 2549 5035 Πολλοὺς
2569 4973 2676 5044 γὰρ
2703 4972 2797 5026 καὶ
2819 4970 3070 5025 ἐντεῦθεν
3093 4971 3196 5042 ἠδη
3229 4973 3395 5041 μισεῖ,
3425 4971 3516 5022 καί
3545 4968 3650 5039 πρὸ
3671 4969 3768 5037 τῆς

2105 5062 2336 5131 κρίσεως
2357 5063 2404 5093 ⁸⁸
2435 5061 2859 5133 ἀποστρέφεται.
2893 5060 3220 5131 Φοϐηθῶμεν
3244 5059 3444 5122 τοίνυν,
3477 5056 3768 5126 ἀγαπητοὶ,

2105 5148 2198 5200 καὶ
2251 5148 2450 5219 πολλὴν
2501 5150 2818 5220 ἐπιμέλειαν
2869 5147 3222 5220 ποιησώμεθα
3249 5147 3386 5217 βίου,
3437 5146 3570 5216 μηδέ
3618 5144 3771 5212 νομί-

2105 5234 2286 5305 ζωμεν
2323 5237 2541 5292 ἔλαττον
2587 5237 2753 5308 ἐχειν,
2785 5237 2968 5308 ἐπειδὴ
3009 5223 3210 5307 σημεῖα
3253 5235 3312 5288 οὺ
3347 5233 3604 5302 ποιοῦμεν
3653 5232 3768 5284 νῦν.

2105 5323 2271 5375 Οὐδὲν
2297 5323 2405 5395 γὰρ
2449 5327 2512 5378 ἐκ
2542 5327 2730 5378 τούτου
2761 5327 2923 5379 πλέον
2956 5326 3108 5378 ἔσται
3159 5327 3288 5395 ἡμῖν
3331 5339 3456 5376 ποτε
3493 5323 3559 5382 ’⁷,
3587 5320 3776 5390 ὥσπερ

2108 5405 2199 5464 οὖν
2246 5411 2366 5464 οὐδὲ
2396 5411 2615 5466 ἔλαττον
2651 5415 2714 5467 ἐκ
2743 5413 2836 5468 τοῦ
2873 5414 2947 5485 μὴ
2992 5416 3181 5474 ποιεῖν,
3215 5416 3310 5465 ἐὰν
3343 5412 3542 5482 ἀρετῆς
3587 5412 3776 5478 ἐπιμε-

398 5516 516 5546 ⁷⁹·⁸⁰
550 5514 644 5567 τοῦ
679 5513 819 5587 υἱοῦ]
856 5514 916 5567 16
954 5513 1071 5568 υίοῦ
1119 5515 1181 5568 Α.
1222 5513 1284 5567 16
1320 5515 1413 5568 τοῦ
1453 5518 1569 5570 υίοῦ
1618 5519 1754 5573 Εάιι.
1829 5522 1872 5553 ⁸¹
1915 5521 2151 5626 θέλημαξ
2193 5523 2320 5578 add.
2376 5525 2470 5578 καὶ
2509 5524 2822 5596 δοκιμάζεις
2859 5525 2930 5579 τὰ
2978 5525 3302 5596 διαφέροντα
3347 5525 3407 5578 Β.
3459 5523 3519 5578 F.
3598 5523 3643 5552 ⁸¹
3690 5517 3774 5590 οὺι

398 5585 447 5626 δὲ·
501 5585 611 5626 mm
747 5588 793 5616 1³
838 5585 1011 5626 arm...-
1054 5585 1092 5626 R
1156 5587 1197 5626 n
1257 5585 1294 5626 ιε’
1346 5588 1652 5626 ηην.η.ἲηι.ιυ1
1688 5591 1867 5626 eumn“
1910 5594 2019 5626 tam
2158 5594 2176 5625 ι
2205 5595 2293 5626 ...Α
2340 5595 2488 5626 Amm.
2533 5595 2583 5626 ιη
2632 5597 2743 5626 mu
2837 5597 2881 5626 an
2908 5596 3225 5626 -.':..:-..-,...
3259 5596 3370 5626 L‘AA
3473 5594 3519 5625 ει
3545 5593 3675 5626 ,η’...λ
3717 5589 3753 5626 I.‘

329 5585 447 5636 οὐδὲ
501 5585 634 5639 Εῐίό.

401 5655 574 5729 ταῦτα
608 5656 742 5710 I'Idd.
782 5656 1063 5729 συστῆναιι
1096 5657 1302 5729 στῆναι
1317 5655 1402 5729 Ε(
1494 5655 1538 5690 ⁸⁸
1580 5655 1814 5729 ὁρῶντες
1862 5665 1924 5716 Α.

568 5741 620 5792 p.
667 5742 737 5798 p._
771 5729 879 5778 Kal
930 5723 1069 5789 τινὲς
1136 5723 1233 5798 μέν
1271 5728 1420 5798 γΕιίιί.
1523 5732 1563 5762 ⁹¹

411 5793 758 5876 χάρισμῖρ,
798 5798 864 5876 τά
902 5793 1214 5876 χαρίσματα
1269 5797 1326 5850 Β.
1365 5799 1423 5852 Ε.
1467 5801 1526 5854 1³.

747 5585 814 5616 ⁸³ή
838 5585 1011 5648 οὕτως
1051 5585 1110 5638 Β.
1156 5587 1215 5640 Ι).
1257 5585 1312 5638 F.
1346 5588 1652 5660 προθύρων]
1688 5591 1867 5662 θυρῶν
1909 5594 1984 5648 Ed

782 5656 1063 5720 συστῆναιΙ
1096 5657 1288 5720 στῆναι
1326 5656 1384 5710 F.
1494 5660 1538 5690 ⁸⁸
1580 5659 1814 5720 ὁρῶντες
1862 5665 1924 5716 Α.

2131 5585 2176 5626 ⁸⁸
2205 5595 2299 5646 καὶ
2340 5595 2492 5649 deest
2532 5595 2585 5649 in
2631 5585 2765 5652 Edd.
2802 5585 2814 5590 ⁷
2837 5597 2881 5628 ⁸⁵
2908 5596 3026 5650 τῶν
3048 5585 3225 5666 ἔργ’ων
3258 5596 3394 5650 Edd.

2123 5665 2318 5720 Κύριε.
2368 5666 2538 5720 Κύριε
2583 5667 2641 5720 Β.
2682 5668 2801 5720 οὺγὶ
2837 5667 2913 5719 τῶ
2941 5666 3000 5719 Ε.
3035 5668 3096 5719 ού
3139 5666 3215 5720 τῶ
3268 5669 3332 5719 Α.
3376 5667 3416 5717 Β

1599 5683 1814 5729 ιρωντες
1862 5683 1924 5716 Α.
2023 5683 2066 5697 υ·
2123 5683 2318 5734 nugas.
2368 5683 2538 5734 λυριε
2583 5683 2641 5720 n.
2682 5683 2801 5736 ουχι
2837 5685 2913 5736 τῳ
2941 5683 3000 5719 [ι.
3035 5685 3096 5719 ου
3139 5685 3215 5735 τῳ
3268 5683 3332 5719 Α.
3376 5683 3432 5718 υ.

1599 5733 1988 5799 μετεϐάλλοντο
2026 5737 2088 5787 Α.
2138 5734 2200 5790 (ἶ.
2253 5735 2313 5788 Ε.
2362 5737 2456 5799 Ep.
2514 5739 2902 5799 κατεῆάλλοντο
2955 5737 3012 5790 Β.
3126 5739 3173 5768 ’⁸
3215 5737 3432 5799 χαρίσμι

1619 5802 1664 5832 ⁸⁸
1688 5805 1766 5863 είς
1797 5804 1956 5855 αὑτὸν
1987 5821 2094 5858 0m.
2142 5805 2198 5858 Β.
2229 5805 2290 5858 C.
2334 5802 2502 5858 ι).“ι·“.

2158 5594 2299 5679 ξ’καὶ
2340 5595 2492 5695 ιίὲεξει
2532 5589 2790 5695 inn'Edq.‘
2837 5596 3026 5695 πρῶν’
3048 5589 3225 5682 ἔργων
3258 5596 3414 5695 ΙΞΞάάὸ
3473 5594 3519 5625 ⁸⁸
3533 5589 3774 5695 3616f.

3139 5685 3215 5735 τῳ
3268 5679 3332 5719 Α.
3376 5679 3432 5718 ις.
3535 5679 3580 5695 ’ν
3611 5679 3778 5716 ταυτα

3126 5739 3173 5768 ’⁸
3215 5737 3528 5806 χαρίσματα
3555 5734 3637 5806 _E_.
3682 5735 3776 5801 ιιι.

2625 5811 2672 5839 ’⁵
2706 5809 2796 5861 Sic
2828 5809 2891 5860 Α.
2928 5807 3109 5862 ueteri
3143 5803 3268 5861 cum
3290 5803 3438 5859 ’I‘ldd.
3475 5803 3774 5872 ἐκέρδαναν-

2407 5753 2456 5804 p.
2514 5739 2902 5802 καζεῆάλλοντο
2955 5737 3012 5790 Β.

336 5863 383 5891 ’⁸
406 5855 660 5932 κρίσεώς]
696 5864 782 5916 Sic
825 5855 1034 5934 lanii-[1.
1068 5855 1162 5923 to.
1217 5871 1396 5923 caeteri
1436 5873 1725 5934 κολάσεως.
1751 5855 1938 5929 ’νοτίῃ
1969 5891 1985 5926 ς

2103 5877 2199 5946 τῆς
2233 5877 2463 5946 κρίσεως
2497 5893 2603 5930 non
2631 5878 2870 5948 agnoscit
2909 5880 3059 5930 Arm.
3137 5879 3180 5909 "
3221 5877 3340 5929 τότε
3369 5875 3429 5928 C.
3466 5874 3563 5928 Ge.
