4080 6138
409 197 501 251 321
815 257 818 260 ,
1387 194 1452 249 Ν
1488 195 1893 252 MATTIIEUM
1935 196 1974 250 II

2082 197 2160 251 IL.
2209 197 2392 252 XXIV.
2435 201 2504 253 al.
2548 198 2708 252 XXV.

1449 380 1656 394 .—

1514 469 1859 530 HOMILIA
1907 469 2141 530 XXIV.
2180 471 2264 530 al.
2312 473 2516 534 XXV.

391 663 527 716 (Ite.
561 662 614 715 7.
649 677 697 712 v.
733 661 782 714 I.
816 659 936 714 Non
972 661 1133 714 omnis
1161 661 1244 729 qui
1283 659 1401 712 dicit
1433 657 1574 720 mihi,
1609 655 1844 712 Domine.
1872 650 1977 705 Do-

471 755 641 816 mine,
675 751 890 804 'intrabit
929 755 982 804 in
1024 768 1231 821 regnum
1276 753 1510 804 actorum
1537 790 1550 806 .
1595 747 1683 802 sed
1729 747 1812 816 qui
1857 746 1979 817 facit

473 842 779 912 voluntatem
817 839 991 894 Patris
1020 843 1117 893 mei
1145 841 1229 912 qui
1254 841 1306 892 in
1331 840 1466 892 uelis
1495 846 1566 892 (δ’

475 935 522 988 I.
568 933 686 986 Non
715 933 818 985 alia
863 931 1020 998 Filii,
1049 932 1154 984 alia
1203 931 1374 983 Patris
1414 929 1667 984 voluntas.
1703 928 1978 998 Signorum

400 1026 624 1094 operatio
654 1024 762 1077 sine
787 1023 968 1076 virtute
995 1022 1120 1074 nihil
1145 1021 1347 1092 prodest
1367 1020 1616 1087 aperanti.
1645 1049 1714 1058 —
1738 1018 1846 1072 Cur
1870 1034 1972 1070 non

399 1117 564 1181 dixit,
592 1114 699 1170 Sed
731 1115 818 1184 qui
850 1114 973 1168 facit
997 1115 1320 1166 voluntatem
1353 1111 1563 1165 meam?
1593 1111 1725 1175 Quia
1764 1108 1864 1162 hoc
1899 1110 1980 1160 in-

401 1209 555 1263 terim
605 1215 848 1276 poterant
894 1205 1146 1260 libentius
1176 1205 1433 1272 accipere.
1488 1202 1618 1255 Illud
1662 1203 1801 1256 enim
1855 1215 1974 1268 per-

401 1315 562 1366 pensa
619 1297 824 1351 illorum
883 1297 1184 1349 inﬁrmitate
1230 1304 1354 1348 tunc
1403 1309 1649 1362 magnum
1691 1290 1973 1344 admodum

397 1398 532 1442 erat.
565 1388 810 1457 Alioquin
841 1402 963 1441 vero
996 1401 1086 1453 per
1115 1387 1242 1438 illud
1274 1385 1373 1438 hoe
1405 1386 1572 1454 ipsum
1603 1385 1762 1436 etiam
1788 1383 1972 1434 subiu-

398 1479 612 1533 dicavit.
641 1479 720 1532 Ad
751 1481 863 1532 ha‘c
890 1486 1068 1531 autem
1103 1475 1228 1531 illud
1261 1477 1478 1544 insuper
1512 1474 1794 1529 dicentium
1821 1517 1834 1536 ,
1869 1489 1972 1526 non

397 1585 520 1625 esse
567 1571 722 1623 aliam
763 1569 917 1630 Filii,
950 1569 1106 1622 aliam
1133 1569 1306 1622 Patris
1329 1569 1674 1621 voluntatem.
1711 1565 1805 1619 llic
1844 1580 1974 1618 vero

396 1661 527 1714 mihi
580 1661 811 1714 maxime
857 1660 1064 1714 videtur
1106 1659 1316 1714 Judmos
1361 1659 1743 1728 perstringere,
1786 1657 1874 1725 qui
1923 1657 1974 1710 in

393 1751 728 1818 dogmatibus
775 1765 1034 1803 Stii‘nmam
1078 1764 1252 1804 rerum
1289 1749 1550 1816 ponebant
1575 1788 1590 1812 ,
1624 1763 1722 1802 nec
1759 1747 1826 1800 de
1869 1748 1973 1801 vita

395 1842 562 1910 probe
593 1841 794 1911 agenda
816 1842 1089 1895 curabant.
1124 1840 1246 1895 Ideo
1273 1843 1387 1896 illos
1419 1841 1614 1894 Paulus
1633 1841 1871 1910 eoarguit
1896 1840 1975 1893 di-

393 1945 523 1985 ecns
554 1947 566 1982 :
603 1929 731 1983 Ecce
771 1941 823 1983 tu
847 1929 1062 1983 Judazus
1105 1931 1506 2000 cognominaris,
1535 1941 1580 1982 et
1621 1931 1884 1996 requiescis
1922 1930 1974 1982 in

395 2023 524 2093 tege,
555 2033 600 2076 et
625 2021 862 2092 gloriaris
892 2024 942 2076 in
967 2021 1092 2086 Deo,
1122 2034 1169 2076 et
1196 2023 1326 2075 nosti
1363 2024 1666 2076 voluntatem
1693 2023 1711 2094 (
1736 2021 1882 2076 Rom.
1915 2024 1970 2076 2.

398 2114 486 2168 i7.
515 2114 628 2183 18).
657 2114 849 2167 Verum
881 2113 1013 2168 nihil
1037 2114 1124 2168 tibi
1148 2129 1212 2168 ex
1237 2113 1322 2167 illa
1351 2112 1554 2166 accedit
1573 2154 1586 2176 ,
1619 2113 1827 2181 quando
1856 2114 1974 2166 vitae

392 2213 449 2258 et
475 2219 692 2272 operum
731 2205 1032 2273 exemplum
1062 2221 1165 2258 non
1205 2205 1372 2259 adest.
1406 2204 1498 2258 Ille
1541 2214 1849 2258 autemnon
1889 2205 1974 2258 hic

392 2297 626 2351 substitit
648 2339 662 2362 ,
692 2298 783 2350 sed
805 2299 945 2366 quod
979 2298 1144 2350 multo
1171 2299 1339 2360 majus
1365 2305 1479 2351 erat
1501 2297 1632 2350 dixit
1659 2315 1672 2352 :
1702 2297 1790 2350 2‘2.
1821 2297 1974 2350 .llulti

394 2388 526 2440 enim
552 2389 714 2440 dicent
746 2389 864 2440 mihi
895 2390 942 2441 in
980 2389 1061 2442 die
1090 2389 1179 2442 illa
1203 2429 1218 2453 ,
1250 2387 1484 2452 Domine,
1531 2387 1764 2454 Domine,
1811 2405 1975 2441 nonne

394 2478 446 2530 in
475 2479 674 2530 nomine
707 2488 791 2530 tuo
829 2479 1276 2548 prophetaeimus?
1319 2478 1431 2532 Non
1466 2479 1607 2534 enim
1653 2479 1822 2532 solum
1845 2521 1858 2543 ,
1890 2480 1971 2532 in-

394 2569 540 2636 quit,
573 2569 660 2636 qui
707 2568 860 2622 ﬁdem
911 2570 1106 2634 habet,
1141 2571 1184 2622 si
1227 2570 1330 2622 vita
1374 2569 1697 2639 negligatur,
1739 2586 1802 2623 ex
1830 2569 1972 2625 etelis

393 2661 728 2724 excluditur;
756 2662 846 2716 sed
880 2663 1086 2716 etiamsi
1117 2679 1238 2717 cum
1279 2664 1381 2718 fide
1417 2665 1577 2718 multa
1608 2665 1756 2732 signa
1788 2663 1972 2717 edide-

393 2752 501 2816 rit,
534 2767 632 2807 nec
652 2752 774 2806 boni
797 2752 1061 2822 quidpiam
1091 2754 1306 2818 fecerit,
1333 2769 1360 2806 a
1392 2755 1558 2808 sacris
1581 2754 1826 2808 similiter
1851 2770 1975 2824 por-

393 2844 461 2897 tis
489 2845 795 2912 repelletur.
830 2845 981 2898 Mutti
1006 2847 1135 2900 enim
1176 2847 1298 2900 mihi
1317 2846 1483 2900 dicent
1522 2847 1574 2900 in
1602 2846 1682 2899 die
1708 2846 1832 2912 illa,
1865 2844 1971 2898 Do-

392 2938 546 3002 mine,
587 2937 832 3004 Domine,
880 2956 1045 2992 nonne
1088 2941 1140 2993 in
1186 2940 1388 2994 nomine
1415 2949 1501 2993 tuo
1528 2941 1975 3012 praphetaeiutw.?

399 3025 584 3080 Viden‘
611 3028 876 3097 quomodo
908 3045 1028 3084 sese
1074 3031 1295 3084 latenter
1324 3041 1503 3100 postea
1537 3031 1693 3083 simul
1722 3030 1970 3096 inducat,

393 3126 670 3186 postquam
702 3129 861 3172 totam
887 3121 1114 3174 absolvit
1141 3121 1475 3185 eoncionem,
1514 3137 1572 3173 se
1599 3135 1806 3190 quoque
1827 3120 1971 3188 judi-

391 3223 508 3263 cem
538 3210 806 3264 ostendit?
853 3210 982 3264 Nam
1015 3212 1152 3280 quod
1198 3212 1326 3265 ultio
1363 3223 1668 3282 peccatores
1717 3212 1784 3264 sit
1832 3212 1974 3264 inva-

393 3316 539 3363 sura,
569 3303 678 3370 jam
709 3303 852 3371 prius
881 3305 1218 3368 ostenderat;
1247 3305 1364 3373 quis
1388 3315 1564 3358 autem
1595 3305 1736 3358 ultor
1765 3303 1972 3358 futurus

390 3403 564 3459 esset,
592 3394 674 3448 hic
699 3395 912 3449 demum
945 3397 1178 3460 revelat;
1211 3413 1308 3451 nec
1334 3399 1474 3452 clare
1500 3397 1649 3458 dixit,
1687 3399 1794 3467 Ego
1817 3412 1931 3450 sum
1955 3413 1969 3458 ;

393 3495 506 3545 sed,
540 3484 694 3538 Multi
733 3486 896 3540 dicent
922 3487 1066 3553 mihi,
1101 3487 1326 3556 idipsum
1359 3505 1543 3542 rursus
1573 3488 1828 3542 iudicans.
1861 3488 1971 3541 Nisi

392 3576 535 3629 enim
567 3580 678 3645 ipse
703 3576 863 3645 judex
895 3586 1057 3644 esset,
1085 3579 1355 3647 quomodo
1382 3579 1604 3633 dixisset
1633 3581 1710 3632 eis
1744 3597 1754 3631 :
1781 3578 1871 3633 23.
1903 3577 1973 3631 Et

395 3679 515 3722 tunc
540 3669 812 3735 conﬁtebor
831 3670 917 3732 eis,
946 3669 1196 3723 Discedite
1223 3687 1254 3722 a
1276 3687 1372 3735 me,
1401 3687 1674 3741 numquam
1711 3672 1825 3724 novi
1847 3687 1930 3724 vos
1948 3671 1974 3724 .9

394 3759 510 3813 Non
541 3759 712 3813 solum
759 3760 811 3813 in
838 3761 924 3814 die
949 3759 1132 3828 judicii
1152 3802 1166 3826 ,
1195 3762 1288 3814 sed
1335 3776 1507 3830 neque
1531 3761 1688 3814 etiam
1717 3776 1836 3814 cum
1868 3760 1972 3814 mi-

395 3852 570 3905 racula
602 3851 894 3906 edideritis.
929 3851 1158 3922 Ideoque
1202 3851 1476 3921 discipulis
1521 3851 1769 3906 dicebat:
1798 3849 1974 3904 Nolite

395 3945 611 4014 gaudere
628 3986 643 4010 ,
672 3945 790 4014 quia
819 3945 1067 3998 daemonia
1095 3946 1232 3999 vobis
1253 3946 1603 4016 subjiciuntur,
1627 3945 1715 3997 sed
1739 3944 1856 4014 quia
1881 3960 1974 3997 no-

396 4038 531 4090 mina
556 4047 718 4091 vestra
744 4038 931 4107 scripta
950 4046 1066 4090 sunt
1092 4037 1146 4090 in
1175 4038 1310 4090 caelis
1332 4036 1479 4106 (Luc.
1507 4037 1593 4090 10.
1625 4035 1741 4106 20).
1775 4037 1833 4088 Et
1860 4035 1974 4088 ubi-

397 4141 500 4196 que
529 4127 746 4180 multam
771 4127 1058 4196 jubetvitaa
1084 4141 1266 4180 curam
1287 4141 1466 4196 agere.
1491 4125 1668 4194 Neque
1689 4126 1830 4179 enim
1859 4124 1971 4178 fieri

401 4232 647 4286 umquam
679 4225 876 4288 potest,
907 4225 963 4272 ut
999 4216 1160 4272 homo
1200 4227 1345 4271 recte
1374 4217 1532 4270 vitam
1575 4216 1855 4270 instituens
1877 4257 1891 4280 ,
1922 4226 1975 4269 et

397 4307 641 4360 omnibus
681 4307 844 4360 animi
891 4307 1090 4362 morbis
1135 4307 1429 4372 liberatus,
1472 4307 1825 4375 despiciatur;
1881 4306 1973 4362 sed

396 4397 495 4450 etsi
522 4398 806 4467 aliquando
835 4399 1134 4463 erraverit,
1163 4400 1271 4454 cito
1301 4399 1446 4452 illum
1474 4399 1613 4452 Deus
1637 4398 1702 4452 ad
1733 4399 1972 4453 notitiam

396 4488 636 4543 veritatis
667 4488 954 4557 pertrahet.
985 4489 1180 4546 Verum
1211 4489 1425 4560 quidam
1469 4497 1593 4543 sunt
1629 4488 1716 4558 qui
1747 4487 1930 4542 dicunt
1957 4530 1972 4556 ,

397 4581 542 4649 ipsos
589 4580 660 4634 ita
710 4579 907 4635 dixisse
947 4583 1289 4648 mentiendo,
1343 4581 1571 4650 ideoque
1613 4581 1838 4634 salutem
1869 4596 1972 4634 non

397 4685 518 4724 esse
545 4677 923 4738 consequutos.
971 4671 1108 4740 Ergo
1139 4680 1344 4734 contra,
1374 4686 1532 4740 quam
1574 4671 1848 4733 voluerat,
1877 4669 1972 4722 ad-

397 4761 577 4814 struit.
624 4759 751 4814 Illud
778 4763 972 4831 quippe
1017 4765 1125 4816 vult
1163 4763 1248 4817 hic
1288 4763 1570 4818 Ostendere
1595 4804 1610 4826 ,
1639 4762 1795 4815 ﬁdem
1847 4760 1976 4814 nihil

398 4856 516 4906 sine
544 4851 795 4921 operibus
821 4855 1016 4907 valere.
1045 4853 1243 4907 Deinde
1282 4853 1331 4907 id
1359 4854 1676 4919 extendens,
1709 4854 1856 4924 signa
1885 4853 1979 4907 ad-

399 4943 569 4998 didit:
597 4943 884 4998 ostendens
924 4962 1028 4998 non
1069 4944 1225 5000 modo
1257 4945 1446 5012 fidem,
1491 4947 1583 5001 sed
1612 4948 1770 5001 etiam
1797 4947 1977 5016 signo-

402 5052 517 5091 rum
540 5037 900 5106 operatiooem
927 5039 1164 5104 operanti
1190 5037 1442 5106 prodesse
1468 5039 1596 5092 nihil
1622 5039 1739 5092 sine
1766 5038 1976 5092 virtute.

404 5127 510 5182 Nisi
541 5135 719 5182 autem
771 5127 844 5180 illi
892 5127 1040 5196 signa
1088 5126 1367 5192 iecissent,
1397 5129 1664 5199 quomodo
1695 5130 1807 5184 haec
1837 5139 1980 5183 stare

404 5218 504 5272 hoc
536 5220 654 5273 loco
687 5217 1020 5286 potuissent?
1046 5218 1290 5287 Alioquin
1337 5230 1513 5274 autem
1559 5236 1662 5273 non
1693 5220 1806 5275 ausi
1854 5220 1980 5274 fuis-

403 5320 542 5374 sent,
571 5320 833 5379 praesente
855 5309 1077 5378 judicio,
1109 5309 1190 5363 bis
1217 5311 1360 5364 illum
1400 5312 1616 5380 alloqui.
1651 5313 1765 5382 Ipsa
1800 5323 1980 5367 autem

408 5401 704 5470 responsio,
731 5411 839 5456 tum
871 5401 1032 5457 etiam
1060 5401 1199 5472 quod
1230 5402 1327 5471 ipsi
1360 5403 1734 5472 interrogando
1760 5405 1983 5474 loquan-

409 5503 511 5558 tur,
545 5493 776 5547 ostendit
805 5492 948 5562 ipsos
976 5491 1029 5546 id
1067 5508 1192 5547 vere
1221 5493 1430 5547 fecisse.
1466 5494 1600 5560 Quia
1631 5495 1770 5548 enim
1793 5511 1984 5566 exspe-

409 5576 625 5632 Ctationi
654 5592 764 5635 suae
791 5582 1114 5638 contrarium
1165 5583 1323 5639 finem
1359 5600 1477 5642 esse
1503 5582 1787 5654 videbant,
1812 5597 1864 5643 et
1893 5591 1978 5643 luc

2099 651 2356 706 mirabilia
2387 656 2644 722 patrando
2685 659 2994 727 conspicui,
3025 660 3128 714 illic
3176 675 3234 714 se
3265 662 3521 730 supplicio
3557 671 3668 734 ple-

2087 742 2306 796 ctendos
2351 746 2670 811 cernebant,
2719 749 2996 818 stupefacti
3043 761 3094 805 et
3139 753 3392 806 mirantes
3437 755 3666 808 dicunt:

2087 830 2323 899 Domine,
2357 835 2590 903 Domine,
2625 855 2789 894 nonne
2808 843 2859 894 in
2885 859 3086 896 nomine
3115 854 3197 896 tuo
3230 846 3666 914 prop/celavimus!

2085 925 2352 988 quomodo
2399 942 2526 996 ergo
2575 945 2715 984 nunc
2761 946 2856 985 nos
2901 934 3208 987 aversaris?
3252 935 3375 1004 quid
3425 936 3523 989 sibi
3554 939 3665 990 vult

2087 1013 2480 1082 inexspectatus
2531 1019 2616 1072 ille
2661 1019 2819 1074 ﬁnis?
2864 1022 2966 1076 Sed
3018 1023 3090 1077 illi
3131 1025 3340 1094 quidem
3384 1029 3664 1087 mirantur,

2084 1103 2222 1171 quod
2257 1116 2372 1173 post
2419 1109 2542 1162 talia
2588 1109 2729 1164 edita
2775 1126 2935 1180 opera
2988 1115 3272 1182 puniantur
3303 1134 3314 1170 :
3345 1127 3397 1170 tu
3441 1133 3568 1172 vero
3597 1137 3664 1172 ne

2083 1195 2312 1248 mireris.
2355 1195 2540 1252 Omnis
2569 1202 2764 1270 quippe
2789 1205 2956 1272 gratia
2985 1220 3046 1258 ex
3075 1205 3251 1259 dantis
3284 1223 3506 1263 munere
3539 1226 3666 1279 pro-

2079 1285 2157 1338 dit
2187 1305 2199 1339 :
2227 1287 2302 1340 illi
2330 1304 2456 1342 vero
2483 1291 2612 1344 nihil
2644 1308 2672 1346 a
2701 1294 2890 1363 seipsis
2919 1297 3244 1365 attulerunt,
3284 1299 3509 1370 ideoque
3546 1303 3666 1372 jure

2080 1379 2340 1447 supplicio
2363 1382 2661 1450 traduntur,
2686 1400 2749 1438 eo
2771 1387 2908 1454 quod
2929 1404 3049 1457 erga
3072 1405 3190 1442 eum
3219 1391 3305 1458 qui
3330 1393 3405 1446 sic
3427 1393 3548 1448 illos
3569 1395 3665 1446 ho.

2081 1482 2380 1534 uoraverat,
2408 1483 2464 1527 ut
2487 1475 2713 1544 indignis
2738 1478 2892 1530 talem
2923 1481 3142 1547 gratiam
3168 1484 3448 1549 tribueret,
3474 1485 3663 1555 ingrati

2081 1558 2294 1613 fuerint.
2335 1561 2442 1616 Cur
2473 1579 2620 1634 ergo,
2654 1567 2879 1635 inquies,
2918 1569 3176 1638 iniquitati
3210 1572 3395 1627 dantes
3422 1592 3662 1644 operam,

2082 1649 2201 1702 talia
2231 1651 2378 1720 signa
2405 1652 2825 1708 edebant?Sunt
2843 1657 2929 1725 qui
2956 1657 3154 1725 dicant,
3171 1675 3264 1715 eos
3290 1677 3394 1731 quo
3423 1674 3662 1733 tempore

2081 1740 2331 1795 miracula
2356 1744 2651 1812 patrabant,
2673 1746 2850 1816 inique
2874 1764 2976 1801 non
3005 1750 3198 1820 egisse,
3222 1752 3313 1806 sed
3339 1764 3522 1822 postea
3542 1773 3662 1808 tun--

2080 1839 2237 1895 latos,
2262 1834 2398 1886 mala
2418 1834 2577 1890 fuisse
2593 1838 3063 1906 operatos.Verum
3089 1842 3130 1894 si
3161 1841 3261 1897 boc
3287 1843 3355 1896 ita
3373 1855 3530 1909 esset,
3555 1861 3661 1900 non

2081 1935 2260 1992 posset
2274 1935 2416 1981 stare
2432 1929 2712 1984 sententia.
2729 1930 2859 1984 Nam
2879 1933 3017 2000 quod
3037 1931 3278 1989 Christus
3295 1936 3663 1996 demonstrare

2080 2015 2308 2081 volebat,
2331 2017 2430 2072 hoc
2447 2029 2560 2072 erat
2579 2038 2589 2072 :
2609 2037 2779 2090 neque
2801 2022 2978 2088 fidem,
2999 2040 3169 2093 neque
3193 2027 3444 2082 miracula
3465 2031 3660 2094 valere,

2080 2109 2183 2161 vita
2214 2123 2319 2162 non
2341 2113 2742 2168 consentiente:
2771 2116 2912 2183 quod
2936 2127 2988 2170 et
3006 2116 3199 2171 Paulus
3219 2118 3454 2173 dicebat:
3483 2120 3541 2174 Si
3563 2121 3660 2174 ha-

2078 2197 2232 2251 buero
2257 2200 2430 2266 ﬁdem,
2451 2201 2519 2254 ita
2547 2212 2599 2254 ut
2629 2213 2818 2257 montes
2849 2208 3234 2276 transferant,et
3262 2226 3443 2262 nouere
3471 2223 3658 2280 myste-

2077 2292 2153 2340 ria
2180 2292 2368 2355 oumia,
2392 2302 2438 2344 et
2464 2308 2662 2345 omnem
2691 2295 2938 2359 notitiam,
2963 2297 3222 2350 caritatem
3245 2310 3411 2352 autem
3443 2318 3541 2353 non
3569 2305 3663 2355 Ita-

2079 2381 2238 2446 bcam,
2258 2382 2508 2435 nihilsum
2530 2385 2604 2452 (l.
2627 2383 2744 2439 Cor.
2771 2385 2949 2456 “5.2).
2973 2389 3196 2454 Quinam
3227 2389 3404 2458 igitur,
3431 2393 3657 2459 inquies,

2079 2472 2160 2526 isti
2193 2475 2357 2527 sunt?
2383 2475 2532 2529 Multi
2564 2477 2891 2531 credentium
2934 2478 3071 2534 dona
3103 2492 3452 2548 acceperant;
3487 2484 3660 2552 qualis

2078 2571 2195 2616 erat
2222 2563 2329 2626 ille,
2359 2566 2446 2632 qui
2478 2581 2598 2619 cum
2625 2567 2795 2635 ipsum
2827 2584 2928 2622 non
2971 2581 3306 2638 sequeretur,
3339 2580 3521 2626 tamen
3549 2574 3658 2626 (lii!-

2079 2654 2252 2705 monia
2282 2655 2525 2724 ejiciebat
2555 2674 2569 2720 ;
2599 2659 2770 2726 qualis
2797 2643 3092 2714 eratiudas
3121 2678 3132 2712 :
3169 2677 3286 2714 nam
3311 2662 3398 2716 hic
3423 2679 3656 2734 quoque,

2079 2763 2198 2798 cum
2232 2746 2405 2802 malus
2431 2759 2588 2809 esset,
2615 2751 2810 2804 donum
2842 2762 3139 2822 acceperat.
3171 2752 3224 2806 In
3254 2755 3415 2808 veteri
3447 2772 3660 2827 quoque

2080 2835 2195 2906 lege
2233 2838 2282 2890 id
2314 2841 2548 2908 reperire
2574 2851 2648 2894 est
2675 2882 2688 2902 ,
2713 2843 2937 2910 gratiam
2962 2858 3152 2913 nempe
3183 2845 3234 2898 in
3264 2845 3492 2915 indignis
3518 2862 3660 2916 sa'pe

2077 2940 2426 2998 operantem,
2477 2943 2530 2986 ut
2573 2933 2687 2987 aliis
2734 2934 2987 2990 beneficia
3034 2937 3318 2992 conferret.
3353 2939 3484 3002 Quia
3515 2939 3656 2992 enim

2078 3037 2182 3074 non
2214 3037 2398 3076 omnes
2449 3024 2512 3076 ad
2561 3027 2737 3078 omnia
2790 3026 2963 3080 idonei
2992 3037 3178 3092 erant;
3211 3028 3302 3082 sed
3329 3029 3415 3082 alii
3446 3031 3658 3099 quidem

2078 3111 2238 3164 vitam
2267 3128 2447 3180 puram
2479 3115 2724 3182 agebant,
2756 3131 2927 3184 neque
2958 3127 3098 3170 tanta
3125 3117 3227 3171 fide
3255 3119 3462 3186 praediti
3483 3130 3658 3184 eram,

2077 3203 2164 3254 alii
2197 3218 2323 3255 vero
2350 3218 2381 3256 e
2413 3205 2679 3258 contrario
2713 3224 2725 3258 :
2760 3216 2810 3258 et
2841 3206 2924 3260 his
2955 3208 3117 3260 utitur
3137 3248 3149 3270 ,
3177 3218 3233 3260 ut
3265 3209 3383 3261 illos
3409 3222 3658 3275 moueat,

2079 3301 2128 3343 ut
2165 3292 2380 3345 multam
2407 3293 2562 3347 fidem
2589 3294 2895 3361 exhibeant,
2921 3307 2975 3350 et
3001 3297 3117 3351 illos
3151 3315 3243 3366 per
3268 3298 3530 3354 ineffabile
3561 3301 3659 3357 hoc

2078 3384 2272 3435 donum
2304 3391 2520 3447 evocat,
2557 3393 2614 3437 ut
2644 3385 2891 3440 meliores
2921 3387 3165 3440 evadant.

2148 3474 2202 3526 2.
2235 3473 2466 3528 Potestas
2496 3478 2902 3539 supernaturatis
2926 3479 3033 3532 sine
3062 3481 3240 3532 virtute
3269 3479 3473 3534 exitium
3500 3481 3654 3550 parit.

2091 3567 2297 3620 Virtutis
2324 3569 2688 3638 prterogntirte.
2717 3599 2776 3610 ——
2810 3570 3038 3640 Ideoque
3063 3573 3516 3627 almndautissime
3533 3590 3657 3643 gra-

2080 3663 2202 3713 tiam
2247 3661 2427 3714 dahat.
2482 3660 2716 3727 Virtutes,
2751 3663 3015 3733 inquiunt,
3067 3665 3251 3717 multus
3295 3667 3522 3735 fecimus.
3554 3666 3659 3720 Sed

2079 3753 2351 3820 conﬁtebor
2399 3753 2502 3806 illis
2546 3763 2691 3819 tunc,
2725 3753 2846 3806 Non
2882 3757 2994 3808 novi
3023 3771 3125 3808 vos.
3165 3756 3317 3810 Nunc
3357 3757 3568 3826 quidem
3600 3774 3660 3811 se

2078 3844 2274 3896 amicos
2319 3858 2466 3897 meos
2491 3859 2610 3898 esse
2640 3853 2866 3913 putant;
2903 3855 3026 3898 tunc
3058 3861 3184 3899 vero
3223 3857 3548 3915 cognoscmt
3574 3863 3660 3901 me

2083 3937 2184 3990 illis
2235 3952 2338 3989 non
2386 3946 2442 3988 ut
2495 3937 2681 3990 amicis
2724 3936 2950 3990 dedisse.
2990 3937 3192 4006 Ecquid
3223 3938 3430 3991 miraris
3457 3939 3499 3990 si
3532 3940 3660 3992 viris

2079 4028 2291 4096 quidem
2321 4028 2372 4080 in
2402 4028 2572 4096 ipsum
2604 4028 2967 4082 credentibus.
2992 4029 3084 4081 sed
3116 4029 3276 4082 vitam
3307 4047 3411 4082 non
3454 4029 3659 4083 baben-

2081 4119 2220 4172 libus
2245 4134 2557 4182 consonam,
2582 4137 2798 4173 munera
2831 4121 2918 4174 illa
2948 4121 3112 4185 dedit,
3137 4123 3348 4190 quando
3371 4123 3420 4174 in
3448 4122 3512 4175 iis
3527 4137 3659 4191 quo-

2078 4226 2181 4280 que
2205 4211 2291 4279 qui
2317 4222 2542 4280 utroque
2572 4211 2878 4280 hujusmodi
2912 4215 3051 4265 bono
3080 4214 3228 4267 vacui
3255 4223 3428 4278 erant,
3457 4214 3659 4266 inveni-

2081 4311 2166 4355 tur
2190 4302 2484 4370 operatus?
2514 4303 2726 4357 Balaam
2753 4303 2948 4373 quippe
2972 4314 3026 4358 et
3047 4319 3074 4357 a
3113 4305 3216 4360 fide
3245 4315 3299 4358 et
3324 4322 3353 4359 a
3387 4307 3521 4361 bona
3553 4311 3656 4361 vita

2078 4395 2282 4448 alienus
2309 4403 2426 4448 erat
2460 4394 2479 4465 (
2512 4393 2672 4448 Num.
2703 4395 2774 4450 24
2799 4397 2858 4466 );
2906 4405 3137 4451 attamen
3165 4399 3331 4468 gratia
3373 4399 3422 4452 in
3462 4401 3554 4453 illo
3593 4401 3658 4454 ad

2079 4486 2302 4539 aliorum
2336 4501 2423 4540 res
2454 4485 2807 4555 providendas
2833 4499 3051 4557 operata
3079 4498 3178 4543 est.
3213 4490 3496 4561 Etiamque
3526 4491 3662 4545 Pha-

2081 4591 2173 4630 rao
2219 4578 2341 4631 talis
2364 4588 2478 4631 erat
2504 4595 2518 4641 ;
2547 4587 2602 4632 et
2627 4586 2805 4632 tamen
2838 4579 2934 4648 ipsi
2973 4595 3182 4649 quoque
3212 4580 3384 4634 futura
3407 4583 3660 4636 ostendit.

2081 4670 2147 4722 Et
2191 4668 2701 4734 Nabuchodonosori
2744 4670 3077 4739 iniquissimo
3121 4685 3182 4723 ea
3227 4687 3344 4737 qua:
3375 4681 3495 4740 post
3523 4674 3666 4726 mul-

2084 4774 2163 4817 las
2211 4766 2582 4833 generationes
2625 4764 2800 4818 futura
2848 4774 3002 4818 erant
3047 4764 3512 4835 revelavit(Dan.
3558 4765 3594 4819 2
3623 4766 3663 4836 ).

2087 4856 2252 4923 Ipsius
2283 4871 2495 4925 quoque
2525 4855 2651 4918 lilio,
2681 4854 2772 4924 qui
2801 4862 3007 4924 patrem
3041 4854 3321 4923 iniquitate
3351 4857 3660 4925 superabat,

2085 4949 2258 5002 futura
2307 4947 2575 5006 ostendit;
2611 4945 2882 4999 mirabiles
2919 4961 3246 5015 magnasque
3287 4963 3374 5002 res
3427 4949 3496 5001 ita
3551 4950 3664 5002 dis-

2087 5053 2313 5108 pensans
2353 5038 2372 5107 (
2404 5037 2535 5090 Dan.
2565 5037 2654 5104 5).
2692 5036 2825 5104 Quia
2871 5036 3028 5105 igitur
3069 5038 3458 5106 praedicationis
3503 5055 3661 5092 exor-

2086 5129 2170 5184 dia
2196 5137 2305 5181 tum
2335 5135 2508 5193 erant,
2541 5127 2813 5196 multaque
2838 5127 3119 5196 oportebat
3158 5128 3271 5198 ejus
3301 5130 3550 5197 potentiae
3578 5145 3650 5179 ar-

2087 5229 2335 5290 gumenta
2366 5219 2687 5283 monstrari,
2715 5218 2864 5272 multi
2890 5234 2956 5273 ex
2982 5219 3318 5290 indignorum
3368 5223 3530 5272 etiam
3563 5233 3651 5270 nu-

2090 5327 2240 5364 mero
2267 5311 2404 5365 dona
2432 5310 2782 5380 accipiebant.
2811 5311 3148 5365 Attamenilli
3166 5326 3232 5363 ex
3265 5308 3559 5363 istiusmodi
3590 5309 3652 5360 si-

2087 5405 2204 5475 gnis
2235 5403 2364 5457 nihil
2407 5403 2772 5471 lucrabantur,
2811 5403 2904 5458 sed
2940 5404 3098 5458 etiam
3143 5403 3372 5471 graviori
3407 5402 3664 5470 supplicio

2090 5497 2399 5567 puniuntur.
2452 5496 2680 5566 Ideoque
2730 5496 2870 5550 hanc
2915 5495 3204 5548 terribilem
3262 5508 3445 5547 vocem
3492 5495 3663 5552 emisit

2098 5587 2267 5658 ipsis:
2303 5585 2591 5657 Numquam
2620 5589 2732 5641 novi
2761 5603 2866 5641 eos.
2919 5584 3110 5638 Multos
3159 5597 3302 5638 enim
3344 5583 3429 5640 hic
3463 5585 3663 5651 odit,et
