4080 6138
461 243 566 300 395

460 374 585 417 ante
613 359 864 432 judicium
897 359 912 390 ¹
945 366 1239 412 aversatur.
1271 356 1578 410 Timeamus
1606 354 1804 422 itaque,
1837 350 2036 414 dilecti,

466 464 522 508 et
543 452 764 507 multam
794 449 1133 505 instituendae
1157 449 1280 502 vita:
1303 463 1485 501 curam
1515 445 1917 514 impendamus;
1951 460 2044 498 ne-

461 559 565 614 que
592 552 834 612 putemus
865 543 1042 596 minus
1069 557 1166 594 nos
1195 541 1412 602 habere,
1438 539 1558 608 quia
1589 539 1734 607 signa
1766 551 1906 590 nunc
1937 551 2040 589 non

464 636 708 691 facimus.
737 637 875 691 Nihil
905 638 1048 691 enim
1081 651 1330 704 umquam
1361 633 1592 702 amplius
1619 647 1682 687 ex
1706 632 1868 698 signis
1892 630 2042 683 nobis

465 726 892 791 reddetur,sicut
915 726 1045 779 nihil
1071 727 1244 778 minus
1273 723 1492 790 ecquod
1519 724 1666 790 signa
1692 737 1795 774 non
1817 720 2040 774 edamus

465 817 506 867 si
533 817 816 870 virtutibus
837 819 1082 870 omnibus
1106 817 1292 869 demus
1323 830 1560 883 operam.
1582 814 1864 882 Signorum
1892 813 2043 882 quip-

465 925 530 978 pe
563 911 831 965 debitores
862 927 965 964 non
985 925 1189 975 sumus,
1219 923 1312 976 pro
1341 910 1478 960 bona
1501 916 1676 959 autem
1703 908 1806 958 vita
1831 915 1884 958 et
1914 920 2045 972 ope-

466 1000 652 1066 ribus,
687 1002 850 1054 Deum
903 1001 1159 1054 habemus
1204 1000 1524 1052 debitorem.
1571 996 1705 1064 Quia
1749 997 1907 1066 igitur
1958 995 2046 1048 ille

464 1102 652 1146 cuncta
687 1092 922 1160 perfecit.
951 1100 1006 1146 et
1034 1092 1100 1144 de
1131 1092 1325 1143 virtute
1351 1089 1752 1142 accuratissime
1774 1086 2042 1149 disseruit,

465 1198 527 1238 ac
546 1182 792 1236 virtutem
825 1183 1138 1236 simulantes
1167 1197 1194 1234 a
1226 1181 1406 1249 probis
1445 1180 1685 1233 diversos
1711 1193 1830 1232 esse
1859 1188 2042 1232 osteno

463 1274 577 1338 dit;
608 1275 724 1329 illos
761 1291 949 1345 nempe
972 1276 1058 1344 qui
1083 1275 1387 1343 jejunarent
1417 1274 1497 1327 vel
1528 1283 1745 1327 orarent
1771 1273 1834 1325 ad
1863 1281 2044 1326 osten-

467 1366 740 1432 tationem,
771 1381 863 1420 eos
903 1369 990 1434 qui
1023 1367 1121 1418 sub
1173 1366 1310 1432 pelle
1351 1365 1528 1418 ovium
1594 1363 1928 1428 accederent,
1953 1377 2046 1416 eos

465 1459 550 1525 qui
584 1459 833 1513 virtutem
867 1457 1282 1522 labefactarent,
1317 1472 1450 1525 quos
1495 1464 1549 1510 et
1579 1470 1768 1523 porcos
1797 1464 1851 1508 et
1887 1468 2046 1506 canes

466 1549 697 1612 vocavit,
727 1547 1017 1601 ostendens
1050 1548 1261 1601 demum
1295 1555 1549 1615 quantum
1581 1555 1724 1598 esset
1749 1544 1830 1598 vel
1865 1544 1914 1596 in
1949 1543 2046 1598 hac

471 1644 578 1694 vita
609 1643 824 1694 virtutis
851 1641 1052 1693 lucrum
1084 1679 1098 1704 ,
1143 1648 1501 1708 quantmnque
1532 1645 1828 1706 emergeret
1855 1650 1920 1691 ex
1949 1636 2047 1688 im-

469 1732 729 1800 probitate
781 1743 1154 1786 nocumentum
1179 1771 1194 1797 ,
1245 1731 1373 1786 dicit
1423 1747 1435 1782 :
1467 1730 1558 1784 24.
1593 1727 1769 1783 Omnis
1797 1729 1881 1798 qui
1906 1728 2047 1780 audit

471 1825 619 1878 verba
641 1842 751 1878 mea
777 1825 884 1878 haec
907 1866 924 1890 ,
951 1836 996 1877 et
1027 1825 1149 1894 facit
1173 1841 1250 1889 ea,
1295 1823 1656 1876 assimilubitur
1683 1823 1787 1875 viro
1807 1821 2042 1889 sapienti.

471 1914 601 1968 Nam
637 1915 727 1984 qui
759 1916 917 1969 verba
947 1915 1062 1983 ejus
1091 1931 1194 1967 non
1225 1915 1528 1978 obServant,
1561 1913 1768 1967 etiamsi
1798 1913 1942 1981 signa
1973 1912 2047 1963 fa-

471 2006 634 2071 ciant,
665 2022 783 2074 qua:
804 2007 1008 2075 passuri
1038 2006 1145 2059 sint
1173 2005 1392 2059 audistis
1421 2021 1434 2056 :
1468 2005 1644 2057 sciatis
1675 2014 1850 2056 autem
1873 2018 2032 2071 opor-

469 2107 566 2162 tet,
599 2098 791 2168 quibus
822 2099 1062 2152 fruentur
1083 2099 1233 2151 bonis
1260 2097 1290 2150 ii
1319 2097 1406 2166 qui
1435 2097 1591 2149 dictis
1617 2096 1864 2148 omnilms
1889 2093 2046 2147 obse-

463 2201 718 2260 quuntur,
749 2205 853 2242 non
887 2190 939 2242 in
967 2188 1145 2242 futuro
1176 2198 1378 2240 tantum
1414 2186 1612 2240 sa‘culu
1633 2227 1647 2249 ,
1677 2184 1770 2239 sed
1799 2186 1958 2239 etiam
1993 2185 2042 2238 in

466 2281 736 2350 praesenti.
770 2279 969 2344 Omnis,
1002 2279 1201 2347 inquit,
1233 2279 1319 2346 qui
1347 2279 1489 2329 audit
1530 2276 1678 2329 verba
1705 2293 1814 2328 mea
1840 2279 1962 2337 lucc,
1998 2285 2045 2328 et

465 2372 585 2440 facit
625 2387 682 2423 ea
709 2410 722 2433 ,
772 2370 1133 2423 assimilabitur
1174 2369 1279 2420 viro
1307 2368 1543 2436 sapienti.
1595 2367 1751 2420 Vides
1778 2366 2045 2436 quomodo

462 2477 764 2517 sermonem
790 2464 983 2524 variet,
1010 2460 1172 2514 modo
1203 2460 1388 2513 dicens
1411 2501 1424 2522 ,
1456 2457 1575 2511 Non
1617 2460 1778 2510 omnis
1815 2459 1902 2527 qui
1926 2458 2047 2510 dicit

462 2555 588 2608 mihi
619 2596 633 2620 ,
660 2553 893 2616 Domine,
932 2553 1160 2616 Domine,
1192 2568 1419 2620 seseque
1462 2551 1733 2608 revelatis:
1767 2551 1925 2604 modo
1952 2566 2045 2605 au-

463 2657 591 2712 tem,
624 2645 720 2710 Qui
749 2646 870 2715 facit
897 2644 1207 2697 voluntatem
1246 2643 1416 2696 Patris
1444 2641 1557 2705 mei,
1590 2651 1644 2693 et
1674 2657 1858 2694 rursus
1881 2655 1935 2694 se
1956 2641 2044 2708 ju-

462 2739 632 2792 tlicem
663 2737 963 2798 declarans,
987 2735 1138 2788 Multi
1155 2734 1321 2786 dicent
1344 2733 1467 2785 mihi
1489 2733 1539 2784 in
1563 2731 1652 2784 illa
1668 2730 1748 2784 die
1769 2748 1786 2784 :
1811 2729 2040 2792 Domine,

466 2828 695 2890 Domine,
714 2843 876 2880 nonne
901 2827 953 2878 in
983 2826 1184 2878 nomine
1214 2837 1296 2876 tuo
1325 2822 1771 2892 prap/zetarimus?
1796 2821 1857 2874 Et
1881 2821 2045 2873 dicam

463 2921 532 2973 eis
551 2961 565 2982 ,
592 2917 712 2971 Non
740 2917 851 2970 novi
879 2933 983 2970 vos.
1033 2916 1130 2968 llic
1179 2929 1391 2984 quoque
1421 2911 1654 2966 ostendit
1703 2926 1762 2965 se
1810 2911 2043 2962 omnium

464 3019 778 3080 potestatem
833 3007 1031 3061 habere
1079 3023 1091 3058 :
1136 3015 1457 3075 quapropter
1501 3002 1710 3056 dicebat
1739 3043 1751 3065 ,
1779 3001 1875 3068 Qui
1905 3001 2046 3052 audit

463 3105 612 3157 verba
640 3119 749 3155 mea
770 3101 896 3155 Iure.
931 3099 1060 3168 Quia
1091 3100 1232 3154 enim
1264 3097 1440 3152 omnia
1469 3095 1534 3150 de
1560 3095 1749 3149 futuris
1775 3093 2042 3158 disseruit,

467 3205 522 3250 et
543 3211 764 3265 regnum
807 3207 1112 3247 memorans
1136 3233 1151 3256 ,
1183 3199 1237 3244 et
1278 3189 1579 3243 mercedem
1624 3185 1966 3248 ineffabilem,
1993 3194 2046 3237 et

462 3287 879 3344 consolationem
904 3292 959 3340 et
987 3284 1180 3337 similia
1209 3324 1223 3348 ,
1255 3281 1365 3334 vult
1389 3296 1484 3334 eos
1521 3280 1644 3332 hinc
1671 3276 1909 3348 proferre
1934 3277 2044 3329 fru-

462 3389 579 3436 ctus
625 3394 784 3444 suos,
829 3386 883 3431 et
911 3375 1194 3430 ostendere
1237 3381 1428 3442 quanta
1471 3372 1538 3424 sit
1581 3371 1630 3423 in
1660 3370 1907 3438 praesenti
1941 3367 2046 3420 vita

463 3472 671 3526 virtutis
688 3470 786 3522 vis.
814 3467 942 3534 Qua:
967 3481 1094 3535 ergo
1115 3475 1196 3520 est
1218 3463 1428 3516 virtutis
1457 3462 1536 3514 vis
1557 3462 1580 3512 ’ἐ
1605 3459 1734 3514 Cum
1763 3459 2047 3514 securitate

464 3564 660 3628 vivere,
693 3559 852 3613 nullis
892 3556 1083 3610 cedere
1111 3556 1393 3616 aerumnis,
1442 3551 1758 3605 laedentibus
1797 3549 2046 3602 omnibus

465 3650 798 3722 superiorem
851 3660 970 3700 esse
1019 3662 1033 3696 :
1084 3645 1169 3697 cui
1223 3641 1350 3711 quid
1397 3656 1491 3709 par
1519 3655 1640 3695 esse
1670 3640 1884 3708 possit?
1915 3639 2044 3693 Illud

466 3744 610 3796 enim
637 3755 707 3795 ne
737 3740 782 3792 is
802 3737 1014 3807 quidem
1041 3735 1128 3804 qui
1147 3732 1448 3787 diademate
1497 3731 1791 3793 redimitur,
1825 3729 1925 3782 sibi
1955 3745 2049 3798 po-

469 3843 574 3888 test
593 3845 925 3900 comparare,
958 3826 1052 3882 sed
1080 3825 1169 3880 ille
1194 3825 1341 3879 solus
1370 3826 1457 3894 qui
1490 3822 1670 3877 virtuti
1693 3821 1784 3875 dat
1807 3836 2045 3890 operam.

471 3928 585 3994 ipse
609 3923 802 3992 quippe
833 3919 976 3973 solus
1006 3918 1120 3972 ha‘c
1154 3932 1274 3970 cum
1316 3929 1506 3985 magno
1531 3913 1745 3969 cumulo
1785 3913 2044 3982 possidet,

471 4019 522 4069 in
555 4015 654 4068 hoc
681 4010 1021 4082 praesentium
1054 4024 1229 4063 rerum
1261 4009 1450 4075 euripo
1495 4006 1657 4059 nmlta
1692 4005 1872 4059 fruens
1905 4014 2048 4056 tran-

468 4108 747 4178 quillitate.
776 4103 907 4158 Nam
939 4101 1078 4173 quod
1120 4100 1360 4154 mirabile
1387 4107 1487 4164 est,
1526 4113 1645 4154 cum
1677 4098 1819 4151 nulla
1849 4097 2051 4150 sereni-

469 4211 548 4254 tas
573 4201 659 4261 sit,
691 4197 782 4252 sed
808 4205 1093 4264 tempestas
1119 4193 1407 4248 vehemens
1428 4201 1482 4247 et
1514 4192 1674 4246 tnulta
1699 4190 2046 4259 perturbatio,

469 4294 816 4364 plurimmquc
844 4291 1182 4351 tentationes,
1211 4303 1314 4339 non
1343 4293 1516 4354 potest
1543 4285 1654 4352 ipse
1684 4283 1763 4336 vel
1787 4283 2047 4335 tantillum

469 4397 673 4440 nutare.
706 4383 837 4436 Nam
887 4381 960 4432 ait
985 4423 999 4445 ,
1030 4380 1119 4432 ‘25.
1171 4377 1437 4430 Descendit
1467 4375 1653 4440 pluvia,
1676 4383 1912 4426 venerunt
1949 4373 2050 4440 ﬂu-

468 4478 636 4537 mina,
678 4476 927 4543 ﬂavernnt
955 4473 1102 4533 renti,
1134 4479 1176 4523 et
1201 4471 1457 4522 irruernnt
1484 4468 1535 4519 in
1572 4468 1776 4518 domum
1811 4464 1969 4524 illaut,
2003 4473 2048 4515 et

467 4587 567 4621 non
593 4566 814 4620 cecidit:
846 4563 1055 4629 fundata
1091 4562 1221 4612 enim
1243 4569 1347 4610 erat
1369 4574 1522 4624 supra
1555 4569 1746 4623 petram
1775 4569 1793 4605 :
1823 4555 2048 4622 pluviatn

469 4662 552 4715 hic
583 4671 637 4715 et
665 4659 903 4719 flumina,
935 4665 983 4706 et
1028 4663 1212 4706 ventos
1244 4648 1604 4715 metmiltoriee
1637 4661 1835 4698 vocans
1867 4645 2052 4697 huma-

471 4768 564 4805 nas
586 4750 918 4804 calamitates
944 4758 992 4800 et
1021 4754 1308 4805 :erutnuas,
1339 4737 1584 4790 videlicet
1611 4735 1904 4788 calumnias
1927 4774 1939 4794 ,
1975 4733 2052 4785 in-

467 4843 629 4897 sidias
659 4882 673 4904 ,
701 4843 874 4894 luctus
899 4881 911 4900 ,
948 4847 1145 4891 mortes
1167 4876 1180 4898 ,
1211 4833 1502 4887 dome~tica
1544 4829 1755 4890 damna,
1783 4827 2053 4879 molestias

469 4935 537 4987 ab
567 4932 754 4984 alienis
777 4941 1001 4989 creatas,
1028 4928 1311 4995 omniaque
1340 4932 1530 4976 cietera
1559 4920 1695 4974 mala
1726 4919 1775 4970 in
1812 4935 2052 4986 praesen-

471 5035 578 5080 tem
612 5027 772 5075 vitam
807 5021 1124 5089 ingruentia.
1157 5019 1260 5072 Sed
1287 5013 1589 5084 lmjusmodi
1621 5013 1828 5072 anima,
1861 5009 2047 5078 inquit,

479 5118 607 5172 nulli
640 5116 712 5168 rei
754 5113 896 5166 cedit
930 5131 940 5164 :
976 5112 1131 5179 hujus
1160 5121 1337 5164 autem
1382 5109 1458 5162 rei
1485 5121 1645 5160 causa
1673 5115 1754 5158 est
1774 5144 1788 5165 ,
1815 5103 1956 5172 quod
1987 5101 2056 5155 sit

471 5225 634 5281 supra
670 5215 870 5277 petram
901 5202 1134 5256 fundata.
1166 5201 1376 5255 Petram
1407 5208 1584 5252 autem
1617 5204 1772 5250 vocat
1794 5195 2054 5249 doctrina:

470 5317 582 5355 sua:
611 5299 936 5352 firmitatem.
970 5292 1174 5346 Etenim
1201 5302 1342 5358 petra
1371 5288 1587 5342 fortiora
1618 5295 1740 5338 sunt
1765 5294 2052 5355 prmeepta,

471 5393 848 5459 hominemque
875 5385 1075 5441 faciunt
1107 5382 1350 5436 humanis
1366 5381 1614 5432 omnibus
1637 5378 1885 5432 fluctibus
1905 5394 2056 5448 supe-

473 5485 691 5538 riorem.
711 5482 810 5549 Qui
841 5479 981 5534 enim
1014 5476 1128 5530 hcce
1153 5474 1434 5544 diligenter
1460 5469 1726 5536 observat,
1761 5481 1865 5523 non
1894 5468 2054 5523 modo

529 5653 544 5680 ⁸
570 5655 769 5709 Quidnn
805 5660 1131 5718 Mortust-rip“,
1149 5658 1194 5702 et
1218 5657 1324 5700 ante
1344 5647 1654 5713 molitionem.

1200 238 1256 294 S.
1295 235 1572 295 JOANNIS
1610 232 2080 292 CIIRYSOSTOMI
2119 234 2440 293 ARCHIEP.
2471 239 3004 296 CONSTANTINOP.

3625 249 3724 303 δρι

2153 349 2455 407 hominibus
2481 369 2674 408 nocere
2699 355 3022 409 tentantibus
3049 355 3293 426 superior
3313 356 3434 424 erit,
3455 355 3549 411 sed
3569 359 3723 414 etiam

2152 443 2282 512 ipsis
2309 444 2640 500 daemonibus
2666 446 3057 500 insidiantibus.

2245 537 2298 591 5.
2343 537 2469 591 Sola
2516 539 2670 591 virtus
2700 539 3046 592 inconcussam
3099 542 3232 609 parit
3283 541 3442 592 animi
3491 543 3720 611 quietem.

2152 625 2318 680 Probo
2339 629 2508 680 nullus
2531 638 2686 698 pales!
2707 645 2902 682 nocere.
2931 629 2957 682 Ι
2965 631 3158 698 mprobi
3193 630 3372 682 multos
3391 633 3631 684 sustinent
3653 636 3728 686 la-

2149 719 2385 770 bores.—
2404 717 2554 785 Quod
2589 729 2764 772 autem
2796 720 2909 774 haec
2929 736 3031 773 non
3063 720 3483 789 perjactantiam
3521 723 3626 776 sint
3656 724 3731 777 di:

2148 818 2255 870 cta,
2281 811 2432 862 testis
2464 810 2616 862 nobis
2645 821 2724 863 est
2757 809 2888 874 Job,
2921 811 3008 879 qui
3048 826 3234 863 omnes
3268 811 3462 864 diaboli
3502 813 3732 879 impetus

2150 902 2398 969 excepit,
2443 903 2798 968 immotUsquc
2849 903 3039 956 mansit
3071 921 3083 954 :
3114 904 3382 956 testificari
3413 915 3637 973 possunt
3679 917 3733 959 et

2148 995 2400 1062 apostoli,
2432 996 2520 1063 qui
2547 997 2794 1048 omnibus
2816 996 2963 1050 orbis
2993 995 3239 1050 fluctibus
3268 997 3319 1050 in
3341 1012 3398 1052 se
3430 999 3723 1066 irrumpen-

2157 1085 2319 1152 tibus,
2355 1088 2566 1155 pepulis
2607 1089 2752 1151 item,
2785 1089 3055 1157 tyrannis,
3089 1088 3398 1142 domesticis
3438 1100 3486 1142 et
3519 1090 3731 1151 alienis,

2149 1178 2501 1239 dmmonibus,
2529 1179 2760 1241 diabolo,
2795 1181 3044 1247 omnique
3076 1185 3287 1234 admota
3341 1181 3580 1234 machina
3604 1224 3616 1242 ,
3648 1182 3736 1237 bis

2152 1269 2338 1321 solutis
2361 1270 2607 1321 omnibus
2631 1311 2645 1331 ,
2676 1279 2823 1337 petra
2857 1270 3115 1323 firmiores
3155 1281 3437 1323 Steterunt.
3471 1272 3606 1337 Quid
3639 1272 3732 1341 igi-

2153 1367 2235 1411 tur
2266 1357 2561 1425 hujusmodi
2594 1360 2697 1412 vita
2717 1359 2922 1412 beatius
2948 1374 3066 1414 esse
3094 1362 3300 1430 possit?
3331 1362 3440 1414 lloc
3459 1362 3600 1415 enim
3629 1379 3730 1417 non

2149 1451 2366 1515 divitiaa,
2397 1468 2500 1506 non
2530 1455 2774 1524 corporis
2816 1457 2982 1509 robur
3004 1496 3017 1519 ,
3049 1471 3151 1508 non
3179 1455 3345 1524 gloria
3368 1497 3382 1521 ,
3415 1470 3517 1510 nun
3547 1471 3734 1526 poten-

2152 1540 2242 1602 tia,
2273 1557 2442 1610 neque
2467 1544 2608 1596 aliud
2632 1543 2924 1614 quidpiam,
2960 1546 3052 1599 sed
3086 1546 3197 1599 sola
3223 1547 3431 1600 virtutis
3464 1551 3733 1615 possessio

2152 1635 2666 1699 poteritconeiliare.
2691 1634 2801 1689 Non
2835 1644 3006 1703 potest
3045 1638 3210 1697 enim,
3251 1653 3357 1690 non
3386 1647 3557 1704 potest
3586 1650 3732 1692 certe

2149 1721 2249 1773 alia
2281 1723 2499 1790 reperiri
2533 1724 2636 1776 vita
2673 1724 2827 1778 malis
2855 1727 3104 1780 omnibus
3135 1726 3316 1790 libera,
3353 1728 3450 1779 nisi
3493 1729 3605 1781 lucc
3636 1743 3734 1781 nua

2152 1821 2375 1866 tantum.
2408 1814 2516 1868 Vos
2550 1831 2760 1885 quoque
2794 1826 2954 1871 testes
2980 1820 3131 1882 estis,
3161 1820 3249 1886 qui
3284 1820 3475 1874 videtis
3507 1821 3558 1873 in
3593 1825 3734 1886 regia

2150 1904 2389 1968 insidias,
2410 1908 2496 1976 qui
2531 1908 2789 1962 tumultus
2817 1919 2871 1964 et
2901 1911 3332 1978 perturbationes
3354 1915 3664 1982 conspicitis
3683 1915 3735 1965 in

2149 1994 2374 2048 divitum
2429 1997 2652 2052 uadibus.
2701 1998 2805 2052 Sed
2859 2000 2997 2068 apud
3048 2003 3316 2070 apostolos
3364 2003 3490 2055 nihil
3539 2003 3732 2056 simile.

2149 2084 2287 2150 Qttid
2319 2087 2523 2155 igitur?
2553 2103 2618 2142 an
2647 2089 2777 2142 nihil
2827 2091 2932 2144 tale
2967 2093 3170 2159 experti
3202 2096 3363 2146 sunt?
3394 2094 3593 2147 nihilne
3622 2109 3736 2147 mo-

2149 2175 2340 2229 lestum
2369 2176 2436 2230 ab
2461 2178 2638 2247 aliquo
2667 2191 2788 2232 sunt
2819 2183 3093 2249 perpessi?
3124 2183 3228 2236 Sed
3255 2183 3354 2236 hoc
3373 2185 3611 2237 omnium
3637 2187 3736 2237 mi-

2149 2265 2526 2321 rabilissimum
2555 2271 2802 2340 est,quod
2834 2271 3028 2325 multas
3052 2274 3188 2340 passi
3219 2275 3323 2326 sint
3351 2275 3737 2344 insidias,quod

2149 2360 2330 2414 multa:
2358 2371 2700 2430 tempestates
2748 2365 2796 2416 in
2839 2379 2932 2419 eos
2984 2366 3306 2434 irruperint,
3349 2384 3466 2438 qum
3500 2370 3738 2436 ipsorum

2149 2452 2383 2505 animum
2418 2468 2522 2506 non
2551 2465 2890 2518 everterunt,
2926 2471 3096 2525 neque.
3126 2457 3335 2510 illorum
3377 2461 3736 2514 constantiant

2151 2541 2420 2612 fregerunt
2445 2559 2459 2605 ;
2494 2545 2599 2596 imo
2629 2544 2786 2598 etiam
2821 2545 2973 2600 nudis
3002 2547 3312 2615 corporibus
3335 2561 3634 2618 pugnantes
3657 2553 3739 2604 vi-

2149 2641 2368 2698 cerunt,
2428 2634 2834 2704 superioresque
2865 2647 3168 2691 evaserunt.
3197 2639 3261 2692 Et
3289 2651 3342 2692 tu
3370 2642 3545 2710 itaque
3577 2642 3623 2694 si
3653 2657 3741 2697 re-

2149 2725 2214 2778 lis
2247 2723 2363 2778 bmc
2391 2736 2639 2780 accurate
2684 2727 2989 2791 observare,
3020 2730 3196 2783 omnia
3225 2730 3492 2784 deridebis
3527 2749 3538 2782 :
3575 2732 3738 2786 modo

2151 2816 2290 2868 enim
2322 2816 2503 2870 harum
2543 2816 2972 2872 adhortationum
3004 2819 3335 2889 philosophia
3372 2822 3612 2875 munitus
3641 2823 3736 2888 sis,

2151 2906 2279 2959 nihil
2312 2916 2364 2960 te
2391 2909 2442 2960 in
2466 2923 2750 2962 maerorem
2774 2910 3040 2978 conjicere
3068 2913 3280 2979 poterit.
3307 2911 3362 2964 In
3391 2929 3496 2979 quo
3517 2914 3664 2966 enim
3690 2923 3741 2968 te

2152 2997 2306 3051 lzedet
2337 2998 2378 3050 is
2407 2998 2493 3067 qui
2541 2997 2760 3052 insidias
2785 3001 3077 3054 struxerit?
3108 3017 3173 3054 an
3207 3003 3457 3069 pecunias
3480 3002 3684 3058 auferet
3714 3002 3740 3056 ?

2151 3089 2255 3143 Sed
2279 3098 2404 3144 ante
2431 3089 2600 3144 minas
2633 3090 2768 3143 illius
2795 3091 2976 3160 jussus
3005 3107 3064 3145 es
3115 3092 3229 3144 illas
3257 3103 3606 3148 contemnere
3629 3135 3644 3156 ,
3690 3104 3742 3148 et

2152 3181 2222 3233 ita
2249 3179 2316 3232 ab
2347 3181 2449 3235 illis
2478 3183 2715 3235 animum
2744 3183 3030 3248 abducere,
3061 3193 3118 3238 ttt
3145 3201 3429 3253 numquam
3460 3200 3488 3237 a
3513 3185 3742 3239 Domino

2151 3273 2454 3340 huiusmodi
2488 3273 2756 3342 quidpiam
2792 3285 2963 3343 petas.
2993 3275 3095 3330 Sed
3133 3286 3181 3329 te
3226 3277 3574 3331 incarcerem
3612 3290 3740 3331 can—

2145 3363 2336 3429 jiciet?
2367 3365 2435 3418 At
2464 3375 2587 3418 ante
2620 3379 2890 3419 carcerem
2943 3367 3011 3420 ita
3047 3377 3096 3421 te
3126 3368 3306 3421 vivere
3354 3371 3614 3436 praacepit
3640 3409 3652 3431 ,
3681 3378 3739 3422 ut

2150 3457 2348 3510 mundo
2365 3457 2580 3512 omnino
2607 3458 2890 3512 crucifixus
2910 3459 3002 3512 sis.
3030 3459 3132 3514 Sed
3154 3461 3291 3513 male
3313 3461 3379 3515 de
3402 3470 3452 3516 te
3478 3461 3742 3531 loquitur?

2154 3546 2348 3600 Verum
2403 3545 2506 3600 hoc
2550 3558 2600 3602 te
2633 3548 2818 3602 dolore
2867 3549 3115 3602 liberavit
3152 3550 3396 3604 Christus
3421 3594 3435 3617 ,
3469 3551 3602 3607 dum
3641 3551 3736 3609 tibi

2152 3641 2393 3704 multam,
2427 3640 2557 3692 citra
2601 3641 2857 3705 laborem,
2894 3643 3163 3710 patientiae
3187 3643 3456 3710 pollicitus
3483 3654 3570 3697 est
3597 3660 3739 3698 mer-

2151 3730 2357 3795 cedem,
2381 3741 2539 3799 atque
2569 3731 2636 3784 ita
2668 3741 2717 3785 te
2760 3746 2946 3798 purttnt
2978 3733 3044 3786 ab
3086 3732 3382 3802 hujnsmodi
3442 3735 3518 3788 ira
3563 3747 3620 3790 et
3662 3737 3740 3790 la-

2153 3823 2282 3878 bore
2312 3823 2560 3884 reddidit,
2595 3833 2651 3876 ttt
2672 3825 2890 3893 jusserit
2921 3827 3082 3879 etiam
3115 3842 3212 3894 pro
3251 3827 3481 3881 inimicis
3511 3843 3672 3884 orare
3695 3831 3733 3881 ³.

2151 3913 2255 3968 Sed
2283 3913 2427 3980 pellit
2454 3922 2574 3966 teet
2599 3915 2892 3968 innumeris
2921 3916 3132 3970 obsidet
3161 3917 3314 3970 malis
3336 3918 3360 3967 ?
3392 3919 3460 3971 At
3489 3919 3736 3985 Splendi-

2152 4005 2353 4058 diorem
2377 4005 2467 4057 tibi
2499 4016 2647 4074 parat
2673 4021 2944 4059 Coronam.
2975 4007 3074 4060 Sed
3109 4018 3159 4062 te
3189 4008 3382 4061 occidit
3406 4010 3686 4077 etjugnlat
3707 4011 3732 4060 τ

2153 4096 2240 4151 Sic
2279 4095 2397 4150 ideo
2444 4097 2675 4152 maxime
2707 4097 2798 4151 tibi
2826 4099 3138 4152 beneficimn
3169 4107 3405 4167 praestat,
3435 4111 3736 4171 martyrum

2157 4190 2245 4242 tibi
2279 4189 2490 4258 praemia
2517 4205 2727 4257 parans,
2747 4199 2799 4242 et
2824 4191 2978 4244 citius
3003 4199 3052 4244 te
3081 4191 3296 4243 mittens
3314 4190 3364 4244 in
3385 4192 3732 4259 tranquillum

2157 4289 2386 4349 portum,
2417 4281 2737 4348 majorisque
2781 4281 2872 4333 tibi
2913 4281 3276 4333 retributionis
3322 4281 3454 4335 dans
3494 4283 3740 4337 occasio-

2157 4389 2299 4438 nem,
2327 4389 2390 4426 ac
2418 4373 2508 4426 tibi
2555 4373 2843 4442 previdens
2862 4413 2876 4437 ,
2909 4385 2965 4426 ut
2992 4387 3018 4424 a
3050 4373 3320 4426 connnuui
3346 4374 3429 4425 illa
3463 4373 3739 4427 reddenda

2158 4466 2360 4518 ratione
2390 4474 2440 4518 te
2470 4463 2736 4532 expedias.
2777 4462 2940 4532 quue
2977 4464 3208 4518 maxime
3251 4465 3488 4517 omnium
3533 4465 3738 4519 miran-

2155 4557 2278 4610 dtnn
2310 4566 2412 4620 est,
2443 4558 2580 4624 quod
2615 4571 2803 4624 nempe
2827 4572 2929 4609 non
2958 4556 3114 4610 modo
3135 4555 3262 4609 nihil
3293 4556 3488 4609 laedant
3513 4557 3738 4610 insidia-

2159 4661 2322 4709 tores,
2356 4650 2446 4703 sed
2475 4650 2632 4702 etiam
2661 4649 3048 4718 splendidiores
3077 4650 3193 4703 illos
3220 4649 3445 4702 reddant
3470 4665 3608 4717 quos
3636 4651 3734 4701 im-

2157 4753 2360 4811 petuut.
2407 4739 2500 4794 Cui
2544 4741 2682 4794 bono
2712 4739 2839 4810 quid
2881 4756 2973 4808 par
3017 4755 3264 4808 umquam
3299 4739 3495 4801 fuerit,
3528 4739 3745 4809 quando

2158 4835 2278 4887 talis
2319 4833 2568 4902 deligitur
2609 4833 2731 4893 vita,
2785 4832 2957 4900 qualis
2999 4833 3112 4885 lucc
3161 4831 3270 4884 Sola
3311 4831 3562 4883 exsistit?
3607 4829 3741 4895 Quia

2157 4926 2297 4980 enim
2321 4925 2525 4979 dixerat
2551 4938 2749 4978 aret-am
2779 4932 2828 4976 et
2859 4933 3134 4992 angustam
3165 4937 3285 4976 esse
3309 4923 3447 4975 viam
3490 4921 3622 4976 hinc
3656 4923 3734 4972 la-

2158 5019 2301 5072 boris
2321 5019 2736 5072 consolationem
2763 5016 3012 5079 all'crens,
3044 5015 3274 5068 ostendit
3303 5030 3543 5084 magnam
3575 5014 3628 5066 in
3649 5013 3737 5065 illa

2159 5128 2278 5166 esse
2307 5112 2669 5172 securitatem,
2705 5125 2944 5178 magnam
2971 5109 3294 5177 voluptatem
3321 5147 3336 5171 ,
3363 5107 3496 5160 sicut
3527 5106 3578 5158 in
3607 5119 3742 5159 cen-

2159 5205 2322 5259 traria
2353 5220 2594 5275 magnam
2627 5205 2940 5272 pravitatem
2963 5203 3004 5265 ',
3033 5205 3217 5272 ingens
3247 5200 3516 5254 damnum.
3547 5197 3743 5264 Quem-

2159 5296 2442 5352 admodum
2472 5296 2612 5349 enim
2645 5297 2765 5348 hinc
2799 5294 3006 5347 virtutis
3037 5294 3252 5362 praemia
3284 5292 3637 5353 monstravit,
3661 5290 3738 5340 sic

2158 5398 2211 5442 et
2229 5388 2476 5457 nequitia:
2499 5386 2920 5441 retributionem.
2948 5385 3078 5438 Nam
3102 5384 3241 5455 quod
3265 5380 3442 5435 dicere
3462 5379 3740 5439 consuevi.

2225 5585 2240 5616 ι
2279 5581 2370 5631 Alii
2390 5596 2485 5630 non
2511 5583 2667 5644 pauci,
2692 5581 2833 5630 ctiam
2859 5595 2946 5643 pro
2968 5580 3050 5630 illo
3071 5595 3232 5632 orare.

2225 5648 2244 5676 ε
2278 5645 2391 5704 Alii,
2416 5657 2636 5707 magnam
2660 5645 2987 5692 temeritatem.
