4080 6138
449 276 560 331 5‘25

454 401 564 472 γάρ
588 395 707 452 εἷπε
740 397 930 468 στενὴν
979 397 1070 452 καὶ
1120 400 1484 470 τεθλιμμένην
1518 402 1613 472 τὴν
1651 403 1787 468 ὁδὸν,
1840 401 2131 456 κάντεῦθεν

453 481 955 553 παραμυθούμενος
1004 483 1128 546 τοὺς
1172 484 1400 546 πόνους,
1453 485 1688 537 δείκνυσι
1725 486 1922 556 πολλὴν
1968 486 2134 554 αὐτῆς

462 563 627 618 οὖσαν
682 566 782 636 τὴν
816 566 1134 634 ἀσφάλειαν,
1188 567 1387 636 πολλὴν
1420 569 1516 637 τὴν
1558 569 1771 639 ἡδονὴν,
1820 569 2006 639 ὥσπερ
2043 565 2134 621 οῦν

458 647 551 700 καὶ
580 648 676 717 τῆς
706 648 956 710 ἐναντίας
987 648 1184 718 πολλὴν
1214 649 1308 718 τὴν
1334 651 1638 720 σαθρότητα
1657 653 1751 704 καὶ
1779 653 1874 721 τὴν
1908 650 2128 720 ζημίαν.

463 730 727 802 Καθάπερ
754 732 864 800 γὰρ
897 731 996 800 τῆς
1041 732 1239 800 ἀρετῆς
1279 732 1571 785 κάντεῦθεν
1609 733 1773 797 ἔδειξε
1812 733 1880 786 τά
1905 731 2133 790 ἔπαθλα,

457 815 600 868 οὑτω
635 815 727 866 καὶ
770 815 868 882 τῆς
922 814 1116 876 κακίας
1163 816 1229 866 1'1
1275 816 1544 884 ἐπίχειρα.
1585 817 1692 868 Καὶ
1732 816 1838 888 γάρ
1872 818 2008 884 ὅπερ
2051 813 2135 865 ἀεὶ

457 898 634 968 λέγω,
665 896 822 951 τοῦτο
862 897 954 950 καὶ
983 896 1074 949 νῦν
1103 897 1231 966 ἐρῶ,
1263 896 1328 949 δι’
1362 898 1684 968 ἀμφοτέρων
1729 897 2004 969 πανταχοῦ
2031 913 2132 949 κα-

457 982 786 1046 τασκευάζει
830 981 937 1033 τῶν
976 979 1257 1050 ἀκροατῶν
1306 979 1402 1049 τὴν
1466 983 1761 1052 σωτηρίαν,
1817 981 1904 1034 διά
1935 998 1992 1033 τε
2037 979 2132 1032 τοῦ

461 1065 622 1136 ζήλου
643 1063 746 1133 τῆς
767 1062 987 1133 ἀρετῆς,
1019 1062 1106 1114 διά
1127 1079 1183 1113 τε
1211 1060 1306 1114 τοῦ
1330 1065 1426 1132 τῆς
1453 1065 1649 1125 κακίας
1671 1064 1878 1133 μίσους.
1916 1061 2130 1129 Ἐπειδὴ

459 1149 570 1218 γάρ
598 1145 821 1217 ἔμελλόν
851 1161 993 1206 τινες
1027 1139 1185 1208 εἶναι,
1217 1144 1283 1196 τὰ
1311 1145 1412 1214 μὲν
1445 1145 1711 1216 λεγόμενα
1743 1145 2130 1216 θαυμάζοντες,

457 1229 557 1299 τὴν
579 1229 634 1281 δὲ
664 1228 750 1281 διά
779 1227 886 1279 τῶν
919 1227 1094 1296 ἔργων
1135 1228 1195 1279 οὐ
1237 1228 1565 1298 παρέχοντες
1617 1229 1893 1293 ἐπίδειξιν,
1929 1245 2132 1300 προκα-

457 1311 818 1382 ταλαμϐάνων
857 1310 1054 1372 αὐτοὺς
1102 1311 1257 1378 φοϐεῖ
1303 1311 1497 1378 λέγων,
1547 1314 1625 1364 ὅτι
1671 1315 1716 1365 εί
1755 1315 1848 1365 καὶ
1887 1312 2024 1364 καλά
2063 1312 2132 1364 τά

458 1395 742 1466 εἰρημένα,
775 1393 873 1444 οὐκ
903 1393 1062 1463 ἀρκεῖ
1087 1395 1163 1455 εἰς
1191 1394 1488 1461 ἀσφάλειαν
1516 1397 1547 1464 ἡ
1581 1396 1858 1466 ἀκρόασις,
1891 1395 2025 1448 ἀλλά
2053 1395 2131 1447 δεῖ

458 1480 550 1530 καὶ
592 1478 689 1546 τῆς
721 1476 808 1528 διὰ
839 1477 944 1526 τῶν
987 1475 1162 1545 ἔργων
1203 1477 1484 1544 ὑπακοῆς,
1517 1478 1609 1529 καὶ
1643 1479 1700 1528 16
1731 1481 1836 1532 πᾶν
1873 1481 1928 1531 ἐν
1957 1479 2129 1548 τούτῳ

462 1559 697 1630 μάλιστά
723 1559 858 1609 ἐστι.
884 1555 987 1608 Καὶ
1012 1557 1241 1609 ἐνταῦθα
1265 1558 1520 1611 καταλύει
1543 1560 1630 1612 τὸν
1651 1559 1825 1628 λόγον,
1854 1561 1944 1613 τὸν
1969 1562 2128 1628 φόϐον

456 1644 640 1704 αὐτοῖς
681 1643 1056 1710 ἐνακμάζοντα
1078 1642 1121 1672 ²⁰
1153 1642 1329 1709 ἀφείς.
1369 1643 1577 1711 ’Ὠσπερ
1606 1643 1712 1714 γὰρ
1745 1645 1836 1695 ἐπὶ
1872 1644 1968 1714 τῆς
2001 1645 2127 1714 ἁρε-

456 1725 557 1794 τῆς
579 1724 678 1775 οὐκ
712 1724 818 1776 ἀπὸ
849 1722 954 1775 τῶν
987 1723 1285 1792 μελλόντων
1309 1724 1610 1795 προέτρεψε
1641 1726 1821 1795 μόνον,
1853 1726 2125 1795 βασιλείαν

459 1805 651 1865 εἰπὼν,
681 1807 774 1859 καὶ
802 1807 1083 1876 οὐρανοὺς,
1121 1807 1212 1860 καὶ
1245 1807 1434 1876 μισθὸν
1473 1809 1698 1875 ἄφατον,
1729 1809 1822 1862 καὶ
1849 1809 2128 1880 παράκλη-

460 1905 564 1954 σιν,
602 1890 695 1942 καὶ
726 1889 794 1942 τά
821 1890 988 1960 μυρία
1026 1889 1224 1957 ἀγαθὰ,
1260 1889 1396 1942 ἀλλά
1435 1891 1527 1943 καὶ
1557 1891 1664 1944 ἀπὸ
1692 1891 1798 1942 τῶν
1823 1893 2123 1962 παρόντων,

456 1973 518 2026 τὸ
553 1973 776 2044 στερρὸν
804 1974 896 2025 καὶ
917 1972 1168 2042 ἀκίνητον
1189 1971 1563 2043 ἐνδειξάμενος
1599 1974 1694 2042 τῆς
1715 1975 1950 2045 πέτρας·
1985 1973 2127 2026 οὕτω

456 2059 550 2110 καὶ
585 2057 676 2109 ἐπὶ
704 2057 799 2126 τῆς
833 2055 1024 2116 κακίας
1067 2055 1166 2107 οὐκ
1205 2054 1312 2106 ἀπὸ
1338 2055 1445 2107 τῶν
1478 2056 1940 2125 προσδοκωμένων
1973 2056 2128 2125 φοϐεῖ

460 2142 642 2211 μόνον,
665 2135 776 2193 οἷον
802 2137 896 2192 τοῦ
919 2139 1254 2209 κοπτομένου
1279 2139 1518 2208 δένδρου,
1542 2139 1635 2191 καὶ
1655 2138 1748 2191 τοῦ
1784 2138 1933 2211 [504]
1957 2142 2126 2211 πυρὸς

452 2225 548 2277 τοῦ
591 2223 878 2286 ἀσϐέστου,
915 2223 1006 2274 καὶ
1043 2221 1134 2274 τοῦ
1167 2223 1239 2292 μὴ
1274 2221 1531 2274 εἰσελθεῖν
1575 2223 1652 2284 εἰς
1696 2223 1794 2294 τὴν
1827 2222 2121 2292 βασιλείαν,

455 2309 550 2362 καὶ
595 2306 686 2360 τοῦ
736 2306 933 2372 λέγειν,
983 2307 1105 2358 Οὐκ
1157 2301 1288 2357 οἶδα
1334 2302 1525 2372 ὑμᾶς·
1573 2304 1706 2357 ἀλλά
1751 2307 1845 2358 καὶ
1881 2305 1988 2357 ἀπὸ
2019 2307 2126 2359 τῶν

455 2393 758 2464 παρόντων,
790 2391 888 2457 τῆς
929 2388 1187 2450 πτώσεως
1212 2387 1352 2455 λέγω
1380 2388 1478 2458 τῆς
1517 2387 1656 2440 κατὰ
1680 2390 1779 2459 τὴν
1811 2388 2006 2442 οἰκίαν.
2037 2390 2127 2441 Διὸ

454 2478 550 2531 καὶ
591 2472 1064 2546 ἐμφαντικώτερον
1115 2470 1208 2524 τὸν
1245 2469 1400 2538 λόγον
1455 2471 1725 2540 ἐποίησεν,
1759 2471 1852 2524 ἐπὶ
1887 2471 2127 2542 παραϐο-

453 2561 552 2628 λῆς
595 2559 724 2612 αὐτὸ
757 2560 800 2588 ¹¹
855 2555 1168 2626 γυμνάζων.
1229 2555 1361 2606 Οὐδὲ
1405 2555 1514 2622 γὰρ
1566 2550 1632 2623 ἦν
1667 2557 1841 2606 εἰπεῖν
1870 2555 2003 2619 ἴσον,
2043 2557 2125 2608 ὅτι

454 2643 751 2713 ἀχείρωτος
786 2639 942 2692 ἔσται
987 2640 1014 2691 ὁ
1054 2629 1337 2708 ἐνάρετος,
1371 2640 1465 2690 καὶ
1499 2637 1766 2700 εὐάλωτος
1802 2638 1831 2688 6
1872 2637 2124 2708 πονηρὸς,

454 2727 550 2780 καὶ
586 2725 787 2794 πέτραν
823 2722 1015 2786 θεῖναι,
1048 2722 1141 2773 καὶ
1170 2720 1367 2783 οἰκίαν,
1401 2722 1493 2774 καὶ
1524 2724 1820 2791 ποταμοὺς,
1856 2721 1952 2774 καὶ
1996 2721 2124 2792 βρο-

453 2811 575 2882 χὴν,
601 2809 693 2862 καὶ
717 2807 936 2876 ἄνεμον,
969 2806 1060 2859 καὶ
1084 2806 1183 2858 ὅσα
1207 2805 1451 2859 τοιαῦτα.
1479 2805 1587 2858 Καὶ
1609 2807 1653 2838 ³³
1685 2803 1804 2871 πᾶς
1831 2810 1863 2860 ό
1889 2807 2128 2860 ἀκούων

447 2911 566 2963 μου
615 2891 755 2956 τοὺς
785 2890 1006 2957 λόγους
1041 2888 1314 2953 τούτους,
1363 2887 1517 2957 φησί,
1554 2887 1649 2941 καὶ
1675 2887 1760 2957 μὴ
1795 2888 1982 2942 ποιῶν
2021 2891 2127 2943 αὑ-

452 2974 615 3039 τοὺς,
661 2971 1088 3042 ὁμοιωθήσεται
1131 2969 1302 3038 ἀνδρὶ
1337 2969 1530 3038 μωρῷ,
1575 2971 1742 3036 ὅστις
1781 2970 2129 3042 ᾠκοδόμησε

451 3059 568 3125 τὴν
599 3055 795 3108 οἰκίαν
816 3053 1000 3108 αὐτοῦ
1027 3052 1124 3106 ἐπὶ
1157 3052 1272 3120 τὴν
1292 3052 1536 3122 ψάμμον
1558 3054 1625 3106 *³.
1652 3053 1842 3115 Καλῶς
1863 3053 1920 3106 δὲ
1949 3055 2128 3126 μωρὸν

454 3141 679 3196 ἐκάλεσε
723 3136 912 3192 τοῦτον
928 3137 994 3189 ".
1031 3137 1096 3188 Τί
1139 3137 1249 3208 γάρ
1281 3136 1347 3189 ἂν
1395 3137 1602 3204 γένοιτο
1643 3136 1996 3208 ἀνοητότερον
2033 3136 2126 3190 τοῦ

451 3225 627 3277 οἰκίαν
668 3218 1072 3290 οἰκοδομοῦντος
1122 3219 1215 3270 ἐπὶ
1273 3218 1370 3288 τῆς
1430 3217 1681 3288 ψάμμου,
1737 3220 1833 3272 καὶ
1882 3220 1972 3272 τὸν
2031 3221 2128 3290 μὲν

451 3309 614 3361 πόνον
661 3305 1041 3375 ὑπομένοντος,
1072 3301 1166 3355 τοῦ
1193 3301 1248 3354 δὲ
1277 3301 1490 3374 καρποῦ
1520 3302 1614 3355 καὶ
1643 3303 1740 3372 τῆς
1763 3302 2123 3367 ἀναπαύσεως

451 3389 943 3462 ἀποστερουμένου,
967 3388 1061 3440 καὶ
1099 3387 1220 3439 ἀντὶ
1262 3385 1451 3438 τούτου
1481 3386 1698 3438 κόλασιν
1731 3387 2124 3457 ὐπομένοντος;

454 3480 572 3532 Ὀτι
602 3476 710 3547 γὰρ
741 3475 836 3527 καὶ
871 3474 919 3526 οί
965 3471 1162 3525 κακίαν
1196 3470 1469 3540 μετιόντες
1511 3470 1799 3540 κάμνουσι,
1832 3471 1994 3523 παντί
2025 3487 2125 3523 που

450 3561 610 3630 δῆλόν
641 3563 754 3612 ἐστι
780 3574 791 3585 ·
823 3557 917 3609 καὶ
946 3555 1056 3624 γάρ
1082 3553 1174 3606 καί⁸
1203 3555 1247 3584 ³⁵
1275 3554 1303 3605 6
1326 3553 1527 3622 ἅρπαξ,
1555 3553 1646 3606 καὶ
1674 3556 1702 3606 6
1742 3553 1945 3624 μοιχὸς,
1975 3555 2068 3607 καὶ
2100 3557 2128 3607 6

453 3643 792 3708 συκοφάντης
815 3637 982 3690 πολλὰ
1001 3635 1222 3689 πονοῦσι
1246 3637 1339 3688 καὶ
1359 3635 1854 3706 ταλαιπωροῦνται,
1875 3636 2012 3690 ὥστε
2029 3637 2126 3707 τὴν

452 3724 632 3778 αὐτῶν
686 3721 882 3775 κακίαν
935 3722 1014 3781 είς
1049 3719 1198 3781 τέλος
1248 3720 1496 3787 ἀγαγεῖν·
1531 3719 1645 3772 ἀλλ’
1680 3721 1742 3772 οὐ
1786 3720 1944 3790 μόνον
1976 3721 2126 3775 οὐδὲν

451 3809 560 3862 ἀπὸ
586 3804 691 3859 τῶν
723 3804 899 3856 πόνων
939 3801 1142 3854 τούτων
1183 3801 1517 3870 καρποῦνται
1553 3802 1614 3853 16
1637 3803 1682 3833 ²⁶
1730 3801 1950 3873 κέρδος,
1991 3801 2126 3856 ἀλλά

451 3890 546 3944 καὶ
585 3887 784 3956 πολλὴν
816 3885 1143 3955 ὑπομένουσι
1167 3884 1264 3955 τὴν
1294 3885 1516 3955 ζημίαν.
1561 3885 1712 3938 Ἐπεὶ
1741 3887 1832 3938 καὶ
1859 3887 1886 3939 6
1917 3887 2126 3950 Παῦλος

451 3973 607 4027 τοῦτο
629 3971 670 4002 ⁸⁷
726 3969 1094 4038 αἰνιττόμενος
1151 3967 1366 4036 ἔλεγεν’
1436 3969 1498 4022 '0
1550 3969 1815 4036 σπείρων
1874 3971 1962 4036 εἰς
2014 3970 2127 4037 τὴν

449 4057 645 4125 σάρκα
677 4052 882 4116 αὑτοῦ,
923 4053 990 4104 ἐκ
1033 4049 1140 4119 τῆς
1163 4051 1390 4119 σαρκός
1429 4052 1616 4105 αὑτοῦ
1640 4053 1685 4083 ³⁸
1729 4051 1946 4120 θερίσει
1981 4056 2125 4120 9:00-

448 4140 582 4209 ράν.
619 4136 805 4206 Τούτῳ
856 4135 1064 4188 ἐοίκασι
1113 4135 1205 4187 καὶ
1247 4136 1293 4188 οἰ
1337 4135 1428 4187 ἐπὶ
1493 4135 1590 4205 τῆς
1644 4134 1872 4205 ψάμμου
1921 4135 2123 4188 οἰκοδο-

453 4221 704 4294 μοῦντες·
749 4217 859 4271 οἷον
896 4219 943 4270 οἱ
976 4217 1066 4268 ἐπὶ
1095 4217 1340 4287 πορνεία,
1388 4219 1436 4268 οἱ
1489 4217 1579 4269 ἐπὶ
1617 4217 1892 4289 ἀσελγείᾳ,
1939 4221 1988 4271 οἱ
2029 4219 2119 4271 ἐπὶ

454 4306 594 4378 μέθῃ
631 4305 698 4368 ’³,
733 4304 783 4355 οἱ
814 4302 906 4354 ἐπὶ
931 4300 1108 4370 θυμῷ,
1139 4303 1187 4352 οί
1212 4301 1305 4352 ἐπὶ
1333 4303 1444 4363 τοῖς
1469 4301 1646 4363 ἄλλοις
1671 4301 1863 4356 ἅπασι.

518 4461 582 4514 δ’.
621 4455 874 4516 Τοιοῦτος
897 4449 965 4525 ἦν
991 4453 1019 4504 6
1063 4453 1288 4522 Ἀχαάϐ,
1325 4453 1438 4505 ἀλλ’
1469 4455 1530 4505 οὑ
1561 4454 1799 4517 τοιοῦτος
1831 4457 1858 4507 6
1910 4454 2114 4518 Ἠλίας.

450 4544 560 4597 Καὶ
593 4541 701 4612 γάρ
734 4535 1053 4608 παράλληλα
1083 4535 1266 4598 θέντες
1295 4535 1393 4606 τὴν
1424 4536 1623 4607 ἀρετὴν
1652 4538 1747 4589 καὶ
1769 4537 1867 4608 τὴν
1897 4538 2114 4604 κακίαν,

450 4625 838 4696 ἀκριϐέστερον
867 4619 1125 4688 εἰσόμεθα
1154 4618 1212 4670 τὸ
1238 4618 1510 4689 διάφορον.
1553 4619 1611 4670 'U
1643 4619 1740 4688 μὲν
1766 4619 1874 4689 γὰρ
1905 4620 1997 4671 ἐπὶ
2021 4620 2119 4690 τῆς

451 4709 657 4776 πέτρας
684 4703 1052 4774 ᾠκοδόμησεν,
1086 4703 1113 4754 ὁ
1143 4701 1199 4754 δὲ
1232 4702 1324 4753 ἐπὶ
1356 4700 1456 4770 τῆς
1483 4700 1710 4771 ψάμμου
1737 4716 1750 4730 ·
1786 4701 1867 4754 διὸ
1892 4704 1984 4755 καὶ
2020 4702 2119 4772 βαι

453 4789 632 4850 σιλεὺς
662 4788 736 4840 ὢν
771 4787 1026 4840 ἐδεδοίκει
1067 4787 1161 4840 καὶ
1194 4785 1392 4856 ἔτρεμε
1435 4783 1526 4836 τὸν
1560 4786 1867 4856 προφήτην,
1900 4784 1990 4837 τὸν
2021 4785 2118 4857 τὴν

455 4871 710 4942 μηλωτὴν
743 4870 934 4939 ἔχοντα
973 4872 1152 4940 μόνον.
1195 4869 1435 4922 Τοιοῦτοι
1469 4869 1519 4920 οἰ
1567 4869 1826 4932 Ἰουδαῖοι,
1863 4869 1975 4921 ἀλλ’
2022 4869 2120 4939 οὐχ

452 4957 500 5008 οι
535 4953 819 5008 ἀπόστολοι
845 4970 857 4982 ·
893 4953 972 5004 διὸ
1019 4954 1110 5005 καὶ
1157 4952 1324 5021 ὀλίγοι
1361 4953 1513 5015 ὄντες
1547 4953 1638 5004 καὶ
1677 4951 1950 5022 δεδεμένοι
1975 4990 1989 5012 ,
2022 4951 2121 5020 τῆς

456 5038 658 5108 πέτρας
700 5034 1057 5088 ἐνεδείκνυντο
1086 5037 1146 5088 16
1177 5037 1400 5107 στερρόν
1426 5052 1438 5064 ο
1490 5037 1683 5088 ἐκεῖνοι
1715 5035 1771 5088 δὲ
1807 5035 1900 5088 καὶ
1935 5033 2117 5087 πολλοὶ

453 5121 550 5174 καὶ
576 5116 908 5186 ὡπλισμένοι
931 5157 944 5179 ,
975 5118 1072 5186 τῆς
1103 5117 1327 5188 ψάμμου
1359 5119 1417 5170 16
1448 5118 1690 5181 ἀσθενές.
1724 5119 1834 5171 Kal
1863 5117 1971 5187 γάρ
2009 5116 2122 5170 ἔλε-

451 5221 548 5274 γον
568 5219 582 5235 ·
622 5204 681 5256 Τί
708 5197 1041 5266 ποιήσομεν
1065 5201 1107 5231 ³ο
1129 5202 1244 5264 τοῖς
1282 5201 1611 5269 ἀνθρώποις
1643 5203 1913 5266 τούτοις;
1960 5201 2122 5272 Ὁρᾷς

454 5291 514 5342 ἐν
548 5283 753 5355 ἀπορία
795 5281 955 5345 ὄντας
976 5323 992 5346 ,
1028 5282 1087 5335 οὐ
1128 5283 1252 5346 τοὺς
1284 5285 1626 5354 ὑποχειρίους
1658 5285 1752 5337 καὶ
1777 5284 2119 5354 δεδεμένους,

538 5379 584 5411 ²⁹
624 5373 938 5446 ἀκμάζοντα
982 5375 1042 5429 Δ.
1141 5376 1183 5406 ’¹
1216 5377 1376 5428 αὑτὸν
1429 5375 1488 5428 F.

457 5524 519 5575 Α.
588 5518 633 5550 ’⁵
670 5520 760 5570 καὶ
789 5533 898 5571 om.
948 5517 1004 5568 Β.
1038 5516 1098 5570 C.
1143 5516 1202 5570 F.

461 5591 602 5662 μέθῃ

1246 285 1301 337 S.
1342 283 1625 339 JOANNIS
1664 285 2152 342 CHRYSOSTOMI
2193 285 2507 345 ARCHIEP.
2547 288 3096 346 CONSTANTINOP.

640 5589 840 5641 desunt
897 5587 949 5639 in
988 5588 1048 5640 B.
1095 5588 1154 5641 E.
1205 5587 1264 5640 F.
1318 5596 1371 5641 et
1405 5584 1868 5655 [metet-miserum
1925 5586 2165 5653 lnterpp.

3783 287 3877 341 5‘16

2237 403 2371 456 άλλά
2409 407 2534 468 τοὺς
2586 405 2911 474 κατέχοντας
2949 404 3044 457 καὶ
3087 403 3482 474 δεσμεύοντας;
3527 395 3586 456 οὐ
3618 401 3668 454 τί
3697 399 3876 470 γένοιτ’

2235 485 2300 537 ἂν
2332 487 2678 558 καινότερον;
2711 488 2783 539 Σὺ
2819 487 3070 556 κατέχεις
3114 485 3209 539 καὶ
3257 485 3569 554 διαπορεῖς;
3610 484 3718 536 Καὶ
3746 485 3877 554 μάλα

2236 569 2479 632 εἰκότως.
2524 569 2740 640 Ἐπειδὴ
2765 571 2876 640 γάρ
2902 571 2994 622 ἐπὶ
3026 570 3122 638 τῆς
3153 568 3378 638 ψάμμου
3407 567 3583 619 πάντα
3607 565 3869 637 ᾠκοδόμη-

2236 668 2354 717 σαν,
2375 652 2461 704 διὰ
2484 653 2642 705 τοῦτο
2665 653 2759 706 καὶ
2788 653 3160 723 ἀσθενέστεροι
3194 653 3406 705 πάντων
3429 646 3586 720 ἦσαν.
3617 649 3718 703 Διά
3737 650 3876 704 τοῦτο

2235 734 2328 786 καὶ
2363 734 2523 786 πάλιν
2557 734 2739 802 ἔλεγον
2765 752 2778 765 ’
2821 736 2880 789 Τί
2913 734 3131 788 ποιεῖτε
3166 734 3532 801 βουλόμενοι
3579 732 3878 802 ἐπαγαγεῖν

2232 817 2324 885 ἐφ’
2350 817 2507 887 ἡμᾶς
2534 819 2599 871 τὸ
2627 815 2770 888 αἷμα
2807 818 2912 871 τοῦ
2939 816 3252 884 ἀνθρώπου
3281 818 3495 869 τούτου
3520 832 3538 878 ;
3567 816 3630 868 Τί
3668 832 3792 886 φησι
3817 817 3874 881 ³¹;

2234 900 2305 952 Σὺ
2339 901 2641 970 μαστίζεις,
2695 901 2789 953 καὶ
2823 901 2887 977 σύ
2923 902 3096 970 φοϐῇ;
3130 900 3193 952 σὺ
3228 896 3576 968 ἐπηρεάζεις,
3607 899 3702 950 καὶ
3723 899 3782 951 σὺ
3805 897 3877 950 δέ·

2232 983 2410 1042 601211;
2435 999 2448 1047 ;
2486 983 2549 1035 σὺ
2583 983 2788 1053 κρίνεις
2812 1024 2826 1047 ,
2868 983 2961 1036 καὶ
2998 984 3060 1034 σὺ
3090 982 3310 1053 τρέμεις
3339 999 3352 1045 ;
3387 980 3572 1044 Οὕτως
3601 980 3820 1052 ἀσθενὴς
3847 982 3876 1050 ὴ

2235 1063 2422 1118 κακία.
2467 1063 2606 1116 Ἀλλ’
2634 1065 2732 1133 οὐχ
2755 1066 2802 1116 οἱ
2834 1064 3118 1117 ἀπόστολοι
3149 1063 3318 1127 οὕτως
3341 1081 3354 1093 ·
3394 1063 3528 1116 ἀλλά
3558 1063 3670 1126 πῶς
3700 1063 3778 1128 ⁸¹;
3805 1065 3876 1116 Οὐ

2231 1147 2532 1218 δυνάμεθα
2564 1149 2734 1218 ἡμεῖς
2763 1147 2801 1201 ἂ
2829 1147 3066 1216 εἴδομεν
3097 1147 3141 1178 ³³
3172 1146 3269 1200 καὶ
3302 1147 3648 1216 ἠκούσαμεν
3677 1145 3755 1215 μὴ
3781 1149 3875 1198 .Ia-

2233 1231 2386 1285 λεῖν.
2444 1227 2598 1293 Εἶδες
2645 1232 2897 1302 φρόνημα
2939 1229 3173 1299 ὑψηλόν;
3207 1225 3342 1292 εἶδες
3391 1231 3594 1300 πέτραν
3643 1230 3877 1299 κυμάτων

2234 1313 2660 1381 καταγελῶσανς
2697 1311 2834 1376 εἶδες
2885 1313 3060 1365 οἰκίαν
3093 1314 3342 1366 ἄσειστον
3371 1329 3386 1377 ;
3434 1314 3542 1364 Καὶ
3571 1313 3632 1365 16
3669 1312 3730 1382 δὴ
3761 1313 3876 1364 θαυ-

2235 1394 2565 1464 μαστότερον
2591 1435 2604 1457 ,
2633 1397 2715 1447 ὅτι
2743 1395 2801 1446 οὐ
2819 1394 3000 1464 -μόνον
3029 1394 3149 1446 οὐδὲ
3183 1393 3425 1461 ἐγίνοντο
3455 1393 3609 1446 αὐτοὶ
3635 1392 3788 1446 δειλοὶ
3813 1391 3872 1444 δι’

2231 1473 2379 1545 [5051
2408 1471 2482 1530 ὧν
2510 1475 2925 1529 ἐπεϐουλεύοντο
2947 1519 2960 1541 ,
2995 1476 3108 1529 ἀλλ’
3141 1477 3220 1528 ὅτι
3260 1477 3350 1528 καὶ
3383 1475 3566 1529 πλεῖον
3599 1476 3877 1545 ἐλάμϐανον

2231 1558 2448 1627 θάρσος,
2486 1560 2769 1623 κάκείνους
2795 1561 2873 1621 εἰς
2907 1559 3128 1630 μείζονα
3154 1558 3404 1612 ἐνέϐαλον
3425 1559 3471 1590 ³⁵
3493 1560 3749 1627 ἀγωνίαν.
3784 1560 3880 1612 Καὶ

2228 1642 2336 1713 γὰρ
2365 1643 2392 1694 6
2422 1644 2510 1696 τὸν
2546 1644 2826 1714 ἀδάμαντα
2859 1643 3134 1713 πλήττων,
3165 1643 3328 1705 αὐτός
3360 1645 3506 1695 ἐστιν
3537 1644 3566 1694 6
3597 1643 3879 1712 πληττόμε-

2227 1742 2315 1787 νος
2341 1742 2352 1752 ·
2387 1727 2480 1778 καί
2523 1729 2551 1779 6
2588 1727 2658 1779 τὰ
2688 1727 2890 1796 κέντρα
2925 1724 3218 1789 λακτίζων,
3259 1726 3418 1788 αὐτός
3462 1728 3610 1778 ἐστιν
3633 1728 3662 1778 6
3687 1724 3880 1778 κεντού⁴

2231 1826 2406 1878 μενος,
2456 1811 2549 1862 καὶ
2591 1809 2658 1862 τά
2687 1809 2898 1880 χαλεπὰ
2939 1808 3226 1879 δεχόμενος
3251 1808 3544 1879 τραύματα
3567 1826 3581 1839 ·
3613 1808 3705 1860 καὶ
3729 1809 3756 1860 6
3782 1811 3881 1867 τοῖς

2226 1891 2506 1959 ἐναρέτοις
2545 1891 2934 1952 ἐπιϐουλεύων,
2969 1891 3131 1954 αὐτός
3169 1893 3317 1944 ἐστιν
3356 1893 3384 1944 ὁ
3433 1891 3771 1944 κινδυνεύων.
3825 1891 3880 1942 Ἢ

2227 1973 2336 2044 γὰρ
2367 1975 2535 2026 κακία
2565 1972 2803 2044 τοσούτῳ
2845 1973 3045 2044 μᾶλλον
3082 1972 3444 2041 ἀσθενεστέρα
3489 1974 3725 2042 γίνεται,
3759 1973 3882 2042 ὅσῳ-

2227 2073 2331 2126 περ
2361 2055 2422 2108 ἂν
2457 2055 2592 2126 πρὸς
2624 2056 2720 2127 τὴν
2750 2055 2948 2126 ἀρετὴν
2981 2057 3415 2126 παρατάττηται.
3458 2057 3570 2108 Kal
3600 2055 3881 2126 καθάπερό

2229 2137 2338 2208 πῦρ
2377 2139 2432 2190 ἐν
2464 2138 2663 2208 ίματίῳ
2693 2139 2927 2207 δεσμῶν,
2967 2141 3065 2210 τὴν
3121 2139 3217 2210 μὲν
3253 2139 3426 2208 φλόγα
3456 2140 3558 2192 οὐκ
3591 2140 3790 2201 ἔσϐεσε,
3829 2137 3882 2189 16

2225 2220 2280 2273 δὲ
2336 2220 2545 2289 ἱμάτιον
2591 2220 2928 2292 ἐδαπάνησεν
2971 2237 2986 2250 ·
3037 2220 3210 2284 οὕτως
3250 2223 3278 2274 6
3321 2225 3434 2285 τοῖς
3481 2222 3757 2294 ἐναρέτοις
3799 2223 3881 2274 ἐπ-

2224 2299 2494 2372 ηρεάζων,
2523 2302 2614 2356 καὶ
2639 2302 2904 2371 κατέχων,
2934 2302 3029 2356 καὶ
3053 2302 3353 2372 δεσμεύων,
3372 2303 3615 2366 ἐκείνους
3649 2305 3742 2373 μὲν
3760 2303 3882 2372 λαμε-

2227 2383 2855 2456 προτέρουςείργάσατο,
2888 2386 3078 2438 ἐαυτὸν
3097 2386 3152 2438 δέ
3181 2385 3433 2455 ἠφάνισε.
3472 2388 3586 2439 Καὶ
3609 2387 3712 2458 γάρ
3737 2387 3826 2441 ὅσα
3843 2385 3882 2418 ³³

2228 2465 2292 2520 ἂν
2319 2466 2466 2520 δεινά
2498 2465 2676 2536 πάθῃς
2705 2467 2960 2530 ἐπιεικῶς
2990 2467 3118 2534 ζῶν,
3151 2468 3390 2538 τοσούτῳ
3426 2469 3659 2538 γέγονας
3685 2469 3880 2539 ἰσχυρό-

2226 2565 2380 2621 τερος
2403 2564 2416 2576 ’
2449 2549 2559 2618 ὅσῳ
2588 2550 2695 2620 γὰρ
2719 2549 2967 2619 τιμῶμεν
2989 2551 3032 2581 ³⁸
3070 2551 3405 2620 φιλοσοφίαν,
3441 2551 3678 2623 τοσούτῳ
3703 2552 3881 2623 μᾶλλον

2225 2632 2436 2695 οὐδενὸς
2464 2632 2768 2704 δεησόμεθα
2796 2649 2810 2664 ⁸
2845 2633 2937 2686 καὶ
2959 2635 3067 2704 ὅσῳ
3096 2635 3160 2687 ἂν
3188 2633 3416 2705 μηδενὸς
3447 2633 3747 2706 δεηθῶμεν,
3771 2651 3879 2688 τοσ-

2230 2715 2372 2784 ούτῳ
2415 2716 2612 2786 μᾶλλον
2647 2717 2856 2786 ἰσχυροὶ
2906 2716 3170 2786 γινόμεθα
3220 2717 3313 2770 καὶ
3357 2717 3574 2771 πάντων
3619 2718 3877 2789 ἀνώτεροι.

2226 2795 2477 2862 Τοιοῦτος
2500 2799 2543 2836 ³⁷
2558 2794 2626 2869 ἦν
2643 2801 2670 2851 6
2699 2800 2952 2869 Ἰωάννης
2971 2813 2986 2828 ⁸
3015 2799 3097 2853 διὸ
3121 2801 3324 2854 ἐκεῖνον
3356 2802 3455 2872 μὲν
3479 2803 3655 2866 οὐδεὶς
3694 2803 3877 2864 ἐλύπει,

2228 2881 2387 2943 αὐτὸς
2412 2881 2466 2934 δὲ
2498 2881 2686 2934 ἐλύπει
2715 2881 2806 2934 τὸν
2861 2881 3104 2953 Ἡρώδην
3131 2898 3144 2911 ·
3180 2883 3275 2936 καὶ
3308 2885 3336 2936 6
3377 2884 3477 2953 μὲν
3522 2885 3687 2956 μηδὲν
3729 2885 3870 2955 ἔχων,

2227 2963 2592 3034 κατεξανέστη
2635 2963 2727 3017 τοῦ
2760 2966 3117 3037 κρατοῦντος·
3154 2968 3182 3019 6
3221 2966 3277 3020 δὲ
3309 2967 3546 3037 διάδημα
3584 2969 3675 3022 καὶ
3707 2970 3878 3040 ἁλουρ-

2229 3047 2352 3116 γίδα
2391 3048 2484 3101 καὶ
2510 3047 2712 3120 μυρίαν
2735 3046 3035 3117 φαντασίαν
3063 3049 3551 3121 περιϐεϐλημένος,
3588 3053 3768 3123 τρέμει
3799 3052 3878 3105 καὶ

2225 3131 2427 3185 δέδοικε
2448 3132 2539 3184 τὸν
2559 3131 2778 3185 πάντων
2803 3133 3244 3203 γεγυμνωμένον,
3266 3135 3360 3186 καὶ
3377 3133 3496 3186 οὐδὲ
3516 3137 3712 3188 ἀποτετ
3719 3152 3786 3205 μη
3795 3135 3877 3204 μέ-

2226 3231 2314 3268 νον
2345 3216 2443 3286 τὴν
2478 3214 2718 3286 κεφαλὴν
2745 3215 2916 3277 ἀδεῶς
2948 3215 3074 3268 ἰδεῖν
3099 3215 3318 3270 ἐδύνατο
3348 3218 3413 3269 ³⁸.
3446 3217 3576 3272 Ὀτι
3599 3218 3706 3288 γάρ
3732 3218 3816 3270 καὶ
3839 3217 3876 3248 ³³

2230 3300 2368 3370 μετά
2407 3299 2666 3370 τελευτὴν
2707 3299 3024 3368 ἀκμάζοντα
3063 3295 3174 3370 εἶχε
3215 3300 3304 3354 16v
3340 3300 3508 3370 φόϐον
3532 3342 3548 3365 ,
3583 3303 3799 3356 ἄκουσον
3824 3300 3868 3353 τί

2227 3397 2389 3452 φησιν
2415 3399 2428 3412 ·
2467 3376 2654 3446 Οὗτός
2684 3380 2854 3433 ἐστιν
2882 3383 2914 3433 ό
2960 3380 3257 3448 Ἰωάννης,
3283 3382 3356 3436 ὃν
3392 3373 3640 3438 ἀνεῖλον
3671 3383 3791 3453 ἐγώ.
3813 3384 3874 3436 Τὸ

2225 3465 2282 3517 δέ
2301 3505 2315 3526 ,
2367 3463 2646 3529 Ἀνεῖλον,
2673 3464 2773 3516 οὐκ
2805 3465 3167 3535 ἐπαιρομένου
3189 3461 3276 3536 ἦν,
3314 3466 3448 3520 ἀλλά
3477 3467 3572 3520 τὸν
3600 3469 3754 3536 φόϐον
3782 3485 3872 3519 πα-

2230 3545 2659 3618 ραμυθουμένου,
2695 3547 2790 3599 καὶ
2828 3545 3107 3610 πείθοντος
3135 3549 3232 3619 τὴν
3279 3547 3457 3620 ψυχὴν
3496 3550 3596 3620 τὴν
3625 3567 3870 3620 ταράττοι-

2234 3630 2402 3701 μένην
2430 3628 2862 3700 ἀναμνησθῆναι,
2893 3629 2974 3682 ὅτι
3003 3629 3164 3692 αὐτὸς
3195 3631 3356 3684 αὐτὸν
3387 3631 3614 3701 ἔσφαξε.
3652 3631 3870 3698 Τοσαύτη

2227 3714 2326 3783 τῆς
2356 3712 2609 3783 ἀρετῆςή
2643 3713 2813 3780 ίσχύς,
2845 3710 2926 3762 ὅτι
2953 3711 3046 3762 καὶ
3077 3710 3213 3781 μετά
3252 3711 3509 3783 τελευτὴν
3541 3716 3645 3768 τῶν
3678 3713 3867 3777 ζώντων

2225 3796 2341 3847 ἐστὶ
2372 3793 2736 3865 δυνατωτέρα.
2790 3792 2886 3844 Διά
2917 3793 2981 3862 δὴ
3029 3793 3186 3846 τοῦτο
3231 3795 3324 3847 καὶ
3363 3795 3531 3866 ἡνίκα
3564 3796 3656 3867 ἔζη
3679 3839 3692 3861 ,
3741 3799 3784 3849 οἱ
3816 3797 3872 3847 τὰ

2225 3877 2396 3930 πολλά
2430 3877 2757 3947 κεκτημένοι
2801 3877 3057 3946 χρήματα
3095 3876 3235 3946 πρὸς
3266 3877 3427 3930 αὐτὸν
3455 3880 3735 3950 ἐρχόμενοι
3773 3877 3870 3930 ἔλε-

2225 3977 2321 4028 γον
2345 3978 2359 3991 ο
2412 3961 2473 4012 Τί
2515 3957 2848 4027 ποιήσομεν
2881 3959 2965 4024 ⁸ος
2999 3960 3250 4014 Τοσαῦτα
3279 3961 3452 4032 ἔχετε,
3495 3965 3591 4018 καὶ
3626 3963 3763 4034 παρά
3792 3960 3868 4014 τοῦ

2235 4042 2399 4114 μηδὲν
2422 4041 2634 4112 ἔχοντος
2667 4041 2919 4111 βούλεσθε
2953 4041 3144 4112 μαθεῖν
3167 4043 3265 4112 τῆς
3298 4045 3572 4116 ὑμετέρας
3601 4047 3867 4116 εὐημερίας

2228 4127 2326 4197 τὴν
2357 4124 2508 4189 όδόν;
2542 4124 2691 4194 παρά
2729 4123 2822 4177 τοῦ
2863 4123 3093 4194 πένητος
3118 4127 3166 4178 οἱ
3201 4127 3589 4194 πλουτοῦντες;
3629 4131 3767 4200 παρὰ
3790 4126 3865 4180 τοῦ

2233 4211 2365 4279 μηδέ
2398 4212 2440 4240 ⁸¹
2468 4210 2645 4263 οἰκίαν
2676 4208 2890 4278 ἔχοντος
2937 4211 2985 4261 οἱ
3021 4210 3438 4281 στρατευόμενοι
3465 4229 3480 4276 ;
3525 4212 3765 4269 Τοιοῦτος
3790 4210 3866 4263 καί

2226 4295 2252 4345 ὁ
2292 4293 2474 4356 Ἠλίας
2488 4288 2556 4364 ἦν
2574 4310 2588 4323 ·
2614 4292 2691 4346 διὸ
2717 4292 2811 4344 καὶ
2841 4291 2977 4361 μετά
3004 4292 3099 4361 τῆς
3125 4293 3291 4363 αὐτῆς
3311 4296 3623 4366 παρρησίας
3646 4294 3865 4365 τῷδήμῳ

2227 4374 2513 4442 διελέγετο.
2581 4375 2640 4427 Ὀ
2687 4374 2784 4444 μὲν
2828 4374 2935 4445 γὰρ
2979 4374 3131 4440 ἔλεγε
3157 4413 3173 4436 ,
3215 4377 3572 4444 Γεννήματα
3611 4375 3862 4447 ἐχιδνῶν

2227 4453 2377 4519 οὗτος
2405 4457 2495 4520 δέ,
2534 4457 2682 4521 Ἕως
2713 4457 2856 4508 πότε
2889 4456 3210 4524 χωλανεῖτε
3245 4458 3336 4511 ἐπ’
3367 4460 3718 4528 ἀμφοτέραις
3758 4456 3864 4520 ταῖς

2229 4541 2460 4608 ἰγνύαις
2489 4537 2689 4607 ὑμῶνς
2720 4540 2830 4591 Καὶ
2867 4541 2894 4590 ὁ
2927 4539 3024 4608 μὲν
3061 4539 3243 4608 ἔλεγεν
3263 4580 3277 4603 ,
3321 4543 3686 4610 Ἑφόνευσας
3716 4542 3756 4571 ⁸³
3782 4537 3862 4591 καί

2226 4621 2722 4690 ἐκληρονόμησας
2746 4638 2760 4652 ο
2794 4622 2822 4673 6
2850 4619 2906 4672 δὲ
2955 4621 3138 4690 ἔλεγεν
3160 4661 3173 4684 ,
3212 4625 3333 4676 Οὐκ
3361 4625 3567 4687 ἔξεστί
3594 4641 3687 4677 σοι
3725 4622 3862 4690 ἔχειν

2225 4703 2342 4770 τὴν
2386 4701 2637 4772 γυναῖκα
2673 4703 2971 4757 Φιλίππου
3003 4705 3109 4758 τοῦ
3139 4703 3406 4774 ἀδελφοῦ
3439 4724 3574 4761 σου.
3615 4703 3753 4768 Εἶδες
3781 4704 3860 4770 τὴν

2229 4787 2468 4855 πέτρανς
2505 4780 2644 4848 εἶδες
2667 4785 2766 4855 τὴν
2803 4785 3058 4856 ψάμμον;
3093 4787 3206 4850 πῶς
3242 4789 3478 4852 εὐκόλως
3520 4789 3860 4847 καταπίπτει;

2227 4869 2344 4932 πῶς
2373 4869 2510 4921 εῐκει
2535 4870 2653 4931 ταῖς
2674 4873 3011 4940 συμφοραῖς;
3044 4872 3158 4932 πῶς
3185 4874 3591 4944 περιτρέπεται,
3621 4871 3715 4924 κᾶν
3746 4866 3860 4937 μετὰ

2228 4952 2515 5021 βασιλέως,
2552 4950 2652 5004 κᾶν
2695 4952 2830 5021 μετά
2871 4953 3105 5022 πλήθους
3131 4949 3184 5027 ᾖ,
3218 4955 3319 5007 κᾶν
3351 4956 3488 5024 μετά
3528 4953 3856 5013 δυναστείαςς

2239 5034 2518 5088 Ἀπάντων
2561 5033 2667 5103 γάρ
2708 5033 2833 5096 τοὺς
2882 5037 3164 5104 μετιόντας
3208 5036 3374 5107 αὐτὴν
3413 5035 3860 5105 ἀναισθητοτέρους

2227 5121 2389 5172 ποιεῖ.
2436 5118 2545 5169 Kal
2589 5117 2710 5170 οὐδὲ
2742 5117 2929 5182 ἁπλῶς
2973 5121 3328 5184 καταπίπτει,
3363 5121 3496 5174 ἀλλὰ
3527 5121 3663 5190 μετὰ
3693 5117 3860 5184 πολλῆς

2226 5201 2324 5268 τῆς
2361 5201 2664 5270 συμφοράς.
2697 5200 2805 5254 Καὶ
2826 5201 2933 5271 γὰρ
2962 5202 3007 5234 ⁸⁸
3035 5199 3132 5272 ἦν,
3165 5205 3349 5275 φησιν,
3385 5206 3421 5272 ἠ
3455 5203 3676 5266 πτῶσις
3699 5195 3860 5261 αὐτῆς

2221 5282 2478 5352 μεγάλη.
2516 5282 2651 5334 Οὐδὲ
2683 5285 2792 5353 γὰρ
2826 5284 2964 5356 ὑπὲρ
2988 5283 3097 5338 τῶν
3124 5287 3396 5356 τυχόντων
3422 5290 3449 5340 6
3479 5286 3733 5348 κίνδυνος,
3764 5279 3856 5333 ἀλλ’

1580 5377 1624 5406 ²²
1654 5375 1765 5428 Καὶ
1821 5391 1930 5429 om.
1985 5380 2049 5430 A.
2082 5373 2277 5430 Totum
2337 5388 2547 5428 comma
2590 5373 2744 5428 deest
2787 5375 2840 5429 in
2893 5377 2950 5430 Β.
3006 5377 3066 5432 C.
3122 5376 3184 5431 D.
3243 5378 3302 5433 F.
3347 5389 3403 5433 et
3439 5378 3646 5433 duobus
3680 5375 3854 5440 Mosqq-

454 5444 816 5527 Ροειεςίοτοηι
865 5456 1093 5527 pagani,
1139 5461 1259 5527 11m
1280 5461 1331 5527 ἀ
1379 5463 1433 5527 γε
1476 5447 1623 5527 ὅστις
1667 5445 2124 5527 ἰιιοίρὶι,“οῐῐι..-Α.

2229 5460 2296 5527 up
2346 5444 2521 5527 ἰτὼ-αξ
2554 5444 2757 5527 qugq.
2777 5515 2821 5527 η
2835 5447 2882 5478 ’³
2900 5447 3020 5527 ’τῆς
3044 5447 3272 5527 ψάμμρυ

1280 5517 1324 5546 ²⁶
1350 5515 1432 5586 16]
1465 5533 1516 5568 τι
1539 5517 1604 5570 Α.
1637 5514 1698 5586 τὸ
1735 5513 1841 5570 oin.
1877 5517 1936 5570 F.
2015 5517 2059 5546 ³⁷
2092 5531 2122 5566 τ

2229 5515 2279 5586 ο]
2312 5515 2373 5566 16
2403 5513 2533 5568 αὐτὸ
2564 5513 2737 5586 Ειιάς
2777 5515 2822 5586 ξ⁸
2854 5513 3016 5586 αὐτοῦ
3059 5513 3182 5572 οπῇξ
3200 5519 3260 5571 Β.
3302 5518 3360 5572 F.

3462 5452 3506 5480 ’δ
3531 5448 3620 5500 τὸν
3652 5443 3854 5497 τοιοῦτον

3438 5519 3480 5550 ’⁸
3507 5517 3676 5571 Verba
3713 5515 3756 5566 οί
3782 5509 3856 5562 ἐπὶ

2243 5582 2288 5658 δέ
2307 5587 2630 5658 ποιήσωμεν
2679 5583 2738 5639 B.
2779 5583 2839 5658 DA.
2872 5585 2944 5658 [τ’.
2983 5588 3050 5658 ν³¹
3083 5587 3133 5640 τί
3161 5605 3292 5658 φησι
3330 5605 3439 5643 om.
3490 5588 3551 5640 D.
3600 5587 3651 5639 in
3675 5582 3854 5658 emeris

541 5646 694 5738 (ᾕρει
732 5677 742 5708 :
778 5658 872 5710 scd
909 5667 1136 5738 εξιρηιιιιί
1162 5646 1744 5738 ίιιιρςριιδωοιξχδέρξιας
1987 5655 2030 5738 ξ’
2061 5646 2124 5708 Vi

2229 5675 2236 5708 ι
2269 5655 2403 5736 ἀλλά
2433 5646 2778 5738 πξῖ›ς“όθξυιιι
2818 5656 2869 5738 ξη
2915 5657 3094 5738 Emi."
3128 5646 3183 5690 ³⁸’
3207 5646 3848 5738 έίδομεχ]..οξ’διαμενΙΑ..ςί

461 5729 523 5780 Ι),
556 5730 880 5795 ἑωράκαμεν
913 5725 971 5778 F.
1049 5729 1093 5758 ³³⁵
1122 5725 1402 5780 ἐνέϐαλλον
1431 5726 1488 5780 Β.
1528 5727 1587 5779 ι).
1626 5725 1685 5779 F.
1764 5727 1807 5757 ³⁵
1833 5727 1943 5794 ὅσῳ
1984 5726 2049 5778 Α.

466 5797 708 5863 lmen-pp.
776 5797 824 5865 :7
854 5796 1128 5865 Tomi—tog]
1167 5798 1351 5860 υύτως
1384 5797 1515 5851 Edd.
1593 5797 1636 5827 ³³
1662 5795 1883 5847 δύναται
1911 5797 1970 5849 Β.
1993 5795 2049 5849 Ε.
2131 5795 2176 5826 ³⁹
2207 5797 2298 5848 καὶ
2327 5811 2437 5849 om.

2136 5726 2181 5756 ³⁸
2230 5721 2496 5795 τιμῶμεν]
2550 5723 2616 5795 ἂν
2659 5726 3015 5795 ἐπιτείνωμεν
3056 5727 3114 5782 F.
3149 5739 3203 5782 cl
3235 5720 3505 5784 sic-edidit
3551 5720 3672 5795 Sim.
3700 5720 3850 5795 invii-is

2523 5834 2534 5847 .
2552 5794 2614 5846 C.
2727 5795 2801 5870 Γ.
2838 5786 2974 5870 μετά
3002 5798 3098 5870 την
3132 5799 3389 5870 τελευτὴν
3417 5801 3476 5852 Α.
3510 5795 3569 5849 π.
3645 5793 3688 5824 ⁸⁸
3719 5786 3848 5870 ποιῆῖ

471 5862 738 5940 σωμενΒ.
773 5862 830 5915 Ρ.
905 5865 947 5895 δι
988 5862 1144 5940 μηδὲ]
1178 5869 1294 5923 οὐδὲ
1334 5869 1466 5924 Edd.
1545 5867 1588 5900 ”
1627 5866 1746 5922 Vid.
1783 5866 1966 5922 adnul.
2044 5867 2124 5898 "‘

2259 5881 2368 5922 om.
2411 5867 2476 5920 Α.
2511 5863 2746 5938 μεγάλη]
2789 5862 2914 5922 add.
2967 5862 3171 5939 σφόδρα
3225 5862 3362 5926 Edd'.
3413 5877 3600 5926 contra
3627 5874 3764 5918 meos
3806 5865 3848 5912 el

469 5936 676 6003 Mosqq.
701 5947 920 6014 omnes:
