4080 6138
417 259 523 315 3‘25

422 370 523 425 hoc
565 369 726 424 etiam
768 383 905 422 nunc
954 366 1148 430 dicam,
1188 377 1254 417 ex
1303 370 1528 430 utroque
1570 357 1793 412 salutem
1843 352 1997 407 andi-

419 473 594 517 torum
623 462 816 531 ubique
841 466 1110 528 operatur,
1142 471 1208 510 ex
1242 451 1452 507 virtutis
1487 449 1683 513 studio,
1711 456 1764 501 et
1786 460 1848 499 ex
1881 443 2004 496 odio

420 555 689 625 nequitiae.
722 552 857 619 Quia
888 550 1030 606 enim
1075 547 1289 619 quidam
1333 543 1491 599 futuri
1537 549 1691 595 erant
1733 537 1824 607 qui
1856 536 2000 589 dicta

423 647 639 718 quidem
688 654 1033 708 nnrarentur,
1086 655 1255 710 neque
1299 648 1474 692 tamen
1523 636 1660 689 bona
1693 631 2006 687 exhibet-ent

419 755 607 810 opera,
631 738 751 791 illos
779 735 1118 806 prmveniens
1143 739 1308 787 terret
1346 745 1409 784 ac
1437 728 1566 782 dicit
1597 743 1609 778 :
1645 723 1852 779 etiamsi
1884 721 2005 792 pul-

418 833 549 887 chra
570 832 676 885 sint
695 845 756 885 ea
786 844 906 898 quae
940 827 1212 889 dicuntur,
1243 837 1347 875 non
1377 819 1624 874 sufticere
1650 827 1825 870 tamen
1853 812 2007 866 audi—

422 934 532 980 tum
562 924 628 978 ad
658 923 905 983 salutem,
934 919 1026 974 sed
1061 925 1310 988 Oportere
1343 931 1436 984 per
1461 927 1620 982 opera
1643 909 1862 979 obsequi
1890 925 1900 958 :
1929 917 2008 960 to—

421 1026 534 1072 tum
563 1024 736 1070 autem
766 1015 866 1068 hac
916 1013 966 1066 in
1007 1027 1066 1066 re
1107 1009 1372 1080 pr:ccipue
1401 1015 1662 1062 versatur.
1714 1003 1888 1072 Atque
1920 1001 2007 1055 hic

421 1123 723 1165 sermonem
756 1105 1067 1168 concludit,
1096 1102 1438 1170 validumque
1479 1100 1608 1167 ipsis
1643 1098 1889 1150 timorem
1917 1110 2006 1149 re-

421 1199 635 1270 linquit.
664 1194 1120 1265 Quemadmodum
1149 1194 1290 1248 enim
1311 1233 1324 1259 ,
1359 1206 1477 1246 cum
1510 1189 1575 1244 de
1603 1189 1798 1242 virtute
1826 1199 2008 1257 agere-

421 1301 529 1356 tur,
560 1306 664 1346 non
708 1291 878 1344 solum
932 1304 996 1343 ex
1030 1287 1217 1341 futuris
1248 1286 1520 1349 incitabat,
1546 1299 1767 1352 regnum
1797 1296 2004 1336 memo-

421 1397 570 1448 rans,
599 1382 778 1446 eaelos,
811 1379 1112 1435 mercedem
1142 1377 1462 1432 ineffabilem
1485 1418 1498 1441 ,
1533 1374 1956 1453 consolationem
1986 1413 2001 1436 ,

423 1474 808 1543 innumeraque
857 1471 1018 1534 bona,
1072 1469 1166 1524 sed
1194 1469 1353 1523 etiam
1398 1483 1426 1520 a
1480 1465 1853 1536 praesentibus,
1883 1464 2008 1517 dum

422 1566 729 1621 firmitatem
761 1563 1295 1629 immobililatemque
1337 1566 1502 1628 petra:
1543 1557 1818 1611 ostendit:
1852 1555 1930 1609 sic
1955 1563 2008 1608 et

423 1672 545 1711 cum
577 1655 644 1710 de
669 1654 869 1709 malitia
915 1655 1089 1722 agitur
1109 1693 1123 1717 ,
1154 1667 1258 1704 non
1303 1649 1463 1703 modo
1489 1656 1655 1702 terret
1698 1646 1767 1700 ab
1798 1646 1861 1700 iis
1889 1659 2008 1714 quae

423 1755 818 1816 exspectantur,
849 1755 906 1798 ut
928 1745 994 1798 ab
1023 1743 1199 1797 excisa
1228 1741 1419 1796 arbore
1441 1782 1454 1804 ,
1497 1742 1617 1810 igne
1660 1737 2009 1806 inexstingui-

423 1840 539 1905 bili,
570 1838 811 1907 ingressu
841 1835 994 1905 regni
1023 1834 1330 1897 intercluso,
1355 1831 1422 1885 ab
1445 1830 1545 1884 hoc
1565 1829 1728 1893 dicto,
1757 1827 1876 1881 Non
1892 1829 2007 1880 novi

424 1947 509 1986 ros
532 1946 550 1994 ;
576 1928 668 1984 sed
690 1928 850 1984 etiam
882 1942 947 1980 ex
974 1924 1362 1995 praesentibus,
1395 1936 1586 1990 nempe
1635 1936 1698 1975 ex
1729 1919 1878 1973 ruina
1909 1917 2004 1972 do-

421 2037 563 2078 mus.
594 2021 824 2088 Ideoque
852 2034 972 2071 cum
1015 2016 1204 2084 majori
1251 2014 1492 2084 emphasi
1521 2027 1824 2067 sermonem
1857 2010 2007 2064 insti-

422 2116 546 2178 tuit,
580 2110 828 2180 parabola
878 2108 1025 2162 illum
1056 2121 1343 2160 exornans.
1383 2105 1496 2158 Non
1545 2105 1688 2158 enim
1735 2104 1865 2157 satis
1899 2113 2012 2157 erat

426 2203 648 2268 dixisse,
677 2202 872 2255 virtute
902 2198 1179 2268 prmditum
1231 2197 1486 2250 invictum
1541 2195 1677 2260 fore,
1709 2195 2009 2264 improbum

427 2305 586 2367 captu
623 2295 872 2358 facilem;
899 2291 993 2347 sed
1025 2298 1228 2360 petram
1261 2289 1457 2358 posuit,
1487 2288 1727 2351 domum,
1761 2286 2004 2353 flumina,

428 2390 659 2461 pluviam
691 2395 746 2443 et
771 2395 1013 2451 ventum,
1033 2399 1097 2438 ac
1123 2382 1336 2437 similia.
1362 2381 1452 2436 26.
1487 2380 1684 2444 Omnis,
1717 2381 1905 2449 inquit,
1929 2379 2015 2448 qui

428 2482 570 2535 audit
599 2495 849 2534 sermones
874 2478 966 2531 hos
991 2491 1147 2541 meos,
1179 2484 1225 2527 et
1254 2491 1353 2528 non
1386 2475 1505 2544 facit
1529 2489 1632 2535 eos,
1655 2471 2015 2525 assimilabitur

428 2573 539 2627 uiro
573 2571 749 2637 stulto,
778 2569 864 2638 qui
895 2568 1162 2636 adi/ienuit
1190 2567 1394 2620 domum
1422 2581 1565 2619 suam
1599 2580 1750 2633 super
1787 2579 2012 2616 arenam.

431 2662 600 2718 Recte
635 2669 812 2716 autem
843 2660 1061 2714 stultum
1108 2658 1247 2712 hunc
1277 2656 1501 2709 vocavit.
1541 2655 1678 2723 Quid
1702 2656 1842 2708 enim
1877 2654 2014 2708 stul-

430 2755 538 2810 tius
564 2753 722 2809 fuerit
747 2752 965 2807 homine
990 2765 1150 2820 super
1179 2765 1395 2805 arenam
1427 2749 1757 2814 a'tliticante,
1787 2756 1840 2802 et
1864 2747 2013 2802 labo-

430 2861 546 2902 rem
567 2844 782 2915 quidem
815 2843 1018 2898 ferente
1042 2883 1057 2907 ,
1093 2843 1261 2896 fructu
1294 2857 1420 2895 vero
1459 2850 1510 2894 ct
1541 2841 1722 2910 requie
1749 2855 1868 2894 sese
1897 2840 2009 2909 pri-

432 2948 627 3004 vante,
656 2951 858 3008 proque
891 2937 989 2991 hac
1015 2952 1072 2990 re
1118 2935 1431 3005 supplicium
1478 2934 1819 2989 sustinente?
1861 2933 2014 3002 Quod

432 3039 612 3086 autem
641 3030 675 3083 ii
715 3029 807 3100 qui
851 3029 1100 3098 nequitiae
1147 3043 1207 3082 se
1254 3026 1456 3082 dedunt
1493 3026 1763 3089 laborent,
1813 3026 2016 3080 nemini

432 3137 541 3178 non
569 3130 752 3176 notum
781 3132 862 3176 cst
895 3139 908 3175 :
934 3136 1056 3173 nam
1081 3129 1284 3187 raptor,
1316 3119 1610 3182 adulteras,
1643 3117 1974 3188 sycophanta
1995 3156 2010 3181 ,

433 3216 661 3272 multum
707 3213 953 3270 laborant
1005 3212 1274 3280 multaque
1315 3210 1599 3273 sustinent,
1653 3218 1712 3262 ut
1765 3208 2019 3262 malitiam

434 3321 586 3361 suam
612 3305 679 3360 ad
708 3305 867 3358 linem
901 3302 1164 3357 deducant
1193 3319 1208 3364 ;
1237 3300 1330 3356 sed
1363 3317 1466 3354 non
1513 3300 1670 3354 modo
1712 3299 1912 3354 nullum
1941 3315 2024 3355 re-

434 3398 616 3453 ferunt
641 3396 892 3456 fructum,
919 3410 1103 3449 verum
1134 3393 1291 3447 etiam
1322 3393 1572 3447 damnum
1594 3394 1792 3463 grande
1819 3395 2027 3462 patiun-

435 3498 544 3543 tur.
587 3487 719 3542 Nam
773 3494 827 3541 et
875 3485 1074 3540 Paulus
1123 3484 1351 3555 idipsum
1409 3485 1749 3540 subindicans
1774 3486 2022 3541 dicebat:

441 3582 541 3647 Qui
568 3581 781 3634 seminat
807 3579 861 3631 in
881 3593 1034 3631 carne
1051 3592 1162 3640 sua,
1198 3577 1262 3630 de
1285 3592 1436 3630 carne
1456 3594 1546 3630 sua
1575 3587 1722 3632 metet
1748 3581 2026 3648 corruptio-

437 3671 778 3742 ncm(Galat.
805 3671 858 3725 6.
891 3669 992 3743 8).
1027 3672 1160 3725 Illuic
1200 3671 1400 3724 similes
1430 3681 1558 3726 sunt
1590 3672 1677 3741 qui
1719 3688 1881 3742 super
1906 3689 2026 3728 are-

439 3780 562 3819 nam
597 3764 894 3829 redificant;
920 3763 1063 3818 verbi
1092 3765 1264 3834 gratia
1293 3765 1384 3833 qui
1429 3764 1479 3816 in
1512 3763 1888 3830 fornicatione,
1933 3767 2024 3834 qui

439 3862 495 3912 in
521 3858 750 3923 luxuria,
782 3857 872 3927 qui
904 3857 956 3910 in
988 3857 1309 3922 ebrietate‘,
1339 3857 1427 3926 qui
1452 3856 1506 3910 in
1538 3857 1831 3924 iracundia,
1859 3857 2024 3928 quiin

442 3951 560 4004 aliis
586 3949 858 4004 omnibus.

513 4044 569 4097 4.
607 4041 929 4113 Comparatio
955 4041 1122 4094 Achab
1144 4051 1189 4095 et
1211 4041 1362 4108 Elite,
1390 4043 1730 4111 apostolorum
1753 4054 1798 4096 et
1818 4043 2029 4098 Juda’o-

444 4149 581 4186 rum.
624 4133 979 4203 Apostolorum
1026 4133 1215 4200 ﬁducia
1263 4143 1309 4184 et
1357 4133 1592 4200 ﬁrmitas.
1628 4164 1698 4174 ——
1739 4135 1878 4190 Talis
1917 4145 2031 4190 erat

445 4224 660 4288 Achab;
704 4225 795 4280 sed
842 4240 946 4279 non
981 4226 1099 4278 talis
1144 4225 1304 4279 Elias.
1352 4225 1561 4281 Etenim
1613 4243 1643 4281 e
1680 4229 1894 4298 regione
1931 4245 2029 4300 po-

444 4326 635 4370 nentes
661 4317 879 4371 virtutes
909 4325 963 4370 et
993 4317 1116 4370 vitia
1142 4358 1155 4381 ,
1191 4317 1396 4371 illorum
1426 4317 1775 4372 differentiam
1813 4335 2031 4374 accura-

447 4406 551 4460 tius
571 4421 935 4476 agnoscemus.
962 4406 1053 4461 Ille
1076 4423 1305 4476 namque
1323 4423 1485 4478 super
1507 4418 1708 4478 petram
1730 4409 2032 4478 aedificavit,

446 4496 534 4550 hic
562 4512 691 4550 vero
716 4513 876 4566 super
903 4513 1119 4553 arenam
1157 4517 1169 4551 :
1209 4498 1434 4569 ideoque
1462 4515 1556 4554 rex
1586 4515 1710 4556 cum
1737 4512 1879 4556 esset
1905 4517 2031 4570 pro-

446 4589 661 4661 phetam
690 4591 956 4644 metuebat
982 4600 1034 4644 et
1064 4591 1414 4658 formidabat,
1444 4594 1531 4663 qui
1555 4592 1810 4663 propheta
1840 4597 2034 4651 melote

449 4690 653 4736 tantum
700 4691 814 4735 erat
857 4681 1087 4736 indutus.
1140 4683 1298 4738 Tales
1342 4694 1493 4739 erant
1534 4686 1738 4752 Judaei;
1789 4687 1883 4741 sed
1926 4704 2031 4743 non

447 4773 677 4842 apostoli
707 4789 720 4824 :
748 4774 1088 4842 quamobrem
1120 4775 1172 4830 hi
1211 4777 1360 4845 pauci
1397 4793 1516 4832 cum
1547 4790 1726 4834 essent
1752 4790 1804 4834 et
1828 4781 1989 4835 vincti
2014 4825 2029 4847 ,

448 4867 753 4924 firmitatem
788 4876 948 4936 petrae
975 4870 1357 4935 ostendebant;
1405 4873 1475 4926 illi
1514 4889 1638 4928 vero
1665 4874 1762 4929 etsi
1805 4876 1956 4930 mulli
1982 4884 2036 4930 et

448 4961 679 5026 armati,
721 4961 1079 5015 infirmitatem
1128 4977 1322 5017 arenre.
1373 4965 1626 5019 Dicebant
1668 4967 1808 5020 enim
1854 4968 2036 5033 :Quid

451 5055 696 5126 faciemus
731 5052 1015 5107 hominibus
1043 5055 1149 5107 istis
1181 5057 1196 5123 (
1221 5054 1330 5107 Act.
1359 5056 1412 5108 4.
1444 5057 1510 5110 16
1533 5056 1591 5123 )?
1626 5057 1806 5113 Viden’
1835 5059 1951 5113 illos
1981 5060 2033 5115 in

451 5146 693 5216 angustia
730 5144 965 5208 versari;
995 5161 1098 5198 non
1129 5155 1305 5199 autem
1332 5162 1425 5201 eos
1463 5149 1550 5217 qui
1587 5151 1778 5220 captivi
1805 5159 1956 5205 erant
1983 5161 2038 5206 et

452 5238 615 5292 vincti
636 5279 652 5303 ,
680 5237 774 5293 sed
804 5237 889 5306 qui
922 5235 1230 5291 detinebant
1256 5249 1306 5291 et
1329 5238 1648 5294 vinxerant?
1674 5258 1777 5311 quo
1806 5243 1930 5312 quid
1958 5243 2037 5298 in-

452 5329 712 5384 solentius
737 5327 1016 5382 videatur?
1057 5327 1133 5382 Tu
1160 5327 1366 5382 detines
1392 5338 1448 5383 et
1472 5329 1680 5386 dubitas
1703 5333 1725 5386 ?
1763 5333 1890 5388 Jure
1917 5336 2036 5403 qui-

455 5420 598 5475 dem.
627 5418 760 5487 Quia
788 5420 930 5475 enim
957 5419 1134 5473 omnia
1166 5432 1328 5488 super
1362 5433 1576 5474 arenam
1605 5421 1996 5479 mdiﬁcaverant
2020 5444 2035 5494 ;

453 5512 578 5568 ideo
603 5512 920 5567 inﬁrmiores
948 5510 1198 5566 omnibus
1223 5521 1392 5564 erant.
1438 5510 1638 5566 Idcirco
1667 5513 1915 5572 dicebant
1939 5517 2036 5572 de-

521 5683 538 5716 ¹
576 5689 654 5732 Ha:
680 5695 840 5744 voces,
865 5681 946 5746 qui
969 5682 1019 5734 in
1046 5678 1287 5742 ebrietate,
1312 5679 1494 5735 desuss
1517 5680 1574 5736 in
1593 5681 1754 5732 Morel.
1842 5673 1855 5692 ⁴

1350 247 1414 303 ΙΝ
1452 243 1862 303 ΜΑΤΤΗΕΙῙΜ
1901 240 2131 299 1101111..
2178 239 2362 295 XXIV.
2407 241 2476 292 al.
2521 240 2685 294 XXV.

3591 247 3695 305 3‘26

2111 365 2218 403 uno
2244 369 2256 403 :
2287 352 2422 418 Quid
2442 355 2607 423 facitis
2631 354 2843 408 colentes
2865 356 3098 409 inducere
3116 373 3267 428 :uper
3289 375 3377 413 nos
3397 363 3694 430 sanguinem

2109 442 2324 495 hominis
2352 444 2504 514 hujus
2531 444 2667 512 (Act.
2690 445 2740 498 5.
2767 446 2897 515 ‘28)?
2926 447 3059 514 Quid
3086 449 3250 504 dicit?
3277 452 3352 506 Tu
3381 455 3565 522 cmdis,
3592 468 3694 513 ter-

2109 547 2225 595 res,
2252 534 2427 598 laedis,
2461 545 2513 590 et
2543 548 2594 590 tu
2629 539 2824 593 times?
2851 551 2902 592 tu
2928 542 3155 608 iudicas,
3189 555 3240 598 ct
3271 555 3322 598 tu
3354 549 3576 603 tremis?
3605 547 3696 606 Sic

2109 625 2318 680 infirma
2348 638 2428 680 est
2458 630 2676 683 malitia.
2708 631 2810 685 Sed
2837 635 3061 701 apostoli
3090 650 3193 688 non
3220 638 3295 690 sic
3323 655 3336 690 :
3370 639 3486 693 Non
3513 659 3694 712 possu-

2110 731 2220 767 mus
2241 733 2331 769 uos
2352 733 2461 785 qute
2482 721 2761 774 audivimus
2782 733 2826 776 et
2851 721 3061 778 vidimus
3083 742 3181 779 non
3203 728 3341 798 loqui
3358 730 3488 797 (Act.
3509 733 3542 785 4
3559 733 3692 798 .20).

2109 805 2353 862 Vidistin’
2385 810 2616 864 animum
2658 815 2978 868 sublimem“!
3017 817 3245 872 γίιΙίηιίιΰ
3273 833 3471 888 petram
3504 823 3693 880 fluctus

2110 899 2408 957 ridentem?
2432 903 2659 958 vidistin’
2683 905 2899 960 domum
2928 909 3248 966 immobilem
3269 915 3291 966 ?
3312 915 3566 986 Quodqu:
3592 919 3694 972 mi-

2111 994 2329 1047 rabilius
2355 1036 2369 1058 ,
2402 1011 2505 1048 non
2553 996 2710 1051 modo
2741 999 2906 1052 timidi
2956 1018 3060 1054 non
3091 1014 3241 1056 erant
3266 1046 3280 1068 ,
3321 1005 3459 1074 quod
3490 1007 3695 1063 iu~idia2

2112 1087 2240 1156 ipsis
2282 1099 2611 1157 pararentur,
2643 1093 2735 1146 sed
2763 1095 2922 1146 etiam
2959 1097 3211 1164 majorem
3243 1098 3487 1153 fiduciam
3516 1103 3696 1171 capie-

2112 1179 2275 1244 bant,
2327 1181 2547 1250 illosque
2586 1184 2638 1236 in
2684 1184 2937 1253 majorem
2983 1193 3277 1257 angustiam
3319 1191 3694 1261 conjiciebant.

2111 1269 2242 1324 Nam
2271 1273 2358 1341 qui
2386 1273 2720 1328 adamantetn
2750 1279 2994 1344 percutit,
3020 1280 3131 1348 ipse
3154 1291 3232 1335 est
3253 1283 3341 1352 qui
3368 1285 3692 1352 percutitur;

2113 1373 2166 1419 et
2186 1366 2274 1435 qui
2298 1376 2478 1421 contra
2504 1369 2770 1422 stimulum
2793 1370 3053 1438 calcitrat,
3079 1373 3190 1442 ipse
3211 1387 3289 1429 est
3312 1378 3399 1446 qui
3428 1379 3694 1449 pangitur,

2113 1467 2166 1513 et
2193 1461 2370 1527 gravia
2401 1462 2593 1531 accipit
2618 1464 2836 1517 vulnera
2858 1479 2871 1528 ;
2897 1473 2950 1518 et
2976 1465 3064 1534 qui
3087 1467 3283 1521 virtute
3309 1470 3544 1537 prmditis
3571 1473 3698 1526 insi-

2112 1548 2287 1604 diatur
2311 1591 2324 1615 ,
2361 1551 2472 1620 ipse
2496 1561 2576 1607 est
2606 1554 2693 1622 qui
2723 1555 3070 1623 periclitatur.
3106 1557 3298 1612 Malitia
3330 1560 3524 1630 quippe
3553 1571 3698 1616 tanto

2113 1641 2374 1696 infirmior
2393 1643 2635 1710 efficitur,
2659 1655 2854 1715 quanto
2874 1648 3040 1718 magis
3061 1658 3240 1703 contra
3261 1652 3504 1706 virtutem
3527 1655 3694 1709 aciem

2113 1733 2346 1789 instruit.
2395 1735 2470 1790 Ac
2496 1737 2940 1805 quemadmodum
2969 1741 3057 1810 qui
3090 1741 3262 1810 ignem
3293 1743 3418 1812 ligat
3457 1744 3507 1797 in
3538 1748 3696 1799 vcsti-

2113 1836 2297 1880 mento
2322 1868 2334 1891 ,
2378 1826 2642 1881 flammam
2683 1829 2894 1900 quidem
2925 1847 3030 1885 non
3063 1834 3349 1904 exstinguit
3375 1879 3388 1900 ,
3419 1836 3509 1889 sed
3541 1839 3701 1892 vesti-

2114 1926 2350 1972 mentum
2395 1921 2660 1974 consumit
2691 1938 2704 1974 :
2731 1921 2808 1976 sic
2846 1922 2933 1992 qui
2980 1923 3175 1978 virtute
3220 1925 3470 1994 praeditos
3514 1928 3697 1994 Ludit,

2114 2010 2337 2075 detinet,
2372 2011 2527 2080 ligat;
2558 2012 2679 2066 illos
2703 2013 2913 2083 quidem
2941 2015 3328 2084 splendidiores
3355 2018 3551 2087 efﬁcit,
3581 2036 3700 2076 sese

2116 2117 2245 2155 vero
2287 2103 2480 2171 perdit.
2533 2105 2740 2158 Etenim
2773 2116 2968 2175 quanto
3004 2111 3244 2178 graviora
3276 2127 3462 2180 passus
3502 2112 3698 2182 fueris,

2117 2193 2240 2246 dum
2271 2195 2436 2262 probe
2466 2195 2623 2248 vitam
2655 2197 2836 2261 ducis,
2867 2207 3013 2253 tanto
3042 2199 3227 2254 fortior
3255 2203 3473 2260 evadis:
3506 2215 3703 2274 quanto

2119 2286 2286 2354 magis
2315 2288 2452 2339 enim
2487 2287 2875 2356 philosophiam
2906 2290 3142 2345 colemus
3164 2334 3178 2357 ,
3211 2301 3357 2347 tanto
3387 2297 3554 2364 magis
3580 2297 3705 2350 nul-

2117 2377 2220 2431 lius
2249 2378 2554 2448 egebimus;
2584 2389 2636 2434 et
2655 2391 2852 2449 quanto
2881 2384 3046 2452 magis
3071 2385 3217 2438 nullo
3242 2386 3534 2454 egebimus,
3559 2398 3704 2444 tanto

2118 2467 2367 2524 fortiores
2402 2471 2600 2525 erimus
2622 2513 2636 2537 ,
2677 2480 2732 2527 et
2767 2475 3013 2528 omnibus
3041 2476 3363 2545 superiores.
3415 2479 3556 2532 Talis
3590 2492 3705 2535 erat

2118 2560 2372 2616 Joannes.
2407 2563 2763 2630 Quamobrem
2795 2582 2951 2621 nemo
2993 2568 3067 2622 illi
3111 2570 3405 2625 molestiam
3447 2575 3702 2639 creabat,

2121 2651 2210 2707 ille
2235 2663 2410 2708 autem
2434 2657 2690 2711 molestus
2712 2668 2826 2712 erat
2853 2657 3082 2724 llerodi;
3110 2671 3162 2716 et
3188 2664 3276 2732 qui
3304 2664 3435 2718 nihil
3460 2666 3704 2731 habebat,

2119 2745 2377 2799 adversus
2404 2757 2712 2816 regnantem
2745 2750 3062 2818 insurrexit;
3105 2754 3193 2823 qui
3221 2755 3518 2811 diademate
3539 2800 3553 2823 ,
3585 2773 3709 2827 pur-

2122 2853 2252 2908 pura
2271 2881 2286 2907 ,
2312 2840 2584 2911 multoque
2613 2851 2801 2896 ornatu
2831 2843 3057 2913 fulgens,
3085 2847 3330 2901 omnibus
3358 2849 3610 2903 nudatum
3646 2852 3709 2904 ti-

2122 2931 2306 2987 mebat
2346 2929 2768 3004 formidabatque
2788 2975 2802 2999 ,
2837 2951 3007 3006 neque
3034 2937 3182 2991 illum
3213 2939 3385 3008 capite
3413 2949 3708 2996 truncatum

2125 3031 2335 3094 poterat
2377 3025 2492 3079 sine
2535 3035 2676 3078 metu
2706 3027 2991 3094 respicere.
3041 3027 3190 3094 Quod
3229 3031 3370 3083 enim
3402 3032 3560 3085 etiam
3595 3043 3710 3102 post

2126 3125 2352 3170 mortem
2383 3131 2488 3170 non
2531 3131 2695 3186 parvo
2737 3117 2926 3172 timore
2964 3117 3184 3191 aﬂ'ectus
3213 3129 3358 3176 esset
3382 3161 3396 3185 ,
3427 3123 3546 3176 audi
3586 3125 3710 3192 quid

2127 3207 2268 3261 dicat,
2295 3225 2306 3258 :
2339 3206 2438 3261 Hic
2466 3218 2535 3261 est
2563 3209 2786 3262 Joannes
2809 3251 2822 3273 ,
2854 3227 2998 3276 quem
3029 3213 3188 3264 occidi
3217 3229 3307 3282 ego
3331 3213 3350 3284 (
3375 3212 3497 3267 Luc.
3527 3216 3579 3270 9.
3610 3217 3708 3287 9).

2127 3296 2260 3352 Illud
2281 3307 2456 3352 autem
2483 3339 2498 3364 ,
2530 3299 2706 3352 Occidi
2729 3341 2743 3367 ,
2776 3317 2879 3354 non
2907 3311 2989 3355 est
3016 3316 3116 3355 vox
3141 3318 3260 3358 sese
3285 3305 3550 3360 elfcrentis
3575 3349 3589 3374 ,
3618 3311 3710 3364 scd

2129 3400 2328 3443 metum
2355 3405 2507 3443 suum
2541 3391 2780 3455 Solantis,
2815 3402 2866 3446 et
2897 3394 3104 3448 turbato
3133 3398 3310 3450 animo
3337 3401 3623 3466 suadentis,
3658 3414 3712 3457 ut

2128 3483 2498 3542 recordaretur
2526 3483 2791 3539 homicidii
2823 3486 2873 3539 in
2917 3487 3062 3541 illum
3096 3491 3401 3558 perpetrati.
3434 3492 3599 3547 Tanta
3631 3506 3715 3549 cst

2128 3575 2340 3629 virtutis
2364 3574 2636 3642 fortitudo,
2667 3587 2723 3631 ut
2747 3579 2904 3633 etiam
2927 3591 3046 3648 post
3075 3591 3298 3636 mortem
3323 3584 3620 3640 viventibus
3647 3589 3716 3642 sit

2131 3667 2416 3734 potentior.
2469 3668 2696 3738 Ideoque
2730 3669 2796 3724 ad
2831 3687 2950 3725 eum
2982 3671 3107 3726 dum
3139 3675 3375 3738 viveret,
3417 3679 3503 3746 qui
3538 3680 3714 3734 multis

2131 3769 2284 3813 erant
2324 3762 2559 3829 pecuniis
2591 3750 2866 3830 instructi,
2905 3765 3217 3820 accedentes
3255 3768 3502 3823 dicebant
3531 3789 3543 3823 :
3579 3771 3713 3838 Quid

2132 3853 2373 3923 faciemus
2401 3854 2548 3926 (Luc.
2575 3857 2628 3910 5.
2655 3856 2776 3926 IO)?
2804 3857 2902 3911 Tot
2932 3857 3137 3912 habetis
3156 3901 3170 3925 ,
3198 3869 3252 3914 et
3278 3861 3345 3914 ab
3374 3877 3438 3916 eo
3465 3864 3554 3932 qui
3585 3864 3713 3917 nihil

2132 3945 2292 4000 habet
2323 3947 2483 4002 vultis
2523 3948 2759 4003 ediscere
2787 3948 2921 4003 viam
2964 3961 3153 4005 vestra:
3191 3952 3501 4008 felicitatis?
3531 3973 3559 4009 a
3593 3974 3718 4025 pau-

2134 4052 2262 4108 pere
2290 4037 2517 4092 divites?
2565 4038 2632 4092 ab
2662 4054 2726 4093 eo
2750 4081 2765 4102 ,
2812 4040 2901 4110 qui
2940 4057 3004 4093 ne
3035 4041 3247 4096 domum
3278 4043 3488 4112 quidem
3519 4047 3714 4114 habet,

2134 4129 2368 4184 milites?
2414 4128 2557 4182 Talis
2585 4145 2792 4200 quoque
2818 4139 2934 4184 erat
2972 4131 3148 4186 IIclias
3179 4150 3190 4185 :
3223 4134 3565 4202 quamobrem
3595 4151 3717 4192 cum

2136 4220 2322 4275 eadem
2371 4219 2614 4276 libertate
2659 4237 2722 4275 ac
2770 4222 2957 4276 fiducia
3006 4224 3198 4293 papulo
3248 4226 3577 4295 loquebatur.
3627 4229 3721 4285 Ille

2138 4327 2367 4380 namque
2393 4311 2620 4377 dicebat,
2655 4311 2921 4366 Genimina
2946 4315 3230 4382 viperarum
3259 4316 3276 4385 (
3300 4315 3486 4370 Matth.
3519 4320 3569 4373 5.
3605 4321 3635 4374 7
3662 4322 3678 4388 )
3705 4343 3719 4387 ;

2139 4403 2225 4459 hic
2257 4420 2381 4458 vero
2403 4446 2417 4468 ,
2466 4404 2732 4477 Usquequo
2760 4407 3056 4460 claudicatis
3092 4417 3302 4477 utroque
3330 4411 3518 4479 poplite
3561 4422 3719 4466 vestro

2140 4493 2215 4567 (5.
2247 4494 2371 4565 Reg.
2400 4496 2486 4550 I8.
2510 4495 2636 4568 21)?
2664 4498 2758 4552 llic
2782 4498 2907 4552 item
2933 4498 3161 4563 dicebat,
3195 4500 3454 4562 Occidisti,
3483 4511 3527 4554 et
3551 4519 3722 4570 posse-

2139 4588 2256 4642 disti
2283 4590 2359 4659 (5.
2392 4589 2518 4660 Reg.
2550 4589 2636 4644 2|.
2670 4589 2792 4662 I9);
2826 4592 2914 4645 ille
2943 4607 3096 4656 vero,
3127 4590 3248 4644 Non
3280 4594 3391 4645 licet
3421 4595 3509 4647 tibi
3542 4595 3724 4650 habere

2140 4697 2346 4735 uxorem
2389 4681 2618 4753 Philippi
2649 4685 2823 4756 fratris
2859 4685 2930 4737 tui
2967 4685 2984 4753 (
3013 4683 3195 4736 Matth.
3228 4685 3312 4738 14.
3342 4686 3376 4739 4
3480 4687 3721 4743 Vidistin‘

2139 4775 2389 4842 petram?
2434 4776 2666 4829 vidistin‘
2711 4791 2927 4831 arenam
2971 4777 3234 4845 quomodo
3277 4777 3427 4837 facile
3472 4781 3721 4838 decidat?

2140 4865 2408 4933 quomodo
2433 4867 2817 4922 calamitatibus
2844 4869 3028 4936 cedat,
3059 4873 3324 4940 quomodo
3350 4875 3687 4930 subvertatur
3706 4917 3722 4939 ,

2142 4959 2239 5013 etsi
2282 4958 2422 5027 apud
2467 4975 2644 5028 regem
2671 5001 2685 5024 ,
2715 4961 2814 5015 etsi
2857 4963 2994 5030 apud
3045 4965 3296 5034 populum
3335 4967 3401 5020 sit
3426 5010 3440 5033 ,
3474 4969 3572 5023 etsi
3602 4985 3721 5023 cum

2144 5051 2412 5119 potentia?
2445 5051 2568 5106 Illos
2594 5052 2733 5106 enim
2761 5054 2848 5123 qui
2879 5069 2935 5106 se
2963 5055 3159 5111 adt-unt
3185 5059 3420 5114 omnium
3450 5061 3725 5114 stolidissi-

2144 5155 2260 5196 mos
2288 5141 2477 5196 reddit.
2524 5142 2706 5212 Neque
2737 5146 2905 5199 solum
2935 5147 3164 5214 decidit,
3199 5151 3289 5204 sed
3321 5161 3373 5205 et
3402 5167 3518 5205 cum
3560 5152 3723 5204 multa

2145 5233 2463 5288 calamitate.
2509 5235 2715 5290 Etenim
2743 5237 2833 5291 27.
2864 5237 3026 5292 Facta
3062 5252 3167 5302 est,
3212 5242 3412 5310 inquit,
3443 5241 3589 5294 ruina
3616 5242 3724 5309 ejus

2145 5343 2331 5398 magna
2355 5329 2519 5384 valde.
2564 5329 2746 5399 Neque
2771 5333 2911 5386 enim
2939 5333 2991 5387 in
3018 5349 3075 5388 rc
3107 5334 3222 5387 vilis
3246 5333 3401 5402 pretii
3432 5332 3722 5400 periculum

2146 5430 2226 5474 est
2248 5462 2261 5483 ,
2292 5421 2385 5476 sed
2415 5422 2481 5476 de
2501 5423 2674 5477 anima
2704 5425 2908 5493 agitur,
2937 5426 3004 5480 de
3029 5425 3312 5479 amissione
3351 5424 3602 5477 caelorum
3624 5463 3638 5486 ,
3669 5436 3721 5480 et

2145 5510 2405 5567 bonorum
2455 5513 2831 5569 immortalium
2874 5518 2914 5570 ί.
2944 5517 3055 5571 Imo
3097 5531 3224 5569 vero
3266 5513 3425 5568 etiam
3467 5523 3594 5569 ante
3634 5513 3721 5572 illa

2213 5692 2229 5722 ι
2267 5697 2390 5753 3:55.,
2420 5703 2703 5744 coronarum
2725 5687 3083 5744 immortalium
