4080 6138
405 255 508 310 5(ὶῖ

401 370 578 425 ninnia
608 365 940 422 miseriorem
973 361 1056 415 hic
1088 362 1245 414 vitam
1277 359 1432 414 ducet
1459 357 1550 412 ille
1582 355 1793 410 malitiae
1817 364 1989 409 secta-

403 475 507 529 tor,
530 463 579 516 iu
604 454 1192 520 mmruribus,assiduis
1212 453 1509 516 timoribus,
1526 448 1989 511 sollicitudinibus,

400 552 782 609 certaminibus
827 549 986 602 vitam
1029 562 1192 616 agens
1233 560 1244 597 :
1287 543 1428 614 quod
1473 542 1687 611 sapiens
1729 539 1989 610 quispiam

401 647 744 704 Subindicans
773 641 984 698 dicebat
1014 658 1025 692 :
1061 639 1214 709 Fugit
1241 637 1446 706 impius,
1474 634 1671 688 nemine
1697 646 1995 702 persequen—

401 749 449 792 te
478 737 663 810 (Prov.
684 740 777 796 28.
812 735 900 804 1).
936 731 1248 800 Ilujusmodi
1279 727 1473 796 quippe
1503 724 1750 778 homines
1775 723 1993 776 umbras

400 835 672 893 tremunt,
703 827 902 880 amicos
932 830 1208 892 suspectos
1237 819 1434 872 habent
1459 857 1472 880 ,
1513 815 1692 869 hostes
1718 856 1731 876 ,
1762 827 1946 870 servos
1970 852 1986 877 ,

407 931 561 974 notos
590 919 689 974 sibi
715 958 726 979 ,
758 919 962 988 ignotos
985 956 998 977 ,
1038 922 1090 967 et
1121 921 1242 966 ante
1271 909 1588 978 supplicium
1617 907 1703 959 hic
1727 915 1993 960 extremas

401 1011 530 1064 (lant
580 1024 784 1079 poenas.
833 1007 958 1060 lla-rc
1003 1019 1159 1074 porro
1195 1002 1372 1057 omnia
1415 1001 1720 1068 significans
1746 994 1992 1048 Christus

402 1101 612 1155 dicebat
642 1118 654 1152 :
687 1098 807 1152 Fuit
839 1097 985 1150 ruina
1024 1096 1162 1150 illitis
1191 1110 1373 1162 magna
1412 1091 1558 1145 valde
1587 1104 1606 1144 :
1631 1095 1993 1142 consentanea

408 1194 512 1247 fine
542 1194 654 1246 lucc
679 1189 899 1264 pulchra
930 1195 1192 1258 praecepta
1223 1184 1493 1246 claudens,
1517 1191 1572 1236 et
1600 1180 1678 1234 vel
1707 1176 1991 1232 admodum

410 1283 698 1338 incredulis
723 1281 954 1336 suadens
981 1280 1141 1335 etiam
1169 1293 1234 1332 ex
1265 1275 1510 1346 prmsenti
1539 1287 1714 1327 rerum
1743 1278 1905 1334 statu,
1937 1274 1995 1321 ut

1081 248 1135 302 S.
1176 243 1452 301 .lOAN-NIS
1490 238 1956 307 CIIRYSOSTOMI
1999 239 2316 305 ARCHIEP.
2356 239 2893 308 CQNSTANTINOP.‘

3580 243 3685 298 328

2100 354 2301 425 fugiant
2331 356 2637 426 nequitiam.
2690 357 2913 414 Etiamsi
2939 360 3079 416 enim
3113 358 3283 430 major
3309 358 3377 414 sit
3401 356 3468 414 de
3497 356 3688 414 futuris

2097 460 2296 512 sermo,
2322 455 2556 504 attamen
2588 450 2674 505 hic
2699 452 2866 521 magis
2893 451 3116 508 idoneus
3141 467 3318 508 sermo
3337 449 3512 510 estad
3538 465 3688 510 cras-

2096 537 2268 600 siores
2294 538 2536 596 homines
2560 539 2888 597 cohibendos
2917 552 2970 598 et
2997 559 3028 598 a
3058 543 3291 614 nequitia
3320 541 3686 602 abducendOS.

2098 627 2327 698 Ideoque
2357 631 2444 684 tali
2478 632 2583 685 fine
2608 647 2787 690 sermo
2812 634 3023 690 clausus
3048 644 3166 700 est,
3196 645 3252 690 ut
3277 635 3443 690 menti
3474 633 3690 696 barren-

2099 727 2202 774 tem
2249 719 2374 774 hinc
2419 722 2700 778 utilitatem
2744 735 3048 796 carperent.
3113 727 3239 783 ιιωα
3287 728 3466 798 itaque
3506 729 3688 787 omnia

2097 813 2347 875 scientes,
2383 822 2490 869 tam
2519 818 2799 884 praesentia
2827 835 2986 888 quam
3012 819 3208 886 futura,
3239 819 3502 892 fugiamus
3532 822 3690 883 maii-

2099 899 2225 956 tiam
2251 942 2268 966 ,
2297 902 2475 958 virtuti
2507 905 2816 962 studeamus
2838 951 2852 974 ,
2887 925 2955 966 ne
2995 910 3188 966 frustra
3224 911 3526 972 laboremus
3546 955 3561 977 ,
3593 912 3690 974 sed

2097 1001 2152 1046 et
2197 991 2283 1046 hic
2313 995 2599 1052 securitate
2637 998 2874 1055 fruamur
2898 1043 2912 1066 ,
2954 1013 3008 1058 et
3052 1003 3157 1060 illic
3192 1003 3376 1074 gloriae
3410 1015 3689 1067 consonos

2099 1083 2266 1138 simus
2300 1102 2311 1137 :
2341 1101 2501 1155 quam
2532 1089 2732 1145 utinam
2759 1106 2948 1149 omnes
2969 1109 3369 1166 consequamur
3390 1137 3407 1162 ,
3437 1098 3604 1167 gratia
3634 1109 3688 1153 et

2099 1173 2429 1246 benignitate
2461 1179 2668 1236 Domini
2705 1186 2872 1240 nostri
2903 1185 3031 1242 Jesu
3061 1187 3293 1253 Christi,
3325 1192 3409 1246 cui
3439 1190 3609 1260 gloria
3635 1202 3692 1247 et

2106 1264 2389 1334 imperium
2427 1267 2479 1323 in
2511 1273 2702 1327 saecula
2732 1275 3069 1331 smculorum.
3104 1281 3292 1332 Amen.
3664 1303 3668 1306 λ

1530 1484 1878 1549 HOMlLlA
1923 1481 2134 1544 XXV.
2177 1485 2264 1546 al.
2311 1487 2548 1550 XXVI.

404 1642 534 1698 (ἶΑῐι.
576 1644 629 1696 7.
674 1658 725 1694 ν.
764 1639 854 1694 28.
898 1639 965 1691 Et
1026 1642 1216 1708 factum
1269 1644 1376 1700 est,
1427 1649 1540 1698 cum
1599 1634 1992 1684 consummas“!

474 1737 623 1792 Iesus
649 1749 900 1791 sermones
928 1733 1069 1800 istos,
1101 1729 1416 1784 mirabantur
1445 1725 1602 1781 turbte
1625 1740 1777 1795 super
1803 1721 1988 1778 doctri-

471 1848 540 1885 na
567 1832 698 1899 ejus.

473 1924 524 1977 1.
567 1921 724 1975 Certe
749 1930 1084 1987 consequens
1111 1923 1225 1970 erat
1247 1955 1264 1983 ,
1294 1922 1353 1971 ut
1381 1911 1448 1968 de
1477 1923 1708 1967 oneroso
1745 1919 1992 1962 sermone

406 2014 689 2078 dolerent,
745 2017 1122 2080 torperentque
1161 2009 1230 2062 ob
1269 2014 1652 2077 praeceptorum
1691 1999 1990 2056 sublimita—

405 2092 511 2161 tem
537 2123 551 2170 ;
588 2105 698 2174 jam
727 2117 856 2159 vero
885 2111 1025 2156 tanta
1057 2101 1178 2155 erat
1197 2098 1435 2154 docentis
1467 2097 1633 2150 virtus
1655 2134 1668 2150 .
1710 2101 1767 2147 ut
1794 2091 1992 2146 multos

402 2212 590 2252 eorum
612 2204 846 2262 caperet,
871 2204 1029 2263 atque
1053 2192 1104 2245 in
1127 2189 1531 2245 admirationem
1561 2187 1827 2256 ingentem
1850 2182 1993 2236 abri-

401 2300 587 2362 peret,
624 2287 978 2357 suaderetque
1024 2291 1242 2354 pr0ptcr
1281 2281 1608 2350 voluptatem
1639 2293 1701 2332 ex
1743 2267 1992 2331 sermone

401 2388 607 2452 partam
633 2421 649 2446 ,
679 2388 733 2432 ut
769 2393 835 2431 ne
859 2419 872 2442 ,
905 2385 1185 2446 postquam
1215 2372 1374 2434 ﬁnem
1402 2369 1614 2425 dicendi
1657 2368 1892 2432 fecerat,
1923 2366 1989 2421 ab

404 2473 496 2526 illo
519 2470 873 2526 discederent.
900 2467 1082 2536 Neque
1101 2465 1242 2520 enim
1263 2479 1384 2517 cum
1406 2479 1467 2516 ex
1494 2471 1673 2515 monte
1695 2457 1988 2522 descendit,

404 2561 675 2616 auditores
700 2559 1062 2622 abcesseruut,
1087 2556 1179 2610 sed
1208 2564 1374 2609 totum
1398 2553 1697 2608 auditorum
1725 2551 1989 2605 lili'ﬂlf‘llln

403 2661 683 2722 sequutum
727 2657 853 2704 est:
887 2655 1088 2701 tantum
1138 2645 1241 2699 illis
1283 2643 1546 2698 indiderat
1583 2641 1838 2696 doctrinas
1882 2655 1990 2694 sine

403 2759 661 2799 amorem.
697 2741 1106 2796 Admirabanlur
1133 2747 1310 2793 autem
1340 2736 1569 2795 maxime
1593 2735 1734 2789 illius
1759 2741 1992 2802 potesta-

406 2849 531 2892 tem.
557 2836 669 2890 Non
700 2836 841 2889 enim
867 2833 931 2888 ad
958 2833 1116 2886 alium
1145 2831 1282 2885 dicta
1307 2828 1546 2885 referens
1574 2826 1906 2901 loquebatur,
1936 2833 1992 2894 ut

409 2927 684 2996 propheta:
700 2936 751 2979 et
764 2925 1074 2996 Moyses(a),
1090 2925 1180 2980 sed
1197 2924 1394 2993 ubique
1411 2923 1727 2982 OStcudebat
1741 2923 1982 2993 seipsum

412 3034 532 3073 esse
558 3019 651 3087 qui
685 3019 1057 3074 auctoritatem
1079 3016 1320 3070 haberet.
1359 3014 1491 3070 Nam
1509 3031 1631 3070 cum
1667 3017 1811 3085 leges
1845 3031 1987 3085 saepe

409 3108 701 3179 pronuntia
712 3107 1128 3178 ret,a'ljiciehal,
1147 3107 1256 3177 Ego
1275 3117 1446 3161 autem
1466 3108 1582 3162 dico
1599 3107 1738 3161 vobis
1760 3114 1844 3161 :et
1859 3121 1981 3160 eum

411 3201 552 3254 tliem
576 3200 718 3253 illam
739 3199 1462 3270 commemoraret,seipsum
1491 3196 1986 3269 moustrabatjudi-

408 3303 548 3355 cem,
569 3298 621 3343 et
638 3306 731 3358 per
754 3290 1013 3358 supplicia
1035 3299 1086 3344 et
1108 3305 1200 3359 per
1214 3291 1456 3358 praemia.
1479 3289 1636 3356 Atqui
1654 3288 1988 3342 hincconse-

400 3397 569 3450 quens
611 3381 892 3438 videbatur
932 3397 1090 3447 esse,
1133 3389 1192 3435 ut
1236 3379 1310 3434 illi
1359 3379 1719 3434 turbarentur.
1765 3377 1896 3431 Nam
1944 3374 1988 3428 si

398 3473 608 3543 scribae,
643 3476 728 3545 qui
758 3475 1000 3530 viderant
1027 3473 1174 3526 illum
1205 3485 1299 3540 per
1327 3485 1487 3540 opera
1520 3469 1803 3540 potentiam
1836 3481 1986 3521 suam

401 3567 684 3622 OSIendere
703 3608 716 3629 ,
745 3565 1005 3634 lapidibus
1037 3578 1155 3616 eum
1183 3562 1523 3632 impetierunt
1548 3567 1602 3614 et
1627 3561 1942 3627 eXpulerunt
1972 3575 1986 3609 :

401 3656 670 3728 qumuodo
701 3657 788 3709 ubi
818 3655 976 3708 verba
1006 3661 1206 3706 tantum
1236 3661 1386 3705 erant
1412 3691 1427 3716 ,
1459 3665 1574 3720 quae
1603 3651 1742 3702 illam
1772 3647 1988 3703 exhibe-

403 3757 556 3811 rent,
591 3762 694 3800 non
721 3744 1012 3800 verisimile
1046 3752 1160 3797 erat
1197 3742 1310 3797 hate
1339 3742 1442 3797 illis
1470 3740 1788 3796 offendiculo
1831 3740 1942 3795 fore
1967 3780 1983 3807 ,

400 3854 520 3893 cum
551 3837 780 3904 maxime
823 3836 938 3890 haec
969 3836 1020 3889 in
1053 3834 1272 3890 exordio
1298 3833 1601 3890 dicerentur
1623 3875 1638 3898 ,
1681 3833 1984 3902 priusquam

401 3934 488 3986 ille
537 3933 785 4001 potentia:
825 3945 936 3985 sua:
983 3929 1403 4000 experimentum
1434 3927 1706 3981 dedisset?
1737 3927 1982 3980 Attamen

397 4028 526 4081 nihil
551 4027 736 4080 horum
763 4024 1097 4095 patiebantur
1123 4038 1138 4077 ε
1161 4023 1372 4092 quando
1393 4021 1532 4076 enim
1556 4021 1764 4074 animus
1787 4020 1983 4089 probus

395 4129 449 4174 et
500 4120 631 4190 frugi
662 4129 779 4185 est,
832 4119 1070 4173 veritatis
1122 4116 1376 4171 doctrinae
1426 4114 1581 4170 facile
1627 4115 1978 4185 obtemperat.

394 4213 727 4279 Quapropter
759 4211 828 4262 illi
863 4209 1097 4279 quidem,
1129 4207 1334 4261 etimnsi
1364 4207 1479 4275 ejus
1509 4207 1798 4276 potentiam
1831 4207 1980 4276 signa

393 4305 779 4372 pnedicarent,
813 4301 1249 4363 oti‘endebantur;
1284 4299 1337 4352 hi
1369 4313 1493 4353 vero
1518 4312 1818 4353 sermonem
1859 4305 1978 4354 tan-

391 4403 500 4446 tum
531 4392 808 4446 audientes
833 4432 847 4456 ,
877 4391 1314 4459 obtemperabant
1344 4399 1398 4444 ct
1435 4389 1816 4460 sequebantur.
1868 4391 1977 4446 lloc

389 4487 529 4540 enim
572 4485 914 4539 subindicaus
950 4484 1272 4553 evangelista
1313 4482 1557 4547 dicebat,
1598 4482 1838 4553 Sequuta:
1861 4493 1978 4538 sunt

389 4595 500 4632 eum
530 4576 688 4630 turba:
718 4577 892 4630 multa:
915 4617 930 4641 ,
963 4593 1065 4628 non
1094 4576 1253 4645 aliqui
1277 4590 1341 4628 cx
1374 4575 1670 4644 principum
1696 4583 1749 4629 et
1772 4576 1975 4632 scriba-

385 4687 505 4726 rmn
545 4686 768 4726 numero
791 4712 806 4736 ,
853 4671 946 4726 sed
989 4679 1250 4740 quotquot
1278 4685 1305 4722 a
1337 4671 1566 4740 nequitia
1600 4669 1750 4725 liberi
1781 4680 1931 4726 erant
1954 4713 1971 4739 ,

385 4763 698 4832 sinceroque
727 4764 926 4816 animo.
971 4762 1072 4816 l’er
1106 4769 1266 4816 totum
1304 4769 1479 4815 autem
1512 4761 1841 4832 evangelium
1876 4761 1973 4822 hos

383 4851 536 4909 vides
576 4854 672 4922 ipsi
701 4854 986 4908 merentes.
1033 4853 1165 4907 Nam
1205 4867 1325 4907 cum
1367 4852 1709 4922 loqueretur,
1754 4853 1971 4910 silentes

381 4943 704 5007 audiebant,
751 4960 855 4997 non
902 4947 1384 5014 interrumpentes_,
1431 4959 1535 4999 nou
1570 4945 1970 5014 interpellantes

378 5035 711 5103 loquentem,
741 5049 845 5088 non
875 5043 1162 5104 tentantes,
1188 5053 1285 5092 nec
1310 5038 1643 5091 occasionem
1670 5046 1966 5106 captantes,

386 5127 829 5199 quemadmodum
872 5127 1124 5183 Pharisaei
1165 5147 1178 5182 :
1211 5141 1330 5200 post
1372 5130 1601 5185 habitam
1642 5145 1801 5201 porro
1841 5145 1968 5186 eon-

400 5417 945 5499 ,-11⁸),,ἓξέίῐξίὲξολάξὲἱὲ
961 5419 1037 5499 Ile
1059 5421 1266 5499 fieri“?
1285 5439 1398 5499 sum
1425 5436 1676 5499 potestate
1712 5435 1971 5499 loquente.

389 5483 627 5557 janijante
652 5493 824 5557 neque
845 5483 1000 5530 semel
1041 5483 1296 5557 dixithnbi
1319 5483 1464 5557 etiam
1489 5490 1712 5557 aitjllum
1735 5483 1973 5557 qi'temad-I

615 5538 887 5627 prophetas
917 5546 1107 5612 nonde
1148 5538 1264 5627 alio,
1290 5554 1377 5618 sed

397 5597 590 5674 fuisse.
615 5597 808 5674 tmesis
851 5603 1056 5666 primam
1109 5597 1476 5662 adnotationem
1507 5597 1972 5674 viii-id'erivciuiiie‘id

398 5659 455 5705 ad
476 5661 602 5709 hanc
622 5659 874 5714 hutniliatn
902 5681 1013 5718 xxv.

2093 1624 2304 1684 cionem
2335 1631 2704 1690 admirabundi
2733 1639 3108 1708 sequebantur.
3139 1641 3217 1698 Tu
3249 1659 3375 1699 vero
3404 1644 3531 1699 mihi
3559 1659 3686 1700 eon-

2096 1719 2302 1775 sideres
2344 1723 2502 1778 velim
2548 1724 2755 1781 Domini
2795 1729 3129 1798 prudentiam
3154 1773 3169 1798 ,
3213 1734 3482 1804 quomodo
3516 1737 3687 1791 variet

2095 1811 2163 1866 ad
2206 1813 2536 1868 audientium
2579 1815 2860 1874 utilitatem
2884 1860 2900 1885 ,
2930 1822 3199 1891 quomodo
3238 1839 3270 1879 a
3311 1825 3577 1880 miraculis
3619 1827 3683 1886 ad

2098 1903 2294 1970 verba,
2326 1913 2381 1959 et
2422 1921 2546 1961 mox
2576 1922 2607 1962 a
2635 1909 2812 1964 verbis
2851 1911 2916 1966 ad
2959 1913 3212 1968 miracula
3255 1922 3509 1972 transeat.
3555 1917 3685 1973 Nam

2099 1996 2406 2066 priusquam
2433 1999 2499 2054 ad
2532 2009 2767 2057 montem
2794 2004 3126 2072 ascenderet,
3157 2008 3353 2063 multos
3377 2009 3600 2072 curavit,
3633 2020 3684 2064 ut

2099 2086 2163 2141 iis
2212 2102 2332 2157 quae
2377 2088 2601 2144 dicenda
2649 2102 2802 2146 erant
2837 2094 2974 2148 viam
3022 2107 3252 2163 pararet.
3300 2098 3366 2152 Et
3408 2109 3686 2168 postquam

2095 2177 2231 2234 hanc
2261 2180 2471 2250 longam
2501 2185 2847 2251 qumstionem
2876 2185 3196 2253 absolverat,
3225 2203 3409 2244 rursus
3435 2189 3500 2244 ad
3531 2192 3686 2246 mira-

2096 2269 2212 2324 cula
2246 2272 2427 2337 venit,
2478 2270 2630 2326 factis
2673 2273 2811 2330 dicta
2847 2275 3192 2331 confirmans.
3239 2278 3370 2347 Quia
3413 2281 3554 2340 enim
3593 2281 3685 2342 9.9.

2098 2363 2374 2433 Tamquam
2404 2375 2696 2435 potestatem
2725 2369 2910 2424 habens
2939 2371 3198 2438 docebat,
3229 2390 3296 2430 ne
3335 2375 3427 2431 hic
3463 2376 3687 2437 docendi

2097 2455 2286 2510 modus
2318 2456 2510 2512 fastum
2558 2471 2771 2530 saperet
2810 2473 2900 2519 aut
2938 2467 3346 2525 ostentationem
3373 2511 3389 2533 ,
3435 2473 3686 2539 operibus

2095 2547 2326 2618 idipsum
2355 2551 2498 2612 facit,
2522 2561 2573 2607 et
2602 2562 2867 2624 tamquam
2894 2565 3210 2624 potestatem
3239 2559 3440 2617 habens
3465 2563 3680 2621 morbos

2092 2648 2281 2705 curat,
2315 2649 2372 2694 ut
2419 2656 2488 2696 ne
2530 2643 2669 2698 ultra
2721 2645 3061 2705 turbarentur
3109 2650 3281 2721 ipsum
3327 2651 3568 2712 videntes
3613 2657 3683 2712 ita

2095 2729 2395 2797 docentem,
2428 2749 2548 2788 eum
2578 2735 2834 2794 miracula
2871 2741 2948 2795 sic
2977 2741 3178 2798 ederet.
3210 2744 3376 2816 (Cap.
3417 2745 3455 2799 ν
3462 2745 3556 2800 111
3579 2747 3600 2818 )
3631 2750 3684 2814 1.

2095 2819 2219 2882 Cum
2260 2823 2592 2883 descendisset
2637 2831 2778 2884 enint
2823 2831 2886 2885 de
2915 2843 3118 2900 monte,
3157 2845 3377 2906 sequatur
3417 2848 3532 2895 sunt
3574 2855 3684 2895 eum

2095 2917 2254 2972 turba:
2282 2919 2470 2974 mutue.
2499 2920 2552 2974 2.
2584 2919 2652 2974 Et
2678 2924 2883 2978 accessit
2913 2925 3141 2994 leprosus
3175 2927 3348 2984 dicens
3375 2946 3394 2983 :
3421 2927 3640 2985 Domine
3663 2971 3682 2995 ,

2093 3011 2137 3066 si
2180 3013 2286 3076 vis,
2327 3021 2468 3082 potes
2505 3028 2585 3067 me
2626 3014 2889 3068 mundare.
2941 3015 3122 3087 Magna
3157 3018 3434 3087 prudentia
3462 3030 3518 3082 et
3551 3022 3684 3080 ﬁdes

2093 3103 2417 3158 accedentis.
2446 3102 2629 3173 Neque
2664 3106 2804 3158 enim
2846 3105 3142 3161 doctrinam
3175 3108 3559 3180 interpellavit,
3589 3127 3674 3172 ne.

2094 3212 2198 3266 que
2225 3196 2525 3252 auditorum
2556 3199 2818 3252 theatrum
2847 3200 3050 3266 secuit,
3082 3200 3176 3255 sed
3203 3213 3558 3272 opportunum
3595 3221 3682 3262 ex‘

2093 3289 2352 3358 spectavit
2379 3298 2604 3360 tempus,
2635 3299 2693 3346 et
2721 3291 2809 3345 ubi
2839 3291 3088 3348 Christus
3117 3293 3480 3355 descendisset
3505 3310 3680 3352 acces-

2093 3380 2179 3434 sit.
2206 3379 2316 3434 Nec
2343 3381 2720 3450 perfunctorie,
2753 3383 2847 3437 sed
2879 3383 3045 3438 multo
3070 3400 3189 3438 cum
3221 3383 3449 3450 fervore,
3477 3395 3530 3442 ct
3553 3397 3682 3449 ante

2091 3485 2260 3540 genua
2309 3472 2424 3541 ejus
2469 3472 2568 3540 ipsi
2615 3473 2905 3543 supplicat,
2950 3483 3007 3528 ut
3053 3476 3126 3530 ait
3177 3475 3315 3534 alter
3359 3479 3680 3548 evangelista

2090 3561 2280 3634 (Marc.
2303 3564 2354 3617 1.
2374 3560 2486 3634 40),
2510 3578 2572 3618 ac
2595 3579 2712 3618 eum
2741 3566 2948 3621 sincera
2973 3565 3098 3629 fide,
3128 3575 3183 3622 et
3206 3571 3515 3638 congruenti
3542 3571 3680 3626 circa

2089 3653 2237 3708 illum
2267 3654 2537 3725 opinione.
2565 3656 2746 3728 Neque
2770 3659 2910 3712 enim
2937 3657 3102 3722 dixit,
3132 3659 3177 3713 si
3223 3659 3390 3724 Deum
3438 3673 3679 3730 precatus

2088 3742 2276 3810 fueris,
2296 3759 2483 3814 neque,
2511 3743 2567 3798 Si
2589 3742 2854 3811 oraveris;
2873 3746 2989 3812 sed,
3009 3745 3068 3800 Si
3084 3748 3178 3815 vis,
3203 3758 3341 3819 potes
3364 3766 3441 3806 me
3466 3753 3673 3806 munda-

2088 3851 2162 3889 re.
2196 3835 2377 3904 Neque
2405 3835 2566 3902 dixit,
2601 3835 2841 3903 Domine,
2871 3838 3066 3893 munda
3091 3855 3209 3906 me;
3236 3841 3331 3897 scd
3360 3841 3459 3912 ipsi
3489 3852 3676 3900 cuncta

2087 3927 2415 3994 committit,
2476 3936 2632 3996 atque
2674 3928 2893 3982 curandi
2943 3931 3218 3986 dominum
3265 3933 3412 3987 illum
3457 3949 3577 3990 esse
3621 3945 3676 3994 et

2089 4026 2403 4087 potestatem
2449 4017 2564 4087 ejus
2602 4033 2862 4074 summam
2910 4022 3242 4076 testificatur.
3291 4023 3429 4090 Quid
3475 4026 3672 4095 igitur,

2085 4108 2291 4177 inquies
2316 4147 2332 4174 ,
2365 4107 2408 4161 si
2445 4106 2573 4161 falsa
2603 4119 2719 4162 erat
2748 4110 2942 4178 leprosi
2971 4111 3193 4180 opinio?
3221 4112 3367 4167 Illam
3397 4113 3674 4171 confutare

2083 4200 2336 4268 oportuit,
2364 4201 2641 4272 ipsumque
2665 4203 2940 4273 increpare
2964 4220 3025 4259 ac
3044 4207 3331 4276 corrigere.
3354 4207 3490 4264 Num
3515 4210 3673 4280 igitur

2082 4291 2210 4345 illud
2254 4290 2416 4346 fecit?
2459 4291 2804 4364 Nequaquam
2844 4313 2856 4348 :
2899 4295 3006 4350 imo
3047 4296 3245 4352 dictum
3293 4301 3573 4355 confirmat
3616 4313 3670 4356 et

2081 4385 2313 4440 roborat.
2346 4384 2572 4457 ideoque
2603 4402 2704 4442 non
2737 4388 2905 4453 dixit,
2937 4389 3214 4456 Mundare,
3247 4392 3340 4447 sed
3365 4434 3381 4460 ,
3413 4395 3465 4448 5.
3517 4393 3667 4463 Volo,

2079 4477 2362 4542 mundare;
2391 4487 2450 4531 ut
2480 4493 2582 4532 non
2616 4478 2757 4534 illius
2785 4479 3070 4549 opinione,
3105 4482 3195 4540 sed
3227 4481 3422 4542 Christi
3453 4496 3668 4541 senten-

2079 4567 2150 4621 tia
2178 4567 2370 4638 dogma
2398 4568 2718 4626 firmaretur.
2748 4572 2817 4626 At
2846 4588 2949 4626 non
2993 4573 3070 4627 sic
3109 4575 3337 4644 apostoli
3371 4594 3382 4630 :
3413 4576 3509 4631 sed
3533 4594 3664 4646 quo-

2077 4661 2277 4714 modo?
2321 4660 2453 4726 Quia
2498 4662 2722 4732 populus
2765 4671 2905 4719 totus
2942 4665 3223 4734 Slttpebat,
3255 4666 3505 4726 dicebant
3544 4669 3657 4723 illi:

2080 4752 2215 4818 Quid
2242 4753 2381 4807 nobis
2407 4756 2661 4809 attenditis
2678 4797 2691 4818 ,
2717 4757 2862 4826 quasi
2887 4757 3092 4828 propria
3123 4759 3300 4812 virtute
3318 4761 3392 4813 vel
3418 4771 3660 4829 potestate

2074 4843 2338 4912 fecerimus
2369 4845 2502 4899 hunc
2527 4846 2787 4899 ambulare
2816 4847 2950 4916 (Act.
2983 4848 3035 4901 5.
3068 4846 3199 4918 1⁵2)1
3227 4849 3483 4905 Dominus
3507 4866 3653 4916 vero,

2072 4937 2173 4990 etsi
2221 4937 2384 4992 multa
2431 4938 2670 4992 modeste
2715 4953 2858 5008 smpe
2895 4939 3139 5008 dixerat,
3171 4957 3291 5011 qua;
3325 4942 3505 5013 gloria:
3544 4957 3655 4998 sum

2071 5029 2334 5085 inferiora
2375 5042 2583 5097 essent,
2623 5033 2751 5103 quid
2789 5033 3105 5090 dicithicut
3140 5035 3488 5091 confirmaret
3523 5034 3646 5103 Opi-

2071 5123 2290 5175 nionem
2339 5138 2526 5177 eorum
2563 5123 2655 5192 qui
2696 5124 2763 5178 de
2800 5133 3068 5194 potestate
3098 5127 3271 5195 ipsius
3314 5126 3646 5195 stupebant?

2079 5209 2225 5276 Volo,
2254 5213 2520 5268 mundare.
2553 5212 2662 5266 Etsi
2693 5228 2812 5268 cum
2841 5222 2916 5268 tot
2944 5223 3192 5285 tantaque
3218 5217 3366 5288 signa
3395 5217 3608 5276 fecisset
3633 5261 3650 5288 ,

2067 5319 2357 5375 numquam
2383 5305 2460 5360 sic
2487 5306 2733 5376 loquutus
2762 5305 2925 5363 fuisse
2947 5307 3208 5364 videatur.

2135 5394 2190 5449 2.
2220 5395 2316 5449 llic
2356 5410 2519 5461 vero,
2554 5405 2610 5449 ut
2636 5406 2688 5452 et
2713 5399 2892 5466 populi
2936 5407 2990 5454 et
3040 5399 3236 5468 leprosi
3281 5399 3349 5455 de
3384 5412 3656 5471 potestate

2064 5501 2158 5540 sua
2187 5485 2490 5554 opinionem
2522 5485 2774 5553 firmaret,
2811 5487 2930 5543 ideo
2965 5491 3242 5559 permisit,
3281 5489 3428 5546 Volo.
3453 5491 3641 5562 Neque

2061 5578 2215 5642 dixit,
2245 5586 2304 5629 ut
2341 5590 2445 5630 non
2472 5576 2670 5631 faceret
2696 5595 2710 5644 ;
2740 5579 2832 5633 sed
2865 5581 3039 5633 statim
3075 5595 3208 5648 Opus
3229 5590 3508 5650 sequutum
3525 5593 3630 5636 est.

2061 5671 2115 5726 Si
2134 5682 2260 5725 vero
2282 5667 2368 5726 ille
2398 5682 2502 5724 non
2531 5669 2666 5724 bene
2691 5670 2934 5737 dixisset,
2965 5671 3008 5726 si
3030 5671 3416 5742 blasphemiam
3439 5681 3634 5740 protu~
