4080 6138
301 306 410 363 529

303 422 404 474 οὐκ
437 418 656 489 ἐποίησε
687 416 744 470 δέ
767 433 782 448 θ
814 414 953 471 ἀλλά
973 415 1066 470 καὶ
1102 413 1162 468 τὸ
1181 413 1343 486 ἔργον
1367 414 1567 477 εὐθέως
1597 414 1983 485 ἠκολούθησεν.

303 508 368 560 Εἰ
395 506 452 558 δέ
480 505 554 577 μὴ
582 503 763 567 καλῶς
791 502 977 571 ἔλεγεν
998 542 1012 566 ,
1047 500 1184 555 ἀλλά
1214 500 1530 572 βλασφημία
1570 497 1637 571 ἦν
1661 500 1721 552 τὸ
1756 502 1977 571 εἰρημέο

303 612 412 659 νον,
458 593 563 646 ἔδει
615 590 944 660 διακοπῆναι
1006 590 1066 643 τὸ
1114 588 1294 659 ἔργον,
1338 587 1472 640 Νυνὶ
1519 586 1577 639 δὲ
1635 588 1728 640 καὶ
1771 584 1914 651 εἶξεν
1948 590 1981 658 ἡ

304 682 464 750 φύσις
501 677 1036 748 ἐπιταττομένη,καὶ
1068 676 1203 746 μετά
1237 675 1328 726 τοῦ
1365 675 1731 745 προσήκοντος
1763 677 1983 745 τάχους,

302 770 394 823 καὶ
444 768 688 839 μείζονος
742 767 777 838 ἢ
830 768 858 818 6
916 764 1301 834 εὐαγγελιστὴς
1354 759 1494 816 εἷπε.
1563 765 1671 815 Καὶ
1725 765 1833 837 γὰρ
1883 766 1983 831 τὸ,

302 856 548 921 εὐθέως,
582 856 718 908 πολὺ
752 853 1078 925 βραδύτερόν
1115 853 1231 903 ἐστι
1264 849 1357 902 τοῦ
1387 850 1584 921 τάχους
1620 850 1711 904 τοῦ
1752 853 1893 904 κατά
1925 853 1986 906 τὸ

306 946 466 1016 ἔργον
498 944 892 1012 γεγενημένου.
939 942 1051 1009 Οὐχ
1086 938 1271 1002 ἁπλῶς
1300 938 1358 991 δέ
1395 934 1515 991 εἷπε
1536 977 1551 1001 ,
1583 938 1742 992 Θέλω
1764 981 1779 1005 ,
1810 945 1986 993 καθα-

298 1034 537 1102 ρίσϐητι
563 1048 576 1062 ·
602 1029 739 1085 ἀλλά
783 1029 879 1083 καὶ
922 1028 1036 1095 τὴν
1082 1027 1251 1096 χεῖρα
1295 1026 1566 1092 ἐκτείνας
1597 1026 1796 1094 ἥψατο
1835 1028 1879 1057 ⁶²
1911 1043 1925 1058 '
1957 1027 1984 1081 ὃ

301 1124 365 1192 δὴ
402 1121 637 1191 μάλιστα
672 1119 820 1185 ἀξιον
860 1118 1157 1188 ζητήσεως.
1194 1117 1352 1179 Τίνος
1380 1115 1488 1187 γὰρ
1512 1115 1696 1168 ἕνεκεν
1718 1115 1983 1188 θελήματι

301 1209 581 1280 καθαίρων
609 1206 772 1261 αὐτὸν
820 1207 914 1259 καὶ
940 1205 1114 1273 λόγῳ,
1146 1203 1247 1274 τὴν
1285 1206 1385 1274 τῆς
1418 1203 1595 1274 χειρὸς
1645 1203 1983 1275 προσέθηκεν

300 1299 471 1368 ἀφήνς
518 1296 671 1367 Ἐμοὶ
691 1295 839 1349 δοκεῖ
867 1294 935 1346 δι’
972 1293 1122 1346 οὐδὲν
1164 1293 1350 1361 ἕτερον
1373 1333 1387 1355 ,
1432 1290 1547 1343 ἀλλ’
1582 1292 1668 1343 ἵνα
1703 1292 1851 1362 δείξῃ
1892 1293 1984 1346 καὶ

300 1383 581 1448 ἐντεῦθεν,
614 1385 696 1437 ὅτι
732 1374 831 1452 οὐχ
867 1381 1153 1434 ὑπόκειται
1191 1379 1269 1449 τῷ
1295 1378 1445 1448 νόμῳ
1468 1419 1482 1442 ,
1517 1378 1631 1432 ἀλλ’
1665 1379 1937 1433 ἐπίκειται
1965 1397 1979 1410 °

300 1473 394 1525 καὶ
422 1473 502 1524 ὅτι
521 1469 602 1541 τῷ
623 1467 848 1539 καθαρῷ
868 1467 1054 1521 λοιπὸν
1077 1467 1229 1520 οὐδὲν
1258 1465 1587 1538 ἀκάθαρτον.
1611 1466 1709 1520 Διά
1736 1468 1800 1536 δὴ
1823 1466 1981 1522 τοῦτο

309 1560 610 1621 Ἐλισσαῖος
643 1557 742 1625 μὲν
771 1556 891 1608 οὐδέ
922 1554 1067 1624 ἐώρα
1093 1553 1136 1585 ⁶³
1161 1554 1254 1606 τὸν
1284 1553 1522 1624 Νεεμάν,
1541 1554 1677 1606 ἀλλά
1699 1554 1793 1607 καὶ
1816 1571 1980 1607 σκαν-

298 1646 615 1699 δαλισθέντα
641 1642 786 1708 ἰδὼν,
826 1640 1011 1711 ἐπειδῆ
1048 1641 1122 1709 μὴ
1158 1639 1346 1708 ἐξῆλθε
1382 1641 1473 1692 καὶ
1504 1641 1548 1670 ⁸⁸
1573 1640 1768 1711 ἥψατο,
1798 1641 1981 1712 τηρῶν

298 1732 392 1786 τοῦ
422 1732 586 1802 νόμου
615 1729 713 1801 τὴν
740 1728 1046 1799 ἀκρίϐειαν,
1077 1727 1215 1779 οἴκοι
1258 1727 1440 1797 μένει,
1477 1728 1570 1779 καὶ
1603 1728 1811 1797 πέμπει
1849 1729 1983 1799 πρὸς

297 1821 389 1872 τὸν
452 1817 722 1888 Ἰορδάνην
770 1815 930 1868 αὐτὸν
988 1812 1326 1884 λουσόμενον.
1364 1815 1421 1867 '0
1451 1813 1507 1865 δέ
1540 1814 1840 1884 Δεσπότης,
1874 1815 1983 1869 δει-

300 1908 431 1968 κνὺς
466 1906 510 1936 ⁸⁸
544 1908 625 1958 ὅτι
664 1902 766 1974 οὐχ’
806 1904 879 1966 ὡς
923 1901 1140 1965 δοῦλος,
1173 1900 1288 1953 ἀλλ’
1319 1901 1395 1964 ώς
1436 1900 1624 1972 κύριος
1671 1901 1981 1972 θεραπεύει,

299 1995 393 2049 καὶ
423 1994 673 2047 ἅπτεται.
724 1991 799 2043 Οὐ
833 1990 941 2060 γὰρ
989 1991 1022 2058 ή
1069 1989 1189 2058 χεὶρ
1226 1988 1334 2041 ἀπὸ
1380 1989 1480 2058 τῆς
1508 1988 1715 2059 λέπρας
1770 1990 1985 2058 ἐγένετο

299 2082 631 2153 ἀκάθαρτος,
666 2079 799 2133 ἀλλά
828 2079 888 2131 τὸ
922 2078 1082 2148 σῶμα
1110 2077 1168 2131 τδ
1193 2077 1390 2146 λεπρὸν
1414 2077 1521 2131 ἀπὸ
1550 2081 1649 2149 τῆς
1687 2079 1867 2149 χειρὸς
1886 2080 1984 2150 τῆς

300 2172 357 2239 ἀ,
376 2173 458 2234 ίας
488 2169 779 2223 καθίστατο
802 2167 1058 2239 καθαρόν.
1088 2168 1160 2220 Οὐ
1182 2167 1288 2238 γὰρ
1317 2167 1380 2239 δὴ
1406 2169 1564 2237 μόνον
1594 2167 1824 2239 σώματα
1843 2185 1985 2239 παρ-

298 2258 518 2327 εγένετο
553 2257 907 2329 θεραπεύσων
927 2298 945 2323 ,
990 2255 1125 2309 ἀλλά
1155 2256 1249 2308 καὶ
1274 2255 1451 2326 ψυχὴν
1476 2258 1557 2320 εἰς
1586 2256 1631 2287 ⁸⁸
1666 2256 1983 2327 φιλοσοφίαν

307 2347 535 2412 ἐνάξων.
587 2345 801 2416 Ὥσπερ
845 2339 937 2398 οὖν
973 2344 1015 2374 ⁸⁷
1047 2343 1233 2413 χερσὶν
1271 2344 1517 2406 ἀνίπτοις
1554 2344 1757 2397 ἐσθίειν
1802 2344 1984 2398 οὐκέτι

297 2433 482 2487 λοιπὸν
528 2430 799 2492 ἐκώλυσε,
847 2432 938 2483 τὸν
994 2430 1216 2499 ἄριστον
1267 2431 1475 2483 ἐκεῖνον
1518 2431 1751 2498 εἰσάγων
1796 2431 1980 2501 νόμον,

298 2521 390 2575 τὸν
430 2520 558 2590 περὶ
585 2519 685 2589 τῆς
716 2517 822 2570 τῶν
867 2516 1173 2589 βρωμάτων
1220 2516 1542 2587 ἀδιαφορίας
1563 2532 1576 2546 ·
1629 2516 1770 2570 οῦτω
1794 2516 1857 2586 δὴ
1889 2517 1984 2571 καὶ

298 2606 531 2663 ἐνταῦθα
575 2605 761 2659 λοιπὸν
791 2603 1097 2669 παιδεύων,
1129 2603 1212 2655 ὅτι
1245 2603 1344 2673 τῆς
1384 2596 1562 2673 ψυχῆς
1608 2602 1983 2673 ἐπιμελεῖσθαι

299 2695 426 2769 χρὴ,
462 2694 555 2747 καὶ
584 2693 693 2747 τῶν
737 2692 935 2757 ἔξωθεν
972 2690 1388 2760 ἀπαλλαγέντας
1431 2690 1732 2763 καθαρμῶν
1769 2693 1984 2762 ἐκείνην

298 2782 662 2852 ἀποσμήχειν,
690 2780 784 2833 καὶ
807 2777 904 2849 τὴν
931 2776 1102 2845 αὐτῆς
1142 2776 1348 2847 λέπραν
1388 2776 1683 2830 δεδοικέναι
1716 2779 1885 2849 μόνην
1913 2779 1981 2843 ³⁸,

297 2870 434 2941 ὅπερ
460 2870 608 2923 ἐστὶν
635 2866 881 2939 ἁμαρτία
919 2864 999 2936 (τὸ
1039 2864 1149 2935 γὰρ
1182 2865 1382 2938 λεπρὸν
1415 2861 1727 2920 εἶναιούδὲν
1753 2866 1982 2937 κώλυμα

300 2961 379 3022 εἰς
408 2955 663 3029 ἀρετήν)’
718 2953 932 3025 πρῶτος
958 2953 1002 2984 θ’
1046 2952 1206 3016 αὐτὸς
1239 2952 1471 3007 ἅπτεται
1494 2953 1589 3007 τοῦ
1610 2953 1834 3025 λεπροῦ,
1885 2954 1979 3008 καὶ

298 3045 474 3108 οὐδεὶς
511 3043 753 3112 ἐγκαλεῖ.
785 3041 922 3095 Οὐδὲ
953 3040 1062 3111 γὰρ
1086 3035 1155 3111 ἦν
1186 3040 1577 3112 διεφθαρμένον
1614 3041 1677 3094 τὸ
1716 3042 1975 3114 δικαστή-

302 3150 437 3204 ριον,
465 3132 584 3185 οὐδέ
609 3130 716 3184 ὑπὸ
744 3127 938 3198 φθόνου
966 3128 1320 3198 κατεχόμενοι
1348 3129 1399 3181 οἰ
1427 3127 1616 3182 θεαταί
1652 3129 1721 3182 ⁷⁸.
1742 3131 1841 3183 Διὰ
1866 3130 1979 3183 τοῦ·

298 3238 361 3275 το
402 3221 462 3274 οὐ
492 3221 651 3292 μόνον
681 3218 781 3270 οὐκ
828 3214 1145 3285 ἐπέσκηψαν
1165 3255 1178 3279 ,
1210 3215 1346 3269 ἀλλὰ
1373 3216 1467 3270 καὶ
1498 3216 1875 3288 ἐξεπλάγησαν
1918 3218 1978 3271 τὸ

300 3308 502 3378 θαῦμα,
538 3306 633 3359 καὶ
656 3303 1058 3375 παρεχώρησαν
1082 3341 1097 3366 ,
1132 3302 1240 3355 ἀπὸ
1269 3319 1327 3356 τε
1361 3302 1469 3356 τῶν
1494 3304 1799 3375 εἰρημένων
1825 3344 1838 3369 ,
1869 3304 1979 3358 ἀπό

298 3414 358 3451 τε
378 3395 488 3448 τῶν
520 3394 820 3464 γινομένων
855 3390 951 3462 τὴν
979 3391 1264 3461 ἀμήχανον
1286 3391 1330 3421 τί
1363 3390 1528 3443 αὐτοῦ
1551 3390 1778 3462 δύναμιν
1806 3409 1976 3464 προσ-

298 3484 654 3552 κυνήσαντες.
700 3480 769 3532 Θε
780 3477 1056 3550 ραπεύσας
1081 3476 1258 3530 τοίνυν
1281 3476 1447 3529 αὐτοῦ
1469 3477 1530 3529 τὸ
1551 3476 1733 3547 σῶμα,
1769 3477 1977 3531 κελεύει

295 3570 510 3641 μηδενί
560 3567 750 3621 εἰπεῖν
773 3607 787 3627 ,
853 3565 1015 3619 ἀλλὰ
1066 3563 1255 3628 δεῖξαι
1303 3564 1520 3616 ἑαυτὸν
1556 3562 1637 3628 τῷ
1684 3564 1842 3632 ἱερεῖ,
1878 3566 1977 3619 καί

300 3653 729 3725 προσενεγκεῖν
774 3651 839 3705 τὸ
879 3649 1090 3718 δῶρον,
1124 3650 1156 3702 ὃ
1187 3648 1521 3717 προσέταξε
1554 3649 1813 3718 Μωῠσῆς
1840 3689 1854 3714 ,
1891 3653 1978 3717 εἰς

297 3743 625 3813 μαρτύριον
648 3738 868 3802 αὐτοῖς.
912 3738 1068 3800 Τινὲς
1101 3737 1199 3808 μέν
1231 3732 1324 3790 οῦν
1369 3754 1532 3805 φασιν
1551 3777 1566 3801 ,
1596 3738 1677 3790 ὅτι
1703 3736 1791 3790 διὰ
1820 3738 1980 3792 τοῦτο

303 3831 555 3885 ἐκέλευσε
606 3827 858 3899 μηδεν¹ι⁷¹
889 3828 1064 3879 εἰπεῖν
1087 3864 1102 3890 ,
1149 3826 1236 3878 ’ίνα
1282 3824 1356 3897 μὴ
1391 3827 1809 3897 κακουργήσωσι
1849 3828 1979 3898 περί

299 3920 398 3989 τὴν
453 3917 723 3989 διάκρισιν
775 3913 870 3967 τοῦ
927 3912 1246 3984 καθαρμοῦ,
1306 3912 1506 3983 σφόδρα
1542 3911 1695 3986 [509]
1739 3913 1978 3985 ἀνοήτως

300 4006 460 4061 τοῦτο
502 4004 916 4066 ὑποπτεύοντες.
959 4002 1034 4055 οὗ
1081 4001 1191 4072 γὰρ
1234 3999 1410 4064 οὕτως
1450 4001 1752 4072 ἐκάθηρεν’
1780 4001 1856 4065 ὡς
1884 4002 1977 4054 καὶ

301 4093 784 4166 ἀμφισϐητήσιμον
807 4085 944 4144 εἶναι
968 4089 1058 4142 τὸν
1085 4088 1369 4159 καθαρμόν
1390 4107 1402 4119 ·
1425 4088 1560 4142 ἀλλά
1592 4089 1779 4160 μηδενί
1805 4091 1978 4143 εἰπεῖν

302 4180 531 4244 κελεύει,
555 4178 820 4232 διδάσκων
857 4176 918 4228 τὸ
946 4176 1297 4244 ἀκόμπαστον
1330 4178 1425 4228 καὶ
1454 4175 1791 4246 ἀφιλότιμον.
1835 4176 1976 4228 Καί-

300 4285 446 4337 τοιγε
475 4267 611 4338 ᾔδει,
642 4266 725 4318 ὃτι
752 4264 813 4317 οὐ
843 4262 1193 4333 πεισθήσεται
1222 4264 1424 4326 ἐκεῖνος
1443 4304 1458 4328 ,
1493 4263 1606 4315 ἀλλ’
1642 4264 1974 4335 ἀνακηρύξει

300 4357 392 4410 τὸν
420 4356 713 4427 εὐεργέτην
735 4369 749 4382 '
786 4351 898 4404 ἀλλ’
935 4351 1083 4419 ὅμως
1106 4350 1167 4402 τὸ
1209 4349 1374 4403 αὐτοῦ
1410 4352 1573 4405 ποιεῖ,
1612 4350 1737 4414 Πῶς
1764 4347 1856 4404 οὖν
1881 4352 1976 4404 ἀλ-

299 4442 463 4513 λαχοῦ
495 4441 705 4495 κελεύει
732 4440 906 4491 εἰπεῖν
934 4453 949 4502 ;
994 4436 1178 4505 φησίν.
1224 4436 1360 4504 Οὐχί
1389 4434 1566 4505 ἐαυτῷ
1591 4436 1935 4506 περιπίπτων
1955 4475 1971 4501 ,

299 4530 421 4582 οὐδὲ
459 4526 898 4595 ἐναντιούμενος.
947 4522 1083 4576 ἀλλὰ
1119 4522 1387 4576 παιδεύων
1419 4522 1767 4592 εὐγνώμονας
1811 4520 1970 4579 εἶναι.

302 4616 438 4669 Οὐδέ
480 4615 590 4686 γὰρ
634 4614 749 4666 ἐκεῖ
794 4609 1190 4681 ἀνακηρύττειν
1231 4608 1422 4663 ἐαυτὸν
1471 4607 1790 4671 ἐκέλευσεν,
1837 4609 1974 4665 ἀλλά

300 4703 480 4756 δοῦναι
513 4703 668 4769 δόξαν
700 4699 777 4771 τῷ
801 4697 949 4769 Θεῷο
996 4697 1084 4751 διὰ
1120 4696 1220 4767 μὲν
1258 4695 1354 4748 τοῦ
1397 4694 1599 4769 λεπροῦ
1619 4694 1808 4749 τούτου
1842 4695 1973 4750 ἀτύ.

303 4808 438 4859 φους
461 4793 609 4859 ἡμᾶς
644 4787 1076 4861 παρασκευάζων
1105 4786 1199 4839 καὶ
1231 4782 1580 4847 ἀκενοδόξους
1598 4823 1613 4848 ,
1644 4782 1805 4838 διὰδὲ
1830 4784 1975 4838 ἐκεί-

300 4892 394 4927 νου
417 4912 431 4936 ,
458 4873 811 4943 εὐχαρίστους
849 4872 945 4925 καὶ
984 4868 1334 4938 εὐγνώμονας
1382 4862 1519 4919 εἶναι
1541 4906 1555 4930 ,
1587 4867 1680 4919 καὶ
1705 4866 1974 4920 παιδεύων

302 4951 580 5024 πανταχοῦ
623 4952 730 5005 τῶν
776 4952 1073 5022 γινομένων
1120 4952 1220 5021 τὴν
1254 4949 1530 5021 εὐφημίαν
1576 4950 1868 5020 ἀναφέρειν
1895 4948 1975 5019 τῷ

301 5036 567 5106 Δεσπότῃ.
610 5033 826 5102 Ἐπειδὴ
847 5033 954 5103 γὰρ
982 5032 1056 5094 ὡς
1083 5033 1152 5084 τά
1180 5031 1350 5084 πολλὰ
1372 5033 1421 5083 οἱ
1452 5030 1725 5101 ἄνθρωποι
1753 5029 1972 5083 νοσοῦν-

299 5138 393 5185 τες
430 5119 527 5190 μὲν
552 5116 858 5189 μέμνηνται
889 5112 981 5166 τοῦ
1024 5113 1184 5176 Θεοῦ,
1213 5114 1312 5183 τῆς
1351 5113 1409 5166 δὲ
1455 5114 1766 5184 ἀρρωστίας
1800 5112 1975 5166 ἀπαλ-

298 5204 558 5273 λαγέντες
594 5197 952 5272 ῥᾳθυμότεροι
993 5196 1269 5265 γίνονται,
1316 5194 1553 5249 κελεύων
1584 5195 1844 5264 διηνεκῶς
1877 5196 1973 5248 καὶ

298 5288 588 5349 νοσοῦντας
611 5285 704 5339 καὶ
729 5281 1067 5351 ὑγιαίνοντας
1098 5280 1383 5349 προσέχειν
1402 5278 1480 5348 τῷ
1511 5279 1775 5350 Δεσπότῃ,
1803 5279 1966 5347 φησί·

299 5372 411 5439 Δὸς
443 5370 632 5434 δόξαν
662 5367 744 5434 τῷ
774 5363 915 5430 Θεῷ.

374 5537 419 5568 ⁸³
450 5531 654 5607 mam]
681 5526 1005 5607 θίξςὶοειῦτέὖ
1040 5523 1194 5607 ιέεωο.
1233 5524 1298 5607 ,⁸³
1330 5523 1433 5607 9εᾷ
1469 5523 1531 5607 Es
1572 5519 1648 5607 1":

1150 298 1212 355 S.
1253 296 1540 355 JOANNIS
1577 297 2070 356 CIIRYSOSTOMI
2110 299 2433 357 ARCHIEP.
2474 300 3019 359 CONSTANTINOP.

1742 5522 1789 5553 ⁸³
1828 5520 1943 5593 καὶ]
1983 5520 2128 5593 μηδὲ.
2166 5518 2300 5593 ΕΜ.

3644 303 3751 359 3'50

2160 416 2315 479 Τίνος
2341 416 2399 470 δέ
2433 417 2617 471 ἕνεκεν
2656 418 2750 472 καὶ
2776 416 2946 482 δεῖξαι
2986 418 3172 471 ἐαυτὸν
3202 418 3456 472 ἐκέλευσε
3484 418 3562 488 τῷ
3592 418 3759 488 ἱερεῖ.

2088 505 2183 558 καὶ
2213 504 2383 575 δῶρον
2408 508 2828 576 προσενεγκεῖν;
2860 506 3028 558 Πάλιν
3065 507 3157 559 τὸν
3186 507 3346 577 νόμον
3370 505 3605 559 ἐνταῦθα
3638 507 3763 559 ἀνα-

2089 590 2331 662 πληρῶν.
2383 592 2517 645 Οὐδὲ
2573 591 2679 661 γάρ
2728 592 3002 662 πανταχοῦ
3046 593 3208 646 αὐτὸν
3253 593 3544 664 παρέλυεν,
3586 594 3762 646 οὐδὲ-,⁷³

2088 677 2361 749 πανταχοῦ
2395 678 2691 748 ἐφύλαττεν
2714 696 2725 708 ·
2759 678 2892 732 ἀλλά
2920 680 3048 731 ποτέ
3080 680 3178 750 μὲν
3213 679 3372 733 τοῦτο
3402 681 3599 742 ἐποίει.
3635 682 3763 734 ποτέ

2086 765 2144 818 δὲ
2185 768 2394 818 ἐκεῖνο·
2426 765 2599 836 τούτῳ
2648 766 2748 836 μὲν
2794 770 2860 837 τῇ
2913 767 3181 840 μελλούσῃ
3216 769 3504 840 φιλοσοφίᾳ
3541 769 3763 840 προοδο-

2089 852 2281 915 ποιῶν,
2317 853 2568 924 ἐκείνῳπ
2596 853 2651 906 δέ
2676 854 2775 924 τὴν
2802 856 3154 926 ἀναίσχυντον
3180 857 3288 909 τῶν
3324 856 3595 910 Ἰουδαίων
3628 857 3763 919 τέως

2087 940 2331 1010 κατέχων
2364 940 2631 1009 γλῶτταν,
2667 942 2761 993 καὶ
2802 941 3255 1009 συγκαταϐαίνων
3291 943 3472 996 αὐτῶν
3498 945 3563 1014 τῇ
3596 942 3762 996 ἀσθε⁴

2086 1031 2224 1101 νείᾳ.
2256 1031 2366 1083 Καὶ
2387 1030 2440 1083 τί
2470 1030 2791 1101 θαυμάζεις,
2834 1032 2950 1099 εῖγε
2983 1034 3040 1084 ἐν
3069 1033 3375 1103 προοιμίοις
3414 1032 3577 1095 αὐτὸς
3602 1032 3762 1085 τοῦτο

2085 1116 2361 1186 ἐποίησεν,
2392 1118 2524 1171 ὅπου
2547 1135 2610 1186 γε
2646 1119 2739 1171 καὶ⁹
2762 1119 2811 1171 οἰ
2837 1118 3124 1172 ἀπόστολοι
3152 1119 3291 1189 μετά
3318 1119 3382 1172 τὸ
3407 1120 3763 1190 κελευσθῆναι

2085 1209 2166 1270 εἰς
2197 1205 2266 1260 τὰ
2291 1205 2415 1277 ἐθνη
2450 1206 2724 1271 ἀπελθεῖν,
2750 1208 2843 1260 καί.
2864 1208 2962 1271 τὰς
2992 1208 3162 1280 θύρας
3189 1208 3473 1279 ἀνοιγῆναι
3502 1210 3602 1280 τῆς
3623 1211 3763 1266 κατὰ

2085 1293 2186 1364 τὴν
2224 1295 2547 1365 οἰκουμένην
2578 1294 2949 1358 διδασκαλίας,
2993 1297 3085 1348 καὶ
3113 1295 3204 1349 τὸν
3234 1298 3397 1365 νόμον
3436 1297 3760 1371 ἐγκλεισθῆ-

2084 1382 2254 1447 ναι⁷⁸,
2289 1381 2380 1435 καὶ
2415 1382 2789 1450 ἀνανεωθῆναι
2830 1382 2897 1434 τὰ
2926 1382 3311 1453 πράγματα⁷⁶,
3347 1383 3443 1437 καὶ
3469 1384 3537 1439 τά
3558 1386 3762 1440 παλαιά

2083 1468 2503 1523 ἀναπαύσασθαι
2539 1470 2787 1532 ἅπαντα,
2844 1469 3124 1537 φαίνονται
3156 1471 3288 1524 ποτέ
3330 1471 3430 1541 μὲν
3471 1473 3761 1545 τηροῦντες

2084 1557 2176 1610 τὸν
2206 1558 2390 1626 νόμον,
2420 1558 2549 1610 ποτέ
2577 1556 2635 1610 δὲ
2660 1556 2820 1609 αὐτὸν
2850 1556 3322 1629 παρατρέχοντες;
3357 1559 3466 1612 Καὶ
3503 1560 3556 1612 τί
3575 1560 3753 1627 τοῦτο,

2086 1645 2238 1715 φησὶ,
2272 1644 2409 1715 πρὸς
2456 1643 2553 1714 τὴν
2582 1642 2673 1696 τοῦ
2702 1644 2867 1713 νόμου
2903 1643 3148 1696 συντελεῖ
3171 1644 3437 1716 φυλακὴν,
3473 1646 3535 1698 τὸ
3561 1650 3757 1711 εἰπεῖν.

2084 1733 2292 1797 Δεῖξον
2315 1732 2577 1787 σεαυτὸν
2606 1729 2686 1797 τῷ
2713 1731 2855 1799 ἱερεῖ
2870 1732 2953 1798 ⁷⁷;
2983 1732 3055 1785 Οὐ
3081 1734 3141 1785 τὸ
3177 1734 3359 1802 τυχόν.
3391 1735 3503 1786 Καὶ
3531 1735 3641 1808 γὰρ
3676 1737 3760 1791 v6-

2088 1837 2186 1892 μος
2215 1817 2284 1891 ἦν
2325 1818 2572 1885 παλαιὸς,
2607 1818 2697 1871 τὸν
2746 1818 2944 1889 λεπρὸν
2972 1816 3314 1891 καθαρθέντα
3339 1819 3413 1893 μὴ
3440 1822 3619 1892 ἐαυτῴ
3660 1822 3756 1894 τὴν

2083 1908 2407 1978 δοκιμασίαν
2437 1907 2749 1977 ἐπιτρέπειν
2775 1905 2868 1958 τοῦ
2905 1905 3270 1978 καθαρισμοῦ,
3313 1908 3450 1962 ἀλλά
3476 1910 3757 1977 φαίνεσθαι

2082 1996 2160 2067 τῷ
2192 1997 2344 2066 ἱερεῖ,
2381 1995 2473 2049 καὶ
2508 1997 2621 2058 τοῖς
2648 1993 2944 2062 ὀφθαλμοῖς
2971 1998 3081 2058 τοῖς
3109 1996 3316 2048 ἐκείνου
3350 1998 3606 2068 παρέχειν
3652 1999 3753 2068 τὴν

2084 2082 2379 2147 ἀπόδειξιν,
2406 2083 2499 2136 καὶ
2536 2080 2643 2135 ἀπὸ
2687 2081 2783 2149 τῆς
2818 2078 2999 2150 ψήφου
3030 2079 3234 2149 ταύτης
3265 2080 3613 2153 ἐγκρίνεσθαι
3645 2084 3757 2146 τοῖς

2084 2169 2362 2241 καθαροῖς.
2401 2170 2466 2223 Εἰ
2493 2169 2602 2240 γὰρ
2630 2167 2711 2239 μὴ,
2737 2161 2888 2220 εἶπεν
2925 2169 2953 2220 6
2984 2168 3180 2238 ἰερεύς,
3203 2168 3283 2221 ὅτι
3310 2169 3709 2246 κεκάθαρταιη
3729 2173 3758 2224 6

2083 2257 2303 2329 λεπρὸς,
2350 2256 2429 2311 ἔτι
2461 2256 2599 2328 μετά
2626 2254 2735 2308 τῶν
2761 2253 3087 2324 ἀκαθάρτων
3130 2255 3323 2325 ἔμενεν
3350 2255 3455 2321 ἕξω
3486 2258 3587 2328 τῆς
3617 2275 3757 2329 παρ-

2085 2344 2341 2415 εμδολῆς.
2365 2345 2456 2397 Διό
2479 2361 2634 2413 φησι,
2659 2341 2865 2407 Δεῖξον
2884 2341 3145 2396 σεαυτὸν
3160 2341 3239 2408 τῷ
3267 2343 3427 2411 ἱερεῖ,
3448 2343 3542 2397 καὶ
3569 2358 3756 2412 προσ-

2083 2432 2291 2500 ένεγκε
2322 2431 2389 2485 τὸ
2419 2429 2634 2499 δῶρον,
2681 2429 2710 2483 ὃ
2756 2428 3091 2496 προσέταξε
3124 2429 3406 2498 Μωῢσῆς.
3439 2430 3552 2490 Οὐκ
3580 2426 3755 2497 εἶπεν,

2090 2520 2154 2572 Ὃ
2182 2519 2509 2590 προστάσσω
2547 2517 2685 2586 ἐγώ·
2731 2517 2865 2571 ἀλλά
2898 2519 3035 2580 τέως
3074 2517 3438 2587 παραπέμπει
3475 2516 3553 2589 τῷ
3585 2517 3755 2589 νόμῳ,

2084 2606 2420 2676 πανταχόθεν
2452 2606 2823 2678 ἀπορῤάπτων
2862 2607 3041 2662 αὐτῶν
3085 2604 3154 2658 τὰ
3201 2606 3465 2675 στόματα.
3499 2606 3618 2660 Ἵνα
3647 2604 3757 2677 γάρ

2087 2694 2162 2764 μὴ
2208 2694 2460 2762 λέγωσιν,
2488 2694 2570 2747 ὅτι
2608 2693 2717 2746 τῶν
2752 2696 2940 2766 ἱερέων
2969 2693 3066 2764 τήν
3101 2690 3257 2757 δόξαν
3285 2693 3522 2763 ἥρπασε,
3563 2693 3625 2746 τὸ
3657 2693 3760 2762 μὲν

2084 2780 2244 2851 ἔργον
2290 2782 2451 2844 αὐτὸς
2495 2781 2800 2853 ἐπλήρωσε,
2831 2783 2929 2851 τὴν
2958 2781 3015 2834 δὲ
3045 2779 3366 2850 δοκιμασίαν
3399 2781 3628 2844 ἐκείνοις
3661 2782 3760 2833 ἐπ-

2085 2867 2301 2939 έτρεψε,
2335 2869 2428 2921 καὶ
2461 2868 2652 2937 κριτὰς
2684 2870 2879 2933 αὐτοὺς
2920 2868 3141 2922 ἐκάθισε
3169 2865 3277 2919 τῶν
3302 2867 3518 2920 οἰκείων
3542 2866 3758 2938 θαυμά-

2084 2972 2213 3008 των.
2242 2954 2509 3008 Τοσοῦτον
2538 2954 2649 3028 γάρ
2678 2957 2865 3024 ἀπέχω
2905 2953 3195 3027 μάχεσθαι,
3229 2953 3416 3024 φησὶν,
3457 2952 3491 3025 ἢ
3521 2955 3755 3026 Μωῡσῇ,

2086 3040 2120 3111 ἢ
2150 3043 2263 3104 τοῖς
2293 3039 2549 3111 ἰερεῦσιν,
2574 3042 2656 3094 δτι
2697 3043 2790 3096 καὶ
2819 3042 2946 3106 τοὺς
2976 3040 3108 3112 παρ’
3140 3039 3277 3110 ἐμοῦ
3301 3038 3756 3111 εὐεργετηθέντας

2085 3128 2164 3190 εἰς
2193 3127 2255 3180 τὸ
2289 3127 2573 3181 πείθεσθαι
2601 3129 2831 3191 ἐκείνοις
2870 3129 3066 3198 ἐνάγω.

2156 3215 2219 3267 Τί
2244 3214 2301 3267 δέ
2330 3217 2498 3279 ἐστιν,
2532 3217 2621 3280 εἰς
2652 3217 2979 3284 μαρτύριον
3005 3213 3210 3283 αὐτοῖς
3232 3230 3259 3278 ς
3281 3215 3378 3277 Εἰς
3411 3213 3650 3286 ἔλεγχον,
3676 3214 3757 3279 εἰς

2084 3301 2379 3365 ἀπόδειξιν,
2427 3302 2507 3364 είς
2541 3302 2893 3372 κατηγορίαν,
2941 3301 3036 3355 ἐάν
3077 3300 3484 3371 ἀγνωμονῶσιν.
3538 3302 3757 3374 Ἐπειδὴ

2087 3387 2236 3460 [510]
2261 3388 2369 3460 γὰρ
2388 3388 2592 3457 ἔλεγον,
2609 3388 2693 3452 Ὡς
2711 3389 2910 3442 πλάνον
2931 3388 3026 3442 κα),
3047 3387 3341 3442 ἀπατεῶνα
3364 3386 3654 3459 διώκομεν,
3677 3389 3756 3453 ὡς

2084 3476 2330 3530 ἀντίθεον
2375 3476 2472 3530 καὶ
2519 3477 2870 3549 παράνομον’
2914 3476 2978 3530 σύ
3030 3493 3121 3547 μοι
3157 3478 3548 3548 μαρτυρήσεις,
3598 3478 3755 3549 φησί,

2085 3566 2207 3618 κατ’
2245 3566 2452 3618 ἐκεῖνον
2490 3564 2578 3617 τὸν
2611 3565 2823 3636 καιρὸν,
2873 3565 2955 3618 ὄτι
2997 3566 3057 3618 οὐ
3109 3564 3426 3635 παράνομος
3469 3563 3601 3632 ἐγώ.
3645 3564 3755 3617 Καὶ

2084 3652 2192 3723 γὰρ
2226 3650 2569 3721 θεραπεύσας
2601 3668 2660 3704 σε
2702 3652 3057 3723 παραπέμπω
3094 3650 3171 3721 τῷ
3216 3651 3363 3721 νόμῳ
3409 3650 3505 3703 καὶ
3544 3654 3613 3723 τῇ
3647 3651 3756 3705 τῶν

2086 3739 2274 3810 ἱερέων
2312 3737 2635 3810 δοκιμασία·
2688 3738 2825 3810 ὅπερ
2871 3738 3140 3808 τιμῶντος
3178 3733 3246 3809 ἦν
3286 3737 3377 3791 τὸν
3424 3738 3609 3809 νόμον,
3660 3739 3754 3794 καὶ

2085 3824 2457 3896 θαυμάζοντος
2486 3825 2576 3878 τὸν
2611 3825 2881 3892 Μωῦσέα,
2929 3825 3021 3878 καί
3049 3826 3149 3878 οὐκ
3196 3825 3608 3895 ἐναντιουμένου
3642 3829 3754 3889 τοῖς

2085 3911 2332 3976 παλαιοῖς
2359 3912 2639 3984 δόγμασιν.
2672 3914 2734 3965 Εἰ
2762 3913 2817 3967 δὲ
2844 3913 3008 3983 μηδὲν
3032 3912 3254 3983 ἔμελλον
3285 3912 3608 3984 κερδαίνειν,
3625 3914 3755 3967 κάν-

2083 3999 2270 4053 τεῦθεν
2316 4000 2547 4071 μάλιστα
2592 4000 2690 4071 τὴν
2717 4001 2854 4072 πρὸς
2894 4003 2986 4054 τὸν
3021 4002 3187 4072 νόμον
3218 4001 3383 4054 αὐτοῦ
3419 4000 3755 4071 καταμαθεῖν

2084 4086 2199 4139 ἔστι
2225 4087 2412 4157 τιμὴν,
2437 4088 2518 4141 ὅτι
2550 4088 2645 4140 καὶ
2671 4086 2936 4159 προειδὼς
2980 4088 3130 4141 οὐδὲν
3165 4088 3644 4159 καρπωσομένους,
3685 4088 3754 4142 τά

2083 4170 2247 4225 αὐτοῦ
2281 4171 2455 4225 πάντα
2486 4172 2744 4243 ἐπλήρου.
2776 4173 2883 4226 Καὶ
2909 4174 3017 4245 γὰρ
3047 4170 3269 4245 προῄδει
3295 4172 3454 4226 τοῦτο
3483 4173 3637 4238 αὐτὸ,
3658 4173 3752 4226 καὶ

2083 4261 2362 4329 προεῖπεν.
2398 4258 2534 4312 Οὐδέ
2565 4260 2673 4330 γὰρ
2702 4255 2854 4313 εἶπεν
2875 4301 2889 4325 ,
2923 4262 3002 4323 είς
3040 4260 3328 4332 διόρθωσιν
3360 4259 3557 4324 αὐτῶν,
3605 4259 3747 4326 οὐδὲ,

2081 4345 2160 4399 εἰς
2202 4344 2582 4413 διδασκαλίανο
2638 4345 2787 4411 ἀλλ’,
2829 4349 2916 4410 είς
2955 4346 3286 4415 μαρτύριον
3336 4347 3559 4412 αὐτοῖς,
3597 4363 3750 4399 τουτ-

2052 4430 2055 4437 “
2082 4432 2257 4496 ἐστιν,
2292 4435 2373 4496 εἰς
2403 4433 2763 4503 κατηγορίαν,
2793 4432 2887 4486 καὶ
2916 4434 2995 4495 εἰς
3028 4432 3267 4503 ἔλεγχον,
3302 4432 3396 4485 καὶ
3421 4434 3502 4495 εἰς
3544 4450 3749 4503 μαρτυ-

2081 4519 2228 4590 ρίαν,
2276 4521 2358 4573 ὅτι
2407 4520 2539 4574 τὰ⁷⁹
2565 4523 2696 4591 παρ’
2725 4520 2858 4591 ἐμοῦ
2893 4520 3070 4575 πάντα
3102 4521 3294 4589 γέγονε
3317 4537 3329 4549 ·
3368 4520 3461 4574 καὶ
3488 4520 3747 4589 προειδὼς

2077 4604 2437 4676 ἀδιορθώτους
2457 4606 2733 4675 μένοντας,
2751 4606 2872 4660 οὐδέ
2895 4607 3068 4671 οὕτως
3093 4605 3340 4660 ἐνέλιπον
3356 4607 3402 4639 ⁸⁸
3427 4606 3572 4677 ἆπερ
3596 4609 3746 4675 ποιῆ-

2080 4708 2169 4745 σαι
2199 4693 2366 4763 ἐχρῆν
2387 4708 2401 4721 ·
2429 4693 2625 4745 ἐκεῖνοι
2669 4693 2727 4746 δέ
2766 4694 2866 4765 τὴν
2899 4693 3104 4747 οἰκείαν
3148 4693 3340 4764 έμενον
3369 4693 3745 4764 διατηροῦντες

2079 4779 2297 4833 κακίαν.
2329 4778 2498 4831 Τοῦτο
2531 4780 2660 4847 γοῦν
2694 4782 2789 4833 καὶ
2815 4780 3048 4852 ἀλλαχοῦ
3094 4782 3282 4852 φησι⁸¹
3305 4798 3319 4813 ο
3356 4780 3743 4851 Κηρυχθήσε-

2075 4884 2171 4920 ται
2196 4865 2259 4919 τὸ
2296 4865 2661 4936 Εὐαγγέλιον
2687 4868 2861 4922 τοῦτο
2889 4869 2959 4924 ἐν
2984 4868 3105 4934 ὅλῳ
3134 4868 3215 4935 τῷ
3240 4871 3445 4938 κόσμῳ
3476 4871 3563 4935 εὶς
3598 4886 3744 4937 μαρ-

2074 4950 2278 5018 τύριον
2300 4947 2450 5003 πᾶσι
2476 4949 2601 5015 τοῖς
2623 4949 2846 5014 ἔθνεσι,
2870 4951 2969 5004 καὶ
2991 4952 3123 5005 τότε
3154 4951 3285 5019 ἥξει
3314 4951 3381 5004 τὸ
3403 4951 3578 5016 τέλος
3598 4969 3610 4980 ·
3635 4954 3743 5012 τοῖς

2075 5029 2273 5097 ἔθνεσι,
2319 5035 2433 5095 τοῖς
2466 5034 2564 5102 οὐχ
2596 5034 2952 5100 ὑπακούουσι,
2986 5039 3099 5099 τοῖς
3132 5036 3194 5089 οὐ
3229 5035 3593 5104 πειθομένοις.
3628 5036 3742 5087 Ἵνα

2074 5113 2182 5185 γὰρ
2211 5115 2284 5184 μή
2308 5131 2391 5177 τις
2414 5114 2569 5185 λέγῃ,
2595 5115 2700 5168 Καὶ
2720 5116 2863 5178 τίνος
2886 5117 3072 5169 ἕνεκεν
3106 5118 3241 5170 πᾶσι
3271 5116 3645 5187 κηρύττεις,εἰ
3668 5116 3740 5184 μὴ

2076 5196 2275 5258 πάντες
2309 5195 2562 5266 μέλλουσι
2588 5197 2906 5263 πείθεσθαι;
2933 5199 3020 5251 ἵνα
3047 5200 3115 5252 τὰ
3135 5198 3375 5270 ἐμαυτοῦ
3396 5199 3572 5252 πάντα
3593 5196 3742 5265 φανῶ

2078 5277 2413 5348 πεποιηκὼς,
2449 5279 2542 5331 καὶ
2577 5281 2764 5349 μηδεὶς
2810 5282 2906 5351 ἔχῃ
2956 5281 3094 5350 μετά
3127 5282 3302 5335 ταῦτα
3348 5281 3623 5347 ἐγκαλεῖν,
3667 5278 3741 5341 ὡς

2079 5361 2180 5413 οὐκ
2219 5361 2490 5429 ἀκηκοώς.
2525 5363 3025 5433 Καταμαρτυρήσει
3055 5362 3165 5434 γὰρ
3189 5362 3369 5416 αὐτῶν
3403 5363 3541 5432 αὐτὴ
3576 5364 3608 5432 ή
3642 5362 3739 5431 κήο

2400 5518 2447 5593 εξ
2477 5519 2711 5593 δεικνύς]
2759 5519 2851 5593 Sic
2890 5520 2988 5592 Ep.
3038 5524 3163 5578 Sav.
3215 5523 3431 5593 codices
3475 5522 3733 5593 δείκνυσι.

302 5577 993 5693 σεεῑςῇἷτῖλῗῖιῖξίςῗ
1041 5577 1253 5666 Ἦόὖν]
1281 5577 1529 5648 εάὰὶκαι
1569 5592 1705 5647 Edd.
1751 5609 1805 5662 p.
1930 5577 1979 5645 te.)

308 5678 343 5715 Δ
428 5676 455 5715 I4
559 5676 605 5706 ἰο
635 5668 845 5715 θεαταὶ]
882 5667 973 5715 Sic
1009 5664 1192 5715 Vel-ss.
1226 5662 1491 5715 ἀκροαταὶ
1525 5661 1584 5714 Ι).
1620 5660 1682 5714 F.
1757 5664 1800 5693 '”
1876 5679 1979 5715 μαγ

2086 5607 2133 5642 λε
2167 5588 2228 5642 F.
2307 5589 2351 5621 ⁵³
2381 5589 2539 5660 μόνον
2565 5577 2711 5644 Ειιᾶί
2777 5592 2822 5623 ⁶⁹
2859 5577 3097 5665 πρῶτος]
3123 5577 3211 5646 διά
3232 5577 3321 5646 τοι
3344 5590 3500 5644 τοῦτο
3524 5592 3741 5660 πρῶτος

2086 5659 2143 5713 F.
2223 5660 2267 5691 ⁷⁸
2321 5659 2527 5715 μηδενὶ]
2570 5661 2696 5715 add.
2739 5662 2903 5715 μηδὲν
2931 5663 3064 5715 Edd.
3156 5664 3201 5695 ⁷³
3235 5662 3380 5715 οὐδὲΙ
3406 5660 3595 5715 ὥσπερ
3622 5663 3739 5715 οὐδὲ

301 5678 370 5729 Α.
425 5660 486 5729 ίσῖ
559 5676 605 5706 ¹¹⁰
635 5668 846 5741 θεαταὶ]
874 5667 973 5741 §ic
1009 5664 1192 5741 Yet-ss.
1226 5660 1491 5741 ἀκροαταὶ.
1754 5660 1800 5741 ξι

305 5745 441 5800 Edd.
467 5743 592 5796 οὐτε
619 5742 706 5796 bis
734 5740 796 5792 E.
826 5736 845 5741 ’
871 5738 917 5769 ⁷⁸
941 5736 1135 5805 τούτῳ.
1171 5781 1184 5793 .

306 5885 502 5937 εἰπεῖν.
535 5922 551 5935 .
574 5919 589 5933 .

1227 5776 1241 5788 .
1271 5730 1485 5804 ἐκείνῳ]
1509 5730 1599 5786 Sic
1621 5734 1721 5804 Ep.
1749 5730 1901 5799 Arni.
2014 5730 2170 5785 codd.
2195 5730 2386 5804 106:0._
2406 5770 2425 5804 1
2449 5770 2466 5804 _.

306 5814 371 5867 E.
394 5813 458 5866 F.
530 5813 576 5843 "
596 5812 689 5865 Sic
716 5808 956 5862 codices.
988 5800 1122 5859 Edd.
1165 5814 1222 5859 el
1252 5800 1885 5872 νειεεζῇτροστάγματα.
1924 5801 1979 5855 Cl

2086 5816 2216 5869 upra
2263 5817 2332 5872 p._
2367 5800 2469 5854 194
2631 5800 2753 5855 Mox
2791 5803 3179 5872 ἀναπαύεσθαι
3212 5800 3273 5854 F.

644 5875 1223 5951 τιξῃίερεῖέξοειιηξίιι
1362 5875 1425 5926 D.
1461 5869 1647 5951 Ιαςξ-ερό
1697 5869 1979 5951 aggerum}

2092 5887 2239 5951 ψῃ,-
2265 5870 2338 5951 ,ζει
2377 5870 2940 5951 κεκαθάρισταιεεάό.
3019 5875 3063 5907 ⁷⁸
3097 5871 3184 5942 τά]
3220 5889 3300 5923 σοι
3445 5869 3509 5924 C.
3545 5886 3627 5923 σοι
3669 5876 3732 5925 τά

1874 5679 1979 5732 μαχ

1874 5753 1901 5783 ι.
1931 5745 1979 5783 (ξι

2086 5659 2143 5713 F.
2223 5660 2283 5739 "_
2320 5659 2528 5783 μηδενὶέ
2570 5661 2696 5746 σιω.
2739 5659 3096 5732 μηδένΕόά.’
3156 5664 3201 5695 ⁷³
3235 5662 3380 5731 οὐδὲ]
3406 5660 3595 5743 ὥσπερ
3619 5663 3739 5743 ρύδὲ

2086 5730 2170 5783 dd.
2195 5747 2372 5783 τουτο.
2409 5770 2421 5782 .
2454 5770 2466 5783 .
2531 5749 2678 5783 κεινο
2708 5731 2844 5783 Edd.
2867 5731 3083 5783 favente
3112 5732 3210 5783 Ge.
3287 5732 3332 5763 ⁷⁸
3359 5732 3739 5783 ἐκκλεισθηναι

2531 5734 2678 5784 κεῖνο
2708 5731 2844 5785 Edd.
2867 5731 3083 5788 favente
3112 5732 3210 5787 Ge.
3287 5732 3332 5763 “‘
3359 5731 3739 5800 ἐκκλεισθῆναι

2531 5800 2584 5854 Β.
2631 5800 2753 5855 Mox
2791 5803 3165 5855 ἀναπαύεσθαι
3212 5800 3273 5854 F.
3379 5803 3422 5831 ⁷⁷
3469 5800 3641 5855 Verba
3678 5801 3740 5853 τὸ

3512 5816 3641 5854 crna
3678 5819 3705 5853 τ

649 5930 862 6014 ἐγένετο
892 5942 1027 5999 Edd.
1103 5943 1149 5974 ⁸⁹
1187 5944 1456 6000 ἐνέλειπον
1486 5941 1620 5997 Edd.
1680 5930 1900 6013 ὐνφησι
1933 5944 1979 5996 ιι(

2112 5930 2173 5994 {n-
2205 5939 2337 5993 Edd.
2378 5930 2805 6011 κηρυχθήσεται]
2840 5943 2964 5996 add.
3012 5943 3126 6012 γὰρ,
3164 5930 3292 6010 φησι
3322 5939 3383 5992 ιτ.
