4080 6138
433 265 536 319 329

431 379 600 444 lisset,
646 376 999 431 cohibendum
1027 386 1142 430 erat
1170 390 1322 445 opus.
1365 376 1512 432 Nunc
1539 389 1712 434 autem
1734 381 1880 450 jussa
1909 400 2004 436 na-

430 482 547 525 tura
593 470 754 524 cessit
779 483 899 522 cum
925 483 985 522 ea
1032 483 1132 537 qua
1181 484 1275 536 par
1301 478 1416 522 erat
1441 471 1740 538 celeritate,
1772 474 1877 527 imo
1909 491 2011 528 ma-

421 562 562 631 jore,
588 575 744 629 quam
775 560 1092 629 evangelista
1113 561 1456 627 expresserit.
1480 559 1608 614 Nam
1636 563 1764 616 illud
1798 564 2005 629 Statim,

424 657 583 724 longe
613 653 811 707 tardius
837 663 918 706 est
943 693 958 717 ,
1005 668 1160 722 quain
1203 654 1380 721 operis
1406 653 1650 707 celeritas
1681 653 1797 708 fuit.
1826 654 2009 724 Neque

424 744 596 799 solum
642 744 794 807 dixit,
837 742 983 806 Volo,
1035 743 1318 806 mundare;
1359 743 1452 797 sed
1504 744 1684 806 etiam,
1720 744 2008 800 Extendens

422 855 630 892 "ianum
675 837 1006 908 apprehendit
1056 853 1168 889 eum
1202 852 1222 889 :
1260 836 1401 906 quod
1445 839 1613 906 magis
1665 838 2006 906 inquisitione

422 930 638 999 dignum
666 939 766 981 est.
807 929 916 980 Cur
933 929 1090 981 enim
1125 926 1397 980 voluntate
1441 943 1504 981 ac
1531 928 1696 982 verbo
1724 943 1917 981 curans
1945 930 2004 981 il-

427 1023 556 1084 lum,
589 1036 773 1074 manus
804 1027 999 1073 tactum
1041 1018 1269 1086 adjecit?
1299 1018 1411 1072 Non
1429 1020 1526 1072 alia
1559 1019 1625 1073 de
1649 1034 1832 1084 causa,
1862 1020 2008 1073 arbi-

422 1121 554 1175 tror,
579 1126 736 1180 quam
772 1121 830 1164 ut
860 1110 1116 1164 indicaret
1146 1151 1161 1175 ,
1195 1125 1252 1163 se
1280 1126 1382 1163 non
1412 1109 1515 1179 legi
1543 1109 1843 1177 subjectum
1865 1153 1878 1174 ,
1908 1111 2001 1164 sed

420 1217 582 1271 supra
612 1203 780 1272 legem
807 1217 963 1266 esse;
991 1217 1055 1256 ac
1095 1200 1292 1254 mundo
1334 1201 1586 1270 deinceps
1613 1202 1742 1255 nihil
1770 1203 2002 1254 immun-

416 1295 544 1348 dum
573 1294 701 1350 fore.
751 1294 974 1348 Eliszeus
1011 1293 1206 1362 quippe
1235 1294 1335 1361 legi
1385 1295 1721 1362 obsequens,
1761 1293 2006 1348 Newma-

420 1402 544 1438 ιιιιιιι
575 1387 589 1414 ¹
620 1399 688 1439 ne
719 1385 952 1453 respexit
979 1383 1194 1453 quidem
1221 1401 1235 1447 ;
1267 1393 1322 1437 ut
1353 1393 1529 1437 autem
1561 1384 1820 1437 olieusum
1853 1383 2002 1437 audi-

416 1478 511 1540 vit,
566 1477 704 1546 quod
738 1491 842 1528 non
894 1490 1143 1544 egressus
1169 1483 1335 1541 esset,
1371 1490 1469 1530 nec
1517 1489 1576 1529 se
1633 1475 1911 1543 tetigisset,
1945 1484 2002 1528 ut

415 1570 584 1638 legem
613 1577 857 1621 accurate
881 1574 1139 1629 servaret,
1171 1565 1315 1618 doini
1344 1582 1584 1630 manens,
1617 1566 1759 1618 misit
1785 1581 1904 1620 eum
1933 1565 1998 1617 ad

413 1662 722 1725 Jordanem,
773 1669 828 1714 ut
858 1675 976 1714 sese
1029 1659 1386 1727 ablueret”.
1421 1657 1550 1729 Reg.
1590 1659 1684 1724 5).
1744 1659 2000 1712 Dominus

417 1775 548 1816 vero
573 1756 866 1814 ostendens
883 1769 940 1808 se
971 1765 1075 1804 non
1093 1760 1150 1803 ut
1165 1763 1402 1812 servu—m,
1421 1747 1514 1800 sed
1534 1754 1591 1800 ut
1606 1745 1884 1800 dominum
1899 1763 1994 1802 cu-

421 1868 561 1917 rare,
590 1851 748 1906 etiam
774 1846 945 1914 tangit
965 1845 1261 1912 leprosum.
1299 1837 1484 1908 Neque
1511 1839 1656 1894 enim
1689 1854 1883 1894 manus
1901 1857 1994 1909 per

413 1939 614 2007 lepram
652 1935 920 1990 iimuunda
960 1935 1093 1987 facta
1137 1941 1252 1994 est,
1284 1931 1378 1986 sed
1431 1931 1699 1999 leprosum
1733 1925 1928 1998 corpus
1965 1943 1995 1981 a

413 2037 595 2083 sancta
623 2043 789 2080 manu
811 2025 1118 2078 mundat-um
1144 2033 1244 2077 est.
1279 2021 1390 2076 Non
1421 2021 1563 2074 enim
1591 2034 1813 2088 corpora
1845 2034 1996 2071 cura-

413 2129 560 2172 turus
593 2127 794 2171 tautum
821 2116 1128 2177 advenerat,
1163 2113 1256 2168 sed
1283 2115 1514 2166 animam
1545 2127 1757 2181 quoque
1781 2110 1846 2164 ad
1877 2110 1995 2179 phi-

413 2212 710 2280 losophiam
737 2209 1083 2263 deducturus.
1125 2207 1273 2262 Sicut
1311 2219 1438 2274 ergo
1463 2218 1566 2258 non
1593 2204 1717 2257 lotis
1743 2203 1991 2256 manibus

411 2304 771 2367 manducare,
820 2316 923 2356 non
971 2301 1106 2354 ultra
1153 2297 1479 2368 prohibitum
1517 2311 1638 2352 esse
1675 2295 1822 2362 dicit,
1873 2310 1992 2349 cum

407 2395 662 2462 optimam
692 2393 833 2446 illam
869 2393 936 2445 de
965 2387 1204 2444 ciborutu
1244 2387 1594 2443 indifferentia
1626 2387 1792 2457 legem
1842 2385 1995 2439 indu-

413 2485 483 2538 cit
515 2501 526 2535 :
557 2485 632 2538 sic
662 2493 716 2537 ct
737 2485 837 2537 hoc
859 2483 977 2537 loco
1005 2483 1130 2552 agit,
1169 2480 1432 2549 docetque
1473 2480 1706 2534 animam
1747 2487 1994 2547 oportere

409 2575 622 2640 curari,
677 2574 1006 2643 sublatisque
1059 2572 1296 2627 externis
1331 2571 1440 2624 illis
1497 2569 1984 2639 puriﬁcationibus,

407 2667 552 2719 illaut
583 2651 705 2719 esse
756 2663 1160 2733 abstergendam
1184 2703 1199 2727 ,
1242 2661 1514 2732 ipsiusque
1553 2670 1756 2714 tantum
1789 2659 1990 2729 lepram

406 2772 528 2811 esse
573 2755 882 2820 timendam,
937 2771 1058 2825 quae
1099 2763 1182 2810 est
1225 2763 1498 2822 peccatum
1548 2753 1692 2824 (nam
1725 2752 1990 2822 leprosum

404 2865 525 2904 esse
549 2851 746 2903 nullum
759 2849 825 2903 ad
839 2849 1060 2902 salutem
1083 2847 1523 2918 impedimentum
1545 2846 1722 2917 affert)
1744 2864 1758 2912 ;
1790 2847 1992 2917 primus

405 2942 520 3010 ipse
575 2941 841 3009 leprosum
883 2940 1085 3009 tangit,
1136 2948 1191 2993 et
1219 2953 1376 2992 nemo
1422 2939 1754 2993 criminatur.
1806 2937 1990 3007 Neque

405 3035 546 3086 enim
569 3039 874 3099 corruptum
900 3040 1015 3085 erat
1045 3029 1297 3094 tribunal,
1330 3045 1502 3099 neque
1529 3027 1723 3082 invidia
1749 3029 1984 3097 correpti

405 3123 776 3192 spectatorea'l
805 3130 974 3173 erant.
1023 3121 1250 3188 Ideoque
1297 3135 1400 3174 non
1447 3119 1605 3174 modo
1644 3134 1747 3172 non
1792 3119 1991 3171 calum-

406 3213 532 3267 niati
559 3223 701 3275 sunt,
735 3211 828 3266 sed
869 3221 1087 3279 stupore
1129 3211 1356 3278 perculsi
1394 3210 1460 3262 de
1491 3209 1768 3274 miraculo,
1799 3224 1986 3262 cesse-

406 3315 548 3370 runt,
580 3319 645 3358 ex
673 3303 829 3356 dictis
865 3310 918 3355 ct.
948 3300 1098 3355 factis
1130 3301 1378 3353 invictam
1407 3300 1524 3367 ejus
1566 3300 1856 3367 potentiam
1888 3300 1983 3354 ad-

403 3405 643 3450 orantes.
667 3392 801 3448 Cum
826 3408 1019 3461 corpus
1063 3407 1190 3461 ergo
1218 3399 1456 3445 curasset
1479 3431 1493 3455 ,
1525 3391 1776 3461 prmcepit
1799 3434 1812 3454 ,
1840 3393 1894 3446 4.
1928 3402 1984 3447 ιιι

404 3487 604 3542 nemini
637 3487 859 3553 diceret,
891 3485 984 3540 sed
1021 3485 1328 3540 ostenderet
1367 3499 1426 3540 se
1455 3485 1723 3540 sacerdoti
1753 3527 1768 3551 ,
1791 3494 1846 3540 et
1872 3501 1984 3540 mu-

405 3595 507 3636 nus
547 3579 784 3647 oil'erret,
839 3580 986 3647 Quod
1013 3578 1251 3649 praecepit
1281 3577 1503 3648 Moyses,
1555 3579 1608 3632 in
1650 3578 1988 3632 testimonium

403 3673 526 3726 illis.
555 3671 997 3740 Quidamdicuut,
1027 3671 1148 3725 ideo
1177 3670 1322 3724 illum
1355 3670 1673 3740 praecepisse
1700 3681 1758 3724 ut
1789 3672 1987 3726 nemini

408 3765 646 3830 diceret,
679 3779 748 3818 ne
777 3763 1006 3832 maligne
1034 3770 1254 3832 agerent
1297 3763 1436 3816 circa
1470 3762 1833 3816 mundationis
1856 3778 1986 3817 exa-

405 3873 564 3922 men;
610 3855 705 3911 sed
761 3855 877 3910 haec
924 3855 1234 3923 insipienter
1287 3853 1573 3908 admodum
1628 3855 1984 3921 su5picantur.

403 3947 586 4017 Neque
605 3947 747 4001 enim
776 3947 846 4000 ita
869 3945 1162 4006 mundavit,
1188 3953 1244 3998 ut
1264 3944 1455 4014 aliquis
1480 3953 1720 3998 maneret
1739 3945 1806 4000 de
1825 3962 1949 3999 inun
1963 3973 1984 3986 ο

402 4041 616 4095 datione
659 4038 931 4093 dubitandi
973 4037 1122 4090 locus
1150 4054 1162 4090 :
1195 4036 1290 4090 sed
1341 4036 1540 4091 nemini
1591 4037 1768 4092 dicere
1809 4039 1982 4108 jubet,

402 4134 600 4188 docens
622 4141 680 4186 ut
706 4147 736 4186 a
765 4132 899 4184 fastu
921 4140 974 4186 et
1002 4130 1291 4184 ambitione
1311 4131 1659 4184 abstineatur.
1693 4133 1850 4186 Certe
1876 4147 1946 4187 no
1966 4159 1983 4171 -

403 4234 551 4279 verat
577 4225 684 4290 ille,
715 4224 887 4293 ipsum
911 4239 1020 4276 non
1050 4237 1170 4277 esse
1202 4223 1508 4287 taciturum,
1551 4224 1642 4277 sed
1675 4225 1981 4280 benefacto-

402 4333 516 4372 rcm
556 4331 673 4371 esse
701 4315 1092 4372 celebraturum
1123 4332 1134 4367 :
1162 4323 1398 4368 attamen
1427 4314 1565 4383 quod
1597 4330 1759 4383 penes
1787 4331 1844 4370 se
1868 4325 1984 4370 erat

403 4409 545 4464 fecit.
571 4408 678 4463 Cur
704 4423 865 4476 ergo,
905 4408 1132 4476 inquies,
1168 4405 1290 4460 alibi
1331 4405 1601 4474 publicare
1641 4406 1842 4474 jussit?
1866 4406 1981 4460 Non

401 4517 582 4558 secum
613 4514 870 4571 pugnans,
907 4513 1076 4568 neque
1103 4498 1366 4552 contraria
1389 4497 1603 4566 jubens,
1632 4496 1726 4551 sed
1751 4505 1805 4550 ut
1825 4480 1984 4552 doce-

381 4603 488 4647 ‘rct
506 4600 686 4663 gratos
712 4605 832 4645 esse
866 4600 1134 4657 eportere.
1163 4588 1347 4656 Neque
1374 4587 1516 4642 enim
1547 4587 1616 4642 ibi
1644 4587 1895 4657 praecepit
1925 4598 1984 4642 ut

401 4700 461 4739 se
485 4682 837 4742 celebrarent,
869 4685 962 4735 sed
985 4690 1041 4733 ιιι
1068 4679 1255 4733 darent
1280 4679 1504 4749 gloriam
1542 4679 1649 4732 Deo
1677 4695 1691 4731 :
1721 4695 1817 4749 per
1837 4679 1982 4735 hunc

400 4777 616 4849 quidem
646 4769 914 4840 leprosum
936 4769 1134 4824 docens
1163 4785 1259 4823 nos
1285 4810 1300 4833 ,
1327 4778 1384 4823 ut
1411 4769 1527 4824 sine
1555 4768 1688 4823 fastu
1718 4771 1884 4824 simus
1929 4778 1984 4824 et

399 4877 594 4918 vanam
621 4860 841 4930 gloriam
869 4859 1127 4928 fugiamus
1151 4875 1164 4924 ;
1201 4874 1293 4928 per
1323 4859 1471 4913 illum
1499 4874 1650 4925 vero,
1691 4867 1745 4912 ut
1770 4859 1904 4928 grati
1929 4867 1984 4914 et

399 4951 787 5010 beneﬁciorum
816 4965 1081 5004 memores
1112 4967 1124 5002 :
1154 4960 1312 5018 atque
1340 4965 1437 5004 nos
1472 4950 1757 5004 instituens
1787 4949 1982 5018 ubique

397 5053 457 5098 ut
509 5041 718 5096 laudem
753 5039 976 5092 Domino
1002 5039 1314 5093 referamus.
1344 5040 1476 5106 Quia
1517 5039 1659 5094 enim
1711 5039 1976 5106 homines,

399 5147 455 5189 ut
485 5134 790 5203 plurimum,
820 5145 941 5184 cum
969 5130 1154 5184 morbo
1184 5131 1448 5196 laborant,
1482 5132 1573 5187 Dei
1603 5131 1974 5197 recordautur,

399 5226 588 5280 morbo
608 5234 784 5278 autem
812 5221 1033 5291 depulso
1055 5263 1069 5286 ,
1102 5222 1374 5290 segniores
1401 5222 1632 5276 evadunt
1671 5241 1683 5277 :
1710 5223 1902 5292 jubens
1925 5232 1980 5278 et

397 5333 570 5387 .rgros
600 5332 653 5371 et
693 5329 852 5370 sanos
881 5313 1094 5367 assidue
1139 5315 1190 5364 in
1219 5322 1396 5365 mente
1447 5312 1725 5368 Dominum
1756 5313 1973 5377 habere,

396 5411 526 5466 dicit
557 5427 570 5464 :
600 5408 682 5462 Da
706 5410 919 5480 gloriam
947 5406 1052 5460 Deo
1076 5405 1252 5476 (Joan.
1284 5405 1336 5460 9.
1366 5405 1436 5460 ει
1457 5408 1496 5475 ).

464 5677 480 5741 ξ
516 5684 653 5741 tanta
673 5673 1072 5741 alioslegendum
1103 5676 1251 5730 esset,
1274 5678 1577 5719 Nectmmunt.

462 5740 482 5773 ³
512 5738 684 5801 Savil.,
704 5738 964 5786 auditores.

1384 261 1445 316 IN
1483 265 1884 323 .\lAT'l‘ll.-EUM
1920 271 2145 326 llUMIL.
2189 273 2351 328 XXV.
2394 265 2461 331 al.
2507 277 2694 336 XXVI.

3596 298 3699 355 530

2189 387 2419 443 Christus
2449 393 2595 445 modo
2623 393 2777 464 legem
2800 394 3044 461 seri-abut,
3069 410 3216 454 modo
3236 419 3335 456 non
3363 411 3606 462 servabat.
3627 443 3696 453 ~—

2115 479 2221 533 Cur
2259 493 2434 536 autem
2475 487 2724 555 prmctepit
2765 497 2821 541 ut
2867 490 3173 547 ostenderet
3209 510 3269 550 sc
3297 499 3584 566 sacerdoti,
3642 513 3698 559 et

2113 572 2312 626 dettom
2341 575 2558 631 oiierret
2579 580 2602 631 ?
2625 579 2796 634 Uthie
2825 581 2994 652 legem
3026 584 3288 654 impleret.
3338 589 3522 662 Neque
3552 597 3696 651 enim

2116 665 2309 734 ubique
2341 668 2584 723 solvebat
2609 671 2777 738 illam,
2825 681 2882 728 ιιι
2913 689 3012 729 nec
3041 691 3254 746 semper
3283 685 3563 751 servabat;
3599 690 3694 743 sed

2114 756 2270 810 modo
2295 757 2441 824 illud,
2469 763 2626 816 modo
2656 764 2794 818 aliud
2823 782 2834 816 :
2863 765 3012 831 illud,
3043 778 3099 821 ιιι
3125 768 3316 825 futura:
3334 773 3698 847 philosophia:

2112 847 2248 899 viam
2281 861 2526 917 pararet;
2569 853 2727 920 istud,
2769 867 2822 909 ut
2855 857 3214 926 impudentem
3245 863 3455 919 interim
3484 867 3696 924 iudico.

2111 955 2228 992 rttm
2253 940 2484 1009 linguan't
2505 958 2800 1012 coerceret,
2830 958 2882 1002 et
2909 949 2979 1003 ad
3006 952 3214 1006 illorum
3259 955 3614 1014 infirmitatem
3635 979 3695 1017 se

2111 1030 2437 1087 demitteret.
2473 1036 2669 1105 Ecquid
2698 1039 2909 1094 miraris
2933 1082 2946 1105 ,
2978 1043 3020 1095 si
3053 1043 3104 1096 in
3134 1045 3390 1116 principio
3421 1049 3469 1104 id
3501 1056 3689 1121 egerit,

2109 1124 2321 1193 quando
2342 1137 2393 1180 et
2413 1131 2638 1196 apostoli
2669 1142 2950 1201 postquam
2976 1134 3110 1202 jussi
3148 1147 3272 1191 sunt
3295 1139 3360 1194 ad
3387 1153 3571 1210 gentes
3595 1147 3692 1198 mi-

2107 1229 2280 1282 grare,
2311 1227 2362 1270 et
2399 1227 2576 1286 portas
2626 1221 2834 1288 aperire
2864 1223 2928 1276 ad
2964 1224 3258 1280 doctrinam
3287 1243 3383 1297 per
3413 1238 3576 1285 totum
3607 1251 3691 1286 or-

2107 1314 2230 1370 bem
2287 1314 2683 1384 spargendam,
2735 1313 2902 1384 legem
2958 1317 3282 1382 exrludere,
3335 1335 3473 1374 nova
3529 1323 3688 1378 ittsti~

2108 1415 2278 1468 tuere,
2304 1415 2480 1458 vetera
2511 1404 2778 1474 abrogare
2800 1408 3018 1468 omnia;
3044 1413 3205 1466 modo
3235 1412 3404 1483 legem
3437 1425 3681 1478 servare,

2106 1491 2265 1544 modo
2296 1491 2437 1544 illam
2469 1491 2760 1559 transgredi
2783 1491 3278 1560 deprehenduntur.
3314 1499 3379 1553 Et
3399 1497 3526 1568 quid
3563 1497 3682 1562 hoc,

2107 1585 2352 1653 inquies,
2404 1585 2470 1638 ad
2523 1586 2655 1654 legis
2703 1587 2997 1640 custodiam
3051 1588 3276 1652 confert,
3326 1588 3468 1656 quod
3525 1589 3685 1655 dicat,

2108 1674 2326 1728 Ostende
2375 1686 2422 1728 te
2463 1677 2708 1730 sacerdoti
2750 1676 2891 1748 (Leu.
2927 1678 3058 1746 id)?
3082 1677 3195 1730 Non
3235 1693 3418 1745 parum
3459 1680 3684 1734 confert.

2107 1767 2232 1820 Erat
2256 1767 2452 1836 quippe
2479 1767 2558 1820 lex
2591 1777 2761 1832 vetus,
2806 1776 2863 1822 ut
2889 1768 3130 1838 leprosus
3156 1769 3441 1823 mundatus
3470 1785 3537 1824 ne
3583 1773 3683 1825 sibi

2103 1859 2394 1927 probanda:
2441 1860 2796 1914 mundationis
2843 1863 3212 1915 auctoritatem
3261 1875 3566 1930 arrogaret;
3595 1864 3686 1919 sed

2103 1966 2160 2005 se
2186 1951 2491 2006 ostenderet
2517 1951 2779 2005 sacerdoti
2807 1994 2819 2015 ,
2851 1951 3124 2021 ipsiusque
3169 1953 3244 2007 rei
3276 1953 3688 2006 demonstratio-

2103 2059 2222 2096 nem
2252 2043 2511 2112 prteberel
2538 2083 2552 2106 ,
2587 2051 2641 2095 ιιι
2683 2043 2846 2110 ipsius
2895 2043 3097 2096 calculo
3131 2043 3342 2096 mundis
3369 2059 3688 2098 annumera-

2102 2145 2268 2188 relur.
2299 2133 2409 2188 Nisi
2455 2135 2595 2188 enim
2625 2133 2875 2188 sacerdos
2914 2133 3155 2201 dixisset,
3187 2136 3496 2191 mundatum
3527 2135 3688 2190 fuisse

2102 2227 2391 2294 leprosum,
2433 2225 2476 2279 is
2509 2241 2630 2280 cum
2673 2225 2957 2280 immundis
2996 2236 3146 2280 extra
3178 2238 3349 2281 castra
3382 2229 3687 2284 mansisset.

2104 2318 2226 2372 Ideo
2256 2318 2368 2383 ait,
2418 2317 2638 2370 Ostende
2678 2327 2722 2369 te
2751 2316 2999 2370 sacerdoti
3017 2358 3030 2380 ,
3061 2327 3105 2370 et
3145 2316 3274 2383 offer
3299 2319 3486 2371 denunt
3510 2360 3522 2382 ,
3555 2320 3685 2388 quod

2101 2408 2335 2476 prta-epit
2366 2406 2588 2478 Moyses.
2619 2406 2732 2460 Non
2774 2407 2926 2472 dixit,
2973 2408 3123 2475 Quod
3152 2410 3380 2478 pt'.ccepi
3426 2425 3558 2478 ego;
3591 2413 3687 2464 sed

2101 2499 2310 2552 interitu
2354 2498 2419 2552 ad
2463 2499 2632 2567 legem
2665 2499 2908 2564 remittit,
2962 2509 3019 2552 ιιι
3061 2499 3294 2569 undique
3341 2517 3404 2554 os
3449 2500 3688 2570 ipsorum

2099 2589 2329 2644 claudat.
2377 2590 2454 2644 Ne
2501 2589 2743 2645 dicerent
2784 2591 2962 2654 enim,
2997 2591 3169 2660 ipsum
3219 2591 3321 2646 sibi
3348 2591 3685 2648 sacerdotum

2100 2681 2360 2736 honorem
2403 2682 2665 2750 rapuisse,
2715 2696 2849 2750 opus
2881 2684 2993 2751 ipse
3025 2683 3286 2751 implevit,
3316 2683 3684 2753 probationem

2100 2774 2227 2844 ipsis
2259 2775 2480 2839 remisit,
2533 2783 2588 2829 et
2632 2775 2751 2830 illos
2799 2775 3174 2830 miraculorum
3221 2791 3436 2830 suorum
3481 2776 3688 2846 judices

2097 2866 2392 2921 constituit.
2425 2866 2652 2920 Tantum
2685 2867 2856 2929 abest,
2890 2867 3080 2936 inquit,
3112 2875 3170 2922 ut
3196 2883 3421 2937 pugnem
3455 2868 3534 2922 vel
3563 2885 3685 2923 eum

2098 2961 2300 3034 Moyse,
2328 2961 2410 3016 vel
2436 2978 2555 3018 cum
2585 2962 2972 3030 sacerdotibus,
2997 2973 3054 3018 ut
3082 2979 3198 3029 eos,
3230 2965 3318 3036 qui
3348 2981 3378 3018 a
3408 2980 3493 3021 me
3523 2965 3684 3022 bene-

2099 3053 2221 3108 licio
2247 3052 2419 3108 all'ecti
2449 3062 2575 3108 sunt
2597 3095 2611 3119 ,
2642 3055 2869 3120 mittam,
2897 3055 2984 3124 qui
3019 3055 3122 3109 illis
3150 3055 3540 3125 obtemperent.

2172 3144 2224 3198 '5.
2257 3143 2394 3211 Quid
2438 3159 2600 3214 porro
2643 3145 2771 3199 illud
2801 3154 2883 3199 est
2907 3188 2920 3210 ,
2957 3143 3022 3198 In
3066 3147 3403 3199 testimonium
3450 3147 3594 3201 illis?
3623 3149 3677 3203 In

2098 3235 2549 3306 redargutiouem,
2596 3236 2647 3289 in
2687 3235 3102 3302 accusationem,
3148 3237 3194 3290 si
3249 3254 3354 3291 non
3410 3239 3575 3308 probe
3625 3255 3683 3294 se

2096 3329 2378 3398 gesserint.
2408 3329 2540 3396 Quia
2572 3329 2714 3383 enim
2737 3329 3003 3395 dicebant,
3033 3328 3105 3384 Ut
3129 3329 3466 3386 seductorem
3498 3340 3552 3386 et
3581 3332 3679 3387 de-

2097 3429 2368 3489 ceptorem
2399 3421 2768 3489 persequimur
2790 3460 2803 3481 ,
2839 3430 2894 3473 ut
2925 3419 3035 3473 Deo
3064 3420 3432 3475 adversarium
3461 3431 3516 3476 et
3543 3423 3676 3493 legis

2098 3521 2548 3581 trausgressorcm
2573 3528 2585 3564 :
2613 3511 2692 3566 Tu
2724 3511 2876 3576 mihi,
2899 3512 3088 3579 inquit,
3115 3511 3267 3565 testis
3293 3513 3398 3567 eris
3427 3513 3516 3567 illo
3547 3523 3681 3567 tem-

2095 3619 2247 3674 pore,
2273 3618 2357 3658 me
2386 3618 2492 3657 non
2521 3617 2642 3658 esse
2677 3603 2811 3670 legis
2851 3611 3300 3672 transgressorem
3334 3621 3348 3657 :
3381 3619 3500 3658 nam
3529 3614 3680 3673 post-

2094 3709 2251 3764 quam
2286 3704 2334 3748 te
2365 3693 2566 3759 curavi,
2605 3703 2654 3748 Ie
2677 3692 2740 3747 ad
2775 3693 2944 3764 legem
2975 3693 3211 3757 remitto,
3235 3704 3390 3763 atque
3411 3695 3475 3748 ad
3497 3708 3678 3750 sacer-

2093 3785 2275 3840 dotum
2305 3786 2672 3855 probationem
2697 3801 2710 3850 ;
2735 3785 2786 3838 id
2828 3783 2970 3854 quod
3001 3785 3367 3838 cratcoleutis
3403 3785 3593 3854 legent,
3622 3796 3679 3840 et

2092 3879 2325 3950 Moysem
2348 3878 2680 3943 honorantis,
2718 3891 2816 3930 nec
2843 3877 3075 3945 antiquis
3115 3876 3447 3945 dogmatibus
3478 3877 3671 3932 adver-

2091 3971 2278 4025 santis.
2307 3968 2457 4036 Quod
2502 3969 2546 4023 si
2593 3967 2723 4021 nihil
2755 3967 2877 4020 inde
2922 3966 3052 4020 lucri
3085 3968 3359 4035 percipere
3385 3967 3673 4033 debebant,

2091 4063 2218 4118 hinc
2274 4060 2511 4115 maxime
2566 4068 2741 4113 tamen
2804 4057 2979 4111 discas
3027 4065 3254 4125 quantus
3307 4073 3469 4126 penes
3526 4059 3681 4113 illum

2089 4155 2159 4209 sit
2184 4154 2312 4223 legis
2339 4152 2512 4206 honor
2539 4191 2554 4217 ,
2581 4150 2702 4219 quia
2749 4163 2868 4204 cum
2917 4148 3190 4217 praesciret
3231 4149 3351 4201 illos
3381 4148 3509 4201 nihil
3551 4149 3675 4204 iudc

2090 4245 2294 4301 fI‘UClUS
2319 4251 2666 4312 percepturos
2702 4255 2820 4294 esse
2840 4282 2855 4305 ,
2890 4247 3064 4292 tamen
3097 4254 3216 4307 (μυ)
3245 4253 3410 4308 penes
3436 4255 3494 4292 SC
3520 4250 3678 4293 erant-

2089 4340 2264 4394 omnia
2289 4337 2565 4406 implebat.
2599 4335 2727 4389 Nam
2773 4335 2874 4387 hoc
2902 4334 3072 4398 ipsum
3108 4333 3423 4402 pneseiebat
3453 4341 3504 4386 et
3533 4349 3672 4401 prte-

2089 4432 2318 4488 dicebat.
2347 4429 2529 4498 Neque
2572 4427 2714 4482 enim
2752 4425 3001 4489 dicebat,
3037 4425 3090 4478 In
3119 4425 3545 4479 emendationem
3581 4440 3676 4479 eo-

2089 4540 2228 4590 rum,
2259 4536 2450 4590 ncque,
2484 4521 2540 4574 ln
2585 4517 2883 4573 doctrinam
2933 4532 3118 4571 eorum
3148 4532 3162 4579 ;
3209 4515 3324 4582 sed,
3357 4515 3420 4568 In
3450 4517 3673 4568 testimo—

2088 4616 2231 4670 nium
2254 4614 2376 4674 illis,
2406 4611 2458 4665 id
2485 4619 2587 4677 est,
2625 4608 2681 4663 In
2711 4608 3132 4670 accusationem,
3162 4605 3213 4659 iu
3251 4606 3671 4661 eonfutationem

2087 4717 2137 4764 et
2172 4708 2223 4761 in
2256 4703 2641 4768 testimonium,
2681 4701 2820 4771 quod
2851 4701 2996 4756 tibia
3044 4715 3130 4754 me
3169 4700 3346 4753 omnia
3383 4698 3515 4753 facta
3541 4702 3668 4755 sint.

2086 4800 2220 4855 Cum
2251 4798 2556 4866 praescii-em
2595 4807 2688 4847 eos
2716 4793 2833 4847 sine
2859 4789 3232 4844 emendatione
3263 4805 3568 4857 mansuros,
3603 4809 3671 4847 ne

2087 4892 2166 4946 sic
2193 4891 2407 4960 quidem
2436 4903 2555 4957 qua:
2585 4887 2758 4938 facere
2806 4883 3088 4951 oportebat
3131 4881 3284 4934 omisi
3311 4899 3325 4947 ;
3356 4882 3429 4937 illi
3459 4899 3584 4938 vero
3615 4885 3666 4938 in

2087 4984 2285 5040 malitia
2314 4997 2408 5035 sua
2431 4977 2798 5050 perstiterunt.
2834 4975 2942 5029 Hoc
2967 4983 3020 5030 et
3041 4974 3164 5028 alibi
3197 4974 3392 5029 dicitur
3424 4993 3437 5028 :
3463 4975 3670 5030 Prwdi-

2087 5077 2281 5129 rabitur
2304 5074 2395 5124 hoc
2437 5069 2748 5139 euangelium
2775 5069 2825 5120 in
2870 5067 3100 5121 universo
3130 5067 3336 5131 mundo,
3365 5069 3416 5120 in
3440 5069 3664 5120 testimo—

2087 5169 2228 5221 nium
2257 5162 2486 5218 onmibus
2516 5161 2766 5230 gentibus,
2795 5169 2839 5212 et
2862 5169 2979 5211 tunc
3007 5161 3164 5213 veniet
3186 5160 3302 5227 finis
3333 5158 3541 5229 (Matth.
3573 5158 3664 5210 2i.

2087 5258 2176 5327 14)
2203 5276 2214 5311 :
2247 5255 2492 5326 gentibus
2519 5251 2741 5317 scilicet,
2776 5268 2879 5305 non
2903 5252 3295 5315 obcdieutibus,
3327 5264 3430 5302 non
3460 5250 3668 5303 obtem-

2088 5349 2415 5421 perantibus.
2439 5345 2516 5399 Ne
2537 5345 2655 5414 quis
2672 5344 2811 5396 enim
2837 5343 3060 5406 diceret,
3081 5344 3186 5396 Cur
3202 5341 3446 5394 omnibus
3471 5340 3667 5408 pracdi-

2085 5460 2197 5509 cas,
2221 5457 2340 5496 cum
2373 5455 2479 5493 non
2521 5453 2710 5491 omnes
2738 5436 2988 5491 credituri
3023 5434 3166 5487 sint?
3194 5432 3263 5485 Ut
3307 5434 3483 5482 otuuia
3518 5447 3655 5495 mea,

2086 5537 2180 5600 ait,
2205 5532 2515 5605 praestitisse
2553 5529 2754 5592 videar,
2798 5537 2851 5581 et
2894 5541 3052 5580 nemo
3079 5538 3162 5577 me
3209 5532 3388 5591 postea
3423 5521 3667 5576 incusare

2086 5625 2277 5697 possit,
2299 5621 2442 5693 quod
2468 5636 2573 5676 non
2601 5619 2848 5674 audierit.
2889 5617 3021 5668 Nam
3047 5613 3157 5680 ipsa
3186 5611 3492 5679 praedicatio
3516 5614 3666 5664 testi-

2093 5717 2330 5773 monium
2362 5724 2543 5771 contra
2583 5713 2710 5768 feret
2752 5727 2764 5762 :
2812 5723 2908 5763 nec
2945 5714 3190 5776 poterunt
3239 5711 3420 5773 postea
3466 5701 3664 5770 dicere,
