4080 6138
401 258 497 316 33!

406 381 522 439 Non
560 374 858 432 audivimus
890 388 903 425 :
951 383 1074 426 nam
1114 382 1294 425 sermo
1336 365 1546 437 pietatis
1584 363 1635 418 in
1670 361 1802 419 ﬁnes
1830 362 1976 419 orbis

407 485 564 528 terrae
585 479 895 539 progressus
916 472 999 518 est
1024 459 1197 531 (Paul.
1220 460 1305 516 18.
1329 458 1408 529 5).

470 559 687 615 Horatia
715 556 1021 612 exhortatio.
1053 552 1295 621 Beneﬁcii
1340 549 1588 613 custodia,
1616 556 1692 602 est
1720 546 1828 618 ejus
1869 561 1975 599 me-

401 653 583 709 moria.
618 647 940 705 Eucharistia
989 662 1079 700 cur
1124 644 1197 698 sie
1237 641 1536 712 appelletur.
1567 668 1639 678 —
1666 638 1789 693 lianc
1820 637 1978 707 igitur

404 760 502 799 nos
527 756 738 813 quoque
767 739 1061 809 cogitantes
1085 776 1099 801 ,
1132 750 1250 805 qua:
1278 740 1457 786 nostra
1498 741 1621 786 sunt
1646 730 1822 785 omnia
1852 742 1978 799 erga

400 836 701 906 proximum
748 830 1063 901 impleamus
1089 868 1102 891 ,
1137 827 1351 894 Deoque
1377 837 1592 892 semper
1633 822 1831 893 gratias
1855 835 1981 890 aga-

397 940 535 981 mus.
558 924 767 978 Etenim
796 918 1081 975 absurdum
1113 924 1276 979 esset,
1318 929 1437 969 cum
1480 914 1714 985 quotidie
1740 913 1853 982 ejus
1883 912 1975 967 be-

405 1016 607 1073 neﬁciis
640 1014 896 1074 fruamur,
931 1025 997 1064 ne
1024 1008 1187 1062 verbo
1215 1005 1432 1078 quidem
1458 1005 1574 1074 ejus
1594 1004 1821 1074 gratiam
1848 1017 1975 1057 cono

399 1109 556 1172 ﬁteri,
590 1122 711 1160 cum
737 1104 963 1158 maxime
990 1099 1258 1155 confessio
1290 1098 1378 1153 illa
1430 1113 1626 1155 novam
1684 1096 1841 1151 nobis
1871 1094 1976 1149 uti-

392 1200 595 1252 litatem
624 1195 811 1250 afferat
839 1195 878 1248 ¹.
919 1193 1099 1262 Neque
1129 1191 1268 1245 enim
1299 1189 1387 1245 ille
1413 1188 1574 1244 rebus
1602 1196 1723 1258 eget
1751 1186 1973 1253 nostris,

394 1290 489 1345 sed
518 1304 615 1342 nos
645 1286 759 1356 ejus
781 1285 970 1357 opibus
995 1298 1232 1353 egemus.
1262 1280 1394 1336 Nam
1416 1282 1705 1353 gratiarum
1730 1277 1868 1333 actio
1898 1277 1975 1332 illi

378 1360 609 1452 ‘quidem
653 1377 785 1436 nihil
826 1376 1037 1446 adjicit,
1083 1373 1176 1429 sed
1208 1387 1303 1427 nos
1338 1372 1437 1441 ipsi
1480 1371 1649 1441 magis
1688 1368 1975 1424 familiares

393 1472 535 1527 facit.
586 1470 717 1525 Nam
773 1469 817 1522 si
860 1466 1133 1521 hominum
1178 1461 1431 1517 beneficia
1476 1461 1529 1516 in
1559 1469 1792 1516 mentem
1822 1475 1975 1515 revo-

391 1578 594 1625 cemus,
630 1560 799 1629 magis
819 1573 1002 1613 eorum
1025 1570 1207 1609 amore
1234 1551 1605 1608 succendimur
1630 1570 1641 1602 :
1666 1552 1833 1606 multo
1862 1566 1974 1605 ma-

390 1656 473 1726 gis
516 1654 560 1709 si
593 1652 801 1707 Domini
841 1664 965 1720 erga
1008 1663 1104 1702 nos
1150 1645 1405 1701 beneﬁcia
1430 1645 1642 1700 assidue
1688 1645 1740 1698 in
1797 1654 1975 1699 meme

389 1760 702 1806 versemus,
750 1742 817 1797 ad
856 1741 972 1811 ejus
1009 1739 1258 1794 mandata
1307 1736 1569 1791 servanda
1621 1735 1971 1790 studiosiores

388 1839 607 1892 erimus.
642 1835 764 1889 Ideo
791 1833 987 1888 Paulus
1016 1829 1227 1884 diccbat
1260 1846 1273 1881 :
1304 1828 1446 1882 Grati
1476 1836 1630 1881 estote
1660 1824 1878 1893 (Coloss.
1914 1826 1966 1879 5.

391 1928 460 1983 15
480 1932 520 1997 ).
552 1925 799 1981 Beneficii
823 1924 965 1978 enim
990 1921 1187 1990 optima
1207 1919 1447 1973 custodia
1477 1928 1559 1973 est
1580 1916 1822 1972 beneﬁcii
1858 1932 1971 1969 me-

391 2020 576 2081 moria,
608 2026 662 2071 et
688 2015 896 2069 assidua
935 2013 1222 2083 gratiarum
1252 2011 1410 2064 actio.
1442 2010 1671 2078 Ideoque
1704 2008 1970 2073 horrenda

389 2111 478 2165 illa
505 2108 778 2179 mysteria,
813 2116 916 2160 tam
950 2103 1201 2158 salutaria
1233 2117 1351 2172 qua:
1382 2101 1432 2155 in
1471 2100 1695 2170 singulis
1732 2099 1971 2153 collectis

388 2200 746 2263 celebramus,
775 2195 1109 2250 Eueharistia
1146 2193 1497 2262 appellantur,
1529 2191 1654 2261 quia
1678 2190 1968 2245 beneﬁcio-

388 2306 505 2345 rum
539 2289 827 2344 multorum
855 2284 1294 2341 commemoratio
1327 2291 1471 2349 sunt,
1503 2292 1766 2352 caputque
1797 2284 1969 2350 ipsum

387 2384 580 2439 divinae
638 2379 982 2451 providentia:
1030 2377 1362 2439 ostendunt,
1399 2390 1602 2444 nosque
1651 2390 1747 2445 per
1793 2375 1969 2429 omnia

386 2481 645 2545 apparant
687 2471 753 2525 ad
791 2470 989 2540 gratias
1016 2466 1270 2536 agendas.
1303 2465 1433 2520 Nam
1469 2467 1514 2519 si
1545 2480 1605 2518 ex
1643 2465 1845 2535 virgine
1876 2480 1970 2518 na-

388 2566 464 2620 sci
512 2578 760 2632 magnum
805 2568 887 2616 est
928 2558 1278 2622 miraculum,
1319 2572 1383 2610 ac
1425 2566 1643 2625 stupore
1696 2555 1970 2624 perculsus

386 2654 713 2724 evangelista
758 2651 1003 2714 dicebat,
1059 2648 1172 2703 Hoc
1224 2659 1393 2701 autem
1452 2656 1610 2701 totum
1658 2650 1846 2717 factum
1898 2656 1969 2700 est

390 2749 600 2815 (Matth.
634 2748 687 2801 1.
716 2745 825 2815 22)
852 2764 864 2799 :
896 2742 1159 2797 immolari
1190 2757 1285 2811 pro
1314 2741 1465 2795 nobis
1496 2740 1547 2794 in
1583 2755 1707 2808 quo,
1749 2754 1964 2811 quaeso,

386 2849 683 2893 statuemus
710 2835 868 2890 loco?
910 2833 1042 2888 Nam
1076 2833 1119 2887 si
1158 2831 1304 2885 nasci
1336 2829 1520 2884 Totum
1562 2840 1815 2896 vocatur,
1848 2845 1971 2883 cru-

385 2929 523 2998 ciligi
563 2968 577 2992 ,
604 2937 657 2980 et
682 2924 990 2995 sanguinem
1025 2936 1119 2991 pro
1149 2921 1299 2976 nobis
1332 2919 1627 2985 effundere,
1653 2935 1715 2974 ac
1734 2920 1969 2989 seipsum

385 3020 513 3073 dare
560 3018 610 3071 in
632 3017 808 3071 cibum
837 3024 890 3070 et
931 3014 1235 3069 convivium
1273 3012 1567 3081 spirituale,
1598 3027 1702 3081 quo
1754 3012 1969 3066 nomine

384 3107 793 3179 appellandum?
823 3106 1031 3161 Gratias
1058 3120 1185 3174 ergo
1210 3104 1286 3158 illi
1332 3102 1545 3157 assidue
1583 3118 1837 3171 agamus;
1869 3103 1969 3156 hoc

386 3202 651 3272 praecedat
702 3209 756 3255 et
792 3199 954 3256 verba
1003 3207 1055 3253 et
1084 3212 1246 3267 opera
1297 3206 1499 3251 nostra.
1547 3196 1758 3251 Gratias
1787 3207 1964 3251 autem

384 3310 602 3364 agamus
628 3308 732 3348 non
777 3307 873 3363 pro
900 3291 1096 3346 nostris
1126 3299 1349 3355 tantum,
1395 3289 1486 3344 sed
1519 3291 1677 3343 etiam
1710 3304 1805 3359 pro
1835 3291 1963 3344 alie-

384 3387 468 3440 nis
513 3385 705 3447 bonis;
751 3385 821 3438 ita
848 3383 989 3439 enim
1022 3393 1075 3437 et
1122 3381 1373 3436 invidiam
1422 3381 1609 3436 tollere
1654 3381 1963 3450 poterimus,

383 3477 762 3545 caritatemque
804 3475 1004 3539 fovere,
1054 3472 1509 3540 sincerioremque
1554 3470 1750 3525 facere.
1787 3470 1966 3540 Neque

384 3570 525 3623 enim
550 3569 750 3636 poteris
774 3566 1027 3634 deinceps
1056 3564 1281 3618 invideri
1324 3565 1375 3617 in
1409 3564 1494 3630 iis,
1532 3564 1599 3618 de
1628 3564 1820 3633 quibus
1849 3580 1969 3633 gra-

389 3662 487 3714 tias
515 3662 629 3728 agis
658 3657 902 3710 Domino.
947 3656 1150 3710 Idcirco
1176 3653 1428 3710 sacerdos
1453 3671 1551 3724 pro
1579 3655 1708 3709 orbe
1732 3695 1747 3721 ,
1781 3671 1874 3723 pro
1902 3654 1967 3709 iis

383 3751 473 3821 qui
497 3757 619 3802 ante
640 3748 871 3806 fuerunt.
897 3761 994 3815 pro
1017 3746 1079 3800 iis
1101 3745 1190 3815 qui
1213 3760 1354 3799 nunc
1374 3756 1517 3810 sunt,
1538 3761 1633 3815 pro
1661 3745 1723 3799 iis
1743 3746 1830 3815 qui
1853 3746 1965 3811 jam

385 3840 516 3904 nati,
552 3854 647 3909 pro
677 3838 882 3901 futuris,
918 3851 1015 3891 nos
1040 3837 1241 3907 gratias
1280 3851 1437 3906 agere
1480 3836 1669 3905 jubet,
1704 3837 1966 3892 sacrificio

384 3932 479 3987 illo
504 3930 797 4001 proposito.
840 3929 952 3984 Hoc
974 3930 1118 3983 enim
1152 3943 1250 3981 nos
1275 3935 1332 3982 et
1359 3941 1386 3980 a
1419 3936 1559 3983 terra
1586 3927 1794 3993 liberat,
1826 3937 1879 3982 et
1910 3928 1963 3981 in

396 4024 584 4080 caelum
642 4020 915 4087 transfert,
976 4019 1302 4091 angelosque
1352 4036 1422 4076 ex
1478 4019 1777 4073 hominibus
1820 4019 1960 4074 facit.

384 4117 515 4171 Nam
538 4124 592 4171 et
619 4116 711 4180 illi,
746 4123 943 4169 statuto
966 4114 1153 4175 choro,
1181 4129 1274 4183 pro
1297 4113 1568 4169 beneﬁciis
1587 4114 1737 4167 nobis
1758 4112 1963 4167 collatis

384 4209 581 4276 gratias
608 4214 771 4276 agunt
822 4206 949 4267 Deo,
979 4206 1213 4260 dicentes
1248 4223 1259 4258 :
1293 4204 1467 4257 Gloria
1496 4206 1547 4257 in
1578 4204 1784 4257 excelsis
1814 4203 1919 4256 Deo
1947 4244 1961 4266 ,

384 4311 429 4353 et
458 4301 509 4352 in
554 4310 685 4352 terra
718 4313 851 4365 pax,
902 4298 954 4349 in
1000 4296 1279 4348 hominibus
1320 4294 1682 4363 beneplacitum
1712 4295 1729 4364 (
1756 4294 1878 4346 Luc.
1907 4294 1961 4347 2.

386 4394 496 4462 M).
533 4392 597 4445 Et
628 4391 751 4459 quid
776 4390 840 4443 ad
873 4404 970 4444 nos
995 4429 1009 4453 ,
1049 4389 1274 4457 inquies,
1309 4387 1396 4455 qui
1430 4401 1528 4439 nec
1570 4388 1620 4439 iu
1656 4395 1795 4440 terra
1818 4428 1831 4449 ,
1868 4400 1965 4439 nec

385 4486 629 4539 homines
677 4486 803 4536 sunt
838 4481 849 4532 !
906 4480 1017 4533 lmo
1040 4480 1270 4532 maxime
1297 4478 1363 4537 ad
1393 4492 1526 4531 nos:
1562 4493 1681 4531 nam
1708 4477 1777 4529 ita
1811 4477 1962 4528 insli-

385 4577 707 4638 tutismnus,
768 4582 823 4625 ut
868 4584 1161 4625 conservos
1196 4568 1501 4637 diligamus,
1553 4568 1621 4620 ita
1652 4577 1707 4621 ut
1755 4567 1962 4621 illorum

385 4676 545 4735 bona,
576 4680 756 4725 nostra
784 4682 903 4723 esse
930 4665 1322 4720 existimemus.

456 4765 511 4818 4.
541 4763 664 4816 Ideo
692 4772 745 4815 et
772 4759 963 4814 Paulus
991 4758 1042 4811 in
1076 4755 1325 4825 Epistolis
1348 4754 1457 4807 suis
1487 4753 1677 4823 ubique
1703 4767 1799 4823 pro
1822 4753 1966 4808 orbis

387 4853 550 4909 totius
576 4852 726 4905 bonis
750 4852 949 4920 gratias
979 4849 1100 4919 agit.
1147 4845 1254 4900 Nos
1286 4846 1461 4914 itaque
1488 4858 1584 4913 pro
1610 4844 1803 4897 nostris
1823 4884 1839 4909 ,
1870 4858 1966 4913 pro

386 4944 574 4999 alienis
599 4981 614 5005 ,
652 4956 747 5010 pro
780 4941 959 5010 parvis
978 4980 991 5002 ,
1025 4954 1120 5008 pro
1147 4936 1352 5007 magnis
1379 4935 1590 4989 assidue
1627 4935 1822 5005 gratias
1845 4949 1969 5005 aga-

386 5050 525 5090 mus.
557 5032 776 5087 Etiamsi
795 5032 935 5085 enim
955 5046 1168 5099 parvum
1194 5031 1259 5084 sit
1287 5029 1335 5083 id
1362 5028 1502 5099 quod
1526 5028 1708 5092 datur,
1739 5028 1821 5082 vel
1846 5026 1969 5082 hinc

387 5140 639 5196 magnum
679 5121 908 5176 efﬁcitur
949 5121 1087 5190 quod
1113 5137 1141 5173 a
1176 5120 1283 5175 Deo
1330 5120 1507 5174 datum
1539 5120 1644 5183 sit;
1698 5121 1803 5173 imo
1844 5135 1967 5173 vero

388 5220 521 5277 nihil
567 5231 789 5288 parvum
828 5214 894 5267 ab
937 5212 1025 5267 illo
1068 5212 1254 5275 datur,
1285 5227 1390 5265 non
1424 5212 1593 5265 solum
1618 5211 1758 5280 quod
1785 5210 1854 5264 ab
1880 5211 1969 5264 illo

387 5311 724 5382 praebeatur,
756 5305 851 5361 sed
877 5305 1037 5359 etiam
1066 5304 1177 5373 ipsa
1203 5312 1390 5356 natura
1420 5317 1535 5357 sua.
1566 5300 1638 5355 Ut
1661 5312 1836 5356 autem
1867 5300 1966 5353 alia

384 5403 564 5458 omnia
605 5400 808 5455 mittam
830 5438 846 5463 ,
884 5411 1004 5467 quae
1039 5408 1256 5450 arenam
1301 5406 1523 5447 numero
1556 5393 1773 5447 vincunt
1804 5410 1817 5445 :
1844 5392 1967 5461 quid

388 5509 485 5565 par
508 5501 591 5550 est
615 5506 711 5563 pro
737 5489 894 5546 nobis
919 5486 1073 5545 factae
1095 5484 1430 5551 meonomiaa,
1454 5482 1565 5538 sive
1585 5482 1969 5538 incarnationi?

457 5652 862 5722 anuidamLcum
894 5653 1107 5707 maxime
1157 5646 1395 5715 confessio
1439 5644 1529 5699 illa
1569 5654 1796 5710 magnam
1835 5639 1975 5693 nobis

398 5714 655 5765 utilitatem
680 5715 868 5780 aﬁ‘erat.

1201 255 1259 311 S.
1314 250 1590 311 JOANNIS
1625 245 2100 306 CHRYSOSTOMI
2139 247 2455 306 ARCHIEP.
2495 247 3031 308 CONSTANTINOP.

3554 254 3668 310 552

2089 358 2240 426 Quod
2271 360 2415 415 enim
2457 360 2530 416 illi
2570 361 3015 431 pretiosissimum
3042 360 3279 416 omnium
3309 371 3444 425 erat,
3478 363 3671 434 unige-

2088 449 2256 503 nitum
2284 450 2470 505 Filium
2496 465 2595 519 pro
2620 452 2778 508 nobis
2799 451 3026 507 inimicis
3045 450 3186 506 dedit
3217 466 3353 507 :nec
3380 452 3529 507 dedit
3558 470 3676 508 mo-

2085 541 2155 595 do
2197 541 2369 608 nobis,
2402 542 2494 597 sed
2546 550 2601 597 et
2642 543 2788 597 illum
2831 541 2885 598 in
2928 557 3164 596 mensam
3205 543 3359 598 nobis
3400 546 3670 616 apposuit,

2085 636 2262 691 omnia
2284 651 2380 702 pro
2402 636 2552 691 nobis
2578 636 2797 699 faciens,
2825 646 2879 691 et
2904 634 3100 699 dando,
3122 644 3175 690 et
3197 650 3295 691 nos
3319 651 3415 706 pro
3442 636 3525 691 his
3549 652 3674 708 gra-

2086 735 2170 783 tos
2215 725 2513 782 efﬁciendo.
2560 726 2691 794 Quia
2730 728 2872 781 enim
2915 735 2973 782 ut
3012 726 3296 796 plurimum
3319 728 3560 797 ingratus
3588 738 3672 784 est

2088 823 2246 873 homo
2268 859 2281 883 ,
2312 818 2507 890 ubique
2537 818 2652 887 ipse
2673 818 2893 887 suscipit
2918 827 2970 874 et
2999 826 3219 888 apparat
3246 833 3307 871 ea
3338 834 3455 888 qua:
3480 819 3545 873 ad
3575 836 3670 874 no-

2084 918 2248 965 stram
2286 919 2411 965 sunt
2439 911 2743 966 utilitatem.
2784 911 2850 967 Et
2877 910 3017 983 quod
3049 912 3099 966 in
3128 910 3329 968 ludatis
3356 912 3568 982 agebat,
3601 930 3669 969 ex

2084 1003 2234 1067 locis,
2268 1002 2594 1071 temporibus
2632 1013 2685 1057 et
2724 1004 2871 1057 festis
2914 1002 3168 1060 beneﬁcia
3208 1002 3338 1073 ipsis
3374 1002 3426 1058 in
3464 1018 3672 1058 memo-

2083 1092 2217 1147 riam
2248 1107 2505 1149 revocans
2527 1134 2541 1157 ,
2580 1092 2807 1161 idipsum
2835 1094 2996 1149 etiam
3022 1093 3110 1149 hic
3137 1092 3261 1148 fecit
3284 1135 3298 1161 ,
3324 1108 3392 1149 ex
3421 1094 3668 1150 sacriﬁcii

2082 1181 2243 1239 modo
2270 1183 2335 1238 ad
2369 1198 2658 1253 perennem
2688 1183 2933 1239 beneﬁcii
2965 1183 3187 1253 hujusce
3224 1185 3536 1241 memoriam
3568 1200 3668 1241 nos

2082 1277 2358 1331 inducens.
2388 1276 2476 1330 Sic
2504 1290 2662 1329 nemo
2692 1275 2760 1329 ita
2794 1275 3014 1341 studuit,
3044 1290 3141 1330 nos
3172 1275 3368 1345 probos
3389 1317 3404 1341 ,
3443 1290 3668 1346 magnos

2081 1375 2135 1421 et
2176 1381 2269 1434 per
2310 1364 2488 1419 omnia
2526 1374 2705 1435 gratos
2744 1364 2992 1429 efﬁcere,
3022 1365 3192 1435 utqui
3222 1380 3322 1419 nos
3352 1366 3475 1420 fecit
3501 1367 3665 1421 Deus.

2079 1456 2412 1525 Quapropter
2438 1470 2533 1510 nos
2562 1465 2617 1511 et
2646 1456 2840 1511 invitos
2866 1471 3008 1525 saepe
3033 1465 3086 1512 et
3112 1456 3336 1526 plurima
3360 1456 3667 1527 ignorantes

2079 1548 2352 1603 beneﬁciis
2378 1548 2556 1603 afﬁcit.
2589 1548 2644 1603 Si
2661 1559 2836 1604 autem
2862 1549 2911 1604 id
2933 1550 3073 1620 quod
3097 1550 3298 1605 dictum
3320 1550 3660 1615 estmiraris;

2080 1658 2185 1696 non
2218 1643 2269 1696 in
2300 1642 2528 1696 obscuro
2557 1642 2804 1713 quopiam
2837 1643 2985 1708 viro,
3015 1642 3109 1698 sed
3150 1644 3202 1697 in
3236 1644 3389 1699 beato
3418 1644 3581 1699 Paulo
3608 1644 3661 1699 id

2078 1736 2365 1802 contigisse
2402 1735 2704 1789 ostendam.
2747 1734 2951 1789 Etenim
2990 1735 3173 1791 beatus
3204 1736 3291 1791 ille
3319 1737 3498 1791 multis
3524 1737 3663 1806 peri-

2079 1826 2212 1879 culis
2237 1836 2290 1880 et
2318 1828 2569 1881 :rt'umnis
2600 1828 2938 1893 exercitatus,
2970 1843 3112 1897 saepe
3138 1830 3357 1899 rogabat
3388 1831 3574 1897 Deum,
3604 1841 3662 1885 ut

2078 1917 2145 1971 ab
2173 1932 2230 1971 se
2258 1919 2576 1972 tentatioues
2605 1918 2837 1973 auferret
2866 1937 2878 1972 :
2904 1929 3266 1975 verumtamen
3298 1936 3401 1975 non
3429 1921 3493 1975 ad
3523 1922 3661 1991 peti-

2081 2009 2314 2072 tionem,
2344 2008 2436 2064 sed
2478 2009 2543 2063 ad
2584 2011 2863 2065 utilitatem
2895 2011 3010 2081 ejus
3037 2013 3271 2081 respexit
3302 2013 3468 2079 Deus;
3503 2015 3662 2084 idque

2082 2096 2362 2152 declarans
2392 2098 2465 2150 ait
2496 2116 2508 2151 :
2543 2098 2737 2167 Sit/[icit
2760 2100 2849 2152 tibi
2871 2101 3034 2169 gratia
3060 2118 3168 2154 men
3193 2118 3210 2154 :
3234 2118 3350 2154 nam
3373 2104 3528 2156 virtus
3551 2121 3662 2157 mea

2075 2187 2129 2241 in
2159 2188 2453 2256 inﬁrmitate
2479 2190 2738 2258 perﬁcitur
2764 2191 2780 2259 (
2804 2192 2858 2243 Ξ.
2886 2190 3003 2244 Cor.
3029 2190 3115 2246 12.
3145 2190 3235 2263 9
3282 2193 3462 2262 Itaque
3489 2195 3662 2262 prius-

2076 2296 2233 2350 quam
2262 2281 2335 2334 illi
2367 2296 2581 2337 causam
2610 2283 2919 2351 explicaret,
2953 2284 3176 2339 invitum
3205 2286 3471 2339 alliciebat
3497 2286 3663 2342 bene-

2077 2371 2217 2437 ﬁcio,
2246 2373 2405 2426 etiam
2434 2373 2785 2443 ignorantem.
2817 2373 2952 2440 Quid
2986 2375 3146 2443 igitur
3173 2392 3420 2445 maguum
3452 2378 3657 2446 poscit,

2076 2480 2194 2517 cum
2224 2464 2292 2520 de
2319 2475 2460 2519 tanta
2492 2466 2820 2536 providentia
2845 2477 3026 2537 gratos
3060 2484 3156 2523 nos
3182 2483 3301 2524 esse
3325 2470 3514 2539 jubet?
3543 2470 3655 2524 0b-

2077 2564 2432 2625 temperemus
2463 2558 2659 2627 itaque,
2690 2569 2743 2613 et
2774 2560 2871 2614 hoc
2903 2559 3095 2630 ubique
3122 2575 3415 2617 servemus.
3447 2561 3657 2615 Etenim

2074 2646 2289 2701 Judmos
2315 2647 2441 2701 nihil
2466 2649 2543 2704 sic
2574 2649 2837 2718 perdidit,
2867 2666 3024 2720 quam
3049 2651 3188 2720 quod
3221 2651 3408 2721 ingrati
3431 2662 3609 2706 essent
3641 2671 3655 2705 :

2076 2739 2376 2808 multasque
2407 2739 2522 2793 illas
2542 2750 2596 2794 et
2622 2739 2925 2809 frequentes
2954 2741 3133 2812 plagas
3164 2743 3291 2795 nihil
3320 2743 3461 2797 aliud
3492 2760 3651 2812 quam

2076 2830 2177 2887 hoc
2207 2833 2412 2887 induxit
2445 2851 2457 2885 :
2492 2833 2598 2887 imo
2628 2834 2789 2888 etiam
2819 2845 2942 2888 ante
2977 2837 3158 2906 plagas
3198 2836 3427 2890 animum
3469 2852 3657 2892 eorum

2073 2923 2305 2995 perdidit
2330 2933 2383 2979 et
2408 2923 2764 2979 labefactavit.
2798 2925 2824 2978 1
2833 2928 3000 2997 ngrati
3024 2928 3156 2981 enim
3178 2944 3290 2996 spes
3315 2938 3365 2983 ut
3386 2929 3658 2984 In‘bernalia

2075 3016 2260 3085 pruina
2286 3016 2441 3085 (Sap.
2470 3017 2555 3071 16.
2582 3015 2696 3087 29),
2726 3017 2894 3086 inquit
2924 3036 2936 3072 :
2970 3018 3040 3072 ita
3069 3028 3279 3087 torpere
3301 3030 3352 3073 et
3381 3022 3545 3075 emori
3575 3037 3659 3076 co-

2073 3108 2149 3176 git
2175 3109 2425 3173 animam,
2459 3118 2516 3161 ut
2547 3108 2631 3162 illa
2660 3124 2905 3178 corpora.
2936 3109 3047 3164 lloe
3075 3125 3201 3165 vero
3224 3111 3455 3179 procedit
3485 3128 3549 3168 ex
3571 3131 3658 3168 ar-

2073 3200 2310 3268 rogantia
2338 3240 2351 3264 ,
2383 3199 2524 3264 quod
2554 3213 2611 3253 se
2637 3199 2755 3268 quis
2787 3209 2936 3268 putet
2964 3200 3181 3269 dignum
3206 3201 3486 3257 beneficio.
3515 3203 3656 3258 Con-

2075 3292 2228 3345 tritus
2256 3302 2454 3355 autem,
2481 3309 2583 3345 non
2610 3308 2707 3360 pro
2730 3293 2882 3346 bonis
2915 3302 3137 3351 tantum.
3162 3296 3254 3347 sed
3282 3294 3441 3348 etiam
3468 3311 3561 3363 pro
3590 3298 3655 3352 iis

2072 3397 2190 3451 qua:
2220 3381 2439 3435 adversa
2472 3390 2722 3450 putantur
2743 3423 2757 3445 ,
2786 3384 2985 3452 gratias
3016 3381 3228 3437 habebit
3259 3382 3389 3447 Deo,
3415 3394 3469 3437 et
3489 3402 3655 3455 quan-

2075 3473 2266 3527 tumvis
2296 3474 2541 3541 patiatur,
2564 3488 2667 3526 non
2690 3489 2749 3527 se
2772 3483 2947 3527 tamen
2975 3474 3171 3546 aliquid
3195 3474 3410 3544 indigne
3441 3490 3651 3543 passum

2073 3564 2295 3636 putabit.
2342 3563 2410 3618 Et
2440 3578 2537 3618 nos
2566 3564 2741 3634 itaque
2769 3574 2971 3633 quanto
2999 3565 3165 3634 magis
3190 3564 3242 3618 in
3268 3567 3462 3620 virtute
3494 3569 3653 3635 preti-

2072 3659 2275 3713 ciemus
2300 3699 2314 3722 ,
2359 3665 2505 3711 tanto
2533 3658 2699 3725 magis
2734 3672 2831 3712 nos
2867 3660 3009 3726 ipsos
3038 3667 3381 3712 conteramus
3412 3676 3425 3712 :
3453 3660 3652 3713 etenim

2073 3750 2177 3804 hoc
2206 3750 2435 3803 maxime
2466 3750 2629 3802 virtus
2653 3757 2753 3803 est.
2776 3748 2924 3803 Sicut
2944 3748 3088 3802 enim
3116 3758 3314 3819 quanto
3341 3752 3547 3805 acutius
3576 3753 3653 3803 vi-

2071 3842 2280 3907 demus,
2312 3849 2457 3894 tanto
2486 3840 2652 3909 magis
2681 3839 2968 3895 ediscimus
2993 3850 3247 3909 quantum
3277 3854 3305 3893 a
3330 3840 3461 3895 caelo
3481 3839 3651 3894 diste-

2072 3946 2190 3986 mus
2221 3951 2233 3986 :
2266 3932 2343 3986 sic
2381 3938 2580 4000 quanto
2625 3931 2788 3999 magis
2828 3929 2880 3983 in
2921 3930 3116 3984 virtute
3146 3928 3472 3999 proﬁcimus,
3505 3938 3652 3985 tanto

2072 4024 2239 4091 magis
2259 4022 2514 4076 docemur
2540 4031 2793 4091 quantum
2820 4022 2887 4075 sit
2918 4022 3055 4075 inter
3081 4022 3244 4076 Deum
3274 4029 3328 4077 et
3354 4038 3452 4078 nos
3482 4024 3650 4079 inter-

2070 4116 2288 4168 vallum.
2323 4114 2428 4169 Nec
2455 4128 2583 4167 sane
2610 4113 2826 4166 minima
2858 4126 2981 4181 pars
3008 4122 3089 4166 est
3115 4112 3460 4183 phi|030phite
3485 4156 3500 4181 ,
3529 4129 3649 4168 cum

2072 4207 2319 4262 meritum
2347 4215 2585 4259 nostrum
2613 4204 2925 4273 dignoscere
2955 4217 3258 4272 possumus.
3285 4203 3380 4258 Hic
3407 4204 3551 4258 enim
3575 4220 3663 4258 se-

2074 4300 2246 4369 ipsum
2300 4298 2529 4352 maxime
2578 4299 2743 4359 novit,
2787 4296 2875 4365 qui
2922 4310 2981 4350 se
3024 4294 3157 4349 nihil
3204 4310 3323 4351 esse
3362 4298 3647 4350 existimat.

2072 4390 2302 4460 ideoque
2331 4389 2491 4443 David
2521 4396 2576 4443 et
2602 4387 2890 4451 Abraham,
2920 4400 3038 4440 cum
3060 4386 3124 4439 ad
3155 4400 3420 4441 summum
3440 4388 3650 4441 virtutis

2074 4484 2339 4553 fastigium
2367 4482 2753 4545 ascendissent,
2787 4488 2913 4533 tunc
2941 4478 3170 4533 maxime
3199 4480 3335 4533 hanc
3356 4493 3651 4534 exercuere

2073 4579 2322 4631 virtutem
2345 4585 2430 4630 :et
2459 4574 2545 4627 hic
2565 4574 2776 4643 quidem
2794 4589 2851 4627 se
2875 4572 3145 4641 pulverem
3169 4580 3221 4625 et
3240 4573 3471 4626 cinerem
3492 4570 3646 4644 (Gen.

2074 4670 2161 4725 18.
2193 4669 2285 4739 2'1)
2307 4710 2321 4733 ,
2360 4667 2447 4722 ille
2475 4681 2601 4721 vero
2630 4680 2688 4721 se
2714 4680 2949 4720 vermem
2980 4661 3201 4718 vocabat
3243 4662 3410 4734 (ρωι.
3441 4664 3531 4718 21.
3557 4664 3609 4733 7)
3636 4682 3648 4718 :

2072 4777 2133 4817 ac
2164 4761 2408 4817 similiter
2434 4772 2621 4814 omnes
2647 4762 2812 4812 sancti
2840 4772 2896 4811 se
2923 4757 3150 4811 miseros
3177 4755 3463 4825 praedicant
3488 4774 3500 4809 :
3524 4771 3651 4812 con-

2074 4862 2152 4909 tra
2183 4868 2311 4907 vero
2354 4852 2399 4906 is
2440 4851 2527 4922 qui
2572 4848 2873 4919 arrogantia
2916 4843 3221 4913 extollitur,
3263 4862 3382 4901 sese
3424 4848 3653 4902 maxime

2073 4946 2311 5001 omnium
2334 4944 2559 5014 ignorat.
2584 4939 2937 5008 Quamobrem
2954 4938 3022 4993 de
3038 4939 3277 5008 superbis
3300 4938 3455 5009 vulgo
3475 4938 3654 4993 dicere

2075 5038 2309 5093 solemus
2342 5054 2353 5089 :
2381 5034 2497 5089 Non
2524 5048 2582 5088 se
2617 5032 2782 5097 novit,
2811 5044 2871 5085 se
2897 5043 3116 5099 prorsus
3145 5029 3372 5099 ignorat.
3397 5028 3498 5096 Qui
3528 5042 3655 5083 vero

2076 5148 2135 5187 se
2162 5133 2386 5201 ignorat,
2412 5143 2569 5198 quem
2601 5125 2782 5180 novit?
2807 5122 3265 5192 Quemadmodum
3290 5122 3431 5177 enim
3452 5122 3539 5192 qui
3566 5136 3654 5177 se-

2076 5226 2247 5293 ipsmn
2276 5221 2503 5285 noverit,
2535 5217 2713 5273 omnia
2737 5224 3027 5286 cognoscet
3057 5231 3071 5268 :
3095 5215 3173 5270 sic
3198 5214 3288 5285 qui
3318 5229 3378 5270 se
3404 5214 3655 5285 ignorat,

2077 5330 2251 5385 neque
2271 5312 2371 5367 alia
2402 5311 2627 5365 noverit.
2660 5309 2802 5364 Talis
2828 5308 2918 5363 ille
2942 5316 3061 5363 erat
3082 5307 3173 5377 qui
3197 5305 3408 5362 dicebat
3442 5327 3454 5361 :
3481 5306 3657 5376 Supra

2077 5410 2226 5465 cwlos
2257 5421 2441 5475 ponam
2464 5405 2646 5459 solium
2670 5419 2837 5457 meum
2865 5399 3032 5473 (lsai.
3067 5401 3155 5456 N.
3182 5402 3250 5457 i5
3268 5400 3311 5473 ).
3350 5400 3485 5467 Quia
3512 5400 3658 5456 enim

2077 5501 2309 5571 seipsum
2339 5496 2619 5568 ignoravit,
2641 5502 2834 5550 caetera
2855 5508 3065 5564 quoque
3084 5493 3263 5547 omnia
3285 5492 3561 5563 ignoravit.
3589 5492 3656 5549 At

2077 5608 2183 5647 non
2210 5589 2427 5658 Paulus,
2454 5587 2541 5660 qui
2568 5602 2627 5643 se
2651 5584 2948 5641 abortivum
2972 5595 3027 5640 et
3050 5585 3325 5639 minimum
3352 5592 3657 5641 sanctorum

2083 5683 2401 5755 appellabat,
2426 5694 2597 5752 neque
2623 5689 2743 5750 post
2770 5685 2849 5735 tot
2874 5685 3123 5748 tantaque
3143 5676 3399 5750 przeclara
3417 5689 3579 5747 opera
3598 5690 3660 5732 se
