4080 6138
231 265 329 322 551

232 379 420 454 ρυξις,
469 380 564 436 καί
591 380 692 436 οὐκ
727 381 794 436 ἂν
823 381 999 453 ἔχοιεν
1045 383 1180 454 μετά
1217 385 1391 441 ταῦτα
1432 389 1639 454 εἰπεῖν,
1667 390 1750 443 ὅτι
1793 391 1908 444 Οὐκ

227 458 576 532 ἠκούσαμεν·
605 463 742 535 πρὸς
772 465 882 536 γὰρ
912 465 980 519 τὰ
1009 466 1223 539 πέρατα
1247 469 1348 540 τῆς
1392 472 1718 544 οἰκουμένης
1751 475 1780 527 6
1820 473 1908 527 λό-

227 564 324 620 γος
353 549 512 620 ἐξέϐη
531 551 578 583 ³³
611 550 712 622 τῆς
744 552 1048 616 εὐσεϐείας.

300 636 346 667 ⁸³
375 635 558 690 Ταῦτα
589 631 682 692 οῦν
710 637 1018 703 ἐννοοῦντες
1059 640 1154 694 καὶ
1194 643 1377 713 ἡμεῖς,
1424 644 1494 698 τὰ
1537 648 1666 718 παρ’
1697 647 1906 702 ἑαυτῶν

229 722 444 778 ἅπαντα
482 722 780 796 πληρῶμεν
815 728 895 791 εἰς
943 728 1072 790 τοὺς
1122 728 1373 800 πλησίον,
1417 731 1614 804 καὶτῷ
1645 733 1764 805 Θεῷ
1792 734 1906 788 δια-

230 811 430 874 παντὸς
456 812 892 884 εὐχαριστῶμεν.
927 816 1036 868 Καὶ
1059 816 1169 888 γὰρ
1189 819 1408 883 ἄτοπον,
1437 819 1586 892 ἔργῳ
1615 823 1718 892 τῆς
1745 824 1904 895 εὐερ-

230 897 420 966 γεσίας
468 899 639 952 αὐτοῦ
678 900 800 954 καθ’
842 903 1080 974 ἑκάστην
1120 905 1492 971 ἀπολαύοντας
1521 908 1620 980 τὴν
1665 910 1900 980 ἡμέραν,

233 988 371 1057 μηδέ
416 988 558 1058 λόγῳ
585 992 744 1063 χάριν
759 992 808 1024 ⁸⁸
831 992 1132 1062 ὁμολογεῖν,
1165 997 1258 1049 καὶ
1289 996 1460 1051 ταῦτα
1491 998 1591 1069 τῆς
1615 998 1903 1070 ὁμολογίας

231 1074 394 1128 πάλιν
411 1075 456 1107 ⁸⁵
490 1078 625 1147 ἡμῖν
653 1076 751 1148 τὴν
779 1078 1048 1147 ὠφέλειαν
1078 1081 1372 1153 φερούσης.
1405 1084 1542 1138 Οὐδὲ
1591 1085 1701 1158 γὰρ
1737 1087 1899 1152 αὐτὸς

226 1162 396 1216 δεῖται
427 1165 536 1218 τῶν
560 1168 846 1239 ἡμετέρων
869 1169 1034 1234 τινὸς,
1064 1171 1178 1224 ἀλλ’
1200 1175 1358 1243 ἡμεῖς
1377 1175 1607 1246 δεόμεθα
1629 1177 1737 1232 τῶν
1759 1179 1901 1232 ἐκεί-

227 1265 318 1304 νου
349 1251 622 1307 ἁπάντων.
668 1254 782 1308 Καὶ
819 1255 927 1327 γὰρ
971 1259 1005 1327 ἡ
1045 1259 1367 1329 εὐχαριστία
1407 1261 1599 1334 ἐκείνῳ
1626 1264 1725 1333 μὲν
1748 1265 1900 1321 οὐδὲν

229 1338 607 1409 προστίθησιν,
642 1341 787 1411 ἡμᾶς
819 1342 874 1395 66
901 1344 1265 1418 οἰκειοτέρους
1294 1347 1445 1420 αὐτῷ
1474 1352 1896 1417 κατασκευάζει.

225 1423 289 1508 Εἰ
330 1422 441 1496 γὰρ
482 1426 787 1498 ἀνθρώπων
831 1430 914 1495 εἰς
964 1433 1187 1503 μνήμην
1245 1433 1498 1499 λαϐόντες
1554 1438 1896 1508 εὐεργεσίας,

227 1507 636 1582 θερμαιῶμεθα
677 1513 938 1584 μειζόνως
968 1515 1045 1588 τῷ
1087 1518 1324 1591 φίλτρῳο
1362 1521 1543 1592 πολλῷ
1575 1507 1773 1592 μᾶλλον
1801 1525 1894 1578 τοῦ

223 1597 498 1650 Δεσπότου
530 1601 868 1672 μεμνημένοι
893 1603 1155 1674 διηνεκῶς
1188 1605 1295 1660 τῶν
1325 1609 1764 1680 κατορθωμάτων
1782 1612 1894 1666 τῶν

222 1685 304 1747 εἰς
335 1686 503 1756 ἡμᾶς,
546 1689 953 1762 σπουδαιότεροι
985 1693 1121 1763 πρὸς
1158 1694 1255 1758 τὰς
1287 1695 1506 1760 ἐντολὰς
1534 1699 1634 1762 τὰς
1677 1699 1890 1754 ἐκείνου

221 1771 479 1842 ἐσόμεθα.
504 1774 604 1828 Διά
631 1775 790 1832 τοῦτο
825 1778 919 1832 καὶ
963 1781 991 1833 6
1031 1779 1242 1844 Παῦλος
1282 1781 1466 1852 ἔλεγεν
1485 1800 1499 1814 ο
1526 1784 1891 1855 Εὐχάριστοι

219 1857 482 1944 γίνεσθε.
512 1860 731 1933 Φυλακὴ
771 1864 878 1934 γὰρ
903 1865 1222 1936 εὐεργεσίας
1250 1867 1443 1939 ἀρίστη
1477 1871 1512 1940 ἡ
1533 1869 1631 1940 τῆς
1667 1872 1890 1944 εὐεργε-

220 1943 344 2006 σίας
374 1946 583 2017 μνήμη,
631 1950 724 2003 καί
755 1949 1007 2021 διηνεκὴς
1037 1953 1082 1984 ⁸⁸
1126 1953 1463 2026 εὐχαριστία.
1497 1957 1599 2010 Διά
1635 1957 1702 2029 δὴ
1730 1943 1890 2013 τοῦτο

217 2032 316 2084 καὶ
358 2032 426 2085 τὰ
457 2036 702 2108 φρικώδη
740 2039 1030 2110 μυστήρια,
1079 2041 1172 2094 καὶ
1215 2042 1417 2114 πολλῆς
1445 2044 1685 2114 γέμοντα
1724 2046 1824 2116 τῆς
1840 2047 1885 2079 ⁸⁷

217 2120 519 2190 σωτηρίας,
553 2122 621 2176 τὰ
648 2124 769 2177 καθ’
792 2126 1028 2198 ἐκάστην
1054 2127 1350 2199 τελούμενα
1378 2129 1618 2197 σύναξιν,
1653 2133 1888 2204 Εὐχαρι-

214 2204 342 2260 στία
375 2207 638 2276 καλεῖται,
686 2212 767 2266 ὅτι
803 2212 1012 2268 πολλῶν
1058 2217 1207 2269 ἐστιν
1247 2217 1704 2289 εὐεργετημάτων
1748 2222 1882 2276 ἀνά-

213 2310 437 2363 μνησις,
483 2297 578 2351 καί⁵
623 2298 684 2352 τὸ
723 2300 1016 2370 κεφάλαιον
1055 2303 1157 2372 τῆς
1188 2302 1283 2356 τοῦ
1313 2304 1450 2357 Θεοῦ
1498 2307 1753 2376 προνοίας
1795 2310 1883 2361 ἐν-

208 2379 526 2449 δείκνυται,
561 2385 653 2439 καί
686 2385 774 2440 διὰ
805 2388 1023 2442 πάντων
1071 2393 1480 2461 παρασκευάζει
1515 2395 1880 2465 εὐχαριστεῖν.

209 2469 276 2522 Εἰ
325 2469 432 2541 γὰρ
475 2471 536 2524 16
581 2474 907 2547 γεννηθῆναι
945 2478 1008 2530 ἐκ
1042 2478 1309 2550 παρθένου
1355 2478 1540 2550 θαῦμα
1587 2482 1750 2552 μέγα,
1787 2485 1881 2536 καί

207 2556 650 2629 ἐκπληττόμενος
690 2563 719 2614 6
754 2563 1149 2636 εὐαγγελιστῆς
1197 2565 1348 2634 ἔλεγε
1369 2607 1384 2631 ,
1431 2567 1608 2621 Τοῦτο
1635 2567 1702 2620 δὲ
1733 2567 1882 2622 ὅλον

205 2642 450 2711 γέγονε·
494 2647 555 2699 τὸ
587 2648 680 2700 καὶ
715 2651 990 2721 σφαγῆναι
1037 2652 1139 2706 ποῦ
1187 2653 1454 2724 θήσομεν;
1493 2654 1615 2707 εἰπέ
1647 2671 1757 2725 μοι.
1813 2657 1878 2709 Εἰ

205 2729 322 2801 γὰρ
343 2731 399 2784 16
425 2731 576 2806 [5H]
604 2736 929 2808 γεννηθῆναι
958 2739 1134 2794 τοῦτο
1167 2740 1316 2796 ὅλον
1345 2742 1608 2808 καλεῖται,
1632 2743 1692 2796 16
1720 2759 1876 2796 σταυ-

206 2815 475 2888 ρωθῆναι,
511 2821 606 2872 καί
651 2821 711 2874 16
752 2818 891 2894 αἷμα
935 2826 1115 2895 ἐκχεῖν
1130 2827 1196 2890 ⁸⁸,
1229 2829 1322 2883 καὶ
1367 2828 1428 2882 16
1473 2828 1664 2884 ἑαυτὸν
1696 2828 1876 2884 δοῦναι

203 2906 346 2974 ἡμῖν
380 2909 458 2969 εἰς
489 2908 728 2962 ἑστίασιν
755 2912 847 2965 καὶ
879 2913 1110 2984 εὐωχίαν
1134 2917 1528 2987 πνευματικὴν,
1560 2917 1612 2971 τί
1643 2916 1709 2971 ἂν
1743 2919 1875 2989 κληεο

203 2991 365 3062 θείη;
401 2995 828 3069 Εὐχαριστῶμεν
859 3001 1040 3054 τοίνυν
1076 3003 1226 3073 αὐτῷ
1262 3004 1548 3074 διηνεκῶς,
1579 3007 1672 3059 καὶ
1698 3007 1877 3076 ρημάο

200 3095 320 3132 των
351 3080 444 3133 καὶ
469 3080 645 3152 ἔργων
675 3084 784 3137 τῶν
815 3087 1096 3158 ἡμετέρων
1117 3091 1462 3161 προηγείσθω
1485 3092 1661 3145 τοῦτο.
1699 3095 1874 3163 Εὐχα-

202 3164 487 3235 ριστῶμεν
517 3167 574 3219 66
623 3169 697 3239 μὴ
741 3170 881 3242 ὑπὲρ
926 3171 1034 3225 τῶν
1085 3175 1299 3228 οἰκείων
1351 3176 1546 3245 μόνων,
1596 3177 1732 3231 ἀλλὰ
1781 3178 1878 3232 καὶ

201 3251 352 3324 61:69
383 3253 492 3306 τῶν
521 3254 819 3326 ἀλλοτρίων
847 3258 1066 3325 ἀγαθῶν
1089 3275 1104 3290 ’
1127 3260 1268 3313 οὕτω
1293 3262 1400 3332 γὰρ
1432 3263 1524 3315 καὶ
1553 3263 1650 3332 τὴν
1675 3265 1877 3334 βασκαο

199 3338 327 3391 νίαν
379 3340 588 3394 ἀνελεῖν
618 3343 980 3414 δυνησόμεθα,
1013 3347 1106 3400 καὶ
1149 3347 1248 3418 τὴν
1293 3349 1514 3420 ἀγάπην
1556 3353 1876 3420 ἐπισφίγξαι

200 3426 304 3478 καὶ
335 3428 708 3502 γνησιωτέραν
760 3431 1006 3502 ποιῆσαι.
1047 3435 1180 3488 Οὐδὲ
1227 3438 1336 3508 γάρ
1366 3437 1577 3510 δυνήσῃ
1604 3439 1876 3511 βασκῆναι

199 3511 394 3566 λοιπὸν
427 3515 674 3584 ἐκείνοις,
719 3518 860 3590 ὑπὲρ
897 3513 971 3574 ὧν
1001 3523 1343 3594 εὐχαριστεῖς
1379 3523 1455 3594 τῷ
1480 3527 1748 3600 Δεσπότῃ.
1785 3530 1878 3584 Διὸ

198 3600 266 3672 δὴ
302 3603 396 3655 καί
418 3606 445 3656 6
482 3605 662 3676 ἱερεὺς
704 3607 844 3680 ὐπέρ
874 3609 974 3679 τῆς
1002 3612 1344 3684 οἰκουμένης,
1381 3615 1522 3686 ὑπὲρ
1545 3616 1652 3669 τῶν
1682 3621 1875 3688 προτέ-

200 3706 341 3776 ρων,
368 3690 508 3762 ύπὲρ
530 3691 638 3746 τῶν
659 3693 776 3761 νῦν,
807 3696 947 3768 61:69
973 3697 1080 3752 τῶν
1108 3701 1444 3771 γενηθέντων
1459 3704 1504 3734 ⁸³
1538 3703 1874 3776 ἔμπροσθεν,

200 3775 350 3847 61:69
381 3777 490 3832 τῶν
524 3779 664 3849 μετά
711 3782 883 3837 ταῦτα
921 3785 1200 3855 ἐσομένων
1244 3790 1322 3851 εἰς
1353 3790 1501 3859 ἡμᾶς
1531 3775 1874 3864 εὐχαριστεῖν

199 3863 420 3953 κελεύει
441 3904 456 3929 ,
476 3867 598 3953 -τῆς
631 3867 822 3934 θυσίας
835 3871 879 3904 ⁸⁸
909 3874 1276 3945 προκειμένης
1308 3877 1542 3948 ἐκείνης.
1570 3863 1740 3933 Τοῦτο
1764 3881 1873 3953 γὰρ

199 3950 358 4019 ἡμᾶς
394 3951 498 4038 ,καὶ
541 3953 639 4023 τῆς
677 3955 780 4026 γῆς
812 3957 1165 4024 ἀπαλλάττει,
1207 3964 1302 4016 καὶ
1337 3963 1471 4034 πρὸς
1513 3965 1606 4018 τὸν
1645 3950 1874 4038 οὐρανὸν

200 4036 548 4127 μετατίθησι,
578 4042 670 4094 καί
701 4043 963 4110 ἀγγέλους
1001 4046 1062 4111 ἐξ
1089 4047 1390 4117 ἀνθρώπων
1432 4054 1593 4106 ποιεῖ.
1626 4036 1737 4107 Καί
1764 4053 1873 4127 γὰρ

199 4121 306 4211 καὶ
337 4126 554 4190 ἐκείνοι,
582 4129 743 4200 χορὸν
771 4134 1120 4204 στησάμενοι,
1151 4136 1290 4208 61:69
1311 4137 1417 4190 τῶν
1439 4140 1517 4201 εἰς
1547 4142 1693 4210 ἡμᾶς
1731 4121 1869 4211 ἀγαξ

200 4209 324 4297 θῶν
339 4211 717 4283 εὐχαριστοῦσι
739 4218 816 4290 τῷ
844 4219 982 4290 Θεῷ,
1010 4221 1290 4291 λέγοντες⁹
1323 4225 1478 4289 Δόξα
1499 4209 1575 4279 ἐνί
1594 4209 1875 4297 ὑψίστοις

202 4294 352 4361 Θεῷ,
389 4300 484 4353 καί
509 4301 607 4355 ἐπὶ
629 4303 741 4373 γῆς
761 4306 991 4375 εἰρήνη,
1030 4309 1100 4364 ἐν
1124 4309 1456 4379 ἀνθρώποις
1475 4294 1735 4370 εὐδοκία.
1764 4294 1876 4370 Καί

196 4381 254 4469 τί
279 4383 418 4451 πρὸς
443 4386 589 4456 ἡμᾶς
609 4391 653 4421 ⁹¹
677 4393 804 4456 τοὺς
835 4395 934 4448 οὐκ
963 4396 1055 4448 ἐπὶ
1092 4399 1215 4467 γῆς,
1246 4397 1366 4450 οὐδὲ
1382 4397 1701 4469 ἀνθρώπους
1722 4419 1736 4466 ;
1757 4403 1875 4458 Μά-

198 4467 364 4557 λιστα
390 4470 488 4541 μέν
509 4469 600 4528 οὖν
631 4477 767 4548 πρὸς
795 4480 940 4550 ἡμᾶς
959 4497 973 4512 ο
999 4480 1142 4535 οὕτω
1175 4481 1284 4553 γὰρ
1316 4467 1714 4557 ἐπαιδεύθημεν
1747 4488 1873 4552 τοὺς

200 4555 527 4647 σιδνδούλους
555 4562 727 4631 φιλεῖν
747 4604 763 4630 ,
801 4566 876 4630 ὼς
909 4568 1003 4620 καί
1044 4568 1114 4622 τὰ
1154 4571 1380 4624 ἐκείνων
1412 4571 1593 4640 ἀγαθὰ
1618 4555 1873 4647 ἡμέτερα

197 4640 343 4700 εἶναι
372 4649 632 4719 νομίζειν.
1071 4706 1082 4712 κ

273 4731 336 4786 δ’.
370 4737 463 4827 ιὶιδ
503 4738 598 4827 καὶ
645 4739 854 4827 Παῦλος
897 4744 1170 4827 πανταχοῦ
1215 4747 1324 4800 τῶν
1374 4750 1702 4804 Ἐπιστολῶν
1734 4752 1871 4827 ὑπὲρ

198 4814 336 4903 τῶν*
353 4817 463 4903 τῆς
505 4819 827 4903 οἰκουμένης
882 4814 1192 4896 εὐχαριστεῖ
1252 4832 1710 4903 κατορθωμάτων.
1763 4814 1873 4890 Καίί

200 4898 365 4988 ἡμεῖς
381 4898 559 4988 τοίνυν
582 4900 722 4988 61:69
737 4903 844 4957 τῶν
862 4907 1075 4962 οἰκείων
1097 4912 1188 4964 καὶ
1204 4912 1249 4943 ⁸⁸
1271 4898 1410 4984 ὑπὲρ
1429 4898 1534 4968 τῶν
1554 4915 1868 4988 ἀλλοτρίων,

200 4980 308 5073 καὶ
339 4982 739 5073 ὺπέρ-μικρῶν
770 4989 865 5042 καὶ
908 4991 1046 5073 ὐπὲρ
1077 4994 1328 5061 μεγάλων
1356 4980 1620 5068 διηνεκῶς
1645 4980 1869 5072 εὐχαριέ

204 5068 443 5154 στῶμεν.
468 5068 607 5154 ,Κᾶν
634 5069 737 5141 γὰρ
773 5071 966 5143 μικρὸν
1070 5075 1131 5128 16
1168 5076 1338 5141 δοθὲν,
1383 5081 1528 5150 μέγα
1555 5068 1763 5150 γίνεται
1787 5068 1871 5154 τῷ

203 5151 359 5242 παρά
380 5153 474 5206 τοῦ
491 5155 628 5209 Θεοῦ
649 5156 913 5212 δεδόσθαι·
937 5161 1134 5230 μᾶλλον
1144 5163 1200 5217 δὲ
1219 5165 1368 5219 οὐδὲν
1397 5169 1591 5241 μικρὸν
1607 5170 1716 5222 τῶν
1738 5151 1870 5242 παρ’

205 5237 440 5305 ἐκείνου,
467 5243 526 5296 οὐ
556 5243 635 5314 τῷ
664 5248 794 5318 παρ’
820 5247 1029 5301 ἐκείνου
1061 5250 1220 5319 μόνον
1252 5237 1755 5324 παρέχεσθαι,ἀλλά
1777 5237 1870 5312 καὶ

205 5323 345 5416 αὐτῇ
381 5329 446 5397 τῇ
473 5329 652 5416 φύσει.
695 5333 806 5388 Καὶ
851 5333 938 5388 ἵνα
987 5338 1056 5388 τά
1096 5336 1233 5391 ἀλλα
1275 5323 1450 5396 πάντα
1497 5343 1678 5414 παρῶ,
1706 5343 1742 5398 ἃ
1769 5345 1868 5416 τὴν

207 5405 392 5478 ἄμμον
418 5415 542 5484 νικᾷ
569 5414 645 5486 τῷ
671 5416 867 5490 πλήθει
888 5435 902 5448 ·
928 5418 982 5471 τί
1014 5419 1126 5473 ῐσον
1154 5421 1253 5492 τῆς
1273 5423 1416 5494 ὑπὲρ
1447 5405 1606 5496 ἡμῶν
1639 5405 1867 5498 γενομέ-

1301 267 1366 324 IN
1407 266 1822 331 “ATTHEUM
1860 272 2092 333 HOMIL.
2135 275 2301 332 XXV.
2338 276 2410 332 al.
2453 274 2644 334 XXVI.

3575 283 3680 339 5'62

2008 408 2108 464 νης
2135 392 2474 462 οἰκονομίαςς
2508 394 2574 445 Ὃ
2605 391 2712 464 γάρ
2749 386 2818 463 ἦν
2859 390 3010 464 αὐτῷ
3047 393 3372 467 τιμιὼτερον
3399 395 3678 464 ἀπάντων,

2007 475 2036 528 6
2053 475 2346 544 μονογενὴς
2364 475 2520 539 Παῖς,
2539 473 2728 527 τοῦτον
2753 474 2953 529 ἔδωκεν
2975 476 3078 529 61:6
3086 494 3116 548 9
3134 479 3166 548 ἡ
3174 477 3290 548 μῶν
3315 479 3423 533 τῶν
3447 479 3676 552 ἐχθρῶνο

2007 558 2101 610 καὶ
2123 557 2223 610 οὐκ
2247 557 2414 612 ἔδωκε
2442 557 2621 628 μόνον,
2645 557 2780 612 ἀλλά
2809 559 2904 611 καὶ
2941 559 3078 627 μετά
3099 560 3161 612 τὸ
3185 560 3367 616 δοῦναι
3393 565 3676 636 τράπεζαν

2007 644 2139 713 ἡμῖν
2171 644 2331 696 αὐτὸν
2355 644 2654 715 παρέθηκε.
2673 643 2850 699 πάντα
2869 644 3028 709 αὐτὸς
3049 646 3121 700 τά
3145 647 3288 718 ὑπὲρ
3310 650 3466 720 ἡμῶν
3481 651 3674 717 ποιῶν,

2007 730 2097 783 καὶ
2125 731 2186 784 τὸ
2214 729 2418 794 δοῦναι,
2445 731 2621 784 καὶτὸ
2647 732 3004 803 εὐχαρίστους
3034 735 3174 804 ὑπὲρ
3194 735 3397 791 τούτων
3427 737 3672 808 ποιῆσαι.

2017 817 2232 889 Ἐπειδὴ
2265 818 2373 888 γὰρ
2406 818 2481 881 ὡς
2512 818 2584 872 τὰ
2612 818 2784 874 πολλά
2809 820 3103 891 ἀχάριστός
3132 823 3278 874 ἐστιν
3307 824 3336 876 6
3369 823 3672 895 ἄνθρωπος,

2003 905 2282 975 πανταχοῦ
2331 906 2494 970 αὐτὸς
2524 907 2845 978 ἀναδέχεται
2872 908 2962 961 καὶ
2992 910 3391 974 κατασκευάζει
3432 911 3503 964 τὰ
3533 912 3674 985 ὑπὲρ

2003 992 2180 1063 ἡμῶν.
2211 993 2322 1048 Καὶ
2343 995 2480 1066 ὅπερ
2501 995 2593 1048 61:1
2616 995 2722 1048 τῶν
2760 995 3027 1050 Ἰουδαίων
3054 996 3326 1068 ἐποίησεν,
3354 998 3462 1052 ἀπὸ
3494 999 3674 1053 τόπων

2002 1080 2097 1134 καὶ
2143 1081 2351 1152 χρόνων
2397 1084 2492 1136 καὶ
2525 1081 2728 1152 ἑορτῶν
2755 1083 3186 1154 ἀναμιμνήσκων
3220 1084 3419 1148 αὐτοὺς
3450 1085 3557 1138 τῶν
3587 1086 3680 1139 εὐέ

2003 1168 2296 1239 εργεσιῶν,
2323 1168 2480 1222 τοῦτο
2502 1170 2597 1222 καί
2628 1169 2861 1224 ἐνταῦθα
2885 1171 3200 1241 εἰργάσατο,
3223 1171 3331 1225 ἀπὸ
3357 1171 3451 1226 τοῦ
3472 1174 3673 1246 τρόπου

1999 1256 2100 1326 τῆς
2140 1256 2333 1321 θυσίας
2375 1259 2458 1321 εἰς
2498 1257 2722 1329 διηνεκῆ
2766 1261 2864 1329 τῆς
2919 1258 3058 1329 ὑπὲρ
3111 1259 3317 1313 τούτων
3357 1261 3674 1331 εὐεργεσίας

2001 1343 2223 1414 μνήμην
2255 1345 2402 1414 ἡμᾶς
2427 1344 2730 1413 ἐμϐάλλων.
2767 1345 2952 1408 Οὕτως
2986 1345 3161 1408 06661;
3203 1345 3502 1400 ἐσπούδακε
3528 1347 3672 1400 δοκί-

2001 1446 2135 1500 μους
2160 1429 2414 1498 γενέσθαι
2463 1431 2557 1484 καὶ
2592 1430 2865 1501 μεγάλους
2891 1429 2986 1484 καί
3015 1432 3102 1484 διὰ
3129 1432 3345 1486 πάντων
3390 1431 3672 1502 εὐγνώμον-

1997 1533 2125 1579 νας,
2159 1515 2234 1578 ὡς
2267 1518 2295 1569 6
2322 1518 2554 1587 ποιήσας
2604 1519 2752 1587 ἡμᾶς
2790 1516 2943 1579 Θεός.
2991 1517 3091 1570 Διά
3127 1518 3285 1570 τοῦτο
3318 1519 3412 1571 καί
3441 1519 3672 1582 ἄκοντας

1999 1604 2149 1672 ἡμᾶς
2171 1604 2450 1674 εὐεργετεῖ
2476 1604 2753 1668 πολλάκις,
2782 1604 2872 1656 καὶ
2894 1603 3218 1671 ἀγνοοῦντας
3246 1603 3314 1658 τά
3345 1605 3581 1660 πλείονα.
3609 1605 3669 1657 Εἰ

1997 1688 2054 1742 δὲ
2085 1688 2388 1759 θαυμάζεις
2412 1689 2472 1744 16
2500 1691 2808 1762 εἰρημένον,
2835 1690 2934 1742 οὐκ
2960 1690 3052 1743 61:1
3069 1687 3178 1742 τῶν
3204 1690 3475 1758 τυχόντων
3501 1690 3666 1752 τινὸς,

1996 1771 2109 1824 ἀλλ’
2145 1773 2356 1830 ἐπὶτοῦ
2390 1775 2666 1846 μακαρίου
2703 1773 2915 1828 Παύλου
2949 1772 3197 1842 δείκνυμί
3223 1791 3303 1826 σοι
3338 1773 3497 1826 τοῦτο
3532 1789 3670 1843 συμ-

1995 1859 2116 1915 ϐάν.
2141 1861 2251 1914 Καὶ
2281 1860 2388 1932 γάρ
2423 1862 2451 1914 6
2485 1862 2754 1932 μακάριος
2776 1861 2986 1923 ἐκεῖνος
3021 1859 3192 1913 πολλά
3223 1859 3548 1915 κινδυνεύων
3574 1862 3669 1914 καὶ

1994 1946 2333 2019 θλιϐόμενος,
2364 1949 2623 2012 πολλάκις
2658 1946 2960 2018 παρεκάλει
2989 1946 3077 2000 τὸν
3107 1946 3258 2010 Θεὸν,
3289 1947 3592 2016 ἀποστῆναι
3619 1948 3665 1981 ⁸³

1995 2033 2143 2106 [512]
2172 2036 2335 2090 αὐτοῦ
2364 2037 2490 2100 τοὺς
2519 2035 2885 2107 πειρασμούς·
2917 2034 3030 2089 ἀλλ’
3064 2035 3215 2104 ὅμως
3247 2033 3307 2087 οὐ
3348 2036 3412 2106 τῇ
3455 2036 3664 2108 αἰτήσει

1992 2124 2154 2178 αὐτοῦ
2179 2165 2193 2190 ,
2226 2125 2361 2180 ἀλλά
2397 2125 2462 2196 τῇ
2490 2124 2791 2197 λυσιτελείᾳ
2818 2125 3105 2196 προσεῖχεν
3135 2126 3163 2177 6
3188 2123 3320 2188 Θεός
3349 2141 3364 2156 ·
3389 2126 3482 2178 καὶ
3508 2125 3665 2180 τοῦτο

1990 2210 2204 2274 δεικνὺς
2222 2211 2405 2281 έλεγεν
2425 2229 2439 2244 ο
2464 2210 2648 2280 Ἀρκεί
2673 2226 2772 2266 σοι
2800 2213 2838 2280 ’ἡ
2861 2210 3029 2283 χάρις
3042 2228 3162 2280 μου
3183 2224 3198 2240 ⁸
3215 2212 3254 2280 ἡ
3285 2209 3396 2280 γὰρ
3413 2211 3666 2281 δύναμίς

1983 2315 2103 2366 μου
2123 2298 2192 2352 ἐν
2208 2299 2492 2365 ἀσθενείᾳ
2516 2299 3036 2353 τελειοῦται.Ὤστε
3067 2298 3195 2369 πρὶν
3208 2299 3382 2352 εἰπεῖν
3402 2297 3549 2370 αὐτῷ
3565 2299 3663 2370 τὴν

1987 2389 2186 2454 αἰτίαν,
2201 2390 2398 2444 ἄκοντα
2411 2390 2686 2462 εὐεργετεῖ
2706 2389 2798 2444 καὶ
2811 2389 2912 2442 οὐκ
2933 2389 3126 2442 εἰδότα.
3144 2388 3207 2440 Τί
3225 2381 3323 2442 οῦν
3342 2389 3482 2458 μέγα
3499 2390 3662 2453 αἰτεῖ,

1986 2475 2107 2530 ἀντὶ
2141 2477 2240 2547 τῆς
2277 2477 2543 2548 τοσαύτης
2588 2476 2910 2547 κηδεμονίας
2941 2475 3290 2546 εὐχαρίστους
3323 2475 3558 2529 κελεύων
3583 2471 3663 2531 εῖ-

1987 2579 2108 2628 ναι;
2138 2563 2459 2633 Πειθὼμεθα
2479 2563 2677 2629 τοίνυν,
2702 2563 2795 2617 καί
2821 2560 3096 2631 πανταχοῦ
3119 2561 3276 2615 τοῦτο
3293 2561 3659 2633 διατηρῶμεν.

1986 2649 2092 2704 Καὶ
2119 2650 2224 2722 γὰρ
2255 2651 2381 2713 τοὺς
2441 2651 2722 2715 Ἰουδαίους
2750 2650 2900 2704 οὐδὲν
2936 2647 3108 2712 οὔτως
3149 2648 3429 2704 ἀπώλεσεν
3448 2687 3464 2714 ,
3487 2648 3563 2713 ὡς
3599 2649 3660 2702 16

1985 2739 2308 2809 ἀχαρίστους
2343 2734 2502 2801 εἶναι,
2529 2737 2738 2800 καὶτὰς
2771 2735 2972 2800 πολλὰς
3009 2734 3104 2790 καὶ
3147 2735 3480 2806 ἐπαλλήλους
3516 2735 3661 2788 ἐκεί-

1984 2843 2081 2889 νας
2125 2825 2337 2894 πληγάς
2385 2825 2534 2878 οὐδὲν
2567 2824 2752 2896 ἕτερον
2784 2823 2816 2892 ἡ
2861 2822 3020 2876 τοῦτο
3058 2823 3303 2893 ἐπήγαγε
3324 2837 3337 2850 °
3365 2822 3565 2893 μᾶλλον
3599 2823 3657 2876 66

1983 2913 2077 2966 καί
2101 2914 2205 2984 πρὸ
2236 2912 2342 2966 τῶν
2382 2911 2609 2982 πληγῶν
2634 2913 2734 2982 τὴν
2777 2909 2954 2980 ψυχὴν
3008 2909 3185 2961 αὐτῶν
3215 2909 3369 2961 τοῦτο
3410 2907 3657 2963 ἀπώλεσε

1983 3000 2078 3054 καί
2117 2999 2440 3072 διέφθειρεν.
2481 2999 2838 3068 Ἀχαρίστου
2866 2998 2976 3067 γὰρ
3003 2995 3172 3061 ἐλπίς
3197 2996 3277 3060 ὡς
3309 2995 3511 3064 πάχνη
3538 3013 3657 3063 χει·

1975 3087 2180 3156 μέριος
2199 3086 2266 3152 ’⁸,
2286 3086 2449 3156 φησίν
2472 3107 2483 3118 ·
2505 3085 2648 3139 οὕτω
2671 3085 2878 3156 ναρκᾷν
2902 3083 2995 3136 καὶ
3015 3082 3340 3153 νεκροῦσθαι
3360 3083 3456 3153 τὴν
3480 3083 3655 3153 ψυχὴν

1982 3180 2142 3241 ποιεῖ,
2179 3176 2367 3248 ῶσπερ
2416 3175 2598 3246 ἐκείνη
2627 3175 2695 3228 τὰ
2740 3172 2986 3244 σώματα.
3019 3172 3190 3225 Τοῦτο
3233 3172 3290 3224 66
3336 3173 3542 3240 γίνεται
3596 3173 3657 3238 ἐξ

1981 3263 2365 3326 ἀπονοίας,καί
2392 3261 2485 3314 τοῦ
2514 3261 2749 3331 νομίζειν
2777 3259 2964 3313 ἐαυτὸν
2992 3259 3140 3326 ἄξιον
3171 3253 3308 3310 εἷναί
3340 3274 3505 3321 τινος.
3524 3258 3654 3311 '066

1984 3349 2457 3421 συντετριμμένος,
2489 3350 2585 3419 οὐχ
2610 3349 2748 3420 61:69
2771 3346 2988 3416 ἀγαθῶν
3022 3347 3201 3416 μόνον,
3227 3345 3362 3398 ἀλλά
3397 3345 3489 3399 καὶ
3513 3344 3652 3414 ὑπὲρ

1981 3436 2087 3489 τῶν
2134 3435 2393 3488 ἐναντίων
2435 3434 2732 3487 δοκούντων
2784 3429 2952 3495 εἰναι,
2982 3431 3332 3503 εὐχαριστίας
3381 3431 3650 3484 είσεται⁹⁸

1980 3522 2058 3593 τῷ
2090 3520 2230 3592 Θεῷ,
2253 3521 2347 3574 καὶ
2376 3522 2474 3574 ὅσα
2510 3520 2576 3574 ἂν
2621 3518 2788 3592 πάθῃ,
2819 3519 2968 3572 οὐδὲν
3000 3520 3267 3590 ἡγήσεται
3296 3516 3510 3581 ἀνάξιον
3549 3535 3650 3570 πε-

1982 3609 2259 3664 πονθέναι.
2298 3609 2407 3662 Καὶ
2449 3609 2607 3679 ἡμεῖς
2655 3607 2854 3671 τοίνυν,
2895 3606 3003 3676 ὅσῳ
3035 3605 3102 3659 ἂν
3131 3603 3267 3676 πρὸς
3293 3604 3491 3676 ἀρετὴν
3526 3607 3650 3657 ἐπι-

1978 3697 2178 3766 δῶμεν,
2220 3695 2458 3767 τοσούτῳ
2489 3695 2685 3767 μᾶλλον
2727 3693 2952 3758 ἑαυτοὺς
2983 3693 3358 3764 συντρίψωμεν
3381 3710 3396 3725 ο
3419 3692 3539 3746 ἐπεὶ
3558 3693 3652 3746 καὶ

1977 3784 2135 3838 τοῦτο
2165 3783 2400 3856 μάλιστα
2450 3783 2640 3854 ἀρετή.
2678 3782 2891 3853 Ὠσπερ
2924 3779 3034 3852 γὰρ
3059 3781 3278 3851 ὅσῳπερ
3305 3778 3372 3834 ἂν
3399 3778 3652 3850 ὀξύτερον

1981 3871 2180 3942 ῐδωμεν
2205 3911 2220 3934 ,
2258 3868 2494 3939 τοσούτῳ
2527 3869 2726 3938 μᾶλλον
2769 3867 3108 3939 μανθάνομεν
3136 3867 3258 3920 ὅσον
3285 3866 3651 3936 διεστήκαμεν

1977 3957 2072 4011 τοῦ
2125 3956 2352 4029 οὐρανοῦ
2377 3972 2393 3986 ο
2438 3955 2610 4019 οὕτως
2653 3955 2762 4026 ὅσῳ
2803 3954 2869 4008 ἀν
2916 3953 3186 4022 ἐπιδῶμεν
3226 3951 3361 4022 πρὸς
3411 3951 3649 4022 ἀρετὴν,

1934 4082 1937 4084 -
1977 4041 2216 4114 τοσούτῳ
2247 4042 2446 4114 μᾶλλον
2477 4039 2837 4112 παιδευόμεθα
2875 4039 3072 4092 εἰδέναι
3101 4035 3196 4090 τοῦ
3224 4034 3360 4090 Θεοῦ
3393 4037 3454 4088 τὸ
3486 4037 3653 4106 μέσον

1977 4129 2039 4184 16
2065 4129 2198 4202 1:96;
2223 4131 2386 4200 ἡμᾶς.
2431 4129 2504 4183 Οὐ
2537 4128 2730 4200 μικρὸν
2763 4127 2819 4180 66
2849 4124 3008 4179 10610
3031 4123 3076 4158 "
3114 4124 3278 4196 μέρος
3311 4122 3648 4192 φιλοσοφίας,

1977 4216 2270 4288 δυνηθῆναι
2306 4216 2538 4270 συνιδεῖν
2561 4215 2659 4286 τὴν
2686 4215 2842 4282 ἀξίαν
2870 4213 2970 4284 τὴν
3002 4214 3034 4284 ἡ
3044 4211 3299 4283 μετέραν.
3343 4203 3511 4272 Οὗτος
3539 4210 3650 4280 γάρ

1978 4303 2214 4374 μάλιστά
2269 4306 2415 4356 ἐστιν
2458 4306 2487 4356 ὁ
2529 4301 2718 4356 ἐαυτὸν
2767 4300 2955 4366 εἰδὼς,
2990 4301 3019 4353 6
3074 4297 3240 4370 μηδὲν
3281 4291 3420 4348 εἶναι
3457 4295 3650 4350 ἐαυτὸν

1973 4390 2228 4462 νομίζων.
2252 4389 2352 4443 Διά
2382 4389 2446 4460 δὴ
2492 4390 2648 4443 τοῦτο
2675 4389 2768 4442 καί
2804 4389 2832 4441 6
2855 4386 3019 4441 Δαυίδ
3066 4385 3161 4439 καὶ
3191 4385 3220 4438 δ
3259 4382 3528 4456 Ἀϐραὰμ,
3555 4382 3648 4435 ὅτε
3689 4381 3698 4387 ”

1974 4477 2110 4550 πρὸς
2160 4477 2259 4548 τὴν
2303 4479 2477 4548 ἄκραν
2526 4476 2799 4546 ἀνέϐησαν
2844 4476 2943 4546 τῆς
2987 4473 3187 4546 ἀρετῆς
3217 4471 3492 4542 κορυφὴν,
3523 4468 3648 4522 τότε

1976 4564 2211 4636 μάλιστα
2253 4564 2410 4620 τοῦτο
2451 4564 2820 4636 κατώρθωσαν
2843 4581 2857 4594 ο
2888 4562 2982 4616 κα)⁸
3019 4562 3049 4615 6
3088 4559 3189 4632 μὲν
3229 4559 3333 4629 γῆν
3371 4557 3466 4610 καὶ
3510 4573 3648 4609 σπο-

1972 4651 2060 4705 δὸν
2087 4690 2100 4715 ,
2131 4652 2162 4704 6
2195 4651 2253 4704 66
2302 4650 2562 4723 σκώληκα
2608 4651 2797 4704 ἐαυτὸν
2851 4648 3034 4703 ἐκάλει
3071 4663 3087 4679 ο
3116 4646 3208 4699 καί⁸
3249 4644 3450 4706 πάντες
3492 4642 3548 4695 66
3594 4643 3648 4696 οἱ

1973 4733 2118 4802 ἅγιοι
2162 4735 2362 4806 ὁμοίως
2409 4735 2618 4797 τούτοις
2669 4733 2894 4795 ἐαυτούς
2944 4728 3320 4792 ταλανίζουσιν
3356 4741 3372 4758 ο
3409 4724 3484 4788 ὡς
3513 4725 3541 4778 ὅ
3580 4739 3646 4792 γε

1972 4821 2111 4892 1:96;
2162 4821 2477 4888 ἀλαζονείαν
2534 4821 2839 4892 αἰρόμενος,
2892 4816 3098 4879 ἐκεῖνός
3141 4816 3289 4868 ἐστιν
3335 4813 3364 4866 6
3413 4812 3652 4883 μάλιστα.

1971 4909 2188 4962 πάντων
2226 4908 2417 4961 ἐαυτὸν
2450 4907 2682 4976 ἀγνοῶν.
2730 4905 2822 4958 Διὸ
2859 4906 2954 4957 καὶ
2986 4901 3128 4956 κατά
3166 4902 3265 4972 τὴν
3292 4900 3478 4972 κοινὴν
3515 4917 3644 4953 συν-

1972 4995 2160 5066 ήθειαν
2209 4995 2330 5059 ἔθος
2373 4997 2504 5065 ἡμῖν
2552 4994 2730 5062 λέγειν
2761 4992 2888 5062 περί
2936 4989 3044 5043 τῶν
3101 4987 3499 5061 ὑπερηφάνων·
3529 4987 3648 5040 Οὐκ

1970 5079 2110 5136 οἶδεν
2139 5083 2348 5145 ἐαυτὸν,
2373 5084 2559 5150 ἀγνοεῖ
2588 5080 2799 5134 ἐαυτὸν.
2852 5080 2910 5133 '0
2955 5079 3013 5132 66
3050 5077 3238 5131 6au16v
3264 5076 3493 5145 ἀγνοῶν,
3520 5075 3644 5126 τίνα

1969 5169 2272 5238 γνὼσεται;
2305 5169 2516 5240 Ὠσπερ
2545 5168 2654 5238 γὰρ
2673 5170 2701 5222 6
2722 5166 2913 5221 ἐαυτὸν
2953 5165 3128 5230 εἰδὼς,
3155 5166 3368 5218 ᾶπαντα
3401 5161 3605 5213 εἵσεται
3623 5175 3641 5190 ο

1969 5255 2142 5320 οὓτως
2163 5257 2192 5309 6
2223 5255 2380 5310 τοῦτο
2414 5254 2489 5327 μὴ
2520 5255 2696 5320 εἰδὼς,
2719 5255 2840 5308 οὐδὲ
2859 5255 2928 5308 τά
2959 5253 3092 5308 ἄλλα
3133 5251 3356 5304 εἴσεται.
3391 5244 3643 5306 Τοιοῦτος

1967 5338 2036 5413 ἦν
2068 5345 2271 5408 ἐκεῖνος
2305 5345 2336 5397 ὁ
2361 5343 2566 5413 λέγων’
2615 5343 2839 5398 Ὲπάνω
2873 5343 2994 5396 τῶν
3043 5336 3305 5408 οὐρανῶν
3338 5334 3503 5398 θήσω
3534 5330 3644 5382 τὸν

1975 5432 2198 5500 θρόνον
2211 5449 2348 5502 μου.
2381 5431 2602 5505 Ἐπειδὴ
2635 5431 2744 5504 γὰρ
2762 5431 3032 5503 ἡγνόησενΔ
3051 5424 3262 5488 ἐαυτὸν,
3294 5421 3387 5474 καὶ
3415 5417 3484 5472 τὰ
3507 5416 3642 5470 ἄλλα

279 5518 697 5613 ἶῗέξῗίἔθξβδδ·
772 5528 1270 5613 υξιθιιςυΝ-ποῖι
1297 5533 1390 5613 δεέ.
1405 5534 1631 5613 πδέντοτεε
1653 5538 1994 5613 εὐὶριρξστεῖγ
2018 5537 2241 5613 τῷ,θῲ
2261 5557 2273 5571 ·
2297 5541 2392 5613 καὶ
2413 5542 2496 5613 δἙέ
2516 5541 2611 5613 ξᾲν
2632 5541 2704 5613 μή
2728 5557 2812 5604 τις
2833 5539 3041 5613 ἀπρφτῇ
3064 5533 3172 5613 εῶν
3204 5525 3469 5613 βεφτικέὟ
3485 5542 3642 5613 9399‘”

209 5587 384 5677 ξίδων,
413 5587 472 5645 οὐ
495 5594 726 5677 ,δύναται
749 5598 951 5677 γνῶναι
968 5587 1279 5677 λέαυτόν.
1307 5673 1322 5677 _
1894 5587 1989 5642 ’-δέ

2235 5610 2434 5682 πολλὴν
2463 5611 2596 5682 Edd-
2614 5597 2809 5682 ἑοιὶιτεῐ
2823 5609 2981 5682 0044-
3003 5597 3059 5661 ει
3073 5597 3216 5682 Ge;
3245 5597 3638 5682 “3031.1263-

211 5609 384 5655 τιοων,
413 5609 472 5645 ου
507 5609 726 5650 ουναται
749 5609 951 5668 γνῶναι
983 5609 1193 5655 ἑαυτόν.
1214 5609 1279 5657 Α.
1353 5609 1401 5638 ³⁵
1429 5609 1525 5675 τὴν
1549 5609 1868 5677 χάρινΕάὰ.

211 5655 278 5752 ΞΑ
494 5665 538 5696 ⁸⁷
565 5667 663 5752 τῆς
904 5671 1242 5752 τελούμεναΙΔ
1258 5673 1382 5730 add.
1408 5674 1550 5744 λέγω
1564 5678 1706 5752 Εάά.
1780 5679 1826 5712 ⁸⁸
1848 5682 1882 5732 6:

1986 5609 2440 5734 ίπάλιιέμπολλὴν
2463 5611 2596 5666 Edd.
2614 5609 2803 5668 ἐσήιε-ει
2823 5609 2981 5665 codd.
3003 5616 3059 5661 et
3073 5609 3194 5682 Gen
3245 5609 3292 5632 "
3317 5609 3413 5651 και
3439 5609 3470 5666 η
3499 5609 3638 5664 οιην.

1986 5679 2055 5751 ιν]
2089 5681 2156 5752 ad
2181 5721 2211 5752 .·
2233 5680 2464 5752 διήμένς
2488 5681 2620 5752 Edd.
2694 5681 2740 5714 "
2762 5671 3249 5752 7sv1706v1cpv]_SIc.
3287 5667 3345 5750 Do.
3373 5665 3452 5746 [οι

210 5727 398 5821 Ξθέὸὶ
411 5727 774 5821 γεννηθέντων
787 5740 924 5821 ,(εἰο)
1059 5727 1182 5821 ᾆξαι
1207 5727 1362 5821 ῖαᾶιξ
1381 5727 1706 5821 -εέέιὶξ
1739 5727 1882 5821 eam;

1986 5727 2711 5821 “[1081
2839 5727 2848 5731 ⁷

3065 5734 3187 5814 μξῑις
3214 5734 3394 5814 uncig'
3420 5734 3637 5814 ἰιιείιιεὶι

210 5747 369 5814 ξυωι
411 5747 774 5805 γεννηυεντων
801 5747 924 5810 (sic)
961 5747 1018 5798 Ε.
1059 5758 1182 5812 qua
1213 5747 1357 5814 facta
1398 5756 1522 5799 sunt
1549 5750 1698 5802 Ann.
1739 5760 1882 5804 cmlel

209 5795 334 5854 δον.
370 5817 472 5860 nec
496 5804 688 5874 legisse
715 5807 925 5864 videtur
949 5810 1045 5865 Ge.
1085 5811 1222 5872 Cum
1260 5815 1729 5872 codd.facitArm.
1805 5819 1882 5868 θοι

213 5866 260 5904 ..
279 5873 371 5921 καὶ
398 5890 504 5921 Hm.
540 5875 600 5921 Α.
677 5877 719 5907 ,³
737 5879 1038 5921 ἀπηττῖισηι
1075 5881 1116 5921 Ε
1203 5885 1247 5920 ,δ
1276 5886 1348 5921 ιῖιι
1384 5888 1664 5921 υτιηθρηυῶι
1704 5890 1875 5921 ρᾶυυειι

1986 5747 2369 5821 [εὐνηθέντωνῖ
2389 5751 2557 5806 Paulo
2588 5758 2711 5819 post
2745 5750 2822 5811 εἰς
2862 5747 2988 5801 ante
3065 5747 3169 5814 μᾶς
3214 5747 3369 5796 uncis
3420 5747 3637 5815 mqusu

1986 5747 3060 5921 E11229;16mm33:32.1.1113
3088 5813 3214 5917 δάιε·
3408 5809 3640 5921 am:

201 5866 260 5942 _"
279 5873 371 5928 και
398 5890 504 5931 om.
537 5866 600 5929 Ᾰ.
677 5877 719 5907 ’³
737 5879 1040 5946 ἀποστῆσαι
1074 5866 1247 5942 ah"
1264 5866 1358 5952 1;};—
1369 5866 1894 5956 1.1;15173131115
1908 5866 2090 5944 ΕΪἬ
2118 5866 2572 5957 Ξῐξᾶιρῗὲῖᾶἐὲαι]
2606 5866 3092 5956 εὖξᾶῥιέὲὴἒέέέἰ..

3141 5885 3203 5960 _"
3234 5873 3389 5935 τοῦτο
3415 5891 3537 5936 om.
3569 5873 3640 5930 Δ.
