4080 6138
306 421 533 495 apostoli
574 419 789 475 nomine
817 418 1035 488 dignum
1063 430 1181 472 esse
1208 417 1425 486 putabat
1455 417 1530 487 (i.
1558 415 1676 471 Cor.
1709 417 1796 472 15.
1825 418 1878 472 8.

305 517 384 585 9).
421 514 570 567 llunc
601 513 778 581 itaque
807 511 1117 564 aemulemur
1147 517 1200 563 et
1230 508 1518 562 imitemur.
1553 507 1883 561 Imitabimur

303 607 545 664 autemsi
578 620 606 657 a
635 615 774 658 terra
814 617 876 658 ac
907 601 1129 658 terrenis
1155 601 1378 669 negotiis
1415 600 1718 655 liberemur.
1743 599 1882 654 Nihil

303 699 445 755 enim
470 698 542 752 ita
571 694 918 770 ignorantiam
951 693 1030 746 sui
1064 693 1232 762 parit,
1264 701 1322 746 ut
1347 692 1680 746 saecularium
1704 706 1882 746 rerum

303 791 526 846 allectus
554 807 567 843 :
596 787 834 855 nihilque
859 785 931 839 ita
958 785 1288 839 saacularium
1319 799 1499 838 rerum
1526 782 1770 837 allectum
1795 797 1884 850 pa-

303 886 412 946 rit,
442 891 499 934 ut
527 878 822 950 ignorantia
850 877 930 932 sui
963 895 975 930 :
1004 875 1265 945 siquidem
1294 890 1457 928 unum
1489 873 1684 942 pendet
1705 872 1773 924 ab
1801 873 1881 925 al-

306 985 441 1030 tero.
463 973 611 1028 Sicut
633 969 773 1026 enim
797 970 839 1023 is
863 970 950 1037 qui
974 975 1246 1022 externam
1263 966 1484 1035 gloriam
1510 974 1653 1019 amat
1672 972 1726 1018 et
1749 979 1886 1033 pra:-

303 1069 471 1123 sentia
501 1079 688 1134 magna
719 1077 838 1118 esse
859 1069 1028 1130 putat,
1051 1059 1256 1114 etiamsi
1286 1059 1335 1112 id
1363 1058 1555 1112 millies
1580 1057 1881 1120 tentaverit,

304 1161 431 1215 huic
461 1174 566 1212 non
599 1157 828 1225 seipsum
858 1169 1018 1208 nosse
1042 1151 1353 1206 conceditur
1381 1167 1394 1203 :
1427 1151 1505 1205 sic
1532 1151 1618 1220 qui
1647 1150 1883 1218 seipsum

302 1251 550 1322 despicit,
577 1265 635 1304 se
661 1247 811 1301 facile
836 1252 1140 1315 cognoscet.
1165 1243 1298 1298 Cum
1323 1257 1446 1297 vero
1469 1257 1589 1297 sese
1613 1241 1878 1308 didicerit,

1240 300 1307 356 IN
1344 301 1744 357 MATTIUEUM
1787 302 2012 357 llOMIL.
2055 301 2242 357 XXVI.
2285 302 2356 356 al.
2400 301 2611 358 XXV".

3462 302 3567 358 55-3

1987 416 2053 471 ad
2083 425 2302 472 exteras
2331 433 2518 474 omnes
2539 416 2748 472 virtutis
2774 424 2950 484 partes
2975 417 3247 484 procedet.
3291 415 3363 474 Ut
3410 419 3570 488 igitur

1987 508 2261 578 pulchram
2294 510 2432 564 hanc
2461 508 2737 565 scientiam
2763 508 3121 578 adipiscamur
3146 552 3159 571 ,
3189 511 3395 564 liberati
3424 526 3453 564 a
3486 525 3572 565 rc-

1987 598 2085 654 bus
2109 598 2263 654 ﬂuxis
2285 599 2552 667 omnibus,
2577 615 2696 670 qua:
2716 615 2960 669 magnam
2985 600 3036 653 in
3059 601 3214 655 nobis
3241 601 3571 656 succendunt

1989 687 2277 754 ﬂammam,
2300 699 2354 744 et
2382 691 2635 745 vilitatem
2668 700 2902 746 nostram
2932 701 3110 746 notam
3141 692 3420 756 habentes,
3454 709 3568 748 om-

1989 797 2109 836 nem
2135 783 2480 839 exbibeamus
2501 783 2854 840 humilitatem
2881 794 3040 854 atque
3066 785 3480 854 philosophiam,
3511 797 3572 841 ut

1990 882 2043 927 et
2075 875 2355 942 praesentia
2387 883 2441 929 et
2469 876 2642 930 futura
2675 875 2811 930 bona
2842 890 3265 945 consequamur,
3306 877 3476 946 gratia
3518 888 3574 931 et

1988 965 2352 1020 misericordia
2381 968 2588 1021 Domini
2613 968 2779 1022 nostri
2805 968 2934 1023 Jesu
2960 967 3155 1022 Christi
3181 1009 3195 1034 ,
3223 969 3436 1037 quicum
3468 968 3571 1022 Pa-

1991 1059 2054 1111 tri
2081 1059 2272 1127 gloria,
2306 1060 2608 1129 imperium,
2639 1060 2832 1125 honor,
2856 1075 2976 1114 cum
3004 1069 3212 1124 sancto,
3242 1060 3383 1115 bono
3411 1069 3466 1114 et
3489 1060 3573 1113 vi-

1991 1151 2145 1204 vilico
2171 1153 2390 1221 Spiritu,
2415 1168 2556 1208 nunc
2596 1163 2650 1209 et
2695 1169 2908 1223 semper
2950 1161 3003 1208 et
3043 1153 3097 1207 in
3131 1153 3322 1208 saecula
3350 1154 3574 1208 saeculo-

1990 1259 2129 1299 rum.
2158 1245 2348 1299 Amen.

1394 1478 1745 1540 HOMILIA
1787 1481 2022 1546 XXVI.
2069 1482 2151 1546 al.
2195 1479 2464 1544 XXVII.

303 1656 435 1713 CAP.
464 1651 517 1706 8.
542 1666 594 1703 v.
626 1648 678 1703 5.
731 1643 854 1699 Cum
897 1651 1060 1695 autem
1098 1641 1348 1707 ingressus
1382 1642 1506 1688 esset
1545 1631 1882 1700 Capernaum,

380 1744 586 1800 accessit
622 1739 689 1794 ad
728 1753 841 1791 eum
871 1732 1116 1796 centurio,
1145 1743 1331 1798 rogans
1358 1742 1491 1789 eum,
1516 1725 1569 1778 6.
1596 1732 1644 1775 et
1673 1723 1842 1775 dicens
1867 1737 1885 1775 :

377 1837 614 1899 Domine,
639 1845 762 1902 puer
789 1843 928 1882 meus
943 1827 1079 1896 jacet
1099 1823 1152 1876 in
1171 1823 1317 1874 domo
1335 1817 1664 1890 paratyticus,
1691 1824 1736 1870 et
1758 1815 1889 1868 male

381 1936 657 1998 torquetur.
771 1915 783 1926 ’

380 2021 432 2074 1.
464 1997 731 2085 Leprosus
758 2009 996 2080 quidem,
1029 2019 1148 2060 cum
1185 2000 1547 2057 descendisset
1576 1997 1643 2052 de
1672 2005 1884 2061 monte,

307 2110 534 2167 accessit
565 2127 576 2161 :
609 2105 697 2160 hic
738 2116 866 2156 vero
909 2097 1148 2154 centurio
1173 2136 1187 2161 ,
1229 2104 1506 2162 postquam
1552 2091 1800 2146 intrasset
1837 2087 1888 2138 in

308 2204 663 2274 Capernaum.
694 2196 800 2250 Cur
837 2205 964 2261 ergo
987 2231 1000 2254 ,
1034 2201 1206 2257 neque
1233 2185 1318 2238 hic
1344 2198 1517 2252 neque
1547 2181 1635 2234 ille
1664 2180 1717 2233 in
1739 2193 1894 2232 mon-

311 2305 418 2348 tem
458 2284 831 2344 acceSserunt?
877 2281 993 2335 Non
1037 2279 1106 2332 ob
1153 2275 1432 2346 segnitiem
1463 2289 1475 2325 :
1508 2284 1626 2324 nam
1668 2276 1893 2336 uterque

310 2383 418 2438 ﬁde
443 2379 660 2435 ardebat
681 2378 731 2440 ¹;
764 2373 856 2429 sed
879 2387 946 2426 nc
971 2371 1249 2423 docentem
1279 2362 1700 2432 interpellarent.
1723 2361 1894 2412 Acce-

308 2475 444 2530 deus
474 2480 653 2525 autem
678 2467 810 2521 dixit
836 2482 850 2518 :
880 2463 1017 2517 Puer
1047 2476 1188 2513 meus
1213 2460 1350 2527 jacet
1380 2457 1432 2508 in
1462 2457 1611 2508 domo
1638 2449 1891 2522 paralyti-

310 2584 425 2631 cus,
445 2575 490 2618 et
513 2563 644 2617 male
667 2567 940 2630 torquetur.
967 2553 1191 2621 Quidam
1217 2551 1400 2606 dicunt
1419 2563 1562 2613 eum,
1588 2555 1643 2600 ut
1670 2559 1789 2599 sese
1809 2557 1894 2597 ex-

309 2667 545 2722 cusaret,
590 2668 803 2710 causam
850 2649 1067 2713 dixisse,
1114 2661 1209 2701 cur
1247 2659 1368 2698 eum
1415 2657 1519 2696 non
1562 2638 1890 2694 adduxisset.

310 2749 429 2804 Non
453 2748 592 2803 enim
619 2751 846 2813 poterat,
875 2741 1136 2809 inquiunt,
1158 2734 1476 2804 paralyticos
1496 2730 1582 2800 qui
1613 2727 1896 2798 torqueba-

315 2853 432 2905 tur,
467 2848 517 2894 et
549 2845 843 2892 extremum
870 2833 979 2900 jam
1007 2829 1220 2885 efﬂabat
1245 2827 1467 2880 halitum
1503 2822 1718 2893 gestari.
1760 2819 1889 2873 Nam

314 2949 437 2990 eum
455 2933 564 3001 jam
597 2932 646 2984 in
674 2926 926 2984 extremis
957 2926 1118 2978 fuisse
1143 2929 1324 2975 narrat
1350 2920 1419 2972 ita
1449 2917 1616 2970 Lucas
1647 2932 1659 2966 :
1694 2913 1760 2966 Et
1787 2928 1894 2964 mo-

313 3029 508 3081 riturus
537 3034 643 3078 erat
669 3022 818 3092 (an.
849 3021 898 3072 7.
927 3016 1002 3088 2).
1036 3017 1146 3085 Ego
1168 3027 1294 3068 vero
1321 3011 1371 3065 id
1399 3017 1524 3079 puto
1548 3008 1756 3077 signum
1777 3017 1896 3092 esse

313 3132 522 3185 magum
552 3115 690 3168 illius
718 3113 862 3175 ﬁdei,
891 3117 944 3164 et
968 3107 1134 3162 multo
1161 3102 1399 3173 majoris,
1419 3114 1576 3169 quam
1599 3110 1783 3151 eorum
1806 3091 1897 3162 qui

316 3225 414 3280 per
441 3217 636 3263 tectum
663 3203 988 3258 demiserunt
1014 3198 1200 3268 (Marc.
1224 3194 1277 3247 2.
1304 3195 1380 3260 4).
1410 3189 1542 3256 Quia
1568 3187 1711 3243 enim
1733 3185 1897 3255 probe

314 3299 522 3357 sciebat
543 3297 659 3350 solo
683 3292 888 3347 Domini
912 3296 1176 3359 prmcepto
1193 3286 1456 3354 jacentem
1478 3293 1696 3349 surgere
1717 3289 1894 3346 posse,

317 3389 650 3463 superﬂuum
680 3385 895 3455 putabat
923 3395 1041 3436 esse
1067 3381 1242 3447 ipsum
1269 3376 1553 3430 adducere.
1581 3369 1716 3436 Quid
1743 3368 1899 3463 igitur

318 3461 514 3547 Jesus?
556 3479 708 3548 Quod
757 3491 1012 3545 nusquam
1045 3473 1272 3535 fecerat,
1304 3470 1389 3524 hic
1427 3466 1566 3521 fecit.
1599 3465 1728 3519 Cum
1754 3461 1898 3516 enim

323 3578 518 3646 ubique
545 3571 951 3643 supplicantium
977 3567 1302 3621 voluntatem
1331 3568 1661 3629 sequeretur,
1681 3555 1768 3608 hic
1785 3567 1901 3641 pro:

323 3669 462 3733 silit,
491 3681 588 3720 nec
623 3679 680 3718 se
709 3671 1018 3716 curaturum
1045 3665 1246 3711 tantum
1269 3695 1283 3718 ,
1318 3652 1413 3709 sed
1441 3651 1656 3706 domum
1689 3657 1900 3717 quoque

321 3773 602 3818 venturum
631 3759 924 3828 pollicetur.
959 3754 1010 3807 ld
1040 3768 1167 3806 vero
1191 3750 1332 3815 facit,
1357 3756 1416 3801 ut
1442 3741 1768 3800 centurionis
1793 3739 1898 3792 vir-

327 3864 495 3908 tutem
519 3852 804 3905 discamus.
828 3845 936 3900 Nisi
965 3844 1106 3898 enim
1130 3842 1232 3895 hoc
1257 3835 1604 3910 promisisset,
1627 3831 1722 3888 sed
1739 3829 1901 3885 dixis-

326 3954 426 4008 set,
464 3941 626 4003 Vadc,
656 3947 869 3992 sanetur
894 3951 1026 4005 puer
1057 3941 1177 3986 tuus
1209 3948 1222 3983 :
1251 3929 1380 3983 nihil
1403 3930 1588 3980 horum
1619 3934 1902 3991 cognosce.

326 4047 527 4089 remus.
563 4030 790 4097 ldipsum
826 4027 983 4078 etiam
1011 4037 1134 4090 erga
1165 4018 1492 4072 Pluenissam
1517 4012 1794 4067 mulierem
1821 4008 1900 4064 fe-

327 4125 419 4183 cit,
449 4120 549 4175 etsi
592 4116 857 4172 contrario
905 4114 1062 4167 modo
1110 4109 1316 4183 (Marc.
1359 4108 1409 4159 7.
1448 4105 1536 4160 26.
1589 4103 1757 4175 ειη).
1804 4100 1902 4155 Hic

327 4215 468 4269 enim
496 4227 591 4266 nec
617 4217 830 4263 vocatus
854 4206 903 4258 in
925 4203 1164 4266 domum,
1187 4213 1245 4254 se
1269 4211 1388 4254 esse
1413 4204 1689 4250 venturum
1715 4201 1902 4262 sponte

327 4305 473 4367 dicit,
500 4312 558 4357 ut
578 4302 749 4356 discas
770 4294 1095 4353 centurionis
1117 4291 1273 4346 ﬁdem
1299 4288 1622 4355 multamque
1647 4285 1904 4340 humilita-

331 4381 478 4452 tem:
509 4395 559 4449 in
589 4391 864 4447 Phoenissa
904 4402 1030 4441 vero
1070 4384 1267 4439 donum
1309 4381 1574 4450 denegat,
1629 4379 1904 4447 ipsamque

325 4493 759 4558 perseverantem
791 4482 844 4534 in
873 4478 1090 4533 dubium
1110 4473 1342 4543 conjicit.
1369 4470 1501 4524 Nam
1527 4483 1646 4522 cum
1669 4482 1826 4536 sagax
1852 4473 1905 4520 et

328 4578 530 4646 peritus
558 4574 626 4628 sit
652 4571 907 4633 medicus,
929 4566 1191 4624 contraria
1213 4563 1495 4619 contrariis
1521 4562 1715 4616 elicere
1736 4560 1902 4615 novit.

328 4668 401 4722 Et
427 4667 516 4720 hic
543 4663 755 4735 quidem
783 4676 875 4730 per
902 4668 1250 4729 spontaneum
1280 4657 1564 4711 adventum
1590 4697 1604 4720 ,
1637 4655 1746 4709 illic
1774 4668 1904 4708 vero

329 4774 427 4828 per
449 4756 752 4809 diuturnam
781 4751 1106 4809 dilationem.
1130 4756 1183 4802 et
1200 4749 1464 4816 repulsam
1489 4746 1644 4800 ﬁdem
1669 4744 1905 4798 mulieris

328 4849 523 4920 aperit.
549 4846 636 4900 Sic
657 4844 817 4899 etiam
837 4856 958 4910 erga
988 4839 1344 4893 Abrahamum
1369 4839 1488 4892 fecit
1519 4838 1703 4891 dicens
1737 4855 1749 4888 :
1785 4835 1905 4888 Non

328 4942 501 4996 celabo
523 4952 736 5009 puerum
757 4950 918 4987 meum
938 4932 1189 4986 Abraham
1218 4930 1366 5001 (Gen.
1393 4933 1478 4985 18.
1505 4932 1594 5000 17)
1617 4949 1628 4984 :
1656 4939 1711 4983 ut
1734 4930 1906 4983 discas

331 5033 475 5088 illius
499 5043 732 5082 amorem
754 5067 770 5092 ,
800 5033 855 5080 et
876 5033 1121 5094 quantam
1153 5023 1219 5076 de
1247 5023 1492 5076 Sodomis
1521 5021 1905 5091 providentiam

332 5128 562 5193 gereret.
595 5119 661 5172 Et
679 5117 769 5186 qui
791 5115 856 5169 ad
882 5114 1069 5168 Lutum
1093 5114 1236 5166 missi
1259 5122 1430 5179 erant,
1461 5113 1662 5182 ingredi
1692 5112 1907 5166 domum

335 5215 456 5284 ej‘ts
489 5213 696 5277 nolunt,
730 5215 786 5261 ut
808 5207 935 5276 justi
963 5204 1374 5272 hospitalitatem
1406 5203 1693 5258 ediscercs.

410 5302 725 5358 Centurionis
747 5299 892 5369 ﬁdes.
912 5327 982 5336 —
1002 5295 1138 5362 Quid
1162 5297 1319 5366 igitur
1333 5298 1405 5352 ait
1425 5298 1698 5351 centurio?
1723 5297 1776 5352 8.
1803 5294 1912 5349 Do-

336 5398 493 5460 mine,
517 5411 615 5448 non
641 5411 754 5448 sum
773 5393 976 5462 dignus,
1005 5398 1060 5442 ut
1085 5390 1239 5442 intres
1266 5389 1357 5441 sub
1382 5396 1560 5442 tectum
1589 5405 1772 5441 meum.
1803 5391 1911 5441 Au-

336 5487 547 5544 diamus
589 5490 848 5552 quotquot
890 5479 1135 5534 volumus
1193 5476 1463 5531 Christum
1523 5479 1802 5548 excipere,
1852 5485 1912 5531 ut

340 5591 484 5635 nunc
525 5575 680 5629 etiam
722 5587 1020 5642 possumus.
1075 5569 1365 5623 Audiamus
1404 5577 1456 5623 et
1503 5569 1802 5638 imitemur,
1849 5584 1910 5625 ac

413 5731 432 5763 ι
465 5729 677 5792 Quidam,
697 5727 916 5793 utrinque
939 5737 1070 5781 recta
1093 5728 1232 5793 littus.

1993 1647 2113 1687 cum
2142 1634 2253 1703 pari
2284 1633 2432 1689 illum
2456 1635 2633 1689 studio
2654 1633 2671 1667 ¹
2700 1636 3022 1706 excipiamus
3053 1655 3066 1690 :
3097 1653 3216 1692 cum
3255 1639 3396 1693 enim
3441 1656 3573 1710 pau-

1991 1739 2172 1796 perem
2190 1767 2204 1790 ,
2235 1727 2557 1782 esurientem
2579 1737 2631 1782 et
2660 1728 2859 1782 nudum
2888 1729 3090 1798 excipis
3110 1770 3124 1794 ,
3157 1729 3301 1784 illum
3330 1740 3383 1784 et
3412 1745 3574 1786 exce-

1994 1818 2119 1889 pisti
2145 1826 2199 1873 et
2227 1821 2424 1873 aluusti.
2454 1821 2561 1875 Sed
2586 1830 2778 1875 tantum
2800 1822 2882 1875 dic
2907 1823 3070 1885 verbo,
3095 1832 3142 1876 et
3167 1824 3428 1877 sanabitur
3453 1841 3576 1893 puer

1994 1926 2161 1965 meus.
2201 1911 2334 1966 Vide
2360 1913 2726 1967 centurionem
2758 1913 2976 1982 perinde
3001 1924 3159 1984 atque
3186 1915 3454 1983 leprosum
3479 1930 3575 1970 ve-

1994 2017 2106 2055 ram
2136 2001 2203 2057 de
2228 2004 2438 2058 Christo
2465 2005 2710 2059 habuisse
2732 2005 3056 2075 opinionem.
3089 2006 3216 2059 Nam
3240 2016 3294 2060 et
3315 2007 3426 2075 ipse
3448 2022 3579 2074 quo-

1996 2107 2100 2160 que
2144 2107 2253 2148 non
2294 2095 2448 2158 dixit,
2484 2089 2662 2164 Roga;
2703 2112 2808 2148 non
2838 2096 2990 2160 dixit,
3025 2096 3268 2160 Precare,
3305 2097 3575 2165 supplii-a;

1997 2181 2089 2236 sed
2112 2183 2306 2248 solum,
2333 2183 2558 2253 Impera.
2584 2184 2786 2239 Deinde
2815 2185 3030 2249 timens,
3055 2201 3122 2240 ne
3145 2201 3240 2254 per
3264 2185 3577 2239 modestiam

1996 2283 2265 2338 reuueret,
2296 2274 2428 2328 dixit
2458 2293 2470 2328 :
2499 2275 2552 2330 9.
2587 2275 2723 2328 Nam
2745 2287 2790 2328 et
2816 2293 2905 2346 ego
2928 2277 3076 2331 homo
3096 2294 3207 2330 sum
3228 2278 3316 2331 sub
3339 2286 3579 2348 potestate

1997 2365 2321 2431 constitutus,
2351 2365 2536 2419 habens
2556 2369 2645 2420 sub
2673 2384 2754 2420 me
2776 2368 2998 2433 milites;
3029 2378 3073 2421 et
3100 2368 3212 2421 dico
3241 2369 3374 2432 huic,
3415 2368 3574 2435 Vade,

1999 2465 2044 2507 et
2069 2455 2204 2509 vadit
2228 2471 2247 2508 :
2271 2465 2320 2508 et
2348 2458 2456 2522 alii,
2493 2458 2632 2523 Veni,
2661 2468 2709 2511 et
2737 2460 2867 2513 venit
2896 2479 2912 2512 :
2938 2470 2982 2513 et
3008 2476 3148 2514 servo
3173 2477 3302 2527 meo,
3330 2461 3438 2514 Fac
3458 2464 3573 2525 hoc,

2000 2556 2046 2601 et
2075 2547 2218 2616 facit.
2253 2547 2320 2602 Et
2348 2549 2473 2618 quid
2497 2550 2638 2614 inde,
2660 2552 2885 2622 inquies,
2907 2553 2951 2607 si
2974 2553 3212 2608 centurio
3237 2555 3315 2608 sic
3339 2555 3580 2623 suspica-

2003 2647 2087 2692 tus
2113 2638 2215 2691 sit?
2243 2638 2372 2693 Nam
2401 2639 2452 2693 id
2481 2641 2758 2709 quaeritur,
2791 2642 2834 2695 si
2869 2643 2968 2696 hoc
2995 2641 3237 2697 Christus
3265 2643 3577 2712 protulerit,

2002 2734 2056 2781 et
2079 2729 2488 2783 conlirmaverit.
2519 2731 2749 2786 Pulchre
2776 2741 2830 2786 et
2857 2732 3140 2787 admodum
3172 2734 3462 2802 prudenter
3495 2735 3579 2788 di-

2002 2818 2099 2872 cis.
2140 2819 2280 2888 Ergo
2310 2818 2411 2874 hoc
2439 2821 2610 2890 ipsum
2641 2823 2914 2877 videamus
2944 2842 2956 2876 :
2990 2838 3112 2878 nam
3143 2824 3470 2879 inveniemus
3498 2825 3580 2878 id-

2004 2913 2172 2980 ipsum
2201 2913 2341 2982 quod
2371 2914 2424 2968 in
2454 2916 2662 2985 leproso
2688 2915 2775 2970 hic
2811 2917 3006 2971 factum
3043 2931 3182 2972 esse.
3226 2919 3582 2986 Quemadmo-

2003 3004 2126 3059 dum
2155 3005 2294 3059 cnim
2321 3007 2564 3076 leprosus
2587 3051 2601 3072 ,
2634 3009 2695 3063 Si
2731 3009 2802 3062 vis
2822 3050 2836 3074 ,
2878 3009 3010 3064 dixit
3040 3011 3246 3081 (neque
3276 3026 3341 3066 ex
3371 3011 3582 3081 leproso
3616 3040 3624 3049 -

2004 3104 2206 3150 tantum
2246 3099 2590 3152 conﬁrmatur
2630 3099 2822 3153 Christi
2869 3093 3144 3169 potentia,
3185 3101 3280 3156 sed
3317 3102 3477 3157 etiam
3517 3119 3583 3159 ex

2003 3184 2199 3240 Christi
2230 3203 2358 3242 voce
2393 3207 2406 3242 :
2438 3205 2540 3242 non
2585 3189 2743 3244 modo
2784 3191 2924 3244 enim
2965 3192 3080 3260 ejus
3122 3191 3426 3260 opinionem
3476 3207 3580 3248 non

2005 3277 2279 3343 refutavit,
2305 3280 2396 3334 sed
2429 3281 2587 3334 etiam
2616 3281 2970 3348 conﬁrmavit,
2999 3298 3119 3336 cum
3152 3282 3203 3336 id
3233 3283 3374 3352 quod
3397 3301 3584 3353 super-

2005 3371 2170 3425 ﬂuum
2194 3372 2468 3425 videbatur
2488 3387 2606 3426 esse
2629 3372 2841 3443 adjecit,
2869 3382 2923 3427 et
2951 3374 3107 3440 dixit,
3142 3373 3286 3441 Volo,
3315 3376 3581 3442 mundare,

2007 3472 2061 3517 ιιι
2089 3465 2203 3534 ejus
2230 3465 2547 3518 sententiam
2578 3465 2854 3536 ﬁrmaret)
2890 3488 2902 3521 :
2931 3467 3010 3521 sic
3036 3475 3089 3521 et
3119 3467 3219 3522 hoc
3246 3468 3364 3522 loco
3395 3469 3584 3538 explo-

2005 3554 2229 3608 randum
2255 3565 2337 3608 est
2359 3597 2374 3621 ,
2406 3571 2532 3609 num
2561 3555 2685 3625 quid
2712 3557 2884 3612 simile
2914 3559 3106 3612 factum
3133 3559 3200 3612 sit
3232 3574 3247 3614 :
3281 3574 3402 3612 nam
3432 3559 3585 3614 inve-

2009 3645 2217 3701 niemus
2246 3646 2474 3716 idipsum
2503 3647 2588 3701 hic
2611 3648 2885 3705 accidisse.
2913 3649 3045 3704 Cum
3069 3651 3210 3705 enim
3240 3652 3479 3706 centurio
3503 3659 3583 3705 ta-

2006 3739 2074 3793 lia
2101 3740 2340 3807 dixisset,
2370 3751 2425 3796 et
2449 3751 2608 3796 tantm
2639 3745 2883 3812 potestati
2918 3745 3276 3799 testimonium
3303 3744 3538 3799 dedisset
3563 3786 3578 3810 ,

2007 3847 2112 3888 non
2141 3834 2303 3888 modo
2334 3850 2438 3889 non
2469 3833 2845 3903 reprehendit,
2884 3835 2978 3890 sed
3015 3845 3066 3890 et
3095 3836 3441 3905 approbavit,
3475 3835 3586 3890 imo

2007 3927 2234 3996 amplius
2264 3926 2531 3994 quidpiam
2563 3926 2702 3980 fecit.
2734 3925 2919 3995 Neque
2954 3926 3124 3978 solum
3157 3927 3290 3979 dixit
3315 3927 3584 3994 evangeli-

2008 4025 2109 4079 sta,
2140 4017 2410 4071 Christum
2443 4018 2558 4084 ejus
2581 4016 2721 4070 dicta
2752 4016 3028 4080 laudasse;
3056 4016 3150 4070 sed
3179 4025 3233 4070 et
3258 4017 3427 4070 laudis
3455 4017 3586 4070 sub-

2008 4108 2286 4162 limitatem
2317 4107 2556 4161 indicans
2580 4106 2732 4171 dixit,
2755 4121 2875 4161 eum
2902 4106 3217 4160 admiratum
3249 4120 3388 4170 esse,
3415 4119 3589 4177 neque

2011 4211 2212 4256 tantum
2235 4199 2552 4255 admiratum
2582 4215 2721 4267 esse,
2742 4199 2834 4254 sed
2856 4200 3014 4255 etiam
3038 4199 3180 4253 omni
3205 4207 3469 4268 prmsente
3495 4215 3591 4268 po-

2010 4294 2155 4363 pulo,
2186 4293 2306 4347 aliis
2333 4293 2633 4362 exemplum
2667 4291 2877 4345 dedisse
2903 4332 2916 4352 ,
2952 4300 3007 4344 ut
3041 4290 3191 4344 illum
3231 4291 3586 4344 imitarentur.

2012 4385 2198 4439 Viden’
2233 4382 2505 4453 quomodo
2530 4382 2720 4452 singuli
2747 4381 2839 4451 qui
2877 4379 3297 4434 testiﬁcabantur
3324 4381 3421 4450 ipsi
3449 4422 3463 4444 ,
3496 4395 3592 4450 po-

2012 4478 2229 4532 tentiam
2276 4476 2441 4545 ipsius
2486 4473 2847 4528 mirabantur?
2891 4473 2956 4527 Et
2996 4473 3278 4542 stupebant
3317 4472 3484 4527 turba:
3523 4473 3591 4528 de

2011 4567 2251 4620 doctrina
2286 4565 2422 4633 ejus,
2463 4566 2584 4635 quia
2627 4575 2893 4636 tamquam
2923 4574 3236 4634 potestatem
3264 4565 3466 4620 habens
3494 4565 3592 4619 do-

2011 4658 2196 4723 cebat;
2230 4673 2328 4712 nec
2347 4659 2518 4712 solum
2547 4673 2650 4712 non
2681 4658 3044 4728 reprehendit,
3070 4658 3161 4712 sed
3185 4659 3343 4712 etiam
3365 4673 3485 4711 cum
3513 4659 3592 4713 eis

2015 4749 2083 4804 de
2113 4758 2295 4805 monte
2323 4750 2619 4815 descendit,
2647 4764 2708 4804 ac
2740 4751 2951 4818 leproso
2981 4749 3250 4811 mundato,
3286 4749 3498 4807 illorum
3523 4749 3593 4806 de

2014 4858 2072 4897 se
2100 4841 2403 4910 opinionem
2434 4840 2678 4893 ﬁrmavit.
2710 4839 2922 4892 Dicebat
2963 4839 3052 4892 ille
3072 4879 3085 4900 ,
3118 4838 3179 4892 Si
3217 4838 3318 4905 vis,
3350 4849 3490 4908 potes
3515 4858 3596 4895 me

2014 4933 2296 4996 mundare;
2341 4948 2438 4986 nec
2466 4931 2623 4984 modo
2652 4931 2796 4982 illum
2825 4945 2930 4983 non
2959 4931 3284 4998 increpavit,
3313 4931 3404 4985 sed
3431 4929 3596 4986 etiam

2017 5036 2073 5078 ut
2104 5027 2215 5094 ipse
2240 5026 2462 5086 dixerat,
2497 5022 2574 5075 sic
2600 5021 2687 5074 ille
2714 5021 2935 5074 euravit.
2967 5021 3196 5075 Rursum
3224 5021 3310 5076 hic
3337 5033 3591 5077 centena-

2016 5118 2126 5171 rius
2155 5115 2365 5171 dicebat
2389 5132 2400 5166 :
2426 5112 2520 5165 llic
2543 5111 2685 5165 verbo
2708 5119 2978 5177 tantum,et
2999 5111 3255 5166 sanabitur
3275 5131 3400 5182 puer
3419 5130 3556 5166 meus
3577 5129 3594 5166 :

2018 5217 2069 5262 ct
2098 5207 2365 5260 admirans
2393 5204 2564 5272 ipsum
2586 5201 2795 5257 dicebat
2826 5219 2838 5254 :
2871 5202 2954 5256 10.
2987 5201 3106 5256 Νοη
3136 5203 3298 5258 inveni
3319 5213 3508 5256 tantam
3534 5203 3597 5269 fi-
3667 5201 3670 5205 ’

2019 5301 2131 5356 dem
2160 5300 2213 5352 in
2242 5296 2426 5352 Israel.

2089 5392 2143 5445 2.
2176 5391 2246 5445 Ut
2267 5400 2438 5443 autem
2465 5387 2733 5442 contrario
2760 5387 3003 5456 exemplo
3031 5384 3154 5439 illud
3180 5384 3386 5439 ediscas
3418 5400 3429 5435 :
3457 5397 3592 5450 quo-

2019 5484 2161 5538 niam
2203 5480 2402 5534 Martha
2448 5478 2578 5533 nihil
2620 5478 2806 5531 horum
2841 5477 3066 5537 dixerat,
3116 5474 3208 5528 sed
3247 5470 3596 5535 contrarium,

2025 5570 2387 5641 Quodcumque
2429 5569 2713 5639 poposceris
2752 5584 2783 5620 a
2827 5565 2952 5629 Deo,
2993 5564 3127 5616 dabit
3165 5562 3251 5615 tibi
3286 5559 3462 5632 (Joan.
3507 5561 3598 5616 ιι.

2088 5729 2104 5761 ⁸
2139 5725 2332 5789 Quidam
2354 5724 2554 5785 habent,
2578 5721 2695 5786 (ide,
2719 5732 2822 5785 pro,
2847 5715 3021 5768 studio.
