4080 6138
502 305 611 365 335

501 419 632 488 23):
664 430 771 473 non
800 411 959 471 modo
986 427 1091 468 non
1120 410 1329 467 laudata
1354 419 1458 478 est,
1485 409 1692 466 etiam]
1720 418 1844 464 nota
1869 409 2084 464 Christo

503 509 739 566 essetab
759 521 930 579 eoque
963 507 1290 576 diligeretur,
1329 512 1382 559 et
1417 503 1526 573 ipsa
1557 502 1843 558 admodum
1887 501 2087 558 coleret

503 617 661 663 eum;
693 601 786 657 sed
813 600 974 656 etiam
1001 599 1072 654 ab
1115 599 1230 669 ipso
1273 595 1554 652 emendata
1596 595 1696 650 fuit
1720 604 1777 650 ut
1816 607 1935 665 quae
1979 607 2086 649 nou

506 694 642 748 bene
672 691 915 747 dixisset.
942 688 1074 744 Nam
1100 686 1312 743 dicebat
1340 685 1415 741 illi
1445 701 1459 736 ε
1489 684 1676 740 Nonne
1702 684 1923 738 dicebam
1951 683 2038 736 tibi
2066 695 2087 738 :

505 783 567 838 Si
593 779 886 846 credideris,
919 779 1102 833 videbis
1133 777 1347 848 gloriam
1383 773 1477 829 Dei
1509 775 1687 846 (Joan.
1713 776 1799 830 ll.
1833 774 1967 844 ‘0)?
2009 774 2088 828 sic

504 874 650 928 illam
701 871 1099 942 reprehendens
1141 868 1284 940 quod
1335 868 1570 922 nondum
1615 866 1950 923 credidisset.
2007 866 2086 920 Ae

506 979 715 1019 rursum
740 964 859 1033 quia
891 961 1098 1018 dicebat
1130 979 1145 1017 :
1176 961 1513 1030 (laterumque
1542 960 1740 1029 petieris
1768 976 1801 1012 a
1832 958 1956 1024 Deo,
1987 958 2084 1012 da-

501 1057 574 1111 bit
603 1059 690 1111 tibi
719 1056 857 1111 Deus
888 1072 905 1109 :
931 1056 1073 1110 illam
1102 1066 1133 1110 a
1164 1055 1252 1109 tali
1283 1055 1534 1124 opinione
1562 1055 1829 1110 abducens
1855 1053 2085 1108 docens‘

503 1163 626 1216 que,
657 1147 754 1201 sibi
784 1160 888 1201 non
915 1160 1048 1215 opus
1074 1159 1194 1202 esse
1222 1155 1279 1200 ut
1305 1147 1372 1201 ab
1397 1147 1502 1200 alio
1527 1145 1813 1216 acciperet,
1843 1143 1936 1199 sed
1968 1155 2086 1201 esse

504 1254 563 1292 se
595 1240 851 1292 bonorum
897 1237 1118 1302 fontem,
1169 1237 1344 1290 dixit:
1377 1235 1484 1306 Ego
1533 1252 1646 1290 sum
1697 1237 1992 1290 resurrectio
2039 1244 2086 1289 et

502 1330 604 1382 vita
637 1328 794 1400 (ibid.
823 1345 869 1382 u.
904 1327 1020 1398 23).
1062 1327 1114 1382 Id
1143 1337 1244 1393 cst,
1281 1327 1396 1380 Non
1443 1326 1510 1381 ab
1552 1328 1657 1381 alio
1685 1327 1938 1396 operandi
1976 1326 2084 1381 vim

502 1428 781 1487 exspecto,
810 1419 902 1473 sed
934 1434 999 1473 ex
1029 1418 1233 1486 meipso
1257 1418 1434 1472 omnia
1463 1418 1618 1471 facio.
1648 1417 1930 1486 Propterea
1959 1432 2087 1472 cen-

503 1509 771 1563 turionem
817 1508 1060 1573 miratur,
1094 1508 1292 1577 totique
1342 1509 1536 1576 populo
1575 1509 1744 1578 ipsum
1786 1509 2082 1578 anteponit,

504 1602 648 1670 regni
678 1600 881 1654 honore
903 1599 1085 1663 donat,
1112 1600 1351 1670 aliosque
1373 1599 1439 1654 ad
1467 1615 1589 1656 eum
1622 1600 1936 1655 imitandum
1958 1616 2085 1669 pro-

504 1701 675 1746 vocat.
704 1689 773 1747 Ut
791 1705 920 1744 vero
943 1687 1120 1746 discas
1149 1692 1323 1761 ipsum
1351 1691 1471 1746 ideo
1495 1691 1610 1746 haec
1641 1691 1862 1758 dixisse,
1899 1702 1956 1746 ut
1981 1707 2087 1746 ca:-

505 1795 649 1838 teros
673 1782 741 1837 ad
764 1781 922 1836 ﬁdem
949 1782 1174 1836 similem
1220 1783 1539 1847 institueret,
1580 1781 1701 1836 audi
1747 1782 2086 1852 evangelista:

502 1875 850 1946 diligentiam,
894 1874 1160 1944 quomodo
1200 1890 1392 1946 nempe
1441 1875 1666 1944 idipsum
1712 1874 2085 1930 subindicave-

502 1967 614 2020 rit:
646 1982 767 2020 nam
798 1967 893 2033 ait,
935 1967 1214 2021 Conversus
1249 1965 1423 2031 Jesus,
1469 1967 1784 2037 sequentibus
1821 1984 1874 2020 te
1910 1967 2086 2021 dixit:

500 2059 629 2118 Non
649 2063 813 2118 inveni
858 2071 1050 2116 laruam
1097 2063 1250 2131 fidem
1293 2063 1346 2116 in
1385 2061 1566 2116 Israel.
1607 2062 1747 2132 Ergo
1788 2077 1976 2133 magna
2016 2061 2085 2118 de

512 2149 606 2206 illo
617 2153 955 2223 existimare,
978 2155 1031 2211 id
1052 2156 1291 2212 maxime
1310 2156 1432 2213 ﬁdei
1447 2165 1552 2224 est,
1567 2171 1903 2229 regnumque
1927 2157 2088 2212 caelo-

499 2262 619 2301 rum
671 2255 730 2301 et
751 2247 853 2301 alia
903 2246 1043 2301 bona
1089 2246 1357 2300 conciliat.
1402 2244 1582 2315 Neque
1611 2245 1758 2299 enim
1801 2245 2082 2299 verborum

501 2349 656 2393 tenus
692 2339 864 2408 ipsum
893 2337 1142 2403 laudavit,
1173 2337 1268 2392 sed
1307 2347 1520 2405 propter
1546 2335 1702 2390 ﬁdem
1729 2336 1848 2405 ejus
1881 2351 2081 2405 aegrum

501 2430 602 2499 ipsi
632 2444 820 2483 sanum
848 2428 1100 2493 restituit,
1134 2426 1573 2495 splendidamque
1609 2426 1705 2496 ipsi
1740 2427 1903 2480 nectit
1927 2441 2083 2480 coro-

499 2539 646 2588 natn,
673 2539 738 2576 ac
759 2538 944 2591 magna
973 2520 1234 2589 promittit
1255 2518 1392 2573 dona
1425 2518 1508 2572 his
1542 2519 1758 2572 verbis:
1792 2519 1878 2572 11.
1929 2518 2082 2572 Multi

511 2614 576 2666 ab
603 2614 800 2666 oriente
838 2623 886 2666 et
927 2614 1192 2666 occidente
1225 2614 1448 2678 uenient,
1481 2624 1531 2669 et
1562 2617 1933 2669 reeuntbentin
1966 2619 2084 2668 sinu

508 2707 780 2762 Abraham
793 2707 808 2736 ¹
823 2715 870 2760 et
886 2705 1044 2760 Isaac
1056 2715 1106 2760 et
1118 2705 1307 2761 Iacob:
1326 2707 1392 2760 12
1403 2706 1504 2776 ﬁlii
1517 2717 1692 2761 mitem
1712 2708 1857 2778 regni
1869 2708 2084 2776 ejicien-

496 2808 577 2853 1111·
604 2799 760 2868 farao.
794 2799 931 2867 Quia
955 2799 1095 2853 enim
1127 2798 1289 2852 multa
1319 2797 1628 2852 exhibuerat
1659 2797 1930 2863 miracula,
1958 2812 2078 2850 cum

498 2892 686 2960 majori
714 2893 965 2960 deinceps
993 2889 1186 2945 ﬁducia
1227 2900 1282 2946 et
1321 2890 1568 2944 libertate
1606 2891 1747 2959 ipsos
1771 2890 2074 2960 alloquitur.

497 2983 715 3047 Deinde,
750 2999 817 3038 ne
845 2984 964 3052 quis
995 2993 1200 3052 putaret
1226 2998 1287 3037 se
1319 2997 1385 3037 ex
1414 2982 1718 3037 adulatione
1744 2983 1828 3036 illa
1855 2983 2072 3048 dixisse,

494 3083 656 3142 utque
681 3087 866 3128 munies
895 3074 1178 3141 discerent,
1206 3074 1298 3127 illo
1322 3089 1445 3128 vere
1482 3074 1660 3128 animo
1705 3074 1864 3128 fuisse
1893 3083 2078 3129 centu.

492 3165 718 3228 riouem,
751 3166 824 3218 ait
852 3181 864 3215 :
892 3167 976 3219 13.
1022 3165 1190 3229 Vade;
1219 3173 1273 3218 ut
1299 3164 1574 3230 credidisti,
1607 3166 1698 3234 ﬁat
1726 3165 1830 3218 tibi.
1859 3165 2078 3220 Statim-

491 3272 595 3325 que
626 3256 798 3326 ipsum
819 3269 955 3325 opus
980 3269 1264 3326 sequutum
1291 3265 1391 3322 est,
1420 3255 1560 3326 quod
1598 3256 1738 3311 illius
1763 3257 1994 3309 animum
2020 3264 2076 3310 et

491 3348 820 3402 voluntatem
847 3349 1238 3403 testificaretur.
1285 3347 1349 3401 Et
1377 3359 1586 3402 senatus
1615 3359 1687 3402 est
1713 3365 1838 3417 puer
1875 3349 1984 3418 ejus
2011 3348 2073 3400 ab

489 3438 615 3492 hara
641 3439 756 3493 illa.
781 3439 936 3506 Quod
953 3440 1114 3494 etiam
1142 3441 1193 3493 in
1219 3441 1625 3511 Fyrophmni-ssa
1654 3440 1868 3509 contigit
1909 3459 1921 3494 :
1951 3455 2070 3493 nam

487 3531 620 3585 dixit
647 3531 722 3585 illi
748 3548 762 3587 :
794 3530 841 3584 0
866 3532 1066 3594 mulier,
1098 3549 1281 3602 magna
1307 3541 1378 3584 est
1406 3532 1530 3600 ﬁdes
1559 3542 1646 3584 tua
1671 3548 1688 3594 ;
1717 3532 1806 3600 ﬁat
1831 3531 1915 3584 tibi
1943 3531 2073 3587 sicut

488 3624 582 3675 uis.
611 3621 676 3674 Et
703 3631 881 3675 sanata
904 3632 979 3675 est
1009 3623 1117 3689 ﬁlia
1143 3639 1258 3691 ejus
1283 3622 1493 3690 (Matth.
1525 3623 1610 3677 15.
1643 3622 1754 3692 98).
1785 3622 1916 3689 Quia
1942 3637 2071 3677 vero

478 3700 657 3768 Lucas
699 3713 849 3782 (Cap.
900 3715 955 3782 7)
998 3713 1098 3769 hoc
1137 3714 1447 3768 miraculum
1495 3729 1733 3778 narrans,
1777 3715 1877 3769 alia
1907 3715 2069 3772 multa

489 3803 694 3866 inserit,
723 3819 841 3873 qua:
884 3805 1128 3859 videntur
1169 3806 1402 3874 aliquam
1437 3805 1629 3860 oll‘erre
1667 3805 2020 3861 diﬁ'erentiam
2049 3825 2064 3872 ;

487 3894 600 3948 hzec
641 3898 955 3950 excutienda
987 3909 1040 3952 et
1082 3897 1336 3952 solvenda
1383 3898 1536 3954 nobis
1577 3908 1716 3965 sunt.
1759 3899 1894 3967 Quid
1937 3916 2066 3970 ergo

484 3984 614 4039 dicit
643 3985 850 4040 Lucas?
877 3988 1050 4056 Ipsum
1090 3989 1299 4043 misisse
1332 3988 1573 4044 seniores
1605 3989 1929 4053 Judaeorum,
1974 4007 2066 4044 ro-

481 4087 670 4147 gantes
711 4089 768 4132 ut
817 4080 1040 4134 veniret.
1096 4080 1375 4135 Matthaaus
1421 4096 1550 4136 vero
1600 4083 1674 4136 ait
1721 4081 2064 4136 accedentem

482 4168 656 4237 ipsum
688 4169 902 4236 dixisse,
948 4170 1069 4224 Non
1093 4189 1210 4226 eum
1229 4173 1434 4243 dignus.
1465 4172 1689 4239 Quidam
1717 4188 1846 4228 vero
1885 4173 2068 4228 dicunt

479 4274 591 4313 non
617 4273 737 4313 esse
761 4259 1008 4314 eumdem
1037 4261 1230 4329 ipsum,
1257 4263 1354 4317 etsi
1382 4262 1550 4317 multa
1575 4263 1684 4318 sint
1719 4262 1966 4334 utrinque
1992 4263 2066 4318 si-

476 4350 647 4404 11111111.
694 4350 770 4405 De
814 4351 907 4404 illo
950 4368 1176 4422 namque
1205 4353 1334 4408 dicit
1367 4373 1378 4408 :
1414 4354 1741 4427 Synagogam
1767 4357 1911 4412 nobis
1935 4358 2064 4412 trdi-

475 4441 670 4509 ﬁcavit,
715 4451 763 4494 et
792 4452 986 4512 gentem
1032 4444 1195 4514 diligit
1224 4442 1372 4513 (Luc.
1419 4446 1471 4499 7.
1513 4447 1606 4516 5);
1640 4448 1706 4503 de
1745 4447 1847 4503 hoc
1885 4458 2064 4504 autem

474 4531 612 4586 dicit
631 4531 790 4587 Jesus
820 4551 834 4585 :
868 4531 1044 4602 Neque
1073 4534 1129 4586 111-
1163 4534 1330 4589 Israel
1365 4543 1557 4590 tantam
1595 4538 1747 4605 [idem
1776 4539 1958 4592 inveni.
1989 4539 2066 4594 Dc

475 4621 573 4676 illo
603 4635 780 4677 autem
810 4640 913 4678 non
945 4623 1098 4692 dixit,
1127 4624 1280 4680 Multi
1314 4626 1506 4680 venient
1535 4628 1596 4680 ab
1635 4628 1822 4682 oriente
1853 4631 1895 4694 ³,
1925 4629 2066 4685 unde

477 4714 767 4770 verisimile
789 4716 858 4769 sit
891 4716 1062 4786 ipsum
1098 4716 1339 4772 Judaeum
1375 4717 1557 4773 fuisse.
1590 4717 1728 4785 Quid
1770 4734 1897 4789 ergo
1922 4719 2066 4776 dice-

475 4809 639 4860 mus?
667 4808 754 4862 Sic
790 4807 999 4864 facilem
1027 4824 1148 4864 esse
1175 4810 1496 4864 solutionem
1531 4828 1542 4863 :
1573 4811 1830 4880 quaeritur
1862 4819 2060 4878 autem,

477 4905 657 4949 utrum
697 4899 767 4952 sit
809 4915 955 4954 vera.
1001 4900 1126 4954 Mihi
1169 4909 1314 4956 certe
1353 4899 1563 4955 videtur
1598 4900 1843 4956 eumdem
1892 4903 2062 4971 ipsum

479 5002 621 5043 esse.
674 4989 952 5054 Quomodo
1001 5007 1149 5062 ergo,
1198 4994 1432 5064 inquies,
1482 4992 1760 5049 Matthreus
1798 4994 2062 5050 dicentem

478 5079 633 5134 illum
661 5081 920 5149 perhibet,
957 5083 1075 5138 Non
1112 5101 1222 5138 sunt
1265 5086 1447 5157 dignus
1485 5099 1540 5140 ut
1580 5088 1734 5142 intres
1760 5087 1849 5140 sub
1881 5098 2064 5141 tectum

483 5190 645 5227 meum
676 5190 693 5227 :
720 5175 889 5228 Lucas
914 5191 1042 5230 vero
1069 5178 1161 5240 ait,
1205 5179 1420 5234 misisse
1443 5192 1683 5233 vocatum
1728 5190 1780 5234 ut
1821 5181 2064 5234 veniret?

485 5267 705 5323 Videtur
747 5268 875 5323 mihi
905 5267 1076 5323 Lucas
1109 5269 1464 5325 adulationem
1509 5271 1783 5327 Judaicam
1828 5272 2065 5327 subindi-

474 5376 623 5424 care,
656 5359 1006 5432 hominesque
1044 5361 1095 5415 in
1145 5361 1444 5416 calamitate
1473 5373 1747 5417 versantes
1791 5363 2063 5418 instabiles

484 5455 1516 5527 esse,subindequeconsiliumrmutare.
1542 5455 1840 5512 Verisimile
1865 5459 2064 5527 quippe

529 5623 559 5689 _'
601 5621 704 5682 Alii,
730 5623 1016 5689 recumbent
1065 5631 1197 5689 cum_
1232 5620 1488 5689 Abraham.
1524 5619 1668 5689 Paulo
1685 5628 1795 5684 post
1810 5620 1977 5681 iidem,
2003 5617 2059 5681 fit

486 5681 536 5731 lii
550 5680 719 5747 nutent
744 5686 883 5747 reqm'
904 5684 1232 5747 eiicientttrgt'n
1250 5685 1468 5747 tenebras
1495 5680 1778 5747 exteriores.

545 5745 566 5773 ⁸
597 5750 704 5794 Mss.
727 5741 938 5808 plurimi,
963 5746 1101 5798 multi
1120 5745 1182 5798 ab
1196 5745 1380 5799 oriente
1401 5751 1448 5796 α
1468 5743 1715 5800 occidente
1732 5741 1936 5796 venient.

1229 295 1284 352 S.
1325 289 1602 351 JO.\NN§S
1637 289 2107 349 CIIRYSOSTOMI
2148 287 2464 345 ARCIIIEP.
2503 288 3036 348 CONSTANTINOP.

3671 288 3778 345 ωδ

2195 414 2278 460 est
2311 407 2673 462 centurionem
2707 417 2828 462 cum
2858 406 3006 460 abire
3049 405 3205 461 vellet
3238 404 3511 460 detentum
3553 404 3719 462 fuisse
3749 421 3778 462 ι

2191 496 2388 552 1111111ξί11
2432 497 2771 552 adulantibus
2817 495 3220 567 dicentibusque
3261 513 3275 548 :
3321 495 3428 550 Nos
3481 495 3674 549 ihinms
3725 505 3778 550 et

2191 587 2516 643 adducemus
2544 602 2687 642 eum.
2719 587 2853 642 Vide
2895 588 3072 658 itaque
3099 584 3526 642 adhortationem
3561 587 3778 642 illorum

2191 678 2492 734 adulatione
2511 683 2741 749 plenam.
2774 677 2953 748 Diligit
2983 680 3135 745 enim,
3169 679 3431 750 inquiunt,
3460 688 3654 750 gentem
3681 690 3778 732 no-

2189 779 2366 833 stram,
2396 780 2442 824 et
2481 786 2789 843 synagogam
2825 771 2971 825 nobis
3021 771 3316 825 construxit.
3368 768 3550 838 Neque
3600 769 3776 824 sciunt

2192 862 2332 917 unde
2357 865 2528 919 virum
2574 867 2789 923 laudare
2828 879 2924 938 par
2969 866 3058 922 sit.
3110 864 3240 919 Nam
3285 879 3407 919 cum
3453 863 3776 934 oportuisset

2191 953 2390 1022 dicere,
2427 957 2602 1012 Voluit
2628 959 2742 1028 ipse
2781 961 2860 1014 ire
2903 967 3163 1028 rogatum,
3201 970 3298 1011 nos
3343 963 3518 1008 autem
3547 953 3780 1008 retinui-

2191 1061 2332 1112 mus,
2355 1050 2712 1106 calamitatem
2742 1051 3146 1107 considerantes
3175 1058 3230 1104 et
3256 1063 3452 1118 corpus
3474 1047 3601 1101 illud
3629 1046 3775 1101 domi

2187 1142 2366 1210 jacere
2402 1142 2679 1208 videntes;
2712 1153 2869 1214 atque
2909 1143 2986 1198 sic
3025 1142 3141 1211 ejus
3189 1140 3313 1196 ﬁdei
3355 1137 3775 1210 magnitudinem

2190 1247 2458 1302 exponere
2491 1251 2505 1288 :
2536 1235 2608 1288 illi
2653 1235 2834 1304 utique
2872 1233 2972 1289 hoc
3017 1249 3120 1288 non
3158 1233 3369 1298 dicunt;
3421 1245 3595 1300 neque
3630 1231 3776 1284 enim

2193 1326 2459 1391 volebant,
2492 1327 2685 1382 invidia
2724 1343 2916 1398 nempe
2953 1328 3102 1392 moti,
3135 1326 3234 1380 viri
3275 1325 3431 1380 ﬁdem
3454 1323 3729 1378 declarare
3762 1341 3774 1377 :

2190 1417 2284 1474 sed
2315 1419 2618 1474 maluerunt
2643 1419 2758 1488 ejus
2795 1419 3042 1474 virtutem
3078 1418 3349 1488 obtegere,
3377 1430 3475 1485 pro
3505 1430 3610 1484 quo
3647 1429 3776 1481 sup-

2194 1510 2356 1579 plices
2380 1509 2724 1577 accedebant,
2761 1526 2828 1566 ne
2871 1511 3143 1565 videretur
3183 1523 3407 1579 magnus
3444 1522 3562 1562 esse
3606 1507 3650 1560 is
3685 1506 3775 1574 qui

2191 1611 2420 1667 rogaret,
2465 1619 2565 1656 neu
2612 1603 2766 1658 ﬁdem
2805 1603 2923 1672 ejus
2967 1602 3341 1672 praedicantes,
3381 1601 3459 1655 sic
3499 1614 3633 1662 rem,
3679 1612 3777 1666 pro

2190 1707 2292 1761 qua
2322 1700 2601 1756 venerant,
2629 1692 2965 1762 perlicerent.
2992 1692 3148 1746 Livor
3176 1691 3317 1746 enim
3341 1701 3572 1745 mentem
3604 1703 3776 1742 exem-

2189 1797 2312 1838 care
2336 1783 2492 1839 solet.
2525 1783 2629 1839 Sed
2659 1784 2750 1854 qui
2793 1792 2998 1838 secreta
3045 1785 3212 1848 novit,
3257 1781 3437 1836 invitis
3474 1773 3576 1834 illis
3601 1779 3775 1834 virum

2189 1874 2493 1929 celebravit.
2523 1875 2675 1942 Quod
2703 1885 2880 1928 autem
2909 1873 3037 1930 illud
3074 1889 3258 1928 verum
3291 1873 3380 1938 sit,
3413 1869 3536 1926 audi
3577 1870 3776 1924 Lucam

2190 1967 2362 2036 ipsum
2413 1967 2759 2036 interpretem
2803 1968 2894 2038 qui
2945 1968 3022 2022 sic
3082 1966 3197 2021 ait:
3227 1966 3316 2020 illo
3349 1979 3456 2019 non
3491 1965 3646 2034 longe
3689 1964 3776 2016 di-

2189 2067 2385 2119 stante,
2418 2058 2628 2114 misisse
2657 2057 2724 2113 ad
2752 2058 2896 2112 illum
2939 2057 3027 2128 qui
3054 2057 3295 2112 dicerent
3337 2075 3350 2110 :
3394 2054 3630 2119 Domine,
3664 2055 3773 2107 noti

2189 2151 2358 2204 vexari
2379 2166 2398 2203 :
2425 2167 2528 2204 non
2579 2151 2712 2204 enim
2763 2167 2874 2204 sum
2927 2151 3108 2221 dignus
3150 2159 3204 2203 ut
3255 2149 3346 2204 sub
3385 2158 3565 2203 tectum
3607 2164 3774 2200 meum

2190 2241 2344 2294 intres
2388 2241 2407 2312 (
2430 2240 2556 2294 Luc.
2605 2243 2656 2296 7.
2691 2242 2787 2311 6).
2833 2241 2966 2296 Cum
3006 2243 3147 2296 enim
3185 2255 3213 2294 a
3256 2239 3561 2296 Judtcorum
3601 2239 3774 2293 mole-

2189 2331 2287 2384 stia
2314 2332 2449 2386 liber
2476 2330 2592 2397 fuit,
2627 2341 2750 2386 tunc
2774 2332 2917 2386 misit
2944 2332 3032 2401 qui
3071 2331 3315 2387 dicerent
3345 2349 3358 2384 :
3383 2330 3459 2384 Nc
3493 2340 3646 2400 putes
3687 2345 3774 2384 me

2186 2437 2252 2476 ex
2279 2424 2503 2492 segnitie
2543 2438 2647 2478 non
2687 2423 2936 2487 venisse;
2967 2422 3062 2478 sed
3095 2439 3181 2478 me
3207 2439 3310 2478 non
3341 2422 3558 2492 dignum
3583 2421 3771 2476 existi-

2188 2517 2348 2581 mavi,
2376 2517 2468 2586 qni
2498 2526 2548 2572 te
2579 2517 2870 2586 reciperem
2899 2516 3065 2571 domi.

2256 2609 2309 2664 5.
2338 2609 2451 2664 Etsi
2482 2625 2609 2664 vero
2639 2609 2918 2665 Matthzeus
2952 2609 3090 2664 dicat
3127 2623 3232 2664 non
3276 2623 3373 2676 per
3413 2607 3632 2672 amicos,
3674 2605 3770 2662 sed

2186 2701 2336 2755 illum
2365 2703 2540 2772 ipsum
2565 2701 2679 2756 hac
2706 2701 2925 2767 dixisse,
2954 2701 3085 2756 nihil
3117 2700 3167 2755 id
3195 2699 3260 2755 ad
3289 2714 3404 2754 rem
3428 2699 3552 2754 facit
3577 2717 3590 2752 :
3618 2714 3771 2768 qua:-

2185 2793 2317 2848 ritur
2344 2793 2484 2849 enim
2507 2796 2679 2850 solum
2709 2810 2835 2850 num
2867 2805 3090 2865 uterque
3121 2794 3222 2849 viri
3262 2794 3552 2849 studiosam
3573 2793 3768 2848 volun-

2186 2893 2345 2938 tatem
2372 2883 2744 2951 declaravcrit,
2774 2895 3296 2956 consentaneumque
3325 2885 3464 2940 circa
3492 2884 3766 2940 Christum

2183 2976 2299 3045 ejus
2352 2976 2680 3046 opinionem.
2741 2977 3046 3032 Verisimile
3091 2985 3268 3031 autem
3316 2984 3430 3042 est,
3483 2984 3765 3046 postquam

2181 3068 2380 3124 amicos
2402 3069 2656 3136 misisset,
2684 3070 2895 3125 venisse
2923 3070 3091 3140 ipsum
3115 3069 3348 3139 illudque
3373 3067 3589 3124 dixisse.
3610 3068 3766 3134 Quod

2180 3161 2226 3214 si
2247 3159 2348 3214 hoc
2374 3174 2480 3215 non
2511 3161 2705 3216 dixerit
2731 3161 2921 3226 Lucas,
2959 3170 3018 3215 at
3058 3177 3229 3232 neque
3265 3161 3394 3216 illud
3435 3160 3716 3215 Mattlneus
3745 3177 3760 3214 :

2180 3267 2288 3306 non
2316 3253 2462 3322 quod
2507 3262 2691 3309 mutuo
2729 3255 2782 3308 111
2827 3258 3131 3310 narratione
3185 3264 3440 3325 pugnent,
3481 3255 3572 3310 sed
3617 3253 3762 3326 quod

2178 3345 2315 3400 alt-er
2342 3347 2700 3416 praetermissa
2739 3347 2807 3402 ab
2836 3347 3006 3402 altero
3038 3357 3238 3402 narret.
3283 3346 3414 3401 Vide
3439 3356 3615 3400 autem
3651 3361 3760 3416 quo

2177 3443 2333 3504 pacto
2361 3435 2516 3490 ﬁdem
2547 3436 2662 3505 ejus
2705 3436 2876 3491 Lucas
2912 3437 3018 3491 alio
3054 3437 3213 3492 modo
3251 3436 3505 3508 przcdicet
3530 3436 3712 3508 dicens
3744 3478 3756 3489 .

2178 3524 2458 3579 Meritum:
2483 3536 2590 3580 erat
2620 3544 2762 3596 puer.
2791 3529 3039 3584 Attamen
3065 3544 3238 3598 neque
3267 3529 3368 3583 hoc
3390 3529 3534 3583 illum
3576 3529 3626 3582 in
3659 3529 3748 3582 de-

2175 3617 2536 3686 sperationem
2585 3619 2844 3689 conjecit,
2908 3636 2979 3676 ne
3035 3637 3064 3674 a
3107 3635 3201 3690 spe
3243 3621 3502 3686 detrusit;
3545 3622 3638 3676 sed
3681 3624 3758 3676 sic

2174 3708 2334 3764 etiam
2365 3709 2708 3778 superstitem
2749 3711 2859 3766 fore
2897 3713 3153 3781 speravit.
3195 3712 3344 3780 Quod
3383 3713 3426 3767 si
3475 3713 3758 3767 “attinens

2173 3801 2386 3870 quidem
2427 3810 2613 3856 narret
2630 3799 2898 3856 Christum
2930 3803 3149 3870 dixisse,
3187 3819 3247 3858 se
3275 3813 3472 3858 tantam
3504 3803 3554 3857 in
3595 3802 3758 3862 Israel

2174 3908 2279 3947 non
2307 3894 2574 3950 invenisse
2613 3894 2792 3959 ﬁdem,
2820 3911 2926 3965 quo
2972 3895 3208 3950 declarat
3247 3895 3419 3964 ipsum
3458 3895 3756 3950 Israelitam

2173 4001 2278 4040 non
2329 3985 2530 4053 fuisse;
2575 3986 2744 4043 Lucas
2791 4003 2938 4053 vero,
2988 3988 3158 4058 ipsum
3207 4003 3527 4060 synagogam
3581 3988 3751 4043 11111111-

2171 4091 2324 4134 casse
2355 4094 2368 4132 :
2400 4093 2573 4150 neque
2605 4078 2721 4134 haec
2761 4080 3045 4150 pugnantia
3076 4088 3219 4135 sunt.
3263 4079 3442 4136 Potuit
3469 4080 3612 4134 enim
3645 4096 3753 4134 non

2169 4169 2734 4242 Judaeussynagogam
2776 4181 3003 4235 struere,
3035 4179 3354 4241 gentemque
3391 4170 3633 4240 diligere.
3673 4170 3754 4224 Tn

2169 4277 2298 4316 vero
2323 4277 2390 4318 ne
2421 4262 2778 4332 perfunctorie
2816 4263 2955 4318 dicta
2985 4263 3102 4332 ejus
3127 4264 3394 4331 explores,
3423 4264 3516 4318 sed
3559 4263 3755 4332 prtere-

2169 4363 2374 4408 cturam
2404 4355 2518 4424 ejus
2544 4354 2736 4424 adjiec,
2768 4364 2822 4408 ct
2852 4363 2974 4409 tunc
3016 4354 3112 4408 viri
3149 4354 3396 4409 virtutem
3439 4355 3752 4423 perSpicies.

2169 4447 2375 4502 Etenim
2405 4457 2583 4503 tantus
2619 4448 2776 4517 vulgo
2807 4457 2889 4502 est
2934 4463 3118 4501 eorum
3155 4447 3242 4515 qui
3283 4445 3622 4516 prmfecturas
3663 4463 3756 4516 ge-

2168 4549 2293 4592 runt
2323 4537 2508 4606 fastus,
2539 4547 2595 4592 ut
2624 4553 2691 4592 ne
2721 4537 2930 4608 quidem
2973 4537 3022 4590 in
3069 4536 3456 4591 calamitatibus
3495 4551 3616 4591 sese
3655 4537 3754 4592 de-

2170 4633 2421 4700 primant.
2472 4631 2600 4685 Nam
2639 4631 2716 4695 is,
2768 4631 2856 4700 qui
2899 4629 3037 4698 apud
3090 4629 3350 4684 Joannem
3403 4639 3751 4691 memoratur,

2171 4720 2318 4774 illum
2347 4721 2398 4774 in
2425 4720 2642 4774 domum
2675 4721 2838 4774 trahit
2864 4729 2916 4775 et
2941 4720 3070 4780 dicit
3103 4719 3426 4782 :‘Descende,
3460 4721 3754 4790 priusquam

2169 4815 2308 4884 [ilius
2337 4831 2474 4868 tuens
2506 4815 2749 4868 moriatur
2775 4813 2952 4885 (Joan.
2983 4814 3036 4868 4.
3069 4813 3181 4882 49).
3211 4813 3309 4868 Hic
3340 4829 3467 4870 vero
3497 4829 3607 4869 non
3630 4814 3703 4867 ita
3739 4831 3751 4865 :

2169 4905 2262 4961 sed
2292 4914 2397 4959 tam
2428 4905 2536 4968 illo,
2563 4919 2718 4972 quam
2744 4905 2827 4968 iis,
2851 4904 2937 4974 qui
2961 4919 3054 4974 per
3076 4913 3274 4960 tectum
3306 4904 3554 4960 lectulum
3585 4904 3757 4960 demi-

2170 5004 2374 5059 serunt,
2405 4995 2740 5064 pnes-lautior
2782 5003 2880 5050 est.
2910 4995 3024 5050 Non
3069 4996 3210 5050 enim
3247 4999 3577 5067 corporalem
3619 5013 3756 5067 pras-

2169 5090 2392 5144 sentiam
2427 5088 2670 5157 requirit.
2702 5103 2873 5158 neque
2903 5103 3071 5158 prope
3094 5089 3358 5144 medicum
3377 5099 3633 5158 tegrotnm
3660 5091 3760 5145 dc-

2171 5181 2320 5244 tulit;
2353 5180 2403 5233 id
2431 5179 2570 5249 quod
2601 5189 2775 5234 tamen
2795 5195 2898 5234 non
2931 5195 3145 5250 parvam
3174 5181 3619 5236 existimationem
3645 5197 3755 5250 pra:

2169 5284 2228 5325 se
2258 5270 2447 5334 ferret;
2478 5268 2574 5324 sed
2599 5285 2660 5323 ea
2691 5286 2808 5338 qua:
2851 5270 3016 5325 Deum
3056 5269 3280 5326 decebat
3304 5270 3554 5340 opinione
3594 5272 3755 5326 fultus

2169 5363 2242 5416 ait
2274 5379 2288 5416 :
2324 5360 2417 5415 Dic
2446 5361 2590 5415 ret-bo
2628 5363 2809 5415 solum.
2859 5360 3042 5430 Neque
3073 5360 3223 5415 initio
3251 5361 3400 5429 diett,
3452 5361 3548 5415 Dic
3582 5364 3751 5428 verba,

2169 5456 2261 5510 sed
2285 5453 2651 5524 aegritudinem
2674 5462 2874 5508 tantum
2892 5452 3128 5508 declarat
3157 5470 3171 5507 :
3198 5453 3268 5509 ob
3288 5469 3531 5524 magnam
3559 5455 3756 5524 quippe

2169 5547 2518 5602 humilitatem
2546 5562 2651 5600 non
2699 5545 2916 5616 putabat
2956 5543 3225 5600 Christum
3267 5546 3444 5599 statim
3476 5561 3587 5601 rem
3618 5562 3754 5600 con-

2169 5653 2464 5697 cessurum.
2500 5647 2553 5692 et
2580 5636 2795 5691 domum
2822 5635 3107 5709 petiturum
3129 5650 3269 5692 esse.
3298 5635 3421 5690 Ideo
3441 5651 3560 5690 cum
3580 5637 3755 5705 ipsum

2169 5731 2375 5789 audivit
2401 5730 2682 5796 dicentem,
2729 5727 2835 5799 Ego
2865 5729 3063 5785 venient
3092 5728 3276 5784 curabo
3315 5744 3449 5797 eum,
3487 5736 3612 5784 tunc
3666 5727 3764 5792 ait,
