4080 6138
431 229 533 282 537

428 344 569 413 ἀρχῇ
596 341 766 410 λέγει,
800 341 944 394 Εἰπὲ
963 341 1140 409 λόγῳ,
1167 339 1303 393 ἀλλά
1335 339 1492 410 μόνον
1515 340 1576 392 16
1599 340 1766 401 πάθος
1793 340 2077 408 διηγεῖταιο

424 424 545 476 οὑδὲ
590 424 698 493 γάρ
748 423 1141 493 προσεδόκησεν
1191 422 1299 474 ἀπὸ
1351 421 1549 490 πολλῆς
1587 420 2084 489 ταπεινοφροσύνης

426 506 627 567 εὐθέως
652 504 950 557 ἐπινεύσειν
981 505 1068 556 τὸν
1090 504 1342 574 Χριστὸν,
1369 507 1462 557 καὶ
1495 504 1592 574 τὴν
1621 505 1796 556 οἰκίαν
1820 504 2084 573 ἐπιζητή-

428 601 559 638 σειν,
588 585 686 637 Διά
713 585 893 652 τοῦτο,
917 585 1002 636 ὅτε
1035 586 1267 654 ἦκουσεν
1302 585 1464 637 αὑτοῦ
1497 585 1765 654 λέγοντος,
1822 585 1960 653 Ἐγὼ
1983 586 2084 638 ἐλ-

427 667 546 720 θὼν
571 669 918 735 θεραπεύσω
947 669 1151 726 αὐτὸν.
1195 668 1312 720 τότε
1359 669 1544 737 φησὶν,
1593 668 1740 721 Εἰπὲ
1775 669 1952 736 λόγῳ.
1976 667 2086 720 Καὶ

424 749 546 802 οὐδὲ
595 751 656 802 τὸ
701 751 870 812 πάθος
919 751 1078 804 αὑτὸν
1123 751 1393 820 συνέχεεν,
1435 749 1570 803 ἀλλά
1601 751 1695 803 καὶ
1731 749 1788 802 ἐν
1833 750 2086 819 συμφορᾷ

427 833 722 901 φιλοσοφεῖ,
754 836 813 887 οὑ
847 835 981 905 πρὸς
1005 834 1102 904 τὴν
1125 833 1332 900 ὑγίειαν
1360 833 1610 886 τοσοῦτον
1649 832 1790 904 ὁρῶν
1831 832 1924 885 τοῦ
1956 849 2084 884 παι-

424 912 534 976 δὸς,
560 917 682 969 ὅσον
710 917 842 986 πρὸς
869 917 929 968 16
958 916 1030 986 μὴ
1054 916 1199 981 δόξαι
1233 916 1399 986 μηδὲν
1424 915 1713 978 ἀνευλαϐἐς
1737 917 1926 967 ποιεῖν.
1952 915 2088 966 Καί-

425 1014 572 1064 τοιγε
619 1001 716 1052 οὑκ
747 1001 906 1062 αὑτὸς
928 1000 1257 1069 ἠνάγκασεν,
1293 999 1404 1052 ἀλλ’
1440 1000 1468 1051 6
1493 998 1724 1068 Χριστὸς
1754 998 2086 1067 ἐπηγγείλαὲ

425 1095 503 1131 10°
539 1081 672 1132 ἀλλά
689 1081 781 1133 καὶ
801 1081 941 1134 οὕτω
969 1082 1171 1134 δέδοικε
1207 1082 1278 1150 μή
1309 1098 1438 1134 ποτε
1465 1080 1588 1151 δόξῃ
1612 1080 1708 1151 τὴν
1729 1078 1883 1146 ἀξίαν
1918 1081 2088 1149 ὑπερ-

427 1161 628 1214 ϐαίνειν
677 1165 774 1234 τὴν
837 1164 1051 1230 ἐαυτοῦ,
1106 1165 1199 1216 καὶ
1253 1163 1388 1234 βαρὺ
1447 1164 1680 1234 πρᾶγμα
1742 1161 2084 1230 ἐφέλκεσθαι.

425 1236 579 1304 Εἶδες
619 1241 782 1295 αὑτοῦ
834 1243 931 1315 τὴν
978 1243 1227 1308 σύνεσιν;
1279 1243 1479 1296 Σκόπει
1525 1243 1631 1294 τῶν
1678 1241 1944 1296 Ἰουδαίων
1991 1241 2088 1310 τὴν

424 1320 607 1376 ἄνοιαν
634 1325 918 1394 λεγόντων·
962 1327 1153 1392 Ἄξιός
1186 1327 1357 1379 ἐστιν
1385 1319 1432 1390 ᾧ
1462 1324 1706 1392 παρέξει
1748 1325 1862 1391 τὴν
1892 1321 2086 1392 χάριν.
2126 1373 2146 1384 ,

425 1405 551 1460 Δέον
583 1408 688 1478 γὰρ
718 1411 808 1462 ἐπὶ
832 1411 928 1479 τὴν
953 1408 1357 1480 φιλανθρωπίαν
1388 1409 1722 1475 καταφυγεῖν
1756 1406 1848 1459 τοῦ
1891 1404 2086 1476 Ἰησοῦ,

425 1489 473 1539 οί
496 1490 552 1541 δὲ
574 1491 671 1560 τὴν
694 1491 846 1555 ἀξίαν
867 1491 1057 1544 τούτου
1095 1488 1506 1558 προϐάλλονται,
1544 1489 1635 1540 καὶ
1657 1488 1777 1540 οὑδέ
1809 1486 1930 1540 ὅθεν
1957 1503 2091 1556 προσ

426 1569 712 1624 ϐάλλεσθαι
752 1574 794 1605 ³⁸
832 1574 912 1626 δεῖ
943 1572 1140 1625 ἴσασιν.
1185 1571 1320 1622 Ἀλλ’
1360 1571 1458 1622 οὑκ
1493 1573 1698 1630 ἐκεῖνος
1736 1568 1925 1631 οὑτως·
1955 1567 2090 1621 ἀλλά

427 1654 520 1704 καὶ
547 1655 748 1723 σφόδρα
785 1655 974 1707 ἐαυτὸν
1001 1653 1214 1718 ἀνάξιον
1243 1649 1382 1706 εἶναι
1421 1653 1545 1722 ἔφη,
1577 1654 1638 1704 οὑ
1679 1651 1837 1722 μόνον
1877 1651 1974 1717 τῆς
2000 1651 2090 1702 εὑ-

427 1736 702 1802 εργεσίας,
745 1736 878 1789 ἀλλά
907 1738 1000 1790 καὶ
1031 1738 1122 1790 τοῦ
1157 1739 1222 1807 τῇ
1267 1735 1413 1807 οἰκίᾳ
1453 1734 1702 1799 δέξασθαι
1741 1733 1830 1786 τὸν
1866 1734 2088 1804 Κύριον.

426 1816 528 1868 Διά
567 1817 721 1870 τοῦτο
761 1819 855 1872 καὶ
901 1817 1087 1882 είπὼν,
1129 1819 1182 1870 Ὁ
1209 1817 1348 1883 παῖς
1379 1835 1496 1886 μου
1517 1817 1831 1884 βέϐληται,
1863 1817 1962 1868 οὑκ
1995 1818 2092 1868 ἐπ-

427 1897 654 1966 ήγαγεν,
687 1901 842 1966 Εἰπὲ,
875 1899 1124 1962 δεδοικὼς
1161 1899 1234 1969 μὴ
1267 1898 1483 1962 ἀνάξιος
1526 1899 1610 1968 είη
1653 1897 1747 1950 τοῦ
1781 1899 1960 1966 τυχεῖν
1990 1896 2092 1964 τῆς

425 1978 650 2049 δωρεᾶς,
693 1982 828 2036 ἀλλά
866 1983 965 2053 τὴν
1000 1981 1283 2052 συμφορὰν
1318 1980 1614 2051 ἀπήγγειλε
1660 1979 1839 2049 μόνον.
1876 1977 2091 2048 Ἐπειδὴ

425 2063 480 2115 δὲ
507 2062 609 2116 εἶδε
636 2065 726 2119 τὸν
757 2068 990 2137 Χριστὸν
1021 2065 1494 2135 φιλοτιμούμενον,
1529 2062 1647 2116 οὐδὲ
1679 2061 1849 2125 οὑτως
1883 2062 2092 2130 ἐπεπή-

424 2143 604 2216 δησεν,
638 2149 749 2200 ἀλλ’
777 2149 856 2202 ἐτι
887 2149 1035 2220 μένει
1069 2149 1129 2202 τὸ
1155 2147 1332 2216 ἐαυτῷ
1375 2148 1648 2218 προσῆκον
1685 2147 1955 2216 διατηρῶν
1993 2143 2091 2213 μέ-

423 2246 569 2299 τρον.
601 2232 662 2283 EE
692 2232 747 2284 δέ
787 2232 932 2301 λέγοι
959 2251 1063 2296 τις,
1097 2233 1252 2293 Τίνος
1278 2231 1462 2283 ἕνεκεν
1486 2231 1585 2283 οὑκ
1612 2231 1967 2298 ἀντετίμησεν
1997 2227 2091 2278 αὑ-

422 2309 513 2362 τον
535 2312 562 2361 6
593 2312 822 2382 Χριστός
845 2330 858 2377 ;
891 2316 1066 2366 ἐκεῖνο
1088 2311 1152 2364 ἂν
1177 2313 1440 2380 εἴποιμεν,
1464 2312 1543 2363 61:
1573 2311 1666 2363 καὶ
1693 2309 1898 2380 σφόδρα
1929 2307 2090 2362 αὑτὸν

424 2393 770 2464 ἀντετίμησε’
806 2396 1020 2466 πρῶτον
1064 2395 1182 2464 μὲν,
1225 2394 1302 2464 τῷ
1343 2393 1512 2457 δεῖξαι
1549 2393 1648 2461 τὴν
1677 2391 1922 2460 γνώμην,
1955 2393 2092 2460 ὅπερ

423 2474 488 2524 ἐκ
516 2475 609 2527 τοῦ
647 2478 881 2545 μάλιστα
915 2479 988 2548 μὴ
1023 2477 1197 2530 ἐλθεῖν
1238 2475 1398 2527 αὑτὸν
1437 2477 1516 2537 είς
1549 2475 1647 2544 τὴν
1677 2475 1853 2527 οἰκίαν
1891 2473 2086 2543 ἐφάνη’

423 2555 670 2628 δεύτερον
695 2559 771 2622 δέ,
802 2559 878 2630 τῷ
912 2562 992 2621 είς
1012 2559 1110 2630 τὴν
1141 2558 1416 2628 βασιλείαν
1451 2557 1611 2610 αὑτὸν
1637 2557 1967 2623 εἰσαγαγεῖν,
1995 2558 2088 2609 καὶ

423 2641 757 2711 προτιμῆσαι
807 2642 1004 2704 παντὸς
1040 2642 1131 2694 τοῦ
1170 2641 1354 2704 ἔθνους
1387 2639 1478 2692 τοῦ
1527 2638 1837 2691 Ἰουδαϊκοῦ.
1872 2639 2091 2708 Ἐπειδὴ

422 2722 531 2790 γὰρ
569 2724 660 2775 καὶ
699 2723 792 2776 τοῦ
842 2724 1096 2790 δέξασθαι
1139 2724 1230 2776 τὸν
1277 2722 1509 2794 Χριστὸν
1542 2723 1619 2783 είς
1654 2720 1751 2790 τὴν
1791 2721 1969 2774 οἰκίαν
2000 2722 2092 2774 ἀν-

423 2804 571 2867 άξιον
608 2805 796 2858 ἐαυτὸν
838 2808 1061 2878 ἐποίησε
1085 2807 1150 2872 ³³,
1200 2807 1291 2859 καὶ
1335 2805 1607 2874 βασιλείας
1649 2803 1868 2870 γέγονεν
1919 2804 2086 2872 ἄξιος,

423 2887 515 2938 καὶ
543 2887 634 2938 τοῦ
668 2888 772 2939 τῶν
800 2889 978 2942 καλῶν
1000 2891 1294 2958 ἐπιτυχεῖν,
1317 2882 1390 2942 ὧν
1419 2888 1729 2958 ἀπήλαυσεν
1751 2885 1779 2936 6
1818 2885 2089 2956 ’Δϐραάμ.

422 2969 533 3021 Καὶ
567 2970 708 3033 τίνος
743 2973 928 3024 ἕνεκεν
966 2973 994 3023 6
1028 2973 1249 3041 λεπρὸς,
1295 2973 1448 3041 φησὶ,
1487 2968 1707 3039 μείζονα
1737 2969 1939 3021 τούτων
1973 2971 2092 3021 ἐπι-

422 3050 752 3122 δειξάμενος,
784 3056 882 3108 οὑκ
910 3056 1183 3127 ἐπῃνέθης
1221 3055 1351 3108 Οὑδέ
1382 3054 1488 3123 γὰρ
1521 3048 1670 3104 εἶπεν
1697 3053 1919 3116 ἐκεῖνος,
1944 3051 2092 3106 Εἰπὲ

421 3133 597 3199 λόγῳ.
643 3135 759 3188 ἀλλ’
794 3136 821 3188 ὃ
859 3137 1036 3206 πολλῴ
1079 3137 1260 3206 μεῖζον
1289 3131 1376 3206 ἦν,
1407 3135 1644 3205 Θέλησον
1681 3135 1859 3203 μόνον·
1902 3135 1930 3186 6
1963 3136 2091 3205 περὶ

421 3215 511 3266 τοῦ
546 3218 758 3288 Πατρός
781 3237 944 3288 φησιν
973 3221 999 3272 6
1025 3220 1335 3289 Προφήτης,
1379 3219 1459 3270 ὅτι
1491 3216 1693 3271 Πάντα
1729 3216 1845 3269 ὅσα
1881 3216 2092 3284 ἠθέλη-

421 3316 553 3360 σεν,
581 3301 890 3368 ἐποίησεν.
926 3302 1085 3355 Ἀλλά
1115 3303 1361 3365 κάκεῖνος
1392 3300 1652 3372 ἐπῃνέθη.
1685 3301 1853 3354 Ὅταν
1883 3299 1990 3369 γὰρ
2014 3300 2091 3352 εί-

421 3400 520 3456 πῃ,
555 3383 703 3456 [518]
737 3385 1106 3454 Προσένεγκε
1140 3386 1206 3438 τὸ
1234 3385 1444 3452 δῶρον,
1480 3385 1511 3437 ὃ
1549 3384 1884 3452 προσέταξε
1917 3387 2088 3436 Μωῦ-

420 3465 562 3532 σῆς,
603 3469 690 3531 είς
715 3470 1038 3536 μαρτύριον
1069 3469 1291 3534 αὐτοῖς,
1340 3468 1492 3520 οὐδὲν
1520 3468 1706 3538 ἐτερόν
1741 3485 1904 3537 φησιν
1944 3467 1976 3537 ἢ
2008 3468 2089 3520 ὅτι

422 3549 494 3601 Σὺ
530 3553 927 3621 κατηγορήσεις
968 3551 1166 3615 αὑτῶν,
1198 3551 1257 3614 ἐξ
1281 3542 1360 3604 ὧν
1391 3551 1740 3613 ἐπίστευσας.
1783 3550 1993 3612 Ἀλλως
2033 3550 2090 3602 δὲ

420 3632 521 3684 οὑκ
543 3627 612 3702 ἦν
641 3634 752 3685 ἴσον
788 3635 1036 3686 Ἰουδαῖον
1064 3634 1192 3687 ὄντα
1223 3633 1528 3698 πιστεῦσαι,
1556 3635 1649 3686 καὶ
1689 3633 1884 3699 ἔξωθεν
1918 3633 1964 3664 ³⁵
1995 3633 2088 3686 τοῦ

420 3711 626 3775 ἔθνους.
661 3715 781 3766 ’Ότι
821 3714 928 3784 γάρ
961 3715 1060 3767 οὑκ
1096 3710 1163 3783 ἦν
1201 3713 1446 3776 Ἰουδαῖος
1475 3717 1501 3766 6
1535 3715 1956 3784 ἑκατοντάρχης,
1995 3715 2089 3768 καὶ

421 3791 530 3844 ἀπὸ
557 3794 649 3847 τοῦ
675 3797 1072 3867 ἑκατοντάρχης
1102 3793 1238 3848 εἷναι
1267 3795 1424 3864 δῆλον
1446 3798 1488 3826 ³⁸⁵
1507 3837 1520 3858 ,
1550 3797 1640 3849 καὶ
1679 3797 1784 3848 ἀπὸ
1809 3797 1902 3848 τοῦ
1933 3798 2088 3868 είρῆο

424 3876 566 3938 σθαι,
605 3877 756 3931 Οὺδὲ
779 3879 848 3932 ἐν
871 3879 950 3946 τῷ
990 3881 1227 3948 Ἰσραὴλ
1263 3880 1565 3946 τοσαύτην
1594 3880 1800 3932 πίστιν
1828 3876 2027 3949 εὗρον.

491 3960 557 4015 δ’.
584 3962 694 4015 Καὶ
733 3962 864 4016 πολὺ
903 3963 1045 4033 μέγα
1076 3959 1163 4034 ἦν,
1189 3963 1472 4033 ἄνθρωπον
1498 3963 1653 4025 ἐκτὸς
1678 3963 1804 4015 ὄντα
1834 3963 1924 4015 τοῦ
1961 3963 2090 4016 Ἰου-

418 4044 604 4097 δαϊκοῦ
665 4047 965 4114 καταλόγου
1014 4046 1282 4118 τοσαύτην
1321 4046 1504 4098 λαϐεῖν
1550 4047 1775 4100 ἔννοιαν.
1824 4048 1931 4100 Καὶ
1976 4047 2084 4118 γάρ

420 4129 752 4199 ἐφαντάσθη,
781 4129 856 4191 ὼς
884 4129 1069 4200 ἔμοιγε
1098 4130 1262 4192 δοκεῖ,
1294 4129 1391 4192 τὰς
1415 4132 1471 4181 ἐν
1499 4129 1710 4200 οὐρανῷ
1737 4130 2015 4200 στρατιάςο
2048 4129 2081 4200 ἢ

418 4211 499 4262 ὅτι
527 4210 676 4280 αύτῷ
706 4212 773 4263 τὰ
795 4211 942 4283 πάθη
971 4211 1141 4276 οὑτως
1174 4214 1319 4265 ἐστὶν
1344 4213 1771 4283 ὑποτεταγμένα,
1801 4214 1892 4265 καὶ
1926 4213 2087 4265 θάνα-

417 4310 528 4356 τος,
565 4295 658 4347 καὶ
701 4295 767 4348 τά
813 4295 950 4348 ἄλλα
991 4296 1189 4356 πάντα,
1226 4297 1299 4358 ώς
1341 4295 1489 4364 αὑτῷ
1517 4297 1566 4347 οἱ
1604 4295 1952 4366 στρατιῶται.
1997 4294 2088 4346 Διὸ

419 4378 512 4430 καὶ
538 4377 711 4444 ἔλεγε⁹
751 4378 856 4431 Καὶ
887 4379 997 4446 γὰρ
1025 4379 1140 4447 ἐγὼ
1169 4377 1477 4446 ἅνθρωπός
1505 4382 1620 4448 εὶμι
1649 4379 1768 4433 ὑπὸ
1798 4379 2088 4442 ἐξουσίαν

419 4462 796 4528 τασσόμενος
818 4459 894 4491 ³⁸·
918 4461 1185 4522 τουτέστι,
1216 4461 1287 4511 Σὺ
1319 4461 1451 4523 Θεὸς
1472 4501 1485 4523 ,
1511 4461 1621 4528 ἐγὼ
1644 4461 1945 4531 ἄνθρωπος·
1976 4458 2086 4526 ἐγὼ

420 4543 512 4594 ὑπ’
545 4543 812 4607 ἐξουσίαν,
849 4544 914 4596 σὺ
946 4543 1002 4596 δέ
1037 4543 1133 4612 οὑχ
1175 4543 1264 4595 ὑπ’
1309 4542 1574 4607 ἐξουσίαν.
1626 4546 1686 4596 El
1735 4543 1909 4597 τοίνυν
1951 4544 2081 4612 ἐγὼ,

419 4625 702 4696 ἄνθρωπος
737 4628 829 4680 καὶ
863 4627 954 4680 ὑπ’
973 4624 1216 4690 ἐξουσίαν
1245 4625 1340 4691 ὢν,
1370 4625 1605 4678 τοσαῦτα
1625 4625 1876 4695 δύναμαι·
1908 4628 2086 4700 πολλῷ

425 4709 621 4775 μᾶλλον
671 4709 853 4774 αὑτὸς,
898 4711 988 4762 καὶ
1037 4709 1168 4772 Θεὸς
1214 4707 1308 4773 ῶν,
1355 4708 1446 4761 καὶ
1470 4709 1513 4741 ³⁷
1549 4709 1646 4778 οὑχ
1685 4710 1775 4760 ὑπ’
1814 4711 2081 4776 ἐξουσίαν.

420 4792 574 4845 Μετὰ
615 4795 721 4866 γὰρ
771 4793 1074 4866 ὑπερϐολῆς
1112 4794 1272 4847 αὑτὸν
1316 4793 1457 4846 θέλει
1504 4795 1708 4852 πεῖσαι.
1740 4793 1820 4845 61:
1867 4794 1966 4863 οὑχ
2011 4795 2086 4858 ὡς

421 4874 602 4942 ὅμοιον
633 4876 803 4940 διδοὺς
827 4879 1130 4947 ὑπόδειγμα
1165 4875 1336 4929 ταῦτα
1371 4876 1538 4943 λέγει,
1566 4875 1678 4928 ἀλλ’
1703 4875 1778 4938 ώς
1815 4875 2018 4944 σφόδρα
2043 4876 2088 4908 ³⁸

422 4959 706 5030 ὑπερέχον.
753 4962 815 5012 Εί
854 4963 960 5032 γὰρ
1004 4961 1116 5030 ἐγὼ
1157 4962 1416 5032 ὁμότιμος
1469 4959 1542 5012 ῶν
1580 4963 1691 5022 τοῖς
1729 4959 2086 5028 ἐπιταττομέ-

423 5060 551 5107 νοις,
589 5044 741 5112 φησὶ,
779 5046 870 5097 καὶ
912 5047 1000 5098 ὑπ’
1036 5046 1283 5110 ἐξουσίαν
1315 5047 1408 5107 ὢν,
1439 5047 1587 5116 ὅμως
1632 5044 1718 5097 διὰ
1748 5044 1846 5114 τὴν
1883 5040 2084 5111 μικρὰν

420 5126 522 5195 τῆς
555 5125 729 5196 ἀρχῆς
772 5125 1042 5198 ὑπεροχὴν
1073 5128 1305 5181 τοσαῦτα
1330 5128 1582 5198 δύναμαι,
1626 5127 1722 5179 καὶ
1753 5125 1924 5188 οὐδεὶς
1955 5126 2084 5177 ἀντ-

422 5212 556 5280 ερεῖ,
603 5210 715 5262 ἀλλ’
747 5211 888 5280 άπερ
925 5211 1220 5275 ἐπιτάσσω,
1251 5212 1420 5264 ταῦτα
1452 5211 1678 5278 γίνεται,
1710 5209 1812 5263 κΞιν
1851 5208 2083 5278 διάφορα

418 5289 453 5367 ᾗ
490 5295 560 5348 τὰ
584 5295 929 5364 ἐπιτάγματα
961 5292 1144 5362 (Λέγω
1171 5293 1276 5362 γὰρ
1310 5295 1516 5358 τούτῳ,
1548 5294 1829 5358 Πορεύου,
1857 5292 1950 5343 καὶ
1981 5308 2083 5343 ετο-

411 5383 661 5449 ρεύεται·
684 5379 780 5432 καὶ
797 5378 983 5442 ἄλλῳ,
1002 5378 1238 5444 Ἔρχου,
1270 5378 1366 5429 καί
1390 5375 1662 5444 ἔρχεται)’
1685 5374 1862 5442 πολλῷ
1885 5375 2082 5442 μᾶλλον

1209 223 1265 278 S.
1307 223 1593 278 JOANNIS
1631 222 2117 281 CHRYSOSTOMI
2160 212 3064 277 ARCHIEP.-CONSTANTINOP.

3746 205 3854 260 338

2183 335 2343 394 αὑτὸς
2379 335 2600 405 δυνήσῃ,
2637 333 2793 395 Τινὲς
2817 333 2872 383 δὲ
2901 331 2993 383 καὶ
3033 328 3203 392 οὑτως
3231 329 3661 396 ἀναγινώσκουσι
3695 327 3856 381 τοῦτο

2183 419 2243 470 16
2265 418 2475 488 χωρίον·
2510 420 2575 470 Εἰ
2610 417 2718 486 γὰρ
2747 415 2860 482 ἐγὼ
2887 414 3196 480 ἄνθρωπος
3227 409 3331 476 ὢν,
3370 412 3464 464 καὶ
3502 411 3702 480 μεταξὺ
3740 412 3857 463 στί-

2185 500 2375 566 ξαντες
2411 501 2728 567 ἐπάγουσιν,
2775 495 2909 548 ἰ’πὸ
2948 495 3238 556 ἐξουσίαν
3265 493 3424 562 ἔχων
3451 493 3553 546 ὑπ’
3591 493 3857 562 ἐμαυτὸν

2184 586 2568 650 στρατιώτας.
2602 585 2672 636 Σὺ
2699 581 2755 634 δέ
2790 599 2877 652 μοι
2911 580 3120 642 σκόπει,
3160 577 3276 640 πῶς
3306 575 3504 640 ἔδειξεν
3523 576 3604 628 ὃτι
3635 578 3730 629 καὶ
3757 577 3850 630 θα⁶

2185 664 2344 717 νάτου
2380 669 2600 734 κρατεῖν
2649 665 2870 717 δύναται
2920 664 2995 725 ώς
3045 660 3251 722 δούλου,
3299 660 3394 712 καὶ
3433 660 3741 712 ἐπιτάττειν
3776 658 3855 722 ὡς

2185 747 2469 818 δεσπότης.
2501 749 2669 802 Ὅταν
2693 747 2800 816 γὰρ
2825 748 2974 816 εἴπῃ.
3002 746 3082 796 61:
3113 743 3155 774 ”
3182 744 3425 809 Ἔρχου,
3458 741 3555 793 καί
3594 743 3849 808 ἔρχεται,

2186 829 2282 882 καὶ
2313 831 2595 896 Πορεύου,
2624 830 2720 881 καὶ
2761 829 3092 896 πορεύεται,
3118 825 3272 878 τοῦτο
3308 824 3472 892 λέγει,
3505 824 3586 877 ὅτι
3629 827 3725 876 ‘Av
3759 842 3853 882 κε·-

2185 911 2382 982 λεύσῃς
2412 911 2485 983 μὴ
2513 912 2684 965 ἐλθεῖν
2709 912 2804 981 τὴν
2841 912 3093 980 τελευτὴν
3127 910 3212 961 ἐπ’
3241 908 3423 970 αὑτὸν,
3455 908 3552 976 οὑχ
3585 906 3722 978 ἥξει.
3755 905 3852 961 Εἷ-

2185 996 2274 1059 δες
2314 995 2430 1058 πῶς
2470 991 2536 1065 ἦν
2579 997 2801 1058 πιστός;
2851 996 2917 1047 Ὃ
2970 994 3078 1063 γάρ
3123 992 3348 1062 ἔμελλεν
3383 991 3588 1045 ἅπασιν
3619 992 3855 1060 φανερὸν

2189 1078 2413 1148 ὕστερον
2444 1077 2676 1140 ἔσεσθαι,
2703 1077 2858 1132 τοῦτο
2887 1069 3040 1140 οὗτος
3067 1077 3110 1109 ⁸ο
3133 1074 3238 1146 ἤδη
3259 1076 3558 1144 κατάδηλον
3588 1076 3858 1145 κατέστη·

2189 1179 2301 1226 σεν,
2328 1163 2408 1215 ὅτι
2446 1164 2536 1215 καὶ
2567 1162 2796 1216 θανάτου
2838 1164 2930 1216 καὶ
2960 1162 3104 1232 ζωῆς
3130 1161 3376 1226 ἐξουσίαν
3419 1159 3552 1230 ἔχει,
3588 1162 3680 1212 καὶ¹
3724 1177 3860 1213 κατ-

2190 1244 2312 1311 άγει
2331 1242 2372 1275 ’⁸³
2408 1244 2488 1306 εἰς
2521 1243 2693 1307 πύλας
2721 1244 2846 1314 ᾅδου
2879 1244 2970 1296 καὶ
2990 1244 3199 1310 ἀνάγει.
3233 1243 3342 1295 Καὶ
3360 1241 3420 1294 οὐ
3446 1242 3572 1312 περὶ
3591 1259 3863 1306 στρατιω-

2187 1327 2296 1378 τῶν
2325 1322 2445 1378 εἷπε
2482 1327 2660 1396 μόνον,
2695 1327 2829 1378 ἀλλά
2876 1326 2968 1380 καὶ
2995 1330 3122 1395 περὶ
3151 1325 3371 1378 δούλων·
3411 1325 3546 1395 ὅπερ
3577 1321 3645 1394 ἦν
3673 1323 3864 1393 μείζοο

2189 1425 2278 1470 νος
2311 1410 2578 1479 ὑπακοῆς.
2625 1410 2762 1462 Ἀλλ’
2788 1411 2936 1479 ὅμως
2969 1409 3061 1462 καὶ
3091 1407 3358 1478 τοσαύτην
3387 1408 3569 1460 πίστιν
3595 1407 3749 1476 ἔχων,
3776 1406 3864 1457 ἔτι

2190 1491 2405 1556 ἀνάξιον
2427 1492 2615 1544 ἐαυτὸν
2636 1488 2775 1544 εἶναι
2799 1491 3065 1561 ἐνόμιζεν.
3106 1490 3162 1544 'U
3179 1490 3234 1543 δέ
3263 1491 3496 1560 Χριστὸς
3512 1489 3746 1549 δεικνὺς,
3772 1488 3863 1538 ὅτι

2193 1572 2341 1637 ἄξιός
2373 1575 2487 1626 ἐστι
2523 1573 2568 1604 δ’
2603 1576 2697 1627 τοῦ
2737 1575 2996 1626 εἰσελθεῖν
3025 1575 3106 1636 είς
3132 1573 3229 1642 τὴν
3260 1571 3436 1625 οίκίαν
3465 1571 3647 1635 αὑτοῦ,
3678 1567 3865 1638 πολλῷ

2197 1655 2415 1722 μείζονα
2453 1657 2696 1725 ἐποίησε,
2742 1655 3036 1724 θαυμάζων
3081 1656 3263 1717 αὑτδν,
3310 1655 3402 1707 καὶ
3443 1654 3860 1723 ἀνακηρύττων,

2193 1733 2286 1786 καὶ
2315 1733 2530 1786 πλείονα
2558 1736 2732 1798 διδοὺς
2759 1730 2833 1788 ὧν
2856 1737 3041 1806 ᾔτησε.
3079 1735 3188 1788 Καὶ
3216 1736 3326 1805 γὰρ
3347 1732 3507 1806 ἦλθεν
3531 1737 3738 1802 ὑγίειαν
3760 1735 3864 1803 ζηο

2191 1817 2300 1869 τῶν
2323 1817 2401 1887 τῷ
2423 1819 2573 1872 παιδὶ
2599 1821 2936 1890 σωματικὴν,
2961 1821 3052 1872 καὶ
3084 1819 3359 1888 βασιλείαν
3379 1818 3557 1871 λαϐὼν
3590 1819 3859 1886 ἀπῆλθεν.

2193 1896 2348 1963 Εἶδες
2378 1903 2494 1964 πῶς
2519 1902 2620 1971 ἤδη
2641 1902 2995 1972 ἐπεπλήρωτο
3023 1903 3100 1965 16,
3131 1901 3368 1969 Ζητεῒτε
3399 1903 3510 1965 τὴν
3529 1902 3864 1966 ,ϐασιλείαν

2193 1982 2310 2034 τῶν
2335 1983 2623 2048 οὐρανῶν,
2651 1985 2744 2038 καὶ
2769 1981 3168 2038 ταῦταπάντα
3192 1985 3658 2052 προστεθήσεται
3681 1985 3863 2053 ὑμῖν;

2205 2063 2421 2135 Ἐπειδὴ
2463 2066 2507 2098 ⁸³
2547 2066 2655 2135 γὰρ
2699 2066 2898 2136 πολλὴν
2935 2067 3116 2120 πίστιν
3146 2067 3457 2131 ἐπεδείξατο
3489 2069 3582 2120 καὶ
3607 2084 3865 2120 ταπεινο-

2194 2145 2486 2218 φροσύνην,
2548 2150 2641 2201 καὶ
2689 2149 2778 2202 16v
2827 2149 3053 2219 οὐρανὸν
3110 2149 3296 2212 ἔδωκε,
3353 2150 3446 2203 καὶ
3495 2149 3592 2218 τὴν
3647 2150 3865 2217 ὑγίειαν

2193 2227 2340 2298 αὑτῷ
2393 2229 2700 2301 προσέθηκε
2733 2249 2744 2260 ·
2780 2231 2930 2303 [519]
2975 2230 3069 2284 καὶ
3116 2232 3176 2284 ού
3228 2230 3400 2300 τούτῳ
3456 2232 3611 2300 μόνον
3667 2230 3866 2298 ἐτίμη-

2195 2324 2306 2371 σεν.
2351 2303 2488 2364 ἀλλά
2533 2313 2627 2364 καὶ
2681 2313 2757 2383 τῷ
2795 2313 2984 2376 δεῖξαι,
3034 2313 3194 2366 τίνων
3244 2313 3649 2384 ἐκϐαλλομένων
3695 2311 3866 2373 αὑτὸς

2193 2391 2489 2460 εἰσάγεται.
2548 2394 2658 2446 Καὶ
2713 2394 2818 2466 γάρ
2863 2393 3108 2447 ἐντεῦθεν
3159 2395 3256 2464 ἤδη
3304 2395 3488 2446 λοιπὸν
3532 2397 3663 2447 πᾶσι
3715 2395 3867 2446 ποιεῖ

2193 2473 2486 2546 γνώριμον,
2529 2477 2610 2530 ὅτι
2647 2478 2754 2530 ἀπὸ
2783 2477 3075 2546 πίστεωςὴ
3111 2478 3370 2548 σωτηρία,
3405 2478 3504 2528 οὑκ
3542 2477 3648 2528 ἀπὸ
3682 2475 3866 2546 ἔργων

2193 2555 2300 2608 τῶν
2354 2557 2494 2610 κατὰ
2545 2559 2728 2630 νόμον.
2778 2560 2977 2628 Διόπερ
3031 2559 3132 2612 ούκ
3183 2559 3452 2622 Ἰουδαίοις
3508 2559 3684 2629 μόνον,
3721 2558 3867 2611 ἀλλὰ

2193 2639 2286 2691 καὶ
2321 2639 2496 2692 ἔθνεσι
2518 2641 2580 2694 16
2607 2641 2708 2711 τῆς
2736 2641 2941 2712 δωρεᾶς
2965 2642 3166 2711 ταύτης
3190 2643 3553 2713 προκείσεται·
3591 2643 3684 2695 καὶ
3718 2643 3867 2694 ἐκεί-

2192 2736 2303 2783 νοις
2341 2722 2539 2792 μᾶλλον
2576 2725 2609 2793 ἦ
2646 2723 2874 2787 τούτοις.
2907 2725 2998 2796 Μὴ
3024 2727 3131 2795 γάρ
3164 2725 3226 2797 δὴ
3253 2725 3533 2795 νομίσητε,
3565 2725 3749 2794 φησὶν,
3778 2727 3865 2778 ὅτι

2195 2804 2286 2856 ἐπὶ
2341 2805 2531 2859 τούτου
2579 2807 2770 2874 γέγονε
2815 2808 2972 2860 τοῦτο
3025 2808 3202 2878 μόνον’
3251 2810 3342 2862 καὶ
3383 2809 3491 2878 γὰρ
3534 2809 3580 2840 εδ
3625 2809 3715 2860 ἐπὶ
3758 2809 3866 2877 τῆς

2193 2888 2516 2958 οἰκουμένης
2555 2890 2773 2958 ἁπάσης
2815 2890 2974 2943 τοῦτο
3019 2890 3188 2947 ἔσται.
3228 2890 3396 2943 Τοῦτο
3425 2891 3481 2943 δέ
3525 2890 3697 2958 ἔλεγε,
3729 2889 3865 2962 περὶ

2192 2971 2299 3024 τῶν
2330 2971 2498 3024 ἐθνῶν
2529 2973 2902 3043 προφητεύων,
2940 2974 3030 3026 καὶ
3075 2972 3314 3044 χρηστάς
3345 2973 3526 3035 αὐτοῖς
3564 2972 3866 3025 ὑποτείνων

2192 3054 2431 3117 ἐλπίδας.
2471 3056 2578 3108 Καὶ
2613 3056 2721 3125 γὰρ
2748 3050 2887 3124 ἦσαν
2920 3057 3013 3109 καὶ
3043 3056 3150 3110 ἀπὸ
3183 3055 3469 3120 Γαλιλαίας
3504 3055 3864 3109 ἀκολουθοῦν-

2191 3154 2281 3199 τες
2304 3138 2401 3207 τῆς
2432 3137 2538 3190 τῶν
2563 3137 2749 3190 ἐθνῶν.
2787 3138 2970 3191 Ταῦτα
3018 3137 3073 3191 δὲ
3120 3137 3293 3206 ἔλεγε,
3332 3139 3457 3200 τούς
3511 3154 3569 3188 τε
3614 3137 3866 3200 ἐθνικοὺς

2191 3221 2290 3273 οὑκ
2320 3220 2500 3288 ἀφιεὶς
2530 3219 2863 3286 ἀπογνῶναι,
2909 3220 3017 3272 τῶν
3054 3236 3114 3271 τε
3164 3219 3430 3273 Ἰουδαίων
3471 3218 3745 3289 καθαιρῶν
3790 3219 3866 3271 τὰ

2191 3305 2533 3372 φρονήματα.
2580 3304 2740 3355 Ὥστε
2786 3304 2841 3355 δὲ
2885 3303 2958 3373 μὴ
3007 3303 3342 3372 προσστῆναι
3375 3302 3423 3333 ⁸⁸
3460 3301 3521 3355 16
3565 3301 3869 3371 λεγόμενον

2189 3389 2300 3448 τοῖς
2325 3385 2603 3449 ἀκούουσι,
2632 3385 2766 3456 μηδέ
2793 3389 3096 3454 παρασχεῖν
3127 3386 3308 3448 αὑτοῖς
3346 3385 3516 3455 λαϐὴν
3552 3385 3827 3454 μηδεμίαν
3845 3424 3861 3448 ,

2195 3467 2321 3519 οὔτε
2352 3469 2781 3538 προηγουμένως
2803 3469 2848 3500 ⁸⁸
2871 3469 2960 3520 τὸν
2987 3469 3113 3537 περὶ
3137 3467 3244 3520 τῶν
3260 3467 3429 3520 ἐθνῶν
3445 3468 3653 3534 είσάγει
3675 3467 3862 3532 λόγον,

2190 3551 2306 3603 ἀλλ’
2334 3553 2587 3622 ἀφορμὴν
2623 3551 2801 3604 λαϐὼν
2831 3553 2939 3607 ἀπὸ
2981 3551 3072 3604 τοῦ
3113 3551 3509 3620 ἑκατοντάρχου
3533 3590 3547 3612 ,
3585 3549 3709 3602 οὔτε
3759 3566 3866 3616 γυ-

2195 3633 2322 3702 μνὸν
2347 3633 2405 3684 τὸ
2444 3633 2612 3702 ὄνομα
2635 3634 2742 3686 τῶν
2773 3634 2941 3686 ἐθνῶν
2974 3635 3202 3704 τίθησιν.
3240 3634 3314 3687 Οὑ
3342 3635 3450 3705 γὰρ
3485 3629 3632 3693 εἷπε,
3664 3631 3864 3684 Πολλοὶ

2190 3715 2297 3766 τῶν
2320 3715 2508 3776 ἐθνῶν,
2536 3715 2690 3778 ἀλλὰ,
2721 3716 2942 3769 Πολλοὶ
2962 3716 3080 3770 ἀπὸ
3110 3715 3422 3770 ἀνατολῶν
3448 3715 3542 3768 καὶ
3567 3713 3821 3783 δυσμῶν
3843 3731 3861 3748 ο

2189 3799 2325 3868 ὅπερ
2352 3794 2420 3868 ἦν
2434 3797 2719 3868 δηλοῦντος
2759 3799 2825 3851 τὰ
2866 3797 3013 3869 ἔθνη,
3048 3799 3107 3851 οὑ
3138 3799 3466 3869 προσίστατο
3495 3797 3550 3850 δὲ
3577 3796 3718 3850 οὕτω
3742 3801 3863 3861 τοῖς

2189 3881 2444 3934 ἀκούουσι
2469 3896 2479 3909 ·
2515 3880 2969 3950 συνεσκιασμένον
2997 3880 3105 3950 γὰρ
3132 3876 3199 3950 ἦν
3229 3880 3290 3932 τὸ
3317 3880 3524 3949 λεχθέν.
3578 3880 3652 3931 Οὑ
3681 3879 3862 3950 ταύτῃ

2189 3964 2246 4016 δέ
2280 3966 2437 4035 μόνον
2474 3964 2876 4034 παραμυθεῖται
2911 3965 3007 4035 τὴν
3036 3963 3296 4016 δοκοῦσαν
3323 3957 3573 4030 εἶναιτῆς
3605 3962 3863 4015 διδασκα-

2189 4045 2308 4110 λίας
2349 4049 2714 4117 καινοτομίαν,
2752 4048 2886 4100 ἀλλά
2919 4048 3011 4100 καὶ
3047 4046 3125 4118 τῷ
3161 4047 3288 4109 τοὺς
3333 4047 3564 4107 κόλπους
3607 4045 3862 4116 Ἀϐραάμ

2191 4130 2310 4182 ἀντὶ
2348 4132 2446 4200 τῆς
2487 4131 2758 4202 βασιλείας
2793 4133 2983 4184 εἰπεῖν.
3029 4130 3161 4183 Οὐδὲ
3203 4129 3311 4200 γὰρ
3359 4131 3533 4181 ἐκεῖνο
3580 4128 3860 4197 γνώριμον

2191 4213 2372 4276 αὑτοῖς
2420 4213 2481 4265 16
2529 4213 2698 4282 ὄνομα
2735 4209 2822 4282 ἦν,
2876 4212 2970 4264 καὶ
3019 4209 3278 4280 μειζόνως
3315 4210 3510 4271 αὑτοὺς
3559 4209 3778 4261 ἔδακνεν
3831 4211 3860 4262 6

2203 4295 2450 4366 Ἀϐραάμ
2479 4297 2558 4358 είς
2585 4295 2644 4348 τὸ
2683 4295 2842 4365 μέσον
2869 4293 3060 4355 τεθείς.
3112 4293 3200 4344 Διὸ
3223 4293 3316 4344 καὶ
3356 4293 3384 4343 6
3429 4291 3680 4360 Ἰωάννης
3704 4290 3859 4344 οὐδὲν

2189 4379 2388 4441 εὐθέως
2408 4379 2533 4447 περὶ
2549 4379 2772 4448 γεέννης
2803 4375 2974 4439 εἶπεν,
3003 4376 3115 4429 ἀλλ’
3135 4376 3164 4428 6
3187 4375 3417 4445 μάλιστα
3439 4375 3633 4436 αὐτοὺς
3670 4373 3858 4426 ἐλύπει

2189 4462 2350 4532 φησίν
2385 4478 2398 4492 ⁸
2455 4460 2549 4527 Μὴ
2603 4461 2818 4527 δόξητε
2863 4463 3100 4528 λέγειν,
3148 4458 3236 4510 ὅτι
3270 4457 3477 4522 παῖδές
3522 4455 3709 4524 ἐσμεν
3747 4456 3859 4508 τοῦ

2203 4542 2445 4611 Ἁϐραάμ
2468 4543 2534 4596 ⁸⁷.
2556 4541 2703 4594 Μετά
2723 4541 2779 4594 δὲ
2803 4541 3006 4594 τούτων
3031 4541 3121 4593 καὶ
3139 4539 3323 4610 ἕτερον
3354 4535 3769 4600 κατασκευάζει,
3796 4537 3858 4589 16

2191 4627 2266 4697 μὴ
2295 4626 2441 4692 δόξαι
2468 4626 2706 4688 ἐναντίος
2731 4643 2813 4688 τις
2848 4621 2983 4677 εἶναι
3011 4627 3078 4694 τῇ
3110 4623 3311 4691 παλαιᾷ
3341 4621 3602 4690 πολιτείᾳ.
3649 4623 3708 4673 Ὀ
3744 4621 3857 4689 γάρ

2186 4708 2312 4769 τοὺς
2338 4706 2679 4776 πατριάρχας
2705 4706 3015 4776 θαυμάζων,
3047 4706 3138 4757 καὶ
3158 4702 3307 4772 λῆξιν
3332 4701 3551 4769 ἀγαθῶν
3574 4702 3700 4762 τοὺς
3718 4701 3858 4752 ἐκείο

2188 4807 2292 4843 νων
2315 4789 2542 4850 κόλπους
2574 4786 2772 4849 καλῶν,
2793 4790 2856 4840 ἐκ
2880 4787 3077 4856 πολλῆς
3105 4787 3203 4855 τῆς
3238 4783 3550 4855 περιουσίας
3583 4783 3676 4835 καὶ
3721 4781 3858 4834 ταύο

2185 4889 2286 4940 την
2307 4871 2518 4940 ἀναιρεῖ
2553 4869 2650 4940 τὴν
2679 4870 2952 4924 ὑπόνοιαν.
2983 4869 3186 4938 Μηδεὶς
3218 4863 3312 4919 οῦν
3354 4867 3483 4936 μίαν
3527 4860 3666 4917 εἶναι
3696 4883 3853 4934 νομι-

2186 4955 2325 5017 ζέτω
2351 4955 2447 5023 τὴν
2471 4954 2696 5022 ἀπειλήν
2721 4971 2733 4984 ·
2761 4953 2921 5020 διπλῆ
2947 4953 3053 5022 γάρ
3077 4950 3299 5004 ἐστικαὶ
3325 4948 3530 5010 τούτοις
3551 4951 3583 5016 ἡ
3608 4948 3853 5010 κόλασις,

2186 5038 2512 5108 κάκείνοιςή
2547 5035 2850 5107 εὐφροσύνη
2871 5052 2884 5064 ·
2930 5034 3140 5097 τούτοις
3167 5033 3285 5104 μέν,
3321 5033 3418 5100 οὑχ
3458 5031 3539 5083 ὃτι
3571 5029 3851 5092 ἐξέπεσον,

2185 5122 2299 5175 ἀλλ’
2331 5121 2411 5172 ὅτι
2438 5119 2544 5170 τῶν
2578 5117 2722 5170 ἰδίων
2756 5117 3010 5180 ἐξέπεσον
3031 5133 3044 5146 ο
3075 5116 3302 5178 ἐκείνοις
3324 5114 3400 5176 δὲ,
3425 5113 3523 5181 οὑχ
3552 5113 3633 5164 ὄτι
3659 5112 3852 5164 ἐπέτυ-

2185 5221 2296 5274 χον,
2323 5201 2540 5255 ἀλλ’ὅτι
2570 5201 2614 5230 ⁸⁸
2648 5194 2722 5252 ὧν
2755 5200 2813 5252 ού
2846 5198 3186 5269 προσεδόκων
3219 5198 3477 5266 ἐπέτυχον
3506 5213 3516 5222 ·
3564 5195 3655 5248 καὶ
3693 5195 3848 5264 τρίτη

2187 5287 2325 5358 μετά
2376 5286 2595 5343 τούτων,
2637 5285 2718 5337 61:
2769 5283 2838 5335 τά
2884 5284 3104 5336 ἐκείνων
3154 5281 3342 5334 ἔλαϐον
3393 5274 3559 5332 οὗτοι.
3594 5279 3758 5340 Υίοὺς
3795 5276 3849 5328 δὲ

2185 5369 2460 5440 βασιλείας
2513 5368 2696 5439 φησὶν,
2756 5361 2837 5430 οἷς
2879 5369 2912 5436 ἡ
2959 5366 3200 5435 βασιλεία
3257 5361 3323 5434 ἦν
3367 5361 3776 5432 ἡτοιμασμένη·
3821 5361 3848 5412 6

483 5470 527 5500 ³³
561 5466 925 5539 προϐαλέσθαι
957 5476 1086 5539 (0m.
1360 5463 1444 5539 ’³³
1461 5457 1893 5539 ἐποίησε]“είναι
1929 5462 2080 5539 ἐνόμι

2190 5457 2516 5539 Edd._P:LulQ
2544 5465 2670 5539 alue
2705 5457 2784 5517 εἰς
2810 5455 2914 5539 τὴν
2933 5456 3116 5539 ρξκίαν
3143 5469 3250 5539 om‘.
3285 5451 3479 5539 ‘Ge.
3526 5445 3845 5539 "z‘éégﬂsﬂ

416 5539 538 5592 add.
573 5522 700 5590 53m
734 5537 789 5590 F.
872 5538 917 5567 ι·
960 5522 1141 5604 δῆλον]
1172 5522 1327 5603 δῆλος
1357 5528 1424 5603 ἦν
1454 5534 1513 5604 c.
1549 5530 1616 5604 F.

1716 5531 1761 5561 as
1791 5526 2120 5600 τασσόμενος
2168 5548 2276 5585 0111.
2310 5529 2371 5579 Α·
2401 5528 2468 5600 Ε-Δ
2497 5527 2520 5578 ί
2560 5526 2724 5600 MOSQ:

2808 5515 3048 5586 ³⁷ἀὺτὸς
3092 5526 3119 5576 6
3157 5524 3250 5574 καὶ
3288 5521 3419 5583 Θεὸς
3454 5519 3549 5572 καὶ
3575 5517 3638 5571 C.
3684 5517 3744 5569 ι).

416 5583 863 5677 ἰδ’ὧ-ἱάὶῖφὲέρα
893 5583 1149 5677 Εάὶίῖλί
1181 5583 1412 5677 ’ὅέέίὶηἰίο
1443 5583 1700 5677 iiii-.13:
1775 5583 2002 5677 δὶαέῖδς
2036 5602 2086 5654 Εε

2252 5600 2294 5630 δι
2338 5597 2596 5664 κατάγειν
2622 5583 2924 5677 είάνάγειν
2958 5583 3308 5677 Εάὶιζηπύλας
3345 5606 3460 5677 οη).¹
3491 5589 3556 5649 Α.
3639 5587 3683 5618 ⁴²
3703 5583 3844 5667 ἐστι]

415 5673 482 5744 ἦν
517 5677 575 5729 ιθ.
655 5660 889 5729 δι”Εὲιει
914 5676 1048 5731 Edd.
1123 5676 1170 5707 ιε
1209 5674 1302 5728 καὶ
1336 5673 1442 5743 γάρ
1470 5670 1847 5744 x11Edd.__"_"
1878 5660 2086 5744 Sic_'_sc:

2190 5671 2199 5724 i
2243 5685 2306 5723 ex
2355 5660 2628 5744 prmdeplo
2661 5660 2838 5744 Elynf.
2874 5663 3030 5744 δίκῃ.
3064 5663 3188 5744 799,
3217 5663 3300 5744 1-8.
3324 5660 3844 5744 οοᾳιί..προστῇνὲι;

415 5747 500 5796 (2f.
528 5745 772 5814 Schwfer.
806 5747 871 5801 ad
903 5745 1055 5800 Dion.
1093 5746 1159 5800 Η.
1200 5747 1266 5799 de
1295 5759 1470 5812 comp.
1506 5760 1594 5814 νγ.

1646 5757 1697 5809 p.
1719 5740 1867 5812 ιιι.
1889 5754 1905 5812 -_
1963 5740 2086 5812 "‘0':

2190 5727 2552 5812 ροηγοῦμενον
2578 5745 2651 5812 _el
2697 5727 2857 5806 p'aulo
2900 5727 3038 5790 infra
3088 5732 3169 5787 διὸ
3201 5731 3346 5786 οὔτε.
3389 5731 3454 5786 Δ.
3497 5727 3558 5782 Ε.

3672 5724 3730 5757 ιτ
3759 5724 3843 5781 δίο

414 5814 573 5869 codd.
605 5805 871 5872 οἶνοι-εδ.
913 5816 995 5869 61:
1041 5815 1254 5886 πατέρα
1292 5805 1484 5886 ἔχομεν
1524 5811 1614 5867 τὸν
1642 5805 1757 5866 Ἇϐ.
1793 5809 1930 5865 Edd.
1998 5810 2086 5866 ιεε

2190 5805 2338 5867 ἀίω.
2367 5807 2458 5862 καὶ
2489 5805 2550 5863 C.
2577 5807 2638 5860 D.
