4080 6138
380 244 482 302 357

382 357 478 410 Die
506 357 669 410 verbo.
697 353 879 426 Neque
900 355 1045 410 illum
1072 355 1140 410 ita
1169 369 1367 411 maeror
1387 357 1637 423 turbavit,
1664 355 1757 410 sed
1791 357 1949 410 etiam

379 449 431 504 in
461 448 764 504 calamitate
811 446 1303 517 philosophabatur,
1355 463 1459 502 non
1509 457 1615 502 tam
1664 448 1957 516 respiciens

376 540 443 596 ad
475 541 622 610 pueri
653 539 1030 607 valetudinem,
1060 553 1217 609 quam
1245 554 1312 592 ne
1339 538 1466 609 quid
1499 539 1612 607 ipse
1653 538 1827 593 minus
1859 538 1954 593 de-

377 641 560 687 center
603 630 821 686 faceret.
872 630 1201 700 Quamquam
1242 645 1348 684 non
1400 631 1515 699 ipse
1564 631 1811 698 petebat,
1862 630 1955 685 sed

376 721 620 798 Christus
646 737 764 777 sese
788 722 980 776 obtulit
1008 739 1020 775 :
1051 730 1280 776 attamen
1311 721 1386 776 sic
1430 736 1640 790 quoque
1687 722 1859 775 timuit
1889 736 1956 776 ne

377 814 510 869 ultra
557 829 714 880 quam
744 814 972 883 dignitas
1019 829 1110 867 sua
1152 813 1442 884 postularet
1483 813 1767 882 acciperet,
1819 829 1955 868 neve

377 919 489 958 rem
517 919 732 973 gravem
759 905 982 958 subiret.
1007 904 1252 958 Vidistin‘
1278 905 1394 973 ejus
1426 905 1792 972 prudentiain?
1823 906 1952 958 Per-

377 995 548 1064 pende
571 995 874 1049 Judreorum
897 995 1176 1049 stultitiam
1207 995 1515 1058 dicentium,
1548 993 1745 1066 Dignus
1773 1005 1846 1048 est
1874 996 1954 1048 cui

373 1089 589 1158 gratiam
614 1091 845 1158 conferas
873 1085 1024 1155 (Luc.
1050 1087 1100 1139 7.
1125 1087 1204 1154 ι).
1233 1085 1366 1140 Cum
1397 1095 1667 1155 oporteret
1692 1085 1758 1140 ad
1788 1085 1952 1140 mise-

373 1178 656 1232 ricordiam
681 1177 805 1232 Jesu
837 1177 1140 1247 confugere,
1185 1177 1258 1231 illi
1289 1177 1598 1248 dignitatem
1636 1178 1949 1240 obtendunt,

373 1285 544 1338 neque
566 1285 672 1339 quo
712 1278 865 1338 pacto
905 1269 1196 1346 obtendere
1239 1270 1471 1338 oportuit
1510 1272 1707 1324 sciunt.
1757 1270 1950 1324 Verum

374 1377 479 1415 non
508 1362 576 1414 ita
606 1361 725 1425 ille;
757 1359 849 1415 sed
887 1375 948 1415 se
985 1360 1204 1414 omnino
1249 1361 1521 1430 indignum
1558 1360 1768 1416 dicebat
1808 1374 1948 1427 esse,

371 1468 476 1505 non
519 1452 677 1506 modo
721 1451 988 1517 beneficii,
1034 1453 1127 1506 sed
1169 1451 1327 1506 etiam
1367 1451 1455 1520 qui
1507 1449 1777 1506 Christum
1805 1451 1948 1505 domi

371 1543 652 1612 reciperet.
684 1542 1040 1609 Quamobrem
1070 1558 1191 1597 cum
1231 1542 1473 1605 dixisset,
1521 1540 1657 1595 Puer
1685 1558 1822 1595 meus
1855 1543 1947 1611 ja-

369 1645 464 1699 cet,
497 1648 600 1686 non
633 1633 925 1704 subjunxit,
975 1634 1086 1698 Dic,
1118 1643 1383 1699 metuens,
1414 1649 1480 1688 ne
1526 1632 1769 1703 indignus
1807 1641 1952 1688 esset

369 1728 460 1782 tali
483 1727 625 1781 dono
659 1746 672 1781 :
703 1727 796 1780 sed
837 1727 1190 1781 calamitatem
1239 1725 1407 1782 solum
1455 1725 1760 1780 declaravit.
1815 1725 1947 1792 Quia

369 1836 500 1878 vero
530 1819 656 1872 vidit
695 1817 966 1872 Christum
1011 1832 1130 1873 sese
1172 1817 1238 1872 ad
1277 1817 1509 1873 eundum
1544 1831 1839 1886 parantem,
1881 1833 1949 1872 ne

368 1914 445 1968 sic
469 1913 682 1984 quidem
712 1909 802 1967 ille
831 1909 884 1963 in
912 1925 1024 1963 rem
1055 1908 1285 1963 oblatam
1319 1908 1524 1974 iusiliit,
1551 1909 1645 1963 sed
1691 1907 1863 1963 adhuc
1894 1912 1945 1963 in

367 2005 531 2073 gradu
559 2005 657 2059 sibi
688 2001 1000 2075 congruenti
1026 2000 1236 2058 mansit.
1263 1999 1316 2055 Si
1347 2001 1464 2069 quis
1495 2015 1622 2055 vero
1651 2000 1810 2065 dicat,
1839 2001 1948 2055 Cur

365 2097 609 2152 Christus
651 2097 796 2152 illum
844 2112 948 2151 non
991 2098 1190 2166 pariter
1219 2092 1536 2150 honoravit?
1570 2093 1793 2147 dixerim
1824 2107 1944 2162 ego,

367 2205 614 2260 magnum
639 2191 736 2259 ipsi
761 2190 1019 2245 honorem
1047 2190 1313 2245 retulisse.
1343 2186 1524 2244 Primo
1545 2187 1780 2255 quidem,
1807 2187 1947 2254 quod

365 2280 600 2333 animum
631 2295 957 2350 pronamque
984 2280 1306 2335 voluntatem
1337 2276 1650 2340 ostenderit,
1682 2293 1798 2345 qua:
1829 2291 1943 2330 ma-

366 2372 510 2426 xime
530 2371 791 2440 apparuit,
823 2371 944 2441 quia
986 2371 1099 2440 ipse
1137 2371 1191 2424 in
1217 2370 1437 2426 domum
1478 2370 1592 2440 ejus
1622 2385 1728 2424 non
1761 2367 1942 2431 venit;

365 2461 620 2527 secundo,
652 2462 794 2532 quod
835 2463 980 2516 illum
1029 2462 1080 2516 in
1129 2477 1348 2530 regnum
1394 2460 1766 2526 introduxerit,
1795 2478 1946 2515 eum-

366 2571 469 2624 quc
492 2556 582 2610 toti
610 2555 844 2610 Judaiczc
878 2555 1020 2624 genti
1048 2555 1416 2624 prteposuerit.
1446 2554 1579 2622 Quia
1609 2554 1748 2608 enim
1781 2568 1839 2608 se
1864 2554 1944 2608 in-

366 2649 580 2718 dignum
628 2647 958 2718 jndicaverat
999 2647 1088 2718 qui
1139 2647 1409 2702 Christum
1460 2646 1603 2700 domi
1659 2646 1940 2715 reciperet,

366 2741 524 2796 etiam
557 2755 718 2810 regno
743 2739 932 2810 dignus
955 2739 1177 2795 ell'ectus
1204 2748 1303 2801 est,
1333 2749 1388 2792 et
1408 2737 1590 2792 eadem
1617 2753 1734 2807 qua:
1769 2737 1942 2790 Abra—

369 2830 488 2884 ham
516 2841 870 2900 consequutus
893 2839 976 2884 est
1002 2830 1156 2884 bona.
1183 2829 1250 2883 Et
1270 2845 1372 2898 qua
1408 2829 1474 2882 tle
1498 2843 1676 2892 causa,
1715 2827 1941 2897 inquies,

367 2922 631 2990 leprOsus,
676 2923 762 2991 qui
809 2922 891 2975 his
930 2921 1127 2991 majora
1171 2921 1501 2985 exhibuerat,
1551 2935 1656 2974 non
1707 2919 1946 2974 laudatus

365 3016 480 3070 est?
509 3014 689 3084 Neque
712 3015 851 3068 enim
874 3015 1004 3069 dixit
1031 3014 1138 3081 ille,
1165 3013 1262 3067 Dic
1288 3013 1431 3068 verba
1454 3029 1472 3077 ;
1507 3014 1598 3068 sed
1629 3013 1766 3082 quod
1791 3013 1947 3083 longe

367 3109 540 3178 majus
565 3120 698 3174 erat,
730 3108 874 3163 Velis
903 3106 1270 3162 tantummodo
1302 3123 1314 3158 :
1347 3107 1397 3159 id
1423 3107 1563 3174 quod
1592 3106 1658 3160 de
1682 3106 1836 3160 Patre
1874 3105 1948 3159 ait

366 3200 667 3270 propheta:
703 3197 921 3262 Omnia,
976 3189 1298 3267 quacumque
1350 3196 1537 3256 voluit,
1603 3197 1720 3266 fecit
1774 3194 1943 3265 (Psal.

365 3291 488 3345 115.
518 3291 572 3344 5.
606 3287 766 3359 [11]).
800 3289 991 3342 Verum
1023 3288 1114 3341 ille
1143 3300 1352 3354 quoque
1386 3285 1632 3338 laudatus
1671 3293 1772 3339 est.
1813 3284 1945 3339 Cum

364 3381 506 3435 cnim
531 3380 684 3441 dixit,
718 3377 858 3444 Oﬁ'er
877 3377 1084 3441 donum,
1112 3377 1246 3447 quod
1267 3377 1502 3445 prazcepit
1533 3375 1752 3446 Moyses,
1783 3377 1836 3430 in
1877 3387 1950 3430 te-

364 3472 655 3525 stimonium
695 3471 816 3537 illis,
848 3470 980 3524 nihil
1008 3469 1148 3523 aliud
1179 3477 1292 3524 erat
1327 3484 1482 3538 quam
1515 3469 1710 3534 dicere,
1751 3469 1829 3523 Tu
1855 3485 1946 3524 ac-

365 3561 581 3616 cusabis
615 3561 752 3626 illos,
794 3561 915 3631 quia
956 3560 1250 3615 credidisti.
1300 3560 1543 3630 Alioquin
1582 3575 1686 3615 non
1728 3559 1947 3628 perinde

365 3663 482 3708 erat
526 3652 790 3715 Judaeum,
835 3662 993 3722 atque
1040 3661 1349 3706 extraneum
1401 3651 1651 3721 gentilem
1702 3650 1944 3706 credere.

367 3745 519 3812 Quod
546 3745 687 3798 enim
714 3744 954 3798 centurio
981 3743 1196 3797 Judaeus
1227 3757 1330 3797 non
1357 3753 1518 3808 esset,
1559 3741 1610 3796 id
1657 3743 1824 3812 liquet
1863 3742 1947 3797 vel

368 3851 430 3891 ex
456 3851 521 3891 eo
542 3837 681 3906 quod
708 3836 949 3889 centurio
978 3843 1138 3900 esset,
1171 3843 1226 3888 et
1264 3834 1404 3904 quod
1438 3833 1680 3888 Christus
1704 3832 1897 3887 dixerit
1931 3852 1944 3887 :

370 3925 549 3998 Neque
575 3928 627 3980 in
659 3925 818 3980 Israel
842 3935 1033 3979 tantam
1059 3927 1212 3994 [idem
1237 3925 1421 3979 inveni.

437 4021 494 4074 4.
523 4019 752 4089 Eratque
791 4018 1027 4087 profecto
1066 4033 1149 4072 res
1181 4032 1390 4086 magna,
1431 4017 1698 4071 hominem
1739 4017 1826 4086 qui
1857 4031 1951 4071 ex-

370 4123 448 4168 tra
478 4112 779 4167 Judarorum
801 4111 1098 4180 catalogum
1127 4119 1260 4176 erat,
1293 4116 1437 4162 tanta
1457 4109 1522 4163 de
1559 4108 1773 4164 Clu-isto
1800 4109 1948 4178 cogi-

372 4215 530 4260 tasse.
562 4204 712 4267 Nam,
743 4211 800 4258 ut
835 4203 962 4255 mihi
1002 4201 1227 4264 videtur,
1256 4215 1518 4270 supernos
1559 4198 1646 4253 ille
1684 4200 1950 4254 exercitus

371 4304 550 4350 mente
577 4304 928 4364 eonceperat;
976 4292 1314 4360 morbosque,
1349 4300 1573 4344 mortem
1601 4289 1809 4359 aliaque
1837 4294 1950 4342 or'n-

371 4389 458 4443 nia
489 4389 556 4442 ita
582 4386 794 4442 Christo
832 4386 1070 4456 subjecta
1101 4399 1238 4448 esse,
1271 4393 1328 4437 ut
1361 4382 1555 4437 milites
1593 4383 1714 4438 sibi.
1751 4382 1950 4448 Quam-

371 4481 554 4534 obrem
584 4480 789 4536 dicebat
820 4496 832 4532 :
865 4478 1001 4532 Nam
1027 4495 1118 4549 ego
1148 4478 1296 4531 homo
1315 4494 1427 4531 sum
1452 4476 1540 4530 sub
1571 4486 1812 4548 potestate
1836 4493 1953 4530 con-

371 4576 612 4638 stitutus;
663 4575 761 4627 hoc
807 4583 908 4637 est,
956 4573 1034 4625 Tu
1083 4573 1239 4636 Deus,
1290 4586 1388 4641 ego
1430 4571 1589 4625 homo
1636 4589 1649 4624 :
1703 4583 1803 4640 ego
1855 4569 1954 4624 sub

373 4673 658 4736 potestate,
689 4673 743 4717 tu
775 4679 878 4717 non
905 4664 1002 4717 sub
1042 4671 1322 4731 potestate.
1351 4661 1406 4716 Si
1435 4676 1534 4730 ego
1571 4661 1748 4730 igitur,
1794 4659 1953 4713 homo

370 4768 426 4811 et
455 4755 556 4810 sub
603 4763 881 4822 potestate,
920 4763 1063 4806 tanta
1109 4767 1321 4822 possum
1357 4769 1369 4805 :
1403 4753 1568 4807 multo
1615 4753 1782 4822 magis
1818 4751 1950 4818 ipse,

374 4851 464 4919 qui
492 4858 547 4904 et
579 4847 716 4902 Deus
742 4855 903 4902 estet
931 4846 1028 4900 sub
1073 4853 1332 4914 potestate
1373 4860 1476 4899 non
1521 4853 1636 4910 est;
1671 4845 1785 4899 vult
1811 4845 1953 4898 enim

375 4960 442 4998 ex
486 4955 691 4996 atnnma
740 4939 1138 5008 prmeminenlia
1179 4938 1284 4994 hoc
1326 4938 1399 4992 illi
1453 4938 1698 5003 suadere,
1741 4953 1800 4993 se
1846 4954 1951 4992 non

376 5034 550 5088 simile
579 5032 881 5100 exemplum
934 5029 1142 5095 afferre,
1183 5031 1275 5086 sed
1304 5033 1378 5086 rei
1423 5031 1580 5100 longe
1606 5031 1951 5085 sublimioris.

377 5125 508 5181 Nam
551 5125 594 5178 si
627 5139 746 5194 cgt),
780 5122 967 5191 inquit,
1019 5122 1108 5190 qui
1149 5108 1247 5190 par
1273 5121 1524 5191 subjectis
1569 5136 1708 5187 sum,
1763 5121 1958 5197 etsub

379 5227 642 5288 potestate
684 5215 1020 5275 constitutus,
1050 5214 1120 5268 ob
1149 5229 1360 5283 parvam
1409 5224 1583 5268 tamen
1631 5212 1957 5284 przeiecturaa

379 5310 768 5374 auctoritatem,
804 5316 946 5360 tanta
980 5321 1192 5376 possum
1225 5305 1436 5359 nemine
1474 5314 1831 5375 repugnante;
1862 5304 1957 5359 sed

379 5418 496 5472 quae
527 5402 730 5470 impero
774 5400 972 5462 mania,
1025 5398 1238 5452 diversa
1279 5397 1401 5451 licet
1430 5397 1553 5459 sint,
1589 5394 1958 5466 exsequutioni

380 5491 725 5556 mandantur;
762 5491 862 5543 Alii
890 5491 1020 5543 enim
1047 5489 1180 5552 dico,
1215 5485 1369 5551 Vade,
1397 5497 1441 5539 et
1462 5489 1595 5540 vadit
1624 5503 1641 5539 :
1666 5489 1775 5552 alii,
1812 5486 1957 5555 Vetti,

380 5583 580 5636 etvenit
615 5599 631 5634 :
663 5583 818 5652 longe
855 5582 1052 5647 majora
1101 5590 1154 5633 tu
1194 5579 1411 5649 poteris.
1439 5576 1662 5645 Quidam
1703 5576 1844 5632 hunc
1883 5578 1962 5632 lo-

382 5687 502 5728 cum
526 5673 595 5729 ita
621 5675 801 5745 legunt
830 5696 842 5730 :
877 5674 937 5730 Si
966 5675 1098 5729 enim
1125 5688 1217 5744 ego
1245 5670 1393 5725 homo
1420 5685 1531 5723 cum
1557 5669 1674 5738 sim,
1703 5677 1756 5724 et
1793 5668 1960 5724 inter-

1331 243 1396 298 IN
1435 242 1836 300 MATTIUEUM
1880 239 2103 296 llOMlL.
2149 241 2336 297 XXVI.
2378 245 2446 298 al.
2491 245 2699 300 XXV".

3542 259 3648 309 37.8

2063 355 2347 422 punctione
2371 359 2542 427 posita
2570 360 2912 430 subjungunt,
2953 363 3044 416 sub
3071 374 3309 430 potestate
3333 366 3518 424 habens
3552 372 3644 424 sub

2059 463 2140 501 me
2165 450 2363 505 milites.
2387 450 2467 505 Tu
2491 467 2619 506 vero
2635 453 2942 508 consideres
2971 457 3148 522 velim,
3177 460 3444 528 quomodo
3460 471 3641 517 osten-

2059 536 2150 592 dat
2175 539 2346 607 ipsum
2378 543 2532 595 etiam
2564 544 2718 596 morti
2752 552 2807 597 ut
2844 560 2998 599 servo
3049 547 3330 615 imperare,
3367 559 3421 605 et
3449 553 3639 620 praeci-

2059 643 2188 696 pere
2215 637 2272 682 ut
2294 629 2588 686 dominum.
2620 631 2753 687 Cum
2775 635 2916 688 enim
2943 635 3087 698 dicit,
3129 636 3274 701 Veni,
3306 649 3354 692 et
3384 642 3533 706 venit,
3562 651 3638 708 et,

2069 717 2229 782 Vade,
2256 729 2302 773 et
2335 722 2490 788 vadit,
2539 722 2591 777 id
2637 723 2899 793 signiﬁcat
2931 745 2942 780 :
2977 727 3032 780 Si
3059 727 3283 795 jussvris
3313 746 3416 783 non
3460 733 3640 786 venire

2059 819 2283 864 mortem
2317 827 2477 881 super
2510 829 2652 879 eum,
2681 831 2782 869 non
2819 817 3012 871 veniet.
3056 819 3238 873 Viden‘
3265 836 3422 890 quam
3469 822 3638 878 ﬁdelis

2057 905 2234 956 esset?
2259 903 2410 970 Quod
2446 906 2587 960 enim
2637 909 2882 962 omnibus
2936 920 3115 978 postea
3155 913 3357 966 clarum
3402 913 3636 970 futurum

2059 1001 2192 1057 erat,
2226 994 2577 1066 omnibusque
2603 1009 2811 1062 notum,
2845 999 2930 1054 hic
2955 1001 3062 1069 jam
3093 1003 3262 1070 palam
3292 1003 3436 1071 facit,
3465 1005 3635 1074 ipsum

2058 1097 2251 1153 nempe
2293 1084 2489 1142 habere
2523 1097 2836 1156 potestatem
2889 1092 3074 1146 mortis
3112 1102 3164 1147 et
3204 1095 3344 1161 vilic,
3379 1111 3640 1167 posseque

2056 1173 2121 1226 ad
2157 1184 2334 1242 portas
2360 1178 2546 1232 mortis
2567 1178 2832 1236 deducere
2861 1197 2922 1236 ac
2942 1183 3216 1239 reducere.
3245 1185 3428 1254 Neque
3454 1187 3518 1246 de
3542 1187 3639 1240 mi-

2059 1267 2237 1323 litibus
2266 1269 2438 1326 solum
2483 1270 2633 1335 dixit,
2662 1272 2757 1326 sed
2788 1274 2944 1328 etiam
2977 1274 3044 1329 de
3069 1276 3256 1340 servis,
3289 1277 3430 1346 quod
3473 1278 3640 1348 majoo

2056 1361 2130 1415 ris
2159 1361 2524 1432 obsequentia:
2544 1372 2678 1417 erat.
2722 1365 2967 1420 Attamen
2999 1375 3198 1422 tantam
3229 1368 3429 1424 habens
3455 1369 3633 1435 tidem,

2057 1465 2116 1506 se
2159 1452 2429 1522 indignum
2457 1455 2673 1522 putabat
2699 1470 2712 1518 ;
2757 1455 3000 1512 Christus
3029 1468 3204 1512 autem
3235 1461 3525 1515 ostendens
3554 1462 3636 1515 di-

2054 1556 2217 1610 gnum
2259 1543 2404 1596 illum
2446 1559 2587 1610 esse,
2620 1545 2772 1614 cujus
2797 1546 3012 1600 domum
3046 1548 3287 1614 intraret,
3321 1550 3488 1603 multo
3527 1566 3638 1604 ma-

2050 1632 2167 1701 jora
2217 1634 2266 1688 ei
2314 1636 2562 1696 contulit.
2593 1636 2764 1704 ipsum
2816 1637 3086 1692 admirans
3130 1649 3287 1708 atque
3321 1642 3633 1710 praedicans,

2055 1723 2313 1792 pluraque
2360 1723 2494 1778 dans
2532 1739 2690 1794 quam
2720 1727 2966 1796 petierat.
3016 1726 3172 1782 Venit
3201 1729 3343 1783 enim
3396 1730 3637 1798 corporis

2053 1815 2280 1870 salutem
2313 1831 2477 1886 puero
2516 1832 2782 1886 qmerens,
2811 1827 2865 1873 et
2910 1828 3130 1889 accepto
3168 1835 3332 1890 regno
3368 1821 3632 1876 discessit.

2056 1905 2244 1960 Viden‘
2282 1906 2550 1977 quomodo
2575 1907 2684 1977 jam
2739 1909 3012 1978 impletum
3067 1920 3176 1964 erat
3233 1911 3382 1976 illud,
3418 1910 3639 1975 Qutt’rite

2053 2014 2261 2068 regnum
2281 1999 2538 2063 cwlorum,
2565 2007 2610 2052 et
2631 1998 2736 2052 luet:
2761 2000 2930 2052 omnia
2945 1999 3248 2068 adjiciantur
3265 2000 3400 2054 vobis
3423 2000 3634 2072 (Matth.

2055 2089 2106 2144 6.
2137 2091 2266 2160 55)?
2305 2090 2441 2156 Quia
2466 2090 2607 2144 enim
2637 2091 2856 2144 multam
2893 2089 3049 2145 [idem
3079 2100 3132 2146 et
3167 2092 3517 2146 humilitatem
3545 2109 3636 2146 cx-

2055 2181 2321 2245 hibuerat,
2353 2191 2406 2236 et
2434 2181 2622 2236 caelum
2649 2181 2816 2248 dedit,
2839 2191 2893 2236 et
2917 2184 3067 2253 pueri
3089 2184 3368 2238 sanitatem
3399 2185 3592 2253 adjecit
3618 2202 3631 2236 :

2054 2289 2153 2329 nec
2175 2276 2344 2344 ipsum
2373 2274 2463 2328 illo
2493 2283 2694 2328 tantum
2717 2273 2874 2328 modo
2896 2274 3195 2340 honoravit,
3219 2275 3312 2329 sed
3333 2276 3491 2328 etiam
3518 2291 3637 2328 cuin

2053 2368 2284 2422 ostendit
2331 2367 2524 2436 quibus
2568 2368 2752 2435 ejectis
2804 2367 2892 2421 ille
2946 2366 3392 2422 introduceretur.
3463 2367 3636 2435 Atque

2051 2459 2244 2514 exinde
2273 2460 2520 2514 omnibus
2564 2469 2746 2515 notum
2789 2459 2932 2526 facit,
2963 2475 3028 2514 ex
3083 2459 3184 2514 ﬁde
3228 2460 3450 2514 salutem
3497 2475 3633 2522 esse,

2050 2567 2157 2608 non
2188 2568 2252 2605 ex
2280 2552 2343 2606 tis
2373 2567 2489 2622 quae
2519 2551 2808 2606 secundum
2836 2552 3005 2621 legem
3037 2559 3187 2606 erant
3205 2551 3472 2620 operibus.
3501 2551 3639 2618 Qua-

2051 2657 2265 2720 wojiter
2297 2663 2399 2704 non
2423 2646 2622 2704 Iudaeis
2661 2655 2886 2713 tantum,
2929 2647 3021 2702 sed
3049 2649 3205 2701 etiam
3253 2649 3498 2717 gentibus
3540 2648 3638 2701 hoc

2050 2740 2249 2794 dtmuttt
2307 2743 2632 2810 propositum
2674 2745 2802 2803 erit:
2852 2738 2957 2795 imo
2989 2736 3070 2792 his
3101 2738 3273 2805 potius
3311 2753 3468 2807 quam
3511 2737 3635 2790 illis.

2050 2832 2126 2888 Ne
2148 2832 2343 2901 putetis
2381 2833 2543 2899 enim,
2589 2833 2776 2902 inquit,
2809 2832 2858 2887 id
2903 2837 2954 2887 in
2984 2829 3292 2883 centurione
3333 2838 3531 2882 tantmn
3565 2826 3639 2880 fa-

2051 2933 2192 2978 ctum
2223 2938 2361 2986 esse,
2396 2925 2487 2978 sed
2519 2925 2568 2979 in
2603 2934 2713 2980 tuto
2742 2925 2871 2980 orbe
2894 2925 3120 2994 idipsum
3161 2921 3282 2980 erit.
3323 2920 3433 2974 llnc
3462 2929 3636 2973 autem

2051 3015 2204 3077 dixit,
2250 3032 2344 3084 per
2380 3017 2708 3086 prophetiam
2753 3017 2819 3071 de
2848 3017 3093 3086 gentibus
3135 3019 3377 3087 loquens,
3405 3013 3638 3086 ipsisque

2052 3104 2246 3158 bonam
2300 3121 2447 3173 spem
2487 3107 2738 3161 oll'erens.
2781 3107 2988 3161 Etenim
3037 3123 3102 3161 ex
3151 3108 3368 3162 Galilma
3397 3110 3633 3176 gentium

2053 3197 2312 3264 erantqui
2341 3198 2697 3265 sequebantur
2733 3213 2874 3252 eum.
2906 3198 3029 3252 lla-c
3055 3213 3215 3267 porro
3243 3197 3472 3263 dicebat,
3505 3213 3637 3266 geu-

2056 3291 2136 3337 tes
2167 3300 2270 3336 non
2316 3286 2498 3340 sinetis
2537 3287 2772 3339 animum
2826 3285 3180 3354 despondere,
3229 3285 3639 3354 Judazorumque

2055 3373 2247 3428 fastum
2277 3374 2600 3443 deprimens.
2629 3375 2707 3430 Ne
2733 3385 2910 3430 autem
2939 3375 3021 3430 his
3045 3375 3200 3430 dictis
3226 3375 3522 3431 offenderet
3545 3392 3638 3429 au-

2055 3464 2274 3526 ditores,
2310 3481 2443 3519 neve
2476 3466 2809 3520 occasionem
2841 3465 3104 3536 praeberet
3128 3466 3323 3530 ullam;
3353 3482 3456 3520 non
3490 3468 3638 3536 prius

2055 3554 2122 3608 de
2147 3555 2389 3624 gentibus
2418 3555 2685 3624 loquutus,
2719 3556 2813 3611 sed
2857 3559 3136 3612 occasione
3166 3567 3315 3626 capta
3343 3573 3409 3611 ex
3446 3567 3634 3611 centu-

2055 3646 2224 3711 rione,
2255 3661 2322 3699 ne
2349 3662 2539 3700 nomen
2563 3646 2773 3722 quidem
2791 3648 3026 3718 gentium
3052 3657 3236 3717 aperte
3263 3647 3428 3716 ponit.
3452 3646 3636 3716 Neque

2053 3739 2198 3793 enim
2226 3737 2377 3804 dixit,
2403 3738 2544 3793 Multi
2574 3755 2641 3793 ex
2682 3740 2963 3810 gentibus;
3007 3740 3121 3806 sed,
3150 3739 3304 3793 Multi
3349 3755 3412 3794 ea:
3448 3740 3638 3793 oriente

2056 3840 2102 3884 et
2131 3830 2402 3896 occidente,
2435 3831 2576 3899 quod
2615 3843 2802 3902 gentes
2845 3833 3027 3902 utique
3070 3833 3422 3902 signiﬁcabat,
3465 3847 3638 3902 neque

2055 3931 2232 3978 tamen
2261 3923 2566 3977 oﬂ‘endehat
2595 3924 2896 3989 auditores;
2933 3924 3227 3979 involutum
3252 3925 3396 3978 enim
3421 3933 3537 3979 erat
3562 3925 3637 3979 di-

2047 4026 2219 4070 ctum.
2250 4015 2431 4086 Neque
2463 4015 2565 4071 hoc
2604 4025 2805 4070 tantum
2834 4017 2992 4072 modo
3020 4018 3151 4072 lenit
3177 4017 3315 4072 hanc
3341 4033 3530 4071 novam
3553 4017 3637 4071 in-

2055 4109 2372 4177 solitamque
2408 4106 2726 4174 doctrinam,
2758 4107 2851 4162 sed
2889 4108 3030 4179 quod
3075 4109 3248 4162 sinum
3277 4107 3505 4163 Abraha:
3544 4124 3642 4178 pro

2056 4214 2223 4269 regno
2252 4199 2512 4269 posuerit.
2544 4198 2726 4269 Neque
2753 4199 2895 4255 enim
2935 4199 3038 4254 hoc
3065 4200 3192 4270 ipsis
3222 4209 3403 4254 notum
3443 4215 3638 4254 nomen

2057 4301 2172 4347 erat
2204 4309 2217 4346 :
2249 4291 2521 4362 magisque
2555 4292 2674 4346 illos
2703 4291 2985 4347 mordebat
3013 4291 3280 4348 Abraham
3311 4293 3364 4346 in
3405 4292 3638 4347 medium

2057 4383 2335 4437 adductus.
2386 4382 2721 4451 Quapropter
2757 4382 2988 4438 Joannes
3033 4383 3164 4437 nihil
3202 4383 3380 4438 statim
3435 4382 3502 4438 de
3544 4398 3640 4452 ge-

2059 4476 2234 4530 ltenna
2277 4475 2448 4550 dixit;
2477 4473 2570 4528 sed
2616 4475 2754 4544 qttod
2788 4476 2951 4544 magis
2995 4475 3114 4530 illos
3153 4475 3417 4550 pungebat
3442 4475 3638 4540 attulit,

2062 4569 2238 4623 Nolite
2260 4570 2438 4630 dicere,
2478 4566 2680 4622 Patrem
2704 4569 2942 4623 habemus
2962 4568 3213 4622 Abraham
3246 4567 3453 4639 (Matth.
3479 4567 3529 4620 5.
3561 4567 3636 4638 9).

2059 4661 2191 4718 Cum
2223 4661 2305 4715 his
2329 4659 2472 4714 aliud
2499 4661 2658 4715 etiam
2692 4661 2952 4730 providet,
2983 4677 3049 4713 ne
3076 4659 3316 4715 videatur
3356 4660 3519 4714 veteri
3561 4660 3640 4712 vi-

2060 4754 2216 4809 vendi
2243 4754 2484 4808 instituto
2509 4752 2807 4807 contrarius
2836 4766 2976 4806 esse.
3010 4750 3140 4804 Nam
3183 4751 3272 4820 qui
3316 4748 3644 4819 patriarchas

2061 4845 2376 4910 admiratur,
2405 4857 2695 4912 eorumque
2734 4834 3107 4897 sinus'sortem
3159 4843 3418 4897 bonorum
3459 4841 3642 4910 appel-

2061 4935 2156 4999 lat,
2205 4937 2342 4988 hanc
2381 4933 2736 5002 suspicionem
2782 4933 3002 4986 omnino
3073 4941 3126 4987 et
3183 4933 3436 4987 radicitus
3486 4933 3639 4986 tollit.

2061 5025 2228 5079 Nemo
2261 5025 2438 5093 itaque
2473 5038 2630 5077 unam
2675 5038 2794 5077 esse
2826 5032 2970 5092 putet
3011 5025 3476 5079 comminationetn
3504 5041 3517 5076 :
3547 5024 3639 5078 du-

2061 5119 2184 5188 plex
2209 5119 2404 5186 quippe
2436 5125 2519 5171 est
2565 5114 3248 5188 illissupplicium,duplex
3294 5118 3374 5171 his
3418 5117 3636 5169 laetitia:

2065 5210 2170 5264 illis
2195 5208 2426 5278 quidem,
2471 5222 2576 5261 non
2616 5207 2756 5276 quod
2791 5207 3087 5264 exciderint
3119 5220 3344 5272 tantum,
3372 5207 3463 5262 sed
3503 5205 3646 5274 quod

2064 5316 2129 5356 ex
2162 5300 2388 5370 propriis
2417 5298 2738 5362 exciderint;
2769 5299 2848 5353 his
2880 5315 3008 5354 vero
3038 5317 3140 5355 non
3169 5301 3308 5370 quod
3336 5308 3530 5353 sortem
3559 5311 3644 5348 ac-

2065 5393 2326 5462 ceperint,
2371 5390 2463 5445 sed
2494 5390 2633 5460 quod
2663 5406 2820 5460 quam
2863 5408 2966 5446 non
3012 5391 3387 5460 eXSpectabant
3424 5402 3644 5454 accepeo

2067 5485 2173 5540 rint
2206 5501 2218 5537 :
2254 5481 2334 5536 his
2357 5483 2509 5537 tertia
2529 5481 2796 5551 adjicitur,
2827 5483 2966 5552 quod
2991 5481 3045 5534 hi
3072 5496 3134 5536 ea
3161 5494 3278 5548 qua:
3309 5477 3372 5531 ad
3396 5477 3513 5530 illos
3538 5492 3645 5544 per-

2069 5575 2309 5631 tinebant
2339 5574 2661 5643 acceperint.
2705 5573 2869 5626 Filios
2912 5581 3087 5626 autem
3132 5569 3275 5639 regni
3322 5577 3476 5621 vocat
3508 5567 3642 5631 illos,

2073 5668 2265 5739 quibus
2282 5655 2502 5738 regnum
2535 5674 2772 5736 paratum
2803 5671 2951 5730 erat;
2983 5660 3123 5732 quod
3154 5661 3381 5716 maxime
3403 5659 3521 5716 illos
3544 5657 3645 5712 do-
