4080 6138
435 235 540 292 339

437 351 552 406 lore
576 348 860 405 afﬁciebat.
889 346 1174 418 Postquam
1206 347 1438 404 ostendit
1459 347 1598 401 enim
1624 344 1743 400 illos
1784 359 1848 400 ex
1893 358 2018 414 pro-

437 443 694 497 missione
720 441 770 495 in
794 441 915 496 sinu
953 439 1183 495 Abrahae
1212 455 1350 504 esse,
1392 439 1519 493 hinc
1555 437 1676 492 illos
1701 435 1881 491 statim
1921 450 2019 491 ex-

437 533 622 588 cludit.
661 533 882 597 Deinde,
923 532 1044 602 quia
1091 531 1192 585 hoc
1239 531 1438 585 dictum
1465 530 1567 584 lata
1593 527 1854 584 sententia
1881 535 2018 594 erat,

438 626 489 680 id
517 627 668 696 signo
691 625 988 691 continuat,
1025 623 1468 696 quemadmodum
1499 631 1554 677 et
1598 622 1746 691 signa
1785 635 1851 675 ex
1884 634 2020 688 prae-

441 716 676 774 dictione
702 732 877 772 rcrum
903 732 1019 788 qua:
1040 726 1222 786 postea
1248 722 1542 768 evenerunt
1569 721 1897 768 asseruntur.

513 829 566 883 5.
614 829 712 897 Qui
761 829 917 900 igitur
977 843 1081 882 non
1129 827 1295 882 credit
1345 834 1470 882 tune
1517 835 1759 882 sanatum
1800 836 2020 893 puerum

442 920 626 986 fuisse,
657 920 703 975 is
728 921 809 974 vel
838 936 900 974 ex
931 918 1226 989 prephetia,
1261 933 1380 988 quae
1399 917 1509 988 jam
1540 916 1753 985 impleta
1788 913 1900 977 fuit,
1934 914 2019 967 in-

439 1013 666 1068 ducatur
693 1021 748 1064 ut
773 1010 974 1066 credat.
1022 1009 1153 1064 Nam
1183 1009 1463 1078 prophetia
1495 1016 1619 1062 ante
1659 1017 1908 1060 eventum
1955 1018 2020 1058 ex

435 1107 593 1176 signo
618 1114 740 1160 tunc
769 1103 906 1160 facto
929 1113 1051 1158 nota
1081 1101 1327 1157 omnibus
1353 1101 1466 1156 fuit.
1503 1099 1732 1169 ideoque
1752 1113 1872 1152 eum
1907 1096 2043 1150 hare.

435 1207 565 1251 ante
593 1195 930 1264 prmdixisset
959 1236 974 1260 ,
1004 1203 1129 1248 tunc
1155 1193 1505 1264 paralyticum
1537 1191 1732 1254 erexit,
1762 1200 1819 1243 ut
1851 1189 2021 1242 futura

435 1301 504 1340 ex
533 1285 884 1356 prmsentibus
913 1294 1284 1340 assererentur
1308 1325 1323 1348 ,
1351 1293 1402 1337 et
1436 1297 1463 1335 a
1496 1281 1684 1351 majori
1717 1281 1890 1334 minus
1931 1279 2024 1331 lir-

437 1387 693 1432 maretur.
726 1376 857 1432 Nam
889 1375 1030 1446 quod
1062 1375 1258 1430 virtute
1307 1373 1510 1443 pra'diti
1543 1371 1696 1425 bonis
1745 1369 1985 1422 fruantur
2006 1408 2023 1433 ,

441 1467 631 1537 hisque
671 1468 896 1537 oppositi
945 1481 1127 1536 pmnas
1161 1466 1350 1531 luant,
1403 1464 1450 1517 id
1497 1479 1525 1516 a
1565 1459 2028 1517 verisimilitudine

442 1575 548 1613 nou
576 1560 830 1614 abhorret
855 1576 868 1611 :
903 1558 1008 1612 imo
1038 1568 1092 1611 et
1122 1557 1310 1611 rationi
1340 1563 1393 1609 et
1419 1554 1592 1623 legum
1634 1552 1867 1621 aequitati
1901 1566 2029 1605 con-

443 1660 756 1703 sentaneum
783 1658 890 1711 est;
925 1648 1272 1719 paralyticum
1292 1653 1468 1700 autem
1499 1644 1711 1697 ﬁrmare
1739 1651 1793 1697 et
1817 1657 2025 1708 curare,

443 1739 616 1807 majus
635 1754 792 1808 quam
824 1747 1005 1792 natura
1036 1739 1194 1792 ferret
1217 1744 1354 1791 erat.
1383 1735 1633 1792 Attamen
1659 1734 1723 1789 ad
1751 1749 1867 1788 rem
1885 1733 2027 1787 illam

445 1846 690 1900 magnam
730 1840 888 1900 atque
925 1830 1220 1885 mirabilem
1253 1844 1357 1882 non
1404 1842 1589 1898 parum
1638 1826 1862 1881 contulit
1899 1840 2028 1878 cen-

448 1927 620 1989 turio;
669 1921 720 1976 id
765 1922 904 1992 quod
949 1921 1108 1976 etiam
1158 1919 1402 1974 Christus
1443 1917 1720 1972 declarans
1766 1915 1977 1970 dicebat
2013 1931 2026 1967 :

456 2015 594 2070 Vade
621 2057 635 2081 ,
682 2023 729 2069 et
771 2015 896 2069 sicut
944 2013 1201 2067 credidisti
1245 2013 1334 2079 ﬁat
1366 2009 1730 2064 tibi.Vidistin’
1760 2005 2030 2077 quomodo

444 2110 688 2162 restituta
713 2123 876 2176 puero
903 2107 1104 2160 sanitas
1151 2116 1203 2159 et
1226 2104 1424 2159 Christi
1459 2104 1742 2174 potentiam
1771 2111 1824 2157 et
1848 2109 2032 2155 centu-

442 2200 614 2254 rionis
645 2200 800 2254 fidem
830 2198 1213 2265 praalicaverit,
1244 2206 1297 2251 et
1325 2195 1464 2264 quod
1499 2193 1732 2248 futurum
1759 2201 1875 2248 erat
1903 2207 2032 2247 cou-

442 2291 764 2346 tirmaverit.
813 2291 924 2345 lmo
952 2306 1077 2344 vero
1118 2289 1294 2344 omnia
1336 2287 1532 2342 Christi
1568 2287 1855 2356 potentiam
1898 2301 2034 2354 prm-

442 2382 717 2435 dieabant.
748 2380 861 2434 Non
893 2381 1034 2434 enim
1063 2394 1256 2449 corpus
1285 2389 1485 2432 tantum
1519 2378 1666 2446 pueri
1706 2375 2033 2442 sanavit,sed

441 2472 606 2526 etiam
632 2470 959 2524 centurionis
995 2471 1225 2524 animam
1260 2471 1310 2522 in
1344 2469 1500 2522 ﬁdem
1533 2483 1625 2537 per
1655 2469 1908 2522 miracula
1949 2475 2035 2522 at-

450 2564 630 2618 traxit.
663 2563 742 2617 Tu
774 2579 898 2618 vero
944 2579 1013 2618 ne
1053 2562 1103 2617 id
1144 2571 1347 2617 tantum
1389 2562 1689 2633 perpeudas
1713 2605 1727 2627 ,
1776 2562 1917 2631 quod
1951 2562 2038 2617 hic

450 2653 760 2720 crediderit,
804 2654 891 2708 ille
917 2661 1133 2708 sanatus
1160 2655 1246 2718 sit,
1279 2653 1371 2708 sed
1400 2655 1475 2709 rei
1503 2654 1830 2708 celeritatem
1875 2654 2037 2707 mira-

448 2761 550 2810 re;
597 2761 716 2798 nam
761 2744 863 2800 hoc
909 2746 1231 2816 evangelista
1281 2745 1568 2801 declaravit
1598 2765 1610 2800 :
1640 2745 1705 2799 Et
1734 2758 1942 2801 sanatus
1966 2757 2038 2801 est

459 2854 584 2904 puer
609 2838 659 2890 in
707 2838 797 2891 illa
845 2839 970 2891 liora
999 2853 1017 2892 :
1046 2838 1185 2908 quod
1216 2838 1375 2892 etiam
1420 2838 1487 2893 de
1531 2839 1744 2907 leproso
1784 2840 1992 2894 dicebat
2019 2881 2033 2906 ,

455 2927 731 2995 Confestim
763 2929 1031 2982 mundatus
1076 2939 1166 2984 est.
1217 2929 1330 2983 Non
1377 2929 1518 2983 enim
1549 2929 1786 2986 curando
1821 2931 1992 2986 solum
2022 2971 2037 2997 ,

451 3019 550 3072 sed
579 3020 736 3072 etiam
783 3019 832 3073 id
862 3020 1226 3089 inexspectato
1272 3023 1430 3075 modo
1472 3031 1526 3077 et
1573 3023 1624 3076 in
1667 3033 1939 3078 momento
1968 3024 2042 3077 l'a-

457 3108 670 3174 ciendo,
701 3111 991 3178 potentiam
1019 3111 1354 3166 ostendebat.
1389 3112 1568 3181 Neque
1599 3113 1699 3168 hoc
1730 3113 1889 3168 modo
1921 3123 2040 3166 tan-

460 3207 568 3252 tum
595 3199 746 3269 juvat
785 3201 1034 3271 utilisque
1064 3211 1145 3256 est
1169 3243 1182 3267 ,
1231 3202 1323 3257 sed
1368 3203 1506 3272 quod
1535 3204 1693 3257 etiam
1738 3205 2043 3274 frequenter

457 3289 581 3347 dum
615 3290 866 3348 miracula
911 3299 1081 3360 patrat
1100 3334 1112 3355 ,
1142 3292 1208 3346 de
1237 3308 1398 3361 regno
1425 3308 1729 3348 sermonem
1763 3296 1964 3362 aperiat
1993 3303 2047 3350 et

453 3399 645 3439 omnes
681 3384 746 3438 ad
775 3381 901 3440 illud
931 3385 1182 3440 attrahat.
1217 3384 1422 3441 Etenim
1452 3398 1572 3439 cum
1599 3401 1659 3441 se
1697 3385 1910 3441 Judaeos
1938 3387 2047 3457 eje-

458 3486 667 3530 cturum
693 3477 1012 3543 minabatur,
1046 3495 1150 3533 non
1176 3488 1231 3534 ut
1259 3480 1475 3549 ejiceret
1505 3479 1836 3543 minabatur;
1867 3479 1958 3533 sed
1993 3488 2048 3534 ut

463 3579 608 3622 metu
655 3569 772 3624 illos
820 3571 870 3622 in
924 3586 1144 3639 regnum
1199 3587 1296 3640 per
1346 3571 1504 3626 verba
1551 3587 1644 3625 sua
1693 3570 2044 3641 pertraheret.

465 3663 618 3727 Quod
643 3664 685 3715 si
717 3662 842 3715 nihil
875 3663 996 3716 hinc
1028 3663 1159 3717 lucri
1189 3662 1466 3730 fecerunt,
1498 3664 1549 3719 id
1582 3664 1814 3734 ipsorum
1844 3665 2047 3719 crimen

466 3761 580 3816 est,
627 3753 970 3821 omniumque
1014 3753 1103 3822 qui
1158 3755 1272 3824 pari
1320 3753 1507 3810 morbo
1557 3754 1884 3809 laborarunt.
1932 3755 2049 3810 Non

467 3845 608 3899 enim
633 3844 829 3900 iudicis
849 3847 1016 3900 solum
1042 3846 1090 3900 id
1115 3846 1327 3915 accidit,
1356 3847 1446 3902 sed
1477 3847 1658 3902 multis
1679 3849 1837 3902 etiam
1864 3863 2048 3903 eorum

469 3939 555 4007 qni
596 3938 957 3993 crediderunt.
1006 3938 1136 3993 Nam
1166 3939 1329 3994 Judas
1375 3939 1514 3995 ﬁlius
1543 3941 1692 4010 regni
1724 3947 1840 3996 erat
1867 3948 1922 3995 et
1957 3955 2054 3994 au-

470 4029 599 4082 divit
645 4045 763 4084 cum
797 4030 1092 4100 discipulis,
1124 4030 1374 4085 Sedebitis
1417 4048 1570 4101 super
1609 4033 1750 4086 sedes
1789 4031 2052 4085 duodecim

470 4121 702 4191 (Matth.
757 4122 842 4178 19.
898 4122 1026 4193 28);
1079 4123 1170 4177 sed
1217 4123 1384 4178 factus
1425 4134 1508 4179 est
1559 4124 1817 4194 gehennae
1873 4122 2050 4190 ﬁlius;

471 4214 724 4284 IEthiops
752 4223 926 4269 autem
958 4215 1064 4277 ille,
1087 4215 1352 4280 barbarus
1376 4230 1496 4269 cum
1529 4223 1706 4281 esset,
1737 4231 1802 4270 ex
1832 4230 2054 4270 numero

471 4320 656 4358 eorum
704 4305 790 4374 qui
829 4305 896 4358 ab
945 4307 1148 4359 oriente
1177 4313 1233 4359 et
1261 4305 1539 4360 occidente
1584 4315 1883 4370 venerunt,
1931 4321 2052 4360 cum

475 4394 780 4460 Abraham,
821 4394 968 4448 lsaac
1021 4402 1074 4448 et
1116 4392 1281 4449 Jacob
1328 4409 1527 4450 corona
1570 4394 1872 4450 donabitur.
1904 4393 1958 4449 ld
2001 4403 2057 4451 et

475 4502 614 4540 nunc
641 4487 831 4556 agitur.
867 4485 1020 4540 Multi
1039 4487 1202 4550 enim,
1233 4486 1421 4555 inquit,
1455 4495 1601 4540 erunt
1627 4487 1775 4555 primi
1800 4487 2057 4540 novissimi

472 4587 518 4631 et
542 4577 798 4632 novissimi
841 4577 991 4647 primi
1020 4575 1180 4647 (Ibid.
1213 4591 1260 4628 υ.
1294 4575 1403 4644 50).
1453 4576 1563 4630 lloc
1608 4587 1784 4630 autem
1823 4577 2053 4644 dicebat,

476 4684 534 4727 ut
563 4687 734 4742 neque
762 4671 816 4725 hi
861 4671 1129 4741 negligant
1155 4709 1168 4732 ,
1199 4683 1263 4722 ac
1291 4667 1336 4721 si
1365 4681 1468 4721 non
1498 4666 1701 4735 possint
1731 4668 1926 4732 redire,
1966 4683 2058 4723 ne-

475 4779 578 4832 que
607 4763 679 4818 illi
709 4761 859 4833 quasi
902 4769 1107 4816 stantes
1135 4758 1425 4814 conﬁdant.
1475 4757 1586 4813 lloc
1628 4767 1681 4814 et
1719 4757 1952 4814 Joannes
1989 4759 2058 4815 ab

477 4854 700 4908 exordio
739 4852 1125 4922 praenuntiabat
1147 4850 1370 4906 dicens:
1412 4849 1590 4905 Potest
1627 4847 1758 4904 Deus
1785 4866 1848 4903 ea:
1873 4849 2059 4920 lapidi-

479 4943 571 5001 bus
613 4944 692 4998 his
735 4944 976 4998 suscitare
1018 4943 1152 5012 ﬁlios
1201 4943 1418 4997 Abraha:
1470 4942 1488 5013 (
1511 4940 1646 4996 Ibid.
1698 4943 1751 4996 5.
1785 4940 1880 5013 9).
1925 4943 2058 5010 Quia

481 5034 623 5089 enim
653 5034 754 5087 hoc
777 5043 1090 5088 eventurum
1117 5034 1252 5100 erat,
1285 5035 1373 5088 diu
1405 5043 1530 5090 ante
1559 5035 1969 5106 praenuntiatum
2003 5044 2061 5090 ut

481 5141 640 5182 nemo
671 5125 736 5179 de
758 5125 833 5178 rei
859 5126 1137 5179 insolentia
1168 5127 1487 5182 turbaretur.
1516 5127 1706 5180 Verum
1737 5127 1846 5189 ille,
1876 5133 2060 5195 utpote

483 5219 664 5284 homo,
714 5215 1005 5272 secundum
1048 5225 1260 5284 captum
1342 5232 1503 5271 suum
1591 5217 1706 5272 lucc
1791 5219 2059 5289 dicebat;

476 5304 735 5362 Christus
765 5308 968 5364 autem,
1011 5312 1123 5352 rem
1155 5307 1211 5352 ut
1251 5298 1552 5352 certissime
1596 5294 1833 5347 futuram
1875 5295 2054 5364 operi-

477 5398 584 5454 bus
604 5405 660 5453 et
685 5392 951 5463 exemplis
989 5389 1333 5448 conﬁrmavit
1356 5388 1455 5458 (η).

553 5559 628 5622 (a)
651 5559 827 5626 Graece
860 5553 1284 5626 patuergruonir.
1315 5570 1344 5626 :_
1365 5554 1492 5626 ut)»
1513 5551 1694 5626 ἐκεῖνες
1741 5551 1826 5615 μὲν
1849 5551 1916 5626 ᾡς
1937 5549 2066 5626 ἇνξε-

488 5615 688 5693 ﬁeri"?
723 5621 838 5668 αὐτὸ
859 5621 1016 5693 λέγει’.
1037 5621 1279 5693 ἀγορίιξποε
1297 5619 1385 5681 γάρ
1405 5617 1479 5693 ἤϊ’
1503 5615 1922 5693 etiamm???
1945 5615 2060 5693 ’ξέὲ

1175 233 1232 290 S.
1268 229 1544 290 JOANNIS
1581 224 2050 288 CHRYSOSTOMI
2088 228 2400 290 ARCIIIEP.
2440 233 2974 294 CONSTANTINOP.

3597 243 3704 303 540

2201 350 2547 418 Prcesumptio
2563 354 2802 408 vitanda.
2824 357 3017 410 Contra
3038 357 3522 416 MamMam—Ne
3541 359 3707 434 igitur

2130 442 2380 514 ﬁdamus,
2405 449 2506 504 etsi
2546 459 2772 516 stemus,
2808 453 2902 508 sed
2931 443 3088 508 nobis
3119 453 3251 522 ipsis
3281 453 3527 508 dicamus
3556 473 3567 507 :
3603 453 3706 520 Qui

2129 537 2332 591 videtur
2342 547 2500 606 stare,
2522 543 2695 596 videat
2708 560 2772 597 ne
2785 546 2942 598 cadat
2957 545 3003 615 (l
3017 583 3030 597 .
3049 543 3167 600 Cor.
3189 545 3272 599 i0.
3297 545 3384 616 1‘2)
3395 585 3408 599 .
3425 544 3503 600 Ne
3520 547 3709 616 despe-

2131 641 2334 695 remus,
2363 629 2455 699 qui
2488 633 2744 700 prostrati
2777 633 3052 703 jacemus,
3086 634 3183 688 sed
3211 635 3456 691 dicamus
3485 655 3498 690 :
3533 637 3708 690 Num-

2131 719 2256 787 quid
2276 720 2364 788 qui
2389 722 2548 783 cadit,
2583 739 2684 776 non
2713 725 2975 794 resurget?
3000 724 3124 794 (Jer.
3143 723 3282 795 ΒΛ).
3316 726 3526 781 Etenim
3550 729 3705 788 multi

2127 803 2218 872 qui
2247 804 2313 858 ad
2341 805 2513 874 ipsum
2539 806 2654 860 caeli
2687 809 2938 861 vertitetn
2965 807 3324 862 ascenderant
3349 847 3365 872 ,
3393 807 3484 877 qui
3511 807 3716 876 patien-

2128 895 2257 950 tiam
2287 911 2531 968 magnam
2559 899 2912 954 exhibuerant
2933 941 2948 965 ,
2981 900 3250 955 desertum
3280 908 3674 970 comparerent
3696 943 3712 965 ,

2129 987 2406 1043 mulierem
2439 1005 2506 1043 ne
2548 992 2598 1044 in
2626 992 2830 1046 somnis
2867 991 3083 1061 quidem
3112 991 3393 1058 viderant,
3438 1007 3505 1048 ex
3551 1007 3712 1062 parva

2129 1078 2452 1148 negligentia
2491 1081 2811 1151 supplantati
2859 1091 2999 1148 sunt,
3046 1093 3100 1137 et
3137 1082 3189 1136 in
3231 1083 3404 1152 ipsum
3454 1084 3708 1152 nequitia:

2131 1170 2438 1226 barathrum
2469 1173 2692 1242 deiecti;
2739 1175 2826 1229 alii
2861 1183 3046 1230 contra
3073 1193 3140 1231 ex
3165 1176 3354 1232 eodem
3383 1177 3634 1232 barathro
3661 1179 3714 1232 in

2130 1263 2319 1318 caalum
2364 1266 2760 1330 ascenderunt,
2788 1276 2947 1338 atque
2988 1284 3018 1322 a
3059 1282 3218 1324 scena
3242 1277 3300 1324 et
3331 1269 3608 1324 orchestra
3647 1271 3714 1324 ad

2133 1357 2424 1426 angelicam
2453 1357 2618 1413 vitam
2661 1362 2905 1415 conversi
2943 1369 3096 1426 sunt;
3131 1369 3436 1432 tantamque
3465 1362 3715 1418 virtutem

2131 1449 2490 1505 exhibucrunt
2513 1491 2526 1509 .
2561 1459 2618 1505 ut
2654 1451 2929 1506 dmmonas
2969 1452 3265 1522 pellerent,
3295 1454 3571 1523 multaque
3615 1453 3716 1508 alia

2132 1538 2324 1593 similia
2355 1540 2505 1610 signa
2535 1540 2776 1596 ederent.
2808 1541 2902 1597 His
2927 1543 3186 1611 exemplis
3213 1544 3386 1613 plena:
3416 1554 3541 1598 sunt
3567 1543 3714 1600 Scri-

2133 1639 2324 1699 pturaa,
2353 1631 2510 1701 plena
2541 1631 2816 1688 hominum
2845 1633 2973 1688 vita.
3005 1633 3122 1688 Jam
3150 1632 3420 1690 fornicari-i
3448 1643 3497 1688 et
3530 1634 3718 1689 molles

2132 1722 2543 1779 Manichatornm
2584 1741 2677 1780 ora
2706 1727 3088 1796 comprimunt,
3130 1727 3222 1798 qui
3251 1727 3436 1782 dicunt
3461 1728 3718 1782 malitiam

2134 1829 2256 1870 esse
2284 1817 2556 1871 immotam
2589 1859 2603 1882 ,
2651 1819 2852 1874 diaboli
2888 1835 3003 1874 rem
3030 1828 3282 1890 agentes,
3331 1829 3386 1874 et
3413 1835 3598 1874 eorum
3629 1821 3719 1890 qui

2133 1909 2318 1963 virtuti
2347 1924 2565 1978 operam
2595 1911 2722 1965 dare
2749 1911 2949 1966 vellent
2975 1927 3165 1967 manus
3202 1911 3558 1967 dissolventes
3584 1955 3598 1975 ,
3641 1914 3721 1965 vi-

2138 2010 2350 2072 tamque
2375 2016 2586 2058 omnem
2617 2012 2936 2058 evertentes.
2967 2003 3097 2058 Nam
3129 2005 3216 2074 qui
3245 2003 3358 2058 haec
3395 2005 3722 2073 persuadere

2135 2105 2399 2149 conantur
2419 2137 2433 2160 ,
2465 2111 2570 2149 non
2611 2097 2785 2151 futura
2817 2106 3017 2151 tantum
3043 2098 3420 2168 pessumdant;
3455 2097 3546 2152 sed
3580 2113 3723 2163 prth

2136 2188 2310 2242 sentia
2333 2203 2543 2260 quoque
2568 2205 2663 2258 pro
2683 2189 2818 2244 virili
2849 2205 2940 2245 sus
2977 2190 3150 2261 deque
3179 2199 3415 2244 vertunt.
3446 2187 3722 2256 Quomodo

2138 2278 2282 2335 enim
2327 2280 2377 2333 in
2423 2281 2658 2350 nequitia
2704 2280 2888 2335 vivens
2935 2282 3237 2350 quispiam,
3279 2281 3460 2335 virtuti
3503 2294 3721 2350 operam

2137 2372 2269 2426 dare
2313 2372 2556 2438 studeat,
2604 2371 2646 2432 si
2691 2387 2751 2428 se
2790 2373 2858 2427 ad
2905 2373 3049 2428 ilium
3094 2383 3367 2428 revertere
3414 2388 3518 2426 non
3567 2387 3725 2441 posse

2141 2473 2306 2531 putet,
2339 2464 2381 2517 si
2414 2478 2520 2517 non
2546 2463 2728 2519 credat
2757 2477 2815 2518 se
2855 2464 2905 2518 in
2937 2465 3126 2518 melius
3152 2478 3304 2533 posse
3332 2462 3564 2517 mutari?
3591 2463 3722 2517 Nam

2141 2555 2184 2608 si
2213 2571 2372 2619 nunc,
2406 2555 2670 2610 stantibus
2701 2557 2924 2626 legibus,
2958 2555 3171 2611 indictis
3199 2557 3492 2625 suppliciis,
3527 2573 3725 2627 propo-

2141 2650 2238 2703 sita
2268 2649 2433 2719 gloria
2457 2691 2470 2713 ,
2518 2663 2634 2716 qua:
2665 2649 2862 2703 mult-os
2891 2652 3125 2703 excitare
3169 2650 3370 2718 possit;
3398 2665 3518 2704 cum
3547 2658 3601 2704 et
3627 2664 3725 2718 ge-

2143 2741 2319 2795 henna
2351 2750 2709 2811 exSpectetur,
2743 2750 2797 2796 et
2821 2757 3039 2811 regnum
3071 2741 3412 2811 promittatur
3435 2783 3450 2807 ,
3477 2756 3598 2795 cum
3627 2741 3730 2794 im-

2143 2834 2294 2904 probi
2324 2834 2606 2899 dedccore,
2660 2834 2782 2888 boni
2823 2833 3065 2890 laudibus
3107 2833 3429 2898 afﬁciantur,
3481 2834 3567 2887 vix
3609 2833 3730 2904 qui-

2145 2927 2287 2996 piam
2321 2927 2485 2980 velint
2512 2926 2720 2980 virtutis
2747 2927 2970 2981 sudores
2990 2927 3136 2983 adire
3162 2944 3177 2982 :
3205 2927 3286 2981 his
3325 2927 3571 2994 sublatis,
3601 2926 3729 2998 quid

2147 3018 2399 3087 impediet
2424 3018 2708 3088 quominus
2734 3019 2910 3072 omnia
2941 3033 3156 3088 pessum
3179 3019 3341 3073 eant?

2219 3111 2269 3165 6.
2315 3109 2440 3164 Cum
2471 3112 2659 3179 ﬁducia
2706 3121 2752 3165 et
2783 3112 2960 3166 timore
3003 3129 3091 3181 per
3119 3124 3384 3184 angustam
3428 3113 3558 3166 riam
3588 3115 3730 3167 incc—

2147 3202 2387 3256 dendum.
2407 3202 2652 3273 Exemplo
2677 3202 2886 3257 Davidis
2911 3204 3247 3274 vigilantiam,
3275 3203 3516 3270 ﬁduciam
3546 3216 3591 3258 et
3622 3221 3731 3271 pae-

2149 3297 2411 3350 nitentiam
2435 3295 3026 3350 docemur.—Videntes
3055 3300 3235 3365 itaque
3262 3294 3504 3349 fraudem
3545 3297 3734 3366 nequi-

2151 3389 2384 3459 tiamque
2422 3388 2737 3443 diabolicam
2764 3429 2779 3453 ,
2823 3389 3075 3458 ipsosque
3115 3403 3322 3442 necnon
3368 3403 3461 3442 eos
3504 3389 3592 3457 qui
3639 3387 3734 3442 fati

2152 3481 2297 3549 leges
2326 3487 2562 3535 statuere
2589 3488 2854 3548 satagunt,
2886 3479 3109 3534 adversa
3139 3479 3359 3544 sentire,
3389 3489 3442 3532 et
3467 3481 3734 3534 contraria

2153 3570 2546 3639 legislatoribus
2567 3578 2931 3635 externorum,
2955 3577 3010 3622 et
3031 3569 3120 3623 Dei
3143 3569 3158 3600 ¹
3177 3569 3430 3634 oraculis,
3454 3579 3509 3623 et
3530 3580 3736 3623 natura

2152 3661 2470 3725 ratiociniis,
2513 3670 2566 3715 et
2594 3660 2861 3714 communi
2897 3660 3130 3714 omnium
3163 3660 3397 3730 Opinioni
3423 3701 3437 3724 ,
3473 3659 3733 3726 barbaris,

2153 3764 2207 3810 et
2235 3754 2465 3827 Scythis,
2497 3762 2546 3806 et
2575 3751 2890 3815 Thracibus,
2917 3751 3239 3821 demumque
3266 3749 3476 3805 cmleris
3503 3750 3736 3804 homini-

2157 3853 2276 3917 bus,
2305 3851 2603 3920 vigilemus,
2633 3848 2810 3902 dilecti
2844 3889 2858 3913 ,
2904 3855 3064 3915 atque
3097 3847 3198 3899 illis
3240 3845 3489 3900 euntibus
3513 3846 3629 3900 vale
3649 3845 3735 3898 di-

2154 3953 2368 4009 centes,
2415 3942 2720 3997 incedamus
2763 3956 2858 4010 per
2886 3947 3161 4009 angustam
3209 3938 3348 3993 viam
3388 3953 3507 3992 eum
3547 3938 3739 3992 ﬁducia

2156 4045 2210 4091 et
2239 4036 2460 4098 timore;
2489 4049 2611 4089 cum
2659 4035 2847 4088 timore
2873 4033 3105 4102 quidem,
3137 4032 3207 4086 ob
3245 4031 3531 4102 praecipitia
3563 4031 3742 4084 utrin-

2157 4145 2260 4200 que
2287 4129 2493 4199 posita;
2521 4143 2641 4181 cum
2673 4126 2859 4182 ﬁducia
2889 4142 3015 4180 vero
3037 4167 3052 4192 ,
3083 4127 3152 4180 ob
3175 4125 3365 4180 ducem
3397 4125 3496 4178 via:
3531 4123 3738 4178 Jesum.

2158 4220 2265 4276 lter
2292 4234 2512 4291 agamus
2553 4220 2717 4274 sobrii
2747 4234 2810 4275 ac
2848 4219 3052 4288 vigiles.
3090 4217 3222 4272 Nam
3255 4217 3296 4272 si
3341 4215 3425 4269 vel
3470 4216 3742 4284 paululum

2159 4315 2276 4384 quis
2304 4313 2590 4379 dormitet,
2647 4312 2822 4367 statim
2851 4326 2908 4364 se
2941 4311 3261 4380 przncipitent
3303 4308 3411 4362 dat.
3441 4308 3555 4364 Non
3597 4308 3741 4362 enim

2159 4419 2344 4459 sumus
2377 4403 2721 4473 perfectiores
2754 4402 2969 4467 Davide,
3011 4400 3100 4468 qui
3127 4417 3190 4457 ex
3217 4415 3376 4468 parva
3420 4399 3741 4470 negligentia

2161 4495 2214 4550 in
2247 4496 2446 4565 peccati
2478 4494 2786 4549 barathrum
2818 4493 2920 4548 ruit
2947 4535 2962 4559 ,
3005 4491 3098 4546 sed
3131 4492 3308 4546 statim
3359 4493 3612 4548 surrexit.
3660 4490 3743 4546 Ne

2159 4602 2288 4657 ergo
2313 4594 2620 4655 peccantem
2648 4585 2820 4638 solum
2850 4582 3123 4652 reSpicias,
3151 4581 3246 4636 sed
3274 4582 3432 4636 etiam
3465 4588 3740 4652 peccatum

2161 4678 2487 4733 abluentem.
2514 4675 2629 4731 Non
2669 4677 2810 4732 enim
2844 4675 2965 4731 ideo
2991 4683 3192 4730 tantum
3222 4675 3337 4730 hare
3363 4675 3582 4729 historia
3603 4673 3743 4730 scri-

2163 4777 2251 4838 pta
2278 4776 2358 4822 est
2383 4809 2397 4832 ,
2434 4777 2491 4822 ut
2514 4767 2720 4836 lapsum
2751 4767 3023 4836 respicias,
3055 4765 3146 4820 sed
3178 4774 3234 4820 ut
3262 4774 3566 4834 surgentem
3592 4767 3750 4819 mine.

2162 4859 2237 4913 ris
2281 4875 2294 4912 :
2357 4865 2415 4911 ιιι
2455 4856 2630 4911 discas
2689 4864 2808 4925 post
2852 4843 3054 4924 lapsum
3081 4896 3096 4920 ,
3145 4856 3414 4924 quomodo
3463 4870 3741 4925 resurgere

2162 4960 2424 5022 oporteat.
2479 4951 2934 5018 Quemadmodum
2975 4951 3116 5005 enim
3167 4950 3358 5004 medici
3402 4951 3744 5019 gravissimos

2164 5044 2382 5099 morbos
2427 5043 2478 5096 in
2524 5043 2715 5100 libellis
2763 5042 3111 5110 describunt,
3172 5051 3333 5110 atque
3376 5041 3450 5096 ita
3497 5040 3747 5095 medendi

2230 5159 2247 5190 ί
2283 5155 2396 5214 Alii,
2421 5154 2615 5206 Christi.

2157 5237 2336 5303 esu-ad
2365 5233 2585 5303 litteram
2608 5251 2620 5285 :
2650 5237 2833 5303 Verum
2856 5234 2940 5288 ille
2962 5233 3051 5303 Itac
3086 5237 3316 5302 praedicit
3334 5244 3518 5290 tantum
3543 5246 3595 5289 ut
3616 5252 3705 5301 pos

2357 5297 2800 5374 eratuenim‘izomo
2824 5313 2841 5349 :
2866 5295 3096 5374 ‘Christus'
3127 5309 3287 5374 autem
3303 5339 3316 5362 ,
3352 5309 3402 5351 ut
3427 5295 3643 5374 omniaad
3656 5305 3722 5374 [at

2155 5357 2572 5426 turum,operibus
2596 5358 2878 5426 (dictorum)
2916 5357 3328 5426 conﬁrmationem
3355 5363 3601 5415 exhibens.
3631 5357 3730 5413 [³η-

2155 5419 2221 5466 de
2244 5419 2737 5488 patebinterpretern
2772 5419 3034 5488 aberrasse
3066 5437 3175 5472 cum
3200 5427 3370 5488 verba,
3394 5429 3456 5480 ὡς
3479 5425 3728 5488 ἐνδεχόμε-

2152 5479 2258 5560 Lolli
2272 5479 2492 5560 reddere
2518 5479 2733 5560 credidit
2757 5483 3040 5560 scribendo,
3063 5486 3323 5560 secundum
3349 5479 3542 5560 captum
3563 5479 3726 5560 suum,

2155 5539 2496 5618 E§$:_P'9Fimi
2518 5544 2976 5618 ριέορῖνθραξπος.γάρ
3013 5539 3088 5604 ἦν,
3112 5539 3624 5618 ιιδδθηξιπρῷτοςαρερ
3645 5539 3725 5618 τῇΥὲ

2152 5606 2334 5670 ettunc
2354 5615 2533 5670 sensus
2558 5611 2653 5665 est,
2674 5606 2781 5656 erat
2798 5606 2925 5656 enim
2949 5606 3242 5670 prtzcursor.
3262 5609 3344 5662 Cfr
3367 5606 3722 5661 Adnotflt'ield.

971 5663 981 5668 '
1101 5663 1114 5668 '
1446 5663 1935 5739 éuééstitv'napéktuv.
1956 5672 2040 5724 H0

2149 5663 2212 5712 ad
2240 5663 2416 5714 locum.
2449 5665 2586 5717 Ευιτ.
