4080 6138
277 288 377 344 ὅτε)

272 407 368 460 καὶ
431 407 665 476 μάλιστα
720 408 912 473 αὐτοὺς
956 408 1164 465 ἔδακνε.
1201 411 1392 478 Δείξας
1420 415 1529 486 γάρ
1579 416 1659 479 είς
1713 416 1947 479 κόλπους

271 490 434 556 δντας
493 496 560 564 τῇ
621 496 924 568 ἐπαγγελίᾳ
971 498 1064 550 καὶ
1109 501 1175 570 τῇ
1213 500 1524 572 ὑποσχέσει,
1580 504 1703 556 τότε
1741 504 1944 574 ἐξάγει.

273 575 430 643 Εἶτα,
471 581 658 653 ἐπειδὴ
689 584 966 653 ἀπόφασις
987 581 1056 656 ἦν
1076 587 1134 638 τὸ
1157 589 1462 661 εἰρημένον,
1498 591 1783 646 πιστοῦται
1818 593 1948 646 αὐτὸ

271 667 353 738 τῷ
385 668 628 738 σημείῳο
668 669 857 742 ῶσπερ
892 668 986 726 οὖν
1027 674 1120 726 καὶ
1166 674 1235 728 τά
1272 679 1473 747 σημεῖα
1502 679 1611 732 ἀπὸ
1646 680 1746 750 τῆς
1775 685 1950 753 προρο

277 758 486 826 ῥήσεως
511 759 610 828 τῆς
641 759 780 829 μετά
805 759 978 814 ταῦτα
998 763 1372 834 γεγενημένης
1399 766 1671 820 δείκνυσιν
1696 767 1762 820 δ’.

359 844 418 895 Ὀ
450 845 628 896 τοίνυν
666 845 912 900 ἀπιστῶν
940 851 1005 920 τῇ
1045 849 1226 921 ὑγιείᾳ
1274 854 1339 922 τῇ
1385 854 1649 925 γενομένῃ
1678 853 1757 924 τῷ
1802 851 1951 904 παιδὶ

276 932 418 996 τότε,
445 932 552 985 ἀπὸ
580 934 677 1002 τῆς
713 935 1050 1006 προφητείας
1087 937 1187 1008 τῆς
1228 937 1548 1009 ἐξελθούσης
1590 943 1828 1011 σήμερον
1860 957 1948 992 πι-

279 1020 515 1072 στευέτω
541 1024 758 1073 κάκεῖνο
778 1022 845 1075 ⁸ο.
868 1023 973 1076 Καὶ
990 1025 1098 1094 γὰρ
1113 1025 1253 1095 καὶὴ
1278 1029 1582 1098 προφητεία
1609 1028 1702 1080 καὶ
1731 1026 1837 1097 πρὸ
1853 1025 1949 1094 τῆς

279 1108 559 1169 ἐκϐάσεως
587 1108 806 1162 ἀπὸτοῦ
839 1111 1065 1182 σημείου
1093 1111 1186 1164 τοῦ
1209 1112 1328 1166 τότε
1347 1114 1481 1186 δήλη
1517 1117 1682 1168 πᾶσιν
1715 1114 1948 1184 ἐγένετο.

278 1196 378 1248 Διά
400 1213 482 1248 τοι
509 1195 664 1249 τοῦτο
694 1198 956 1271 πρότερον
985 1198 1156 1254 ταῦτα
1192 1204 1679 1274 προαναφωνήσας,
1717 1203 1836 1256 τότε
1861 1201 1952 1254 τὸν

278 1282 719 1354 παραλελυμένον
783 1286 1099 1358 ἀνέστησεν,
1150 1289 1240 1342 ἴνα
1279 1288 1350 1342 τά
1395 1291 1657 1360 μέλλοντα
1700 1290 1808 1344 ἀπὸ
1840 1289 1950 1342 τῶν

279 1372 563 1440 παρόντων
590 1370 950 1444 πιστώσηται,
974 1375 1068 1428 καὶ
1093 1376 1154 1428 τὸ
1183 1376 1403 1431 ἔλαττον
1425 1379 1532 1431 ἀπὸ
1556 1379 1650 1431 τοῦ
1684 1377 1947 1449 μείζονος.

278 1458 353 1510 T6
383 1459 481 1528 μὲν
514 1459 623 1530 γάρ
663 1461 951 1531 ἐναρέτους
996 1463 1290 1517 ἀπολαύειν
1337 1465 1488 1537 [ὄξθ]
1535 1467 1645 1519 τῶν
1694 1465 1945 1534 ἀγαθῶν,

279 1545 374 1597 καὶ
401 1547 528 1610 τούς
557 1549 830 1613 ἐναντίους
849 1549 917 1602 τά
939 1551 1157 1622 λυπηρά
1187 1553 1500 1623 ὑπομένειν,
1517 1553 1670 1606 οὐδὲν
1700 1553 1948 1618 ἀπεικὸς,

280 1632 418 1685 ἀλλὰ
448 1635 492 1665 ⁸¹
521 1634 661 1688 κατά
689 1636 844 1704 λόγον
870 1638 965 1690 καὶ
996 1637 1137 1691 κατὰ
1155 1639 1474 1692 ἀκολουθίαν
1505 1639 1682 1710 νόμων
1704 1641 1910 1708 ἐγίνετο
1934 1657 1948 1670 ⁸

280 1719 341 1771 τὸ
357 1719 415 1773 δὲ
440 1721 768 1792 παρειμένον
801 1724 1044 1793 σφίγξαι,
1072 1725 1168 1778 καὶ
1200 1726 1392 1796 νεκρὸν
1412 1727 1731 1796 ἀναστῆσαι,
1771 1727 1954 1799 μεῖζον

281 1807 314 1876 ἦ
347 1808 484 1860 κατά
516 1808 676 1878 φύσιν
697 1806 783 1879 ἦν.
821 1811 958 1864 Ἀλλ’
981 1813 1127 1882 ὅμως
1154 1815 1234 1877 είς
1258 1814 1318 1866 16
1352 1814 1492 1885 μέγα
1519 1802 1676 1868 τοῦτο
1707 1815 1798 1868 καὶ
1827 1815 1955 1868 θαυ-

285 1895 490 1964 μαστὸν
517 1897 578 1948 οὐ
612 1897 806 1968 μικρὸν
855 1899 950 1951 καὶ
995 1901 1022 1952 6
1061 1901 1463 1972 ἑκατοντάρχης
1501 1903 1912 1974 συνεισήνεγκεν
1936 1919 1950 1932 ο

281 1981 419 2052 ὅπερ
446 1977 540 2036 οὖν
567 1985 660 2036 καὶ
694 1987 723 2038 6
745 1986 976 2056 Χριστὸς
1002 1985 1175 2056 δηλῶν
1200 1987 1382 2056 ἔλεγεν
1400 2006 1417 2020 ·
1455 1991 1705 2060 ’Υπαγ-ε,
1746 1989 1844 2043 καὶ
1876 1990 1957 2056 ὡς

280 2069 654 2137 ἐπίστευσας
678 2074 981 2141 γενηθήτω
1017 2089 1137 2128 σοι.
1181 2069 1330 2139 Εἶδες
1377 2075 1497 2140 πῶς
1532 2077 1865 2149 ἀνεκήρυξεν
1907 2078 1954 2109 ⁸³

280 2159 317 2227 ὴ
345 2157 439 2210 τοῦ
463 2159 648 2222 παιδὸς
678 2160 855 2228 ὑγίεια
891 2161 981 2214 καὶ
1021 2160 1120 2232 τὴν
1151 2162 1246 2215 τοῦ
1288 2161 1526 2234 Χριστοῦ
1567 2163 1818 2235 δύναμιν,
1863 2164 1957 2217 καὶ

283 2245 384 2315 τὴν
436 2246 530 2299 τοῦ
572 2248 961 2318 ἑκατοντάρχου
1005 2250 1206 2315 πίστιν,
1247 2251 1342 2303 καὶ
1385 2251 1447 2303 τὸ
1486 2251 1678 2321 μέλλον
1726 2251 1958 2305 ἐπιστώ-

285 2349 418 2386 σατο
444 2349 458 2397 ;
483 2333 699 2386 Μᾶλλον
722 2334 779 2386 δέ
802 2335 978 2388 πάντα
1001 2335 1100 2406 τὴν
1122 2335 1216 2388 τοῦ
1252 2336 1488 2407 Χριστοῦ
1505 2337 1730 2408 δύναμιν
1757 2339 1956 2408 ἀνεκή-

286 2437 501 2501 ρυττεν.
539 2421 674 2472 Οὐδὲ
724 2421 772 2452 ⁸³
815 2422 924 2494 γάρ
963 2423 1024 2474 τὸ
1063 2423 1222 2493 σῶμα
1267 2424 1612 2494 διωρθώσατο
1665 2425 1824 2494 μόνον
1860 2425 1954 2478 τοῦ

283 2507 496 2573 παιδὸς,
523 2508 658 2561 ἀλλά
696 2511 790 2562 καί⁹
822 2509 920 2580 τὴν
952 2510 1046 2563 τοῦ
1095 2512 1492 2583 ἑκατοντάρχου
1521 2512 1696 2583 ψυχὴν
1741 2514 1819 2575 είς
1858 2513 1956 2582 τὴν

285 2594 467 2647 πίστιν
491 2594 577 2648 διά
600 2595 710 2648 τῶν
737 2595 1030 2666 θαυμάτων
1063 2597 1225 2660 αὐτὸς
1271 2597 1315 2630 ⁸⁵
1369 2598 1742 2667 ἐφειλκύσατο.
1786 2600 1856 2651 Σὺ
1899 2599 1956 2652 δὲ

287 2680 366 2751 μὴ
399 2681 554 2735 τοῦτο
580 2683 771 2736 σκόπει
824 2683 1004 2753 μόνον,
1040 2686 1124 2738 ὄτι
1165 2679 1321 2749 οὗτος
1367 2686 1673 2751 ἐπίστευσε,
1724 2688 1820 2739 καὶ
1873 2687 1956 2739 ὅτι

284 2769 494 2832 ἐκεῖνος
529 2770 676 2840 ἰάθη,
733 2771 867 2826 ἀλλά
910 2773 1003 2825 καὶ
1047 2773 1109 2826 τὸ
1159 2773 1320 2843 τάχος
1350 2773 1648 2844 θαύμασον.
1704 2775 1810 2827 Καὶ
1847 2773 1956 2844 γάρ

281 2855 444 2909 τοῦτο
467 2857 642 2927 δηλῶν
669 2863 697 2912 6
733 2859 1124 2930 εὐαγγελιστὴς
1153 2861 1307 2930 ἐλεγε
1342 2878 1357 2892 ο
1400 2863 1511 2916 Καὶ
1560 2862 1692 2931 ἰάθη
1735 2867 1768 2917 ό
1817 2863 1956 2930 παῖς

280 2941 473 2997 αὑτοῦ
492 2944 563 2995 ἐν
581 2942 655 3011 τῇ
675 2942 793 3012 ὥρᾳ
821 2945 1041 3015 ἐκείνῃ·
1075 2947 1261 3018 ῶσπερ
1290 2943 1382 3001 οὗν
1402 2947 1494 3001 καὶ
1519 2949 1613 3002 ἐπὶ
1638 2948 1731 3002 τοῦ
1750 2947 1956 3020 λεπροῦ

283 3023 457 3094 εἶπεν,
479 3031 560 3083 ὅτι
580 3029 798 3094 Εὐθέως
825 3033 1186 3104 ἐκαθαρίσθη.
1213 3034 1348 3088 Οὐδέ
1367 3034 1477 3107 γάρ
1505 3035 1583 3105 τῷ
1612 3035 1955 3108 θεραπεύειν,

283 3116 423 3171 ἀλλά
460 3119 552 3172 καὶ
589 3118 666 3189 τῷ
713 3120 1030 3191 παραδόξως
1072 3121 1229 3175 τοῦτο
1269 3125 1460 3188 ποιεῖν,
1516 3125 1610 3178 καὶ
1660 3127 1716 3176 ἐν
1767 3125 1964 3195 ἀκαρεῖ

288 3207 452 3276 ῥοπῇ,
487 3206 588 3276 τὴν
620 3205 848 3276 δύναμιν
897 3207 1260 3261 ἐπεδείκνυτο.
1309 3209 1420 3262 Καὶ
1463 3211 1524 3262 οὐ
1577 3211 1748 3280 ταύτῃ
1801 3211 1960 3281 μόνον

284 3291 506 3360 ώφέλει,
541 3292 676 3346 ἀλλά
699 3295 793 3346 καὶ
818 3293 896 3363 τῷ
932 3293 1170 3362 συνεχῶς
1201 3297 1260 3348 ἐν
1286 3298 1352 3366 τῇ
1380 3296 1488 3348 τῶν
1517 3297 1810 3366 θαυμάτων
1837 3298 1960 3350 ἐπι-

283 3377 448 3443 δείξει
474 3381 600 3441 τοὺς
631 3377 758 3449 περὶ
784 3380 881 3450 τῆς
915 3378 1189 3448 βασιλείας
1214 3383 1568 3452 παρανοίγειν
1612 3385 1819 3451 λόγους,
1869 3385 1964 3437 καὶ

286 3471 496 3532 πάντας
525 3467 847 3536 ἐφέλκεσθαι
887 3469 1024 3539 πρὸς
1056 3471 1224 3542 αὐτήν
1267 3471 1334 3525 ⁸⁸.
1370 3473 1478 3524 Καὶ
1504 3472 1610 3543 γάρ
1640 3472 1732 3536 οὒς
1768 3473 1962 3526 ἐκϐάλε-

287 3555 402 3608 λειν
428 3554 661 3626 ἠπείλει,
689 3555 785 3625 οὐχ
816 3555 901 3609 ἵνα
933 3555 1137 3628 ἐκϐάλῃ
1171 3557 1404 3627 ἠπείλει,
1444 3558 1558 3612 ἀλλ’
1587 3560 1674 3613 ἵνα
1704 3561 1779 3629 τῷ
1815 3559 1962 3629 φόϐῳ

287 3642 425 3712 πρὸς
498 3643 668 3714 αὐτὴν
713 3642 801 3696 διὰ
866 3643 976 3696 τῶν
1043 3644 1303 3716 ῥημάτων
1351 3647 1740 3719 ἐπισπάσηται,
1797 3649 1860 3701 Εί
1908 3649 1963 3701 δέ

290 3727 426 3798 μηδὲ
444 3727 492 3760 ⁸⁸
515 3728 762 3782 ἐντεῦθεν
787 3729 1100 3801 ἐκέρδαναν,
1128 3730 1306 3785 αὐτῶν
1325 3731 1386 3784 16
1405 3731 1655 3804 ἔγκλημα
1677 3732 1843 3797 ἆπαν,
1873 3734 1963 3785 καὶ

291 3815 508 3869 πάντων
539 3814 647 3867 τῶν
666 3815 734 3869 τά
766 3814 987 3869 τοιαῦτα
1015 3817 1332 3873 νοσούντων.
1375 3819 1510 3871 Οὐδὲ
1550 3819 1659 3892 γὰρ
1696 3821 1788 3873 ἐπὶ
1828 3822 1960 3873 Ἰουο

286 3901 454 3955 δαίων
490 3902 649 3971 μόνον
675 3901 831 3955 τοῦτο
855 3902 1068 3972 συμϐὰν
1095 3903 1193 3958 ίδοι
1221 3922 1306 3967 τις
1329 3905 1415 3970 ἂν,
1445 3905 1580 3961 ἀλλά
1605 3906 1699 3959 καὶ
1729 3907 1822 3961 ἐπὶ
1855 3908 1962 3960 τῶν

291 3989 714 4044 πιστευσάντων.
751 3989 859 4043 Καὶ
887 3990 996 4061 γάρ
1017 3992 1044 4043 6
1075 3990 1271 4055 Ἰούδας
1300 3992 1412 4055 υίὸς
1444 3992 1722 4062 βασιλείας
1744 3989 1832 4066 ἦν,
1870 3996 1964 4048 καὶ

290 4078 490 4148 ἤκουσε
510 4077 647 4148 μετά
663 4076 770 4132 τῶν
787 4075 1062 4147 μαθητῶν,
1079 4078 1204 4131 Ἐπὶ
1228 4077 1453 4133 δώδεκα
1478 4083 1732 4148 θρόνους
1750 4085 1964 4140 καθιεῖο

290 4168 431 4229 σθε,
458 4165 594 4220 ἀλλὰ
627 4165 851 4234 γέγονεν
881 4165 995 4229 υίὸς
1027 4164 1252 4236 γεέννης
1273 4182 1285 4195 ·
1315 4166 1343 4218 6
1374 4166 1431 4219 δὲ
1455 4168 1665 4238 Αἰθίοψ,
1692 4170 1964 4242 βάρϐαρος

291 4253 573 4326 ἄνθρωπος
590 4255 636 4286 "
661 4253 756 4319 ῶν,
791 4253 887 4308 καὶ
907 4252 1017 4307 τῶν
1035 4255 1146 4308 ἀπὸ
1163 4254 1434 4308 ἀνατολῶν
1455 4257 1548 4308 καί⁵
1567 4257 1808 4328 δυσμῶν,
1830 4259 1967 4328 μετά

305 4340 554 4411 Ἀϐραὰμ
579 4342 671 4395 καὶ
713 4341 899 4395 Ἰσαάκ
938 4341 1032 4394 καὶ
1077 4339 1271 4395 Ἰακὼϐ
1301 4341 1670 4397 ἀπολαύσεται
1705 4345 1814 4398 τῶν
1845 4363 1965 4399 στε-

292 4428 499 4496 φάνων.
549 4428 718 4482 Τοῦτο
746 4429 839 4482 καὶ
884 4429 969 4498 ἐφ’
1015 4428 1174 4500 ἡμῶν
1215 4429 1423 4498 γίνεται
1464 4429 1580 4486 νῦν.
1625 4431 1816 4484 Πολλοὶ
1856 4433 1964 4503 γὰρ

292 4516 527 4578 ἐτονται,
560 4517 713 4588 φησι,
738 4516 944 4586 πρῶτοι
973 4517 1209 4589 ἔσχατοι,
1251 4519 1347 4573 καὶ
1393 4518 1614 4590 ἑσχατοι
1654 4521 1700 4553 ⁸⁸
1735 4522 1961 4592 πρῶτοι.

292 4603 464 4657 Τοῦτο
509 4604 566 4657 δέ
605 4603 775 4672 λέγει,
821 4603 907 4656 ἴνα
952 4605 1088 4676 μήτε
1138 4607 1335 4660 ἐκεῖνοι
1371 4607 1710 4679 ρᾳθυμῶσιν,
1765 4610 1840 4672 ὡς
1899 4611 1960 4663 οὐ

290 4690 578 4760 δυνάμενοι
593 4690 926 4756 ἐπανελθεῖν,
959 4694 1094 4764 μήτε
1113 4685 1260 4746 οὗτοι
1281 4693 1577 4765 θαρρῶσιν,
1608 4696 1684 4759 ὡς
1704 4697 1958 4760 ἑστῶτες.

291 4779 467 4832 Τοῦτο
522 4777 614 4831 καὶ
663 4779 692 4830 6
760 4777 1008 4848 Ἰωάννης
1061 4779 1266 4834 ἀνωθεν
1318 4783 1722 4851 προαναφωνῶν
1774 4784 1956 4852 ἔλεγε·

291 4868 549 4920 mirata:
586 4867 619 4918 ό
655 4862 799 4928 Θεὸς
819 4863 887 4917 ἐκ
912 4864 1031 4918 τῶν
1068 4866 1254 4920 λίθων
1283 4870 1510 4922 τούτων
1529 4871 1746 4940 ἐγεῖραι
1783 4873 1964 4927 τέκνα

289 4952 372 5021 τῷ
399 4951 665 5022 Ἀϐραάμ.
685 4951 899 5023 Ἐπειδὴ
923 4952 1031 5023 γάρ
1054 4954 1209 5008 τοῦτο
1226 4955 1413 5025 ἔμελλε
1429 4958 1692 5026 γίνεσθαι,
1724 4977 1961 5030 προανα-

291 5041 620 5114 κηρύττεται
648 5039 951 5110 πόρρωθεν,
985 5040 1126 5093 ὥστε
1159 5043 1358 5113 μηδένα
1393 5044 1470 5115 τῷ
1495 5045 1632 5117 ξένῳ
1659 5046 1753 5100 τοῦ
1786 5049 1962 5119 πράγ-

297 5147 466 5202 ματος
498 5127 888 5202 θορυϐηθῆναι.
936 5129 1074 5182 Ἀλλ’
1121 5132 1328 5196 ἐκεῖνος
1375 5133 1471 5203 μὲν
1506 5134 1582 5197 ὡς
1615 5135 1962 5207 ἐνδεχόμενον

292 5219 424 5272 αὐτὸ
447 5217 593 5286 λέγει
611 5235 624 5248 ο
651 5215 868 5288 πρῶτος
897 5217 943 5249 ⁵⁹
969 5217 1079 5288 γάρ
1110 5213 1177 5288 ἦν
1202 5233 1216 5247 ⁸
1247 5222 1275 5272 6
1297 5220 1355 5272 δὲ
1381 5219 1614 5291 Χριστὸς
1637 5222 1714 5287 ὡς
1743 5224 1962 5291 πάντως

293 5307 568 5377 ἐσόμενον,
595 5307 694 5378 τὴν
732 5305 840 5359 ἀπὸ
869 5306 977 5359 τῶν
1010 5305 1184 5376 ἔργων
1217 5308 1489 5375 ἀπόδειξιν
1527 5311 1802 5381 παρέχων.

359 5399 642 5469 9103;},
693 5416 763 5469 1:
788 5397 1130 5468 γεγενημένα
1166 5399 1221 5469 δἒ
1255 5398 1316 5452 C.
1353 5401 1410 5454 D.
1517 5403 1562 5433 ⁸ο
1595 5404 1833 5469 κάκείνῳ
1862 5405 1924 5460 Ι).

297 5466 435 5524 Edd.
534 5466 598 5500 ⁸³⁷
619 5470 693 5522 Οὐ
726 5467 862 5523 Edd.

1321 292 1387 348 IN
1429 292 1850 356 MATTIIASUM
1894 292 2126 351 IIOMIL.
2168 291 2359 347 XXVI.
2397 293 2468 347 aI.
2510 289 2722 344 XXVII.

2027 5408 2070 5439 ⁸¹
2115 5401 2274 5474 ἀλλά]
2321 5401 2444 5474 add.
2479 5400 2572 5474 καί
2600 5399 2863 5474 Ἐκεχ-ρ.
2913 5403 3133 5474 ἐγένετο
3158 5398 3294 5474 Ed_:|.

962 5459 1012 5502 εί
1039 5467 1223 5544 acim]
1274 5469 1453 5544 αὐτῶν
1483 5471 1547 5544 ὲ.
1593 5472 1652 5525 ιι).
1699 5459 1860 5536 αὐτδς
1898 5459 1956 5530 0n

2061 5475 2112 5530 Ρ.
2207 5459 2504 5544 "ia-31m]
2541 5459 2740 5544 ἀρετήν
2768 5459 2930 5544 Εξγαᾴ
2955 5459 3186 5544 ξείρδιιηι
3216 5466 3314 5521 Ge.
3355 5463 3484 5544 θεοχ-
3497 5459 3733 5544 ἐκϐάλλῃ

297 5543 364 5618 ᾼ.
617 5537 772 5618 μηδὲ]
810 5540 884 5608 μὴ
913 5539 986 5618 Α,ἱ
1022 5537 1454 5618 μΠῃδένξμηδέῂΙ).
1488 5541 1741 5618 F.__p_._p.
1771 5544 1956 5618 3x696}

2061 5563 2085 5618 ί
2106 5544 2174 5618 If,
2207 5537 2514 5618 ἐκέρδαινον
2542 5537 2606 5595 (3⁷.
2649 5537 2712 5594 ΒΖ
2738 5612 2752 5618 _
2775 5611 2788 5618 _
2805 5537 3078 5618 "_&y09:o

3613 284 3722 342 540

2119 417 2180 464 ε’.
2213 411 2258 442 ⁸⁸
2288 409 2380 481 Μὴ
2407 409 2583 462 τοίνυν
2611 406 2903 477 θαρρῶμεν
2933 407 2981 458 οί
3026 404 3276 469 ἑστῶτες,
3309 404 3444 459 ἀλλά
3475 406 3724 479 λέγωμεν

2049 500 2260 562 ἑαυτοῖς
2283 515 2296 530 ο
2339 498 2392 550 '0
2419 495 2615 550 δοκῶν
2647 494 2914 556 ἑστάναι,
2937 494 3215 557 ,ϐλεπέτω
3238 494 3324 562 μὴ
3355 495 3513 563 πέσῃ
3531 514 3546 530 ο
3585 496 3720 566 μηδέ

2047 585 2510 657 ἀπογινώσκωμεν
2535 585 2583 637 ot
2609 583 2873 654 κείμενοι,
2914 581 3050 634 ἀλλά
3085 581 3331 651 λέγωμεν
3359 584 3570 647 ἑαυτοῖς
3587 599 3599 612 ·
3623 585 3719 650 Μὴ

2048 677 2082 727 ὁ
2103 673 2337 726 πίπτων
2351 675 2463 725 οὑκ
2479 671 2793 725 ἀνίσταται
2817 685 2834 732 ;
2865 669 2976 722 Καὶ
2998 669 3105 740 γάρ
3129 667 3312 720 πολλοὶ
3329 670 3408 732 είς
3436 669 3603 740 αὐτὴν
3624 668 3720 722 τοῦ

2047 760 2276 832 οὐρανοῦ
2302 760 2400 830 τὴν
2432 757 2672 829 κορυφὴν
2699 756 3027 820 ἀνελθόντες,
3064 757 3159 808 καὶ
3187 757 3368 810 πᾶσαν
3399 755 3497 826 τὴν
3523 773 3722 826 καρτε-

2053 849 2170 919 ρίαν
2200 847 2617 916 ἐπιδειξάμενοι,
2643 844 2793 917 [321]
2816 843 3026 907 καὶτὰς
3055 845 3291 915 ἐρήμους
3312 843 3717 914 κατειληφότες,

2050 937 2145 989 καὶ
2168 935 2289 988 οὐδὲ
2321 936 2563 1002 γυναῖκα
2589 932 2720 1002 ὄναρ
2751 931 2948 994 ίδόντες
2978 931 3044 996 ⁸⁸,
3081 930 3494 1002 ρᾳθυμήσαντες
3525 931 3714 1001 μικρὸν

2050 1021 2539 1090 ὐπεσκελίσθησαν,
2590 1021 2684 1074 καὶ
2733 1019 2868 1091 πρὸς
2901 1019 3034 1072 αὐτὸ
3081 1013 3244 1089 ἦλθον
3281 1019 3377 1090 τῆς
3419 1017 3616 1080 κακίας
3660 1018 3722 1072 τὸ

2053 1110 2342 1182 βάραθρον.
2384 1108 2601 1180 Ἐτεροι
2651 1107 2710 1160 δέ
2751 1107 2914 1161 πάλιν
2947 1106 3154 1160 ἐκεῖθεν
3195 1105 3329 1176 πρὸς
3364 1106 3454 1158 τὸν
3492 1105 3722 1177 οὐρανὸν

2051 1197 2340 1267 ἀνέϐησαν,
2403 1197 2496 1249 καὶ
2526 1195 2634 1249 ἀπὸ
2675 1194 2774 1264 τῆς
2813 1194 3016 1264 σκηνῆς
3055 1193 3150 1247 καὶ
3183 1194 3226 1225 ⁸³
3273 1192 3373 1262 τῆς
3416 1193 3723 1263 ὀρχήστρας

2052 1285 2189 1358 πρὸς
2213 1285 2312 1356 τὴν
2338 1284 2633 1355 ἀγγελικὴν
2659 1280 3022 1354 μετετάξαντο
3051 1280 3325 1334 πολιτείαν
3345 1297 3357 1310 ’
3407 1281 3502 1332 καὶ
3528 1279 3724 1333 τοσαύ-

2051 1391 2150 1435 την
2179 1372 2519 1439 ἐπεδείξαντο
2550 1371 2648 1442 τὴν
2671 1370 2888 1441 ἀρετὴν,
2919 1369 2994 1432 ὡς
3015 1369 3273 1439 δαίμονας
3308 1369 3597 1432 ἀπελάσαι,
3631 1370 3723 1422 καὶ

2053 1461 2220 1516 πολλά
2270 1461 2406 1515 ἀλλα
2451 1463 2652 1530 σημεῖα
2687 1457 2912 1512 τοιαῦτα
2961 1456 3315 1528 ἐργάσασθαι.
3366 1457 3474 1510 Καὶ
3519 1457 3722 1510 τούτων

2057 1547 2154 1618 μὲν
2183 1547 2408 1617 πλήρεις
2445 1546 2584 1598 είσὶν
2613 1545 2670 1598 aI
2701 1543 2936 1614 Γραφαὶ,
2973 1542 3187 1612 πλήρης
3212 1542 3269 1594 δέ
3294 1544 3322 1594 6
3342 1541 3454 1610 βίος
3483 1542 3592 1594 τῶν
3617 1559 3724 1594 πα-

2057 1635 2432 1704 ραδειγμάτων
2462 1634 2617 1703 ἡμῖν.
2661 1631 2769 1685 Καὶ
2815 1630 3003 1700 πόρνοι
3053 1630 3146 1681 καὶ⁸
3191 1627 3423 1697 μαλακοὶ
3457 1628 3523 1680 τά
3557 1627 3724 1681 Μανι-

2055 1722 2223 1791 χαίων
2267 1719 2637 1790 ἐμφράττουσι
2689 1717 2951 1787 στόματα,
2991 1715 3041 1768 οἳ
3089 1713 3188 1786 τὴν
3228 1715 3426 1767 κακίαν
3470 1713 3722 1784 ἀκίνητον

2055 1803 2194 1862 εἷναί
2229 1823 2381 1876 φασι,
2408 1805 2484 1876 τῷ
2518 1803 2748 1873 διαϐόλῳ
2771 1803 3101 1872 τελούμενοι,
3142 1803 3236 1854 καὶ
3281 1802 3380 1865 τὰς
3416 1801 3523 1854 τῶν
3561 1817 3724 1852 σπου-

2053 1895 2234 1959 δάζειν
2263 1893 2602 1966 βουλομένων
2623 1895 2810 1963 χεῖρας
2839 1891 3140 1954 ἐκλύοντες,
3174 1891 3264 1944 καὶ
3289 1891 3388 1962 τὴν
3421 1889 3564 1959 ζωὴν
3588 1887 3724 1941 ᾶπα-

2057 1999 2156 2036 σαν
2181 1982 2598 2053 ἀνατρέποντες.
2628 1980 2690 2032 Οί
2714 1978 2822 2048 γάρ
2844 1977 3018 2031 ταῦτα
3045 1978 3342 2041 πείθοντες,
3377 1978 3436 2030 οὐ
3475 1977 3612 2047 πρὸς
3655 1978 3724 2028 τὰ

2059 2071 2318 2141 μέλλοντα
2344 2069 2792 2140 παραϐλάπτουσι
2824 2066 3002 2136 μόνον,
3025 2065 3157 2118 ἀλλά
3183 2066 3276 2118 καὶ
3300 2064 3530 2119 ἐνταῦθα
3547 2065 3724 2118 πάντα

2054 2159 2168 2212 ἀνω
2224 2157 2318 2210 καὶ
2347 2157 2496 2210 κάτω
2541 2153 2774 2214 ποιοῦσι,
2813 2153 2874 2205 τό
2911 2169 2974 2219 γε
3017 2152 3194 2204 αὐτῶν
3239 2153 3420 2221 μέρος.
3454 2151 3590 2203 Πότε
3617 2149 3722 2219 γὰρ

2055 2244 2442 2316 ἐπιμελήσεται
2483 2262 2566 2307 τις
2611 2243 2812 2316 ἀρετῆς
2856 2241 2964 2294 τῶν
3016 2243 3073 2294 ἐν
3116 2242 3280 2312 κακίᾳ
3317 2242 3554 2306 ζώντων,
3595 2242 3723 2293 ὅταν

2055 2333 2316 2386 ἀδύνατον
2343 2332 2442 2403 τὴν
2491 2331 2624 2402 πρὸς
2663 2331 2878 2399 ἐκείνην
2901 2331 3156 2385 ἐπάνοδον
3192 2326 3328 2382 εἶναι
3381 2328 3598 2400 νομίζῃ,
3629 2330 3722 2380 καλ⁸

2054 2422 2152 2493 τὴν
2193 2422 2285 2475 ἐπὶ
2310 2421 2370 2475 τὸ
2401 2421 2608 2490 βέλτιον
2654 2419 2988 2491 μεταϐολήν;
3039 2421 3102 2472 Εί
3131 2420 3238 2489 γὰρ
3279 2419 3393 2481 νῦν,
3425 2419 3516 2470 καὶ
3543 2419 3724 2488 νόμων

2058 2511 2247 2575 ὄντων,
2282 2512 2377 2564 καὶ¹
2401 2510 2674 2564 κολάσεων
2706 2508 3105 2580 ἠπειλημένων,
3139 2510 3234 2562 καὶ
3267 2508 3426 2578 δόξης
3449 2508 3573 2570 τοὺς
3597 2507 3724 2560 πολ-

2056 2597 2182 2660 λοὺς
2211 2596 2618 2667 ἐκκαλουμένης
2639 2595 2706 2662 ⁸³,
2744 2595 2839 2648 καὶ
2861 2595 3085 2664 γεέννης
3129 2593 3606 2665 προσδοκωμένης,
3631 2595 3723 2645 καὶ

2056 2683 2328 2754 βασιλείας
2361 2683 2794 2754 ἐπηγγελμένης,
2836 2681 3057 2735 καὶτῶν
3085 2681 3268 2736 κακῶν
3295 2681 3720 2750 όνειδιζομένων,

2055 2773 2148 2825 καί
2179 2771 2288 2824 τῶν
2314 2771 2494 2824 καλῶν
2531 2769 3047 2840 ἐγκωμιαζομένων,
3083 2769 3232 2838 μόλις
3274 2767 3549 2839 αἱροῦνταί
3582 2783 3724 2827 τινες

2053 2861 2180 2922 τούς
2211 2859 2350 2929 ὑπὲρ
2373 2860 2473 2929 τῆς
2496 2858 2697 2927 ἀρετῆς
2727 2856 2958 2928 ἱδρῶτας
2976 2871 2991 2885 ο
3020 2855 3088 2909 ἂν
3108 2858 3279 2908 ταῦτα
3305 2857 3482 2908 πάντα
3509 2854 3724 2925 ἀνέλῃς,

2061 2948 2109 2998 τί
2135 2947 2196 3000 τὸ
2223 2946 2431 3000 κωλύον
2472 2945 2652 2999 πάντα
2673 2944 2720 2976 ⁸⁵
2753 2943 3047 2998 ἀπολέσθαι
3069 2944 3162 2997 καὶ
3179 2941 3541 3012 διαφθαρῆναι
3566 2959 3580 3007 ;

2131 3041 2205 3100 ς’.
2219 3035 2527 3097 Συνειδότες
2540 3035 2584 3066 ⁸⁵
2605 3033 2782 3087 τοίνυν
2805 3033 2904 3101 τὴν
2923 3031 3254 3101 κακουργίαν
3269 3031 3366 3102 τὴν
3384 3029 3718 3100 διαϐολικὴν,

2062 3123 2155 3176 καὶ
2179 3123 2262 3176 ὅτι
2299 3122 2393 3175 καὶ
2429 3122 2541 3184 τοῖς
2575 3119 2679 3183 ἐξω
2725 3118 3064 3189 νομοθέταις,
3107 3119 3342 3180 καὶτοῖς
3388 3116 3482 3169 τοῦ
3521 3115 3656 3168 Θεοῦ
3681 3116 3727 3149 ⁸⁸

2061 3211 2348 3278 χρησμοῖς,
2385 3207 2480 3259 καὶ
2507 3208 2620 3269 τοῖς
2641 3206 2737 3275 τῆς
2771 3204 2987 3274 φύσεως
3013 3204 3309 3274 λογισμοῖς,
3361 3204 3455 3258 καὶ
3478 3206 3543 3272 τῇ
3575 3206 3725 3272 κοινῇ

2063 3297 2281 3350 πάντων
2319 3293 2622 3364 ἀνθρώπων
2665 3293 2814 3364 δόξῃ,
2859 3293 2953 3346 καὶ
2997 3291 3312 3362 βαρϐάροις,
3345 3291 3439 3344 καὶ
3471 3291 3726 3354 Σκύθαις,

2063 3383 2158 3437 καὶ
2186 3381 2379 3453 Θρᾳξὶ,
2409 3381 2503 3434 καὶ
2525 3382 2690 3434 πᾶσιν
2710 3379 2898 3443 ἀπλῶς
2924 3379 3249 3442 ἀπεναντίας
3283 3372 3428 3433 οὗτοι
3456 3378 3548 3431 καὶ
3579 3379 3630 3430 οί
3661 3379 3729 3432 τὰ

2063 3475 2162 3546 τῆς
2211 3471 2551 3544 εἱμαρμένης
2586 3471 2832 3540 δόγματα
2875 3469 3185 3539 νομοθετεῖν
3216 3467 3617 3539 ἐπιχειροῦντες
3647 3468 3689 3498 ⁸⁷
3711 3507 3725 3529 ,

2063 3563 2344 3634 νήφωμεν,
2369 3559 2666 3631 ἀγαπητοὶ,
2685 3558 2779 3612 καὶ
2814 3559 2976 3611 πᾶσιν
2993 3555 3220 3620 ἐκείνοις
3244 3555 3518 3628 ἐρρῶσθαι
3545 3555 3729 3607 είπόν-

2061 3667 2172 3713 τες,
2213 3647 2484 3719 ὁδεύωμεν
2512 3647 2601 3700 διά
2627 3646 2728 3716 τῆς
2762 3647 2953 3716 στενῆς
2975 3645 3116 3708 ὁδοῦ,
3138 3646 3230 3698 καὶ
3261 3643 3607 3717 θαρροῦντες,
3635 3647 3729 3696 καὶ

2061 3737 2355 3800 δεδοικότες
2404 3751 2419 3766 ⁸
2472 3734 2766 3797 δεδοικότες
2834 3735 2932 3805 μὲν
2959 3773 2974 3797 ,
3046 3735 3134 3787 διὰ
3200 3735 3325 3797 τοὺς
3389 3731 3728 3804 ἑκατέρωθεν

2063 3824 2371 3898 κρημνούςο
2423 3822 2750 3894 θαρροῦντες
2775 3822 2854 3881 δέ,
2893 3821 2979 3874 διὰ
3013 3822 3102 3874 τὸν
3126 3821 3533 3892 προηγούμενον
3573 3819 3728 3890 ἡμῶν

2075 3912 2300 3984 Ἰησοῦν.
2341 3909 2644 3979 Ὀδεύωμεν
2663 3910 2920 3979 νήφοντες
2939 3909 3033 3962 καὶ
3064 3909 3444 3980 ἐγρηγορότες.
3474 3907 3590 3960 Κᾶν
3623 3906 3729 3976 γάρ

2067 3999 2261 4070 μικρόν
2307 4015 2390 4060 τις
2435 3995 2798 4067 ἁπονυστάξῃ,
2842 3995 3146 4066 κατηνέχθη
3209 3995 3436 4065 ταχέως.
3495 3995 3568 4047 Οὐ
3623 3994 3731 4064 γάρ

2063 4089 2230 4156 ἐσμεν
2269 4081 2647 4154 ἀκριϐέστεροι
2693 4082 2786 4134 τοῦ
2822 4080 3004 4145 Δαυῖδ,
3041 4081 3100 4145 ὃς
3155 4082 3351 4150 μικρὸν
3394 4080 3734 4151 ὀλιγωρήσας

2067 4173 2203 4244 πρὸς
2243 4171 2375 4225 αὐτὸ
2416 4168 2856 4241 κατεκρημνίσθη
2905 4169 3004 4240 τῆς
3043 4169 3312 4240 ἁμαρτίας
3343 4168 3403 4221 τὸ
3441 4167 3730 4238 βάραθρον.

2079 4261 2216 4314 Ἀλλ’
2235 4260 2433 4328 ἀνέστη
2455 4259 2681 4328 ταχέως.
2712 4257 2801 4328 Μὴ
2826 4257 3004 4310 τοίνυν
3026 4257 3105 4310 ὅτι
3130 4257 3373 4326 ἥμαρτεν
3408 4254 3523 4327 ἴδῃς
3552 4253 3732 4324 μόνον,

2065 4350 2180 4404 ἀλλ’
2226 4350 2306 4402 ὅτι
2342 4347 2434 4400 καὶ
2471 4346 2568 4416 τὴν
2611 4344 2884 4417 ἁμαρτίαν
2930 4343 3250 4413 ἀπενίψατο.
3292 4341 3392 4396 Διά
3438 4341 3547 4412 γάρ
3578 4339 3735 4394 τοῦτο

2065 4433 2164 4502 τὴν
2195 4429 2436 4500 ἱστορίαν
2465 4429 2680 4500 ἐκείνην
2706 4427 3034 4500 ἀνέγραψεν,
3057 4428 3154 4497 οὐχ
3177 4427 3263 4479 ἵνα
3281 4426 3516 4478 πεσόντα
3540 4424 3730 4494 θεάσῃ,

2066 4519 2180 4574 ἀλλ’
2209 4520 2296 4572 ἵνα
2327 4517 2634 4572 ἀναστάντα
2659 4507 2948 4588 θαυμάσῃς
2972 4533 2986 4546 ο
3023 4516 3110 4568 ῖνα
3152 4515 3350 4586 μάθῃς,
3393 4511 3610 4565 ἐπειδάν
3635 4513 3735 4564 πέ-

2068 4625 2188 4680 σῃς,
2221 4607 2337 4671 πῶς
2378 4605 2696 4660 ἀνίστασθαι
2721 4608 2845 4676 χρή.
2886 4603 3150 4674 Καθάπερ
3181 4603 3290 4673 γὰρ
3337 4603 3386 4653 οί
3425 4598 3596 4668 ἰατροὶ
3626 4599 3734 4651 τῶν

2066 4695 2386 4766 νοσημάτων
2438 4693 2508 4746 τά
2565 4691 2922 4764 χαλεπώτατα
2974 4690 3322 4758 ἐκλεγόμενοι
3361 4688 3480 4750 ταῖς
3533 4684 3734 4754 βίϐλοις

2065 4785 2424 4854 ἐγγράφουσι,
2457 4782 2553 4836 καὶ
2584 4783 2682 4850 τῆς
2721 4781 2979 4848 τοιαύτης
3007 4775 3343 4848 διορθώσεως
3377 4775 3475 4845 τὴν
3516 4773 3735 4845 μέθοδον

2065 4871 2426 4934 διδάσκουσιν,
2453 4870 2542 4923 ἵνα
2570 4870 2629 4921 ἐν
2670 4870 2784 4930 τοῖς
2823 4866 3034 4936 μείζοσι
3078 4863 3505 4935 γυμνασάμενοι,
3541 4861 3734 4933 ῥᾳδίως

2064 4959 2172 5013 τῶν
2210 4957 2507 5012 ἐλαττόνων
2556 4955 2977 5027 περιγένωνται’
3021 4953 3164 5006 οὕτω
3207 4951 3270 5022 δὴ
3315 4955 3407 5006 καὶ
3437 4953 3465 5004 6
3497 4950 3630 5013 Θεὸς
3667 4950 3734 5001 τὰ

2069 5048 2300 5119 μέγιστα
2324 5043 2430 5097 τῶν
2464 5043 2873 5114 ἁμαρτημάτων
2901 5043 2979 5104 εἰς
3009 5041 3170 5113 μέσον
3202 5041 3428 5112 ἤγαγεν,
3453 5039 3538 5092 ἵνα
3572 5039 3666 5090 καὶ
3686 5037 3733 5088 οἱ

2065 5135 2132 5188 τά
2166 5131 2337 5206 μικρά
2362 5131 2646 5195 πταίοντες
2676 5129 2828 5202 [522]
2853 5131 2918 5183 6:‘
2945 5129 3168 5184 ἐκείνων
3200 5128 3392 5200 ῥᾳδίαν
3416 5125 3514 5198 τὴν
3531 5123 3734 5178 τούτων

2064 5222 2350 5294 διόρθωσιν
2389 5219 2644 5292 εὕρωσιν.
2691 5219 2753 5273 Et
2795 5221 2904 5291 γάρ
2933 5221 3118 5274 ἐκεῖνα
3150 5218 3306 5288 ἔσχεν
3349 5218 3512 5278 ῖασιν,
3557 5210 3734 5279 πολλῷ

2071 5311 2270 5384 μᾶλλον
2297 5309 2368 5362 τά
2391 5308 2667 5362 ἐλάττονα.
2692 5309 2917 5378 Ἱδωμεν
2941 5310 3117 5363 τοίνυν
3137 5307 3253 5369 πῶς
3273 5306 3366 5359 καὶ
3389 5300 3732 5374 ἠρρώστησεν

3395 5396 3442 5427 ⁸³
3470 5391 3734 5459 ἐκήρυξεν

3084 5555 3180 5598 πος
3217 5551 3328 5588 om.
3362 5532 3421 5586 Ρ.
3455 5531 3574 5584 ἀνθ.
3606 5531 3732 5600 βάρ.

295 5609 374 5661 ῶν
401 5607 462 5660 D.
540 5608 584 5650 '9
611 5599 911 5677 δι’ἐσχάτοι
946 5599 1112 5663 C.'D'.
1144 5599 1316 5694 λέγει]
1351 5609 1535 5678 ἔλεγεν
1559 5599 1704 5666 ΕᾱάῙ
1770 5613 1813 5644 ⁸³
1850 5599 1956 5686 πρᾶ

297 5679 346 5710 6.
375 5677 636 5710 ΠΩΙπΙὶΝ
685 5679 800 5710 "nm
836 5680 897 5710 ru’u
929 5679 1009 5710 Re?
1045 5677 1204 5710 ηέυιη
1237 5680 1424 5710 ’λιιι-ιο
1461 5679 1683 5710 Ωαλλρῗ..
1713 5681 1803 5710 ολ..
1838 5685 1956 5710 ,τι-..⁸

2061 5614 2086 5688 η]
2112 5599 2214 5669 Sic
2240 5599 2336 5668 Gé.
2376 5613 2526 5666 Arm.
2561 5620 2616 5666 et
2653 5611 2811 5665 codd.
2852 5599 3136 5678 ἄνθρωπος
3170 5606 3306 5659 Edd.
3339 5611 3395 5657 et
3421 5599 3613 5670 margo
3635 5599 3733 5680 CQ:

2103 5684 2223 5710 Α.--
2265 5684 2657 5710 λ...υ....τ....-...
2694 5680 2883 5710 ι-..-›...
2914 5681 3006 5710 ..λη
3037 5675 3361 5710 ...ρ-...υλη
3426 5671 3458 5710 Δ
3561 5671 3602 5702 σι
3636 5671 3732 5710 ΑΙ..

375 5677 657 5734 ΗΘΙΚΟΝ.
685 5671 805 5730 ’Ότι
836 5680 897 5731 οὐ
929 5679 1009 5731 δεῖ
1044 5671 1424 5748 μέχρίτέλους
1451 5671 1683 5749 ’θαρθεῖν
1713 5681 1803 5734 τὸν
1837 5671 2224 5747 ἑστῶτα-,δώῃ
2263 5684 2657 5750 ἀπογινώσκειν
2693 5680 2883 5734 ἐαυτὸν
2914 5671 3006 5732 τδν
3037 5675 3384 5730 πεπτωκότα.
3420 5671 3484 5725 Α.
3561 5671 3602 5702 ⁶¹
3630 5671 3734 5722 ΑΙΞί

375 5763 423 5801 In
455 5746 623 5802 Savil.
652 5747 866 5802 εἰδότες.
894 5747 1106 5802 Montef.
1183 5748 1226 5780 ⁶²
1257 5747 1372 5802 καὶ]
1407 5751 1510 5802 add
1555 5711 1662 5802 ἀπὸ
1696 5751 1826 5802 Edd.
1890 5755 1934 5785 ⁸³
1959 5754 2113 5802 δόξης
2146 5755 2244 5802 τῆς
2263 5753 2388 5802 τοὺς
2415 5752 2642 5802 πολλοὺς
2670 5748 3042 5802 διεγειοούσης
3065 5746 3125 5800 C.
3160 5747 3223 5800 D.
3259 5745 3316 5798 l".
3393 5744 3437 5776 “
3461 5743 3528 5796 τά
3559 5739 3733 5793 πάντα

297 5763 423 5833 c‘um
455 5746 623 5804 Savil.
652 5747 866 5809 εἰδότες.
894 5746 1132 5872 uomit

300 5816 437 5872 I'add.
491 5817 538 5848 "
564 5815 870 5872 Συνιδόντες
899 5817 1032 5871 Mor.

300 5815 437 5872 ΕΜ.
491 5817 538 5848 ⁸⁵
564 5815 870 5879 Συνιδόντες
899 5817 1032 5871 Mor.

299 5886 426 5944 add.
467 5884 722 5957 φρονοῦσι
750 5886 813 5939 Δ.
855 5886 919 5942 Ε.
947 5886 1067 5941 Non
1102 5884 1486 5958 expresseninl
1543 5891 1776 5963 Interpp.

653 5995 924 6054 ΡΑτιιοι.
971 5993 1089 6054 Gn.
1133 5995 1317 6058 LVII.

1183 5748 1226 5780 θ’
1257 5747 1372 5819 και]
1406 5751 1510 5819 ad:

1136 5834 1191 5871 η.
1221 5817 1422 5891 τοίνυν]
1457 5817 1559 5896 οὐν-
1579 5822 1635 5873 D.
1671 5820 1732 5874 Ρ.
1802 5823 1846 5854 ⁸⁸
1875 5817 2043 5896 Θεοῦ]
2073 5817 2161 5880 Sic

1593 5752 1662 5803 πὸ
1696 5751 1826 5806 Edd.
1890 5755 1934 5785 ⁸³

1593 5822 1635 5873 θ.
1671 5820 1732 5874 F0
1802 5823 1846 5854 ..
1875 5823 1956 5877 Θε(

2061 5739 2114 5823 ης
2146 5755 2244 5878 τήὲ
2263 5739 2394 5814 τοὺς
2415 5752 2642 5814 πολλοὺς
2670 5748 3042 5829 διεγειρούσης
3065 5746 3129 5827 C;
3160 5747 3223 5800 D.
3259 5745 3316 5798 l".
3393 5744 3437 5776 “
3461 5743 3528 5796 τά
3557 5739 3733 5820 πάντα

2073 5823 2161 5878 Sic
2236 5822 2327 5878 dd.
2357 5830 2411 5876 el
2434 5820 2617 5876 Versa.
2651 5819 2869 5876 codices
2896 5820 3153 5878 Xma1ou.
3231 5817 3274 5847 ⁸⁷
3309 5805 3733 5878 ἑπιχειρουντες]

2236 5805 2327 5879 δά.
2357 5805 2411 5876 ἐι
2434 5805 2869 5876 νω-πίωᾱίωὲ
2896 5805 3153 5892 Χριστοῦ.
3231 5817 3274 5847 ⁸⁷
3309 5805 3734 5885 ἐπιχειροῦντες]

3189 5981 3262 6040 1⁵1
