4080 6138
415 275 514 334 διι

416 391 729 450 methodum
758 393 892 446 alios
931 391 1156 454 docent,
1187 403 1245 444 ut
1271 390 1323 444 in
1369 387 1656 458 majoribus
1682 384 1995 448 exercitati,

415 489 654 542 minores
677 485 1023 555 tegritndines
1056 483 1260 538 facilius
1298 493 1553 552 superent
1585 501 1596 535 :
1644 484 1721 536 sic
1762 494 1817 536 ct
1861 483 2000 538 Deus

414 579 728 649 gravissima
773 586 988 646 peccata
1033 577 1084 630 in
1130 575 1363 630 medium
1409 575 1668 640 adduxit,
1718 584 1774 627 ut
1819 577 1905 643 qui
1949 577 2000 628 in

414 671 622 742 exiguis
687 671 816 740 lapsi
871 678 1093 732 essent,
1153 684 1338 724 eormn
1391 669 1638 736 exemplo
1706 667 1999 722 faciliorem

413 762 734 817 emendandi
782 763 1041 816 rationem
1081 759 1404 814 invenirent.
1429 759 1482 814 Si
1511 760 1652 813 enim
1681 761 1878 828 majora
1913 775 2000 814 rc-

415 854 648 908 medium
682 853 1002 918 habuerunt,
1033 853 1201 906 multo
1229 851 1432 905 facilius
1458 853 1683 905 minora.
1717 852 2001 905 Videamus

413 945 574 1014 igitur
606 960 707 1014 qua
740 945 946 998 ratione.
973 943 1343 1013 mgrotaverit,
1389 957 1494 1011 qua
1530 941 1885 996 valetudinem
1913 957 2000 995 re-

409 1037 746 1105 cuperaverit
779 1035 860 1088 vir
904 1035 994 1089 ille
1039 1035 1242 1089 beatus.
1292 1033 1419 1100 Qua:
1463 1033 1620 1102 igitur
1649 1031 1818 1085 morbi
1863 1033 2001 1086 ratio

413 1128 556 1181 fuit?
588 1126 876 1182 Mrechatus
907 1135 1008 1192 est,
1039 1135 1090 1180 et
1109 1125 1323 1180 occidit.
1356 1125 1471 1179 Non
1503 1125 1642 1180 enim
1671 1140 1862 1179 vereor
1886 1126 2001 1179 haec

414 1236 603 1290 magna
651 1235 784 1274 voce
813 1219 1102 1288 publicare.
1136 1218 1266 1272 Nam
1303 1219 1346 1271 si
1379 1218 1608 1288 Spiritus
1639 1228 1855 1273 sanctus
1891 1233 1998 1272 non

413 1324 566 1382 turpe
596 1313 919 1368 existimavit
968 1328 1111 1375 esse,
1142 1312 1278 1367 hanc
1311 1323 1473 1366 totam
1517 1313 1792 1367 historiam
1818 1313 1998 1383 publi-

411 1421 556 1470 care,
593 1407 759 1459 multo
790 1405 958 1475 magis
984 1420 1081 1459 nos
1105 1403 1248 1458 illam
1282 1420 1387 1458 non
1417 1405 1644 1460 obscure
1680 1403 1880 1458 referre
1906 1404 2000 1457 de-

410 1497 618 1553 bemus.
649 1498 982 1581 Quapropter
1026 1512 1130 1551 non
1164 1498 1323 1551 modo
1363 1497 1478 1552 hazc
1505 1497 1804 1567 praadicabo
1843 1538 1858 1562 ,
1899 1495 1996 1552 sed

412 1591 555 1647 aliud
585 1607 796 1662 quoque
843 1589 1112 1659 adjiciam.
1155 1589 1366 1643 Etenim
1396 1589 1482 1658 qui
1526 1589 1643 1643 haec
1681 1589 1992 1654 occultant,

410 1685 509 1739 viri
558 1685 700 1739 illius
749 1684 999 1737 virtutem
1041 1683 1364 1738 obscurant:
1394 1697 1456 1736 ac
1501 1681 1638 1735 sicut
1687 1681 1722 1735 ii
1762 1681 1849 1750 qui
1880 1680 1997 1749 ejus

410 1793 532 1834 cum
573 1775 822 1832 Goliatho
885 1790 1114 1846 pugnam
1160 1784 1426 1840 tacerent,
1467 1789 1571 1829 non
1619 1775 1863 1844 exiguam
1893 1775 1993 1844 ipsi

407 1886 662 1926 coronam
713 1869 1038 1934 adimerent,
1074 1866 1292 1938 perinde
1321 1869 1552 1923 facerent
1594 1869 1681 1938 qui
1723 1868 1858 1923 hanc
1910 1869 1994 1922 bi-

408 1967 630 2019 storiam
662 1971 1147 2033 prmtcrcurrerent.
1181 1963 1370 2016 Annon
1401 1977 1514 2016 rem
1561 1961 1712 2016 vobis
1743 1961 1994 2031 inexspe-

407 2065 606 2113 ctatam
654 2055 812 2111 dico?
842 2055 946 2111 Sed
989 2052 1248 2109 tantillum
1295 2053 1696 2124 prtestolamini,
1735 2061 1788 2106 et
1813 2052 1994 2107 scietis

411 2165 510 2205 nos
540 2148 656 2203 hmc
701 2147 822 2217 jure
862 2147 913 2202 in
960 2146 1192 2202 medium
1238 2145 1542 2216 protulisse.
1591 2144 1715 2198 ldeo
1768 2157 1994 2211 namque

408 2250 685 2312 peccatum
715 2239 998 2310 amplifice,
1025 2239 1182 2308 idque
1212 2238 1580 2306 inexspectata
1611 2235 1860 2306 loquendi
1887 2236 1989 2296 via,

411 2342 468 2386 ut
498 2331 779 2402 pharmaca
803 2344 984 2400 parem
1014 2329 1334 2398 copiosiora.
1359 2327 1494 2393 Quid
1525 2327 1700 2395 itaque
1723 2324 1994 2393 propono?

410 2421 671 2478 Virtutem
719 2421 858 2483 viri;
893 2421 942 2476 id
973 2420 1112 2491 quod
1151 2420 1364 2490 gravius
1405 2418 1606 2473 crimen
1647 2417 1832 2471 efficit.
1875 2415 1991 2470 Non

405 2513 550 2568 enim
595 2529 688 2583 par
715 2523 796 2569 est
836 2514 888 2566 in
943 2513 1190 2566 omnibus
1228 2520 1282 2566 ct
1323 2511 1460 2566 circa
1493 2524 1680 2566 omnes
1710 2509 1810 2564 hac
1838 2513 1890 2563 in
1935 2523 1992 2564 re

404 2604 662 2674 judicium
697 2622 710 2657 :
742 2603 982 2658 Potentes
1011 2603 1152 2657 enim
1179 2644 1194 2668 ,
1238 2603 1406 2671 inquit
1433 2643 1448 2666 ,
1483 2610 1708 2670 potenter
1745 2608 1992 2652 tormenta

407 2700 658 2769 patientur
687 2698 840 2770 (Sap.
869 2698 922 2753 6.
947 2698 1037 2765 7);
1067 2706 1138 2761 et,
1173 2696 1272 2762 Qui
1299 2695 1433 2748 novit
1463 2695 1762 2748 voluntatem
1799 2692 1992 2745 domini

404 2789 505 2855 sui,
535 2799 581 2842 et
617 2805 717 2842 non
743 2788 900 2857 facit,
931 2789 1186 2858 vapulabit
1219 2787 1391 2839 multis
1439 2784 1589 2855 (Luc.
1623 2785 1708 2838 12.
1743 2783 1856 2855 47).
1892 2783 1992 2835 lta-

404 2896 508 2950 que
536 2879 707 2950 major
753 2877 982 2950 cognitio
1013 2879 1230 2946 majoris
1257 2886 1338 2932 est
1383 2892 1545 2931 causa
1573 2876 1835 2945 supplicii.
1866 2874 1990 2929 Ideo

404 2973 656 3028 sacerdos
682 2972 770 3042 qui
797 2974 848 3026 iu
883 2972 1047 3042 paria,
1080 2981 1240 3040 atque
1268 2969 1498 3032 subditi,
1531 2969 1722 3024 incidit
1746 2977 1986 3038 peccata,

405 3079 511 3118 non
540 3078 716 3133 pares,
748 3063 843 3118 sed
873 3064 1042 3117 multo
1090 3062 1365 3133 graviores
1405 3060 1553 3116 dabit
1597 3075 1802 3130 poenas.
1857 3059 1989 3113 For-

404 3165 548 3212 tasse
590 3156 717 3211 dum
761 3172 847 3211 me
874 3156 1066 3210 videtis
1108 3155 1433 3223 ampliﬁcare
1462 3154 1663 3208 crimen
1699 3194 1713 3218 ,
1763 3153 1990 3208 tremitis

401 3258 457 3303 et
483 3248 795 3310 formidatis,
840 3255 896 3302 et
940 3262 1027 3302 me
1069 3246 1218 3316 quasi
1259 3260 1354 3314 per
1398 3245 1687 3314 prmeipitia
1737 3243 1988 3298 inceden-

404 3348 511 3394 tem
565 3338 853 3394 miramini.
897 3337 1009 3407 Ego
1052 3352 1181 3393 vero
1220 3344 1424 3391 tantum
1464 3337 1604 3391 circa
1643 3337 1772 3406 justi
1826 3337 1990 3392 virtu-

403 3439 510 3484 tem
539 3437 593 3482 et
613 3429 802 3484 merita
827 3427 1058 3492 confido,
1089 3435 1145 3480 ut
1169 3426 1330 3481 etiam
1359 3426 1578 3481 ulterius
1631 3426 1942 3495 progrediar
1972 3445 1986 3480 :

402 3529 602 3593 quanto
657 3522 800 3576 enim
845 3518 1013 3590 magis
1057 3519 1258 3574 crimen
1299 3519 1503 3589 augebo
1529 3561 1544 3584 ,
1587 3527 1734 3574 tanto
1769 3518 1988 3588 majori-

405 3615 503 3669 bus
548 3613 798 3668 Davidem
866 3612 1110 3666 laudibus
1151 3610 1424 3667 celebrare
1474 3620 1681 3680 potero.
1741 3611 1807 3666 Et
1857 3611 1984 3680 quid

405 3707 491 3762 his
540 3706 714 3775 majus
741 3747 756 3771 ,
807 3705 1048 3774 inquies,
1097 3702 1335 3772 proferre
1371 3703 1591 3773 possis?
1633 3703 1795 3758 Multo
1839 3713 1988 3758 certe

407 3798 630 3868 majora.
677 3794 1134 3864 Quemadmodum
1196 3795 1338 3849 enim
1394 3794 1542 3848 Caini
1609 3795 1814 3850 crimen
1878 3811 1984 3848 non

404 3890 579 3946 caedes
617 3889 777 3944 modo
817 3898 930 3944 erat
958 3929 974 3953 ,
1021 3885 1116 3942 sed
1161 3887 1346 3941 multis
1375 3887 1612 3942 ctedibus
1655 3887 1843 3957 pejus;
1879 3902 1983 3941 non

404 3983 549 4038 enim
576 3983 829 4044 alienum,
860 3978 954 4035 sed
984 3977 1238 4043 fratrem;
1270 3989 1327 4034 et.
1351 3980 1588 4046 fratrem,
1623 3993 1730 4034 non
1781 3978 1985 4034 laeden-

407 4085 513 4129 tem
545 4115 561 4139 ,
604 4072 700 4129 sed
749 4072 934 4126 laesum
968 4069 1198 4135 occidit;
1233 4084 1338 4124 non
1382 4079 1502 4139 post
1527 4071 1719 4125 multas
1749 4079 1984 4139 patratas

404 4165 598 4228 ctedes,
632 4162 725 4218 sed
764 4163 878 4231 ipse
916 4161 1306 4216 exsecrandum
1352 4161 1528 4215 scelus
1557 4163 1702 4232 prior
1730 4163 1934 4217 invenit
1965 4178 1978 4216 :

403 4257 483 4310 sic
508 4257 559 4309 in
585 4254 684 4308 hoc
713 4270 818 4322 quo
846 4252 914 4308 de
945 4253 1151 4321 agimus
1175 4252 1444 4322 exemplo,
1483 4268 1589 4306 non
1615 4253 1791 4308 caedes
1823 4253 1982 4308 modo

404 4349 607 4402 facinus
633 4346 732 4402 hoc
751 4353 896 4411 erat;
927 4360 1032 4400 non
1054 4345 1196 4399 enim
1223 4344 1306 4398 vir
1325 4359 1355 4398 e
1377 4345 1532 4398 trivio
1562 4343 1824 4400 homicida
1845 4354 1980 4412 erat,

401 4441 499 4495 sed
539 4439 830 4508 propheta;
875 4453 980 4492 non
1009 4437 1290 4491 laedentem
1317 4477 1332 4500 ,
1379 4436 1473 4491 sed
1512 4436 1697 4490 laesum
1741 4438 1977 4493 occidit:

405 4531 562 4585 lmsus
586 4529 777 4599 quippe
815 4527 988 4583 fuerat
1019 4541 1084 4581 ex
1108 4515 1372 4581 adulterio
1410 4541 1530 4580 cum
1562 4541 1791 4582 uxore':
1824 4537 1983 4598 atque

403 4623 508 4677 hoc
540 4622 699 4676 etiam
731 4621 904 4675 scelus
933 4619 1155 4674 addidit.
1204 4619 1478 4674 Videtisne
1528 4619 1796 4689 quomodo
1835 4620 1982 4688 justo

405 4714 521 4766 viro
545 4727 652 4765 non
683 4725 916 4780 parcam,
950 4721 1004 4765 et
1023 4713 1139 4765 sine
1178 4711 1285 4765 ullo
1322 4721 1744 4780 temperamento
1775 4712 1979 4766 scelera

400 4805 522 4874 ejus
547 4803 908 4858 recenseam?
951 4804 1196 4857 Attamen
1245 4803 1315 4856 ita
1356 4804 1423 4856 de
1480 4803 1623 4856 illius
1666 4804 1982 4873 purgatione

398 4893 646 4960 conﬁdo,
697 4903 756 4947 ut
783 4903 900 4963 post
945 4901 1146 4947 tantum
1189 4894 1450 4948 scelerum
1497 4894 1706 4948 culmen
1733 4935 1748 4958 ,
1799 4903 1979 4962 Optem

399 4987 592 5041 adesse
629 4983 967 5048 Manichaeos,
1010 4984 1098 5053 qui
1142 4983 1257 5037 haec
1296 4985 1528 5039 maxime
1565 4984 1884 5051 traducunt,
1928 4994 1981 5038 et

399 5077 769 5133 Marcionistas
793 5116 810 5141 ,
842 5083 900 5128 ut
942 5075 1155 5129 illorum
1196 5089 1291 5128 ora
1332 5077 1547 5145 egregie
1601 5075 1866 5130 claudam.
1899 5075 1980 5129 llli

402 5185 630 5238 namque
646 5169 830 5224 dicunt
846 5168 1017 5237 ipsum
1039 5178 1091 5222 et
1106 5167 1365 5223 occidisse
1386 5169 1774 5224 etmeechatum
1794 5168 1977 5234 fuisse;

400 5278 502 5332 ego
527 5277 654 5318 vero
685 5277 788 5315 non
821 5260 872 5314 id
916 5268 1116 5313 tantum
1163 5258 1316 5326 dico,
1368 5259 1461 5314 sed
1511 5260 1774 5330 duplicem
1818 5259 1980 5314 fuisse

399 5353 604 5409 caedem
631 5350 992 5408 demonstravi
1018 5389 1034 5412 ,
1083 5359 1195 5404 tum
1223 5350 1364 5419 quod
1392 5351 1478 5405 ille
1511 5351 1621 5420 jam
1652 5362 1774 5406 ante
1823 5353 1980 5406 Ιωδυε

400 5447 490 5507 sit,
521 5455 630 5503 tum
655 5443 796 5516 quod
827 5451 984 5497 tautae
1011 5441 1285 5511 dignitatis
1311 5451 1454 5496 esset
1485 5443 1528 5496 is
1556 5445 1645 5512 qui
1677 5443 1887 5498 occidit.

473 5539 526 5591 7.
568 5536 838 5592 Peccatum
871 5535 1077 5589 Doridis
1113 5544 1376 5604 quantum.
1417 5533 1590 5604 Ipsius
1638 5545 1746 5604 post
1777 5537 1976 5606 lapsum

399 5638 589 5694 quanta
622 5627 796 5682 uirtus.
846 5657 916 5667 —
967 5627 1082 5681 Non
1124 5626 1266 5680 enim
1313 5641 1408 5696 par
1449 5635 1532 5681 cst
1571 5628 1772 5681 crimen
1807 5629 1979 5682 virum

401 5721 600 5788 Spiritu
625 5731 807 5774 sancto
835 5719 1128 5790 dignatum,
1171 5726 1249 5774 tot
1275 5717 1546 5773 beneficiis
1575 5717 1840 5786 affectum,
1886 5721 1974 5790 qui

1359 270 1423 329 IN
1463 265 1873 326 ΜΑΤΤΙΙᾸΞΗΜ
1914 265 2144 321 IIOMIL.
2190 266 2377 321 XXVI.
2417 270 2490 322 al.
2534 269 2752 326 XXVII.

3597 286 3704 342 διε

2117 390 2315 438 tantam
2356 393 2672 453 potestatem
2718 395 2833 441 erat
2877 388 3120 458 adeptus,
3170 392 3222 446 in
3255 395 3342 448 tali
3387 405 3544 453 rotate
3589 398 3701 456 ha-c

2113 475 2344 530 facinora
2371 477 2606 547 aggredi,
2636 487 2793 547 atque
2822 479 3049 549 idipsnm
3073 488 3364 552 perpetrari
3394 503 3420 540 a
3448 489 3582 555 viro,
3614 493 3698 545 cui

2111 567 2243 620 nihil
2273 583 2458 623 eorum
2488 578 2774 639 competat.
2826 573 3074 626 Attamen
3106 573 3231 630 hinc
3258 579 3551 635 mirabilior
3575 598 3701 636 eva-

2110 658 2188 712 dit
2219 659 2302 712 vir
2346 660 2435 714 ille
2479 661 2650 726 fortis,
2693 663 2831 732 quod
2884 664 2934 717 in
2980 665 3297 734 profundum
3336 674 3584 741 nequitia:
3626 676 3696 728 la-

2111 762 2258 818 psus,
2301 766 2404 804 non
2431 752 2610 806 animo
2633 753 2909 820 defecerit,
2960 773 3066 811 non
3092 758 3410 827 desperarit,
3457 779 3560 817 non
3607 781 3697 820 se—

2111 840 2282 907 ipsum
2313 843 2560 912 supinum
2592 846 2899 916 projceerit,
2946 848 3085 904 letali
3116 850 3334 906 vulnere
3358 855 3639 910 confossus
3666 871 3695 910 a

2109 934 2344 1002 diabolo,
2395 937 2489 992 sed
2517 939 2642 1002 cito.
2679 941 2785 994 imo
2812 941 3012 1009 statim,
3046 957 3234 1012 magna
3261 959 3382 998 cum
3405 947 3698 1003 vehemen-

2111 1031 2180 1082 tia
2212 1029 2381 1098 majus
2411 1029 2662 1084 iullixerit
2693 1032 2904 1097 vulnus,
2947 1049 3104 1103 quam
3140 1046 3434 1104 acceperat.
3468 1039 3699 1097 Perinde

2110 1128 2270 1188 atque
2305 1121 2346 1174 si
2389 1121 2439 1174 in
2469 1123 2584 1176 acie
2614 1122 2871 1177 barbarus
2900 1126 3162 1194 quispiam
3202 1127 3254 1181 in
3285 1143 3380 1183 cor
3411 1131 3490 1185 vel
3523 1132 3573 1186 in
3602 1133 3694 1188 hc-

2106 1225 2204 1280 par
2231 1213 2430 1266 strenui
2464 1213 2560 1267 viri
2591 1214 2796 1268 hastam
2832 1215 3084 1283 infixerit,
3125 1227 3180 1273 et
3207 1221 3494 1276 secundam
3528 1227 3694 1295 magis

2107 1304 2318 1359 letalem
2351 1307 2552 1375 plagam
2586 1308 2868 1374 addiderit,
2913 1319 3020 1363 tum
3055 1312 3142 1367 ille
3182 1314 3361 1382 lapsus
3387 1316 3690 1387 plagarum-

2104 1410 2208 1465 que
2239 1398 2494 1466 sanguine
2518 1399 2889 1465 circumfusus,
2919 1403 3025 1455 cito
3046 1408 3353 1469 surrexerit,
3383 1409 3691 1481 hastamque

2104 1488 2319 1542 vibrans
2351 1490 2557 1545 hostem
2588 1492 2904 1559 confoderit,
2947 1503 3002 1548 et
3047 1497 3278 1550 occisum
3324 1502 3500 1554 statim
3547 1502 3688 1557 luuui

2104 1592 2427 1652 prostratum
2459 1585 2731 1654 reliquerit
2764 1603 2777 1638 :
2810 1587 2887 1640 sic
2915 1597 2967 1639 et
2995 1603 3152 1652 nunc,
3182 1603 3287 1658 quo
3309 1592 3561 1661 majorem
3590 1597 3686 1649 Da-

2102 1675 2238 1728 vidis
2267 1677 2470 1746 plagam
2512 1677 2731 1744 dixeris,
2779 1693 2846 1734 eo
2886 1679 3266 1737 mirabiliorem
3295 1687 3525 1741 confossi
3567 1693 3687 1743 ani-

2103 1780 2247 1820 mum
2295 1767 2564 1830 ostendis,
2611 1769 2750 1838 quod
2793 1779 2912 1837 post
2958 1772 3150 1826 vulnus
3190 1783 3294 1828 tam
3339 1792 3535 1845 grave,
3596 1798 3686 1849 Iv-

2103 1858 2264 1912 tuerit
2290 1867 2345 1913 et
2387 1875 2629 1930 surgere,
2663 1869 2715 1914 et
2750 1862 2801 1916 in
2832 1861 3009 1918 fronte
3038 1866 3158 1920 valli
3180 1876 3342 1935 stare,
3379 1869 3686 1944 hostemque

2100 1959 2462 2021 prosternere.
2493 1953 2604 2010 Hoc
2633 1970 2764 2010 vero
2791 1967 3048 2025 quantum
3077 1960 3163 2019 sit.
3188 1962 3360 2015 sciunt
3387 1980 3572 2020 omnes
3597 1973 3682 2035 qui

2101 2043 2153 2097 in
2172 2043 2350 2114 gravia
2382 2043 2516 2114 lapsi
2542 2055 2667 2100 sunt
2697 2055 2932 2116 peccata.
2957 2048 3072 2103 Non
3099 2051 3243 2105 enim
3272 2053 3338 2106 ita
3371 2053 3522 2110 fortis
3549 2069 3590 2110 st
3603 2075 3680 2111 rc-

2106 2135 2310 2205 nuique
2334 2135 2501 2190 animi
2527 2145 2610 2191 est
2636 2146 2782 2191 recta
2805 2136 3139 2190 incedentem
3165 2151 3387 2192 cursum
3422 2139 3680 2207 perficere

2105 2226 2175 2297 (is
2190 2228 2336 2284 enim
2351 2227 2610 2283 comitem
2628 2227 2956 2298 habetspem
2971 2227 3168 2282 bonam
3179 2229 3549 2284 concitantem
3561 2246 3681 2285 ner-

2105 2334 2205 2376 vos
2225 2327 2280 2374 et
2301 2318 2642 2372 alacritatem
2671 2317 3003 2388 addentem),
3029 2326 3089 2372 ut
3105 2329 3226 2387 post
3247 2321 3393 2373 mille
3419 2335 3674 2384 coronas,

2104 2418 2330 2479 tropaea,
2347 2409 2624 2474 victorias,
2639 2409 2874 2479 graviter
2887 2409 3096 2479 lapsum
3117 2425 3277 2478 posse
3293 2411 3544 2466 eumdem
3558 2428 3677 2466 cur-

2104 2516 2226 2556 sum
2242 2500 2421 2555 denuo
2436 2498 2742 2570 repetere.U
2753 2510 2772 2554 t
2784 2508 2964 2554 autem
2984 2501 3036 2554 id
3049 2503 3194 2570 quod
3210 2503 3333 2557 dico
3345 2503 3544 2560 clarius
3555 2519 3678 2559 eva-

2095 2592 2205 2660 dat,
2255 2593 2404 2648 aliud
2443 2593 2622 2664 priore
2663 2608 2772 2650 non
2813 2596 2991 2651 minus
3032 2590 3335 2669 exemplum
3367 2601 3419 2654 iu
3449 2604 3678 2657 medium

2099 2687 2248 2742 vobis
2295 2686 2535 2756 proferre
2578 2688 2816 2743 tentabo.
2873 2688 3056 2761 Cogita
3096 2690 3226 2745 mihi
3269 2693 3677 2763 gubernatorem

2095 2780 2262 2834 maria
2309 2779 2454 2834 mille
2494 2795 2796 2847 emensum,
2853 2793 2973 2851 post
3017 2791 3216 2836 tantam
3267 2787 3676 2855 navigationem,

2095 2881 2216 2940 post
2261 2871 2454 2926 multas
2503 2881 2866 2942 tempestates,
2918 2874 3189 2943 scopulos,
3233 2876 3453 2942 fluctus,
3503 2882 3681 2934 multis

2096 2963 2410 3018 instructum
2453 2965 2709 3020 mercium
2759 2965 3002 3031 sarcinis,
3037 2966 3088 3019 in
3139 2966 3256 3036 ipso
3301 2979 3487 3037 portus
3541 2974 3678 3025 ostio

2094 3056 2422 3122 demersum,
2463 3058 2552 3127 qui
2593 3059 2679 3110 vix
2709 3073 2741 3113 e
2767 3067 2914 3112 tanto
2939 3059 3214 3127 naufragio
3253 3062 3423 3116 nudus
3444 3063 3680 3134 effugere

2095 3151 2324 3216 potuerit
2354 3167 2368 3208 :
2397 3164 2502 3218 quo
2533 3150 2621 3205 ille
2650 3151 2830 3204 animo
2859 3151 3020 3206 fuerit
3043 3165 3168 3221 erga
3204 3154 3589 3223 navigationem
3625 3167 3677 3211 et

2096 3240 2296 3294 marina
2319 3240 2592 3308 pericula?
2620 3257 2744 3296 num
2770 3241 2860 3295 ille
2880 3241 3106 3296 voluerit
3131 3257 3404 3313 umquam,
3439 3247 3537 3299 nisi
3566 3249 3678 3300 ani-

2093 3333 2164 3387 mi
2192 3335 2261 3386 sit
2287 3333 2571 3388 admodum
2594 3335 2817 3400 strenui,
2840 3335 2923 3389 vel
2949 3335 3092 3400 litus,
3117 3336 3205 3390 vel
3222 3347 3453 3405 portum,
3473 3341 3558 3393 vel
3585 3355 3677 3394 na-

2097 3441 2212 3480 vem
2242 3425 2401 3479 ullam
2431 3425 2744 3494 respicere?
2777 3425 2891 3480 Non
2919 3426 3100 3495 utique
3126 3435 3253 3496 puto
3281 3445 3292 3479 :
3325 3428 3418 3483 sed
3447 3431 3676 3484 occulta-

2094 3525 2180 3572 tus
2198 3517 2413 3586 jacebit,
2446 3518 2584 3572 diem
2609 3518 2660 3571 in
2689 3528 2899 3574 noctem
2921 3527 3153 3584 vertens,
3179 3522 3431 3592 omnique
3457 3537 3551 3592 spe
3580 3524 3675 3579 de-

2093 3609 2343 3671 stitutus;
2386 3609 2652 3678 maletque
2680 3609 2840 3662 vitam
2871 3608 3146 3664 mendicus
3171 3625 3349 3680 agerc,
3373 3629 3529 3681 quam
3563 3615 3674 3683 pri-

2092 3701 2260 3754 stinos
2285 3699 2433 3754 adire
2459 3699 2688 3754 labores.
2721 3702 2792 3754 At
2816 3716 2921 3755 non
2956 3701 3077 3756 talis
3108 3701 3203 3755 fuit
3231 3703 3315 3756 hic
3337 3706 3416 3759 vir
3446 3707 3629 3762 beatus
3662 3725 3675 3762 :

2092 3793 2185 3847 sed
2231 3803 2350 3862 post
2379 3800 2581 3846 tantum
2609 3793 2962 3862 naufragium,
3009 3805 3124 3860 post
3159 3804 3234 3848 tot
3264 3796 3472 3852 labores
3498 3808 3552 3853 ct
3582 3814 3672 3854 su-

2080 3882 2272 3954 dores,
2322 3898 2428 3937 non
2471 3884 2662 3938 mansit
2711 3884 2988 3948 occultus;
3039 3885 3130 3940 sed
3193 3888 3367 3941 navim
3420 3893 3668 3954 extraxit,

2090 3976 2445 4044 expansisque
2485 3975 2636 4042 velis,
2685 3983 2741 4030 et
2786 3984 3006 4045 accepto
3052 3977 3433 4046 gubernaculo,
3469 3981 3676 4038 labores

2089 4069 2239 4136 adiit,
2280 4076 2335 4121 et
2376 4065 2606 4137 majores
2648 4083 2804 4136 quam
2858 4068 3004 4137 prius
3047 4068 3257 4124 divitias
3297 4071 3520 4140 adeptus
3569 4086 3668 4127 est.

2091 4158 2242 4226 Quod
2287 4157 2330 4212 si
2377 4165 2522 4211 stare
2575 4167 2628 4211 et
2679 4156 2886 4226 lapsum
2935 4172 3039 4211 non
3084 4173 3298 4228 semper
3336 4161 3518 4228 jacere
3573 4165 3674 4216 mi~

2090 4250 2256 4304 rabile
2286 4257 2387 4314 est,
2419 4247 2596 4304 denuo
2625 4249 2846 4304 excitari
2877 4259 2932 4304 et
2964 4249 3088 4303 talia
3119 4251 3394 4319 perficere,
3427 4263 3557 4323 quot
3585 4270 3676 4309 co-

2088 4343 2235 4398 ronis
2260 4341 2477 4412 dignum
2506 4357 2610 4395 non
2631 4341 2771 4396 erit?
2794 4340 2952 4410 Atqui
2983 4341 3146 4395 multa
3176 4351 3329 4396 erant
3355 4356 3476 4413 qua}
3503 4345 3675 4414 ipsum

2090 4435 2142 4491 in
2180 4434 2605 4504 desperationem
2651 4433 3014 4502 conjicerent?
3064 4435 3260 4504 primo.
3305 4437 3508 4505 peccati
3557 4453 3675 4491 ma-

2084 4527 2342 4596 gnitudo;
2370 4525 2626 4590 secundo,
2656 4524 2796 4594 quod
2825 4540 2930 4579 non
2962 4526 3013 4579 in
3041 4526 3292 4594 primaeva
3313 4536 3489 4593 :etate,
3511 4545 3672 4598 quan-

2125 4635 2158 4673 ο
2201 4619 2373 4689 major
2412 4627 2527 4673 erat
2560 4631 2684 4686 spes
2724 4617 3068 4678 reversionis,
3101 4617 3193 4671 sed
3224 4617 3530 4674 declinante
3565 4621 3671 4689 jam

2091 4725 2250 4770 aetate
2282 4712 2330 4769 id
2358 4726 2546 4782 passus
2583 4721 2744 4767 esset.
2791 4711 2974 4781 Neque
3001 4715 3142 4766 enim
3179 4722 3461 4780 mercator,
3492 4715 3578 4784 qui
3610 4733 3672 4769 ex

2089 4813 2244 4873 portu
2289 4818 2539 4873 egressus
2582 4803 2759 4857 statim
2803 4801 3133 4871 naufragium
3182 4804 3399 4872 patitur,
3453 4807 3676 4874 perinde

2089 4895 2314 4948 afficitur
2358 4895 2563 4960 dolore,
2617 4903 2775 4961 atque
2821 4894 2864 4947 is
2907 4894 2994 4962 qui
3041 4905 3164 4964 post
3194 4897 3387 4951 multas
3434 4911 3674 4968 peractas

2090 4989 2475 5058 negotiationes
2530 4987 2581 5039 iu
2624 4985 2899 5054 scopulum
2945 4986 3209 5058 impingit.
3263 4989 3478 5056 Tertio,
3532 4994 3671 5062 quod

2090 5089 2206 5148 post
2239 5088 2411 5132 tantas
2453 5077 2706 5131 collectas
2755 5077 2966 5131 divitias
3011 5078 3062 5134 id
3107 5095 3294 5149 passus
3329 5083 3398 5137 sit
3432 5101 3444 5136 :
3473 5086 3666 5138 etenim

2089 5189 2205 5225 nou-
2225 5186 2399 5238 parvm
2426 5169 2497 5223 illi
2532 5180 2656 5223 tunc
2681 5169 2903 5226 aderant
2939 5172 3198 5226 mercium
3225 5176 3482 5237 sarcime;
3520 5191 3666 5227 nem-

2090 5276 2156 5330 pe
2192 5260 2280 5315 illa
2309 5276 2426 5330 qua:
2457 5261 2506 5313 in
2541 5260 2786 5329 prinueva
2820 5271 2976 5316 actate
3003 5272 3267 5332 gesserat,
3320 5279 3441 5317 cum
3494 5273 3672 5331 pastor

2089 5362 2265 5418 esset;
2317 5368 2489 5423 pugna
2530 5362 2715 5408 contra
2773 5353 3102 5421 Goliathum,
3167 5372 3287 5410 cum
3334 5356 3670 5424 splendidum

2088 5447 2257 5502 erexit
2284 5456 2538 5515 tropteum
2573 5464 2586 5498 :
2622 5447 2954 5516 philosophia
2988 5450 3074 5502 illa
3103 5463 3260 5516 quam
3283 5447 3522 5501 exhibuit
3544 5463 3669 5518 erga

2086 5538 2320 5595 Saﬁlem.
2341 5537 2707 5606 Evangelicam
2737 5539 2878 5592 enim
2906 5537 3138 5592 ostendit
3159 5535 3667 5603 magnanimitatem,

2087 5645 2209 5684 cum
2254 5629 2551 5685 sexcenties
2593 5628 2798 5682 hostem
2845 5641 2953 5695 prre
2993 5626 3235 5680 manibus
3275 5625 3535 5691 habuerit,
3584 5629 3667 5682 cui

2090 5734 2302 5791 semper
2325 5721 2596 5790 pepercit;
2629 5717 2917 5786 maluitque
2940 5717 3181 5785 patriam,
3214 5717 3534 5789 libertatem,
3559 5719 3668 5775 imo
