4080 6138
443 239 546 295 M3

445 361 604 408 vitam
635 353 900 416 aniittere,
929 367 1094 424 quam
1121 352 1218 408 sibi
1264 354 1458 423 injuste
1499 354 1832 408 insidiantem
1856 353 2027 408 inter-

444 444 624 500 ﬁcere.
651 441 778 497 Post
803 443 1054 513 adeptum
1081 459 1292 514 quoque
1312 460 1530 513 regnum
1559 460 1662 498 non
1695 459 1851 513 parva
1885 456 2029 498 recte

445 537 634 607 gessit.
684 537 857 606 Supra
904 536 1213 590 memoratis
1257 535 1499 590 addenda
1526 535 1640 602 ejus
1675 535 1814 604 apud
1841 550 2028 590 omnes

440 627 784 693 existimatio,
820 642 941 681 nam
968 625 1110 698 quod
1137 641 1167 680 a
1199 635 1342 680 tanta
1369 626 1533 696 gloria
1561 628 1863 694 excidisset,
1919 643 2024 682 non

442 734 661 786 parvum
709 717 873 774 animi
913 727 1115 774 motum
1160 718 1396 774 excitare
1440 727 1670 788 poterat.
1723 719 1836 775 Non
1881 722 2023 775 enim

441 819 646 864 tantum
677 810 902 865 ornabat
928 825 1175 879 purpurae
1195 809 1380 872 decus,
1406 819 1659 881 quantum
1687 811 1891 881 pudore
1912 811 2024 866 suf-

440 901 692 957 l’undehat
724 903 921 971 peccati
951 903 1078 956 tauti
1107 901 1331 957 macula.

509 995 562 1048 8.
605 991 765 1049 Scitis
816 1009 976 1063 porro
1029 1009 1187 1062 quam
1235 1009 1475 1049 amarum
1521 996 1590 1048 sit
1636 1010 1755 1049 cum
1809 1005 2021 1064 peccata

439 1085 776 1154 evnlgautur,
827 1095 882 1140 et
925 1093 1124 1154 quanto
1165 1085 1235 1138 sit
1277 1100 1411 1154 opus
1447 1087 1648 1150 animo,
1682 1097 1796 1139 uta
1842 1087 2022 1140 multis

435 1189 716 1237 accusatus
754 1180 854 1244 vir,
904 1188 1088 1249 totque
1135 1178 1338 1235 habens
1377 1180 1638 1235 scelerum
1685 1189 1870 1246 testes,
1916 1196 2021 1234 nun

435 1287 656 1342 prorsus
681 1271 948 1326 concidat.
979 1273 1227 1325 Attamen
1255 1280 1504 1327 strenuus
1541 1271 1630 1326 ille
1657 1273 1759 1338 vir,
1790 1273 1890 1324 tela
1924 1273 2019 1326 ist-

436 1365 551 1419 hazc
580 1363 756 1417 omnia
794 1361 863 1418 ab
893 1363 1071 1416 anima
1099 1378 1193 1416 sna
1221 1362 1434 1428 evulsit,
1478 1363 1777 1433 deindeqne
1807 1364 1875 1417 ita
1910 1364 2021 1417 ela-

434 1457 560 1520 rnit,
609 1455 679 1510 ita
721 1455 958 1510 maculas
1001 1454 1170 1519 eluit,
1213 1455 1285 1509 ita
1339 1454 1572 1510 mundus
1609 1455 1889 1525 apparuit,
1964 1464 2020 1516 nt

433 1549 592 1602 etiam
643 1558 762 1617 post
812 1556 1039 1601 mortem
1082 1555 1335 1616 nepotum
1363 1562 1583 1603 suorum
1619 1557 1833 1616 peccata
1864 1548 2018 1602 obte-

432 1648 582 1710 geret
611 1656 626 1694 :
656 1649 710 1694 et
735 1640 876 1710 quod
908 1639 974 1695 de
1005 1639 1311 1695 Abrahamo
1337 1639 1548 1695 dixerat
1573 1640 1729 1703 Deus,
1779 1639 1831 1694 id
1860 1640 2018 1694 etiam

433 1734 500 1788 de
545 1734 636 1788 illo
683 1729 976 1804 proferret;
1019 1734 1126 1788 imo
1170 1734 1336 1788 multo
1379 1735 1548 1803 magis
1588 1733 1655 1789 de
1692 1733 1909 1788 Davide.
1946 1733 2021 1790 De

436 1826 735 1896 patriarcha
777 1826 920 1880 enim
957 1825 1030 1879 ait
1081 1844 1093 1880 :
1140 1824 1454 1880 Recordatus
1476 1841 1586 1878 sum
1617 1826 1898 1878 testamenti
1924 1826 2022 1880 mei

433 1919 567 1990 quod
595 1920 690 1988 fuit
719 1918 787 1970 ad
808 1918 1064 1972 Abraham
1089 1917 1281 1987 (Exod.
1305 1917 1360 1970 2.
1387 1916 1513 1985 24);
1545 1915 1630 1971 hic
1656 1932 1783 1971 vero
1812 1931 1916 1970 non
1939 1917 2017 1969 lo-

431 2009 610 2078 quitur
633 2009 702 2064 de
733 2018 1052 2064 testamento
1087 2026 1099 2060 :
1131 2008 1224 2062 sed
1253 2007 1420 2077 quid?
1451 2005 1671 2077 Propter
1701 2006 1868 2060 David
1888 2024 2018 2077 pue-

433 2118 546 2154 rum
585 2117 751 2154 meum
797 2110 1056 2170 protegam
1099 2100 1230 2152 hanc
1272 2099 1520 2153 civitatem
1566 2097 1734 2169 (Isai.
1767 2101 1856 2155 57.
1883 2100 1952 2155 '55
1973 2098 2013 2170 ).

429 2193 768 2246 Salomonem
794 2191 954 2245 etiam
982 2190 1069 2258 qui
1103 2197 1245 2243 tanta
1281 2189 1482 2245 scelera
1509 2189 1744 2256 admisit,
1774 2189 1843 2246 ob
1866 2205 2017 2244 suam

431 2298 556 2353 erga
604 2284 854 2337 Davidem
896 2281 1320 2338 benevolentiam
1373 2297 1480 2337 non
1519 2282 1761 2352 permisit
1807 2283 1948 2338 Deus
1989 2297 2020 2338 c

433 2390 596 2444 regno
635 2373 900 2428 excidere.
955 2371 1231 2444 Tantaque
1270 2381 1386 2429 erat
1419 2373 1517 2426 viri
1566 2373 1912 2435 existimatio,
1963 2381 2021 2427 ut

433 2474 550 2533 post
582 2475 657 2517 tot
692 2478 860 2518 annos
904 2462 1093 2518 Petrus
1133 2463 1188 2518 in
1220 2464 1478 2519 concione
1519 2464 1588 2518 ad
1624 2463 1839 2519 .ludaeos
1877 2463 2018 2518 dicc-

432 2569 515 2614 ret
553 2574 568 2611 :
601 2557 772 2611 Liceat
811 2557 1056 2610 audenter
1083 2557 1250 2612 dicere
1288 2556 1356 2612 ad
1385 2572 1472 2612 vos
1500 2557 1564 2611 de
1591 2556 1880 2626 patriarcha
1905 2556 2017 2609 Da-

431 2649 537 2715 uid,
571 2649 808 2719 quoniam
853 2647 1117 2713 defunctus
1151 2655 1222 2702 est
1271 2657 1318 2702 et
1372 2647 1596 2718 sepultus
1652 2646 1786 2718 (Act.
1815 2646 1869 2703 2,
1899 2646 2014 2717 29).

429 2742 675 2798 Christus
727 2756 939 2813 quoque
989 2739 1202 2796 Jndaeos
1254 2739 1557 2810 alloquens,
1612 2737 1847 2794 ostendit
1895 2754 2016 2793 eum

429 2833 591 2887 etiam
633 2841 754 2902 post.
795 2841 1071 2902 peccatum
1114 2832 1186 2886 ita
1233 2831 1463 2900 Spiritus
1506 2832 1674 2900 gratia
1717 2830 2014 2902 dignatum,

431 2937 488 2980 nt
532 2924 694 2980 etiam
743 2923 812 2980 de
859 2924 1027 2993 ipsius
1073 2922 1349 2978 divinitate
1395 2921 1726 2992 prophetiam
1775 2921 2019 2978 emittere

431 3017 686 3072 meruerit
736 3035 750 3072 :
794 3015 1026 3086 indeque
1069 3015 1304 3084 ipsorum
1331 3029 1426 3070 ora
1452 3015 1710 3069 obturans
1755 3013 1964 3069 dicebat
2000 3030 2013 3066 :

434 3109 702 3177 Quomodo
743 3125 862 3180 ergo
901 3107 1070 3162 David
1109 3109 1163 3162 in
1204 3106 1386 3178 spiritu
1410 3115 1553 3160 vocat
1581 3121 1694 3159 eum
1720 3105 2014 3171 Dominum,

427 3203 619 3270 dicens,
666 3200 808 3256 Dixit
850 3200 1094 3254 Dominus
1141 3199 1361 3254 Domino
1402 3214 1543 3263 meo,
1587 3197 1722 3252 Sede
1767 3213 1798 3249 a
1827 3197 2018 3251 dextris

428 3293 550 3347 meis
582 3291 792 3365 (Matth.
821 3292 913 3346 22.
946 3291 1084 3362 45)?
1113 3291 1180 3345 Et
1203 3289 1344 3360 quod
1378 3291 1429 3344 in
1450 3289 1630 3360 Moyse
1657 3286 1852 3362 factum
1892 3296 2016 3356 est,

429 3382 532 3438 hoc
557 3384 717 3438 etiam
746 3381 798 3436 in
827 3380 1046 3435 Davide.
1094 3379 1553 3446 Quemadmodum
1597 3380 1739 3433 enim
1772 3376 2013 3444 Mariam,

427 3474 592 3529 invito
621 3474 780 3528 etiam
808 3471 1007 3544 Moyse,
1035 3471 1314 3542 castigavit
1358 3471 1517 3538 Deus,
1540 3485 1605 3526 eo
1631 3469 1771 3541 quod
1794 3471 2014 3524 fratrem

1186 240 1242 296 S.
1283 239 1561 297 JOANNIS
1597 237 2069 296 CHRYSOSTOMI
2105 240 2419 298 ARCHIEP.
2461 237 2992 298 CONSTANTINOP.

3607 253 3705 308 ιιι

2137 359 2462 416 Contumelia
2484 359 2770 424 allecisset,
2796 361 2920 431 quia
2945 376 3140 431 nempe
3163 370 3410 416 sanctum
3435 361 3584 416 illum
3607 367 3700 419 ad-

2138 452 2356 506 modum
2387 451 2641 523 diligebat
2671 470 2684 506 :
2718 453 2816 514 sic,
2849 463 2903 506 et
2934 453 3036 508 hoc
3066 452 3306 518 nolente,
3341 454 3508 508 lilium
3538 455 3706 508 rebel—

2133 543 2238 597 lctn
2264 545 2407 600 ultus
2434 556 2535 600 est.
2562 545 2687 600 ιιςῡο
2711 562 2832 599 cum
2855 545 2994 608 aliis,
3030 546 3137 599 imo
3167 564 3276 616 prae
3303 547 3442 611 aliis,
3477 547 3570 600 viri
3598 549 3705 601 vir-

2135 646 2300 690 tutem
2337 639 2466 692 satis
2505 639 2795 691 declarant.
2846 637 2976 691 Nam
3011 653 3135 691 cum
3173 638 3312 692 Deus
3346 637 3449 691 fert
3485 647 3703 694 senten-

2133 727 2282 786 tiam.
2316 727 2450 780 nihil
2478 728 2616 782 ultra
2649 729 3058 795 explorandtnn.
3098 728 3155 781 Si
3188 728 3349 782 vultis
3384 738 3564 782 autem
3592 729 3700 797 ejus

2131 812 2517 882 philosophiam
2561 812 2857 865 minutatim
2890 811 3154 878 ediscere,
3194 811 3316 866 licet
3345 814 3701 881 percurrenti-

2129 903 2226 958 hus
2279 903 2550 958 historiam
2608 919 2791 957 eorum
2839 919 2956 971 qum
3003 911 3123 972 post
3168 911 3441 971 peccatum
3495 903 3650 972 gessit
3688 947 3702 968 ,

2127 996 2307 1050 videre
2351 1007 2600 1064 quantam
2649 995 2736 1048 ille
2775 993 2910 1061 apud
2945 995 3104 1046 Deum
3148 993 3392 1047 fiduciam
3422 992 3701 1058 habuerit,

2126 1096 2321 1158 quanta
2361 1088 2478 1156 ejus
2520 1087 2888 1142 benevolentia
2926 1085 3174 1156 dignatus
3213 1086 3304 1150 sit,
3352 1093 3606 1154 quantum
3651 1086 3700 1138 in

2126 1182 2320 1236 virtute
2343 1181 2644 1250 profecerit,
2675 1197 2831 1251 quam
2861 1190 3006 1236 recte
3032 1180 3099 1235 ad
3128 1180 3371 1234 ultimum
3403 1195 3568 1248 usque
3598 1179 3703 1248 spi-

2125 1274 2284 1328 ritum
2306 1274 2517 1328 vixerit.
2548 1273 2639 1327 His
2666 1273 2825 1341 igitur
2846 1272 3106 1341 exemplis
3133 1271 3379 1334 instituti,
3401 1271 3697 1340 vigilemus,

2124 1379 2513 1434 caveamusqne
2541 1379 2608 1418 ne
2638 1363 2882 1417 labamur
2914 1380 2927 1416 :
2967 1361 3108 1432 quod
3137 1362 3180 1416 si
3208 1361 3419 1432 quando
3447 1361 3550 1416 labi
3579 1376 3703 1416 con-

2126 1457 2311 1526 tingat,
2360 1471 2428 1510 ne
2475 1456 2723 1525 prostrati
2755 1455 3048 1524 jaceamns.
3104 1453 3285 1524 Neque
3325 1457 3464 1508 enim
3489 1465 3699 1525 peccata

2125 1546 2339 1601 Davidis
2367 1547 2610 1616 exposui,
2651 1554 2710 1601 ut
2739 1563 2832 1601 vos
2863 1546 2913 1600 in
2941 1546 3218 1616 segnitiem
3246 1545 3525 1615 conjiciam
3552 1562 3566 1609 ;
3608 1546 3700 1599 sed

2116 1648 2181 1718 ut
2211 1639 2454 1692 timorem
2482 1639 2755 1692 incutiam.
2791 1637 2922 1692 Nam
2954 1639 2996 1692 si
3023 1637 3198 1708 justus
3231 1638 3340 1704 ille,
3371 1639 3491 1707 quia
3521 1654 3700 1707 parum

2123 1730 2387 1801 neglexit,
2439 1739 2515 1784 tot
2555 1731 2766 1801 excepit
2807 1730 3047 1796 vulnera,
3099 1729 3223 1800 quid
3265 1731 3471 1800 passuri
3522 1745 3703 1785 sumus

2123 1839 2241 1890 nos,
2271 1824 2358 1894 qui
2386 1824 2621 1894 quotidie
2650 1839 2840 1892 segnes
2866 1823 3092 1879 sumus?
3132 1822 3208 1877 Ne
3235 1823 3438 1894 cogites
3477 1839 3604 1893 ergo
3632 1825 3705 1876 la-

2124 1933 2276 1989 psum
2317 1918 2460 1971 illum
2498 1932 2638 1981 esse,
2673 1926 2728 1970 ut
2774 1916 2896 1970 hinc
2940 1916 3210 1986 negligens
3237 1915 3471 1973 evadas:
3505 1914 3599 1970 sed
3625 1923 3702 1968 te-

2122 2024 2242 2065 cum
2273 2018 2458 2078 repnta
2487 2017 2617 2078 quot
2639 2019 2939 2076 quantaque
2965 2016 3146 2076 postea
3180 2007 3381 2070 fecerit,
3439 2015 3571 2076 quot
3614 2007 3705 2061 lle-

2124 2111 2227 2168 tus,
2261 2109 2513 2172 quantam
2554 2101 2919 2170 paenitentiam
2965 2109 3118 2153 nocte
3151 2099 3342 2168 dieque
3370 2097 3704 2164 exhibuerit,

2122 2194 2294 2249 fontes
2337 2193 2692 2264 lacrymarum
2743 2193 3013 2257 emittens,
3062 2191 3231 2259 iisque
3279 2192 3462 2245 lavans
3511 2191 3703 2245 lectum

2121 2302 2305 2351 suum;
2356 2295 2409 2340 et
2447 2285 2560 2339 haec
2604 2298 2761 2338 sacco
2811 2283 3044 2336 indutus.
3101 2281 3156 2336 Si
3196 2290 3374 2336 autem
3423 2282 3510 2336 ille
3563 2291 3702 2335 tanta

2120 2378 2326 2448 eguerit
2353 2375 2728 2438 conversione,
2756 2389 2857 2444 qua
2890 2372 3096 2427 ratione
3125 2373 3416 2443 poterimus
3444 2386 3545 2426 nos
3569 2374 3705 2425 salu-

2122 2481 2227 2526 tcm
2259 2470 2533 2539 consequi,
2583 2478 2704 2538 post
2742 2475 2820 2520 tot
2851 2478 3065 2536 peccata
3099 2465 3248 2518 nullo
3273 2465 3581 2534 compuncti
3610 2463 3704 2518 do-

2121 2563 2271 2617 lore?
2301 2560 2430 2615 Nam
2463 2560 2550 2630 qui
2597 2559 2776 2612 multis
2805 2557 3058 2626 operibus
3087 2556 3241 2610 bonis
3267 2556 3560 2610 instructus
3606 2565 3704 2618 est,

2120 2654 2274 2709 facile
2315 2654 2482 2723 possit
2530 2652 2654 2705 hinc
2697 2659 2910 2721 peccata
2957 2665 3052 2703 sua
3080 2649 3332 2718 obtegere
3365 2666 3376 2700 :
3409 2649 3500 2718 qui
3529 2657 3706 2701 autem

2121 2745 2293 2800 nudus
2335 2753 2438 2809 est,
2485 2756 2818 2812 quocumque
2859 2741 2964 2795 telo
3002 2741 3309 2809 impelatur,
3343 2739 3560 2793 letalem
3593 2737 3707 2807 pla-

2119 2853 2239 2907 gam
2271 2836 2482 2903 accipit.
2535 2832 2612 2887 Ne
2640 2832 2796 2902 igitur
2824 2831 2923 2885 hoc
2952 2831 3178 2895 accidat,
3214 2845 3310 2884 nos
3340 2829 3496 2884 bonis
3526 2829 3706 2900 operi-

2119 2929 2262 2985 bus‘
2311 2927 2634 2990 muniamus,
2685 2935 2741 2979 et
2783 2925 2827 2978 si
2869 2923 3011 2993 quod
3051 2932 3329 2993 peccatum
3359 2921 3703 2985 admittatur,

2119 3018 2401 3074 confesxim
2429 3032 2528 3072 nos
2557 3017 2872 3078 abluamus;
2907 3025 2963 3068 ut
2993 3014 3092 3069 hac
3130 3014 3234 3067 vita
3265 3014 3330 3068 ad
3361 3013 3453 3068 Dei
3480 3013 3706 3083 gloriam

2119 3120 2357 3182 peracta,
2403 3109 2578 3163 futura
2611 3108 2696 3162 illa
2732 3106 2970 3161 fruamur
2997 3107 3104 3160 vita
3136 3123 3148 3159 :
3178 3120 3336 3174 quam
3379 3119 3475 3158 nos
3519 3117 3708 3158 omnes

2120 3203 2340 3272 assequi
2370 3201 2662 3270 contingat,
2690 3199 2855 3269 gratia
2885 3206 2939 3253 et
2961 3197 3284 3268 benignitate
3309 3196 3518 3249 Domini
3544 3197 3707 3250 nostri

2117 3294 2243 3349 Jesn
2275 3293 2494 3359 Christi,
2524 3291 2608 3346 cui
2629 3290 2802 3360 gloria
2831 3299 2885 3344 et
2912 3289 3193 3358 imperium
3225 3288 3276 3342 in
3306 3287 3502 3342 stccula
3535 3299 3705 3341 szecu-

2121 3387 2316 3441 lorum.
2351 3386 2543 3438 Amen.

2185 3478 2202 3508 ¹
2240 3475 2296 3524 In
2318 3473 2481 3523 Morel.
2507 3473 2629 3532 solo,
2646 3471 2724 3521 lite
2750 3484 2910 3528 voces,
2937 3469 3068 3520 bonis
3089 3467 3330 3532 operibus,
3353 3467 3585 3517 deerant.

432 3591 3703 3622 __________________________________________.

1499 3700 1850 3762 HOMILIA
1899 3701 2167 3763 XXVII.
2211 3699 2297 3762 al.
2343 3696 2644 3758 XXVIII.

428 3823 558 3876 (In.
615 3821 666 3876 8.
719 3837 772 3873 v.
824 3821 910 3876 M.
964 3819 1031 3874 Et
1083 3835 1198 3873 cum
1253 3819 1462 3874 venisset
1506 3817 1655 3874 Iesus
1700 3822 1754 3874 in
1810 3821 2015 3874 domum

500 3913 664 3977 Petri,
709 3911 831 3966 vidit
868 3929 1068 3967 socrum
1111 3913 1221 3982 ejus
1255 3913 1507 3983 jacentem
1531 3921 1578 3966 et
1614 3913 2016 3983 febricitantem:

500 4006 588 4060 15.
627 4014 675 4057 et
715 4004 872 4075 tetigit
902 4019 1108 4057 manum
1149 4005 1278 4074 ejus,
1308 4012 1355 4058 et
1380 4004 1582 4075 reliquit
1613 4020 1724 4059 eam
1753 4005 1905 4076 febris
1927 4022 1946 4060 :
1972 4015 2018 4060 et

497 4096 716 4150 surrexit
743 4104 789 4148 et
817 4094 1130 4149 ministrabat
1157 4094 1220 4149 ei.

499 4189 553 4242 1.
596 4185 803 4241 Marcus
851 4197 908 4241 ut
947 4194 1160 4256 tempus
1207 4185 1571 4256 signiﬁcaret,
1607 4186 1779 4253 dixit,
1831 4186 2018 4240 Statim

427 4277 636 4348 (Marc.
669 4279 721 4332 1.
750 4278 811 4333 51
836 4277 889 4346 ):
928 4275 1016 4332 hic
1043 4291 1168 4331 vero
1213 4277 1422 4347 signum
1456 4278 1790 4332 solummodo
1823 4280 2017 4348 posuit,

430 4383 746 4440 tempusque
775 4383 880 4422 non
909 4367 1131 4422 notavit.
1162 4367 1266 4423 Alii
1291 4378 1467 4423 autem
1496 4368 1697 4437 dicunt,
1717 4386 1913 4441 aegram
1935 4371 2023 4426 de-

429 4463 769 4518 cumbentem
816 4474 1036 4530 rogasse
1083 4459 1230 4514 ilhnn
1271 4477 1284 4513 :
1331 4460 1419 4515 hic
1466 4476 1627 4530 porro
1681 4461 1808 4517 illud
1860 4464 2018 4518 etiam

430 4554 614 4609 tacuit.
661 4553 716 4607 ln
761 4565 862 4623 qua
904 4565 962 4606 re
993 4560 1168 4606 tamen
1217 4552 1361 4606 nulla
1396 4555 1478 4607 eSt
1503 4550 1894 4622 discrepantia;
1925 4554 2020 4610 sed

429 4644 574 4700 aliud
612 4653 698 4700 est
744 4641 1040 4710 brevitatis,
1084 4642 1228 4697 aliud
1269 4643 1521 4713 plenioris
1548 4645 1889 4700 narrationis.
1916 4643 2020 4700 Sed

433 4753 530 4792 cur
557 4741 830 4808 ingressus
859 4743 942 4792 est
965 4736 1018 4792 in
1062 4735 1279 4791 domum
1322 4737 1505 4791 Petri?
1538 4736 1665 4791 Mihi
1695 4737 1909 4805 quidem
1939 4739 2022 4793 vi-

434 4827 590 4882 detur
616 4868 633 4894 ,
663 4836 723 4882 ut
763 4829 943 4884 cibum
983 4836 1222 4883 sumeret
1251 4845 1265 4882 :
1293 4827 1345 4882 id
1390 4826 1532 4898 quod
1576 4825 1858 4898 signiﬁcat,
1901 4843 2020 4883 cum

433 4920 509 4972 ait
536 4935 549 4970 :
580 4917 834 4986 Surrexit,
867 4929 914 4972 et
943 4919 1259 4973 ministrabat
1294 4919 1359 4974 ei.
1388 4918 1520 4972 Nam
1559 4917 1697 4989 apud
1735 4918 2023 4989 discipulus

433 5007 755 5074 divertebot,
789 5017 846 5062 ut
865 5017 921 5063 et
945 5011 1083 5079 apud
1113 5010 1437 5076 Matthaaum,
1463 5010 1674 5081 quando
1698 5009 1842 5064 illum
1871 5025 2025 5065 voca-

435 5104 529 5170 vit,
555 5102 760 5156 honore
787 5101 908 5155 illos
927 5102 1166 5157 alliciens
1195 5113 1251 5157 ut
1269 5104 1615 5158 studiosiores
1647 5103 1910 5158 redderet.
1943 5103 2022 5157 Tu

438 5210 566 5252 vero
596 5193 684 5250 hic
706 5193 838 5248 mihi
864 5193 1172 5248 consideres
1199 5196 1354 5248 velim
1385 5195 1523 5249 Petri
1550 5210 1674 5264 erga
1696 5195 1844 5249 illum
1874 5210 2022 5249 reve-

435 5287 684 5343 rentiam.
715 5285 848 5341 Cum
891 5283 1031 5340 enim
1063 5299 1274 5339 socrum
1320 5285 1540 5340 haberet
1577 5287 1718 5340 domi
1759 5287 2022 5355 jacentem

437 5391 492 5438 et
515 5379 800 5435 admodum
837 5376 1248 5442 febricitantem,
1291 5391 1396 5431 non
1439 5377 1599 5431 traxit
1635 5391 1756 5432 eum
1783 5378 2021 5446 domum,

437 5473 533 5529 sed
579 5470 911 5543 exspectavit
955 5470 1129 5526 donec
1166 5469 1423 5524 doctrinae
1453 5471 1760 5540 praedicatio
1783 5471 2026 5527 abStilve-

439 5574 608 5630 retur,
650 5565 940 5636 canorique
977 5577 1165 5618 omnes
1209 5571 1548 5625 sanarentur,
1577 5570 1632 5619 et
1657 5571 1781 5617 tunc
1809 5562 2024 5618 demum

442 5667 563 5706 cum
593 5655 863 5722 intrasset,
893 5653 1040 5709 illtnn
1069 5654 1292 5725 rogavit.
1320 5653 1406 5709 Sic
1434 5652 1673 5709 abinitio
1706 5654 2019 5710 institueba-

2125 3830 2225 3884 tur,
2254 3829 2313 3873 nt
2343 3833 2426 3872 res
2467 3817 2692 3870 aliorum
2728 3816 2838 3868 suis
2864 3821 3232 3884 anteponeret.
3259 3813 3438 3884 Itaque
3467 3831 3577 3868 non
3609 3809 3707 3862 Pe-

2125 3921 2235 3966 trus
2262 3912 2431 3980 ipsum
2451 3908 2683 3970 induxit,
2707 3905 2798 3960 sed
2818 3907 2929 3975 ipse
2951 3915 3141 3975 sponte
3159 3907 3394 3972 intravit,
3427 3919 3708 3975 postquam

2122 4002 2364 4058 centurio
2385 4001 2588 4054 dixerat
2620 4017 2632 4051 :
2660 3997 2780 4052 Non
2801 4015 2911 4051 sum
2929 4000 3131 4066 dignus,
3160 4009 3213 4051 ut
3234 3999 3388 4052 intres
3407 3997 3501 4051 sub
3529 4007 3708 4052 tectum

2123 4109 2324 4158 nienm;
2364 4093 2645 4146 declarans
2697 4099 2951 4159 quantum
2997 4087 3378 4159 gratiﬁcaretur
3419 4089 3705 4159 discipulo.

2125 4187 2281 4258 Atqui
2308 4186 2615 4241 consideres
2644 4185 2801 4239 velim
2831 4182 3016 4253 quales
3039 4192 3220 4236 essent
3255 4181 3580 4251 piscatorum
3611 4181 3707 4234 ho-

2124 4295 2306 4335 rumce
2331 4279 2504 4343 sales;
2535 4287 2767 4333 attamen
2798 4275 2850 4330 in
2900 4276 3109 4330 illorum
3139 4276 3341 4345 tuguria
3375 4275 3579 4330 intrare
3605 4289 3706 4328 non

2121 4373 2438 4443 dedignatus
2467 4382 2580 4431 est:
2606 4385 2712 4440 quo
2734 4385 2830 4424 nos
2850 4368 3070 4424 doceret
3096 4376 3154 4423 ut
3178 4368 3230 4422 in
3253 4368 3502 4422 omnibus
3518 4368 3707 4423 fasttnn

2124 4466 2389 4525 calcemus
2421 4463 2728 4517 humanum.
2778 4461 2844 4516 Et
2870 4459 3030 4516 modo
3058 4459 3270 4532 quidem
3299 4459 3477 4515 verbis
3507 4467 3708 4514 uratum

2125 4567 2298 4622 sanat,
2335 4555 2493 4610 modo
2530 4570 2746 4610 manum
2787 4554 3031 4625 porrigit,
3063 4553 3225 4609 modo
3254 4563 3541 4623 utrumque
3571 4567 3709 4623 pra:-

2125 4655 2250 4710 stat,
2283 4645 2601 4700 medicinam
2629 4643 2699 4698 ob
2728 4644 2915 4699 oculos
2939 4643 3159 4698 ducens.
3191 4642 3307 4698 Non
3328 4643 3470 4698 enim
3499 4640 3708 4698 volebat

2126 4754 2340 4809 semper
2386 4736 2648 4807 stupende
2687 4736 2846 4792 modo
2898 4736 3150 4790 miracula
3196 4734 3379 4790 edere.
3421 4733 3708 4804 Oportebat

2125 4832 2320 4902 quippe
2342 4829 2553 4884 interim
2575 4829 2760 4893 latere,
2783 4829 3013 4883 maxime
3033 4827 3388 4897 prmsentibus
3411 4826 3706 4896 discipulis,

2126 4924 2213 4994 qui
2245 4939 2307 4978 ex
2342 4922 2505 4976 nimio
2543 4921 2737 4992 gaudio
2763 4920 2938 4975 omnia
2975 4920 3371 4988 prmdicassent.
3405 4919 3538 4974 lllud
3584 4931 3709 4972 vero

2128 5016 2249 5070 hinc
2278 5016 2445 5086 palam
2474 5024 2576 5081 est,
2610 5014 2748 5084 quod
2781 5023 3057 5084 postquam
3105 5014 3337 5068 venisset
3372 5013 3422 5066 in
3449 5019 3706 5076 montem,

2127 5107 2440 5178 praeciperet
2467 5107 2762 5176 discipulis,
2801 5122 2866 5161 ne
2893 5107 2976 5160 cui
3006 5105 3054 5159 id
3087 5105 3343 5160 dicerent.
3364 5104 3558 5174 Tetigit
3583 5119 3709 5171 ergo

2127 5215 2343 5268 Corpus,
2376 5215 2551 5267 neque
2579 5197 2737 5252 modo
2769 5197 2957 5252 febrim
2990 5197 3265 5258 exstinxit.
3300 5196 3392 5252 sed
3420 5205 3474 5251 et
3507 5195 3710 5249 valeto.

2127 5291 2307 5345 dinem
2351 5291 2506 5360 plene
2547 5289 2813 5344 restituit:
2842 5289 2965 5358 quia
2993 5289 3133 5344 enim
3175 5289 3305 5344 levis
3329 5296 3442 5343 erat
3466 5287 3706 5349 morbus,

2129 5398 2192 5438 ex
2219 5380 2464 5436 medendi
2503 5379 2662 5435 modo
2687 5379 2973 5450 potentiam
3014 5394 3164 5435 suam
3189 5378 3447 5442 ostendit;
3489 5376 3542 5430 id
3569 5372 3710 5446 quod

2128 5487 2216 5528 ars
2247 5470 2521 5526 medicina:
2547 5485 2654 5527 non
2680 5470 2913 5527 fecisset.

2204 5563 2378 5620 Christ
2385 5580 2443 5618 ns
2459 5562 2692 5618 celeriter
2707 5562 2908 5617 morbos
2923 5562 3193 5633 auferebat
3200 5559 3446 5616 .—Scitis
3460 5567 3711 5613 cessante

2135 5653 2283 5710 fcbrc
2308 5655 2477 5711 multo
2505 5663 2748 5726 tempore
2773 5670 2909 5726 opus
2929 5669 3068 5719 esse,
3105 5663 3161 5708 ut
3183 5653 3308 5724 :egri
3338 5651 3388 5706 in
3421 5649 3706 5722 pristinam
