4080 6138
306 278 415 334 διιῦ

306 398 544 468 ἡλικίαν.
580 402 741 470 ἡνίκα
786 401 1068 473 ἐποίμαινε
1089 421 1101 433 ·
1144 402 1210 456 τὰ
1242 402 1381 455 κατά
1417 401 1506 455 τὸν
1548 401 1760 464 Γολιάθ,
1801 404 1888 456 ὅτε
1919 403 1980 456 τὸ

305 477 557 552 λαμπρὸν
581 484 838 553 τρόπαιον
867 485 1060 556 ἔστησε
1084 502 1097 514 ·
1130 487 1196 538 τά
1234 485 1376 540 κατά
1409 484 1508 554 τὴν
1538 484 1856 553 φιλοσοφίαν
1881 485 1980 551 τὴν

305 565 400 617 ἐπὶ
435 565 530 618 τοῦ
575 567 768 621 Σαούλ.
798 569 907 622 Kal
934 569 1042 640 γάρ
1086 570 1183 640 τὴν
1227 569 1589 640 εὐαγγελικὴν
1632 567 1980 621 ἐπεδείκνυτο

307 647 708 719 μακροθυμίαν,
738 653 995 721 μυριάκις
1023 651 1114 705 τὸν
1146 651 1337 722 ἐχθρὸν
1367 654 1447 714 εἰς
1480 654 1670 722 χεῖρας
1698 649 1853 715 ἐλὼν,
1883 649 1979 702 καὶ

301 730 632 800 φεισάμενος
675 732 936 803 διηνεκῶς
959 752 971 766 ·
1023 736 1118 790 καὶ
1173 734 1372 805 μᾶλλον
1416 734 1666 804 ἐλόμενος
1723 735 1979 788 ἐκπεσεῖν

304 814 558 884 πατρίδος
595 816 687 869 καὶ
745 817 1055 887 ἐλευθερίας
1110 820 1202 873 καὶ
1232 820 1400 890 αὐτῆς
1451 818 1553 888 τῆς
1601 817 1769 888 ζωῆς,
1821 816 1980 888 ἢτὸν

302 895 501 958 ἀδίκως
532 897 945 953 ἐπιϐουλεύοντα
977 901 1204 956 ἀνελεῖν.
1242 902 1353 955 Kal
1384 900 1522 972 μετά
1558 902 1657 970 τήν
1700 898 1981 970 βασιλείαν

303 977 358 1030 δὲ
388 979 446 1030 οὐ
481 979 656 1051 μικρά
679 975 746 1050 ἦν
783 983 930 1052 αὑτῷ
959 983 1029 1036 τὰ
1061 984 1468 1056 κατωρθωμένα
1496 984 1564 1036 ⁸⁸.
1597 984 1750 1038 Μετά
1778 984 1835 1036 δὲ
1868 982 1979 1036 τῶν

302 1061 631 1131 εἰρημένων,
658 1064 751 1117 καὶ
796 1067 828 1135 ή
874 1065 1023 1137 παρά
1059 1066 1167 1120 τῶν
1213 1065 1422 1119 πολλῶν
1453 1065 1740 1138 ὑπόληψις,
1783 1067 1878 1118 καὶ
1917 1061 1979 1118 16

301 1143 561 1215 λαμπράς
605 1147 750 1200 οὕτω
797 1147 952 1219 δόξης
985 1150 1256 1214 ἐκπεσεῖν,
1292 1149 1353 1202 οὐ
1398 1149 1488 1203 τὸν
1533 1149 1765 1220 τυχόντα
1804 1147 1978 1202 ἐποίει

302 1226 549 1296 θόρυϐον.
597 1230 733 1285 Οὐδὲ
763 1232 871 1304 γάρ
911 1231 1084 1294 οὕτως
1133 1231 1296 1286 αὐτὸν
1340 1231 1712 1296 ἐκαλλώπιζεν
1757 1233 1792 1301 ἡ
1839 1247 1976 1300 πορ-

300 1309 470 1380 φύρα,
503 1312 578 1375 ὡς
607 1313 940 1385 κατῄσχυνεν
982 1315 1015 1385 ἡ
1050 1314 1148 1384 τῆς
1178 1315 1453 1386 ἁμαρτίας
1485 1317 1530 1349 ⁸⁷
1556 1316 1732 1386 κηλίς.

371 1398 441 1460 η’.
487 1395 630 1448 Ἶστε
649 1395 704 1448 δὲ
735 1397 950 1458 πάντως
975 1397 1160 1468 ἡλίκον
1186 1396 1334 1450 ἐστὶν
1361 1398 1736 1470 ἁμαρτήματα
1769 1397 1978 1466 ἐκπομ-

300 1474 582 1542 πεύεσθαι,
629 1479 871 1540 καὶπῶς
919 1479 1161 1550 μεγάλης
1203 1479 1376 1533 δεῖται
1415 1481 1592 1551 ψυχῆς
1635 1481 1664 1532 6
1710 1477 1973 1542 τοιοῦτος,

297 1553 440 1607 ὥστε
479 1556 618 1625 μετά
654 1559 751 1627 τὴν
778 1559 888 1611 τῶν
919 1557 1128 1611 πολλῶν
1160 1558 1514 1629 κατηγορίαν,
1551 1559 1645 1612 καὶ
1681 1557 1740 1610 τὸ
1773 1556 1976 1628 μάρτυ-

300 1653 400 1704 ρας
428 1637 572 1708 ἔχειν
600 1639 885 1702 τοσούτους
925 1640 1035 1694 τῶν
1077 1640 1292 1693 οἰκείων
1337 1638 1844 1711 πλημμελημάτων,
1895 1637 1970 1708 μὴ

297 1721 611 1774 ἀναπεσεῖν.
662 1722 802 1775 Ἀλλ’
828 1724 978 1792 ὅμως
1012 1723 1226 1776 ἅπαντα
1251 1722 1422 1778 ταῦτα
1451 1725 1480 1776 6
1501 1724 1746 1792 γενναῖος
1766 1721 1972 1782 ἐκεῖνος

296 1803 394 1872 τῆς
435 1803 615 1874 ψυχῆς
669 1804 965 1870 ἐξελκύσας
1018 1806 1089 1860 τά
1145 1805 1295 1875 βέλη,
1351 1805 1523 1869 οὕτως
1572 1803 1781 1875 ἔλαμψε
1834 1799 1972 1874 μετὰ

294 1885 486 1949 ταῦτα,
517 1885 690 1952 οὕτως
718 1887 921 1958 ἐσμηξε
959 1888 1057 1959 τὴν
1095 1888 1307 1959 κηλῖδα,
1341 1886 1513 1952 οὕτως
1557 1888 1775 1955 ἐγένετο
1802 1886 1970 1939 καθα-

295 1967 408 2037 ρὸς,
463 1969 539 2032 ὡς
591 1963 698 2022 τῶν
741 1969 976 2038 ἐκγόνων
1024 1972 1134 2024 τῶν
1185 1969 1350 2025 αὐτοῦ
1405 1971 1497 2024 καὶ
1531 1970 1857 2040 τελευτήσας
1901 1968 1970 2022 τά

295 2051 666 2122 ἁμαρτήματα
687 2052 1186 2124 παραμυθήσασθαι
1204 2071 1220 2087 ·
1255 2055 1350 2109 καὶ
1371 2056 1508 2126 ὅπερ
1536 2054 1753 2122 ἐλέγετο
1771 2053 1818 2086 ⁸⁸
1843 2052 1972 2123 περὶ

291 2133 388 2186 τοῦ
435 2135 705 2206 Ἀϐραάμ,
741 2137 834 2189 καὶ
879 2138 1006 2208 περὶ
1035 2137 1225 2192 τούτου
1257 2138 1506 2206 φαίνεται
1544 2140 1573 2191 6
1605 2138 1737 2200 Θεὸς
1763 2136 1968 2205 λέγων·

296 2216 498 2286 μᾶλλον
530 2216 587 2270 δὲ
618 2216 801 2288 πολλῷ
834 2217 994 2271 πλέον
1028 2219 1156 2290 περὶ
1189 2218 1402 2274 τούτου.
1449 2219 1573 2273 Ἐπὶ
1609 2219 1707 2290 μὲν
1736 2218 1845 2289 γὰρ
1877 2216 1970 2271 τοῦ

293 2299 632 2370 πατριάρχου
676 2300 862 2370 φησὶν,
889 2300 970 2354 ὅτι
1009 2300 1358 2370 Ἐμνήσθην
1383 2300 1493 2371 τῆς
1537 2299 1826 2370 διαθήκης
1858 2299 1970 2368 τῆς

291 2382 445 2450 πρὸς
502 2382 785 2452 Ἁϐραάμο
812 2384 1044 2436 ἐνταῦθα
1087 2384 1144 2438 δὲ
1191 2385 1276 2447 οὐ,
1310 2385 1406 2455 τῆς
1447 2385 1731 2456 διαθήκης,
1783 2384 1969 2455 φησὶν,

291 2467 430 2520 ἀλλά
459 2465 610 2533 πῶς;
645 2465 748 2521 Διὰ
778 2466 962 2521 Δαυτδ
988 2467 1095 2520 τὸν
1132 2467 1318 2522 παῖδά
1336 2486 1456 2537 μου
1484 2465 1834 2537 ὑπερασπιῶ
1861 2465 1973 2534 τῆς

292 2550 528 2615 πόλεως
579 2550 819 2616 ταύτης.
857 2550 966 2602 Καὶ
1007 2549 1096 2602 τὸν
1130 2550 1448 2620 Σολομῶντα
1480 2551 1536 2604 δὲ
1579 2549 1668 2604 διὰ
1705 2550 1804 2620 τὴν
1837 2549 1974 2621 πρὸς

291 2635 502 2686 ἐκεῖνον
555 2631 766 2688 εὔνοιαν
813 2634 914 2687 οὐκ
960 2634 1139 2706 ἀφῆκε
1183 2634 1518 2706 τηλικαύτην
1576 2634 1974 2706 ἀμαρτήσαντα

290 2715 568 2786 ἁμαρτίαν
613 2716 710 2786 τῆς
755 2716 1031 2787 βασιλείας
1076 2719 1350 2773 ἐκπεσεῖν.
1385 2719 1496 2771 Kal
1541 2717 1776 2789 τοσαύτη
1820 2711 1890 2788 ἦν
1935 2717 1971 2788 ἡ

292 2797 422 2863 δόξα
450 2799 543 2854 τοῦ
592 2800 806 2872 ἀνδρὸς,
860 2801 1002 2855 ὥστε
1049 2801 1140 2855 τὸν
1177 2801 1382 2873 Πέτρον
1419 2801 1558 2871 μετά
1599 2800 1834 2856 τοσαῦτα
1877 2799 1972 2874 ἐτη

294 2883 432 2950 πρὸς
515 2884 797 2946 Ἰουδαίους
850 2884 1263 2956 δημηγοροῦντα
1321 2883 1462 2938 οὕτω
1522 2883 1734 2954 λέγειν’
1804 2884 1985 2950 Ἑξὸν

291 2967 483 3020 εἰπεῖν
509 2967 659 3036 μετὰ
691 2966 1032 3037 ,πικρῤησίας
1069 2969 1218 3038 πρὸς
1262 2967 1419 3038 ὑμᾶς
1449 2967 1584 3037 περί
1628 2967 1736 3024 τοῦ
1767 2984 1976 3039 πατρι-

290 3046 483 3116 άρχου
517 3049 717 3112 Δαυῒδ,
757 3050 843 3103 ὅτι
889 3050 988 3104 καί
1034 3051 1392 3120 ἐτελεύτησε
1429 3053 1527 3106 καί
1561 3051 1772 3121 ἐτάφη.
1809 3051 1919 3105 Kal
1946 3055 1976 3108 6

296 3130 527 3200 Χριστὸς
569 3131 626 3182 δὲ
668 3136 780 3195 τοῖς
824 3133 1100 3198 Ἰουδαίοις
1151 3135 1195 3166 ⁸⁹
1245 3133 1650 3204 διαλεγόμενος,
1704 3133 1976 3188 δείκνυσιν

293 3213 459 3267 αὑτὸν
493 3214 630 3282 μετά
656 3214 753 3285 τὴν
799 3216 1072 3286 ἁμαρτίαν
1122 3217 1438 3285 Πνεύματος
1488 3215 1791 3285 ἠξιωμένον
1849 3232 1976 3268 τοσ-

293 3295 453 3348 οῦτον
490 3297 557 3356 ὀ,
592 3296 667 3359 ὼς
715 3297 810 3350 καὶ
864 3297 994 3367 περὶ
1039 3298 1138 3366 τῆς
1189 3299 1352 3351 αὐτοῦ
1403 3298 1652 3368 θεότητος
1681 3297 1976 3367 ἀξιωθῆναι

295 3376 674 3448 προφητεῦσαι
719 3376 917 3430 πάλιν·
951 3377 1100 3449 [3‘25]
1135 3380 1227 3431 καὶ
1255 3380 1298 3411 ⁹¹
1348 3378 1594 3432 ἐντεῦθεν
1623 3379 1818 3442 αὐτοὺς
1860 3381 1978 3431 ἐπι-

298 3458 572 3529 στομίζων
606 3457 760 3525 ἐλεγε
781 3474 795 3490 ο
827 3458 960 3524 Πῶς
992 3455 1106 3514 οὖν
1143 3459 1325 3514 Δαυῒδ
1353 3459 1423 3514 ἐν
1443 3461 1733 3529 πνεύματι
1757 3461 1980 3530 Κύριον

1305 280 1374 335 IN
1416 278 1830 335 .llAT'l‘lleUM
1896 279 2127 336 HOMIL.
2171 282 2383 337 XXVII.
2427 283 2498 336 al.
2541 279 2774 334 XXVIII.
2849 299 2855 304 '

3652 273 3752 328 ΞΗ

2081 403 2267 458 αὑτὸν
2305 404 2496 467 καλεῖ,
2536 400 2748 472 λέγων’
2787 396 2969 454 Εἶπεν
2994 403 3026 453 ὁ
3057 403 3268 467 Κύριος
3298 397 3375 462 τῷ
3403 396 3594 462 Κυρίῳ
3617 411 3752 464 μου·

2081 487 2276 542 Κάθου
2307 487 2376 541 ἑκ
2419 486 2632 551 δεξιῶν
2677 502 2832 555 μου;
2883 484 2996 538 Kal
3028 484 3164 554 ὅπερ
3219 483 3310 534 ἐπὶ
3356 479 3445 534 τοῦ
3482 477 3756 540 Μωῦσέως

2079 569 2292 638 γέγονε,
2339 569 2496 623 τοῦτο
2542 570 2634 624 καὶ
2679 568 2771 622 ἐπὶ
2815 565 2912 622 τοῦ
2966 564 3149 619 Δαυῒδ.
3197 562 3464 634 Καθάπερ
3510 561 3618 631 γάρ
3658 560 3756 628 τὴν

2079 652 2319 724 Μαρίαν,
2371 653 2466 706 καὶ
2517 653 2742 715 ἄκοντος
2787 651 2879 704 τοῦ
2929 647 3227 710 Μωῦσέως,
3279 645 3535 698 ἐκόλασεν
3565 645 3593 696 6
3627 643 3757 703 Θεος

2077 733 2165 788 διὰ
2189 734 2286 805 τὴν
2313 737 2393 799 εἰς
2418 735 2510 789 τὸν
2539 735 2767 803 ἀδελφὺν
2797 733 2976 804 ῦϐριν,
3010 729 3199 799 ἐπειδὴ
3230 727 3433 798 σφόδρα
3461 726 3634 795 ἐφίλει
3665 724 3757 778 τὸν

2079 817 2233 885 ἅγιον
2252 833 2266 846 ·
2302 817 2444 872 οὕτω
2473 817 2568 871 καὶ
2594 817 2768 889 τούτῳ
2796 815 2947 887 παρὰ
2980 814 3072 868 τοῦ
3106 810 3293 875 παιδὸς
3328 808 3635 881 ὑϐρισθέντι
3663 823 3756 889 τα-

2077 899 2218 968 χέως
2246 901 2441 971 ήμυνε,
2472 902 2566 955 καὶ
2594 885 2765 956 ταῦτα
2817 885 2891 971 μή
2929 897 3254 970 βουλομένῳ.
3315 892 3495 947 Ἰκανά
3537 891 3635 962 μέν
3664 885 3757 943 οῦν

2079 985 2172 1038 καὶ
2197 983 2390 1046 ταῦτα,
2425 983 2625 1054 μᾶλλον
2650 984 2706 1038 δὲ
2736 983 2842 1056 πρὸ
2863 982 2972 1034 τῶν
2999 980 3172 1037 ἄλλων
3209 977 3380 1031 ταῦτα
3416 974 3572 1028 ἰκανά
3591 971 3757 1037 δεῖξαι

2077 1066 2174 1137 τὴν
2203 1065 2402 1137 ἀρετὴν
2443 1065 2539 1119 τοῦ
2579 1066 2790 1138 ἀνδρός.
2830 1066 2997 1120 Ὅταν
3040 1063 3148 1134 γάρ
3195 1062 3222 1115 6
3254 1059 3385 1120 Θεὸς
3419 1056 3754 1138 ψηφίζηται.

2077 1149 2227 1202 οὐδὲν
2271 1149 2352 1202 δεῖ
2399 1149 2561 1202 πλέον
2608 1137 3089 1221 περιεργάζεσθαι.
3135 1145 3199 1198 Εἰ
3239 1143 3296 1197 δὲ
3337 1139 3586 1211 βούλεσθε
3635 1137 3756 1192 κατ’

2077 1228 2216 1297 εἶδος
2232 1234 2278 1266 ⁹¹
2306 1233 2471 1288 αὑτοῦ
2497 1235 2597 1305 τὴν
2619 1231 2933 1302 φιλοσοφίαν
2956 1230 3169 1302 μαθεῖν,
3201 1227 3409 1294 ἔξεστιν
3437 1224 3564 1294 ὑμῖν
3597 1222 3758 1305 ἐπελῃτ

2078 1316 2229 1370 θοῦσι
2257 1318 2356 1389 τήν
2390 1302 2630 1389 ἱστορίαν
2658 1316 2757 1387 τὴν
2787 1315 2925 1387 μετά
2968 1314 3066 1387 τὴν
3108 1311 3402 1384 ἁμαρτίαν,
3433 1309 3560 1362 ἰδεῖν
3591 1302 3754 1389 αὑτοῦ

2075 1399 2173 1472 τὴν
2202 1388 2520 1472 παρρησίαν
2539 1401 2639 1469 τὴν
2665 1399 2800 1472 πρὸς
2825 1398 2918 1452 τὸν
2954 1397 3107 1461 Θεὸν,
3141 1395 3240 1467 τὴν
3268 1393 3500 1454 εῦνοιαν,
3532 1389 3630 1459 τὴν
3658 1388 3756 1457 τῆς

2075 1483 2274 1554 ἀρετῆς
2307 1484 2567 1548 ἐπίδοσιν,
2606 1484 2707 1556 τήν
2742 1484 2823 1546 εἰς
2867 1481 3102 1551 ἐσχάτας
3143 1474 3415 1538 ἀναπνοὰς
3447 1472 3755 1556 ἀκρίϐειαν.

2076 1565 2241 1618 Ταῦτ’
2295 1562 2389 1620 οῦν
2439 1554 2671 1636 ἔχοντες
2700 1565 2770 1618 τά
2817 1563 3263 1635 παραδείγματα,
3314 1561 3602 1629 νήφωμεν,
3661 1554 3756 1607 καὶ

2081 1647 2467 1719 σπουδάζωμεν
2497 1649 2571 1720 μὴ
2595 1647 2957 1702 καταπίπτειν
2977 1663 2990 1676 ·
3024 1646 3073 1698 εί
3108 1643 3165 1697 δέ
3191 1659 3321 1695 ποτε
3349 1642 3442 1694 καὶ
3473 1640 3754 1720 πέσοιμεν.

2080 1730 2155 1801 μὴ
2182 1717 2415 1784 κεῖσθαι.
2443 1717 2577 1784 Ούδέ
2607 1729 2715 1800 γὰρ
2744 1729 2832 1783 ἵνα
2860 1729 3006 1799 ὑμᾶς
3033 1728 3112 1789 εἰς
3141 1723 3408 1797 ρᾳθυμίαν
3438 1720 3658 1791 ἐμϐάλω
3685 1717 3752 1781 ⁸³,

2074 1815 2144 1868 τά
2171 1815 2264 1868 τοῦ
2293 1813 2453 1868 Δαυῒδ
2474 1815 2845 1886 ἁμαρτήματα
2877 1808 3058 1865 εἷποψ
3090 1809 3204 1863 ἀλλ’
3232 1809 3319 1862 ἵνα
3350 1805 3571 1860 πλείονα
3591 1801 3757 1886 φόϐον

2077 1897 2419 1969 ἐργάσωμαι.
2455 1883 2525 1950 Εἰ
2549 1883 2657 1966 γάρ
2683 1883 2712 1948 6
2740 1895 2943 1958 δίκαιος
2971 1895 3173 1956 ἐκεῖνος
3207 1889 3530 1963 ρᾳθυμήσας
3563 1883 3758 1969 μικρόν

2074 1967 2311 2034 τοιαῦτα
2333 1980 2549 2047 ἐδέξατο
2584 1979 2873 2052 τραύματα
2911 1979 2988 2042 ’⁸,
3016 1976 3069 2030 τί
3101 1974 3399 2046 πεισόμεθα
3433 1973 3594 2044 ἡμεῖς
3633 1967 3756 2022 καθ’

2077 2063 2314 2134 ἐκάστην
2327 2063 2374 2095 ’⁸
2401 2051 2823 2134 ὀλιγωροῦντες;
2849 2059 2938 2132 Μὴ
2969 2059 3146 2114 τοίνυν
3175 2060 3256 2112 ὃτι
3285 2058 3478 2111 ἔπεσεν
3495 2055 3634 2126 ἴδῃς,
3664 2051 3758 2104 καὶ

2079 2147 2432 2220 ρᾳθυμήσῃς·
2467 2146 2580 2199 ἀλλ’
2610 2146 2858 2216 ἐννόησον
2891 2145 3030 2198 πόσα
3062 2143 3154 2197 καὶ
3188 2140 3326 2212 μετά
3367 2138 3537 2193 ταῦτα
3565 2136 3755 2220 εἰργά-

2079 2217 2230 2294 σατο,
2263 2217 2463 2292 πόσους
2495 2229 2724 2300 θρήνους
2752 2227 3084 2292 ἐπεδείξατο,
3119 2226 3290 2296 πόσην
3323 2222 3632 2294 μετάνοιαν,
3655 2217 3755 2280 τὰς

2076 2311 2277 2375 νύκτας
2303 2313 2421 2375 ταῖς
2449 2312 2682 2383 ἡμέραις
2711 2311 3041 2382 προστιθεὶς,
3078 2309 3258 2378 πηγὰς
3280 2305 3530 2376 δακρύων
3553 2302 3752 2370 ἀφιεὶς,

2076 2395 2174 2466 τὴν
2201 2393 2391 2465 κλίνην
2438 2392 2611 2447 λούων
2652 2396 2764 2457 τοῖς
2814 2393 3064 2464 δάκρυσι,
3115 2391 3250 2462 πρὸς
3298 2389 3508 2450 τούτοις
3553 2384 3755 2438 σάκκον

2080 2476 2557 2550 περιϐαλλόμενος.
2591 2477 2653 2529 Εἰ
2684 2475 2739 2529 δὲ
2768 2477 2974 2540 ἐκεῖνος
3003 2473 3272 2544 τοσαύτης
3296 2470 3485 2541 ἐδεήθη
3512 2469 3610 2538 τῆς
3639 2467 3756 2550 ἐπι-

2081 2548 2338 2630 στροφῆς.
2373 2558 2505 2612 πότε
2529 2557 2871 2629 δυνησόμεθα
2897 2556 3134 2626 σωθῆναι
3159 2556 3340 2628 ἡμεῖς,
3367 2551 3504 2623 μετά
3521 2548 3758 2630 τοσαῦτα

2079 2627 2448 2710 ἁμαρτήματα
2481 2627 2800 2709 ἀναλγήτως
2829 2627 3195 2707 διακείμενοι;
3239 2635 3296 2688 ’θ
3331 2633 3429 2704 μὲν
3458 2631 3567 2701 γὰρ
3589 2627 3758 2682 πολλὰ

2079 2720 2217 2793 ἔχων
2249 2721 2672 2793 κατορθώματα,
2697 2721 2893 2793 ῥᾳδίως
2922 2720 2989 2775 ἂν
3017 2721 3112 2773 καὶ
3145 2717 3388 2772 ἐντεῦθεν
3411 2715 3477 2769 τά
3507 2714 3758 2784 ἀμαρτήι-

2083 2820 2226 2875 ματα
2262 2804 2605 2858 συσκιάσειεν
2625 2820 2641 2836 ι
2675 2805 2704 2857 ό
2734 2803 2793 2856 δέ
2821 2803 3043 2874 γυμνὸς,
3074 2803 3206 2856 ὅπου
3239 2801 3305 2855 ἂν
3339 2798 3554 2869 δέξηται
3583 2794 3763 2865 βέλος,

2079 2885 2300 2958 καιρίαν
2343 2886 2555 2957 δέχεται
2599 2887 2831 2958 πληγήκῆ
2884 2887 2979 2940 'lv'
3027 2880 3120 2940 οῦν
3175 2884 3248 2957 μὴ
3301 2880 3461 2936 τοῦτο
3507 2881 3757 2950 γένηται,

2047 2978 2053 2982 ’
2079 2968 2388 3038 ὁπλίσωμεν
2417 2969 2648 3032 ἑαυτοὺς
2692 2969 2914 3039 ἀγαθοῖς
2946 2969 3146 3042 ἔργοις,
3178 2967 3281 3021 κᾶν
3313 2962 3678 3036 προσγένηταί
3706 2977 3760 3012 τι

2081 3051 2493 3124 πλημμέλημα,
2551 3052 2971 3123 ἀπονιψώμεθω
3023 3053 3110 3106 ἵνα
3169 3047 3629 3117 καταξιωθῶμεν.
3680 3044 3760 3106 εἰς

2080 3134 2236 3200 δόξαν
2257 3135 2391 3188 Θεοῦ
2416 3136 2462 3167 ³⁸
2483 3134 2748 3205 ζήσαντες
2771 3136 2862 3190 τὸν
2883 3135 3125 3206 παρόντα
3159 3133 3291 3204 βίον,
3329 3132 3429 3202 τῆς
3459 3127 3760 3201 μελλούσης

2083 3217 2385 3271 ἀπολαῦσαι
2419 3217 2604 3288 ζωῆς·
2649 3214 2718 3290 ἧς
2770 3221 2981 3288 γένοιτο
3012 3219 3220 3282 πάντας
3262 3217 3411 3287 ἡμᾶς
3460 3215 3756 3281 ἐπιτυχεῖν,

2083 3301 2266 3370 χάριτι
2311 3303 2403 3354 καὶ
2436 3301 2815 3372 φιλανθρωπία
2843 3302 2938 3355 τοῦ
2972 3301 3177 3372 Κυρίου
3213 3298 3369 3370 ήμῶν
3415 3293 3588 3365 Ἰησοῦ
3625 3295 3758 3361 Χρι-

2084 3382 2235 3444 στοῦ,
2372 3386 2405 3454 ή
2437 3384 2564 3448 δόξα
2613 3384 2706 3438 καὶ
2748 3385 2811 3438 τὸ
2859 3383 3058 3454 κράτος
3108 3384 3186 3446 είς
3231 3385 3357 3443 τοὺς
3399 3378 3598 3440 αἰῶνας
3650 3374 3759 3426 τῶν

2084 3463 2315 3519 αἰώνων.
2362 3465 2422 3521 ’Λ
2430 3467 2557 3537 μήν.

368 3551 433 3633 ⁸⁶λ
447 3548 940 3633 κατορθώματαηϐ.
972 3550 1057 3633 F."
1106 3551 1153 3584 ⁸⁷
1185 3551 1412 3633 ταύτης,
1451 3553 1596 3633 (ιυριι
1636 3553 1812 3633 vgng
1834 3564 1992 3633 βοείη

2082 3556 2262 3633 ιρτίας
2293 3557 2530 3633 Ιοςὶιιιιξ,
2577 3557 2816 3633 dogs}le
2846 3558 3012 3633 godd.
3047 3568 3102 3633 gl
3140 3557 3323 3633 V_crss.
3367 3556 3445 3633 _"'
3485 3549 3756 3633 παραξτῂ-

301 3620 538 3675 σασθαι·
705 3621 796 3673 καὶ
847 3621 985 3690 ὅπερ
1033 3620 1215 3689 ἔλεγεν
1263 3619 1428 3676 Α.Ἐ.

1530 3622 1575 3653 ⁸⁸
1615 3618 2078 3701 τοῖς-Ἰουδαίοιῇ
2109 3618 2268 3695 ’πρὸς
2308 3618 2768 3701 ἸουδαίουςΕιίιι.
2842 3628 3198 3701 ⁹⁰τοσοῦτονῖ
3236 3618 3656 3701 τοσοῦτου-(ἐίςι)

303 3690 558 3767 τοσούτου
586 3689 733 3767 [ξιιρι
799 3691 842 3723 ⁹¹
870 3687 969 3767 καί
1003 3706 1111 3767 om.
1134 3687 1208 3746 VA.
1245 3691 1465 3767 E_._I_’o§§
1506 3693 1888 3767 προφητεῦσαι
1921 3694 1992 3750 iul

2085 3687 2310 3767 ηιιιξςιιίιι
2347 3697 2506 3752 cmld.
2574 3687 2628 3730 ’θ’
2665 3702 2758 3752 καὶ
2797 3700 2917 3753 κατ’
2945 3699 3082 3764 εἶδος
3113 3687 3195 3753 Ι’“.’
3249 3699 3295 3731 ⁸³
3325 3687 3576 3767 ἐμϐάλλω
3599 3693 3668 3767 Δ...
3695 3687 3753 3742 F.

299 3765 346 3794 ’δ
378 3759 592 3821 ἐδέξατο
607 3759 776 3884 ἑπάθη
800 3759 912 3832 καὶ]
941 3762 1229 3884 τραύματα
1257 3761 1390 3817 Edd.
1414 3759 1589 3818 Verlia
1609 3759 1817 3818 ihélusa
1844 3765 1992 3818 dcsm

303 3834 542 3884 lmerno.
577 3832 604 3883 6
641 3831 964 3884 ιγωοοῦντες
1005 3832 1440 3884 ὀλιγωρήσαντες
1461 3831 1992 3884 Ι).οἰόλιγωοήσαντε

2086 3783 2116 3818 ιι
2150 3759 2309 3821 εἷιιίιι.
2337 3776 2391 3821 cl
2421 3767 2601 3823 Vcrss.
2662 3771 2707 3800 ⁸⁵
2729 3768 2848 3822 καθ’
2881 3759 3244 3840 ἐκάςτηνοιιι.
3271 3769 3329 3822 C.
3357 3759 3416 3821 ί).
3452 3761 3758 3822 faventibus

2082 3836 2131 3884 Β.
2164 3837 2324 3884 ἡμεῖς
2358 3839 2407 3884 οἱ
2445 3839 2533 3884 ἀεὶ
2567 3839 2953 3884 ὁαοιλαοῦυτεεξ
2996 3841 3056 3884 I".
3133 3841 3180 3871 ⁸⁸
3213 3839 3305 3884 τοῦ
3334 3839 3470 3884 Θεοῦ
3490 3840 3550 3884 (ἶ-
3592 3838 3650 3884 Ι).
3693 3829 3755 3884 Ε.

303 3834 542 3901 lnlerpp.
577 3832 604 3883 6

641 3831 986 3904 ιγωροῦντες]
1005 3832 1440 3904 ὀλιγωρήσαντες
1461 3833 1523 3886 D.
1543 3835 1592 3886 οἰ
1611 3831 2044 3906 ὀλιγωρήσαντες
2069 3836 2131 3890 C.
2164 3837 2324 3907 ἡμεῖς
2358 3839 2407 3890 οί
2445 3839 2533 3892 ἀεὶ
2565 3839 2955 3909 ῥαθυμοῦντεςς
2996 3841 3056 3893 l".

3133 3841 3180 3871 “
3213 3839 3305 3892 τοῦ
3334 3839 3470 3892 Θεοῦ
3490 3840 3550 3892 C.
3592 3838 3650 3888 Ι).
3693 3829 3755 3885 Ε.

1782 4004 2031 4059 ΟΜΙΛΙΛ
2075 3994 2207 4059 KZ‘.

305 4095 462 4182 [5291
497 4097 602 4182 Kal
637 4095 832 4182 ἐλθὼν
863 4097 914 4182 ὁ.
948 4095 1191 4182 Ἰησοῦς
1221 4096 1683 4182 ςςρτὴνρίκίαν
1713 4098 1971 4182 μέτρου,

371 4165 492 4220 εἶδε
520 4166 633 4234 τὴν
671 4165 967 4234 πενθερὰν
1006 4165 1191 4219 αὐτοῦ
1215 4165 1603 4234 βεϐλημένην
1631 4167 1727 4220 καί
1754 4167 1977 4236 πιφέσ-

376 4251 635 4290 cavam"
674 4235 771 4289 καί
801 4236 998 4292 ἣύθατο
1029 4235 1138 4292 τῆς
1172 4235 1368 4292 γειοὸς
1392 4234 1600 4292 αὐτῆς.
1623 4237 1719 4290 καί
1741 4237 1979 4292 ἀφῆκεν

376 4251 635 4290 σουσίινο
674 4251 771 4289 και
801 4251 998 4303 ngrata
1029 4253 1138 4302 της
1148 4251 1368 4360 ἕειρος
1392 4251 1600 4302 αυτης,
1623 4251 1719 4290 και
1741 4251 1936 4306 agamus

373 4307 568 4375 αὐτὴν
594 4309 628 4361 ό
659 4309 933 4375 πυρετός·
955 4306 1054 4363 καί
1069 4306 1150 4375 ἠγ
1175 4309 1310 4375 ρθη,
1331 4307 1429 4360 καὶ
1460 4305 1725 4376 διηκόνει
1752 4307 1936 4374 αὐτῷ.

374 4434 442 4483 α’.
470 4427 528 4481 '0
545 4427 600 4481 δὲ
617 4427 666 4460 ⁸⁷
681 4426 906 4500 Μάρκος
924 4429 1034 4496 καὶ,
1051 4427 1290 4493 εὐθέως,
1307 4428 1638 4500 προσέθηκε,
1658 4429 1978 4501 βουλόμενος

305 4513 400 4566 καὶ
424 4511 513 4564 τὸν
543 4511 732 4584 χρόνον
758 4510 996 4584 δηλῶσαι
1016 4528 1029 4544 ·
1064 4502 1219 4574 οὗτος
1244 4512 1302 4566 δὲ
1345 4512 1505 4582 μόνον
1533 4511 1598 4566 τὸ
1636 4514 1860 4585 σημεῖον
1888 4512 1980 4566 τέ-

305 4595 474 4657 θεικε,
505 4595 596 4648 τὸν
617 4595 806 4665 χρόνον
829 4595 930 4647 οὐκ
959 4595 1458 4666 ἐπισημηνάμενος.
1485 4594 1598 4649 Kal
1623 4596 1671 4648 οἰ
1706 4595 1804 4667 μὲν
1830 4595 1979 4650 ἄλλοι

303 4679 488 4748 φασὶν,
525 4678 608 4731 ὅτι
648 4677 740 4730 καὶ
768 4677 1138 4748 παρεκάλεσεν
1175 4678 1336 4730 αὑτὸν
1376 4682 1409 4751 ἡ
1449 4677 1856 4750 κατακειμένη·
1890 4670 1982 4730 οῦ-

302 4780 394 4826 τος
420 4762 478 4814 δὲ
505 4761 602 4814 καὶ
626 4759 784 4812 τοῦτο
810 4759 1050 4828 ἐσίγησε.
1081 4759 1250 4813 Τοῦτο
1277 4759 1334 4813 δέ
1367 4761 1466 4814 οὐκ
1507 4760 1624 4815 ἐστι
1661 4760 1976 4831 διαφωνίας,

303 4844 442 4900 ἀλλά
487 4844 550 4896 τὸ
604 4841 702 4911 μὲν
737 4841 1047 4912 συντομίας,
1099 4841 1160 4895 τὸ
1211 4841 1268 4895 δέ
1323 4843 1586 4913 ἀκριϐοῦς
1645 4843 1976 4914 ἐξηγήσεως.

316 4927 480 4982 Ἀλλὰ
515 4925 660 4989 τίνος
692 4924 878 4978 ἐνεκεν
908 4923 1154 4995 εἰσῆλθεν
1187 4925 1267 4988 εἰς
1291 4925 1389 4996 τὴν
1413 4925 1588 4979 οἰκίαν
1612 4926 1706 4979 τοῦ
1737 4925 1979 4996 Πέτρου;

316 5012 473 5083 Ἐμοὶ
508 5010 672 5074 δοκεῖ,
710 5010 913 5080 τροφῆς
945 5007 1380 5078 μεταληψόμενος
1399 5026 1414 5040 ο
1442 5008 1601 5062 τοῦτο
1630 5007 1759 5076 γοῦν
1785 5009 1830 5040 ⁸⁸
1862 5008 1983 5078 ἐδή-

301 5097 476 5149 λωσεν
505 5092 675 5147 εἰπών
698 5109 713 5123 ο
771 5089 1034 5157 Ἀνέστη,
1071 5090 1170 5144 καί
1189 5090 1453 5159 διηκόνει
1485 5091 1664 5156 αὐτῷ.
1697 5089 1854 5162 Παρά
1874 5090 1982 5163 γὰρ

303 5181 416 5242 τοῖς
445 5177 713 5250 μαθηταῖς
740 5174 1031 5244 κατήγετο,
1060 5172 1247 5246 ὥσπερ
1277 5174 1368 5227 καὶ
1409 5173 1560 5246 παρά
1584 5173 1868 5245 Ματθαίῳ,
1893 5175 1982 5227 ὅτε

305 5261 468 5314 αὐτὸν
497 5260 746 5324 ἐκάλεσε,
794 5255 971 5327 τιμῶν
1001 5253 1197 5317 αὐτοὺς
1226 5256 1318 5308 καὶ
1343 5256 1786 5327 προθυμοτέρους
1809 5257 1980 5329 ταύτῃ

307 5344 499 5400 ποιῶν.
533 5345 606 5398 Σὺ
637 5345 695 5398 δέ
736 5359 825 5414 μοι
854 5339 1044 5394 σκόπει
1090 5338 1184 5392 καὶ
1227 5339 1460 5392 ἐνταῦθα
1500 5339 1596 5392 τοῦ
1631 5341 1839 5412 Πέτρου
1881 5341 1980 5414 τὴν

307 5427 441 5485 αἰδῶ
486 5428 585 5498 τὴν
616 5428 752 5497 πρὸς
790 5424 973 5480 αὐτόν,
1025 5422 1205 5493 Ἔχων
1249 5419 1357 5492 γὰρ
1389 5420 1488 5493 τήν
1531 5421 1799 5493 πενθερὰν
1844 5423 1982 5477 οἴκοι

289 5511 568 5584 κειμένην
592 5511 686 5565 καὶ
715 5508 1092 5580 πυρέσσουσαν
1128 5504 1390 5576 σφοδρῶς,
1424 5504 1523 5575 οὐχ
1547 5504 1796 5561 εἵλκυσεν
1821 5508 1982 5562 αὐτὸν

305 5597 389 5660 εἰς
416 5595 516 5665 τὴν
546 5594 744 5658 οἰκίαν,
767 5591 880 5646 ἀλλ’
912 5589 1094 5661 ἔμεινε
1119 5589 1164 5621 ”
1185 5586 1278 5641 καὶ
1310 5585 1408 5656 τὴν
1431 5587 1776 5644 διδασκαλίαν
1805 5591 1984 5662 ἀπαρ-

307 5677 581 5747 τισθῆναι,
633 5677 728 5729 καὶ
774 5675 902 5738 τοὺς
951 5673 1146 5735 ἄλλους
1192 5670 1594 5742 θεραπευθῆναι
1627 5671 1852 5738 πάντας,
1887 5677 1981 5729 καὶ

303 5762 429 5817 τότε
478 5758 641 5812 αὐτὸν
687 5757 992 5811 εἰσελθόντα
1040 5755 1435 5826 παρεκάλεσεν.
1483 5751 1674 5818 οὕτως
1705 5756 1766 5822 ἐξ
1805 5758 1980 5830 ἀρχῆς

377 5855 420 5885 ’⁷
457 5851 538 5917 δὲ]
564 5853 661 5918 μὲν
687 5850 748 5903 Α.
785 5848 1112 5918 προσέθηκε]
1147 5848 1279 5918 φησί
1309 5845 1447 5904 Edd.
1490 5848 1622 5916 φησί
1655 5850 1957 5918 προσέθηκε
1996 5854 2057 5909 ιθ.

764 5891 842 5979 δεῖ
871 5919 927 5972 δε
953 5891 1046 5973 mh
1084 5891 1345 5975 [\fﬁuun.
1423 5919 1443 5951 ³
1614 5891 1767 5975 dcéu
1795 5921 1848 5978 in
1879 5891 2012 5979 had:

312 5929 330 5960 ‘
362 5925 462 5980 οὑκ
493 5923 611 5978 Ειίιι
706 5923 726 5953 ³
758 5919 835 5987 δὲ]

2077 4098 2393 4152 ἐπαιδεύετο
2437 4097 2508 4153 τά
2551 4099 2660 4152 τῶν
2707 4093 2878 4152 ἄλλων
2914 4098 3108 4152 ἐαυτοῦ
3160 4098 3494 4168 προτιθέναι.
3551 4097 3759 4152 Οὐκοῦν

2075 4180 2184 4237 οὐδ’
2217 4181 2234 4210 ⁸
2263 4181 2424 4243 αὐτὸς
2451 4181 2614 4236 αὐτὸν
2639 4183 2867 4252 εἰσάγει,
2888 4181 3001 4236 ἀλλ’
3028 4180 3187 4245 αὐτὸς
3219 4181 3538 4251 αὐτομάτως
3564 4181 3755 4250 ἐπέϐη,

2081 4262 2219 4333 μετά
2259 4264 2319 4318 τδ
2350 4266 2525 4319 εἰπεῖν
2557 4265 2649 4319 τὸν
2680 4264 3094 4337 ἑκατόνταρχον
3129 4265 3250 4317 Οὐκ
3285 4263 3401 4332 εἰμί
3437 4263 3626 4328 ἄξιος,
3658 4263 3761 4315 ἵνα

2076 4367 2194 4419 μου
2235 4347 2355 4404 ὑπὸ
2387 4347 2502 4416 τὴν
2535 4347 2762 4418 στέγην
2791 4346 3073 4416 εἰσέλθῃς
3093 4361 3109 4378 ⁸
3151 4345 3365 4408 δεικνὺς
3401 4345 3526 4398 ὅσον
3569 4341 3760 4415 ἐχαρί-

2079 4431 2200 4496 ζετο
2226 4430 2303 4500 τῷ
2353 4430 2590 4502 μαθητῇ.
2639 4430 2831 4484 Καίτοι
2885 4429 3140 4500 ἐννόησον
3185 4421 3276 4483 οἷα
3321 4422 3389 4499 ἦν
3421 4426 3492 4480 τὰ
3534 4425 3761 4497 δώματα

2077 4513 2186 4568 τῶν
2219 4513 2411 4568 ἀλιέων
2456 4514 2696 4568 τούτων·
2749 4513 2865 4568 ἀλλ’
2891 4514 3044 4584 ὅμως
3087 4511 3188 4567 οὐκ
3233 4509 3467 4582 ἀπηξίου
3508 4510 3614 4563 ὑπὸ
3661 4509 3761 4574 τὰς

2079 4593 2321 4658 καλύϐας
2367 4594 2546 4648 αὐτῶν
2595 4594 2820 4648 εἰσιέναι
2850 4593 2950 4658 τὰς
2975 4591 3234 4658 εὐτελεῖς,
3275 4588 3543 4644 παιδεύων
3586 4606 3646 4642 σε
3673 4588 3762 4644 διὰ

2081 4678 2297 4732 πάντων
2327 4676 2419 4730 τὸν
2470 4676 2809 4748 ἀνθρώπινον
2857 4677 3190 4730 καταπατεῖν
3238 4672 3429 4742 τύφον.
3479 4671 3590 4726 Kal
3627 4672 3758 4725 ποτὲ

2083 4761 2182 4831 μὲν
2231 4761 2410 4829 λόγοις
2447 4760 2740 4832 θεραπεύει
2790 4760 2972 4830 μόνον,
3021 4756 3153 4811 ποτε
3199 4757 3258 4810 δέ
3308 4755 3403 4808 καὶ
3448 4754 3547 4824 τὴν
3601 4755 3762 4825 χεῖρα.

2081 4846 2330 4910 ἐκτείνει,
2356 4849 2488 4900 ποτέ
2511 4846 2568 4899 δέ
2595 4849 2613 4878 ¹
2644 4845 2933 4917 ἀμφότερα
2959 4841 3134 4896 ταῦτα
3157 4843 3319 4903 ποιεῖ,
3351 4841 3430 4902 εἰς
3459 4838 3580 4912 ὅψιν
3612 4839 3760 4907 ἄγων

2081 4929 2176 4999 τὴν
2210 4929 2472 5001 ἰατρείαν.
2507 4929 2582 4982 Οὐ
2609 4928 2719 4998 γάρ
2749 4925 3000 4980 ἐϐούλετο
3026 4925 3114 4980 ἀεὶ
3145 4923 3262 4996 μεθ’
3290 4921 3598 4993 ὑπερϐολῆς
3625 4921 3760 4973 θαυ-

2085 5016 2426 5084 ματουργεῖν.
2465 5012 2614 5064 Ἔδει
2640 5012 2748 5082 γάρ
2779 5010 2917 5073 τέως
2942 5007 3246 5071 λανθάνειν,
3284 5007 3376 5060 καὶ
3407 5005 3640 5076 μάλιστα
3668 5004 3760 5061 ἐπὶ

2081 5095 2189 5148 τῶν
2245 5094 2536 5166 μαθητῶν·
2592 5095 2686 5148 καὶ
2732 5092 2843 5162 γάρ
2888 5093 2952 5146 ἐκ
2997 5091 3198 5166 πολλῆς
3241 5091 3434 5161 ἡδονῆς
3471 5090 3651 5146 πάντα
3696 5087 3759 5140 ἂν

2084 5178 2378 5250 ἐκήρυξαν.
2416 5178 2528 5231 Kal
2555 5177 2713 5231 τοῦτο
2739 5176 2900 5248 δῆλον
2943 5175 3001 5242 ἐξ
3044 5165 3120 5229 ὧν
3147 5174 3241 5227 καὶ
3275 5173 3295 5204 ³
3332 5173 3468 5242 μετὰ
3498 5172 3556 5224 τὸ
3585 5167 3766 5250 ἐλθεῖν

2084 5263 2163 5325 εἰς
2195 5249 2254 5313 ἐὺ
2283 5261 2407 5332 ὄρος
2439 5261 2625 5331 ἐδέησε
2672 5260 2765 5313 τοῦ
2817 5257 3182 5332 παραγγεῖλαι
3213 5256 3416 5318 αὐτοῖς,
3459 5253 3544 5304 ἵνα
3575 5249 3705 5321 μηδε
3717 5252 3764 5303 νέι

2085 5345 2332 5399 εἴπωσιν.
2375 5343 2678 5415 Ἀψάμενος
2701 5344 2879 5397 τοίνυν
2916 5342 3010 5396 τοῦ
3037 5340 3308 5410 σώματος,
3333 5336 3452 5405 οὐχὶ
3477 5333 3566 5386 τὸν
3595 5351 3667 5385 πυ
3678 5351 3762 5404 ρε-

2085 5427 2177 5481 τὸν
2204 5427 2393 5481 ἔσϐεσε
2426 5427 2757 5498 μόνον,άλλὰ
2791 5429 2885 5482 καὶ
2915 5425 3158 5496 καθαρὰν
3183 5420 3280 5489 τὴν
3309 5419 3518 5487 ὑγίειαν
3549 5418 3759 5472 ἀπέδω-

2087 5527 2202 5564 κεν.
2241 5510 2458 5582 Ἐπειδή
2484 5512 2592 5580 γὰρ
2620 5511 2682 5563 τὸ
2709 5511 2922 5580 νόσημα
2960 5505 3173 5566 εὐτελὲς
3205 5500 3300 5574 ἦν,
3339 5499 3418 5571 τῷ
3451 5500 3636 5571 τρόπῳ
3664 5499 3762 5572 τῆς

2091 5593 2333 5663 ἰατρείας
2355 5593 2453 5665 τὴν
2481 5594 2708 5664 δύναμιν
2752 5592 3095 5647 ἐπεδείκνυτο
3114 5603 3129 5618 ο
3158 5587 3299 5655 ὅπερ
3331 5584 3430 5637 οὐκ
3466 5583 3543 5637 ἂν
3572 5586 3760 5657 εἰργά-

2090 5694 2218 5731 σατο
2245 5677 2408 5750 τέχνη
2443 5680 2684 5750 ἰατρική.

2162 5762 2306 5815 Ἴστε
2340 5762 2448 5833 γὰρ
2477 5763 2558 5816 ὅτι
2602 5763 2694 5816 καὶ
2725 5760 2862 5832 μετὰ
2891 5760 2988 5828 τὴν
3021 5757 3344 5827 ἀπαλλαγὴν
3371 5757 3480 5812 τῶν
3515 5753 3767 5826 πυρετῶν

2139 5855 2184 5888 ⁸⁸
2217 5852 2370 5929 γοῦν]
2394 5854 2517 5910 add.
2552 5855 2642 5908 καὶ
2681 5855 2748 5910 Α.
2825 5853 2869 5886 ’⁵
2902 5851 3145 5924 ἕμενεῡϐ.
3182 5849 3242 5906 Ι).
3277 5850 3334 5907 Ε.
3370 5851 3596 5924 ἀνέμενε
3627 5846 3761 5902 Ειίιίι
