4080 6138
459 219 561 277 3ιὸ

458 337 815 393 valetudinem
846 335 1212 391 restituantur.
1235 331 1340 388 Sed
1369 341 1491 388 tunc
1513 332 1692 387 omnia
1717 331 1872 386 simul
1898 330 2035 384 facta

457 436 606 484 sunt.
634 426 752 482 Non
793 425 880 481 hic
907 433 1082 482 autem
1123 424 1320 491 solum,
1354 423 1447 478 sed
1474 423 1633 477 etiam
1665 423 1715 474 in
1743 421 1898 474 mari.
1928 419 2042 474 lllic

457 519 600 573 enim
630 533 733 572 non
765 525 954 573 ventos
984 526 1186 571 tantum
1213 530 1268 571 et
1295 524 1661 585 tempestatem
1688 512 1916 575 sedavit,
1945 511 2040 566 sed

459 613 619 666 etiam
644 619 847 664 motum
865 608 1114 664 fluctuum
1141 609 1319 663 statim
1342 605 1676 675 compressit,
1704 603 1844 672 quod
1867 603 2040 672 ipsum

459 703 619 757 etiam
648 701 918 756 insolitum
944 710 1059 756 erat
1087 715 1101 754 :
1131 700 1338 755 etiamsi
1369 698 1510 769 enim
1536 703 1824 766 tempestas
1844 703 2037 758 cesset,

461 794 627 848 multo
657 801 842 862 postea
889 803 1130 862 tempore
1171 792 1328 846 undae
1366 791 1643 845 ﬂuctuant.
1681 788 1786 843 Sed
1824 804 1928 842 non
1973 787 2044 842 ita

461 885 659 939 Christi
698 883 866 954 jussio
908 893 1192 953 operatur:
1221 883 1399 939 omnia
1425 883 1567 938 enim
1597 881 1773 936 statim
1809 888 2041 946 cessant,

463 986 519 1030 ut
547 978 599 1031 in
625 976 845 1031 muliere
870 975 1066 1031 factum
1089 987 1192 1033 est.
1219 977 1286 1031 Et
1306 976 1408 1031 hoc
1428 976 1706 1030 declarans
1723 973 2044 1043 evangelista

461 1070 670 1123 dicebat
695 1086 708 1122 :
736 1069 988 1135 Surrexit,
1031 1078 1076 1123 et
1103 1069 1413 1123 ministrabat
1439 1069 1516 1132 ei;
1540 1067 1680 1138 quod
1707 1067 1904 1120 Christi
1933 1066 2044 1119 vir-

464 1161 589 1215 tutis
619 1160 826 1230 signum
869 1169 1011 1226 erat,
1056 1176 1264 1215 necnon
1307 1160 1528 1215 affectus
1573 1159 1834 1222 mulieris,
1884 1173 2044 1227 quem

460 1267 586 1322 erga
614 1253 880 1307 Christum
903 1251 1162 1307 exhibuit.
1204 1252 1369 1308 Aliud
1393 1267 1604 1322 quoque
1635 1250 1758 1304 hinc
1790 1249 2044 1319 perspici-

462 1361 600 1410 mus,
634 1360 826 1414 nempe
863 1344 1086 1399 aliorum
1109 1345 1231 1400 ﬁdei
1265 1345 1532 1400 Christum
1557 1346 1782 1400 aliorum
1809 1343 2043 1398 curatio—

462 1453 581 1490 nem
595 1436 910 1491 concedere.
926 1436 1054 1490 Nam
1070 1437 1154 1491 hic
1167 1437 1257 1491 alii
1271 1438 1439 1506 ipsum
1453 1436 1729 1506 rogabant,
1749 1436 1973 1490 utetiam
1991 1435 2044 1490 in

461 1543 626 1598 puero
639 1530 984 1584 centurionis.
1003 1529 1316 1600 Hujusmodi
1330 1544 1458 1584 vero
1474 1530 1696 1598 gratiam
1711 1528 1938 1582 aliorum
1952 1543 2044 1582 ro-

459 1633 582 1691 gatu
599 1621 924 1677 concedebat
942 1620 1262 1690 (dummodo
1283 1621 1328 1674 is
1353 1620 1442 1691 qui
1454 1619 1739 1674 curabatur
1753 1617 2041 1690 crederet),

460 1731 578 1769 cum
597 1731 702 1768 non
726 1724 932 1783 poterat
943 1730 1083 1784 mger
1096 1717 1266 1784 ipsum
1279 1713 1584 1776 convenire,
1597 1713 1682 1768 vel
1697 1728 1817 1768 cum
1830 1721 2046 1783 propter

460 1808 812 1876 ignorantiam
855 1822 960 1861 non
1000 1822 1251 1876 magnum
1272 1806 1398 1877 quid
1429 1805 1695 1861 sentiebat
1717 1805 1784 1860 de
1808 1803 2042 1871 Christo,

460 1899 545 1954 vel
571 1915 690 1955 cum
712 1909 841 1954 tetas
865 1899 991 1969 1Png
1013 1899 1291 1953 immatura
1316 1907 1449 1953 erat.
1501 1897 1589 1952 I6.
1621 1895 1863 1969 ,Vespcre
1880 1906 2046 1952 autem

463 1994 617 2060 facto,
645 1991 930 2044 obtulerunt
958 1990 1003 2044 ei
1031 1990 1216 2044 multos
1235 1990 1487 2044 dtemonia
1515 1989 1766 2053 habentes,
1795 1997 1842 2043 et
1878 1991 2048 2061 ejicie-

461 2081 544 2134 bat
565 2081 771 2150 spiritus
795 2098 968 2135 eorum
993 2081 1056 2135 ab
1085 2082 1155 2136 eis
1178 2081 1344 2148 verbo,
1381 2091 1429 2135 et
1454 2097 1625 2135 omnes
1658 2081 1790 2135 male
1813 2080 2047 2136 habentes

461 2174 685 2237 curabat,
719 2173 804 2228 17.
834 2183 891 2226 ut
907 2173 1265 2244 adimpleretur
1283 2172 1418 2242 quod
1435 2173 1624 2226 dictum
1639 2183 1710 2226 est
1738 2188 1826 2241 per
1855 2170 2047 2227 Isaiam

462 2265 762 2334 prophetam
784 2280 802 2318 :
827 2263 858 2317 Ι
863 2281 950 2333 pse
968 2265 1289 2332 inﬁrmitates
1314 2273 1514 2319 nostras
1533 2264 1743 2334 accepit,
1772 2273 1818 2317 et
1841 2264 2048 2335 egritu-

461 2357 602 2411 dines
628 2356 845 2425 portavit
865 2356 884 2423 (
902 2355 1031 2410 1δαὶ.
1056 2358 1144 2412 55.
1175 2357 1262 2427 4).
1290 2355 1475 2411 Viden’
1502 2356 1854 2411 multitudinis
1885 2356 2044 2412 tidem

459 2449 712 2519 deinceps
741 2449 1060 2505 adauctam?
1088 2449 1272 2519 Neque
1295 2451 1459 2515 enim,
1491 2460 1714 2520 urgente
1758 2451 1881 2506 licet
1905 2459 2044 2506 tem-

463 2556 610 2609 pore,
640 2540 892 2596 recedere
922 2541 1198 2605 volebant,
1227 2555 1402 2612 neque
1429 2539 1861 2611 intempestivum
1889 2550 2040 2612 putao

461 2633 588 2688 bant
615 2635 660 2690 si
701 2649 925 2703 vespere
942 2639 1192 2706 ‘argrotos
1237 2648 1363 2690 suos
1403 2634 1750 2690 adducerent.
1793 2635 1872 2690 Tu
1922 2650 2046 2691 vero

462 2725 593 2779 mihi
646 2725 937 2796 perpende,
988 2734 1240 2795 quantam
1293 2725 1686 2780 multitudinem
1739 2741 1924 2781 eorum
1953 2727 2045 2796 qui

457 2819 742 2873 ‘sanitatem
773 2827 1093 2888 acceperunt
1119 2827 1528 2889 praetereurrant
1549 2819 1906 2887 evangelista,
1937 2833 2044 2873 non

460 2911 730 2982 sigillatim
771 2921 1132 2975 recensentes,
1175 2912 1268 2966 sed
1313 2925 1419 2966 uno
1459 2911 1622 2966 verbo
1666 2910 2044 2965 miraculorum

463 3004 678 3073 pelagus
726 3003 1044 3059 immensum
1090 3003 1405 3059 referentes.
1449 3003 1650 3058 Deinde
1696 3019 1766 3057 ne
1802 3003 2044 3057 miraculi

462 3095 768 3164 magnitudo
808 3095 1237 3151 incredulitatem
1276 3103 1505 3164 pareret,
1540 3096 1683 3163 quod
1710 3103 1912 3147 tantum
1951 3108 2048 3162 po-

463 3188 643 3254 pulmn
683 3197 788 3241 tam
828 3187 991 3241 variis
1017 3186 1263 3242 aﬂ‘eetum
1306 3187 1508 3240 morbis
1537 3184 1588 3237 in
1617 3195 1889 3239 momento
1914 3193 2046 3239 tem-

461 3281 607 3351 poris
649 3279 872 3334 solverit
913 3287 968 3333 et
1009 3278 1294 3343 curaverit,
1353 3278 1430 3332 rei
1464 3285 1648 3332 testem
1685 3277 1896 3332 adducit
1926 3292 2049 3348 pro-

461 3373 698 3443 phetam,
744 3385 988 3442 magnam
1036 3369 1230 3440 ubique
1265 3384 1333 3424 ex
1363 3368 1652 3438 Scripturis
1693 3384 1870 3424 rerum
1907 3383 2046 3438 prte-

458 3466 747 3520 dietionem
794 3461 1101 3527 ostendens,
1148 3463 1313 3532 signis
1359 3461 1488 3529 ipsis
1537 3476 1642 3516 non
1689 3459 2042 3517 inferiorem:

461 3559 606 3626 lla-c,
637 3556 824 3627 inquit,
859 3553 1021 3610 Isaias
1049 3554 1177 3608 dicit
1201 3571 1214 3608 :
1245 3551 1581 3620 Inﬁrmitates
1603 3561 1800 3606 nostras
1829 3553 2044 3622 accepit,

460 3669 505 3712 et
531 3655 854 3727 (egritudines
879 3654 1113 3725 portavit.
1142 3652 1256 3707 Non
1282 3651 1431 3717 dixit,
1466 3650 1665 3714 Solvit;
1695 3649 1810 3712 sed,
1843 3650 2047 3719 Accepit

461 3760 508 3804 et
555 3750 808 3818 portavit:
833 3747 974 3818 quod
1021 3746 1090 3801 de
1135 3745 1369 3816 peccatis
1410 3744 1583 3813 potius
1627 3742 1756 3796 mihi
1787 3742 1985 3796 dictum
2015 3757 2045 3796 a

461 3841 720 3915 propheta
749 3839 974 3904 videtur,
1005 3853 1163 3909 quam
1195 3837 1263 3892 de
1283 3834 1504 3898 morbis,
1529 3843 1582 3889 et
1607 3849 1728 3888 cum
1759 3832 1858 3887 hoc
1885 3832 2048 3888 Joan-

462 3937 544 3990 nis
561 3935 704 3990 dicto
725 3941 1017 3995 consonat;
1046 3928 1174 3984 Ecce
1191 3946 1351 4001 agnus
1378 3928 1490 3997 Dei,
1517 3927 1606 3996 qui
1633 3925 1764 3981 tollit
1788 3935 2047 3998 peccatum

463 4027 638 4080 mundi
668 4023 846 4090 (loan.
872 4024 923 4078 I.
951 4021 1067 4094 29).

529 4120 586 4176 2.
627 4118 899 4172 Peccatum
943 4113 1231 4168 morborum
1276 4128 1447 4167 causa.
1491 4111 1679 4166 Christi
1719 4111 1964 4165 modestia
2001 4119 2048 4165 et

464 4210 806 4282 pulchritudo.
824 4239 895 4248 ——
915 4205 1194 4275 Quomodo
1221 4221 1348 4275 ergo
1377 4204 1603 4275 idipsum
1638 4204 1706 4259 de
1731 4204 1934 4258 morbis
1961 4203 2048 4258 hic

463 4306 611 4377 ponit
639 4303 994 4375 evangelista?
1021 4301 1113 4357 Vel
1136 4301 1276 4372 quod
1298 4301 1553 4356 historico
1583 4315 1734 4356 more
1762 4310 1814 4356 et
1837 4301 1900 4355 ad
1925 4300 2050 4355 lite~

463 4414 574 4453 ram
605 4397 704 4452 hoc
733 4395 1092 4452 testimonium
1127 4395 1285 4466 legat,
1314 4394 1394 4450 vel
1422 4403 1476 4448 ut
1502 4393 1746 4447 ostendat
1765 4392 2048 4463 plerosque

464 4490 682 4548 morbos
711 4505 773 4544 ex
822 4488 1052 4558 peccatis
1081 4487 1273 4540 anima:
1313 4484 1596 4557 proficisci.
1630 4483 1762 4538 Nam
1793 4484 1838 4538 si
1878 4498 2046 4549 mors,

461 4599 582 4652 quae
610 4587 768 4650 caput
791 4587 874 4635 est
899 4578 1158 4644 omnium,
1187 4594 1254 4633 ex
1282 4582 1501 4647 peccato
1521 4574 1779 4645 originem
1807 4577 2047 4630 occasio-

465 4686 692 4740 nemque
734 4669 936 4736 habuit,
970 4671 1137 4724 multo
1179 4669 1347 4738 magis
1385 4665 1727 4738 argritudines
1758 4665 1880 4719 hinc
1917 4674 2048 4720 orta:

465 4773 590 4820 sunt
616 4781 631 4818 :
662 4761 1090 4834 quandoquidem
1118 4761 1242 4816 hinc
1266 4761 1424 4815 etiam
1446 4759 1645 4824 evenit,
1676 4767 1731 4812 ut
1757 4773 1854 4812 nos
1883 4757 2051 4827 passi-

464 4859 601 4914 biies
622 4857 807 4911 simus.
835 4856 922 4911 18.
955 4854 1142 4910 Videas
1171 4853 1323 4908 Jesus
1349 4857 1518 4907 turbas
1545 4853 1729 4906 multas
1756 4853 1946 4904 circum
1971 4868 2044 4918 se,

463 4954 611 5022 iussit
633 4952 978 5022 transfretare.
1003 4947 1192 5004 Viden‘
1207 4965 1415 5002 rursum
1446 4963 1603 5018 quam
1634 4947 1702 5000 sit
1723 4947 1792 5000 ab
1815 4953 2051 5000 ostenta-

464 5048 609 5104 tione
652 5042 895 5099 alienus?
939 5040 1071 5096 Nam
1116 5040 1292 5094 caeteri
1333 5039 1532 5105 dicunt,
1564 5039 1735 5107 ipsunt
1769 5037 2049 5091 daemones

467 5139 772 5203 increpasse
793 5149 861 5188 ne
885 5132 1122 5188 dicerent
1146 5129 1263 5200 quis
1287 5137 1431 5184 esset
1455 5146 1467 5180 :
1493 5129 1579 5183 hic
1611 5142 1734 5182 vero
1755 5128 1849 5192 ait,
1876 5127 2047 5196 ipsum

463 5228 729 5282 amcivisse
769 5225 969 5280 turbas.
1005 5221 1137 5276 Illud
1174 5231 1350 5274 autem
1378 5219 1584 5290 agebat,
1613 5226 1724 5272 tum
1751 5226 1808 5272 ut
1837 5233 1932 5270 nos
1969 5217 2049 5270 iu-

463 5322 708 5375 stitueret
732 5318 1056 5385 doceretque
1087 5312 1421 5376 modestiam,
1455 5321 1562 5364 tum
1597 5320 1654 5364 ut
1680 5309 1933 5364 invidiam
1957 5323 2048 5362 se-

465 5414 614 5467 daret
653 5411 950 5474 .ludaicam,
1001 5407 1322 5474 duceretque
1366 5401 1496 5456 nihil
1541 5400 1609 5455 ad
1635 5401 2047 5455 ostentationem

466 5520 583 5560 esse
628 5502 946 5558 faciendum.
981 5499 1096 5553 Non
1142 5496 1285 5551 enim
1314 5508 1539 5564 corpora
1582 5500 1782 5547 tantum
1805 5490 2045 5556 curabat,

465 5597 558 5652 sed
588 5596 746 5650 etiam
772 5591 1092 5649 emendabat
1117 5589 1370 5646 animam,
1404 5587 1677 5659 ipsamque
1702 5583 1766 5638 ad
1810 5583 2046 5653 philoso-

466 5688 640 5759 phiam
687 5686 1028 5742 inSIituebat-
1061 5698 1181 5740 sese
1228 5691 1450 5749 utroque
1494 5676 1652 5732 modo
1688 5676 1964 5741 exhibens,
1993 5683 2047 5730 et

1433 212 1498 270 IN
1532 211 1939 270 ΜΑΤΤΗίΕυΜ
1977 211 2204 270 nomn.
2249 211 2456 269 XXVII.
2497 215 2568 270 al.
2612 208 2844 272 XXVIII.

3637 223 3742 280 346

2151 329 2368 385 morbos
2393 343 2692 400 curantem,
2738 342 2794 390 et
2837 335 2968 391 nihil
3012 351 3078 393 ex
3105 337 3244 394 fastu
3285 340 3553 412 agentem.
3585 343 3734 402 Multi

2148 423 2344 493 quippe
2388 424 2488 494 ipsi
2534 425 2806 481 haerebant
2853 443 3036 484 amore
3079 430 3536 502 admirationeque
3567 436 3738 505 ducti,

2148 523 2309 584 atque
2361 517 2534 586 ipsum
2586 535 2798 588 semper
2849 521 3030 576 videre
3071 523 3367 592 Cupientes.
3412 527 3541 596 Quis
3587 529 3731 584 enim

2149 605 2520 675 abscessisset,
2569 609 2693 664 dum
2726 612 2815 666 ille
2847 622 2990 668 tanta
3032 614 3286 670 miracula
3329 622 3600 687 patraret?
3644 629 3736 676 aut

2148 696 2268 764 quis
2297 696 2554 753 noluisset
2596 700 2782 757 faciem
2810 711 2863 757 et
2899 717 2961 758 os
3005 705 3128 760 talia
3159 705 3428 776 loquentis
3455 711 3736 779 aspicere?

2150 787 2332 857 Neque
2375 791 2516 844 enim
2560 807 2626 846 ex
2673 793 2925 864 prodigiis
2981 804 3185 852 tantum
3225 798 3590 868 admirandus,
3639 803 3734 858 sed

2151 880 2315 948 ipsius
2340 882 2511 936 solum
2535 893 2852 954 conspectus
2878 888 3043 958 gratia
3075 889 3240 945 multa
3272 890 3460 961 plenus
3498 900 3652 948 erat:
3683 895 3736 948 id

2151 973 2291 1043 quod
2323 973 2562 1030 indicans
2609 978 2865 1047 propheta
2922 980 3134 1037 dicebat
3179 999 3192 1035 :
3243 983 3521 1052 Speciosus
3570 989 3740 1056 forma

2153 1082 2260 1134 prae
2287 1069 2408 1136 ﬁliis
2436 1067 2695 1124 hominum
2746 1070 2927 1142 (Psal.
2958 1075 3058 1129 '44.
3087 1074 3182 1144 5).
3211 1075 3362 1144 Quod
3389 1076 3437 1131 si
3469 1077 3633 1133 Isaias
3655 1077 3738 1134 di-

2152 1167 2257 1224 cat,
2285 1158 2404 1214 Non
2429 1160 2639 1215 habebat
2657 1164 2872 1230 speciem
2895 1180 3050 1233 neque
3075 1165 3302 1220 decorem
3333 1165 3494 1240 (lsai.
3522 1169 3611 1226 5'5.
3639 1168 3734 1240 2),

2150 1258 2243 1303 aut
2272 1250 2402 1305 illud
2429 1251 2497 1306 de
2520 1252 2811 1308 divinitatis
2833 1254 3002 1324 gloria
3042 1255 3295 1312 inell‘ahili
3333 1257 3614 1329 intelligit;
3645 1270 3735 1315 aut

2151 1356 2214 1397 ea
2239 1359 2358 1412 qua:
2383 1344 2433 1398 in
2467 1345 2713 1414 passione
2739 1357 2886 1416 gesta
2907 1357 3032 1402 sunt
3059 1357 3260 1417 narrat,
3287 1350 3738 1423 ignominiamque

2151 1435 2296 1490 illam
2323 1451 2482 1507 quam
2520 1439 2695 1492 crucis
2727 1449 2968 1508 tempore
2993 1441 3262 1506 sustinuit,
3294 1451 3386 1497 aut
3426 1444 3736 1499 tenuitatem

2152 1528 2294 1582 illam
2335 1545 2491 1598 quam
2522 1537 2634 1582 toto
2670 1529 2791 1584 vitae
2821 1539 3061 1600 tempore
3106 1533 3156 1584 in
3203 1533 3448 1589 omnibus
3477 1535 3736 1590 exhibuit.

2149 1619 2266 1675 Non
2290 1629 2468 1674 autem
2515 1620 2660 1689 prius
2707 1620 3054 1676 transfretare
3093 1621 3272 1691 jussit,
3320 1638 3478 1696 quam
3519 1626 3739 1681 morbus

2149 1720 2412 1766 curasset.
2440 1711 2691 1782 Alioquin
2741 1727 2846 1767 non
2891 1712 2942 1767 id
2986 1712 3129 1769 ferre
3153 1714 3472 1785 potuissent.
3499 1715 3570 1774 Ut
3596 1721 3738 1772 enim

2151 1803 2204 1858 in
2233 1813 2414 1859 monte
2455 1819 2562 1860 non
2604 1804 2946 1860 coneionanti
2989 1805 3148 1860 modo
3177 1805 3419 1874 aderant,
3448 1809 3542 1863 sed
3579 1809 3738 1864 etiam

2150 1898 2393 1952 silentem
2415 1897 2817 1968 sequebantur:
2859 1897 2937 1952 sic
2973 1897 3134 1953 etiam
3167 1915 3310 1954 nunc
3340 1915 3444 1954 non
3477 1901 3734 1958 miracula

2151 1989 2330 2045 edenti
2360 1998 2562 2044 tantum
2587 1989 2898 2054 haerebant;
2925 1990 3020 2046 sed
3046 1992 3208 2046 etiam
3237 2001 3360 2062 post
3397 1993 3536 2050 edita
3565 1995 3739 2065 signa,

2153 2081 2238 2136 vel
2262 2096 2326 2137 ex
2352 2081 2466 2152 ejus
2492 2082 2639 2137 vultu
2666 2091 2719 2137 et
2743 2094 3033 2152 conspectu
3055 2099 3302 2154 magnam
3327 2085 3617 2156 carpebant
3640 2087 3741 2142 nti-

2153 2173 2377 2230 litatem.
2407 2173 2539 2228 Nam
2568 2175 2615 2230 si
2641 2175 2848 2247 Moyses
2875 2177 3046 2245 gloria
3085 2177 3477 2246 splendentem,
3509 2179 3742 2249 Stepha-

2151 2282 2253 2322 nus
2293 2267 2592 2336 angelicum
2637 2267 2839 2321 vultum
2891 2268 3095 2334 habuit,
3142 2269 3314 2340 cogita
3355 2272 3566 2341 qualem
3617 2281 3741 2328 tunc

2151 2359 2459 2428 apparuisse
2475 2374 2812 2416 communem
2832 2361 3112 2416 Dominum
3141 2363 3428 2420 verisimile
3451 2373 3554 2421 est.
3581 2365 3743 2422 Forte

2150 2464 2278 2506 vero
2308 2451 2456 2506 multi
2481 2451 2590 2522 jam
2621 2451 2736 2520 ejus
2767 2452 3008 2509 videnda:
3046 2454 3291 2525 imaginis
3319 2455 3610 2526 cupiditate
3656 2459 3740 2512 in-

2151 2545 2296 2598 censi
2321 2551 2447 2597 sunt
2474 2560 2486 2596 :
2518 2543 2614 2599 sed
2640 2544 2684 2598 si
2715 2544 2961 2610 velimus,
2989 2545 3144 2616 longe
3172 2546 3590 2617 splendidiorem
3624 2550 3740 2621 ipsa

2149 2634 2467 2692 videbimus.
2491 2635 2622 2689 Nam
2670 2635 2712 2690 si
2740 2651 2860 2690 cum
2897 2635 3086 2691 fiducia
3116 2646 3172 2692 et
3198 2637 3391 2694 virtute
3429 2638 3597 2694 vitam
3623 2655 3744 2710 per-

2151 2743 2391 2798 agamus,
2435 2727 2488 2782 iu
2521 2727 2750 2782 nubibus
2795 2727 2967 2797 ipsum
3011 2729 3360 2798 excipiemus,
3390 2729 3600 2785 obviam
3641 2731 3743 2800 ipsi

2151 2819 2426 2874 venientes
2448 2818 2499 2872 in
2525 2819 2811 2872 immortali
2833 2828 2890 2873 et
2913 2818 3306 2888 incorruptibili
3331 2836 3576 2892 corpore.
3607 2817 3738 2878 Per-

2153 2909 2326 2979 pende
2354 2918 2532 2964 autem
2557 2925 2715 2980 quam
2745 2910 2938 2964 leniter
2975 2911 3120 2979 ipsos
3141 2920 3406 2978 amoveat,
3437 2927 3537 2968 nec
3563 2913 3743 2968 deter-

2152 3009 2286 3055 reat.
2329 2999 2445 3055 Non
2471 3001 2614 3054 enim
2643 3000 2795 3063 dixit,
2841 2999 3130 3066 accedite;
3163 3000 3256 3056 sed
3287 3001 3631 3058 transfretare
3655 3003 3742 3072 ju-

2153 3094 2263 3159 bet,
2291 3108 2440 3162 spem
2467 3092 2670 3148 faciens
2705 3107 2764 3148 se
2794 3092 2886 3146 illo
2915 3093 3260 3162 trajecturum
3289 3109 3430 3150 esse.
3457 3095 3546 3150 Sic
3574 3095 3742 3151 turba:

2152 3186 2367 3256 quidem
2414 3185 2638 3240 multum
2677 3184 3005 3240 exhibebant
3042 3187 3264 3251 amoris,
3307 3195 3508 3242 etcum
3548 3189 3739 3245 aﬂ'ectu

2154 3293 2347 3347 magno
2374 3277 2768 3348 sequebantur;
2799 3293 2937 3333 unus
2954 3286 3132 3332 autem
3157 3280 3498 3348 pecuniarum
3529 3296 3739 3347 Servus,

2151 3372 2560 3442 arrogantiaque
2587 3370 2776 3440 plenus
2799 3370 3026 3425 accessit
3047 3385 3110 3424 ac
3135 3370 3270 3426 dixit
3297 3389 3310 3425 :
3344 3371 3432 3426 i9.
3473 3371 3740 3444 Magister,

2152 3480 2334 3534 sequar
2362 3473 2410 3518 te
2431 3478 2744 3533 quocumque
2767 3462 2904 3516 ieris.
2935 3461 3390 3533 Vidistin’quanta
3414 3464 3742 3532 arrogantia?

2153 3557 2230 3610 Ae
2281 3555 2326 3610 si
2379 3570 2485 3609 non
2531 3554 2843 3626 dignaretur
2884 3569 2945 3609 se
2991 3568 3113 3609 cum
3155 3554 3306 3610 turba
3354 3569 3739 3622 annumerarc,

2151 3663 2317 3719 seque
2347 3657 2625 3703 ostentans
2661 3647 2813 3717 quasi
2851 3661 2958 3702 non
2987 3647 3039 3702 in
3069 3647 3206 3718 vulgi
3241 3647 3394 3704 turba
3430 3657 3742 3718 computau-

2151 3740 2273 3805 dns,
2301 3740 2379 3794 sic
2401 3739 2626 3795 accedit.
2657 3738 2812 3794 Tales
2839 3747 2964 3794 sunt
2989 3738 3191 3794 Judaici
3235 3753 3434 3805 mores,
3476 3739 3743 3810 intempe-

2153 3833 2289 3887 stiva
2347 3831 2487 3901 pleni
2535 3829 2746 3885 liducia.
2796 3830 2886 3886 Sic
2929 3839 2988 3886 et
3027 3830 3164 3886 alius
3222 3841 3405 3900 postea
3461 3833 3742 3887 silentibus

2152 3923 2399 3978 omnibus
2444 3923 2707 3989 insiliens,
2739 3921 2854 3975 ait:
2890 3921 3039 3989 Quod
3077 3932 3150 3976 est
3177 3923 3397 3991 primunt
3444 3923 3742 3976 mandatum

2153 4015 2366 4089 (Matth.
2398 4014 2486 4070 22.
2515 4015 2647 4085 56)?
2677 4015 2928 4069 Attamen
2976 4014 3236 4070 Dominus
3281 4015 3640 4084 importunam
3675 4017 3740 4070 li-

2152 4110 2411 4164 bertatem
2436 4123 2540 4161 non
2569 4106 2846 4176 corripuit,
2877 4113 2933 4160 ut
2955 4120 3055 4161 nos
3079 4104 3146 4160 ad
3171 4105 3472 4174 hujusmodi
3498 4107 3740 4164 homines

2154 4199 2401 4254 ferendos
2444 4198 2764 4253 institueret.
2813 4196 2940 4252 Ideo
2984 4211 3090 4251 non
3135 4197 3308 4267 palam
3350 4197 3619 4267 redarguit
3645 4214 3740 4254 eos

2154 4292 2244 4363 qui
2283 4294 2418 4347 mala
2446 4293 2780 4363 cogitarent:
2809 4291 2905 4347 sed
2933 4306 3118 4346 eorum
3141 4290 3377 4362 Opinioni
3397 4289 3739 4361 'respondet,

2154 4387 2283 4456 ipsis
2318 4385 2449 4441 solis
2485 4385 2903 4441 confutationem
2948 4383 3330 4454 inspiciendam
3391 4384 3698 4455 relinquens
3725 4427 3739 4450 ,

2154 4477 2526 4548 duplicemque
2554 4478 2686 4548 ipsis
2712 4493 2907 4547 parens
2933 4478 3236 4545 utilitatem,
3267 4488 3324 4532 ut
3353 4493 3548 4549 nempe
3570 4479 3744 4534 sciant

2154 4586 2216 4626 se
2239 4569 2584 4626 conscientia:
2607 4579 2816 4626 secreta
2848 4584 3028 4637 nosse,
3057 4579 3221 4639 utque
3247 4577 3368 4639 post
3394 4569 3579 4625 datum
3607 4568 3744 4626 indi-

2155 4664 2295 4717 cium
2327 4661 2458 4717 illud
2503 4661 2678 4716 adhuc
2723 4662 2907 4727 lateat,
2950 4662 3084 4716 dans
3123 4661 3299 4716 locum
3325 4661 3393 4716 ad
3419 4661 3742 4732 resipiscen-

2153 4760 2302 4825 dum,
2343 4757 2387 4813 si
2428 4757 2632 4812 velint:
2665 4755 2717 4810 id
2749 4754 2890 4824 quod
2917 4769 3060 4809 nunc
3088 4754 3249 4809 etiam
3286 4753 3433 4810 fecit.
3473 4754 3569 4810 Hic
3597 4755 3742 4811 enim

2155 4851 2321 4905 multa
2349 4849 2496 4919 signa
2530 4847 2734 4912 videns,
2789 4845 3103 4915 turbamque
3132 4845 3462 4912 afﬂuentem,
3493 4845 3746 4915 sperabat

2105 4983 2108 4985 λ
2155 4959 2212 4998 se
2238 4959 2304 4997 ex
2339 4951 2416 4996 tot
2460 4939 2727 4994 miraculis
2752 4937 3030 4992 ditandum
3057 4951 3199 5003 esse,
3230 4937 3454 5006 ideoque
3477 4938 3624 5018 illum
3654 4954 3739 4992 se-

2153 5036 2242 5106 qui
2264 5032 2532 5102 cupiebat.
2566 5030 2843 5087 Undenam
2868 5029 2969 5084 hoc
2996 5029 3165 5084 nobis.
3182 5029 3404 5098 patebit?
3423 5030 3505 5088 Ex
3523 5043 3744 5097 respon-

2155 5129 2306 5182 sione
2348 5125 2570 5188 Christi,
2613 5123 2706 5193 qui
2759 5139 2862 5177 non
2905 5123 3083 5178 verbis
3130 5122 3420 5193 loquentis,
3456 5119 3553 5175 sed
3577 5119 3743 5175 menti

2156 5215 2466 5287 respondet.
2507 5215 2642 5284 Quid
2667 5215 2847 5270 enim?
2876 5215 3079 5284 inquit;
3110 5229 3178 5268 an
3207 5212 3458 5282 pecunias
3497 5218 3550 5264 te
3578 5209 3743 5263 colle-

2154 5321 2361 5365 cturum
2392 5324 2596 5378 speras,
2632 5309 2676 5364 si
2706 5325 2791 5364 me
2825 5308 3107 5379 sequaris?
3133 5323 3310 5362 annon
3340 5303 3486 5357 vides
3517 5301 3644 5355 mihi
3678 5318 3745 5356 ne

2156 5403 2509 5460 diversorium
2536 5402 2749 5472 quidem
2779 5417 2898 5457 esse
2925 5400 3080 5471 quale
3107 5399 3236 5466 ipsis
3251 5394 3438 5448 avibus
3467 5393 3588 5446 est?
3610 5391 3743 5446 Nam

2157 5499 2250 5564 ait,
2281 5496 2371 5552 20.
2415 5495 2600 5566 Vulpes
2629 5499 2797 5566 foveas
2846 5494 3048 5557 habent,
3077 5497 3123 5543 et
3157 5486 3382 5542 uolucres
3414 5483 3526 5540 ccli
3553 5483 3741 5548 nidos,-

2225 5686 2238 5710 ι
2275 5677 2388 5742 Alii,
2417 5681 2728 5740 arroganttcc.
