  <div class='ocr_page' id='page_1' title='image "/cluster/home/n/w/nwhite01/storage/ocr_20150623/57/mdp.39015008622600/275.png"; bbox 0 0 4080 6138; ppageno 0'>
   <div class='ocr_carea' id='block_1_1' title="bbox 405 239 505 292">
    <p class='ocr_par' dir='ltr' id='par_1_1' title="bbox 405 239 505 292">
     <span class='ocr_line' id='line_1_1' title="bbox 405 239 505 292; baseline 0 0"><span class='ocrx_word' id='word_1_1' title='bbox 405 239 505 292; x_wconf 70' lang='grc'><strong>347</strong></span> 
     </span>
    </p>
   </div>
   <div class='ocr_carea' id='block_1_2' title="bbox 407 335 1985 411">
    <p class='ocr_par' dir='ltr' id='par_1_2' title="bbox 407 335 1985 411">
     <span class='ocr_line' id='line_1_2' title="bbox 407 335 1985 411; baseline -0.014 -2"><span class='ocrx_word' id='word_1_2' title='bbox 407 355 572 409; x_wconf 76' lang='lat' dir='ltr'><strong>Filius</strong></span> <span class='ocrx_word' id='word_1_3' title='bbox 600 360 764 406; x_wconf 76' lang='lat' dir='ltr'><strong>autem</strong></span> <span class='ocrx_word' id='word_1_4' title='bbox 789 350 1003 403; x_wconf 77' lang='lat' dir='ltr'><strong>Iiomiuis</strong></span> <span class='ocrx_word' id='word_1_5' title='bbox 1033 364 1134 401; x_wconf 88' lang='lat' dir='ltr'><strong>non</strong></span> <span class='ocrx_word' id='word_1_6' title='bbox 1158 346 1303 399; x_wconf 81' lang='lat' dir='ltr'><strong>habet</strong></span> <span class='ocrx_word' id='word_1_7' title='bbox 1329 342 1413 397; x_wconf 88' lang='lat' dir='ltr'><strong>ubi</strong></span> <span class='ocrx_word' id='word_1_8' title='bbox 1438 349 1589 411; x_wconf 84' lang='lat' dir='ltr'><strong>caput</strong></span> <span class='ocrx_word' id='word_1_9' title='bbox 1612 340 1835 393; x_wconf 86' lang='lat' dir='ltr'><strong>reclinet.</strong></span> <span class='ocrx_word' id='word_1_10' title='bbox 1863 335 1985 390; x_wconf 74' lang='lat' dir='ltr'><strong>lltnc</strong></span> 
     </span>
    </p>
   </div>
   <div class='ocr_carea' id='block_1_3' title="bbox 406 429 1985 514">
    <p class='ocr_par' dir='ltr' id='par_1_3' title="bbox 406 429 1985 514">
     <span class='ocr_line' id='line_1_3' title="bbox 406 429 1985 514; baseline -0.011 -15"><span class='ocrx_word' id='word_1_11' title='bbox 406 462 511 499; x_wconf 87' lang='lat' dir='ltr'><strong>non</strong></span> <span class='ocrx_word' id='word_1_12' title='bbox 533 442 841 510; x_wconf 74' lang='lat' dir='ltr'><strong>repellentis</strong></span> <span class='ocrx_word' id='word_1_13' title='bbox 864 448 1038 504; x_wconf 88' lang='lat' dir='ltr'><strong>erant,</strong></span> <span class='ocrx_word' id='word_1_14' title='bbox 1066 437 1161 493; x_wconf 89' lang='lat' dir='ltr'><strong>sed</strong></span> <span class='ocrx_word' id='word_1_15' title='bbox 1188 435 1379 490; x_wconf 88' lang='lat' dir='ltr'><strong>malam</strong></span> <span class='ocrx_word' id='word_1_16' title='bbox 1410 442 1643 487; x_wconf 94' lang='lat' dir='ltr'><strong>mentem</strong></span> <span class='ocrx_word' id='word_1_17' title='bbox 1672 429 1985 514; x_wconf 85' lang='lat' dir='ltr'><strong>redarguen-</strong></span> 
     </span>
    </p>
   </div>
   <div class='ocr_carea' id='block_1_4' title="bbox 404 522 1981 604">
    <p class='ocr_par' dir='ltr' id='par_1_4' title="bbox 404 522 1981 604">
     <span class='ocr_line' id='line_1_4' title="bbox 404 522 1981 604; baseline -0.011 -15"><span class='ocrx_word' id='word_1_18' title='bbox 404 538 473 591; x_wconf 90' lang='lat' dir='ltr'><strong>tis</strong></span> <span class='ocrx_word' id='word_1_19' title='bbox 496 576 513 601; x_wconf 96' lang='lat'><strong>,</strong></span> <span class='ocrx_word' id='word_1_20' title='bbox 542 543 594 589; x_wconf 87' lang='lat' dir='ltr'><strong>et</strong></span> <span class='ocrx_word' id='word_1_21' title='bbox 627 540 943 604; x_wconf 84' lang='lat' dir='ltr'><strong>potestatem</strong></span> <span class='ocrx_word' id='word_1_22' title='bbox 964 531 1139 586; x_wconf 86' lang='lat' dir='ltr'><strong>dantis</strong></span> <span class='ocrx_word' id='word_1_23' title='bbox 1159 543 1280 584; x_wconf 91' lang='lat' dir='ltr'><strong>cum</strong></span> <span class='ocrx_word' id='word_1_24' title='bbox 1303 527 1393 581; x_wconf 87' lang='lat' dir='ltr'><strong>tali</strong></span> <span class='ocrx_word' id='word_1_25' title='bbox 1418 541 1511 595; x_wconf 88' lang='lat' dir='ltr'><strong>spe</strong></span> <span class='ocrx_word' id='word_1_26' title='bbox 1539 523 1710 593; x_wconf 85' lang='lat' dir='ltr'><strong>sequi,</strong></span> <span class='ocrx_word' id='word_1_27' title='bbox 1733 522 1777 577; x_wconf 91' lang='lat' dir='ltr'><strong>si</strong></span> <span class='ocrx_word' id='word_1_28' title='bbox 1798 522 1981 576; x_wconf 71' lang='lat' dir='ltr'><strong>vellet.</strong></span> 
     </span>
    </p>
   </div>
   <div class='ocr_carea' id='block_1_5' title="bbox 412 630 1983 704">
    <p class='ocr_par' dir='ltr' id='par_1_5' title="bbox 412 630 1983 704">
     <span class='ocr_line' id='line_1_5' title="bbox 412 630 1983 704; baseline -0.004 -15"><span class='ocrx_word' id='word_1_29' title='bbox 412 631 487 691; x_wconf 80' lang='lat' dir='ltr'><strong>Ut</strong></span> <span class='ocrx_word' id='word_1_30' title='bbox 538 647 721 689; x_wconf 84' lang='lat' dir='ltr'><strong>autem</strong></span> <span class='ocrx_word' id='word_1_31' title='bbox 766 637 885 704; x_wconf 81' lang='lat' dir='ltr'><strong>ejus</strong></span> <span class='ocrx_word' id='word_1_32' title='bbox 922 637 1216 704; x_wconf 75' lang='lat' dir='ltr'><strong>nequitiam</strong></span> <span class='ocrx_word' id='word_1_33' title='bbox 1248 635 1458 687; x_wconf 86' lang='lat' dir='ltr'><strong>ediscas</strong></span> <span class='ocrx_word' id='word_1_34' title='bbox 1484 633 1523 698; x_wconf 87' lang='grc'><strong>¹,</strong></span> <span class='ocrx_word' id='word_1_35' title='bbox 1557 633 1641 686; x_wconf 90' lang='lat' dir='ltr'><strong>his</strong></span> <span class='ocrx_word' id='word_1_36' title='bbox 1692 630 1895 685; x_wconf 78' lang='lat' dir='ltr'><strong>auditis</strong></span> <span class='ocrx_word' id='word_1_37' title='bbox 1925 641 1983 683; x_wconf 82' lang='lat' dir='ltr'><strong>et</strong></span> 
     </span>
    </p>
   </div>
   <div class='ocr_carea' id='block_1_6' title="bbox 406 724 1981 794">
    <p class='ocr_par' dir='ltr' id='par_1_6' title="bbox 406 724 1981 794">
     <span class='ocr_line' id='line_1_6' title="bbox 406 724 1981 794; baseline -0.005 -11"><span class='ocrx_word' id='word_1_38' title='bbox 406 727 493 783; x_wconf 84' lang='lat' dir='ltr'><strong>sic</strong></span> <span class='ocrx_word' id='word_1_39' title='bbox 528 727 842 783; x_wconf 81' lang='lat' dir='ltr'><strong>confutatus</strong></span> <span class='ocrx_word' id='word_1_40' title='bbox 867 768 883 794; x_wconf 93' lang='lat'><strong>,</strong></span> <span class='ocrx_word' id='word_1_41' title='bbox 926 743 1032 783; x_wconf 87' lang='lat' dir='ltr'><strong>non</strong></span> <span class='ocrx_word' id='word_1_42' title='bbox 1080 726 1255 784; x_wconf 91' lang='lat' dir='ltr'><strong>dixit.</strong></span> <span class='ocrx_word' id='word_1_43' title='bbox 1286 725 1365 777; x_wconf 83' lang='lat' dir='ltr'><strong>Ad</strong></span> <span class='ocrx_word' id='word_1_44' title='bbox 1401 724 1713 794; x_wconf 90' lang='lat' dir='ltr'><strong>sequendun</strong></span> <span class='ocrx_word' id='word_1_45' title='bbox 1760 733 1981 793; x_wconf 88' lang='lat' dir='ltr'><strong>paratus</strong></span> 
     </span>
    </p>
   </div>
   <div class='ocr_carea' id='block_1_7' title="bbox 404 836 1981 970">
    <p class='ocr_par' dir='ltr' id='par_1_7' title="bbox 404 836 1981 970">
     <span class='ocr_line' id='line_1_7' title="bbox 404 836 1981 970; baseline -0.007 -14"><span class='ocrx_word' id='word_1_46' title='bbox 404 836 697 955; x_wconf 46' lang='grc' dir='ltr'><strong>811ἒἈΙίιή</strong></span> <span class='ocrx_word' id='word_1_47' title='bbox 737 915 948 970; x_wconf 85' lang='lat' dir='ltr'><strong>quoque</strong></span> <span class='ocrx_word' id='word_1_48' title='bbox 976 913 1119 966; x_wconf 68' lang='lat' dir='ltr'><strong>saepe</strong></span> <span class='ocrx_word' id='word_1_49' title='bbox 1151 897 1379 966; x_wconf 90' lang='lat' dir='ltr'><strong>idipsum</strong></span> <span class='ocrx_word' id='word_1_50' title='bbox 1409 894 1653 949; x_wconf 83' lang='lat' dir='ltr'><strong>Christus</strong></span> <span class='ocrx_word' id='word_1_51' title='bbox 1687 891 1844 956; x_wconf 90' lang='lat' dir='ltr'><strong>facit;</strong></span> <span class='ocrx_word' id='word_1_52' title='bbox 1874 906 1981 946; x_wconf 92' lang='lat' dir='ltr'><strong>non</strong></span> 
     </span>
    </p>
   </div>
   <div class='ocr_carea' id='block_1_8' title="bbox 402 984 1981 1061">
    <p class='ocr_par' dir='ltr' id='par_1_8' title="bbox 402 984 1981 1061">
     <span class='ocr_line' id='line_1_8' title="bbox 402 984 1981 1061; baseline -0.004 -16"><span class='ocrx_word' id='word_1_53' title='bbox 402 1004 586 1061; x_wconf 89' lang='lat' dir='ltr'><strong>aperte</strong></span> <span class='ocrx_word' id='word_1_54' title='bbox 640 990 941 1060; x_wconf 80' lang='lat' dir='ltr'><strong>redarguit,</strong></span> <span class='ocrx_word' id='word_1_55' title='bbox 990 988 1084 1044; x_wconf 83' lang='lat' dir='ltr'><strong>sed</strong></span> <span class='ocrx_word' id='word_1_56' title='bbox 1129 1004 1192 1042; x_wconf 85' lang='lat' dir='ltr'><strong>ex</strong></span> <span class='ocrx_word' id='word_1_57' title='bbox 1236 992 1582 1056; x_wconf 89' lang='lat' dir='ltr'><strong>responsione</strong></span> <span class='ocrx_word' id='word_1_58' title='bbox 1618 984 1981 1040; x_wconf 82' lang='lat' dir='ltr'><strong>accedentium</strong></span> 
     </span>
    </p>
   </div>
   <div class='ocr_carea' id='block_1_9' title="bbox 401 1076 1983 1152">
    <p class='ocr_par' dir='ltr' id='par_1_9' title="bbox 401 1076 1983 1152">
     <span class='ocr_line' id='line_1_9' title="bbox 401 1076 1983 1152; baseline -0.004 -16"><span class='ocrx_word' id='word_1_59' title='bbox 401 1094 631 1137; x_wconf 77' lang='lat' dir='ltr'><strong>mentem</strong></span> <span class='ocrx_word' id='word_1_60' title='bbox 657 1083 844 1152; x_wconf 90' lang='lat' dir='ltr'><strong>aperit.</strong></span> <span class='ocrx_word' id='word_1_61' title='bbox 864 1082 996 1137; x_wconf 87' lang='lat' dir='ltr'><strong>Nam</strong></span> <span class='ocrx_word' id='word_1_62' title='bbox 1024 1093 1078 1136; x_wconf 89' lang='lat' dir='ltr'><strong>et</strong></span> <span class='ocrx_word' id='word_1_63' title='bbox 1109 1081 1185 1135; x_wconf 90' lang='lat' dir='ltr'><strong>illi</strong></span> <span class='ocrx_word' id='word_1_64' title='bbox 1211 1081 1296 1150; x_wconf 88' lang='lat' dir='ltr'><strong>qui</strong></span> <span class='ocrx_word' id='word_1_65' title='bbox 1324 1078 1560 1133; x_wconf 80' lang='lat' dir='ltr'><strong>dicebat:</strong></span> <span class='ocrx_word' id='word_1_66' title='bbox 1588 1076 1833 1147; x_wconf 77' lang='lat' dir='ltr'><strong>Magister</strong></span> <span class='ocrx_word' id='word_1_67' title='bbox 1859 1076 1983 1130; x_wconf 87' lang='lat' dir='ltr'><strong>bone</strong></span> 
     </span>
    </p>
   </div>
   <div class='ocr_carea' id='block_1_10' title="bbox 404 1170 1982 1246">
    <p class='ocr_par' dir='ltr' id='par_1_10' title="bbox 404 1170 1982 1246">
     <span class='ocr_line' id='line_1_10' title="bbox 404 1170 1982 1246; baseline -0.003 -17"><span class='ocrx_word' id='word_1_68' title='bbox 404 1176 568 1246; x_wconf 87' lang='lat' dir='ltr'><strong>(an.</strong></span> <span class='ocrx_word' id='word_1_69' title='bbox 602 1176 688 1231; x_wconf 82' lang='lat' dir='ltr'><strong>l8.</strong></span> <span class='ocrx_word' id='word_1_70' title='bbox 721 1177 841 1245; x_wconf 87' lang='lat' dir='ltr'><strong>l8),</strong></span> <span class='ocrx_word' id='word_1_71' title='bbox 872 1186 924 1229; x_wconf 88' lang='lat' dir='ltr'><strong>et</strong></span> <span class='ocrx_word' id='word_1_72' title='bbox 954 1191 1017 1229; x_wconf 83' lang='lat' dir='ltr'><strong>ex</strong></span> <span class='ocrx_word' id='word_1_73' title='bbox 1045 1174 1351 1229; x_wconf 86' lang='lat' dir='ltr'><strong>adulatione</strong></span> <span class='ocrx_word' id='word_1_74' title='bbox 1372 1172 1621 1241; x_wconf 87' lang='lat' dir='ltr'><strong>sperabat</strong></span> <span class='ocrx_word' id='word_1_75' title='bbox 1649 1185 1707 1225; x_wconf 92' lang='lat' dir='ltr'><strong>se</strong></span> <span class='ocrx_word' id='word_1_76' title='bbox 1732 1170 1879 1224; x_wconf 90' lang='lat' dir='ltr'><strong>illum</strong></span> <span class='ocrx_word' id='word_1_77' title='bbox 1904 1170 1982 1224; x_wconf 88' lang='lat' dir='ltr'><strong>al-</strong></span> 
     </span>
    </p>
   </div>
   <div class='ocr_carea' id='block_1_11' title="bbox 400 1262 1981 1332">
    <p class='ocr_par' dir='ltr' id='par_1_11' title="bbox 400 1262 1981 1332">
     <span class='ocr_line' id='line_1_11' title="bbox 400 1262 1981 1332; baseline -0.005 -10"><span class='ocrx_word' id='word_1_78' title='bbox 400 1268 664 1323; x_wconf 75' lang='lat' dir='ltr'><strong>lecturum</strong></span> <span class='ocrx_word' id='word_1_79' title='bbox 706 1283 825 1322; x_wconf 91' lang='lat' dir='ltr'><strong>esse</strong></span> <span class='ocrx_word' id='word_1_80' title='bbox 854 1268 918 1322; x_wconf 91' lang='lat' dir='ltr'><strong>ad</strong></span> <span class='ocrx_word' id='word_1_81' title='bbox 959 1283 1109 1321; x_wconf 90' lang='lat' dir='ltr'><strong>suam</strong></span> <span class='ocrx_word' id='word_1_82' title='bbox 1158 1266 1496 1327; x_wconf 89' lang='lat' dir='ltr'><strong>sententiam,</strong></span> <span class='ocrx_word' id='word_1_83' title='bbox 1528 1262 1801 1332; x_wconf 85' lang='lat' dir='ltr'><strong>respondit</strong></span> <span class='ocrx_word' id='word_1_84' title='bbox 1830 1280 1844 1314; x_wconf 93' lang='lat'><strong>:</strong></span> <span class='ocrx_word' id='word_1_85' title='bbox 1878 1263 1981 1315; x_wconf 78' lang='lat' dir='ltr'><strong>Cur</strong></span> 
     </span>
    </p>
   </div>
   <div class='ocr_carea' id='block_1_12' title="bbox 397 1351 1978 1423">
    <p class='ocr_par' dir='ltr' id='par_1_12' title="bbox 397 1351 1978 1423">
     <span class='ocr_line' id='line_1_12' title="bbox 397 1351 1978 1423; baseline -0.004 -11"><span class='ocrx_word' id='word_1_86' title='bbox 397 1376 479 1414; x_wconf 88' lang='lat' dir='ltr'><strong>me</strong></span> <span class='ocrx_word' id='word_1_87' title='bbox 512 1360 637 1413; x_wconf 87' lang='lat' dir='ltr'><strong>dicis</strong></span> <span class='ocrx_word' id='word_1_88' title='bbox 678 1359 903 1413; x_wconf 85' lang='lat' dir='ltr'><strong>bonum?</strong></span> <span class='ocrx_word' id='word_1_89' title='bbox 932 1358 1094 1412; x_wconf 86' lang='lat' dir='ltr'><strong>Nemo</strong></span> <span class='ocrx_word' id='word_1_90' title='bbox 1135 1359 1310 1418; x_wconf 85' lang='lat' dir='ltr'><strong>bonus,</strong></span> <span class='ocrx_word' id='word_1_91' title='bbox 1343 1356 1439 1409; x_wconf 85' lang='lat' dir='ltr'><strong>nisi</strong></span> <span class='ocrx_word' id='word_1_92' title='bbox 1476 1372 1604 1408; x_wconf 88' lang='lat' dir='ltr'><strong>unus</strong></span> <span class='ocrx_word' id='word_1_93' title='bbox 1632 1352 1770 1407; x_wconf 86' lang='lat' dir='ltr'><strong>Deus</strong></span> <span class='ocrx_word' id='word_1_94' title='bbox 1800 1351 1978 1423; x_wconf 85' lang='lat' dir='ltr'><strong>(Ibid.</strong></span> 
     </span>
    </p>
   </div>
   <div class='ocr_carea' id='block_1_13' title="bbox 397 1446 1981 1523">
    <p class='ocr_par' dir='ltr' id='par_1_13' title="bbox 397 1446 1981 1523">
     <span class='ocr_line' id='line_1_13' title="bbox 397 1446 1981 1523; baseline -0.005 -17"><span class='ocrx_word' id='word_1_95' title='bbox 397 1470 445 1507; x_wconf 78' lang='grc' dir='ltr'><strong>υ.</strong></span> <span class='ocrx_word' id='word_1_96' title='bbox 476 1453 597 1523; x_wconf 85' lang='grc'><strong>19).</strong></span> <span class='ocrx_word' id='word_1_97' title='bbox 628 1454 690 1507; x_wconf 88' lang='lat' dir='ltr'><strong>Et</strong></span> <span class='ocrx_word' id='word_1_98' title='bbox 720 1469 839 1507; x_wconf 89' lang='lat' dir='ltr'><strong>cum</strong></span> <span class='ocrx_word' id='word_1_99' title='bbox 885 1453 1125 1507; x_wconf 89' lang='lat' dir='ltr'><strong>dicerent</strong></span> <span class='ocrx_word' id='word_1_100' title='bbox 1152 1451 1221 1516; x_wconf 88' lang='lat' dir='ltr'><strong>ei,</strong></span> <span class='ocrx_word' id='word_1_101' title='bbox 1252 1448 1385 1502; x_wconf 86' lang='lat' dir='ltr'><strong>Ecce</strong></span> <span class='ocrx_word' id='word_1_102' title='bbox 1425 1458 1583 1501; x_wconf 89' lang='lat' dir='ltr'><strong>mater</strong></span> <span class='ocrx_word' id='word_1_103' title='bbox 1613 1456 1698 1499; x_wconf 88' lang='lat' dir='ltr'><strong>tua</strong></span> <span class='ocrx_word' id='word_1_104' title='bbox 1723 1456 1769 1499; x_wconf 91' lang='lat' dir='ltr'><strong>et</strong></span> <span class='ocrx_word' id='word_1_105' title='bbox 1799 1446 1981 1515; x_wconf 79' lang='lat' dir='ltr'><strong>fratres</strong></span> 
     </span>
    </p>
   </div>
   <div class='ocr_carea' id='block_1_14' title="bbox 397 1539 1977 1615">
    <p class='ocr_par' dir='ltr' id='par_1_14' title="bbox 397 1539 1977 1615">
     <span class='ocr_line' id='line_1_14' title="bbox 397 1539 1977 1615; baseline -0.006 -15"><span class='ocrx_word' id='word_1_106' title='bbox 397 1548 471 1601; x_wconf 87' lang='lat' dir='ltr'><strong>tui</strong></span> <span class='ocrx_word' id='word_1_107' title='bbox 511 1554 786 1615; x_wconf 67' lang='lat' dir='ltr'><strong>quaerentes</strong></span> <span class='ocrx_word' id='word_1_108' title='bbox 831 1555 879 1598; x_wconf 89' lang='lat' dir='ltr'><strong>te</strong></span> <span class='ocrx_word' id='word_1_109' title='bbox 907 1544 1117 1613; x_wconf 81' lang='lat' dir='ltr'><strong>(Matth.</strong></span> <span class='ocrx_word' id='word_1_110' title='bbox 1150 1542 1235 1596; x_wconf 76' lang='grc'><strong>12.</strong></span> <span class='ocrx_word' id='word_1_111' title='bbox 1273 1540 1362 1611; x_wconf 69' lang='grc'><strong>47)</strong></span> <span class='ocrx_word' id='word_1_112' title='bbox 1386 1583 1398 1601; x_wconf 86' lang='grc'><em>,</em></span> <span class='ocrx_word' id='word_1_113' title='bbox 1422 1540 1542 1609; x_wconf 90' lang='lat' dir='ltr'><strong>quia</strong></span> <span class='ocrx_word' id='word_1_114' title='bbox 1580 1539 1653 1592; x_wconf 92' lang='lat' dir='ltr'><strong>illi</strong></span> <span class='ocrx_word' id='word_1_115' title='bbox 1692 1539 1977 1592; x_wconf 89' lang='lat' dir='ltr'><strong>humanum</strong></span> 
     </span>
    </p>
   </div>
   <div class='ocr_carea' id='block_1_15' title="bbox 396 1630 1976 1707">
    <p class='ocr_par' dir='ltr' id='par_1_15' title="bbox 396 1630 1976 1707">
     <span class='ocr_line' id='line_1_15' title="bbox 396 1630 1976 1707; baseline -0.004 -18"><span class='ocrx_word' id='word_1_116' title='bbox 396 1637 521 1707; x_wconf 88' lang='lat' dir='ltr'><strong>quid</strong></span> <span class='ocrx_word' id='word_1_117' title='bbox 554 1638 887 1706; x_wconf 87' lang='lat' dir='ltr'><strong>patiebantur</strong></span> <span class='ocrx_word' id='word_1_118' title='bbox 909 1678 922 1701; x_wconf 94' lang='lat'><strong>,</strong></span> <span class='ocrx_word' id='word_1_119' title='bbox 967 1650 1138 1703; x_wconf 88' lang='lat' dir='ltr'><strong>neque</strong></span> <span class='ocrx_word' id='word_1_120' title='bbox 1167 1634 1308 1686; x_wconf 84' lang='lat' dir='ltr'><strong>utilia</strong></span> <span class='ocrx_word' id='word_1_121' title='bbox 1348 1633 1447 1685; x_wconf 90' lang='lat' dir='ltr'><strong>sibi</strong></span> <span class='ocrx_word' id='word_1_122' title='bbox 1474 1632 1657 1684; x_wconf 85' lang='lat' dir='ltr'><strong>audire</strong></span> <span class='ocrx_word' id='word_1_123' title='bbox 1696 1630 1976 1696; x_wconf 81' lang='lat' dir='ltr'><strong>Volebam,</strong></span> 
     </span>
    </p>
   </div>
   <div class='ocr_carea' id='block_1_16' title="bbox 396 1720 1979 1795">
    <p class='ocr_par' dir='ltr' id='par_1_16' title="bbox 396 1720 1979 1795">
     <span class='ocr_line' id='line_1_16' title="bbox 396 1720 1979 1795; baseline -0.003 -14"><span class='ocrx_word' id='word_1_124' title='bbox 396 1734 490 1783; x_wconf 89' lang='lat' dir='ltr'><strong>sed</strong></span> <span class='ocrx_word' id='word_1_125' title='bbox 521 1728 807 1783; x_wconf 78' lang='lat' dir='ltr'><strong>Ostendere</strong></span> <span class='ocrx_word' id='word_1_126' title='bbox 848 1742 907 1782; x_wconf 90' lang='lat' dir='ltr'><strong>se</strong></span> <span class='ocrx_word' id='word_1_127' title='bbox 942 1727 1040 1795; x_wconf 90' lang='lat' dir='ltr'><strong>ipsi</strong></span> <span class='ocrx_word' id='word_1_128' title='bbox 1069 1740 1265 1795; x_wconf 80' lang='lat' dir='ltr'><strong>genere</strong></span> <span class='ocrx_word' id='word_1_129' title='bbox 1298 1724 1567 1793; x_wconf 78' lang='lat' dir='ltr'><strong>proximos</strong></span> <span class='ocrx_word' id='word_1_130' title='bbox 1587 1737 1727 1785; x_wconf 90' lang='lat' dir='ltr'><strong>esse,</strong></span> <span class='ocrx_word' id='word_1_131' title='bbox 1752 1720 1979 1790; x_wconf 83' lang='lat' dir='ltr'><strong>hincque</strong></span> 
     </span>
    </p>
   </div>
   <div class='ocr_carea' id='block_1_17' title="bbox 397 1814 1979 1889">
    <p class='ocr_par' dir='ltr' id='par_1_17' title="bbox 397 1814 1979 1889">
     <span class='ocr_line' id='line_1_17' title="bbox 397 1814 1979 1889; baseline -0.003 -19"><span class='ocrx_word' id='word_1_132' title='bbox 397 1835 585 1873; x_wconf 86' lang='lat' dir='ltr'><strong>vanam</strong></span> <span class='ocrx_word' id='word_1_133' title='bbox 608 1819 825 1889; x_wconf 85' lang='lat' dir='ltr'><strong>gloriam</strong></span> <span class='ocrx_word' id='word_1_134' title='bbox 850 1833 1088 1886; x_wconf 86' lang='lat' dir='ltr'><strong>carpere,</strong></span> <span class='ocrx_word' id='word_1_135' title='bbox 1117 1816 1236 1869; x_wconf 90' lang='lat' dir='ltr'><strong>audi</strong></span> <span class='ocrx_word' id='word_1_136' title='bbox 1260 1815 1382 1885; x_wconf 89' lang='lat' dir='ltr'><strong>quid</strong></span> <span class='ocrx_word' id='word_1_137' title='bbox 1405 1815 1547 1868; x_wconf 90' lang='lat' dir='ltr'><strong>dicat</strong></span> <span class='ocrx_word' id='word_1_138' title='bbox 1575 1831 1587 1865; x_wconf 92' lang='lat'><strong>:</strong></span> <span class='ocrx_word' id='word_1_139' title='bbox 1622 1814 1748 1879; x_wconf 75' lang='lat' dir='ltr'><strong>Qua:</strong></span> <span class='ocrx_word' id='word_1_140' title='bbox 1773 1822 1845 1866; x_wconf 81' lang='lat' dir='ltr'><strong>est</strong></span> <span class='ocrx_word' id='word_1_141' title='bbox 1872 1829 1979 1865; x_wconf 84' lang='lat' dir='ltr'><strong>ma-</strong></span> 
     </span>
    </p>
   </div>
   <div class='ocr_carea' id='block_1_18' title="bbox 397 1903 1979 1979">
    <p class='ocr_par' dir='ltr' id='par_1_18' title="bbox 397 1903 1979 1979">
     <span class='ocr_line' id='line_1_18' title="bbox 397 1903 1979 1979; baseline -0.004 -17"><span class='ocrx_word' id='word_1_142' title='bbox 397 1922 472 1964; x_wconf 87' lang='lat' dir='ltr'><strong>ter</strong></span> <span class='ocrx_word' id='word_1_143' title='bbox 495 1927 625 1975; x_wconf 90' lang='lat' dir='ltr'><strong>mea,</strong></span> <span class='ocrx_word' id='word_1_144' title='bbox 650 1919 696 1962; x_wconf 91' lang='lat' dir='ltr'><strong>et</strong></span> <span class='ocrx_word' id='word_1_145' title='bbox 719 1910 806 1979; x_wconf 87' lang='lat' dir='ltr'><strong>qui</strong></span> <span class='ocrx_word' id='word_1_146' title='bbox 825 1918 941 1962; x_wconf 89' lang='lat' dir='ltr'><strong>sunt</strong></span> <span class='ocrx_word' id='word_1_147' title='bbox 980 1912 1163 1978; x_wconf 76' lang='lat' dir='ltr'><strong>fratres</strong></span> <span class='ocrx_word' id='word_1_148' title='bbox 1191 1908 1286 1959; x_wconf 89' lang='lat' dir='ltr'><strong>mei</strong></span> <span class='ocrx_word' id='word_1_149' title='bbox 1314 1904 1473 1974; x_wconf 89' lang='lat' dir='ltr'><strong>(Ibid.</strong></span> <span class='ocrx_word' id='word_1_150' title='bbox 1504 1922 1552 1958; x_wconf 88' lang='lat' dir='ltr'><strong>v.</strong></span> <span class='ocrx_word' id='word_1_151' title='bbox 1576 1903 1709 1970; x_wconf 69' lang='lat'><strong>48)?</strong></span> <span class='ocrx_word' id='word_1_152' title='bbox 1741 1903 1979 1971; x_wconf 85' lang='lat' dir='ltr'><strong>lpsisque</strong></span> 
     </span>
    </p>
   </div>
   <div class='ocr_carea' id='block_1_19' title="bbox 392 1995 1976 2060">
    <p class='ocr_par' dir='ltr' id='par_1_19' title="bbox 392 1995 1976 2060">
     <span class='ocr_line' id='line_1_19' title="bbox 392 1995 1976 2060; baseline -0.005 -7"><span class='ocrx_word' id='word_1_153' title='bbox 392 2002 604 2054; x_wconf 88' lang='lat' dir='ltr'><strong>demum</strong></span> <span class='ocrx_word' id='word_1_154' title='bbox 630 1998 877 2055; x_wconf 77' lang='lat' dir='ltr'><strong>fratribus</strong></span> <span class='ocrx_word' id='word_1_155' title='bbox 897 2002 1006 2053; x_wconf 88' lang='lat' dir='ltr'><strong>suis</strong></span> <span class='ocrx_word' id='word_1_156' title='bbox 1029 1998 1347 2060; x_wconf 89' lang='lat' dir='ltr'><strong>dicentibus,</strong></span> <span class='ocrx_word' id='word_1_157' title='bbox 1369 1995 1586 2050; x_wconf 83' lang='lat' dir='ltr'><strong>Ostende</strong></span> <span class='ocrx_word' id='word_1_158' title='bbox 1600 1996 1811 2059; x_wconf 84' lang='lat' dir='ltr'><strong>teipsum</strong></span> <span class='ocrx_word' id='word_1_159' title='bbox 1830 2010 1976 2046; x_wconf 82' lang='lat' dir='ltr'><strong>mun-</strong></span> 
     </span>
    </p>
   </div>
   <div class='ocr_carea' id='block_1_20' title="bbox 394 2088 1975 2160">
    <p class='ocr_par' dir='ltr' id='par_1_20' title="bbox 394 2088 1975 2160">
     <span class='ocr_line' id='line_1_20' title="bbox 394 2088 1975 2160; baseline -0.003 -16"><span class='ocrx_word' id='word_1_160' title='bbox 394 2094 460 2144; x_wconf 71' lang='lat' dir='ltr'><strong>do</strong></span> <span class='ocrx_word' id='word_1_161' title='bbox 490 2090 670 2160; x_wconf 83' lang='lat' dir='ltr'><strong>(Joan.</strong></span> <span class='ocrx_word' id='word_1_162' title='bbox 701 2092 753 2145; x_wconf 91' lang='lat'><strong>7.</strong></span> <span class='ocrx_word' id='word_1_163' title='bbox 779 2092 856 2160; x_wconf 82' lang='grc'><strong>4),</strong></span> <span class='ocrx_word' id='word_1_164' title='bbox 884 2100 941 2145; x_wconf 94' lang='lat' dir='ltr'><strong>ut</strong></span> <span class='ocrx_word' id='word_1_165' title='bbox 970 2090 1095 2144; x_wconf 90' lang='lat' dir='ltr'><strong>hinc</strong></span> <span class='ocrx_word' id='word_1_166' title='bbox 1119 2106 1307 2144; x_wconf 86' lang='lat' dir='ltr'><strong>vanam</strong></span> <span class='ocrx_word' id='word_1_167' title='bbox 1338 2089 1435 2142; x_wconf 82' lang='lat' dir='ltr'><strong>sibi</strong></span> <span class='ocrx_word' id='word_1_168' title='bbox 1460 2088 1682 2157; x_wconf 81' lang='lat' dir='ltr'><strong>gloriam</strong></span> <span class='ocrx_word' id='word_1_169' title='bbox 1709 2094 1975 2155; x_wconf 86' lang='lat' dir='ltr'><strong>parerent,</strong></span> 
     </span>
    </p>
   </div>
   <div class='ocr_carea' id='block_1_21' title="bbox 394 2182 1977 2251">
    <p class='ocr_par' dir='ltr' id='par_1_21' title="bbox 394 2182 1977 2251">
     <span class='ocr_line' id='line_1_21' title="bbox 394 2182 1977 2251; baseline -0.004 -14"><span class='ocrx_word' id='word_1_170' title='bbox 394 2184 639 2239; x_wconf 86' lang='lat' dir='ltr'><strong>dicebat:</strong></span> <span class='ocrx_word' id='word_1_171' title='bbox 686 2182 911 2237; x_wconf 79' lang='lat' dir='ltr'><strong>Vestrum</strong></span> <span class='ocrx_word' id='word_1_172' title='bbox 950 2192 1146 2251; x_wconf 83' lang='lat' dir='ltr'><strong>tempus</strong></span> <span class='ocrx_word' id='word_1_173' title='bbox 1193 2198 1387 2251; x_wconf 82' lang='lat' dir='ltr'><strong>semper</strong></span> <span class='ocrx_word' id='word_1_174' title='bbox 1411 2190 1481 2233; x_wconf 89' lang='lat' dir='ltr'><strong>est</strong></span> <span class='ocrx_word' id='word_1_175' title='bbox 1511 2188 1745 2249; x_wconf 84' lang='lat' dir='ltr'><strong>paratum</strong></span> <span class='ocrx_word' id='word_1_176' title='bbox 1771 2218 1785 2240; x_wconf 95' lang='lat'><strong>,</strong></span> <span class='ocrx_word' id='word_1_177' title='bbox 1814 2194 1977 2231; x_wconf 89' lang='lat' dir='ltr'><strong>meum</strong></span> 
     </span>
    </p>
   </div>
   <div class='ocr_carea' id='block_1_22' title="bbox 394 2270 1978 2343">
    <p class='ocr_par' dir='ltr' id='par_1_22' title="bbox 394 2270 1978 2343">
     <span class='ocr_line' id='line_1_22' title="bbox 394 2270 1978 2343; baseline -0.003 -16"><span class='ocrx_word' id='word_1_178' title='bbox 394 2285 561 2328; x_wconf 75' lang='lat' dir='ltr'><strong>autem</strong></span> <span class='ocrx_word' id='word_1_179' title='bbox 581 2274 807 2328; x_wconf 85' lang='lat' dir='ltr'><strong>nondum</strong></span> <span class='ocrx_word' id='word_1_180' title='bbox 830 2274 971 2328; x_wconf 82' lang='lat' dir='ltr'><strong>adest</strong></span> <span class='ocrx_word' id='word_1_181' title='bbox 999 2272 1159 2339; x_wconf 83' lang='lat' dir='ltr'><strong>(Ibid.</strong></span> <span class='ocrx_word' id='word_1_182' title='bbox 1183 2289 1230 2326; x_wconf 80' lang='grc' dir='ltr'><strong>υ.</strong></span> <span class='ocrx_word' id='word_1_183' title='bbox 1255 2271 1329 2343; x_wconf 86' lang='grc'><strong>6).</strong></span> <span class='ocrx_word' id='word_1_184' title='bbox 1361 2272 1461 2325; x_wconf 84' lang='lat' dir='ltr'><strong>Per</strong></span> <span class='ocrx_word' id='word_1_185' title='bbox 1485 2270 1746 2324; x_wconf 88' lang='lat' dir='ltr'><strong>contraria</strong></span> <span class='ocrx_word' id='word_1_186' title='bbox 1768 2282 1978 2338; x_wconf 87' lang='lat' dir='ltr'><strong>quoque</strong></span> 
     </span>
    </p>
   </div>
   <div class='ocr_carea' id='block_1_23' title="bbox 395 2364 1978 2443">
    <p class='ocr_par' dir='ltr' id='par_1_23' title="bbox 395 2364 1978 2443">
     <span class='ocr_line' id='line_1_23' title="bbox 395 2364 1978 2443; baseline -0.004 -19"><span class='ocrx_word' id='word_1_187' title='bbox 395 2372 622 2443; x_wconf 69' lang='lat' dir='ltr'><strong>idipsum</strong></span> <span class='ocrx_word' id='word_1_188' title='bbox 649 2373 793 2440; x_wconf 81' lang='lat' dir='ltr'><strong>facit,</strong></span> <span class='ocrx_word' id='word_1_189' title='bbox 821 2388 940 2427; x_wconf 91' lang='lat' dir='ltr'><strong>cum</strong></span> <span class='ocrx_word' id='word_1_190' title='bbox 958 2372 1026 2427; x_wconf 89' lang='lat' dir='ltr'><strong>de</strong></span> <span class='ocrx_word' id='word_1_191' title='bbox 1049 2370 1372 2425; x_wconf 86' lang='lat' dir='ltr'><strong>Nathauaele</strong></span> <span class='ocrx_word' id='word_1_192' title='bbox 1391 2368 1464 2422; x_wconf 89' lang='lat' dir='ltr'><strong>ait</strong></span> <span class='ocrx_word' id='word_1_193' title='bbox 1490 2386 1503 2421; x_wconf 91' lang='lat'><strong>:</strong></span> <span class='ocrx_word' id='word_1_194' title='bbox 1529 2366 1658 2420; x_wconf 85' lang='lat' dir='ltr'><strong>Ecce</strong></span> <span class='ocrx_word' id='word_1_195' title='bbox 1677 2382 1787 2419; x_wconf 78' lang='lat' dir='ltr'><strong>vere</strong></span> <span class='ocrx_word' id='word_1_196' title='bbox 1807 2364 1978 2419; x_wconf 85' lang='lat' dir='ltr'><strong>Israe-</strong></span> 
     </span>
    </p>
   </div>
   <div class='ocr_carea' id='block_1_24' title="bbox 396 2457 1973 2533">
    <p class='ocr_par' dir='ltr' id='par_1_24' title="bbox 396 2457 1973 2533">
     <span class='ocr_line' id='line_1_24' title="bbox 396 2457 1973 2533; baseline -0.005 -18"><span class='ocrx_word' id='word_1_197' title='bbox 396 2465 507 2527; x_wconf 84' lang='lat' dir='ltr'><strong>lita,</strong></span> <span class='ocrx_word' id='word_1_198' title='bbox 539 2464 594 2517; x_wconf 83' lang='lat' dir='ltr'><strong>in</strong></span> <span class='ocrx_word' id='word_1_199' title='bbox 636 2480 734 2533; x_wconf 74' lang='lat' dir='ltr'><strong>quo</strong></span> <span class='ocrx_word' id='word_1_200' title='bbox 772 2463 921 2517; x_wconf 82' lang='lat' dir='ltr'><strong>dolus</strong></span> <span class='ocrx_word' id='word_1_201' title='bbox 949 2478 1050 2515; x_wconf 89' lang='lat' dir='ltr'><strong>non</strong></span> <span class='ocrx_word' id='word_1_202' title='bbox 1092 2471 1164 2516; x_wconf 83' lang='lat' dir='ltr'><strong>est</strong></span> <span class='ocrx_word' id='word_1_203' title='bbox 1210 2460 1228 2532; x_wconf 97' lang='lat'><strong>(</strong></span> <span class='ocrx_word' id='word_1_204' title='bbox 1260 2460 1393 2512; x_wconf 88' lang='lat' dir='ltr'><strong>Ibid.</strong></span> <span class='ocrx_word' id='word_1_205' title='bbox 1422 2460 1471 2512; x_wconf 81' lang='lat' dir='ltr'><strong>l.</strong></span> <span class='ocrx_word' id='word_1_206' title='bbox 1505 2457 1631 2526; x_wconf 76' lang='grc'><strong>47).</strong></span> <span class='ocrx_word' id='word_1_207' title='bbox 1664 2457 1725 2510; x_wconf 87' lang='grc' dir='ltr'><strong>Ει</strong></span> <span class='ocrx_word' id='word_1_208' title='bbox 1756 2471 1934 2508; x_wconf 86' lang='lat' dir='ltr'><strong>rursus</strong></span> <span class='ocrx_word' id='word_1_209' title='bbox 1957 2496 1973 2520; x_wconf 92' lang='lat'><strong>,</strong></span> 
     </span>
    </p>
   </div>
   <div class='ocr_carea' id='block_1_25' title="bbox 400 2545 1972 2621">
    <p class='ocr_par' dir='ltr' id='par_1_25' title="bbox 400 2545 1972 2621">
     <span class='ocr_line' id='line_1_25' title="bbox 400 2545 1972 2621; baseline -0.006 -14"><span class='ocrx_word' id='word_1_210' title='bbox 400 2556 589 2609; x_wconf 61' lang='lat' dir='ltr'><strong>limites</strong></span> <span class='ocrx_word' id='word_1_211' title='bbox 613 2556 907 2609; x_wconf 86' lang='lat' dir='ltr'><strong>annuntiate</strong></span> <span class='ocrx_word' id='word_1_212' title='bbox 933 2554 1126 2608; x_wconf 84' lang='lat' dir='ltr'><strong>Joanni</strong></span> <span class='ocrx_word' id='word_1_213' title='bbox 1145 2568 1258 2621; x_wconf 78' lang='lat' dir='ltr'><strong>qua:</strong></span> <span class='ocrx_word' id='word_1_214' title='bbox 1286 2551 1499 2605; x_wconf 82' lang='lat' dir='ltr'><strong>audistis</strong></span> <span class='ocrx_word' id='word_1_215' title='bbox 1527 2559 1573 2602; x_wconf 88' lang='lat' dir='ltr'><strong>et</strong></span> <span class='ocrx_word' id='word_1_216' title='bbox 1603 2548 1794 2602; x_wconf 78' lang='lat' dir='ltr'><strong>vidistis</strong></span> <span class='ocrx_word' id='word_1_217' title='bbox 1824 2545 1972 2614; x_wconf 89' lang='lat' dir='ltr'><strong>(Luc.</strong></span> 
     </span>
    </p>
   </div>
   <div class='ocr_carea' id='block_1_26' title="bbox 396 2640 1978 2717">
    <p class='ocr_par' dir='ltr' id='par_1_26' title="bbox 396 2640 1978 2717">
     <span class='ocr_line' id='line_1_26' title="bbox 396 2640 1978 2717; baseline -0.004 -19"><span class='ocrx_word' id='word_1_218' title='bbox 396 2647 575 2715; x_wconf 69' lang='lat'><strong>7.22).</strong></span> <span class='ocrx_word' id='word_1_219' title='bbox 597 2648 777 2717; x_wconf 85' lang='lat' dir='ltr'><strong>Neque</strong></span> <span class='ocrx_word' id='word_1_220' title='bbox 798 2646 940 2702; x_wconf 87' lang='lat' dir='ltr'><strong>enim</strong></span> <span class='ocrx_word' id='word_1_221' title='bbox 969 2647 1054 2699; x_wconf 91' lang='lat' dir='ltr'><strong>hic</strong></span> <span class='ocrx_word' id='word_1_222' title='bbox 1081 2646 1275 2710; x_wconf 82' lang='lat' dir='ltr'><strong>verbis,</strong></span> <span class='ocrx_word' id='word_1_223' title='bbox 1296 2643 1386 2697; x_wconf 90' lang='lat' dir='ltr'><strong>sed</strong></span> <span class='ocrx_word' id='word_1_224' title='bbox 1416 2642 1575 2696; x_wconf 90' lang='lat' dir='ltr'><strong>menti</strong></span> <span class='ocrx_word' id='word_1_225' title='bbox 1608 2640 1864 2693; x_wconf 88' lang='lat' dir='ltr'><strong>mittentis</strong></span> <span class='ocrx_word' id='word_1_226' title='bbox 1893 2653 1978 2692; x_wconf 84' lang='lat' dir='ltr'><strong>re-</strong></span> 
     </span>
    </p>
   </div>
   <div class='ocr_carea' id='block_1_27' title="bbox 395 2730 1979 2809">
    <p class='ocr_par' dir='ltr' id='par_1_27' title="bbox 395 2730 1979 2809">
     <span class='ocr_line' id='line_1_27' title="bbox 395 2730 1979 2809; baseline -0.006 -17"><span class='ocrx_word' id='word_1_227' title='bbox 395 2740 627 2807; x_wconf 89' lang='lat' dir='ltr'><strong>spondit.</strong></span> <span class='ocrx_word' id='word_1_228' title='bbox 658 2740 991 2809; x_wconf 80' lang='lat' dir='ltr'><strong>Rursumque</strong></span> <span class='ocrx_word' id='word_1_229' title='bbox 1022 2739 1216 2807; x_wconf 91' lang='lat' dir='ltr'><strong>populo</strong></span> <span class='ocrx_word' id='word_1_230' title='bbox 1235 2734 1524 2789; x_wconf 89' lang='lat' dir='ltr'><strong>secundum</strong></span> <span class='ocrx_word' id='word_1_231' title='bbox 1549 2733 1687 2787; x_wconf 90' lang='lat' dir='ltr'><strong>illius</strong></span> <span class='ocrx_word' id='word_1_232' title='bbox 1702 2730 1979 2786; x_wconf 88' lang='lat' dir='ltr'><strong>conscien-</strong></span> 
     </span>
    </p>
   </div>
   <div class='ocr_carea' id='block_1_28' title="bbox 397 2822 1971 2900">
    <p class='ocr_par' dir='ltr' id='par_1_28' title="bbox 397 2822 1971 2900">
     <span class='ocr_line' id='line_1_28' title="bbox 397 2822 1971 2900; baseline -0.006 -17"><span class='ocrx_word' id='word_1_233' title='bbox 397 2834 519 2885; x_wconf 84' lang='lat' dir='ltr'><strong>tiam</strong></span> <span class='ocrx_word' id='word_1_234' title='bbox 549 2835 624 2884; x_wconf 85' lang='lat' dir='ltr'><strong>sic</strong></span> <span class='ocrx_word' id='word_1_235' title='bbox 653 2831 914 2900; x_wconf 87' lang='lat' dir='ltr'><strong>loquitur:</strong></span> <span class='ocrx_word' id='word_1_236' title='bbox 934 2830 1069 2895; x_wconf 84' lang='lat' dir='ltr'><strong>Quid</strong></span> <span class='ocrx_word' id='word_1_237' title='bbox 1098 2830 1268 2882; x_wconf 74' lang='lat' dir='ltr'><strong>existis</strong></span> <span class='ocrx_word' id='word_1_238' title='bbox 1282 2828 1333 2880; x_wconf 90' lang='lat' dir='ltr'><strong>in</strong></span> <span class='ocrx_word' id='word_1_239' title='bbox 1360 2826 1608 2881; x_wconf 88' lang='lat' dir='ltr'><strong>desertum</strong></span> <span class='ocrx_word' id='word_1_240' title='bbox 1627 2822 1971 2893; x_wconf 81' lang='lat' dir='ltr'><strong>videre(lbid.</strong></span> 
     </span>
    </p>
   </div>
   <div class='ocr_carea' id='block_1_29' title="bbox 397 2914 1971 2989">
    <p class='ocr_par' dir='ltr' id='par_1_29' title="bbox 397 2914 1971 2989">
     <span class='ocr_line' id='line_1_29' title="bbox 397 2914 1971 2989; baseline -0.006 -15"><span class='ocrx_word' id='word_1_241' title='bbox 397 2940 442 2974; x_wconf 71' lang='grc' dir='ltr'><strong>υ.</strong></span> <span class='ocrx_word' id='word_1_242' title='bbox 475 2922 607 2989; x_wconf 69' lang='grc' dir='ltr'><strong>24γῖ</strong></span> <span class='ocrx_word' id='word_1_243' title='bbox 636 2921 735 2988; x_wconf 91' lang='lat' dir='ltr'><strong>Qni</strong></span> <span class='ocrx_word' id='word_1_244' title='bbox 765 2921 905 2973; x_wconf 83' lang='lat' dir='ltr'><strong>enim</strong></span> <span class='ocrx_word' id='word_1_245' title='bbox 938 2921 1143 2973; x_wconf 84' lang='lat' dir='ltr'><strong>videbat</strong></span> <span class='ocrx_word' id='word_1_246' title='bbox 1171 2933 1262 2972; x_wconf 85' lang='lat' dir='ltr'><strong>eos</strong></span> <span class='ocrx_word' id='word_1_247' title='bbox 1286 2919 1351 2972; x_wconf 87' lang='lat' dir='ltr'><strong>de</strong></span> <span class='ocrx_word' id='word_1_248' title='bbox 1374 2919 1577 2973; x_wconf 79' lang='lat' dir='ltr'><strong>Joanne</strong></span> <span class='ocrx_word' id='word_1_249' title='bbox 1603 2916 1748 2984; x_wconf 88' lang='lat' dir='ltr'><strong>quasi</strong></span> <span class='ocrx_word' id='word_1_250' title='bbox 1777 2915 1843 2969; x_wconf 86' lang='lat' dir='ltr'><strong>de</strong></span> <span class='ocrx_word' id='word_1_251' title='bbox 1873 2914 1971 2967; x_wconf 90' lang='lat' dir='ltr'><strong>levi</strong></span> 
     </span>
    </p>
   </div>
   <div class='ocr_carea' id='block_1_30' title="bbox 395 3008 1972 3084">
    <p class='ocr_par' dir='ltr' id='par_1_30' title="bbox 395 3008 1972 3084">
     <span class='ocr_line' id='line_1_30' title="bbox 395 3008 1972 3084; baseline -0.006 -15"><span class='ocrx_word' id='word_1_252' title='bbox 395 3027 449 3069; x_wconf 88' lang='lat' dir='ltr'><strong>et</strong></span> <span class='ocrx_word' id='word_1_253' title='bbox 497 3015 732 3070; x_wconf 72' lang='lat' dir='ltr'><strong>versatili</strong></span> <span class='ocrx_word' id='word_1_254' title='bbox 780 3014 1009 3084; x_wconf 89' lang='lat' dir='ltr'><strong>quodam</strong></span> <span class='ocrx_word' id='word_1_255' title='bbox 1060 3013 1273 3066; x_wconf 85' lang='lat' dir='ltr'><strong>homine</strong></span> <span class='ocrx_word' id='word_1_256' title='bbox 1312 3012 1564 3080; x_wconf 89' lang='lat' dir='ltr'><strong>cogitare,</strong></span> <span class='ocrx_word' id='word_1_257' title='bbox 1613 3008 1748 3063; x_wconf 89' lang='lat' dir='ltr'><strong>hanc</strong></span> <span class='ocrx_word' id='word_1_258' title='bbox 1788 3021 1972 3062; x_wconf 90' lang='lat' dir='ltr'><strong>eorum</strong></span> 
     </span>
    </p>
   </div>
   <div class='ocr_carea' id='block_1_31' title="bbox 396 3102 1974 3175">
    <p class='ocr_par' dir='ltr' id='par_1_31' title="bbox 396 3102 1974 3175">
     <span class='ocr_line' id='line_1_31' title="bbox 396 3102 1974 3175; baseline -0.004 -18"><span class='ocrx_word' id='word_1_259' title='bbox 396 3106 701 3175; x_wconf 88' lang='lat' dir='ltr'><strong>opinionem</strong></span> <span class='ocrx_word' id='word_1_260' title='bbox 753 3107 1028 3175; x_wconf 82' lang='lat' dir='ltr'><strong>corrigens</strong></span> <span class='ocrx_word' id='word_1_261' title='bbox 1073 3105 1229 3159; x_wconf 88' lang='lat' dir='ltr'><strong>dicit:</strong></span> <span class='ocrx_word' id='word_1_262' title='bbox 1267 3103 1400 3168; x_wconf 78' lang='lat' dir='ltr'><strong>Quid</strong></span> <span class='ocrx_word' id='word_1_263' title='bbox 1426 3103 1594 3156; x_wconf 77' lang='lat' dir='ltr'><strong>existis</strong></span> <span class='ocrx_word' id='word_1_264' title='bbox 1632 3103 1683 3155; x_wconf 88' lang='lat' dir='ltr'><strong>in</strong></span> <span class='ocrx_word' id='word_1_265' title='bbox 1726 3102 1974 3154; x_wconf 86' lang='lat' dir='ltr'><strong>desertum</strong></span> 
     </span>
    </p>
   </div>
   <div class='ocr_carea' id='block_1_32' title="bbox 393 3194 1972 3269">
    <p class='ocr_par' dir='ltr' id='par_1_32' title="bbox 393 3194 1972 3269">
     <span class='ocr_line' id='line_1_32' title="bbox 393 3194 1972 3269; baseline -0.004 -16"><span class='ocrx_word' id='word_1_266' title='bbox 393 3200 600 3253; x_wconf 69' lang='lat' dir='ltr'><strong>videre?</strong></span> <span class='ocrx_word' id='word_1_267' title='bbox 626 3200 929 3253; x_wconf 82' lang='lat' dir='ltr'><strong>arundinem</strong></span> <span class='ocrx_word' id='word_1_268' title='bbox 956 3208 1100 3253; x_wconf 83' lang='lat' dir='ltr'><strong>vento</strong></span> <span class='ocrx_word' id='word_1_269' title='bbox 1126 3198 1390 3269; x_wconf 87' lang='lat' dir='ltr'><strong>agitatam,</strong></span> <span class='ocrx_word' id='word_1_270' title='bbox 1412 3206 1498 3248; x_wconf 89' lang='lat' dir='ltr'><strong>aut</strong></span> <span class='ocrx_word' id='word_1_271' title='bbox 1524 3196 1771 3249; x_wconf 83' lang='lat' dir='ltr'><strong>hominem</strong></span> <span class='ocrx_word' id='word_1_272' title='bbox 1802 3194 1972 3247; x_wconf 88' lang='lat' dir='ltr'><strong>molli-</strong></span> 
     </span>
    </p>
   </div>
   <div class='ocr_carea' id='block_1_33' title="bbox 394 3288 1974 3360">
    <p class='ocr_par' dir='ltr' id='par_1_33' title="bbox 394 3288 1974 3360">
     <span class='ocr_line' id='line_1_33' title="bbox 394 3288 1974 3360; baseline -0.003 -17"><span class='ocrx_word' id='word_1_273' title='bbox 394 3292 484 3345; x_wconf 84' lang='lat' dir='ltr'><strong>bus</strong></span> <span class='ocrx_word' id='word_1_274' title='bbox 510 3292 733 3344; x_wconf 78' lang='lat' dir='ltr'><strong>vestitum</strong></span> <span class='ocrx_word' id='word_1_275' title='bbox 752 3292 777 3343; x_wconf 75' lang='lat'><strong>.9</strong></span> <span class='ocrx_word' id='word_1_276' title='bbox 804 3306 898 3360; x_wconf 90' lang='lat' dir='ltr'><strong>per</strong></span> <span class='ocrx_word' id='word_1_277' title='bbox 927 3299 1209 3358; x_wconf 89' lang='lat' dir='ltr'><strong>utrumque</strong></span> <span class='ocrx_word' id='word_1_278' title='bbox 1238 3288 1570 3359; x_wconf 74' lang='lat' dir='ltr'><strong>significans,</strong></span> <span class='ocrx_word' id='word_1_279' title='bbox 1600 3288 1772 3356; x_wconf 90' lang='lat' dir='ltr'><strong>ipsum</strong></span> <span class='ocrx_word' id='word_1_280' title='bbox 1803 3300 1974 3355; x_wconf 89' lang='lat' dir='ltr'><strong>neque</strong></span> 
     </span>
    </p>
   </div>
   <div class='ocr_carea' id='block_1_34' title="bbox 393 3378 1945 3449">
    <p class='ocr_par' dir='ltr' id='par_1_34' title="bbox 393 3378 1945 3449">
     <span class='ocr_line' id='line_1_34' title="bbox 393 3378 1945 3449; baseline -0.003 -14"><span class='ocrx_word' id='word_1_281' title='bbox 393 3396 456 3435; x_wconf 81' lang='lat' dir='ltr'><strong>ex</strong></span> <span class='ocrx_word' id='word_1_282' title='bbox 483 3396 539 3436; x_wconf 90' lang='lat' dir='ltr'><strong>se</strong></span> <span class='ocrx_word' id='word_1_283' title='bbox 557 3382 860 3436; x_wconf 88' lang='lat' dir='ltr'><strong>versatilem</strong></span> <span class='ocrx_word' id='word_1_284' title='bbox 881 3396 1018 3445; x_wconf 85' lang='lat' dir='ltr'><strong>esse,</strong></span> <span class='ocrx_word' id='word_1_285' title='bbox 1044 3395 1215 3449; x_wconf 89' lang='lat' dir='ltr'><strong>neque</strong></span> <span class='ocrx_word' id='word_1_286' title='bbox 1242 3380 1511 3449; x_wconf 81' lang='lat' dir='ltr'><strong>voluptate</strong></span> <span class='ocrx_word' id='word_1_287' title='bbox 1540 3380 1781 3448; x_wconf 82' lang='lat' dir='ltr'><strong>quapiam</strong></span> <span class='ocrx_word' id='word_1_288' title='bbox 1807 3378 1945 3433; x_wconf 89' lang='lat' dir='ltr'><strong>emol</strong></span> 
     </span>
    </p>
   </div>
   <div class='ocr_carea' id='block_1_35' title="bbox 394 3470 1973 3542">
    <p class='ocr_par' dir='ltr' id='par_1_35' title="bbox 394 3470 1973 3542">
     <span class='ocr_line' id='line_1_35' title="bbox 394 3470 1973 3542; baseline -0.003 -15"><span class='ocrx_word' id='word_1_289' title='bbox 394 3472 648 3527; x_wconf 89' lang='lat' dir='ltr'><strong>liendum.</strong></span> <span class='ocrx_word' id='word_1_290' title='bbox 677 3472 765 3527; x_wconf 89' lang='lat' dir='ltr'><strong>Sic</strong></span> <span class='ocrx_word' id='word_1_291' title='bbox 794 3474 968 3542; x_wconf 84' lang='lat' dir='ltr'><strong>itaque</strong></span> <span class='ocrx_word' id='word_1_292' title='bbox 994 3487 1135 3527; x_wconf 92' lang='lat' dir='ltr'><strong>nunc</strong></span> <span class='ocrx_word' id='word_1_293' title='bbox 1161 3471 1451 3527; x_wconf 90' lang='lat' dir='ltr'><strong>secundum</strong></span> <span class='ocrx_word' id='word_1_294' title='bbox 1484 3479 1718 3525; x_wconf 86' lang='lat' dir='ltr'><strong>mentem</strong></span> <span class='ocrx_word' id='word_1_295' title='bbox 1748 3470 1973 3539; x_wconf 88' lang='lat' dir='ltr'><strong>loquen-</strong></span> 
     </span>
    </p>
   </div>
   <div class='ocr_carea' id='block_1_36' title="bbox 394 3562 1972 3634">
    <p class='ocr_par' dir='ltr' id='par_1_36' title="bbox 394 3562 1972 3634">
     <span class='ocr_line' id='line_1_36' title="bbox 394 3562 1972 3634; baseline 0.001 -18"><span class='ocrx_word' id='word_1_296' title='bbox 394 3564 466 3617; x_wconf 89' lang='lat' dir='ltr'><strong>tis</strong></span> <span class='ocrx_word' id='word_1_297' title='bbox 502 3565 808 3632; x_wconf 77' lang='lat' dir='ltr'><strong>reSpondet.</strong></span> <span class='ocrx_word' id='word_1_298' title='bbox 840 3566 917 3618; x_wconf 82' lang='lat' dir='ltr'><strong>Ac</strong></span> <span class='ocrx_word' id='word_1_299' title='bbox 943 3564 1063 3619; x_wconf 88' lang='lat' dir='ltr'><strong>vide</strong></span> <span class='ocrx_word' id='word_1_300' title='bbox 1088 3573 1337 3634; x_wconf 87' lang='lat' dir='ltr'><strong>quautam</strong></span> <span class='ocrx_word' id='word_1_301' title='bbox 1380 3578 1520 3617; x_wconf 88' lang='lat' dir='ltr'><strong>nunc</strong></span> <span class='ocrx_word' id='word_1_302' title='bbox 1546 3576 1757 3632; x_wconf 91' lang='lat' dir='ltr'><strong>quoque</strong></span> <span class='ocrx_word' id='word_1_303' title='bbox 1787 3562 1972 3617; x_wconf 87' lang='lat' dir='ltr'><strong>mode-</strong></span> 
     </span>
    </p>
   </div>
   <div class='ocr_carea' id='block_1_37' title="bbox 394 3654 1970 3724">
    <p class='ocr_par' dir='ltr' id='par_1_37' title="bbox 394 3654 1970 3724">
     <span class='ocr_line' id='line_1_37' title="bbox 394 3654 1970 3724; baseline -0.003 -16"><span class='ocrx_word' id='word_1_304' title='bbox 394 3654 652 3709; x_wconf 88' lang='lat' dir='ltr'><strong>rationem</strong></span> <span class='ocrx_word' id='word_1_305' title='bbox 681 3654 945 3709; x_wconf 80' lang='lat' dir='ltr'><strong>exbibeat.</strong></span> <span class='ocrx_word' id='word_1_306' title='bbox 973 3655 1153 3724; x_wconf 83' lang='lat' dir='ltr'><strong>Neque</strong></span> <span class='ocrx_word' id='word_1_307' title='bbox 1177 3655 1317 3708; x_wconf 91' lang='lat' dir='ltr'><strong>enim</strong></span> <span class='ocrx_word' id='word_1_308' title='bbox 1348 3654 1497 3720; x_wconf 84' lang='lat' dir='ltr'><strong>dicit,</strong></span> <span class='ocrx_word' id='word_1_309' title='bbox 1531 3654 1709 3708; x_wconf 87' lang='lat' dir='ltr'><strong>llabeo</strong></span> <span class='ocrx_word' id='word_1_310' title='bbox 1738 3654 1970 3722; x_wconf 89' lang='lat' dir='ltr'><strong>quidem,</strong></span> 
     </span>
    </p>
   </div>
   <div class='ocr_carea' id='block_1_38' title="bbox 396 3746 1975 3815">
    <p class='ocr_par' dir='ltr' id='par_1_38' title="bbox 396 3746 1975 3815">
     <span class='ocr_line' id='line_1_38' title="bbox 396 3746 1975 3815; baseline -0.001 -16"><span class='ocrx_word' id='word_1_311' title='bbox 396 3746 489 3799; x_wconf 83' lang='lat' dir='ltr'><strong>sed</strong></span> <span class='ocrx_word' id='word_1_312' title='bbox 510 3746 780 3814; x_wconf 83' lang='lat' dir='ltr'><strong>despicio;</strong></span> <span class='ocrx_word' id='word_1_313' title='bbox 806 3762 988 3801; x_wconf 86' lang='lat' dir='ltr'><strong>verum</strong></span> <span class='ocrx_word' id='word_1_314' title='bbox 1017 3748 1161 3810; x_wconf 86' lang='lat' dir='ltr'><strong>dicit,</strong></span> <span class='ocrx_word' id='word_1_315' title='bbox 1196 3746 1310 3800; x_wconf 84' lang='lat' dir='ltr'><strong>Non</strong></span> <span class='ocrx_word' id='word_1_316' title='bbox 1338 3746 1529 3800; x_wconf 87' lang='lat' dir='ltr'><strong>habeo.</strong></span> <span class='ocrx_word' id='word_1_317' title='bbox 1549 3746 1788 3800; x_wconf 72' lang='lat' dir='ltr'><strong>Vidistin&#39;</strong></span> <span class='ocrx_word' id='word_1_318' title='bbox 1808 3762 1975 3815; x_wconf 83' lang='lat' dir='ltr'><strong>quatt-</strong></span> 
     </span>
    </p>
   </div>
   <div class='ocr_carea' id='block_1_39' title="bbox 397 3838 1972 3908">
    <p class='ocr_par' dir='ltr' id='par_1_39' title="bbox 397 3838 1972 3908">
     <span class='ocr_line' id='line_1_39' title="bbox 397 3838 1972 3908; baseline -0.001 -17"><span class='ocrx_word' id='word_1_319' title='bbox 397 3852 504 3891; x_wconf 81' lang='lat' dir='ltr'><strong>tam</strong></span> <span class='ocrx_word' id='word_1_320' title='bbox 535 3839 923 3892; x_wconf 88' lang='lat' dir='ltr'><strong>accurationetu</strong></span> <span class='ocrx_word' id='word_1_321' title='bbox 946 3855 1066 3893; x_wconf 89' lang='lat' dir='ltr'><strong>cum</strong></span> <span class='ocrx_word' id='word_1_322' title='bbox 1096 3838 1415 3908; x_wconf 82' lang='lat' dir='ltr'><strong>indulgentia</strong></span> <span class='ocrx_word' id='word_1_323' title='bbox 1437 3838 1774 3907; x_wconf 81' lang='lat' dir='ltr'><strong>coojunctam</strong></span> <span class='ocrx_word' id='word_1_324' title='bbox 1796 3846 1972 3891; x_wconf 87' lang='lat' dir='ltr'><strong>osten-</strong></span> 
     </span>
    </p>
   </div>
   <div class='ocr_carea' id='block_1_40' title="bbox 396 3930 1975 3995">
    <p class='ocr_par' dir='ltr' id='par_1_40' title="bbox 396 3930 1975 3995">
     <span class='ocr_line' id='line_1_40' title="bbox 396 3930 1975 3995; baseline 0.001 -12"><span class='ocrx_word' id='word_1_325' title='bbox 396 3932 527 3983; x_wconf 85' lang='lat' dir='ltr'><strong>dat?</strong></span> <span class='ocrx_word' id='word_1_326' title='bbox 555 3932 619 3987; x_wconf 92' lang='lat' dir='ltr'><strong>Ut</strong></span> <span class='ocrx_word' id='word_1_327' title='bbox 645 3930 804 3986; x_wconf 88' lang='lat' dir='ltr'><strong>etiam</strong></span> <span class='ocrx_word' id='word_1_328' title='bbox 836 3948 954 3986; x_wconf 88' lang='lat' dir='ltr'><strong>cmn</strong></span> <span class='ocrx_word' id='word_1_329' title='bbox 982 3931 1288 3987; x_wconf 89' lang='lat' dir='ltr'><strong>comederet</strong></span> <span class='ocrx_word' id='word_1_330' title='bbox 1326 3941 1380 3986; x_wconf 87' lang='lat' dir='ltr'><strong>ct</strong></span> <span class='ocrx_word' id='word_1_331' title='bbox 1425 3931 1650 3995; x_wconf 86' lang='lat' dir='ltr'><strong>biberet,</strong></span> <span class='ocrx_word' id='word_1_332' title='bbox 1674 3946 1736 3985; x_wconf 84' lang='lat' dir='ltr'><strong>ac</strong></span> <span class='ocrx_word' id='word_1_333' title='bbox 1758 3940 1975 3986; x_wconf 89' lang='lat' dir='ltr'><strong>contra-</strong></span> 
     </span>
    </p>
   </div>
   <div class='ocr_carea' id='block_1_41' title="bbox 396 4025 1974 4090">
    <p class='ocr_par' dir='ltr' id='par_1_41' title="bbox 396 4025 1974 4090">
     <span class='ocr_line' id='line_1_41' title="bbox 396 4025 1974 4090; baseline -0.001 -12"><span class='ocrx_word' id='word_1_334' title='bbox 396 4027 563 4089; x_wconf 81' lang='lat' dir='ltr'><strong>riam,</strong></span> <span class='ocrx_word' id='word_1_335' title='bbox 606 4035 662 4079; x_wconf 95' lang='lat' dir='ltr'><strong>ut</strong></span> <span class='ocrx_word' id='word_1_336' title='bbox 706 4025 1007 4090; x_wconf 85' lang='lat' dir='ltr'><strong>videbatur,</strong></span> <span class='ocrx_word' id='word_1_337' title='bbox 1039 4026 1224 4081; x_wconf 79' lang='lat' dir='ltr'><strong>.loanni</strong></span> <span class='ocrx_word' id='word_1_338' title='bbox 1270 4026 1390 4079; x_wconf 62' lang='lat' dir='ltr'><strong>vitae</strong></span> <span class='ocrx_word' id='word_1_339' title='bbox 1439 4025 1697 4079; x_wconf 89' lang='lat' dir='ltr'><strong>rationem</strong></span> <span class='ocrx_word' id='word_1_340' title='bbox 1748 4032 1974 4079; x_wconf 89' lang='lat' dir='ltr'><strong>teneret.</strong></span> 
     </span>
    </p>
   </div>
   <div class='ocr_carea' id='block_1_42' title="bbox 397 4115 1976 4185">
    <p class='ocr_par' dir='ltr' id='par_1_42' title="bbox 397 4115 1976 4185">
     <span class='ocr_line' id='line_1_42' title="bbox 397 4115 1976 4185; baseline -0.001 -16"><span class='ocrx_word' id='word_1_341' title='bbox 397 4116 528 4170; x_wconf 66' lang='lat' dir='ltr'><strong>illud</strong></span> <span class='ocrx_word' id='word_1_342' title='bbox 552 4127 727 4170; x_wconf 89' lang='lat' dir='ltr'><strong>autem</strong></span> <span class='ocrx_word' id='word_1_343' title='bbox 760 4115 883 4170; x_wconf 85' lang='lat' dir='ltr'><strong>facit</strong></span> <span class='ocrx_word' id='word_1_344' title='bbox 910 4132 1007 4185; x_wconf 89' lang='lat' dir='ltr'><strong>pro</strong></span> <span class='ocrx_word' id='word_1_345' title='bbox 1034 4116 1361 4182; x_wconf 75' lang='lat' dir='ltr'><strong>Iudaeorum,</strong></span> <span class='ocrx_word' id='word_1_346' title='bbox 1394 4116 1501 4170; x_wconf 89' lang='lat' dir='ltr'><strong>imo</strong></span> <span class='ocrx_word' id='word_1_347' title='bbox 1527 4116 1687 4171; x_wconf 92' lang='lat' dir='ltr'><strong>totius</strong></span> <span class='ocrx_word' id='word_1_348' title='bbox 1713 4115 1857 4169; x_wconf 89' lang='lat' dir='ltr'><strong>orbis</strong></span> <span class='ocrx_word' id='word_1_349' title='bbox 1887 4130 1976 4168; x_wconf 87' lang='lat' dir='ltr'><strong>sa-</strong></span> 
     </span>
    </p>
   </div>
   <div class='ocr_carea' id='block_1_43' title="bbox 399 4207 1977 4277">
    <p class='ocr_par' dir='ltr' id='par_1_43' title="bbox 399 4207 1977 4277">
     <span class='ocr_line' id='line_1_43' title="bbox 399 4207 1977 4277; baseline -0.001 -16"><span class='ocrx_word' id='word_1_350' title='bbox 399 4208 541 4271; x_wconf 90' lang='lat' dir='ltr'><strong>lute,</strong></span> <span class='ocrx_word' id='word_1_351' title='bbox 575 4207 946 4261; x_wconf 82' lang='lat' dir='ltr'><strong>ha-reticorum</strong></span> <span class='ocrx_word' id='word_1_352' title='bbox 996 4208 1155 4261; x_wconf 92' lang='lat' dir='ltr'><strong>simul</strong></span> <span class='ocrx_word' id='word_1_353' title='bbox 1184 4223 1275 4261; x_wconf 92' lang='lat' dir='ltr'><strong>ora</strong></span> <span class='ocrx_word' id='word_1_354' title='bbox 1305 4207 1690 4276; x_wconf 82' lang='lat' dir='ltr'><strong>comprimens,</strong></span> <span class='ocrx_word' id='word_1_355' title='bbox 1738 4207 1977 4277; x_wconf 76' lang='lat' dir='ltr'><strong>aliosque</strong></span> 
     </span>
    </p>
   </div>
   <div class='ocr_carea' id='block_1_44' title="bbox 395 4297 1973 4368">
    <p class='ocr_par' dir='ltr' id='par_1_44' title="bbox 395 4297 1973 4368">
     <span class='ocr_line' id='line_1_44' title="bbox 395 4297 1973 4368; baseline -0.003 -16"><span class='ocrx_word' id='word_1_356' title='bbox 395 4302 484 4367; x_wconf 92' lang='lat' dir='ltr'><strong>qui</strong></span> <span class='ocrx_word' id='word_1_357' title='bbox 507 4299 725 4353; x_wconf 87' lang='lat' dir='ltr'><strong>aderant</strong></span> <span class='ocrx_word' id='word_1_358' title='bbox 748 4300 963 4367; x_wconf 90' lang='lat' dir='ltr'><strong>insuper</strong></span> <span class='ocrx_word' id='word_1_359' title='bbox 980 4298 1247 4354; x_wconf 78' lang='lat' dir='ltr'><strong>aui-abere</strong></span> <span class='ocrx_word' id='word_1_360' title='bbox 1270 4298 1508 4368; x_wconf 89' lang='lat' dir='ltr'><strong>cupiens.</strong></span> <span class='ocrx_word' id='word_1_361' title='bbox 1528 4298 1675 4352; x_wconf 80' lang='lat' dir='ltr'><strong>Alius</strong></span> <span class='ocrx_word' id='word_1_362' title='bbox 1690 4297 1973 4367; x_wconf 90' lang='lat' dir='ltr'><strong>quispiam,</strong></span> 
     </span>
    </p>
   </div>
   <div class='ocr_carea' id='block_1_45' title="bbox 395 4390 1977 4460">
    <p class='ocr_par' dir='ltr' id='par_1_45' title="bbox 395 4390 1977 4460">
     <span class='ocr_line' id='line_1_45' title="bbox 395 4390 1977 4460; baseline -0.001 -17"><span class='ocrx_word' id='word_1_363' title='bbox 395 4393 491 4452; x_wconf 85' lang='lat' dir='ltr'><strong>ait,</strong></span> <span class='ocrx_word' id='word_1_364' title='bbox 537 4391 747 4445; x_wconf 86' lang='lat' dir='ltr'><strong>dicebat</strong></span> <span class='ocrx_word' id='word_1_365' title='bbox 792 4390 885 4454; x_wconf 90' lang='lat' dir='ltr'><strong>illi,</strong></span> <span class='ocrx_word' id='word_1_366' title='bbox 915 4391 1004 4445; x_wconf 70' lang='grc'><strong>21.</strong></span> <span class='ocrx_word' id='word_1_367' title='bbox 1036 4390 1279 4453; x_wconf 83' lang='lat' dir='ltr'><strong>Domine,</strong></span> <span class='ocrx_word' id='word_1_368' title='bbox 1320 4392 1550 4460; x_wconf 75' lang='lat' dir='ltr'><strong>permitte</strong></span> <span class='ocrx_word' id='word_1_369' title='bbox 1586 4391 1709 4443; x_wconf 79' lang='lat' dir='ltr'><strong>mihi</strong></span> <span class='ocrx_word' id='word_1_370' title='bbox 1760 4392 1977 4459; x_wconf 87' lang='lat' dir='ltr'><strong>primum</strong></span> 
     </span>
    </p>
   </div>
   <div class='ocr_carea' id='block_1_46' title="bbox 398 4480 1977 4551">
    <p class='ocr_par' dir='ltr' id='par_1_46' title="bbox 398 4480 1977 4551">
     <span class='ocr_line' id='line_1_46' title="bbox 398 4480 1977 4551; baseline 0 -18"><span class='ocrx_word' id='word_1_371' title='bbox 398 4482 535 4533; x_wconf 83' lang='lat' dir='ltr'><strong>abire</strong></span> <span class='ocrx_word' id='word_1_372' title='bbox 556 4521 569 4544; x_wconf 93' lang='lat'><strong>,</strong></span> <span class='ocrx_word' id='word_1_373' title='bbox 599 4492 645 4535; x_wconf 89' lang='lat' dir='ltr'><strong>et</strong></span> <span class='ocrx_word' id='word_1_374' title='bbox 674 4480 885 4551; x_wconf 74' lang='lat' dir='ltr'><strong>sepelire</strong></span> <span class='ocrx_word' id='word_1_375' title='bbox 914 4492 1104 4548; x_wconf 84' lang='lat' dir='ltr'><strong>patrem</strong></span> <span class='ocrx_word' id='word_1_376' title='bbox 1144 4498 1328 4534; x_wconf 88' lang='lat' dir='ltr'><strong>meum.</strong></span> <span class='ocrx_word' id='word_1_377' title='bbox 1364 4480 1545 4535; x_wconf 77' lang='lat' dir='ltr'><strong>Viden’</strong></span> <span class='ocrx_word' id='word_1_378' title='bbox 1582 4481 1977 4537; x_wconf 79' lang='lat' dir='ltr'><strong>diﬂ&#39;erentiam?</strong></span> 
     </span>
    </p>
   </div>
   <div class='ocr_carea' id='block_1_47' title="bbox 400 4573 1978 4644">
    <p class='ocr_par' dir='ltr' id='par_1_47' title="bbox 400 4573 1978 4644">
     <span class='ocr_line' id='line_1_47' title="bbox 400 4573 1978 4644; baseline 0.001 -17"><span class='ocrx_word' id='word_1_379' title='bbox 400 4576 465 4627; x_wconf 73' lang='lat' dir='ltr'><strong>l-lt</strong></span> <span class='ocrx_word' id='word_1_380' title='bbox 490 4574 759 4643; x_wconf 91' lang='lat' dir='ltr'><strong>quomodo</strong></span> <span class='ocrx_word' id='word_1_381' title='bbox 801 4575 1078 4643; x_wconf 88' lang='lat' dir='ltr'><strong>impudens</strong></span> <span class='ocrx_word' id='word_1_382' title='bbox 1124 4575 1212 4629; x_wconf 88' lang='lat' dir='ltr'><strong>ille</strong></span> <span class='ocrx_word' id='word_1_383' title='bbox 1259 4573 1488 4638; x_wconf 87' lang='lat' dir='ltr'><strong>dicebat,</strong></span> <span class='ocrx_word' id='word_1_384' title='bbox 1521 4574 1719 4644; x_wconf 86' lang='lat' dir='ltr'><strong>Sequar</strong></span> <span class='ocrx_word' id='word_1_385' title='bbox 1756 4584 1822 4638; x_wconf 88' lang='lat' dir='ltr'><strong>te,</strong></span> <span class='ocrx_word' id='word_1_386' title='bbox 1849 4591 1978 4644; x_wconf 83' lang='lat' dir='ltr'><strong>quo—</strong></span> 
     </span>
    </p>
   </div>
   <div class='ocr_carea' id='block_1_48' title="bbox 400 4666 1976 4733">
    <p class='ocr_par' dir='ltr' id='par_1_48' title="bbox 400 4666 1976 4733">
     <span class='ocr_line' id='line_1_48' title="bbox 400 4666 1976 4733; baseline 0.001 -15"><span class='ocrx_word' id='word_1_387' title='bbox 400 4682 612 4731; x_wconf 80' lang='lat' dir='ltr'><strong>cumque</strong></span> <span class='ocrx_word' id='word_1_388' title='bbox 633 4666 777 4730; x_wconf 86' lang='lat' dir='ltr'><strong>ieris;</strong></span> <span class='ocrx_word' id='word_1_389' title='bbox 804 4666 889 4720; x_wconf 89' lang='lat' dir='ltr'><strong>hic</strong></span> <span class='ocrx_word' id='word_1_390' title='bbox 917 4682 1064 4729; x_wconf 88' lang='lat' dir='ltr'><strong>vero,</strong></span> <span class='ocrx_word' id='word_1_391' title='bbox 1096 4666 1194 4721; x_wconf 89' lang='lat' dir='ltr'><strong>etsi</strong></span> <span class='ocrx_word' id='word_1_392' title='bbox 1223 4681 1333 4719; x_wconf 90' lang='lat' dir='ltr'><strong>rem</strong></span> <span class='ocrx_word' id='word_1_393' title='bbox 1364 4673 1601 4720; x_wconf 87' lang='lat' dir='ltr'><strong>sanctam</strong></span> <span class='ocrx_word' id='word_1_394' title='bbox 1646 4673 1853 4733; x_wconf 89' lang='lat' dir='ltr'><strong>petens,</strong></span> <span class='ocrx_word' id='word_1_395' title='bbox 1884 4666 1976 4732; x_wconf 90' lang='lat' dir='ltr'><strong>ait,</strong></span> 
     </span>
    </p>
   </div>
   <div class='ocr_carea' id='block_1_49' title="bbox 404 4756 1981 4827">
    <p class='ocr_par' dir='ltr' id='par_1_49' title="bbox 404 4756 1981 4827">
     <span class='ocr_line' id='line_1_49' title="bbox 404 4756 1981 4827; baseline 0.001 -19"><span class='ocrx_word' id='word_1_396' title='bbox 404 4756 645 4811; x_wconf 81' lang='lat' dir='ltr'><strong>Permitte</strong></span> <span class='ocrx_word' id='word_1_397' title='bbox 683 4758 807 4811; x_wconf 69' lang='lat' dir='ltr'><strong>milii</strong></span> <span class='ocrx_word' id='word_1_398' title='bbox 829 4778 846 4821; x_wconf 88' lang='lat'><strong>,-</strong></span> <span class='ocrx_word' id='word_1_399' title='bbox 886 4774 1071 4813; x_wconf 85' lang='lat' dir='ltr'><strong>verum</strong></span> <span class='ocrx_word' id='word_1_400' title='bbox 1110 4772 1217 4812; x_wconf 85' lang='lat' dir='ltr'><strong>non</strong></span> <span class='ocrx_word' id='word_1_401' title='bbox 1257 4757 1533 4826; x_wconf 87' lang='lat' dir='ltr'><strong>permisit;</strong></span> <span class='ocrx_word' id='word_1_402' title='bbox 1562 4756 1656 4812; x_wconf 90' lang='lat' dir='ltr'><strong>sed</strong></span> <span class='ocrx_word' id='word_1_403' title='bbox 1700 4756 1826 4827; x_wconf 90' lang='lat' dir='ltr'><strong>quid</strong></span> <span class='ocrx_word' id='word_1_404' title='bbox 1870 4756 1981 4811; x_wconf 82' lang='lat' dir='ltr'><strong>ait?</strong></span> 
     </span>
    </p>
   </div>
   <div class='ocr_carea' id='block_1_50' title="bbox 397 4846 1983 4917">
    <p class='ocr_par' dir='ltr' id='par_1_50' title="bbox 397 4846 1983 4917">
     <span class='ocr_line' id='line_1_50' title="bbox 397 4846 1983 4917; baseline 0.001 -16"><span class='ocrx_word' id='word_1_405' title='bbox 397 4847 487 4901; x_wconf 64' lang='grc' dir='ltr'><strong>Ὤ.</strong></span> <span class='ocrx_word' id='word_1_406' title='bbox 523 4846 646 4901; x_wconf 85' lang='lat' dir='ltr'><strong>Sine</strong></span> <span class='ocrx_word' id='word_1_407' title='bbox 686 4858 909 4902; x_wconf 84' lang='lat' dir='ltr'><strong>mortuos</strong></span> <span class='ocrx_word' id='word_1_408' title='bbox 949 4849 1160 4917; x_wconf 76' lang='lat' dir='ltr'><strong>sepelire</strong></span> <span class='ocrx_word' id='word_1_409' title='bbox 1201 4857 1425 4902; x_wconf 87' lang='lat' dir='ltr'><strong>mortuos</strong></span> <span class='ocrx_word' id='word_1_410' title='bbox 1466 4864 1607 4914; x_wconf 86' lang='lat' dir='ltr'><strong>suos,</strong></span> <span class='ocrx_word' id='word_1_411' title='bbox 1637 4856 1689 4900; x_wconf 89' lang='lat' dir='ltr'><strong>tu</strong></span> <span class='ocrx_word' id='word_1_412' title='bbox 1714 4857 1877 4901; x_wconf 84' lang='lat' dir='ltr'><strong>autem</strong></span> <span class='ocrx_word' id='word_1_413' title='bbox 1905 4865 1983 4902; x_wconf 90' lang='lat' dir='ltr'><strong>me</strong></span> 
     </span>
    </p>
   </div>
   <div class='ocr_carea' id='block_1_51' title="bbox 403 4939 1983 5012">
    <p class='ocr_par' dir='ltr' id='par_1_51' title="bbox 403 4939 1983 5012">
     <span class='ocr_line' id='line_1_51' title="bbox 403 4939 1983 5012; baseline 0.003 -21"><span class='ocrx_word' id='word_1_414' title='bbox 403 4955 623 5010; x_wconf 53' lang='lat' dir='ltr'><strong>sequere.</strong></span> <span class='ocrx_word' id='word_1_415' title='bbox 650 4939 850 5009; x_wconf 89' lang='lat' dir='ltr'><strong>Ubique</strong></span> <span class='ocrx_word' id='word_1_416' title='bbox 873 4944 1012 4997; x_wconf 90' lang='lat' dir='ltr'><strong>enim</strong></span> <span class='ocrx_word' id='word_1_417' title='bbox 1042 4942 1365 4997; x_wconf 82' lang='lat' dir='ltr'><strong>voluntatem</strong></span> <span class='ocrx_word' id='word_1_418' title='bbox 1384 4941 1713 5012; x_wconf 86' lang='lat' dir='ltr'><strong>inspiciebat.</strong></span> <span class='ocrx_word' id='word_1_419' title='bbox 1731 4941 1838 4998; x_wconf 89' lang='lat' dir='ltr'><strong>Sed</strong></span> <span class='ocrx_word' id='word_1_420' title='bbox 1864 4958 1983 5009; x_wconf 79' lang='lat' dir='ltr'><strong>cur,</strong></span> 
     </span>
    </p>
   </div>
   <div class='ocr_carea' id='block_1_52' title="bbox 406 5031 1983 5106">
    <p class='ocr_par' dir='ltr' id='par_1_52' title="bbox 406 5031 1983 5106">
     <span class='ocr_line' id='line_1_52' title="bbox 406 5031 1983 5106; baseline 0.006 -23"><span class='ocrx_word' id='word_1_421' title='bbox 406 5031 614 5101; x_wconf 78' lang='lat' dir='ltr'><strong>inquies</strong></span> <span class='ocrx_word' id='word_1_422' title='bbox 639 5071 654 5097; x_wconf 93' lang='lat'><strong>,</strong></span> <span class='ocrx_word' id='word_1_423' title='bbox 690 5046 794 5085; x_wconf 86' lang='lat' dir='ltr'><strong>non</strong></span> <span class='ocrx_word' id='word_1_424' title='bbox 840 5034 1112 5101; x_wconf 82' lang='lat' dir='ltr'><strong>permisit?</strong></span> <span class='ocrx_word' id='word_1_425' title='bbox 1150 5034 1285 5100; x_wconf 84' lang='lat' dir='ltr'><strong>Quia</strong></span> <span class='ocrx_word' id='word_1_426' title='bbox 1324 5043 1478 5091; x_wconf 84' lang='lat' dir='ltr'><strong>erant</strong></span> <span class='ocrx_word' id='word_1_427' title='bbox 1514 5037 1601 5106; x_wconf 88' lang='lat' dir='ltr'><strong>qui</strong></span> <span class='ocrx_word' id='word_1_428' title='bbox 1649 5036 1750 5092; x_wconf 88' lang='lat' dir='ltr'><strong>hoc</strong></span> <span class='ocrx_word' id='word_1_429' title='bbox 1791 5052 1983 5092; x_wconf 90' lang='lat' dir='ltr'><strong>munus</strong></span> 
     </span>
    </p>
   </div>
   <div class='ocr_carea' id='block_1_53' title="bbox 404 5130 1985 5204">
    <p class='ocr_par' dir='ltr' id='par_1_53' title="bbox 404 5130 1985 5204">
     <span class='ocr_line' id='line_1_53' title="bbox 404 5130 1985 5204; baseline 0.003 -20"><span class='ocrx_word' id='word_1_430' title='bbox 404 5130 709 5199; x_wconf 86' lang='lat' dir='ltr'><strong>implerent,</strong></span> <span class='ocrx_word' id='word_1_431' title='bbox 751 5143 922 5199; x_wconf 87' lang='lat' dir='ltr'><strong>neque</strong></span> <span class='ocrx_word' id='word_1_432' title='bbox 966 5131 1258 5200; x_wconf 88' lang='lat' dir='ltr'><strong>insepultus</strong></span> <span class='ocrx_word' id='word_1_433' title='bbox 1302 5148 1584 5188; x_wconf 86' lang='lat' dir='ltr'><strong>mansurus</strong></span> <span class='ocrx_word' id='word_1_434' title='bbox 1623 5142 1783 5190; x_wconf 84' lang='lat' dir='ltr'><strong>erat:</strong></span> <span class='ocrx_word' id='word_1_435' title='bbox 1824 5144 1985 5204; x_wconf 88' lang='lat' dir='ltr'><strong>atque</strong></span> 
     </span>
    </p>
   </div>
   <div class='ocr_carea' id='block_1_54' title="bbox 404 5222 1979 5296">
    <p class='ocr_par' dir='ltr' id='par_1_54' title="bbox 404 5222 1979 5296">
     <span class='ocr_line' id='line_1_54' title="bbox 404 5222 1979 5296; baseline 0.001 -18"><span class='ocrx_word' id='word_1_436' title='bbox 404 5223 545 5278; x_wconf 78' lang='lat' dir='ltr'><strong>hunc</strong></span> <span class='ocrx_word' id='word_1_437' title='bbox 567 5239 630 5278; x_wconf 83' lang='lat' dir='ltr'><strong>ex</strong></span> <span class='ocrx_word' id='word_1_438' title='bbox 660 5222 821 5278; x_wconf 89' lang='lat' dir='ltr'><strong>rebus</strong></span> <span class='ocrx_word' id='word_1_439' title='bbox 841 5223 1008 5293; x_wconf 83' lang='lat' dir='ltr'><strong>magis</strong></span> <span class='ocrx_word' id='word_1_440' title='bbox 1035 5226 1347 5278; x_wconf 88' lang='lat' dir='ltr'><strong>necessariis</strong></span> <span class='ocrx_word' id='word_1_441' title='bbox 1374 5226 1527 5280; x_wconf 86' lang='lat' dir='ltr'><strong>avelli</strong></span> <span class='ocrx_word' id='word_1_442' title='bbox 1553 5240 1658 5280; x_wconf 92' lang='lat' dir='ltr'><strong>non</strong></span> <span class='ocrx_word' id='word_1_443' title='bbox 1684 5240 1820 5296; x_wconf 91' lang='lat' dir='ltr'><strong>opus</strong></span> <span class='ocrx_word' id='word_1_444' title='bbox 1847 5234 1979 5280; x_wconf 87' lang='lat' dir='ltr'><strong>erat.</strong></span> 
     </span>
    </p>
   </div>
   <div class='ocr_carea' id='block_1_55' title="bbox 404 5314 1982 5380">
    <p class='ocr_par' dir='ltr' id='par_1_55' title="bbox 404 5314 1982 5380">
     <span class='ocr_line' id='line_1_55' title="bbox 404 5314 1982 5380; baseline 0.001 -11"><span class='ocrx_word' id='word_1_445' title='bbox 404 5317 536 5369; x_wconf 75' lang='lat' dir='ltr'><strong>Cum</strong></span> <span class='ocrx_word' id='word_1_446' title='bbox 577 5314 705 5370; x_wconf 86' lang='lat' dir='ltr'><strong>dicit</strong></span> <span class='ocrx_word' id='word_1_447' title='bbox 737 5322 935 5378; x_wconf 87' lang='lat' dir='ltr'><strong>autem,</strong></span> <span class='ocrx_word' id='word_1_448' title='bbox 966 5314 1198 5368; x_wconf 83' lang='lat' dir='ltr'><strong>Mortuos</strong></span> <span class='ocrx_word' id='word_1_449' title='bbox 1238 5332 1374 5380; x_wconf 85' lang='lat' dir='ltr'><strong>suos,</strong></span> <span class='ocrx_word' id='word_1_450' title='bbox 1411 5317 1646 5371; x_wconf 89' lang='lat' dir='ltr'><strong>ostendit</strong></span> <span class='ocrx_word' id='word_1_451' title='bbox 1687 5316 1829 5372; x_wconf 90' lang='lat' dir='ltr'><strong>hunc</strong></span> <span class='ocrx_word' id='word_1_452' title='bbox 1875 5332 1982 5372; x_wconf 92' lang='lat' dir='ltr'><strong>non</strong></span> 
     </span>
    </p>
   </div>
   <div class='ocr_carea' id='block_1_56' title="bbox 407 5406 1985 5473">
    <p class='ocr_par' dir='ltr' id='par_1_56' title="bbox 407 5406 1985 5473">
     <span class='ocr_line' id='line_1_56' title="bbox 407 5406 1985 5473; baseline 0.003 -14"><span class='ocrx_word' id='word_1_453' title='bbox 407 5424 527 5463; x_wconf 74' lang='lat' dir='ltr'><strong>esse</strong></span> <span class='ocrx_word' id='word_1_454' title='bbox 550 5419 818 5461; x_wconf 90' lang='lat' dir='ltr'><strong>mortuum</strong></span> <span class='ocrx_word' id='word_1_455' title='bbox 850 5424 1003 5461; x_wconf 89' lang='lat' dir='ltr'><strong>suum</strong></span> <span class='ocrx_word' id='word_1_456' title='bbox 1032 5424 1044 5459; x_wconf 90' lang='lat'><strong>:</strong></span> <span class='ocrx_word' id='word_1_457' title='bbox 1071 5422 1193 5460; x_wconf 91' lang='lat' dir='ltr'><strong>nam</strong></span> <span class='ocrx_word' id='word_1_458' title='bbox 1227 5406 1331 5471; x_wconf 84' lang='lat' dir='ltr'><strong>hic,</strong></span> <span class='ocrx_word' id='word_1_459' title='bbox 1366 5416 1423 5461; x_wconf 89' lang='lat' dir='ltr'><strong>ut</strong></span> <span class='ocrx_word' id='word_1_460' title='bbox 1448 5407 1715 5473; x_wconf 82' lang='lat' dir='ltr'><strong>existimo,</strong></span> <span class='ocrx_word' id='word_1_461' title='bbox 1745 5416 1985 5463; x_wconf 89' lang='lat' dir='ltr'><strong>tnortuus</strong></span> 
     </span>
    </p>
   </div>
   <div class='ocr_carea' id='block_1_57' title="bbox 405 5498 1986 5569">
    <p class='ocr_par' dir='ltr' id='par_1_57' title="bbox 405 5498 1986 5569">
     <span class='ocr_line' id='line_1_57' title="bbox 405 5498 1986 5569; baseline 0.003 -18"><span class='ocrx_word' id='word_1_462' title='bbox 405 5513 471 5551; x_wconf 74' lang='lat' dir='ltr'><strong>ex</strong></span> <span class='ocrx_word' id='word_1_463' title='bbox 514 5498 802 5555; x_wconf 76' lang='lat' dir='ltr'><strong>infidelium</strong></span> <span class='ocrx_word' id='word_1_464' title='bbox 832 5515 1056 5553; x_wconf 88' lang='lat' dir='ltr'><strong>numero</strong></span> <span class='ocrx_word' id='word_1_465' title='bbox 1083 5506 1216 5552; x_wconf 82' lang='lat' dir='ltr'><strong>erat.</strong></span> <span class='ocrx_word' id='word_1_466' title='bbox 1248 5498 1299 5553; x_wconf 87' lang='lat' dir='ltr'><strong>Si</strong></span> <span class='ocrx_word' id='word_1_467' title='bbox 1341 5514 1499 5568; x_wconf 85' lang='lat' dir='ltr'><strong>porro</strong></span> <span class='ocrx_word' id='word_1_468' title='bbox 1537 5499 1785 5569; x_wconf 83' lang='lat' dir='ltr'><strong>juvenem</strong></span> <span class='ocrx_word' id='word_1_469' title='bbox 1827 5502 1986 5557; x_wconf 86' lang='lat' dir='ltr'><strong>mira-</strong></span> 
     </span>
    </p>
   </div>
   <div class='ocr_carea' id='block_1_58' title="bbox 488 5664 1303 5725">
    <p class='ocr_par' dir='ltr' id='par_1_58' title="bbox 488 5664 1303 5725">
     <span class='ocr_line' id='line_1_58' title="bbox 488 5664 1303 5725; baseline 0.013 -13"><span class='ocrx_word' id='word_1_470' title='bbox 488 5667 501 5697; x_wconf 73' lang='grc' dir='ltr'>ι</span> <span class='ocrx_word' id='word_1_471' title='bbox 526 5664 649 5717; x_wconf 65' lang='lat' dir='ltr'><strong>Vide</strong></span> <span class='ocrx_word' id='word_1_472' title='bbox 676 5679 839 5720; x_wconf 80' lang='lat' dir='ltr'><strong>notam</strong></span> <span class='ocrx_word' id='word_1_473' title='bbox 870 5670 1109 5724; x_wconf 78' lang='lat' dir='ltr'><strong>Friderici</strong></span> <span class='ocrx_word' id='word_1_474' title='bbox 1151 5674 1303 5725; x_wconf 74' lang='lat' dir='ltr'><strong>lied.</strong></span> 
     </span>
    </p>
   </div>
   <div class='ocr_carea' id='block_1_59' title="bbox 1194 216 2999 301">
    <p class='ocr_par' dir='ltr' id='par_1_59' title="bbox 1194 216 2999 301">
     <span class='ocr_line' id='line_1_59' title="bbox 1194 216 2999 301; baseline -0.003 -18"><span class='ocrx_word' id='word_1_475' title='bbox 1194 232 1247 283; x_wconf 88' lang='lat' dir='ltr'><strong>S.</strong></span> <span class='ocrx_word' id='word_1_476' title='bbox 1289 225 1565 282; x_wconf 65' lang='lat' dir='ltr'><strong>.IOANNIS</strong></span> <span class='ocrx_word' id='word_1_477' title='bbox 1602 216 2077 275; x_wconf 63' lang='grc' dir='ltr'><strong>ωιιιϊδυδίὐλιι</strong></span> <span class='ocrx_word' id='word_1_478' title='bbox 2113 218 2431 274; x_wconf 73' lang='grc' dir='ltr'><strong>ΑΙὶΟΙΠΕΡ.</strong></span> <span class='ocrx_word' id='word_1_479' title='bbox 2471 223 2999 301; x_wconf 43' lang='grc' dir='ltr'><strong>(ΣΟΝΞΤΑΝΊῘΙΝΟΡ.</strong></span> 
     </span>
    </p>
   </div>
   <div class='ocr_carea' id='block_1_60' title="bbox 3565 227 3665 284">
    <p class='ocr_par' dir='ltr' id='par_1_60' title="bbox 3565 227 3665 284">
     <span class='ocr_line' id='line_1_60' title="bbox 3565 227 3665 284; baseline 0 0"><span class='ocrx_word' id='word_1_480' title='bbox 3565 227 3665 284; x_wconf 63' lang='lat'><strong>348</strong></span> 
     </span>
    </p>
   </div>
   <div class='ocr_carea' id='block_1_61' title="bbox 2091 335 3664 411">
    <p class='ocr_par' dir='ltr' id='par_1_61' title="bbox 2091 335 3664 411">
     <span class='ocr_line' id='line_1_61' title="bbox 2091 335 3664 411; baseline 0.007 -24"><span class='ocrx_word' id='word_1_481' title='bbox 2091 335 2185 402; x_wconf 90' lang='lat' dir='ltr'><strong>ris,</strong></span> <span class='ocrx_word' id='word_1_482' title='bbox 2213 337 2353 406; x_wconf 86' lang='lat' dir='ltr'><strong>quod</strong></span> <span class='ocrx_word' id='word_1_483' title='bbox 2383 352 2478 406; x_wconf 86' lang='lat' dir='ltr'><strong>pro</strong></span> <span class='ocrx_word' id='word_1_484' title='bbox 2502 354 2561 393; x_wconf 90' lang='lat' dir='ltr'><strong>re</strong></span> <span class='ocrx_word' id='word_1_485' title='bbox 2589 348 2695 393; x_wconf 87' lang='lat' dir='ltr'><strong>tam</strong></span> <span class='ocrx_word' id='word_1_486' title='bbox 2725 340 3023 395; x_wconf 84' lang='lat' dir='ltr'><strong>necessaria</strong></span> <span class='ocrx_word' id='word_1_487' title='bbox 3050 336 3229 395; x_wconf 83' lang='lat' dir='ltr'><strong>.lesum</strong></span> <span class='ocrx_word' id='word_1_488' title='bbox 3258 342 3541 411; x_wconf 73' lang='lat' dir='ltr'><strong>rogaverit,</strong></span> <span class='ocrx_word' id='word_1_489' title='bbox 3571 360 3664 398; x_wconf 82' lang='lat' dir='ltr'><strong>ne-</strong></span> 
     </span>
    </p>
   </div>
   <div class='ocr_carea' id='block_1_62' title="bbox 2090 430 3666 503">
    <p class='ocr_par' dir='ltr' id='par_1_62' title="bbox 2090 430 3666 503">
     <span class='ocr_line' id='line_1_62' title="bbox 2090 430 3666 503; baseline 0.003 -21"><span class='ocrx_word' id='word_1_490' title='bbox 2090 444 2192 498; x_wconf 89' lang='lat' dir='ltr'><strong>que</strong></span> <span class='ocrx_word' id='word_1_491' title='bbox 2232 438 2419 498; x_wconf 90' lang='lat' dir='ltr'><strong>sponte</strong></span> <span class='ocrx_word' id='word_1_492' title='bbox 2460 430 2685 486; x_wconf 86' lang='lat' dir='ltr'><strong>abierit:</strong></span> <span class='ocrx_word' id='word_1_493' title='bbox 2717 432 2887 487; x_wconf 87' lang='lat' dir='ltr'><strong>multo</strong></span> <span class='ocrx_word' id='word_1_494' title='bbox 2919 432 3086 502; x_wconf 89' lang='lat' dir='ltr'><strong>magis</strong></span> <span class='ocrx_word' id='word_1_495' title='bbox 3120 433 3329 497; x_wconf 88' lang='lat' dir='ltr'><strong>mirare,</strong></span> <span class='ocrx_word' id='word_1_496' title='bbox 3364 434 3504 503; x_wconf 85' lang='lat' dir='ltr'><strong>quod</strong></span> <span class='ocrx_word' id='word_1_497' title='bbox 3548 451 3666 503; x_wconf 88' lang='lat' dir='ltr'><strong>pro-</strong></span> 
     </span>
    </p>
   </div>
   <div class='ocr_carea' id='block_1_63' title="bbox 2090 522 3664 595">
    <p class='ocr_par' dir='ltr' id='par_1_63' title="bbox 2090 522 3664 595">
     <span class='ocr_line' id='line_1_63' title="bbox 2090 522 3664 595; baseline 0.003 -19"><span class='ocrx_word' id='word_1_498' title='bbox 2090 522 2287 577; x_wconf 83' lang='lat' dir='ltr'><strong>hibitus</strong></span> <span class='ocrx_word' id='word_1_499' title='bbox 2330 525 2603 578; x_wconf 89' lang='lat' dir='ltr'><strong>manserit.</strong></span> <span class='ocrx_word' id='word_1_500' title='bbox 2641 525 2833 579; x_wconf 81' lang='lat' dir='ltr'><strong>Annon</strong></span> <span class='ocrx_word' id='word_1_501' title='bbox 2857 567 2872 591; x_wconf 93' lang='lat'><strong>,</strong></span> <span class='ocrx_word' id='word_1_502' title='bbox 2904 525 3145 594; x_wconf 89' lang='lat' dir='ltr'><strong>inquies,</strong></span> <span class='ocrx_word' id='word_1_503' title='bbox 3190 526 3528 595; x_wconf 81' lang='lat' dir='ltr'><strong>ingratissimi</strong></span> <span class='ocrx_word' id='word_1_504' title='bbox 3571 529 3664 582; x_wconf 77' lang='lat' dir='ltr'><strong>lilii</strong></span> 
     </span>
    </p>
   </div>
   <div class='ocr_carea' id='block_1_64' title="bbox 2088 616 3665 688">
    <p class='ocr_par' dir='ltr' id='par_1_64' title="bbox 2088 616 3665 688">
     <span class='ocr_line' id='line_1_64' title="bbox 2088 616 3665 688; baseline 0.001 -19"><span class='ocrx_word' id='word_1_505' title='bbox 2088 624 2223 679; x_wconf 89' lang='lat' dir='ltr'><strong>erat,</strong></span> <span class='ocrx_word' id='word_1_506' title='bbox 2257 616 2421 684; x_wconf 84' lang='lat' dir='ltr'><strong>patris</strong></span> <span class='ocrx_word' id='word_1_507' title='bbox 2444 616 2710 685; x_wconf 79' lang='lat' dir='ltr'><strong>exsequiis</strong></span> <span class='ocrx_word' id='word_1_508' title='bbox 2738 632 2843 670; x_wconf 93' lang='lat' dir='ltr'><strong>non</strong></span> <span class='ocrx_word' id='word_1_509' title='bbox 2888 616 3185 673; x_wconf 88' lang='lat' dir='ltr'><strong>interesse?</strong></span> <span class='ocrx_word' id='word_1_510' title='bbox 3216 618 3271 671; x_wconf 91' lang='lat' dir='ltr'><strong>Si</strong></span> <span class='ocrx_word' id='word_1_511' title='bbox 3316 618 3365 672; x_wconf 92' lang='lat' dir='ltr'><strong>id</strong></span> <span class='ocrx_word' id='word_1_512' title='bbox 3398 633 3462 671; x_wconf 79' lang='lat' dir='ltr'><strong>ex</strong></span> <span class='ocrx_word' id='word_1_513' title='bbox 3496 620 3665 688; x_wconf 84' lang='lat' dir='ltr'><strong>negli-</strong></span> 
     </span>
    </p>
   </div>
   <div class='ocr_carea' id='block_1_65' title="bbox 2086 705 3665 777">
    <p class='ocr_par' dir='ltr' id='par_1_65' title="bbox 2086 705 3665 777">
     <span class='ocr_line' id='line_1_65' title="bbox 2086 705 3665 777; baseline 0.004 -19"><span class='ocrx_word' id='word_1_514' title='bbox 2086 706 2262 773; x_wconf 79' lang='lat' dir='ltr'><strong>gentia</strong></span> <span class='ocrx_word' id='word_1_515' title='bbox 2306 705 2538 771; x_wconf 84' lang='lat' dir='ltr'><strong>fecisset,</strong></span> <span class='ocrx_word' id='word_1_516' title='bbox 2572 707 2760 777; x_wconf 82' lang='lat' dir='ltr'><strong>ingrati</strong></span> <span class='ocrx_word' id='word_1_517' title='bbox 2788 709 2950 761; x_wconf 87' lang='lat' dir='ltr'><strong>animi</strong></span> <span class='ocrx_word' id='word_1_518' title='bbox 2978 708 3211 763; x_wconf 83' lang='lat' dir='ltr'><strong>futurum</strong></span> <span class='ocrx_word' id='word_1_519' title='bbox 3239 719 3383 769; x_wconf 87' lang='lat' dir='ltr'><strong>erat;</strong></span> <span class='ocrx_word' id='word_1_520' title='bbox 3413 710 3459 763; x_wconf 91' lang='lat' dir='ltr'><strong>si</strong></span> <span class='ocrx_word' id='word_1_521' title='bbox 3486 721 3665 765; x_wconf 84' lang='lat' dir='ltr'><strong>autent</strong></span> 
     </span>
    </p>
   </div>
   <div class='ocr_carea' id='block_1_66' title="bbox 2089 802 3668 872">
    <p class='ocr_par' dir='ltr' id='par_1_66' title="bbox 2089 802 3668 872">
     <span class='ocr_line' id='line_1_66' title="bbox 2089 802 3668 872; baseline 0.003 -17"><span class='ocrx_word' id='word_1_522' title='bbox 2089 816 2173 855; x_wconf 90' lang='lat' dir='ltr'><strong>res</strong></span> <span class='ocrx_word' id='word_1_523' title='bbox 2216 803 2384 871; x_wconf 87' lang='lat' dir='ltr'><strong>magis</strong></span> <span class='ocrx_word' id='word_1_524' title='bbox 2427 802 2722 858; x_wconf 86' lang='lat' dir='ltr'><strong>necessaria</strong></span> <span class='ocrx_word' id='word_1_525' title='bbox 2759 803 3004 866; x_wconf 90' lang='lat' dir='ltr'><strong>instabat,</strong></span> <span class='ocrx_word' id='word_1_526' title='bbox 3048 803 3399 872; x_wconf 87' lang='lat' dir='ltr'><strong>improbitatis</strong></span> <span class='ocrx_word' id='word_1_527' title='bbox 3440 820 3668 859; x_wconf 74' lang='lat' dir='ltr'><strong>summa:</strong></span> 
     </span>
    </p>
   </div>
   <div class='ocr_carea' id='block_1_67' title="bbox 2086 890 3664 965">
    <p class='ocr_par' dir='ltr' id='par_1_67' title="bbox 2086 890 3664 965">
     <span class='ocr_line' id='line_1_67' title="bbox 2086 890 3664 965; baseline 0.001 -20"><span class='ocrx_word' id='word_1_528' title='bbox 2086 890 2245 946; x_wconf 88' lang='lat' dir='ltr'><strong>fuerit</strong></span> <span class='ocrx_word' id='word_1_529' title='bbox 2273 893 2488 948; x_wconf 84' lang='lat' dir='ltr'><strong>abiisse.</strong></span> <span class='ocrx_word' id='word_1_530' title='bbox 2519 894 2650 948; x_wconf 86' lang='lat' dir='ltr'><strong>Nam</strong></span> <span class='ocrx_word' id='word_1_531' title='bbox 2677 894 2832 949; x_wconf 85' lang='lat' dir='ltr'><strong>Jesus</strong></span> <span class='ocrx_word' id='word_1_532' title='bbox 2871 894 2922 949; x_wconf 91' lang='lat' dir='ltr'><strong>id</strong></span> <span class='ocrx_word' id='word_1_533' title='bbox 2951 894 3222 965; x_wconf 88' lang='lat' dir='ltr'><strong>prohibuit</strong></span> <span class='ocrx_word' id='word_1_534' title='bbox 3246 895 3367 964; x_wconf 89' lang='lat' dir='ltr'><strong>ipsi,</strong></span> <span class='ocrx_word' id='word_1_535' title='bbox 3390 910 3494 950; x_wconf 89' lang='lat' dir='ltr'><strong>non</strong></span> <span class='ocrx_word' id='word_1_536' title='bbox 3520 895 3664 965; x_wconf 91' lang='lat' dir='ltr'><strong>quod</strong></span> 
     </span>
    </p>
   </div>
   <div class='ocr_carea' id='block_1_68' title="bbox 2081 982 3664 1055">
    <p class='ocr_par' dir='ltr' id='par_1_68' title="bbox 2081 982 3664 1055">
     <span class='ocr_line' id='line_1_68' title="bbox 2081 982 3664 1055; baseline 0.005 -22"><span class='ocrx_word' id='word_1_537' title='bbox 2081 982 2292 1051; x_wconf 87' lang='lat' dir='ltr'><strong>juberet</strong></span> <span class='ocrx_word' id='word_1_538' title='bbox 2315 985 2568 1041; x_wconf 81' lang='lat' dir='ltr'><strong>honorem</strong></span> <span class='ocrx_word' id='word_1_539' title='bbox 2597 987 2900 1055; x_wconf 86' lang='lat' dir='ltr'><strong>parentibus</strong></span> <span class='ocrx_word' id='word_1_540' title='bbox 2928 986 3162 1040; x_wconf 90' lang='lat' dir='ltr'><strong>dcbitmn</strong></span> <span class='ocrx_word' id='word_1_541' title='bbox 3193 994 3552 1050; x_wconf 84' lang='lat' dir='ltr'><strong>contemnere,</strong></span> <span class='ocrx_word' id='word_1_542' title='bbox 3570 988 3664 1041; x_wconf 87' lang='lat' dir='ltr'><strong>sed</strong></span> 
     </span>
    </p>
   </div>
   <div class='ocr_carea' id='block_1_69' title="bbox 2086 1078 3662 1147">
    <p class='ocr_par' dir='ltr' id='par_1_69' title="bbox 2086 1078 3662 1147">
     <span class='ocr_line' id='line_1_69' title="bbox 2086 1078 3662 1147; baseline -0.001 -17"><span class='ocrx_word' id='word_1_543' title='bbox 2086 1088 2141 1130; x_wconf 92' lang='lat' dir='ltr'><strong>ut</strong></span> <span class='ocrx_word' id='word_1_544' title='bbox 2186 1078 2512 1143; x_wconf 87' lang='lat' dir='ltr'><strong>ostenderet,</strong></span> <span class='ocrx_word' id='word_1_545' title='bbox 2544 1078 2674 1133; x_wconf 91' lang='lat' dir='ltr'><strong>nihil</strong></span> <span class='ocrx_word' id='word_1_546' title='bbox 2726 1079 2876 1133; x_wconf 87' lang='lat' dir='ltr'><strong>nobis</strong></span> <span class='ocrx_word' id='word_1_547' title='bbox 2915 1095 3065 1147; x_wconf 68' lang='lat' dir='ltr'><strong>seque</strong></span> <span class='ocrx_word' id='word_1_548' title='bbox 3106 1078 3463 1132; x_wconf 89' lang='lat' dir='ltr'><strong>necessarium</strong></span> <span class='ocrx_word' id='word_1_549' title='bbox 3510 1093 3662 1144; x_wconf 77' lang='lat' dir='ltr'><strong>CSSc,</strong></span> 
     </span>
    </p>
   </div>
   <div class='ocr_carea' id='block_1_70' title="bbox 2084 1172 3664 1243">
    <p class='ocr_par' dir='ltr' id='par_1_70' title="bbox 2084 1172 3664 1243">
     <span class='ocr_line' id='line_1_70' title="bbox 2084 1172 3664 1243; baseline 0 -17"><span class='ocrx_word' id='word_1_550' title='bbox 2084 1182 2243 1243; x_wconf 90' lang='lat' dir='ltr'><strong>atque</strong></span> <span class='ocrx_word' id='word_1_551' title='bbox 2266 1188 2350 1227; x_wconf 90' lang='lat' dir='ltr'><strong>res</strong></span> <span class='ocrx_word' id='word_1_552' title='bbox 2375 1174 2637 1239; x_wconf 67' lang='lat' dir='ltr'><strong>cwlcstes,</strong></span> <span class='ocrx_word' id='word_1_553' title='bbox 2671 1174 2841 1243; x_wconf 88' lang='lat' dir='ltr'><strong>iisque</strong></span> <span class='ocrx_word' id='word_1_554' title='bbox 2866 1187 3070 1227; x_wconf 89' lang='lat' dir='ltr'><strong>sunnna</strong></span> <span class='ocrx_word' id='word_1_555' title='bbox 3097 1189 3218 1226; x_wconf 83' lang='lat' dir='ltr'><strong>cum</strong></span> <span class='ocrx_word' id='word_1_556' title='bbox 3240 1172 3505 1242; x_wconf 81' lang='lat' dir='ltr'><strong>diligentia</strong></span> <span class='ocrx_word' id='word_1_557' title='bbox 3544 1186 3664 1226; x_wconf 89' lang='lat' dir='ltr'><strong>esse</strong></span> 
     </span>
    </p>
   </div>
   <div class='ocr_carea' id='block_1_71' title="bbox 2087 1262 3663 1328">
    <p class='ocr_par' dir='ltr' id='par_1_71' title="bbox 2087 1262 3663 1328">
     <span class='ocr_line' id='line_1_71' title="bbox 2087 1262 3663 1328; baseline 0.002 -13"><span class='ocrx_word' id='word_1_558' title='bbox 2087 1262 2517 1328; x_wconf 89' lang='lat' dir='ltr'><strong>incumbendum,</strong></span> <span class='ocrx_word' id='word_1_559' title='bbox 2542 1280 2640 1319; x_wconf 92' lang='lat' dir='ltr'><strong>nec</strong></span> <span class='ocrx_word' id='word_1_560' title='bbox 2668 1265 2748 1318; x_wconf 90' lang='lat' dir='ltr'><strong>vel</strong></span> <span class='ocrx_word' id='word_1_561' title='bbox 2774 1264 3036 1319; x_wconf 85' lang='lat' dir='ltr'><strong>tantillum</strong></span> <span class='ocrx_word' id='word_1_562' title='bbox 3066 1263 3433 1324; x_wconf 81' lang='lat' dir='ltr'><strong>dill&#39;ercndum,</strong></span> <span class='ocrx_word' id='word_1_563' title='bbox 3455 1265 3663 1318; x_wconf 84' lang='lat' dir='ltr'><strong>etiamsi</strong></span> 
     </span>
    </p>
   </div>
   <div class='ocr_carea' id='block_1_72' title="bbox 2084 1356 3661 1428">
    <p class='ocr_par' dir='ltr' id='par_1_72' title="bbox 2084 1356 3661 1428">
     <span class='ocr_line' id='line_1_72' title="bbox 2084 1356 3661 1428; baseline 0.002 -19"><span class='ocrx_word' id='word_1_564' title='bbox 2084 1356 2368 1412; x_wconf 88' lang='lat' dir='ltr'><strong>admodum</strong></span> <span class='ocrx_word' id='word_1_565' title='bbox 2407 1360 2646 1428; x_wconf 87' lang='lat' dir='ltr'><strong>urgentia</strong></span> <span class='ocrx_word' id='word_1_566' title='bbox 2677 1358 2957 1414; x_wconf 89' lang='lat' dir='ltr'><strong>videantur</strong></span> <span class='ocrx_word' id='word_1_567' title='bbox 2997 1374 3115 1414; x_wconf 89' lang='lat' dir='ltr'><strong>esse</strong></span> <span class='ocrx_word' id='word_1_568' title='bbox 3151 1374 3213 1413; x_wconf 91' lang='lat' dir='ltr'><strong>ea</strong></span> <span class='ocrx_word' id='word_1_569' title='bbox 3255 1374 3371 1428; x_wconf 77' lang='lat' dir='ltr'><strong>qua:</strong></span> <span class='ocrx_word' id='word_1_570' title='bbox 3408 1358 3513 1412; x_wconf 87' lang='lat' dir='ltr'><strong>alio</strong></span> <span class='ocrx_word' id='word_1_571' title='bbox 3550 1369 3661 1412; x_wconf 87' lang='lat' dir='ltr'><strong>tra-</strong></span> 
     </span>
    </p>
   </div>
   <div class='ocr_carea' id='block_1_73' title="bbox 2085 1450 3662 1521">
    <p class='ocr_par' dir='ltr' id='par_1_73' title="bbox 2085 1450 3662 1521">
     <span class='ocr_line' id='line_1_73' title="bbox 2085 1450 3662 1521; baseline -0.001 -16"><span class='ocrx_word' id='word_1_572' title='bbox 2085 1450 2235 1505; x_wconf 87' lang='lat' dir='ltr'><strong>bunt.</strong></span> <span class='ocrx_word' id='word_1_573' title='bbox 2270 1450 2405 1517; x_wconf 85' lang='lat' dir='ltr'><strong>Quid</strong></span> <span class='ocrx_word' id='word_1_574' title='bbox 2435 1451 2575 1505; x_wconf 88' lang='lat' dir='ltr'><strong>enim</strong></span> <span class='ocrx_word' id='word_1_575' title='bbox 2617 1452 2784 1521; x_wconf 88' lang='lat' dir='ltr'><strong>magis</strong></span> <span class='ocrx_word' id='word_1_576' title='bbox 2828 1452 3185 1507; x_wconf 88' lang='lat' dir='ltr'><strong>necessarium</strong></span> <span class='ocrx_word' id='word_1_577' title='bbox 3207 1491 3222 1515; x_wconf 93' lang='lat'><strong>,</strong></span> <span class='ocrx_word' id='word_1_578' title='bbox 3250 1465 3406 1520; x_wconf 89' lang='lat' dir='ltr'><strong>quam</strong></span> <span class='ocrx_word' id='word_1_579' title='bbox 3433 1450 3662 1519; x_wconf 86' lang='lat' dir='ltr'><strong>sepelire</strong></span> 
     </span>
    </p>
   </div>
   <div class='ocr_carea' id='block_1_74' title="bbox 2084 1542 3663 1612">
    <p class='ocr_par' dir='ltr' id='par_1_74' title="bbox 2084 1542 3663 1612">
     <span class='ocr_line' id='line_1_74' title="bbox 2084 1542 3663 1612; baseline -0.001 -15"><span class='ocrx_word' id='word_1_580' title='bbox 2084 1543 2326 1611; x_wconf 87' lang='lat' dir='ltr'><strong>patrem?</strong></span> <span class='ocrx_word' id='word_1_581' title='bbox 2348 1543 2473 1612; x_wconf 90' lang='lat' dir='ltr'><strong>quid</strong></span> <span class='ocrx_word' id='word_1_582' title='bbox 2509 1542 2750 1597; x_wconf 80' lang='lat' dir='ltr'><strong>facilius?</strong></span> <span class='ocrx_word' id='word_1_583' title='bbox 2787 1542 2969 1612; x_wconf 84' lang='lat' dir='ltr'><strong>Neque</strong></span> <span class='ocrx_word' id='word_1_584' title='bbox 2992 1542 3133 1598; x_wconf 91' lang='lat' dir='ltr'><strong>enim</strong></span> <span class='ocrx_word' id='word_1_585' title='bbox 3159 1543 3379 1597; x_wconf 91' lang='lat' dir='ltr'><strong>multum</strong></span> <span class='ocrx_word' id='word_1_586' title='bbox 3408 1542 3663 1612; x_wconf 87' lang='lat' dir='ltr'><strong>temporis</strong></span> 
     </span>
    </p>
   </div>
   <div class='ocr_carea' id='block_1_75' title="bbox 2083 1631 3661 1703">
    <p class='ocr_par' dir='ltr' id='par_1_75' title="bbox 2083 1631 3661 1703">
     <span class='ocr_line' id='line_1_75' title="bbox 2083 1631 3661 1703; baseline -0.003 -15"><span class='ocrx_word' id='word_1_587' title='bbox 2083 1632 2453 1688; x_wconf 90' lang='lat' dir='ltr'><strong>insumendum</strong></span> <span class='ocrx_word' id='word_1_588' title='bbox 2479 1641 2614 1689; x_wconf 84' lang='lat' dir='ltr'><strong>erat.</strong></span> <span class='ocrx_word' id='word_1_589' title='bbox 2646 1633 2700 1688; x_wconf 87' lang='lat' dir='ltr'><strong>Si</strong></span> <span class='ocrx_word' id='word_1_590' title='bbox 2731 1647 2891 1703; x_wconf 91' lang='lat' dir='ltr'><strong>porro</strong></span> <span class='ocrx_word' id='word_1_591' title='bbox 2921 1648 3025 1687; x_wconf 93' lang='lat' dir='ltr'><strong>non</strong></span> <span class='ocrx_word' id='word_1_592' title='bbox 3062 1641 3266 1687; x_wconf 89' lang='lat' dir='ltr'><strong>tantum</strong></span> <span class='ocrx_word' id='word_1_593' title='bbox 3296 1631 3549 1701; x_wconf 88' lang='lat' dir='ltr'><strong>temporis</strong></span> <span class='ocrx_word' id='word_1_594' title='bbox 3575 1631 3661 1684; x_wconf 91' lang='lat' dir='ltr'><strong>in-</strong></span> 
     </span>
    </p>
   </div>
   <div class='ocr_carea' id='block_1_76' title="bbox 2081 1725 3663 1797">
    <p class='ocr_par' dir='ltr' id='par_1_76' title="bbox 2081 1725 3663 1797">
     <span class='ocr_line' id='line_1_76' title="bbox 2081 1725 3663 1797; baseline -0.003 -15"><span class='ocrx_word' id='word_1_595' title='bbox 2081 1742 2297 1782; x_wconf 88' lang='lat' dir='ltr'><strong>sumere</strong></span> <span class='ocrx_word' id='word_1_596' title='bbox 2324 1727 2447 1782; x_wconf 88' lang='lat' dir='ltr'><strong>licet</strong></span> <span class='ocrx_word' id='word_1_597' title='bbox 2471 1734 2726 1797; x_wconf 91' lang='lat' dir='ltr'><strong>quantum</strong></span> <span class='ocrx_word' id='word_1_598' title='bbox 2752 1727 2818 1780; x_wconf 91' lang='lat' dir='ltr'><strong>ad</strong></span> <span class='ocrx_word' id='word_1_599' title='bbox 2850 1725 3213 1795; x_wconf 89' lang='lat' dir='ltr'><strong>sepeliendum</strong></span> <span class='ocrx_word' id='word_1_600' title='bbox 3241 1735 3443 1794; x_wconf 89' lang='lat' dir='ltr'><strong>patrem</strong></span> <span class='ocrx_word' id='word_1_601' title='bbox 3467 1732 3551 1779; x_wconf 87' lang='lat' dir='ltr'><strong>est</strong></span> <span class='ocrx_word' id='word_1_602' title='bbox 3568 1739 3663 1778; x_wconf 87' lang='lat' dir='ltr'><strong>ne-</strong></span> 
     </span>
    </p>
   </div>
   <div class='ocr_carea' id='block_1_77' title="bbox 2081 1815 3661 1887">
    <p class='ocr_par' dir='ltr' id='par_1_77' title="bbox 2081 1815 3661 1887">
     <span class='ocr_line' id='line_1_77' title="bbox 2081 1815 3661 1887; baseline -0.004 -13"><span class='ocrx_word' id='word_1_603' title='bbox 2081 1819 2392 1885; x_wconf 85' lang='lat' dir='ltr'><strong>cessarium,</strong></span> <span class='ocrx_word' id='word_1_604' title='bbox 2423 1826 2479 1874; x_wconf 91' lang='lat' dir='ltr'><strong>et</strong></span> <span class='ocrx_word' id='word_1_605' title='bbox 2496 1818 2540 1873; x_wconf 92' lang='lat' dir='ltr'><strong>si</strong></span> <span class='ocrx_word' id='word_1_606' title='bbox 2571 1833 2640 1873; x_wconf 89' lang='lat' dir='ltr'><strong>ne</strong></span> <span class='ocrx_word' id='word_1_607' title='bbox 2662 1818 2865 1873; x_wconf 90' lang='lat' dir='ltr'><strong>tantillo</strong></span> <span class='ocrx_word' id='word_1_608' title='bbox 2888 1817 3103 1887; x_wconf 91' lang='lat' dir='ltr'><strong>quidem</strong></span> <span class='ocrx_word' id='word_1_609' title='bbox 3145 1828 3383 1886; x_wconf 89' lang='lat' dir='ltr'><strong>tempore</strong></span> <span class='ocrx_word' id='word_1_610' title='bbox 3407 1815 3661 1885; x_wconf 78' lang='lat' dir='ltr'><strong>Spiritua-</strong></span> 
     </span>
    </p>
   </div>
   <div class='ocr_carea' id='block_1_78' title="bbox 2082 1905 3661 1980">
    <p class='ocr_par' dir='ltr' id='par_1_78' title="bbox 2082 1905 3661 1980">
     <span class='ocr_line' id='line_1_78' title="bbox 2082 1905 3661 1980; baseline -0.003 -16"><span class='ocrx_word' id='word_1_611' title='bbox 2082 1910 2153 1965; x_wconf 91' lang='lat' dir='ltr'><strong>lia</strong></span> <span class='ocrx_word' id='word_1_612' title='bbox 2184 1910 2486 1980; x_wconf 86' lang='lat' dir='ltr'><strong>relinquere</strong></span> <span class='ocrx_word' id='word_1_613' title='bbox 2524 1917 2691 1963; x_wconf 90' lang='lat' dir='ltr'><strong>tutum</strong></span> <span class='ocrx_word' id='word_1_614' title='bbox 2732 1917 2816 1964; x_wconf 89' lang='lat' dir='ltr'><strong>est</strong></span> <span class='ocrx_word' id='word_1_615' title='bbox 2845 1926 2859 1963; x_wconf 93' lang='lat'><strong>:</strong></span> <span class='ocrx_word' id='word_1_616' title='bbox 2890 1909 3062 1979; x_wconf 85' lang='lat' dir='ltr'><strong>cogita</strong></span> <span class='ocrx_word' id='word_1_617' title='bbox 3086 1907 3279 1979; x_wconf 86' lang='lat' dir='ltr'><strong>quibus</strong></span> <span class='ocrx_word' id='word_1_618' title='bbox 3321 1906 3487 1961; x_wconf 90' lang='lat' dir='ltr'><strong>simus</strong></span> <span class='ocrx_word' id='word_1_619' title='bbox 3516 1905 3661 1975; x_wconf 87' lang='lat' dir='ltr'><strong>digni</strong></span> 
     </span>
    </p>
   </div>
   <div class='ocr_carea' id='block_1_79' title="bbox 2083 1997 3661 2073">
    <p class='ocr_par' dir='ltr' id='par_1_79' title="bbox 2083 1997 3661 2073">
     <span class='ocr_line' id='line_1_79' title="bbox 2083 1997 3661 2073; baseline -0.001 -17"><span class='ocrx_word' id='word_1_620' title='bbox 2083 2003 2274 2072; x_wconf 66' lang='lat' dir='ltr'><strong>pennis,</strong></span> <span class='ocrx_word' id='word_1_621' title='bbox 2305 2002 2393 2073; x_wconf 90' lang='lat' dir='ltr'><strong>qui</strong></span> <span class='ocrx_word' id='word_1_622' title='bbox 2420 2018 2481 2058; x_wconf 91' lang='lat' dir='ltr'><strong>ea</strong></span> <span class='ocrx_word' id='word_1_623' title='bbox 2519 2017 2638 2073; x_wconf 78' lang='lat' dir='ltr'><strong>qua:</strong></span> <span class='ocrx_word' id='word_1_624' title='bbox 2666 2001 2731 2057; x_wconf 91' lang='lat' dir='ltr'><strong>ad</strong></span> <span class='ocrx_word' id='word_1_625' title='bbox 2758 2000 3030 2056; x_wconf 90' lang='lat' dir='ltr'><strong>Christum</strong></span> <span class='ocrx_word' id='word_1_626' title='bbox 3077 2007 3319 2070; x_wconf 87' lang='lat' dir='ltr'><strong>spectant</strong></span> <span class='ocrx_word' id='word_1_627' title='bbox 3348 2006 3457 2053; x_wconf 92' lang='lat' dir='ltr'><strong>toto</strong></span> <span class='ocrx_word' id='word_1_628' title='bbox 3494 1997 3661 2054; x_wconf 84' lang='lat' dir='ltr'><strong>ferme</strong></span> 
     </span>
    </p>
   </div>
   <div class='ocr_carea' id='block_1_80' title="bbox 2085 2090 3662 2164">
    <p class='ocr_par' dir='ltr' id='par_1_80' title="bbox 2085 2090 3662 2164">
     <span class='ocr_line' id='line_1_80' title="bbox 2085 2090 3662 2164; baseline -0.004 -17"><span class='ocrx_word' id='word_1_629' title='bbox 2085 2104 2323 2164; x_wconf 88' lang='lat' dir='ltr'><strong>tempore</strong></span> <span class='ocrx_word' id='word_1_630' title='bbox 2368 2093 2686 2155; x_wconf 88' lang='lat' dir='ltr'><strong>deserimus,</strong></span> <span class='ocrx_word' id='word_1_631' title='bbox 2713 2100 2768 2148; x_wconf 90' lang='lat' dir='ltr'><strong>et</strong></span> <span class='ocrx_word' id='word_1_632' title='bbox 2810 2091 3126 2147; x_wconf 89' lang='lat' dir='ltr'><strong>necessariis</strong></span> <span class='ocrx_word' id='word_1_633' title='bbox 3155 2090 3409 2144; x_wconf 88' lang='lat' dir='ltr'><strong>vilissima</strong></span> <span class='ocrx_word' id='word_1_634' title='bbox 3449 2099 3662 2158; x_wconf 86' lang='lat' dir='ltr'><strong>antepo-</strong></span> 
     </span>
    </p>
   </div>
   <div class='ocr_carea' id='block_1_81' title="bbox 2080 2180 3664 2255">
    <p class='ocr_par' dir='ltr' id='par_1_81' title="bbox 2080 2180 3664 2255">
     <span class='ocr_line' id='line_1_81' title="bbox 2080 2180 3664 2255; baseline -0.003 -16"><span class='ocrx_word' id='word_1_635' title='bbox 2080 2187 2275 2250; x_wconf 86' lang='lat' dir='ltr'><strong>nimus,</strong></span> <span class='ocrx_word' id='word_1_636' title='bbox 2297 2186 2546 2255; x_wconf 85' lang='lat' dir='ltr'><strong>uullaque</strong></span> <span class='ocrx_word' id='word_1_637' title='bbox 2573 2200 2632 2240; x_wconf 91' lang='lat' dir='ltr'><strong>re</strong></span> <span class='ocrx_word' id='word_1_638' title='bbox 2656 2192 2875 2253; x_wconf 83' lang='lat' dir='ltr'><strong>urgente</strong></span> <span class='ocrx_word' id='word_1_639' title='bbox 2902 2182 3109 2238; x_wconf 88' lang='lat' dir='ltr'><strong>desides</strong></span> <span class='ocrx_word' id='word_1_640' title='bbox 3126 2197 3328 2237; x_wconf 89' lang='lat' dir='ltr'><strong>sumus.</strong></span> <span class='ocrx_word' id='word_1_641' title='bbox 3352 2180 3479 2236; x_wconf 83' lang='lat' dir='ltr'><strong>Inde</strong></span> <span class='ocrx_word' id='word_1_642' title='bbox 3501 2195 3664 2250; x_wconf 85' lang='lat' dir='ltr'><strong>porro</strong></span> 
     </span>
    </p>
   </div>
   <div class='ocr_carea' id='block_1_82' title="bbox 2081 2271 3659 2346">
    <p class='ocr_par' dir='ltr' id='par_1_82' title="bbox 2081 2271 3659 2346">
     <span class='ocr_line' id='line_1_82' title="bbox 2081 2271 3659 2346; baseline -0.001 -17"><span class='ocrx_word' id='word_1_643' title='bbox 2081 2277 2337 2331; x_wconf 67' lang='lat' dir='ltr'><strong>doctrina:</strong></span> <span class='ocrx_word' id='word_1_644' title='bbox 2366 2276 2587 2346; x_wconf 91' lang='lat' dir='ltr'><strong>hujusce</strong></span> <span class='ocrx_word' id='word_1_645' title='bbox 2616 2274 3003 2345; x_wconf 88' lang='lat' dir='ltr'><strong>philosophiam</strong></span> <span class='ocrx_word' id='word_1_646' title='bbox 3034 2273 3216 2329; x_wconf 91' lang='lat' dir='ltr'><strong>mirari</strong></span> <span class='ocrx_word' id='word_1_647' title='bbox 3244 2282 3486 2342; x_wconf 78' lang='lat' dir='ltr'><strong>Oportet,</strong></span> <span class='ocrx_word' id='word_1_648' title='bbox 3516 2271 3659 2343; x_wconf 87' lang='lat' dir='ltr'><strong>quod</strong></span> 
     </span>
    </p>
   </div>
   <div class='ocr_carea' id='block_1_83' title="bbox 2074 2362 3662 2437">
    <p class='ocr_par' dir='ltr' id='par_1_83' title="bbox 2074 2362 3662 2437">
     <span class='ocr_line' id='line_1_83' title="bbox 2074 2362 3662 2437; baseline -0.004 -15"><span class='ocrx_word' id='word_1_649' title='bbox 2074 2368 2323 2437; x_wconf 88' lang='lat' dir='ltr'><strong>juvenem</strong></span> <span class='ocrx_word' id='word_1_650' title='bbox 2351 2367 2512 2423; x_wconf 88' lang='lat' dir='ltr'><strong>verbo</strong></span> <span class='ocrx_word' id='word_1_651' title='bbox 2541 2367 2630 2423; x_wconf 91' lang='lat' dir='ltr'><strong>Dei</strong></span> <span class='ocrx_word' id='word_1_652' title='bbox 2657 2367 2903 2430; x_wconf 79' lang='lat' dir='ltr'><strong>afﬁxerit,</strong></span> <span class='ocrx_word' id='word_1_653' title='bbox 2936 2366 3002 2420; x_wconf 90' lang='lat' dir='ltr'><strong>ad</strong></span> <span class='ocrx_word' id='word_1_654' title='bbox 3033 2365 3147 2421; x_wconf 67' lang='lat' dir='ltr'><strong>haec</strong></span> <span class='ocrx_word' id='word_1_655' title='bbox 3171 2365 3331 2419; x_wconf 88' lang='lat' dir='ltr'><strong>etiam</strong></span> <span class='ocrx_word' id='word_1_656' title='bbox 3354 2363 3533 2418; x_wconf 89' lang='lat' dir='ltr'><strong>multis</strong></span> <span class='ocrx_word' id='word_1_657' title='bbox 3555 2362 3662 2416; x_wconf 78' lang='lat' dir='ltr'><strong>eri-</strong></span> 
     </span>
    </p>
   </div>
   <div class='ocr_carea' id='block_1_84' title="bbox 2082 2454 3661 2530">
    <p class='ocr_par' dir='ltr' id='par_1_84' title="bbox 2082 2454 3661 2530">
     <span class='ocr_line' id='line_1_84' title="bbox 2082 2454 3661 2530; baseline -0.005 -13"><span class='ocrx_word' id='word_1_658' title='bbox 2082 2464 2257 2530; x_wconf 90' lang='lat' dir='ltr'><strong>puerit</strong></span> <span class='ocrx_word' id='word_1_659' title='bbox 2291 2463 2464 2525; x_wconf 85' lang='lat' dir='ltr'><strong>malis,</strong></span> <span class='ocrx_word' id='word_1_660' title='bbox 2493 2461 2724 2522; x_wconf 84' lang='lat' dir='ltr'><strong>fletibus,</strong></span> <span class='ocrx_word' id='word_1_661' title='bbox 2757 2459 2916 2515; x_wconf 90' lang='lat' dir='ltr'><strong>luctui</strong></span> <span class='ocrx_word' id='word_1_662' title='bbox 2944 2499 2960 2525; x_wconf 86' lang='lat'><strong>,</strong></span> <span class='ocrx_word' id='word_1_663' title='bbox 2988 2458 3211 2527; x_wconf 89' lang='lat' dir='ltr'><strong>aliisque</strong></span> <span class='ocrx_word' id='word_1_664' title='bbox 3240 2456 3362 2511; x_wconf 89' lang='lat' dir='ltr'><strong>inde</strong></span> <span class='ocrx_word' id='word_1_665' title='bbox 3390 2454 3661 2525; x_wconf 87' lang='lat' dir='ltr'><strong>sequenti-</strong></span> 
     </span>
    </p>
   </div>
   <div class='ocr_carea' id='block_1_85' title="bbox 2081 2553 3662 2623">
    <p class='ocr_par' dir='ltr' id='par_1_85' title="bbox 2081 2553 3662 2623">
     <span class='ocr_line' id='line_1_85' title="bbox 2081 2553 3662 2623; baseline -0.004 -16"><span class='ocrx_word' id='word_1_666' title='bbox 2081 2553 2198 2608; x_wconf 91' lang='lat' dir='ltr'><strong>bus.</strong></span> <span class='ocrx_word' id='word_1_667' title='bbox 2215 2553 2345 2607; x_wconf 87' lang='lat' dir='ltr'><strong>Nam</strong></span> <span class='ocrx_word' id='word_1_668' title='bbox 2371 2563 2489 2623; x_wconf 92' lang='lat' dir='ltr'><strong>post</strong></span> <span class='ocrx_word' id='word_1_669' title='bbox 2512 2554 2838 2623; x_wconf 88' lang='lat' dir='ltr'><strong>sepulturam</strong></span> <span class='ocrx_word' id='word_1_670' title='bbox 2866 2566 2999 2622; x_wconf 90' lang='lat' dir='ltr'><strong>opus</strong></span> <span class='ocrx_word' id='word_1_671' title='bbox 3026 2559 3142 2606; x_wconf 89' lang='lat' dir='ltr'><strong>erat</strong></span> <span class='ocrx_word' id='word_1_672' title='bbox 3172 2558 3542 2605; x_wconf 88' lang='lat' dir='ltr'><strong>testamentum</strong></span> <span class='ocrx_word' id='word_1_673' title='bbox 3565 2562 3662 2603; x_wconf 77' lang='lat' dir='ltr'><strong>ex-</strong></span> 
     </span>
    </p>
   </div>
   <div class='ocr_carea' id='block_1_86' title="bbox 2078 2641 3660 2712">
    <p class='ocr_par' dir='ltr' id='par_1_86' title="bbox 2078 2641 3660 2712">
     <span class='ocr_line' id='line_1_86' title="bbox 2078 2641 3660 2712; baseline -0.004 -13"><span class='ocrx_word' id='word_1_674' title='bbox 2078 2655 2260 2702; x_wconf 89' lang='lat' dir='ltr'><strong>cutere</strong></span> <span class='ocrx_word' id='word_1_675' title='bbox 2285 2688 2298 2712; x_wconf 92' lang='lat'><strong>,</strong></span> <span class='ocrx_word' id='word_1_676' title='bbox 2343 2655 2515 2701; x_wconf 88' lang='lat' dir='ltr'><strong>sortes</strong></span> <span class='ocrx_word' id='word_1_677' title='bbox 2558 2645 2869 2701; x_wconf 85' lang='lat' dir='ltr'><strong>hereditatis</strong></span> <span class='ocrx_word' id='word_1_678' title='bbox 2903 2643 3258 2709; x_wconf 88' lang='lat' dir='ltr'><strong>distribuere,</strong></span> <span class='ocrx_word' id='word_1_679' title='bbox 3303 2652 3357 2696; x_wconf 91' lang='lat' dir='ltr'><strong>et</strong></span> <span class='ocrx_word' id='word_1_680' title='bbox 3393 2641 3494 2695; x_wconf 87' lang='lat' dir='ltr'><strong>alia</strong></span> <span class='ocrx_word' id='word_1_681' title='bbox 3538 2654 3660 2710; x_wconf 80' lang='lat' dir='ltr'><strong>qua:</strong></span> 
     </span>
    </p>
   </div>
   <div class='ocr_carea' id='block_1_87' title="bbox 2079 2732 3662 2809">
    <p class='ocr_par' dir='ltr' id='par_1_87' title="bbox 2079 2732 3662 2809">
     <span class='ocr_line' id='line_1_87' title="bbox 2079 2732 3662 2809; baseline -0.003 -18"><span class='ocrx_word' id='word_1_682' title='bbox 2079 2737 2193 2793; x_wconf 65' lang='lat' dir='ltr'><strong>haec</strong></span> <span class='ocrx_word' id='word_1_683' title='bbox 2216 2740 2575 2809; x_wconf 88' lang='lat' dir='ltr'><strong>sequebantur</strong></span> <span class='ocrx_word' id='word_1_684' title='bbox 2601 2738 2777 2793; x_wconf 91' lang='lat' dir='ltr'><strong>omnia</strong></span> <span class='ocrx_word' id='word_1_685' title='bbox 2808 2738 3017 2792; x_wconf 87' lang='lat' dir='ltr'><strong>facere:</strong></span> <span class='ocrx_word' id='word_1_686' title='bbox 3049 2735 3230 2804; x_wconf 90' lang='lat' dir='ltr'><strong>sicque</strong></span> <span class='ocrx_word' id='word_1_687' title='bbox 3255 2732 3499 2789; x_wconf 85' lang='lat' dir='ltr'><strong>ﬂuctibus</strong></span> <span class='ocrx_word' id='word_1_688' title='bbox 3524 2733 3662 2787; x_wconf 86' lang='lat' dir='ltr'><strong>alios</strong></span> 
     </span>
    </p>
   </div>
   <div class='ocr_carea' id='block_1_88' title="bbox 2079 2826 3657 2903">
    <p class='ocr_par' dir='ltr' id='par_1_88' title="bbox 2079 2826 3657 2903">
     <span class='ocr_line' id='line_1_88' title="bbox 2079 2826 3657 2903; baseline -0.003 -18"><span class='ocrx_word' id='word_1_689' title='bbox 2079 2832 2270 2886; x_wconf 85' lang='lat' dir='ltr'><strong>ﬂuctus</strong></span> <span class='ocrx_word' id='word_1_690' title='bbox 2294 2832 2695 2903; x_wconf 78' lang='lat' dir='ltr'><strong>excipientibus,</strong></span> <span class='ocrx_word' id='word_1_691' title='bbox 2732 2830 2916 2901; x_wconf 89' lang='lat' dir='ltr'><strong>procul</strong></span> <span class='ocrx_word' id='word_1_692' title='bbox 2941 2846 2969 2883; x_wconf 88' lang='lat' dir='ltr'><strong>a</strong></span> <span class='ocrx_word' id='word_1_693' title='bbox 2998 2828 3234 2883; x_wconf 85' lang='lat' dir='ltr'><strong>veritatis</strong></span> <span class='ocrx_word' id='word_1_694' title='bbox 3265 2836 3418 2897; x_wconf 90' lang='lat' dir='ltr'><strong>portu</strong></span> <span class='ocrx_word' id='word_1_695' title='bbox 3448 2826 3533 2881; x_wconf 90' lang='lat' dir='ltr'><strong>ille</strong></span> <span class='ocrx_word' id='word_1_696' title='bbox 3557 2826 3657 2880; x_wconf 74' lang='lat' dir='ltr'><strong>ab-</strong></span> 
     </span>
    </p>
   </div>
   <div class='ocr_carea' id='block_1_89' title="bbox 2079 2917 3659 2992">
    <p class='ocr_par' dir='ltr' id='par_1_89' title="bbox 2079 2917 3659 2992">
     <span class='ocr_line' id='line_1_89' title="bbox 2079 2917 3659 2992; baseline -0.004 -15"><span class='ocrx_word' id='word_1_697' title='bbox 2079 2924 2266 2978; x_wconf 88' lang='lat' dir='ltr'><strong>ductus</strong></span> <span class='ocrx_word' id='word_1_698' title='bbox 2307 2923 2511 2979; x_wconf 87' lang='lat' dir='ltr'><strong>fuisset.</strong></span> <span class='ocrx_word' id='word_1_699' title='bbox 2544 2923 2668 2979; x_wconf 86' lang='lat' dir='ltr'><strong>Ideo</strong></span> <span class='ocrx_word' id='word_1_700' title='bbox 2715 2923 2888 2992; x_wconf 91' lang='lat' dir='ltr'><strong>ipsum</strong></span> <span class='ocrx_word' id='word_1_701' title='bbox 2940 2919 3191 2985; x_wconf 87' lang='lat' dir='ltr'><strong>attrahit,</strong></span> <span class='ocrx_word' id='word_1_702' title='bbox 3239 2928 3292 2974; x_wconf 90' lang='lat' dir='ltr'><strong>et</strong></span> <span class='ocrx_word' id='word_1_703' title='bbox 3329 2917 3429 2972; x_wconf 88' lang='lat' dir='ltr'><strong>sibi</strong></span> <span class='ocrx_word' id='word_1_704' title='bbox 3464 2917 3659 2987; x_wconf 87' lang='lat' dir='ltr'><strong>jungit.</strong></span> 
     </span>
    </p>
   </div>
   <div class='ocr_carea' id='block_1_90' title="bbox 2077 3007 3660 3083">
    <p class='ocr_par' dir='ltr' id='par_1_90' title="bbox 2077 3007 3660 3083">
     <span class='ocr_line' id='line_1_90' title="bbox 2077 3007 3660 3083; baseline -0.006 -13"><span class='ocrx_word' id='word_1_705' title='bbox 2077 3015 2229 3082; x_wconf 88' lang='lat' dir='ltr'><strong>Quod</strong></span> <span class='ocrx_word' id='word_1_706' title='bbox 2273 3015 2317 3069; x_wconf 93' lang='lat' dir='ltr'><strong>si</strong></span> <span class='ocrx_word' id='word_1_707' title='bbox 2355 3014 2528 3070; x_wconf 90' lang='lat' dir='ltr'><strong>adhuc</strong></span> <span class='ocrx_word' id='word_1_708' title='bbox 2555 3014 2765 3068; x_wconf 89' lang='lat' dir='ltr'><strong>miraris</strong></span> <span class='ocrx_word' id='word_1_709' title='bbox 2792 3023 2845 3068; x_wconf 92' lang='lat' dir='ltr'><strong>et</strong></span> <span class='ocrx_word' id='word_1_710' title='bbox 2865 3027 3004 3083; x_wconf 82' lang='lat' dir='ltr'><strong>:rgre</strong></span> <span class='ocrx_word' id='word_1_711' title='bbox 3030 3012 3155 3079; x_wconf 82' lang='lat' dir='ltr'><strong>fers,</strong></span> <span class='ocrx_word' id='word_1_712' title='bbox 3194 3009 3332 3079; x_wconf 91' lang='lat' dir='ltr'><strong>quod</strong></span> <span class='ocrx_word' id='word_1_713' title='bbox 3360 3007 3660 3078; x_wconf 90' lang='lat' dir='ltr'><strong>prohibitus</strong></span> 
     </span>
    </p>
   </div>
   <div class='ocr_carea' id='block_1_91' title="bbox 2078 3101 3657 3177">
    <p class='ocr_par' dir='ltr' id='par_1_91' title="bbox 2078 3101 3657 3177">
     <span class='ocr_line' id='line_1_91' title="bbox 2078 3101 3657 3177; baseline -0.005 -16"><span class='ocrx_word' id='word_1_714' title='bbox 2078 3108 2235 3163; x_wconf 84' lang='lat' dir='ltr'><strong>fuerit</strong></span> <span class='ocrx_word' id='word_1_715' title='bbox 2263 3116 2483 3177; x_wconf 90' lang='lat' dir='ltr'><strong>paterno</strong></span> <span class='ocrx_word' id='word_1_716' title='bbox 2508 3106 2697 3162; x_wconf 88' lang='lat' dir='ltr'><strong>adesse</strong></span> <span class='ocrx_word' id='word_1_717' title='bbox 2713 3105 2881 3160; x_wconf 91' lang='lat' dir='ltr'><strong>funeri</strong></span> <span class='ocrx_word' id='word_1_718' title='bbox 2904 3122 2917 3168; x_wconf 92' lang='lat'><strong>;</strong></span> <span class='ocrx_word' id='word_1_719' title='bbox 2940 3104 3066 3159; x_wconf 91' lang='lat' dir='ltr'><strong>illud</strong></span> <span class='ocrx_word' id='word_1_720' title='bbox 3094 3105 3293 3172; x_wconf 86' lang='lat' dir='ltr'><strong>cogites</strong></span> <span class='ocrx_word' id='word_1_721' title='bbox 3321 3101 3496 3165; x_wconf 83' lang='lat' dir='ltr'><strong>velim,</strong></span> <span class='ocrx_word' id='word_1_722' title='bbox 3517 3101 3657 3154; x_wconf 91' lang='lat' dir='ltr'><strong>mul-</strong></span> 
     </span>
    </p>
   </div>
   <div class='ocr_carea' id='block_1_92' title="bbox 2079 3192 3659 3268">
    <p class='ocr_par' dir='ltr' id='par_1_92' title="bbox 2079 3192 3659 3268">
     <span class='ocr_line' id='line_1_92' title="bbox 2079 3192 3659 3268; baseline -0.004 -16"><span class='ocrx_word' id='word_1_723' title='bbox 2079 3207 2161 3252; x_wconf 90' lang='lat' dir='ltr'><strong>tos</strong></span> <span class='ocrx_word' id='word_1_724' title='bbox 2190 3213 2309 3253; x_wconf 85' lang='lat' dir='ltr'><strong>esse</strong></span> <span class='ocrx_word' id='word_1_725' title='bbox 2346 3199 2434 3268; x_wconf 92' lang='lat' dir='ltr'><strong>qui</strong></span> <span class='ocrx_word' id='word_1_726' title='bbox 2480 3214 2598 3252; x_wconf 91' lang='lat' dir='ltr'><strong>cum</strong></span> <span class='ocrx_word' id='word_1_727' title='bbox 2642 3198 2813 3253; x_wconf 88' lang='lat' dir='ltr'><strong>sciant</strong></span> <span class='ocrx_word' id='word_1_728' title='bbox 2850 3196 3125 3266; x_wconf 87' lang='lat' dir='ltr'><strong>quospiam</strong></span> <span class='ocrx_word' id='word_1_729' title='bbox 3167 3193 3439 3248; x_wconf 89' lang='lat' dir='ltr'><strong>molestius</strong></span> <span class='ocrx_word' id='word_1_730' title='bbox 3472 3192 3659 3246; x_wconf 82' lang='lat' dir='ltr'><strong>funera</strong></span> 
     </span>
    </p>
   </div>
   <div class='ocr_carea' id='block_1_93' title="bbox 2078 3284 3661 3359">
    <p class='ocr_par' dir='ltr' id='par_1_93' title="bbox 2078 3284 3661 3359">
     <span class='ocr_line' id='line_1_93' title="bbox 2078 3284 3661 3359; baseline -0.006 -15"><span class='ocrx_word' id='word_1_731' title='bbox 2078 3291 2280 3347; x_wconf 88' lang='lat' dir='ltr'><strong>laturos</strong></span> <span class='ocrx_word' id='word_1_732' title='bbox 2309 3305 2450 3357; x_wconf 89' lang='lat' dir='ltr'><strong>esse,</strong></span> <span class='ocrx_word' id='word_1_733' title='bbox 2483 3306 2576 3345; x_wconf 92' lang='lat' dir='ltr'><strong>seu</strong></span> <span class='ocrx_word' id='word_1_734' title='bbox 2605 3290 2790 3359; x_wconf 89' lang='lat' dir='ltr'><strong>patris,</strong></span> <span class='ocrx_word' id='word_1_735' title='bbox 2822 3304 2916 3343; x_wconf 91' lang='lat' dir='ltr'><strong>seu</strong></span> <span class='ocrx_word' id='word_1_736' title='bbox 2956 3286 3162 3353; x_wconf 89' lang='lat' dir='ltr'><strong>matris,</strong></span> <span class='ocrx_word' id='word_1_737' title='bbox 3193 3301 3286 3341; x_wconf 92' lang='lat' dir='ltr'><strong>seu</strong></span> <span class='ocrx_word' id='word_1_738' title='bbox 3315 3284 3427 3349; x_wconf 80' lang='lat' dir='ltr'><strong>filii,</strong></span> <span class='ocrx_word' id='word_1_739' title='bbox 3457 3300 3549 3337; x_wconf 90' lang='lat' dir='ltr'><strong>seu</strong></span> <span class='ocrx_word' id='word_1_740' title='bbox 3580 3284 3661 3336; x_wconf 81' lang='lat' dir='ltr'><strong>al-</strong></span> 
     </span>
    </p>
   </div>
   <div class='ocr_carea' id='block_1_94' title="bbox 2077 3374 3657 3451">
    <p class='ocr_par' dir='ltr' id='par_1_94' title="bbox 2077 3374 3657 3451">
     <span class='ocr_line' id='line_1_94' title="bbox 2077 3374 3657 3451; baseline -0.006 -16"><span class='ocrx_word' id='word_1_741' title='bbox 2077 3382 2241 3437; x_wconf 89' lang='lat' dir='ltr'><strong>terius</strong></span> <span class='ocrx_word' id='word_1_742' title='bbox 2266 3382 2666 3451; x_wconf 88' lang='lat' dir='ltr'><strong>cujuscumque,</strong></span> <span class='ocrx_word' id='word_1_743' title='bbox 2686 3396 2790 3435; x_wconf 90' lang='lat' dir='ltr'><strong>nou</strong></span> <span class='ocrx_word' id='word_1_744' title='bbox 2820 3382 3127 3449; x_wconf 74' lang='lat' dir='ltr'><strong>permittere</strong></span> <span class='ocrx_word' id='word_1_745' title='bbox 3156 3393 3217 3431; x_wconf 89' lang='lat' dir='ltr'><strong>ea</strong></span> <span class='ocrx_word' id='word_1_746' title='bbox 3247 3377 3374 3445; x_wconf 89' lang='lat' dir='ltr'><strong>ipsis</strong></span> <span class='ocrx_word' id='word_1_747' title='bbox 3404 3374 3657 3437; x_wconf 86' lang='lat' dir='ltr'><strong>nuntiari,</strong></span> 
     </span>
    </p>
   </div>
   <div class='ocr_carea' id='block_1_95' title="bbox 2078 3468 3661 3543">
    <p class='ocr_par' dir='ltr' id='par_1_95' title="bbox 2078 3468 3661 3543">
     <span class='ocr_line' id='line_1_95' title="bbox 2078 3468 3661 3543; baseline -0.005 -16"><span class='ocrx_word' id='word_1_748' title='bbox 2078 3488 2250 3543; x_wconf 87' lang='lat' dir='ltr'><strong>neque</strong></span> <span class='ocrx_word' id='word_1_749' title='bbox 2279 3474 2423 3543; x_wconf 88' lang='lat' dir='ltr'><strong>ipsos</strong></span> <span class='ocrx_word' id='word_1_750' title='bbox 2465 3473 2531 3527; x_wconf 86' lang='lat' dir='ltr'><strong>ad</strong></span> <span class='ocrx_word' id='word_1_751' title='bbox 2571 3472 2871 3542; x_wconf 90' lang='lat' dir='ltr'><strong>sepulcrum</strong></span> <span class='ocrx_word' id='word_1_752' title='bbox 2903 3472 3087 3526; x_wconf 88' lang='lat' dir='ltr'><strong>venire</strong></span> <span class='ocrx_word' id='word_1_753' title='bbox 3117 3488 3129 3522; x_wconf 89' lang='lat'><strong>:</strong></span> <span class='ocrx_word' id='word_1_754' title='bbox 3162 3486 3333 3538; x_wconf 88' lang='lat' dir='ltr'><strong>neque</strong></span> <span class='ocrx_word' id='word_1_755' title='bbox 3362 3468 3480 3522; x_wconf 77' lang='lat' dir='ltr'><strong>ideo</strong></span> <span class='ocrx_word' id='word_1_756' title='bbox 3517 3468 3661 3537; x_wconf 74' lang='lat' dir='ltr'><strong>ipsus</strong></span> 
     </span>
    </p>
   </div>
   <div class='ocr_carea' id='block_1_96' title="bbox 2078 3557 3658 3629">
    <p class='ocr_par' dir='ltr' id='par_1_96' title="bbox 2078 3557 3658 3629">
     <span class='ocr_line' id='line_1_96' title="bbox 2078 3557 3658 3629; baseline -0.006 -10"><span class='ocrx_word' id='word_1_757' title='bbox 2078 3566 2409 3621; x_wconf 85' lang='lat' dir='ltr'><strong>crudelitatis</strong></span> <span class='ocrx_word' id='word_1_758' title='bbox 2439 3565 2907 3618; x_wconf 86' lang='lat' dir='ltr'><strong>iuhumanitatisve</strong></span> <span class='ocrx_word' id='word_1_759' title='bbox 2928 3576 3241 3618; x_wconf 85' lang='lat' dir='ltr'><strong>accusamus</strong></span> <span class='ocrx_word' id='word_1_760' title='bbox 3267 3579 3278 3613; x_wconf 91' lang='lat'><strong>:</strong></span> <span class='ocrx_word' id='word_1_761' title='bbox 3310 3569 3362 3614; x_wconf 92' lang='lat' dir='ltr'><strong>et</strong></span> <span class='ocrx_word' id='word_1_762' title='bbox 3385 3559 3504 3629; x_wconf 74' lang='lat' dir='ltr'><strong>jure</strong></span> <span class='ocrx_word' id='word_1_763' title='bbox 3538 3557 3658 3626; x_wconf 81' lang='lat' dir='ltr'><strong>qui-</strong></span> 
     </span>
    </p>
   </div>
   <div class='ocr_carea' id='block_1_97' title="bbox 2078 3654 3663 3721">
    <p class='ocr_par' dir='ltr' id='par_1_97' title="bbox 2078 3654 3663 3721">
     <span class='ocr_line' id='line_1_97' title="bbox 2078 3654 3663 3721; baseline -0.004 -9"><span class='ocrx_word' id='word_1_764' title='bbox 2078 3658 2220 3712; x_wconf 90' lang='lat' dir='ltr'><strong>dem.</strong></span> <span class='ocrx_word' id='word_1_765' title='bbox 2253 3657 2385 3710; x_wconf 85' lang='lat' dir='ltr'><strong>Nam</strong></span> <span class='ocrx_word' id='word_1_766' title='bbox 2424 3666 2607 3711; x_wconf 91' lang='lat' dir='ltr'><strong>contra</strong></span> <span class='ocrx_word' id='word_1_767' title='bbox 2650 3656 2826 3710; x_wconf 85' lang='lat' dir='ltr'><strong>facere</strong></span> <span class='ocrx_word' id='word_1_768' title='bbox 2883 3654 3227 3709; x_wconf 80' lang='lat' dir='ltr'><strong>inhumanum</strong></span> <span class='ocrx_word' id='word_1_769' title='bbox 3272 3661 3435 3717; x_wconf 87' lang='lat' dir='ltr'><strong>esset,</strong></span> <span class='ocrx_word' id='word_1_770' title='bbox 3466 3666 3663 3721; x_wconf 83' lang='lat' dir='ltr'><strong>nempe</strong></span> 
     </span>
    </p>
   </div>
   <div class='ocr_carea' id='block_1_98' title="bbox 2078 3748 3051 3804">
    <p class='ocr_par' dir='ltr' id='par_1_98' title="bbox 2078 3748 3051 3804">
     <span class='ocr_line' id='line_1_98' title="bbox 2078 3748 3051 3804; baseline -0.003 -1"><span class='ocrx_word' id='word_1_771' title='bbox 2078 3749 2157 3804; x_wconf 92' lang='lat' dir='ltr'><strong>sic</strong></span> <span class='ocrx_word' id='word_1_772' title='bbox 2184 3750 2402 3804; x_wconf 71' lang='lat' dir='ltr'><strong>affectos</strong></span> <span class='ocrx_word' id='word_1_773' title='bbox 2428 3749 2493 3804; x_wconf 91' lang='lat' dir='ltr'><strong>ad</strong></span> <span class='ocrx_word' id='word_1_774' title='bbox 2526 3750 2769 3803; x_wconf 41' lang='lat' dir='ltr'><strong>luctum.l</strong></span> <span class='ocrx_word' id='word_1_775' title='bbox 2800 3748 3051 3804; x_wconf 85' lang='lat' dir='ltr'><strong>educere.</strong></span> 
     </span>
    </p>
   </div>
   <div class='ocr_carea' id='block_1_99' title="bbox 2149 3839 3655 3911">
    <p class='ocr_par' dir='ltr' id='par_1_99' title="bbox 2149 3839 3655 3911">
     <span class='ocr_line' id='line_1_99' title="bbox 2149 3839 3655 3911; baseline -0.007 -14"><span class='ocrx_word' id='word_1_776' title='bbox 2149 3844 2202 3897; x_wconf 71' lang='grc'><strong>4.</strong></span> <span class='ocrx_word' id='word_1_777' title='bbox 2242 3845 2368 3911; x_wconf 75' lang='lat' dir='ltr'><strong>Qum</strong></span> <span class='ocrx_word' id='word_1_778' title='bbox 2410 3844 2479 3896; x_wconf 87' lang='lat' dir='ltr'><strong>ad</strong></span> <span class='ocrx_word' id='word_1_779' title='bbox 2518 3843 2733 3895; x_wconf 83' lang='lat' dir='ltr'><strong>salutem</strong></span> <span class='ocrx_word' id='word_1_780' title='bbox 2777 3850 3002 3911; x_wconf 70' lang='lat' dir='ltr'><strong>Spectaut</strong></span> <span class='ocrx_word' id='word_1_781' title='bbox 3050 3849 3167 3894; x_wconf 88' lang='lat' dir='ltr'><strong>sunt</strong></span> <span class='ocrx_word' id='word_1_782' title='bbox 3213 3839 3405 3893; x_wconf 72' lang='lat' dir='ltr'><strong>cazteris</strong></span> <span class='ocrx_word' id='word_1_783' title='bbox 3447 3846 3655 3905; x_wconf 74' lang='lat' dir='ltr'><strong>antepo-</strong></span> 
     </span>
    </p>
   </div>
   <div class='ocr_carea' id='block_1_100' title="bbox 2079 3931 3664 4005">
    <p class='ocr_par' dir='ltr' id='par_1_100' title="bbox 2079 3931 3664 4005">
     <span class='ocr_line' id='line_1_100' title="bbox 2079 3931 3664 4005; baseline -0.005 -17"><span class='ocrx_word' id='word_1_784' title='bbox 2079 3937 2264 3990; x_wconf 87' lang='lat' dir='ltr'><strong>nenda.</strong></span> <span class='ocrx_word' id='word_1_785' title='bbox 2300 3935 2388 3989; x_wconf 79' lang='lat' dir='ltr'><strong>Vir</strong></span> <span class='ocrx_word' id='word_1_786' title='bbox 2417 3938 2467 3988; x_wconf 88' lang='lat' dir='ltr'><strong>in</strong></span> <span class='ocrx_word' id='word_1_787' title='bbox 2495 3936 2715 4005; x_wconf 84' lang='lat' dir='ltr'><strong>nequitia</strong></span> <span class='ocrx_word' id='word_1_788' title='bbox 2754 3936 2942 4001; x_wconf 77' lang='lat' dir='ltr'><strong>vivens,</strong></span> <span class='ocrx_word' id='word_1_789' title='bbox 2974 3945 3046 3987; x_wconf 89' lang='lat' dir='ltr'><strong>est</strong></span> <span class='ocrx_word' id='word_1_790' title='bbox 3090 3943 3286 3987; x_wconf 90' lang='lat' dir='ltr'><strong>mortuo</strong></span> <span class='ocrx_word' id='word_1_791' title='bbox 3331 3931 3565 3985; x_wconf 84' lang='lat' dir='ltr'><strong>deterior.</strong></span> <span class='ocrx_word' id='word_1_792' title='bbox 3592 3958 3626 3968; x_wconf 73' lang='grc' dir='ltr'><strong><em>ο</em></strong></span> <span class='ocrx_word' id='word_1_793' title='bbox 3648 3957 3664 3964; x_wconf 94' lang='grc'><strong><em>-</em></strong></span> 
     </span>
    </p>
   </div>
   <div class='ocr_carea' id='block_1_101' title="bbox 2080 4023 3659 4096">
    <p class='ocr_par' dir='ltr' id='par_1_101' title="bbox 2080 4023 3659 4096">
     <span class='ocr_line' id='line_1_101' title="bbox 2080 4023 3659 4096; baseline -0.004 -17"><span class='ocrx_word' id='word_1_794' title='bbox 2080 4028 2231 4095; x_wconf 88' lang='lat' dir='ltr'><strong>Quod</strong></span> <span class='ocrx_word' id='word_1_795' title='bbox 2258 4027 2302 4081; x_wconf 79' lang='lat' dir='ltr'><strong>si</strong></span> <span class='ocrx_word' id='word_1_796' title='bbox 2342 4026 2665 4096; x_wconf 83' lang='lat' dir='ltr'><strong>propinquos</strong></span> <span class='ocrx_word' id='word_1_797' title='bbox 2691 4027 2761 4081; x_wconf 89' lang='lat' dir='ltr'><strong>ita</strong></span> <span class='ocrx_word' id='word_1_798' title='bbox 2799 4026 2978 4095; x_wconf 89' lang='lat' dir='ltr'><strong>lugere</strong></span> <span class='ocrx_word' id='word_1_799' title='bbox 3022 4034 3073 4079; x_wconf 89' lang='lat' dir='ltr'><strong>et</strong></span> <span class='ocrx_word' id='word_1_800' title='bbox 3099 4026 3332 4078; x_wconf 89' lang='lat' dir='ltr'><strong>animum</strong></span> <span class='ocrx_word' id='word_1_801' title='bbox 3358 4023 3511 4077; x_wconf 87' lang='lat' dir='ltr'><strong>atteri</strong></span> <span class='ocrx_word' id='word_1_802' title='bbox 3544 4036 3659 4074; x_wconf 81' lang='lat' dir='ltr'><strong>ma-</strong></span> 
     </span>
    </p>
   </div>
   <div class='ocr_carea' id='block_1_102' title="bbox 2083 4114 3663 4190">
    <p class='ocr_par' dir='ltr' id='par_1_102' title="bbox 2083 4114 3663 4190">
     <span class='ocr_line' id='line_1_102' title="bbox 2083 4114 3663 4190; baseline -0.007 -15"><span class='ocrx_word' id='word_1_803' title='bbox 2083 4122 2189 4175; x_wconf 90' lang='lat' dir='ltr'><strong>lum</strong></span> <span class='ocrx_word' id='word_1_804' title='bbox 2215 4128 2315 4184; x_wconf 91' lang='lat' dir='ltr'><strong>est,</strong></span> <span class='ocrx_word' id='word_1_805' title='bbox 2341 4120 2494 4190; x_wconf 85' lang='lat' dir='ltr'><strong>longe</strong></span> <span class='ocrx_word' id='word_1_806' title='bbox 2525 4119 2673 4189; x_wconf 90' lang='lat' dir='ltr'><strong>pejus</strong></span> <span class='ocrx_word' id='word_1_807' title='bbox 2701 4128 2782 4174; x_wconf 91' lang='lat' dir='ltr'><strong>est</strong></span> <span class='ocrx_word' id='word_1_808' title='bbox 2806 4134 2835 4171; x_wconf 93' lang='lat' dir='ltr'><strong>a</strong></span> <span class='ocrx_word' id='word_1_809' title='bbox 2864 4117 3224 4187; x_wconf 86' lang='lat' dir='ltr'><strong>spiritualibns</strong></span> <span class='ocrx_word' id='word_1_810' title='bbox 3252 4115 3443 4169; x_wconf 85' lang='lat' dir='ltr'><strong>abduci</strong></span> <span class='ocrx_word' id='word_1_811' title='bbox 3466 4114 3663 4168; x_wconf 87' lang='lat' dir='ltr'><strong>verbis.</strong></span> 
     </span>
    </p>
   </div>
   <div class='ocr_carea' id='block_1_103' title="bbox 2082 4206 3665 4282">
    <p class='ocr_par' dir='ltr' id='par_1_103' title="bbox 2082 4206 3665 4282">
     <span class='ocr_line' id='line_1_103' title="bbox 2082 4206 3665 4282; baseline -0.006 -16"><span class='ocrx_word' id='word_1_812' title='bbox 2082 4208 2307 4282; x_wconf 88' lang='lat' dir='ltr'><strong>Ideoque</strong></span> <span class='ocrx_word' id='word_1_813' title='bbox 2327 4211 2451 4265; x_wconf 90' lang='lat' dir='ltr'><strong>alibi</strong></span> <span class='ocrx_word' id='word_1_814' title='bbox 2474 4212 2596 4265; x_wconf 90' lang='lat' dir='ltr'><strong>dicit</strong></span> <span class='ocrx_word' id='word_1_815' title='bbox 2626 4230 2638 4265; x_wconf 89' lang='lat'><strong>:</strong></span> <span class='ocrx_word' id='word_1_816' title='bbox 2669 4210 2831 4264; x_wconf 87' lang='lat' dir='ltr'><strong>Nemo</strong></span> <span class='ocrx_word' id='word_1_817' title='bbox 2852 4211 3051 4264; x_wconf 87' lang='lat' dir='ltr'><strong>mittens</strong></span> <span class='ocrx_word' id='word_1_818' title='bbox 3071 4224 3274 4261; x_wconf 90' lang='lat' dir='ltr'><strong>manum</strong></span> <span class='ocrx_word' id='word_1_819' title='bbox 3291 4223 3433 4259; x_wconf 88' lang='lat' dir='ltr'><strong>suam</strong></span> <span class='ocrx_word' id='word_1_820' title='bbox 3461 4206 3529 4259; x_wconf 88' lang='lat' dir='ltr'><strong>ad</strong></span> <span class='ocrx_word' id='word_1_821' title='bbox 3546 4223 3665 4258; x_wconf 82' lang='lat' dir='ltr'><strong>am-</strong></span> 
     </span>
    </p>
   </div>
   <div class='ocr_carea' id='block_1_104' title="bbox 2082 4301 3667 4374">
    <p class='ocr_par' dir='ltr' id='par_1_104' title="bbox 2082 4301 3667 4374">
     <span class='ocr_line' id='line_1_104' title="bbox 2082 4301 3667 4374; baseline -0.005 -15"><span class='ocrx_word' id='word_1_822' title='bbox 2082 4316 2235 4369; x_wconf 87' lang='lat' dir='ltr'><strong>trunt,</strong></span> <span class='ocrx_word' id='word_1_823' title='bbox 2266 4316 2313 4359; x_wconf 87' lang='lat' dir='ltr'><strong>et</strong></span> <span class='ocrx_word' id='word_1_824' title='bbox 2353 4323 2616 4359; x_wconf 76' lang='lat' dir='ltr'><strong>conversus</strong></span> <span class='ocrx_word' id='word_1_825' title='bbox 2641 4305 2708 4358; x_wconf 86' lang='lat' dir='ltr'><strong>ad</strong></span> <span class='ocrx_word' id='word_1_826' title='bbox 2735 4305 3044 4374; x_wconf 83' lang='lat' dir='ltr'><strong>posteriora,</strong></span> <span class='ocrx_word' id='word_1_827' title='bbox 3075 4312 3223 4371; x_wconf 87' lang='lat' dir='ltr'><strong>aptus</strong></span> <span class='ocrx_word' id='word_1_828' title='bbox 3266 4312 3336 4355; x_wconf 79' lang='lat' dir='ltr'><strong>est</strong></span> <span class='ocrx_word' id='word_1_829' title='bbox 3365 4301 3433 4352; x_wconf 85' lang='lat' dir='ltr'><strong>ad</strong></span> <span class='ocrx_word' id='word_1_830' title='bbox 3458 4316 3667 4370; x_wconf 78' lang='lat' dir='ltr'><strong>regnum</strong></span> 
     </span>
    </p>
   </div>
   <div class='ocr_carea' id='block_1_105' title="bbox 2084 4394 3665 4467">
    <p class='ocr_par' dir='ltr' id='par_1_105' title="bbox 2084 4394 3665 4467">
     <span class='ocr_line' id='line_1_105' title="bbox 2084 4394 3665 4467; baseline -0.006 -16"><span class='ocrx_word' id='word_1_831' title='bbox 2084 4398 2322 4453; x_wconf 74' lang='lat' dir='ltr'><strong>cartorum</strong></span> <span class='ocrx_word' id='word_1_832' title='bbox 2345 4396 2496 4467; x_wconf 91' lang='lat' dir='ltr'><strong>(Luc.</strong></span> <span class='ocrx_word' id='word_1_833' title='bbox 2520 4398 2573 4452; x_wconf 88' lang='lat'><strong>9.</strong></span> <span class='ocrx_word' id='word_1_834' title='bbox 2603 4395 2714 4467; x_wconf 72' lang='lat'><strong>62).</strong></span> <span class='ocrx_word' id='word_1_835' title='bbox 2748 4395 2881 4450; x_wconf 90' lang='lat' dir='ltr'><strong>Nam</strong></span> <span class='ocrx_word' id='word_1_836' title='bbox 2920 4396 3075 4465; x_wconf 83' lang='lat' dir='ltr'><strong>longe</strong></span> <span class='ocrx_word' id='word_1_837' title='bbox 3106 4394 3294 4449; x_wconf 91' lang='lat' dir='ltr'><strong>melius</strong></span> <span class='ocrx_word' id='word_1_838' title='bbox 3330 4404 3412 4447; x_wconf 91' lang='lat' dir='ltr'><strong>est</strong></span> <span class='ocrx_word' id='word_1_839' title='bbox 3443 4408 3665 4460; x_wconf 85' lang='lat' dir='ltr'><strong>regnum</strong></span> 
     </span>
    </p>
   </div>
   <div class='ocr_carea' id='block_1_106' title="bbox 2048 4483 3665 4563">
    <p class='ocr_par' dir='ltr' id='par_1_106' title="bbox 2048 4483 3665 4563">
     <span class='ocr_line' id='line_1_106' title="bbox 2048 4483 3665 4563; baseline -0.006 -21"><span class='ocrx_word' id='word_1_840' title='bbox 2048 4562 2051 4563; x_wconf 15' lang='grc' dir='ltr'><em>ν</em></span> <span class='ocrx_word' id='word_1_841' title='bbox 2086 4489 2406 4558; x_wconf 69' lang='lat' dir='ltr'><strong>praedicare,</strong></span> <span class='ocrx_word' id='word_1_842' title='bbox 2448 4488 2689 4558; x_wconf 90' lang='lat' dir='ltr'><strong>aliosque</strong></span> <span class='ocrx_word' id='word_1_843' title='bbox 2732 4503 2760 4540; x_wconf 90' lang='lat' dir='ltr'><strong>a</strong></span> <span class='ocrx_word' id='word_1_844' title='bbox 2793 4496 2963 4540; x_wconf 90' lang='lat' dir='ltr'><strong>morte</strong></span> <span class='ocrx_word' id='word_1_845' title='bbox 3008 4485 3307 4548; x_wconf 87' lang='lat' dir='ltr'><strong>retrahere,</strong></span> <span class='ocrx_word' id='word_1_846' title='bbox 3337 4498 3495 4553; x_wconf 89' lang='lat' dir='ltr'><strong>quam</strong></span> <span class='ocrx_word' id='word_1_847' title='bbox 3536 4483 3665 4535; x_wconf 90' lang='lat' dir='ltr'><strong>nihil</strong></span> 
     </span>
    </p>
   </div>
   <div class='ocr_carea' id='block_1_107' title="bbox 2080 4576 3669 4649">
    <p class='ocr_par' dir='ltr' id='par_1_107' title="bbox 2080 4576 3669 4649">
     <span class='ocr_line' id='line_1_107' title="bbox 2080 4576 3669 4649; baseline -0.004 -17"><span class='ocrx_word' id='word_1_848' title='bbox 2080 4581 2352 4649; x_wconf 87' lang='lat' dir='ltr'><strong>juvautem</strong></span> <span class='ocrx_word' id='word_1_849' title='bbox 2387 4587 2653 4633; x_wconf 90' lang='lat' dir='ltr'><strong>mortuum</strong></span> <span class='ocrx_word' id='word_1_850' title='bbox 2684 4579 2945 4647; x_wconf 86' lang='lat' dir='ltr'><strong>sepelire;</strong></span> <span class='ocrx_word' id='word_1_851' title='bbox 2979 4592 3098 4631; x_wconf 92' lang='lat' dir='ltr'><strong>cum</strong></span> <span class='ocrx_word' id='word_1_852' title='bbox 3130 4576 3360 4629; x_wconf 78' lang='lat' dir='ltr'><strong>maxime</strong></span> <span class='ocrx_word' id='word_1_853' title='bbox 3380 4582 3669 4642; x_wconf 78' lang='lat' dir='ltr'><strong>supersunt</strong></span> 
     </span>
    </p>
   </div>
   <div class='ocr_carea' id='block_1_108' title="bbox 2086 4666 3670 4741">
    <p class='ocr_par' dir='ltr' id='par_1_108' title="bbox 2086 4666 3670 4741">
     <span class='ocr_line' id='line_1_108' title="bbox 2086 4666 3670 4741; baseline -0.004 -18"><span class='ocrx_word' id='word_1_854' title='bbox 2086 4673 2172 4724; x_wconf 86' lang='lat' dir='ltr'><strong>alii</strong></span> <span class='ocrx_word' id='word_1_855' title='bbox 2225 4671 2311 4741; x_wconf 91' lang='lat' dir='ltr'><strong>qui</strong></span> <span class='ocrx_word' id='word_1_856' title='bbox 2355 4671 2559 4740; x_wconf 90' lang='lat' dir='ltr'><strong>possint</strong></span> <span class='ocrx_word' id='word_1_857' title='bbox 2608 4670 2709 4724; x_wconf 91' lang='lat' dir='ltr'><strong>hoc</strong></span> <span class='ocrx_word' id='word_1_858' title='bbox 2752 4669 2985 4725; x_wconf 82' lang='lat' dir='ltr'><strong>officium</strong></span> <span class='ocrx_word' id='word_1_859' title='bbox 3034 4668 3275 4736; x_wconf 90' lang='lat' dir='ltr'><strong>implere.</strong></span> <span class='ocrx_word' id='word_1_860' title='bbox 3320 4666 3459 4721; x_wconf 69' lang='lat' dir='ltr'><strong>Nihil</strong></span> <span class='ocrx_word' id='word_1_861' title='bbox 3512 4666 3670 4735; x_wconf 88' lang='lat' dir='ltr'><strong>igitur</strong></span> 
     </span>
    </p>
   </div>
   <div class='ocr_carea' id='block_1_109' title="bbox 2084 4756 3668 4831">
    <p class='ocr_par' dir='ltr' id='par_1_109' title="bbox 2084 4756 3668 4831">
     <span class='ocr_line' id='line_1_109' title="bbox 2084 4756 3668 4831; baseline -0.008 -13"><span class='ocrx_word' id='word_1_862' title='bbox 2084 4762 2225 4818; x_wconf 90' lang='lat' dir='ltr'><strong>aliud</strong></span> <span class='ocrx_word' id='word_1_863' title='bbox 2260 4762 2381 4816; x_wconf 91' lang='lat' dir='ltr'><strong>inde</strong></span> <span class='ocrx_word' id='word_1_864' title='bbox 2410 4761 2681 4825; x_wconf 86' lang='lat' dir='ltr'><strong>discimus,</strong></span> <span class='ocrx_word' id='word_1_865' title='bbox 2704 4776 2861 4831; x_wconf 92' lang='lat' dir='ltr'><strong>quam</strong></span> <span class='ocrx_word' id='word_1_866' title='bbox 2892 4760 3033 4831; x_wconf 90' lang='lat' dir='ltr'><strong>quod</strong></span> <span class='ocrx_word' id='word_1_867' title='bbox 3062 4776 3126 4814; x_wconf 90' lang='lat' dir='ltr'><strong>ne</strong></span> <span class='ocrx_word' id='word_1_868' title='bbox 3152 4760 3426 4812; x_wconf 89' lang='lat' dir='ltr'><strong>minimum</strong></span> <span class='ocrx_word' id='word_1_869' title='bbox 3454 4756 3668 4825; x_wconf 85' lang='lat' dir='ltr'><strong>quidem</strong></span> 
     </span>
    </p>
   </div>
   <div class='ocr_carea' id='block_1_110' title="bbox 2088 4851 3670 4925">
    <p class='ocr_par' dir='ltr' id='par_1_110' title="bbox 2088 4851 3670 4925">
     <span class='ocr_line' id='line_1_110' title="bbox 2088 4851 3670 4925; baseline -0.005 -16"><span class='ocrx_word' id='word_1_870' title='bbox 2088 4856 2343 4925; x_wconf 88' lang='lat' dir='ltr'><strong>temporis</strong></span> <span class='ocrx_word' id='word_1_871' title='bbox 2386 4864 2560 4910; x_wconf 91' lang='lat' dir='ltr'><strong>terere</strong></span> <span class='ocrx_word' id='word_1_872' title='bbox 2608 4863 2849 4920; x_wconf 83' lang='lat' dir='ltr'><strong>Oporteat</strong></span> <span class='ocrx_word' id='word_1_873' title='bbox 2876 4873 2888 4908; x_wconf 93' lang='lat'><strong>:</strong></span> <span class='ocrx_word' id='word_1_874' title='bbox 2917 4853 3122 4907; x_wconf 87' lang='lat' dir='ltr'><strong>etiamsi</strong></span> <span class='ocrx_word' id='word_1_875' title='bbox 3154 4862 3401 4908; x_wconf 82' lang='lat' dir='ltr'><strong>sexcenta</strong></span> <span class='ocrx_word' id='word_1_876' title='bbox 3433 4851 3535 4903; x_wconf 89' lang='lat' dir='ltr'><strong>alia</strong></span> <span class='ocrx_word' id='word_1_877' title='bbox 3583 4866 3670 4902; x_wconf 87' lang='lat' dir='ltr'><strong>ur-</strong></span> 
     </span>
    </p>
   </div>
   <div class='ocr_carea' id='block_1_111' title="bbox 2088 4944 3669 5021">
    <p class='ocr_par' dir='ltr' id='par_1_111' title="bbox 2088 4944 3669 5021">
     <span class='ocr_line' id='line_1_111' title="bbox 2088 4944 3669 5021; baseline -0.006 -17"><span class='ocrx_word' id='word_1_878' title='bbox 2088 4959 2263 5021; x_wconf 87' lang='lat' dir='ltr'><strong>geant,</strong></span> <span class='ocrx_word' id='word_1_879' title='bbox 2288 4948 2577 5018; x_wconf 90' lang='lat' dir='ltr'><strong>spiritualia</strong></span> <span class='ocrx_word' id='word_1_880' title='bbox 2600 4957 2723 5003; x_wconf 90' lang='lat' dir='ltr'><strong>sunt</strong></span> <span class='ocrx_word' id='word_1_881' title='bbox 2751 4962 2966 5016; x_wconf 91' lang='lat' dir='ltr'><strong>semper</strong></span> <span class='ocrx_word' id='word_1_882' title='bbox 2985 4945 3193 5000; x_wconf 66' lang='lat' dir='ltr'><strong>caneris</strong></span> <span class='ocrx_word' id='word_1_883' title='bbox 3217 4945 3298 5000; x_wconf 89' lang='lat' dir='ltr'><strong>vel</strong></span> <span class='ocrx_word' id='word_1_884' title='bbox 3322 4944 3551 4997; x_wconf 78' lang='lat' dir='ltr'><strong>maxime</strong></span> <span class='ocrx_word' id='word_1_885' title='bbox 3577 4960 3669 4996; x_wconf 84' lang='lat' dir='ltr'><strong>nc-</strong></span> 
     </span>
    </p>
   </div>
   <div class='ocr_carea' id='block_1_112' title="bbox 2087 5036 3671 5108">
    <p class='ocr_par' dir='ltr' id='par_1_112' title="bbox 2087 5036 3671 5108">
     <span class='ocr_line' id='line_1_112' title="bbox 2087 5036 3671 5108; baseline -0.008 -12"><span class='ocrx_word' id='word_1_886' title='bbox 2087 5040 2337 5096; x_wconf 87' lang='lat' dir='ltr'><strong>cessariis</strong></span> <span class='ocrx_word' id='word_1_887' title='bbox 2375 5038 2748 5107; x_wconf 88' lang='lat' dir='ltr'><strong>anteponenda</strong></span> <span class='ocrx_word' id='word_1_888' title='bbox 2769 5079 2784 5103; x_wconf 93' lang='lat'><strong>,</strong></span> <span class='ocrx_word' id='word_1_889' title='bbox 2829 5038 3210 5108; x_wconf 90' lang='lat' dir='ltr'><strong>seiendumque</strong></span> <span class='ocrx_word' id='word_1_890' title='bbox 3238 5045 3321 5091; x_wconf 90' lang='lat' dir='ltr'><strong>est</strong></span> <span class='ocrx_word' id='word_1_891' title='bbox 3345 5078 3357 5099; x_wconf 89' lang='lat'><strong>,</strong></span> <span class='ocrx_word' id='word_1_892' title='bbox 3385 5036 3508 5105; x_wconf 92' lang='lat' dir='ltr'><strong>quid</strong></span> <span class='ocrx_word' id='word_1_893' title='bbox 3543 5036 3671 5097; x_wconf 83' lang='lat' dir='ltr'><strong>vita,</strong></span> 
     </span>
    </p>
   </div>
   <div class='ocr_carea' id='block_1_113' title="bbox 2089 5125 3669 5202">
    <p class='ocr_par' dir='ltr' id='par_1_113' title="bbox 2089 5125 3669 5202">
     <span class='ocr_line' id='line_1_113' title="bbox 2089 5125 3669 5202; baseline -0.006 -15"><span class='ocrx_word' id='word_1_894' title='bbox 2089 5131 2216 5202; x_wconf 88' lang='lat' dir='ltr'><strong>quid</strong></span> <span class='ocrx_word' id='word_1_895' title='bbox 2248 5146 2391 5185; x_wconf 90' lang='lat' dir='ltr'><strong>mors</strong></span> <span class='ocrx_word' id='word_1_896' title='bbox 2417 5131 2505 5186; x_wconf 90' lang='lat' dir='ltr'><strong>sit.</strong></span> <span class='ocrx_word' id='word_1_897' title='bbox 2533 5130 2676 5184; x_wconf 80' lang='lat' dir='ltr'><strong>Multi</strong></span> <span class='ocrx_word' id='word_1_898' title='bbox 2699 5130 2840 5185; x_wconf 91' lang='lat' dir='ltr'><strong>enim</strong></span> <span class='ocrx_word' id='word_1_899' title='bbox 2870 5131 3028 5184; x_wconf 90' lang='lat' dir='ltr'><strong>etiam</strong></span> <span class='ocrx_word' id='word_1_900' title='bbox 3050 5146 3113 5184; x_wconf 81' lang='lat' dir='ltr'><strong>ex</strong></span> <span class='ocrx_word' id='word_1_901' title='bbox 3142 5129 3228 5193; x_wconf 91' lang='lat' dir='ltr'><strong>iis,</strong></span> <span class='ocrx_word' id='word_1_902' title='bbox 3258 5127 3345 5198; x_wconf 90' lang='lat' dir='ltr'><strong>qui</strong></span> <span class='ocrx_word' id='word_1_903' title='bbox 3382 5128 3557 5181; x_wconf 85' lang='lat' dir='ltr'><strong>vivere</strong></span> <span class='ocrx_word' id='word_1_904' title='bbox 3591 5125 3669 5177; x_wconf 76' lang='lat' dir='ltr'><strong>\i-</strong></span> 
     </span>
    </p>
   </div>
   <div class='ocr_carea' id='block_1_114' title="bbox 2091 5218 3669 5288">
    <p class='ocr_par' dir='ltr' id='par_1_114' title="bbox 2091 5218 3669 5288">
     <span class='ocr_line' id='line_1_114' title="bbox 2091 5218 3669 5288; baseline -0.008 -11"><span class='ocrx_word' id='word_1_905' title='bbox 2091 5224 2302 5288; x_wconf 89' lang='lat' dir='ltr'><strong>dentur,</strong></span> <span class='ocrx_word' id='word_1_906' title='bbox 2334 5238 2362 5276; x_wconf 94' lang='lat' dir='ltr'><strong>a</strong></span> <span class='ocrx_word' id='word_1_907' title='bbox 2406 5222 2631 5277; x_wconf 89' lang='lat' dir='ltr'><strong>mortuis</strong></span> <span class='ocrx_word' id='word_1_908' title='bbox 2677 5222 2807 5276; x_wconf 91' lang='lat' dir='ltr'><strong>nihil</strong></span> <span class='ocrx_word' id='word_1_909' title='bbox 2837 5222 3109 5286; x_wconf 76' lang='lat' dir='ltr'><strong>differunt,</strong></span> <span class='ocrx_word' id='word_1_910' title='bbox 3137 5221 3180 5275; x_wconf 82' lang='lat' dir='ltr'><strong>si</strong></span> <span class='ocrx_word' id='word_1_911' title='bbox 3222 5220 3272 5272; x_wconf 91' lang='lat' dir='ltr'><strong>in</strong></span> <span class='ocrx_word' id='word_1_912' title='bbox 3318 5220 3547 5287; x_wconf 82' lang='lat' dir='ltr'><strong>nequitia</strong></span> <span class='ocrx_word' id='word_1_913' title='bbox 3588 5218 3669 5266; x_wconf 81' lang='lat' dir='ltr'><strong>vi-</strong></span> 
     </span>
    </p>
   </div>
   <div class='ocr_carea' id='block_1_115' title="bbox 2091 5308 3673 5379">
    <p class='ocr_par' dir='ltr' id='par_1_115' title="bbox 2091 5308 3673 5379">
     <span class='ocr_line' id='line_1_115' title="bbox 2091 5308 3673 5379; baseline -0.006 -11"><span class='ocrx_word' id='word_1_914' title='bbox 2091 5327 2247 5379; x_wconf 88' lang='lat' dir='ltr'><strong>vant;</strong></span> <span class='ocrx_word' id='word_1_915' title='bbox 2281 5316 2388 5370; x_wconf 72' lang='lat' dir='ltr'><strong>iam</strong></span> <span class='ocrx_word' id='word_1_916' title='bbox 2429 5314 2724 5369; x_wconf 86' lang='lat' dir='ltr'><strong>deteriores</strong></span> <span class='ocrx_word' id='word_1_917' title='bbox 2765 5314 2925 5368; x_wconf 84' lang='lat' dir='ltr'><strong>etiam</strong></span> <span class='ocrx_word' id='word_1_918' title='bbox 2969 5313 3192 5367; x_wconf 87' lang='lat' dir='ltr'><strong>mortuis</strong></span> <span class='ocrx_word' id='word_1_919' title='bbox 3235 5320 3377 5364; x_wconf 91' lang='lat' dir='ltr'><strong>sunt.</strong></span> <span class='ocrx_word' id='word_1_920' title='bbox 3413 5308 3548 5361; x_wconf 85' lang='lat' dir='ltr'><strong>Nam</strong></span> <span class='ocrx_word' id='word_1_921' title='bbox 3589 5310 3673 5375; x_wconf 84' lang='lat' dir='ltr'><strong>qui</strong></span> 
     </span>
    </p>
   </div>
   <div class='ocr_carea' id='block_1_116' title="bbox 2095 5401 3671 5476">
    <p class='ocr_par' dir='ltr' id='par_1_116' title="bbox 2095 5401 3671 5476">
     <span class='ocr_line' id='line_1_116' title="bbox 2095 5401 3671 5476; baseline -0.004 -17"><span class='ocrx_word' id='word_1_922' title='bbox 2095 5419 2319 5462; x_wconf 83' lang='lat' dir='ltr'><strong>mortuus</strong></span> <span class='ocrx_word' id='word_1_923' title='bbox 2347 5418 2442 5473; x_wconf 88' lang='lat' dir='ltr'><strong>est,</strong></span> <span class='ocrx_word' id='word_1_924' title='bbox 2476 5408 2662 5476; x_wconf 89' lang='lat' dir='ltr'><strong>inquit,</strong></span> <span class='ocrx_word' id='word_1_925' title='bbox 2686 5408 2994 5476; x_wconf 75' lang='lat' dir='ltr'><strong>justi/iratus</strong></span> <span class='ocrx_word' id='word_1_926' title='bbox 3023 5416 3093 5459; x_wconf 86' lang='lat' dir='ltr'><strong>est</strong></span> <span class='ocrx_word' id='word_1_927' title='bbox 3120 5424 3149 5457; x_wconf 88' lang='lat' dir='ltr'><strong>a</strong></span> <span class='ocrx_word' id='word_1_928' title='bbox 3185 5415 3384 5471; x_wconf 67' lang='lat' dir='ltr'><strong>peccato</strong></span> <span class='ocrx_word' id='word_1_929' title='bbox 3416 5402 3588 5469; x_wconf 76' lang='lat' dir='ltr'><strong>(Rom.</strong></span> <span class='ocrx_word' id='word_1_930' title='bbox 3618 5401 3671 5452; x_wconf 78' lang='lat' dir='ltr'><strong>ti.</strong></span> 
     </span>
    </p>
   </div>
   <div class='ocr_carea' id='block_1_117' title="bbox 2094 5489 3673 5569">
    <p class='ocr_par' dir='ltr' id='par_1_117' title="bbox 2094 5489 3673 5569">
     <span class='ocr_line' id='line_1_117' title="bbox 2094 5489 3673 5569; baseline -0.008 -12"><span class='ocrx_word' id='word_1_931' title='bbox 2094 5502 2148 5569; x_wconf 71' lang='lat'><strong>&#39;2)</strong></span> <span class='ocrx_word' id='word_1_932' title='bbox 2174 5517 2188 5562; x_wconf 85' lang='lat'><strong>;</strong></span> <span class='ocrx_word' id='word_1_933' title='bbox 2223 5500 2307 5554; x_wconf 88' lang='lat' dir='ltr'><strong>hic</strong></span> <span class='ocrx_word' id='word_1_934' title='bbox 2330 5509 2505 5555; x_wconf 90' lang='lat' dir='ltr'><strong>autem</strong></span> <span class='ocrx_word' id='word_1_935' title='bbox 2530 5500 2777 5569; x_wconf 71' lang='lat' dir='ltr'><strong>nequitia:</strong></span> <span class='ocrx_word' id='word_1_936' title='bbox 2808 5500 2988 5555; x_wconf 87' lang='lat' dir='ltr'><strong>servit.</strong></span> <span class='ocrx_word' id='word_1_937' title='bbox 3023 5498 3097 5552; x_wconf 74' lang='lat' dir='ltr'><strong>Ne</strong></span> <span class='ocrx_word' id='word_1_938' title='bbox 3129 5496 3254 5551; x_wconf 86' lang='lat' dir='ltr'><strong>mihi</strong></span> <span class='ocrx_word' id='word_1_939' title='bbox 3277 5496 3497 5560; x_wconf 70' lang='lat' dir='ltr'><strong>dixeris,</strong></span> <span class='ocrx_word' id='word_1_940' title='bbox 3526 5489 3673 5543; x_wconf 83' lang='lat' dir='ltr'><strong>illum</strong></span> 
     </span>
    </p>
   </div>
   <div class='ocr_carea' id='block_1_118' title="bbox 2160 5656 2694 5720">
    <p class='ocr_par' dir='ltr' id='par_1_118' title="bbox 2160 5656 2694 5720">
     <span class='ocr_line' id='line_1_118' title="bbox 2160 5656 2694 5720; baseline -0.006 -12"><span class='ocrx_word' id='word_1_941' title='bbox 2160 5657 2173 5687; x_wconf 80' lang='grc'>⁸</span> <span class='ocrx_word' id='word_1_942' title='bbox 2210 5656 2421 5720; x_wconf 74' lang='lat' dir='ltr'><strong>Qutdam,</strong></span> <span class='ocrx_word' id='word_1_943' title='bbox 2448 5657 2511 5705; x_wconf 89' lang='lat' dir='ltr'><strong>ad</strong></span> <span class='ocrx_word' id='word_1_944' title='bbox 2534 5656 2694 5718; x_wconf 73' lang='lat' dir='ltr'><strong>fultus.</strong></span> 
     </span>
    </p>
   </div>
  </div>
