4080 6138
327 289 430 346 δίο

325 419 355 455 a
387 399 660 456 vermibus
688 414 796 454 non
831 399 1061 464 corrodi,
1087 414 1190 452 non
1213 397 1265 450 iu
1290 396 1560 465 sandapila
1585 396 1789 465 jacere,
1811 409 1914 448 non

325 492 516 545 oculos
555 490 847 553 clausisse,
878 505 1048 558 neque
1106 487 1302 542 institis
1345 488 1562 556 ligatum
1605 501 1746 543 esse.
1781 485 1912 541 Nam

325 585 568 654 graviora
606 582 826 652 patitur,
855 597 1013 652 quam
1059 590 1330 645 mortuus,
1365 595 1470 633 non
1500 579 1774 634 vermibus
1795 593 1918 632 cor-

326 675 672 738 rodentibus,
705 675 800 728 sed
839 672 964 727 feris
1007 671 1407 726 immanioribus
1440 671 1602 724 animi
1640 669 1918 724 affectibus

328 770 501 836 ipsum
525 766 966 836 discerpeutibus.
986 765 1041 820 Si
1062 775 1237 820 autem
1260 775 1472 834 apertos
1497 763 1688 817 habeat
1711 763 1914 826 oculos,

331 859 431 912 hoc
461 860 585 912 item
613 859 768 928 longe
812 859 962 927 pejus
988 867 1092 923 est,
1123 872 1280 927 quam
1321 858 1364 909 si
1392 857 1556 910 clausi
1601 864 1797 909 essent.
1827 855 1918 908 Et-

319 953 475 1004 enim
494 950 633 1004 oculi
657 949 851 1004 mortui
874 948 1006 1002 nihil
1026 949 1145 1002 mali
1171 947 1383 1010 vident;
1413 947 1498 1000 hic
1521 956 1699 1000 autem
1723 946 1919 1015 apertis

329 1043 499 1097 oculis
537 1042 847 1096 innumeros
889 1041 988 1094 sibi
1024 1038 1244 1093 attrahit
1281 1038 1514 1092 morbos.
1563 1037 1653 1091 Ille
1682 1037 1825 1106 jacet
1865 1037 1918 1091 in

326 1132 603 1202 sandapila
631 1131 696 1186 ad
729 1131 906 1186 omnia
948 1129 1270 1192 immobilis;
1299 1129 1383 1183 hic
1418 1130 1469 1181 in
1499 1129 1754 1198 sepulcro
1777 1143 1920 1183 mor—

328 1224 519 1279 borum
549 1223 694 1278 mille
727 1237 891 1276 onere
915 1221 1138 1274 obrutus
1175 1227 1276 1274 est.
1311 1221 1379 1272 At
1403 1235 1508 1273 non
1554 1221 1700 1273 vides
1724 1234 1919 1286 corpus

330 1331 447 1384 ejus
491 1313 802 1384 putridum?
831 1312 897 1366 Et
925 1311 1049 1381 quid
1095 1310 1231 1366 hoc?
1254 1310 1349 1363 llic
1376 1310 1606 1378 quippe,
1633 1319 1917 1378 antequam

329 1423 526 1476 corpus
551 1407 667 1474 ejus
697 1413 985 1475 putrescat,
1007 1405 1240 1458 animam
1265 1403 1421 1458 habet
1445 1412 1770 1472 corruptam,
1792 1417 1917 1472 per-

329 1499 520 1565 ditam,
548 1498 738 1554 fauore
777 1498 1007 1568 plurimo
1038 1496 1426 1550 labefactatam.
1448 1495 1538 1549 Ille
1578 1495 1791 1564 quidem
1825 1509 1922 1562 per

329 1593 515 1646 decem
537 1590 651 1646 dies
679 1590 848 1656 fmtet,
879 1587 967 1642 hic
995 1603 1123 1642 vero
1152 1603 1248 1658 per
1275 1596 1438 1640 totam
1478 1588 1638 1640 vitam
1671 1586 1915 1640 faetorem

329 1683 546 1744 emittit,
569 1696 631 1736 os
663 1681 865 1736 habens
890 1678 1588 1748 cloacisipsisimnmndius.
1605 1676 1725 1732 Uno
1752 1677 1920 1732 verbo

333 1783 535 1828 tantum
551 1773 620 1827 ab
650 1772 752 1827 hoc
773 1772 863 1827 ille
884 1770 1080 1836 differt,
1103 1781 1356 1840 quanttuu
1377 1769 1466 1824 ille
1493 1769 1707 1840 quidem
1729 1784 1920 1823 corru-

333 1866 568 1934 ptionem
592 1873 794 1917 natura:
822 1862 1052 1916 debitam
1079 1863 1290 1930 patitur,
1315 1861 1401 1915 hic
1419 1876 1547 1916 vero
1568 1876 1686 1915 cum
1711 1859 1795 1914 illa
1821 1875 1920 1929 pu-

335 1957 560 2022 trediue,
581 1971 698 2011 eam
731 1957 890 2010 etiam
913 1971 1029 2024 quae
1064 1971 1130 2007 ex
1161 1952 1359 2022 perdita
1387 1955 1557 2007 oritur
1580 1952 1687 2006 vita
1714 1952 1811 2006 sibi
1843 1962 1924 2005 at-

338 2049 524 2114 trahit;
549 2056 829 2104 sexcentas
856 2049 954 2103 sibi
985 2047 1224 2117 quotidie
1249 2049 1552 2116 excogitans
1567 2048 1924 2115 corruptionis

331 2140 559 2212 species.
581 2139 686 2195 Sed
708 2139 797 2195 ille
819 2153 958 2209 equo
975 2138 1177 2193 fertur?
1197 2138 1333 2204 Quid
1357 2138 1457 2192 hoc
1479 2139 1600 2193 est?
1620 2137 1748 2192 Nam
1769 2137 1852 2192 hic
1869 2138 1921 2191 in

333 2231 473 2285 lecto
493 2228 796 2294 decumbit;
825 2227 1072 2298 quodque
1093 2228 1305 2298 gravius
1335 2235 1437 2290 est,
1463 2227 1588 2281 dum
1625 2227 1770 2280 illum
1807 2243 1926 2280 cor-

334 2329 550 2389 ruptum
590 2330 646 2375 et
672 2319 945 2375 fatentem
990 2334 1146 2372 nemo
1182 2317 1344 2382 videt,
1367 2333 1489 2372 cum
1528 2333 1706 2371 arcam
1734 2317 1926 2372 habeat

334 2411 456 2465 velo
483 2419 758 2480 opertam;
805 2410 892 2465 hic
934 2410 1117 2465 vivens
1155 2425 1220 2464 ac
1258 2409 1474 2465 fmtidus
1510 2410 1924 2480 circumquaque

334 2511 576 2571 vagatur,
606 2510 870 2555 mortuam
897 2501 1126 2554 animam
1152 2502 1205 2555 in
1231 2515 1456 2571 corpore
1480 2502 1630 2571 quasi
1667 2503 1719 2556 in
1745 2503 1924 2570 sepul-

334 2608 429 2648 cro
455 2594 854 2648 circumferens.
883 2595 962 2648 Ae
989 2597 1032 2647 si
1071 2603 1251 2664 posset
1275 2595 1448 2649 anima
1475 2597 1709 2665 conspici
1746 2597 1842 2650 viri
1871 2597 1922 2650 iu

333 2685 544 2742 deliciis
585 2694 640 2741 et
667 2685 720 2740 in
754 2687 986 2758 nequitia
1015 2687 1270 2754 viventis,
1303 2688 1511 2743 videres
1539 2689 1695 2759 longe
1733 2689 1923 2743 melius

335 2791 457 2833 esse
498 2777 549 2832 in
574 2777 818 2848 sepulcro
845 2779 1058 2848 ligatum
1077 2779 1291 2847 jacere,
1319 2795 1474 2847 quam
1502 2780 1702 2834 catenis
1733 2795 1922 2848 pecca-

337 2880 512 2926 torum
538 2871 866 2942 constringi;
897 2886 960 2926 ac
1005 2872 1231 2940 lapidem
1263 2873 1656 2942 Superpositum
1701 2873 1916 2940 habere,

335 2980 494 3034 quam
523 2981 684 3036 grave
722 2965 848 3020 illud
875 2966 1296 3022 insensibilitatis
1320 2967 1648 3036 operculum.
1679 2969 1922 3038 Quapro-

339 3067 456 3124 pter
484 3058 733 3110 comenit
759 3066 816 3112 ut
844 3068 1176 3112 mortuorum
1198 3057 1454 3112 horumce
1471 3059 1778 3128 propinqui,
1797 3074 1924 3129 quo-

339 3148 486 3204 niam
524 3145 600 3200 illi
633 3147 713 3202 sie
749 3147 869 3201 sine
897 3163 1061 3202 sensu
1084 3147 1291 3216 jacent,
1324 3148 1391 3202 ad
1429 3147 1614 3202 Jesum
1653 3152 1915 3208 accedant

333 3251 432 3305 pro
461 3237 567 3291 illis
589 3279 604 3302 ,
629 3247 686 3290 ut
710 3238 834 3290 olim
863 3238 1024 3291 Maria
1055 3254 1150 3307 pro
1178 3239 1400 3294 Lazaro.
1433 3241 1654 3296 Etiamsi
1683 3241 1918 3312 fmtidus,

333 3327 545 3383 etiamsi
567 3329 950 3397 quatriduanus
970 3331 1060 3395 sit,
1085 3346 1152 3384 ne
1181 3331 1472 3401 desperes:
1502 3333 1594 3387 sed
1623 3335 1837 3400 accede;
1866 3346 1922 3391 et

331 3418 566 3485 lapidem
611 3418 754 3487 prius
790 3435 1024 3474 remove.
1049 3420 1178 3473 Nam
1222 3429 1348 3476 tunc
1378 3424 1580 3478 videbis
1616 3425 1914 3492 jacentem,

331 3509 481 3576 quasi
514 3510 564 3562 in
591 3509 858 3578 sepulcro,
891 3520 947 3566 et
968 3513 1144 3567 fasciis
1172 3513 1408 3582 ligatum.
1441 3515 1505 3570 Et
1550 3518 1592 3572 si
1640 3519 1831 3586 placet,
1865 3521 1915 3574 iu

332 3601 564 3656 medium
603 3603 903 3672 quempiam
949 3621 1014 3659 ex
1057 3605 1182 3660 viris
1228 3607 1521 3662 illustribus
1567 3609 1914 3668 adducamus.

329 3696 400 3756 At
429 3710 496 3749 nc
518 3695 780 3760 timentis;
813 3697 972 3751 tacito
1001 3699 1195 3768 quippe
1225 3700 1440 3755 nomine
1465 3704 1764 3772 exemplum
1795 3721 1917 3774 pro-

331 3785 530 3849 feram;
565 3785 692 3854 imo,
729 3788 772 3841 si
810 3803 1002 3843 nomen
1043 3789 1297 3856 dicerem,
1328 3805 1395 3845 ne
1438 3792 1515 3847 sic
1541 3793 1754 3862 quidem
1799 3812 1913 3851 me-

331 3878 581 3934 tuendqu
611 3888 774 3934 esset.
803 3881 932 3948 Quis
960 3883 1103 3936 enim
1132 3899 1380 3953 umquam
1409 3895 1677 3940 mortuum
1704 3887 1912 3943 timuit?

1221 281 1288 340 IN
1322 279 1728 339 IIIATTIIJEUM
1770 272 1999 334 IIOMIL.
2043 277 2276 337 XXVIII.
2317 283 2388 338 al.
2429 285 2621 342 XXIX.

3497 289 3603 350 350

2023 397 2079 452 Si
2107 397 2233 468 quid
2254 399 2395 452 enim
2426 399 2628 463 fecerit,
2658 406 2898 454 mortuus
2930 407 3102 456 tamen
3131 410 3341 468 manet;
3363 411 3604 458 mortuus

1999 506 2150 546 vero
2179 493 2441 547 viventem
2483 493 2677 547 la-dere
2720 493 2866 546 nullo
2895 503 3050 562 pacto
3090 505 3281 563 potest.
3317 495 3600 552 Videamus

2024 585 2201 653 itaque
2222 595 2380 654 caput
2400 585 2517 654 ejus
2548 586 2785 656 ligatum.
2809 585 2939 640 Nam
2966 603 3084 641 cum
3111 588 3300 643 crebro
3320 590 3427 646 sint
3447 591 3602 660 ebrii,

2023 677 2244 746 perinde
2287 688 2445 746 atque
2481 679 2672 732 mortui
2706 679 2885 732 nmltis
2925 679 3273 734 velaminibus
3311 691 3363 734 et
3401 681 3601 746 fasciis,

2021 769 2099 822 sic
2128 783 2314 823 omnes
2353 769 2572 822 istorum
2597 784 2785 823 sensus
2809 769 3158 824 occluduntur
3177 780 3231 826 et
3268 771 3515 841 ligantur.
3545 772 3604 830 Si

2023 859 2170 913 Iubet
2210 861 2368 912 etiam
2399 874 2586 912 manus
2626 859 2828 925 videre,
2861 859 2977 912 illas
3001 861 3299 929 conspicias
3322 863 3490 916 ventri
3521 863 3602 917 al-

2023 950 2227 1018 ligatas,
2250 959 2305 1002 ut
2331 949 2699 1002 defunctorum
2728 965 2935 1014 manus,
2953 961 3005 1005 et
3025 951 3250 1016 vinctas,
3269 968 3375 1006 non
3404 951 3604 1020 fasciis,

2021 1040 2116 1096 sed
2143 1040 2382 1094 avaritia:
2412 1041 2652 1104 vinculis,
2679 1040 2817 1110 quod
2846 1042 3000 1110 longe
3029 1040 3262 1097 deterius
3285 1055 3401 1108 est;
3433 1059 3606 1114 neque

2023 1133 2163 1185 enim
2194 1133 2450 1202 permittit
2489 1133 2574 1185 illa
2603 1141 2658 1184 ut
2698 1133 2762 1185 ad
2803 1132 3232 1202 elcemosynam,
3265 1133 3347 1186 vel
3373 1133 3436 1188 ad
3464 1133 3602 1188 aliud

2021 1223 2306 1292 quodpiam
2347 1239 2482 1292 opus
2511 1223 2703 1276 bonum
2745 1222 3133 1289 extendantur;
3171 1223 3265 1278 sed
3313 1225 3608 1281 inutiliores

2022 1313 2221 1377 efficit,
2252 1329 2408 1382 quam
2453 1325 2780 1366 mortuorum
2814 1328 3022 1367 manus.
3054 1312 3216 1366 Visne
3242 1323 3297 1366 ut
3323 1314 3482 1368 etiam
3516 1329 3607 1383 pe-

2023 1407 2120 1461 des
2147 1407 2396 1461 similiter
2421 1407 2632 1459 vinetos
2670 1405 2984 1459 videamus?
3013 1405 3138 1460 Illos
3164 1422 3373 1476 quoque
3403 1407 3608 1477 respice

2021 1500 2166 1552 curis
2199 1498 2515 1552 constrictos
2537 1537 2553 1561 ,
2594 1496 2682 1565 qni
2712 1495 2829 1550 ideo
2858 1510 2964 1549 non
2991 1497 3197 1564 possint
3223 1496 3289 1550 ad
3324 1498 3606 1552 ecclesiam

2025 1591 2119 1644 Dei
2161 1605 2464 1659 properare.
2503 1588 2686 1642 \‘idisri
2729 1588 3032 1641 mortuum?
3059 1587 3434 1642 Pollinctorem
3464 1589 3606 1643 vide.

2022 1683 2153 1749 Quis
2196 1682 2382 1734 borum
2431 1680 2716 1749 pollinctor
2751 1679 2871 1732 est?
2904 1677 3152 1731 Diabolus
3188 1677 3278 1746 qui
3327 1677 3608 1747 diligenter

2023 1773 2167 1842 ipsos
2191 1772 2524 1841 constringit,
2559 1786 2655 1824 nec
2685 1770 2810 1823 sinit
2834 1778 2891 1822 ut
2921 1768 3083 1821 homo
3107 1782 3232 1822 vere
3261 1765 3422 1820 hoino
3443 1781 3608 1836 appa-

2024 1875 2174 1931 reat,
2204 1865 2298 1920 sed
2339 1865 2534 1934 lignum
2572 1864 2799 1916 aridum.
2831 1861 2927 1916 ι]ὺὶ
2955 1861 3100 1916 enim
3135 1875 3236 1914 nec
3277 1861 3466 1914 oculus
3510 1875 3608 1914 nec

2025 1974 2236 2023 manus,
2270 1973 2368 2013 nec
2402 1957 2582 2026 pedes,
2618 1972 2714 2009 nec
2739 1955 2880 2008 aliud
2911 1953 3213 2023 lmjusmodi
3239 1964 3322 2008 est
3342 1951 3609 2023 quomodo

2025 2066 2144 2105 esse
2169 2065 2322 2119 posse
2338 2049 2496 2103 homo
2519 2049 2796 2102 videatur?
2818 2048 2906 2102 Sic
2927 2047 3162 2116 ipsorum
3184 2047 3412 2100 animam
3437 2045 3611 2098 fasciis

2027 2141 2326 2196 devinctam
2358 2141 2671 2208 conspicere
2702 2148 2816 2202 est,
2865 2137 3067 2191 idolum
3099 2137 3266 2203 magis
3294 2150 3452 2204 quam
3495 2135 3611 2188 ani-

2027 2249 2188 2287 mam.
2221 2231 2482 2299 Quoniam
2516 2231 2672 2301 igitur
2707 2230 2804 2298 ipsi
2849 2230 2965 2283 sine
2993 2242 3152 2282 sensu
3175 2225 3354 2296 jaccnt
3391 2225 3610 2291 mortui,

2027 2340 2126 2395 pro
2152 2324 2253 2378 illis
2281 2324 2346 2378 ad
2367 2323 2550 2378 Jesum
2572 2319 2903 2382 accedamus,
2928 2333 3209 2388 precemur
3231 2325 3287 2370 ut
3311 2325 3610 2384 resurgant,

2026 2430 2368 2470 amoveamus
2387 2411 2635 2484 lapidem,
2653 2412 2920 2465 solvamus
2950 2408 3161 2478 fascias.
3189 2407 3245 2461 Si
3272 2407 3413 2460 enim
3433 2407 3612 2461 abstu-

2029 2507 2155 2562 leris
2179 2506 2429 2575 lapidem,
2455 2505 2506 2558 id
2533 2512 2636 2569 est,
2661 2503 2801 2556 illam
2831 2502 2880 2555 in
2905 2499 3058 2554 malis
3080 2513 3332 2553 sensuum
3361 2497 3612 2566 privatio-

2027 2615 2172 2664 nem,
2200 2600 2307 2652 eito
2335 2599 2452 2651 illos
2479 2612 2510 2650 e
2535 2595 2780 2664 sepulcro
2803 2593 3052 2649 eduxeris
3082 2608 3094 2643 :
3125 2591 3350 2646 eductos
3379 2604 3506 2644 vero
3529 2588 3612 2642 fa-

2029 2692 2184 2745 cilius
2212 2705 2240 2742 a
2286 2689 2511 2742 vinculis
2553 2687 2820 2741 liberabis.
2854 2684 3004 2739 Tunc
3046 2695 3096 2737 te
3132 2680 3400 2735 Christum
3445 2695 3612 2750 agno-

2030 2791 2162 2846 scet,
2188 2794 2309 2834 cum
2351 2778 2677 2840 surrexeris;
2703 2791 2822 2830 cum
2853 2775 3059 2830 solutus
3089 2772 3274 2835 fueris,
3313 2781 3438 2824 tunc
3467 2781 3518 2824 te
3546 2770 3612 2824 ad

2027 2891 2236 2930 comam
2280 2889 2428 2928 suam
2467 2871 2699 2928 vocabit.
2725 2870 2992 2938 Quotquot
3028 2867 3186 2936 igitur
3224 2863 3422 2918 Christi
3457 2863 3612 2917 amici

2026 2969 2176 3030 estis,
2209 2975 2466 3037 quotquot
2492 2964 2756 3033 discipuli,
2785 2969 3042 3032 quotquot
3073 2968 3338 3015 mortuum
3363 2956 3612 3026 diligitis,
3661 3020 3670 3024 ι

2027 3060 2093 3114 ad
2132 3059 2312 3114 Jesum
2357 3058 2622 3126 supplices
2660 3054 2895 3108 accedite
2936 3061 2989 3107 et
3032 3051 3340 3120 supplicate.
3391 3047 3612 3101 Etiamsi

2023 3155 2169 3211 enim
2209 3164 2556 3219 summOpere
2585 3148 2802 3202 ftetidus
2829 3146 2929 3210 sit,
2983 3151 3216 3198 attamen
3262 3156 3366 3196 non
3414 3141 3614 3196 debent

2029 3245 2308 3315 propinqui
2341 3241 2457 3310 ejus
2482 3242 2651 3309 ipsum
2679 3238 2948 3299 deserere,
2978 3234 3072 3288 sed
3101 3241 3246 3288 tanto
3271 3235 3435 3302 magis
3461 3247 3613 3285 acce-

2025 3337 2155 3393 dere
2181 3378 2195 3402 ,
2227 3346 2426 3404 quanto
2466 3332 2634 3402 magis
2665 3327 2889 3399 putredo
2918 3335 3139 3395 augetur
3166 3341 3179 3378 :
3218 3333 3274 3378 ut
3313 3334 3437 3377 tunc
3474 3322 3612 3377 fece-

2026 3438 2148 3482 runt
2176 3426 2358 3480 Lazari
2385 3437 2634 3486 sorores;
2663 3434 2834 3490 neque
2873 3426 2996 3471 ante
3021 3415 3316 3479 discedere,
3341 3423 3610 3483 rogantes,

2023 3529 2304 3590 precantes
2327 3561 2342 3585 ,
2384 3515 2742 3586 supplicantes
2762 3553 2776 3576 ,
2808 3526 2964 3579 quam
2996 3510 3140 3562 illum
3169 3507 3431 3562 viventem
3460 3520 3611 3559 rece-

2024 3614 2277 3685 perimus.
2307 3611 2436 3666 Nam
2463 3611 2506 3665 si
2535 3609 2612 3663 sic
2641 3623 2728 3662 res
2753 3613 2964 3660 uestras
2989 3612 3042 3656 et
3071 3601 3430 3671 proximorum
3457 3615 3610 3654 cure-

2023 3721 2164 3767 mus,
2201 3702 2428 3758 futuram
2469 3701 2575 3755 cito
2606 3701 2763 3752 vitam
2792 3709 3224 3764 consequemur:
3255 3707 3357 3762 qua
3403 3692 3604 3744 utinam

2021 3812 2120 3850 nos
2149 3796 2247 3849 frui
2275 3793 2562 3862 contingat,
2587 3790 2751 3861 gratia
2783 3798 2834 3842 et
2864 3787 3185 3856 benignitate
3209 3783 3415 3839 Domini
3438 3783 3606 3839 nostri

2019 3888 2145 3944 Jesu
2172 3886 2389 3950 Christi,
2412 3884 2494 3938 cui
2518 3883 2680 3952 gloria
2710 3881 2759 3932 in
2786 3879 2977 3932 sarcula
3007 3875 3344 3930 smctilorttm.
3379 3875 3569 3928 Amen.

863 4011 3604 4038 ,,__,__________________________________________

1397 4094 1743 4157 HOMILIA
1787 4098 2081 4161 XXVIII.
2125 4099 2208 4160 al.
2255 4095 2498 4157 XXIX.

324 4237 452 4295 CAP.
493 4237 546 4292 8.
597 4253 649 4292 ν.
692 4237 782 4293 95.
835 4237 903 4292 Et
945 4237 1238 4292 ascendenle
1281 4254 1338 4292 eo
1375 4239 1429 4292 in
1475 4239 1779 4303 naviculam,
1823 4255 1906 4293 se-

393 4332 534 4399 quuti
563 4343 676 4388 sunt
697 4349 809 4386 cum
830 4331 1068 4401 discipuli
1093 4331 1225 4401 ejus.
1249 4332 1340 4384 24.
1370 4329 1438 4384 Et
1465 4347 1576 4384 ecce
1604 4342 1768 4385 motus
1795 4349 1902 4384 ma-

393 4440 523 4494 gnus
551 4427 716 4494 [actus
761 4436 834 4480 est
882 4426 934 4478 iu
963 4425 1113 4489 mari,
1147 4424 1220 4476 ita
1267 4431 1321 4476 ut
1349 4423 1584 4477 navicula
1627 4424 1905 4492 operiretur

391 4517 624 4583 ﬂuctibus
649 4531 668 4569 :
686 4515 794 4583 ipse
813 4531 924 4570 vero
953 4515 1249 4568 dormiebat.

391 4606 444 4660 1.
477 4604 640 4658 Nulla
667 4607 794 4658 inter
818 4607 1142 4676 evangelistas
1171 4607 1502 4662 dissonantia.
1526 4604 1800 4667 —Lucas,
1835 4619 1901 4658 ne

317 4697 438 4766 quis
470 4698 536 4750 ab
568 4698 681 4764 ipso
711 4706 1006 4766 temporum
1045 4699 1287 4754 ordinem
1340 4699 1611 4769 exigeret,
1661 4698 1739 4752 sic
1784 4697 1896 4751 ait:

319 4786 540 4840 Factum
567 4796 637 4839 est
663 4787 713 4839 in
735 4803 834 4840 una
859 4787 1072 4851 dierum,
1107 4799 1152 4841 et
1204 4791 1312 4858 ipse
1365 4789 1589 4843 ascendit
1616 4789 1668 4841 in
1700 4787 1900 4840 navicu-

315 4881 442 4942 lam,
477 4888 520 4932 et
544 4878 782 4944 discipuli
805 4880 912 4948 ejus
941 4878 1091 4947 (Luc.
1121 4880 1175 4934 8.
1197 4880 1313 4949 2'2).
1347 4881 1554 4934 Marcus
1580 4895 1790 4950 quoque
1822 4883 1898 4933 si-

315 4973 538 5028 militer.
564 4970 662 5024 llic
676 4985 804 5024 vero
849 4985 954 5024 non
979 4972 1126 5036 item,
1157 4972 1247 5026 sed
1285 4981 1585 5041 temporum
1611 4969 1900 5040 quamdatr.

315 5073 494 5117 servat
527 5063 741 5115 seriem.
764 5059 946 5129 Neque
967 5062 1108 5114 enim
1126 5064 1301 5117 omnia
1323 5077 1510 5120 omnes
1527 5060 1715 5114 eodem
1741 5059 1897 5113 modo

315 5156 626 5209 describunt
658 5172 670 5207 :
705 5153 755 5206 id
787 5153 924 5222 quod
956 5170 984 5204 a
1019 5168 1104 5207 me
1137 5154 1243 5222 jam
1273 5169 1430 5222 supra
1462 5154 1662 5210 dictum
1701 5163 1803 5216 est,
1830 5169 1895 5206 ne

313 5248 433 5316 quis
462 5263 525 5301 ex
556 5247 846 5299 omissioue
874 5245 1255 5299 dissonantium
1302 5246 1438 5299 inter
1479 5247 1622 5314 ipsos
1649 5260 1768 5300 esse
1797 5261 1892 5312 pu-

316 5349 470 5394 taret.
501 5338 694 5392 Turhis
726 5338 904 5406 itaque
937 5337 1248 5406 praemissis,
1286 5336 1578 5404 discipulos
1607 5352 1784 5390 serum
1804 5352 1894 5387 as-

313 5429 578 5498 sumpsit:
608 5445 728 5482 nam
759 5427 859 5482 hoc
890 5428 962 5482 illi
991 5427 1195 5484 dicunt.
1226 5427 1531 5495 Assumpsit
1562 5437 1740 5488 autem
1787 5441 1891 5478 non

313 5523 503 5574 frustra
528 5563 542 5585 ,
594 5536 690 5575 nec
732 5521 847 5574 sine
873 5533 1030 5573 causa
1061 5558 1077 5583 ,
1109 5517 1203 5571 sed
1232 5527 1287 5571 ut
1318 5517 1476 5570 futuri
1507 5517 1742 5570 miraculi
1773 5531 1894 5584 spe-

308 5625 543 5670 etatores
573 5621 767 5666 essent.
799 5610 1257 5677 Quemadmodum
1306 5609 1448 5664 enim
1485 5608 1743 5675 palzustrm
1775 5623 1890 5660 ma-

305 5711 476 5783 gister
501 5705 753 5766 Optimus,
785 5703 850 5757 ad
883 5713 1166 5767 utrumque
1201 5703 1318 5757 illos
1364 5700 1648 5756 exercebat
1677 5741 1690 5760 .
1731 5707 1789 5752 ut
1836 5699 1886 5751 in

2018 4240 2174 4294 malis
2213 4235 2556 4308 imperterriti
2587 4240 2800 4294 essent,
2849 4237 2902 4284 et
2932 4229 2984 4282 in
3013 4225 3307 4281 honoribus
3340 4223 3593 4278 modesti.

2013 4332 2092 4386 Ne
2115 4332 2281 4385 altum
2302 4330 2443 4383 enim
2475 4334 2748 4396 saperent,
2779 4320 2942 4392 quod,
2968 4317 3148 4373 missis
3169 4316 3308 4380 aliis,
3340 4315 3492 4384 ipsos
3510 4329 3594 4368 re-

2014 4423 2278 4486 tinuisset,
2327 4426 2696 4489 tempestatem
2750 4411 3028 4484 permittit,
3054 4417 3164 4464 tum
3196 4416 3254 4460 ut
3285 4405 3385 4460 boc
3409 4403 3596 4459 effice-

2011 4524 2114 4580 ret,
2137 4523 2244 4568 tum
2269 4521 2326 4566 ut
2349 4526 2444 4566 eos
2475 4509 2538 4563 ad
2564 4506 2814 4562 ferendas
2836 4503 3044 4557 fortiter
3071 4510 3337 4553 aerumnas
3363 4509 3595 4550 exerce-

2011 4614 2114 4661 ret.
2143 4604 2274 4659 Nam
2302 4616 2490 4671 magna
2517 4598 2732 4669 quidem
2761 4605 2914 4649 erant
2939 4592 3114 4663 priora
3139 4589 3310 4658 signa,
3336 4585 3429 4640 sed
3455 4600 3587 4655 prmo

2008 4713 2132 4752 sens
2150 4699 2358 4767 signum
2381 4709 2484 4748 nou
2507 4705 2724 4762 parvam
2749 4686 3029 4757 quamdam
3052 4678 3489 4738 exercitationem
3506 4674 3590 4730 af-

2008 4788 2254 4854 ferebat,
2299 4801 2361 4840 ac
2392 4783 2556 4838 veteri
2587 4779 2796 4835 euidam
2825 4779 2975 4846 signo
2998 4772 3172 4827 simile
3198 4778 3332 4824 erat.
3360 4767 3589 4836 Ideoque

2007 4879 2151 4932 solos
2193 4893 2374 4933 secum
2403 4872 2621 4929 adducit
2667 4868 2976 4937 discipulos.
3014 4864 3145 4918 Nam
3192 4861 3283 4915 tibi
3328 4858 3586 4914 miracula

2007 4969 2324 5032 edebantur,
2376 4966 2624 5035 populum
2649 4957 3023 5014 sinitatlesse:
3057 4954 3143 5007 ubi
3191 4967 3318 5008 vero
3348 4951 3584 5021 pericula

2007 5069 2062 5112 et
2091 5069 2327 5112 terrores
2350 5097 2364 5118 ,
2395 5052 2685 5122 discipulos
2707 5090 2721 5112 ,
2755 5049 2986 5102 athletas
3016 5060 3208 5115 nempe
3242 5043 3420 5108 orbis,
3449 5055 3584 5111 quos

2007 5151 2400 5204 exercitaturus
2429 5155 2564 5209 erat,
2610 5143 2756 5196 solos
2783 5155 2964 5196 secum
3008 5136 3250 5193 assumit.
3301 5131 3582 5188 Mattlimus

2006 5243 2177 5296 solum
2201 5239 2350 5302 dicit,
2380 5237 2552 5305 ipsum
2582 5231 2925 5295 dormivisse,
2958 5230 3129 5284 Lucas
3160 5241 3288 5280 vero
3330 5221 3494 5284 addit,
3524 5218 3582 5275 in

2003 5329 2257 5387 cervieali
2287 5328 2386 5400 (a),
2412 5325 2700 5381 ostendens
2719 5338 2878 5393 quam
2903 5329 3049 5376 esset
3087 5333 3117 5370 a
3151 5317 3285 5370 fastu
3321 5312 3533 5364 alienus
3553 5345 3574 5374 ,

2001 5435 2053 5479 et
2080 5423 2146 5476 ad
2190 5435 2434 5490 magnam
2488 5417 2612 5472 inde
2671 5412 3062 5485 philosophiam
3115 5422 3214 5461 nos
3271 5401 3574 5456 instituens.

2059 5578 2132 5638 (τι)
2165 5577 2238 5627 sic
2260 5588 2432 5623 omnes
2464 5573 2581 5638 Fditi
2607 5579 2659 5638 et
2695 5566 2998 5638 atauuscripti

1993 5616 2877 5700 cci_§EE;.B§ﬁ-§{{&£totios.ani—iitum)
2902 5616 3061 5695 hbeas.
3074 5621 3163 5671 sed
3188 5627 3368 5668 Marcus
3380 5623 3473 5674 est,
3489 5616 3573 5678 qui

1995 5693 2161 5761 habet,
2186 5699 2234 5763 4,
2256 5700 2318 5749 58
2335 5693 2354 5748 ἐ
2377 5708 2526 5761 super
2547 5693 2750 5748 cervical
2766 5693 3022 5741 damneris.
