4080 6138
595 266 691 320 (viil

591 379 790 433 Oborta
815 379 994 451 itaque
1020 392 1333 452 tempestate
1350 401 1472 441 cum
1498 388 1696 444 fureret
1716 405 1885 457 mare,
1912 392 2055 448 illutn
2079 412 2143 450 ex

587 473 753 527 citant
774 473 1015 530 dicentes
1038 495 1050 530 :
1078 477 1168 535 95.
1201 476 1419 535 Domine
1439 525 1452 547 ,
1482 484 1621 537 salva
1648 502 1761 551 uos,
1792 488 2027 556 perimus.
2054 488 2168 557 Ipse

593 576 719 616 vero
746 564 865 618 illos
897 567 1149 635 primum,
1181 569 1377 625 deinde
1404 588 1551 628 mare
1575 574 1893 645 increpavit.
1926 579 2078 660 Nam,
2109 589 2164 633 ut

591 655 716 720 dixi,
744 658 1147 715 exercitationis
1177 676 1337 718 causa
1390 663 1501 719 haec
1525 657 1985 735 permittebantur,
2015 680 2068 725 et
2100 672 2160 725 fi-

589 763 731 813 gura:
761 759 917 804 erant
944 753 1318 820 tentationttm,
1369 772 1488 826 qua:
1517 758 1662 826 ipsos
1698 772 1850 815 erant
1879 764 2159 818 invasurm.

592 839 798 895 Etenim
834 854 1015 911 postea
1045 862 1186 915 szepc
1218 850 1455 917 permisit
1486 865 1579 905 θος
1606 854 1656 906 in
1684 856 1957 924 graviores
1999 873 2162 923 nego-

590 932 780 1003 tiorum
832 936 1089 1002 procellas
1131 937 1387 1005 incidere,
1457 946 1512 991 ct
1543 954 1867 1001 succurrere
1918 944 2156 1003 distulit.

582 1002 733 1078 [inde
763 1024 957 1080 Paulus
987 1027 1233 1083 dicebat:
1267 1002 1405 1085 Nolo
1434 1044 1602 1087 autem
1628 1052 1714 1089 vos
1746 1038 2001 1108 ignorare,
2043 1044 2157 1110 fra-

578 1122 694 1177 tres,
727 1116 961 1182 quoniam
993 1118 1134 1172 valde
1157 1123 1352 1189 gravati
1398 1139 1569 1178 sumus
1612 1141 1770 1193 supra
1800 1127 1948 1195 vires,
1979 1129 2051 1183 ita
2102 1140 2156 1184 ut

575 1222 666 1259 nos
692 1206 894 1260 truderet
921 1210 1071 1262 etiam
1103 1213 1261 1266 vivere
1284 1212 1359 1285 (‘2.
1391 1215 1508 1269 Cor.
1537 1217 1590 1271 1.
1616 1217 1672 1287 8)
1698 1235 1713 1282 ;
1736 1226 1792 1273 et
1820 1230 2021 1289 postea,
2053 1222 2157 1287 Qui

573 1311 636 1348 ea:
656 1305 726 1348 tot
752 1299 996 1353 mortibus
1026 1318 1116 1355 uos
1143 1305 1327 1373 eripuit
1358 1304 1517 1373 (Ibid.
1548 1325 1596 1361 υ.
1631 1310 1741 1379 10).
1789 1309 1860 1366 Ut
1905 1313 2151 1367 ostendat

571 1385 751 1455 igitur,
778 1387 969 1443 fiducia
1000 1392 1073 1444 uti
1099 1403 1368 1460 oportere,
1391 1397 1597 1451 etiamsi
1622 1401 1794 1468 magni
1818 1403 2153 1458 concitentur

571 1478 790 1543 fluctus,
826 1482 1104 1552 ipsumque
1121 1488 1298 1540 omnia
1332 1489 1533 1543 utiliter
1554 1492 1887 1561 dispensare,
1919 1497 2147 1563 primum

569 1571 712 1634 ipsos
735 1573 992 1643 increpat.
1026 1575 1157 1629 Nam
1182 1579 1320 1645 quod
1356 1581 1547 1635 turbati
1575 1582 1790 1650 fuerint,
1816 1585 1867 1639 id
1896 1586 1996 1640 illis
2021 1587 2147 1641 utile

570 1661 688 1727 fuit,
712 1675 771 1717 ut
797 1668 968 1733 majus
994 1683 1116 1723 esse
1139 1671 1454 1725 miraculum
1485 1673 1776 1739 videretur,
1810 1688 1862 1731 et
1890 1690 2141 1747 perpetua

563 1765 866 1810 servaretur
891 1759 967 1811 rei
997 1762 1271 1816 memoria.
1304 1763 1526 1830 Quando
1547 1767 1689 1820 enim
1716 1767 2141 1840 inexspectatum

562 1846 832 1914 quidpiam
864 1847 1100 1904 futurum
1141 1862 1240 1916 est,
1279 1855 1440 1908 multa
1472 1868 1836 1926 praeparantur
1863 1863 2140 1919 servandae

560 1937 633 1990 rei
658 1938 928 1993 memoriae
949 1952 1269 2010 opportuna,
1304 1960 1370 1998 ne
1396 1945 1596 2000 editum
1620 1958 1805 2016 postea
1822 1951 2137 2009 miraculum

557 2026 608 2078 in
638 2027 958 2085 oblivionem
990 2033 1188 2086 veniat.
1242 2034 1331 2090 Sic
1372 2036 1583 2107 Moyses
1616 2051 1921 2110 serpentem
1966 2047 2138 2115 primo

554 2115 889 2183 formidavit,
940 2138 1036 2177 nec
1073 2125 1230 2178 modo
1266 2126 1591 2195 formidavit,
1648 2132 1744 2187 sed
1782 2150 1901 2189 cum
1944 2153 2136 2208 magno

549 2209 711 2264 animi
757 2220 980 2277 terrore,
1030 2223 1260 2285 tuncque
1289 2218 1421 2272 vidit
1446 2222 1763 2289 stupendum
1794 2225 1921 2281 illud
1950 2229 2132 2298 prodi-

545 2299 711 2366 gium.
743 2301 818 2355 Ita
841 2310 893 2355 et
917 2303 1185 2373 discipuli,
1229 2322 1350 2361 cum
1377 2309 1489 2373 jam
1522 2309 1590 2366 dc
1617 2313 1788 2368 salute
1831 2314 1999 2371 ferme
2031 2319 2132 2373 de—

546 2401 876 2457 sperassent,
912 2402 1038 2448 tunc
1069 2395 1382 2463 liberantur,
1423 2410 1480 2453 ut
1513 2404 1806 2471 periculum
1844 2406 2075 2463 confessi
2109 2448 2127 2475 ,

546 2481 787 2535 miraculi
819 2485 1234 2552 magnitudinem
1276 2487 1597 2546 ediscerent.
1627 2492 1855 2564 Ideoque
1889 2496 2125 2556 dormit:

548 2586 672 2625 nam
699 2572 743 2625 si
774 2573 1024 2641 vigilante
1051 2576 1141 2630 illo
1172 2578 1221 2630 id
1249 2579 1442 2634 factum
1488 2592 1649 2649 esset,
1676 2585 1758 2639 vel
1780 2602 1885 2641 non
1916 2589 2124 2646 timuis-

547 2669 688 2727 sent,
717 2662 801 2716 vel
841 2679 946 2717 non
972 2677 1269 2736 rogassent,
1300 2670 1381 2724 vel
1410 2687 1515 2726 non
1550 2684 1825 2743 putassent
1863 2694 2018 2747 posse
2057 2681 2123 2734 il-

540 2752 649 2810 lum
680 2752 730 2807 id
759 2753 995 2811 efficere.
1045 2757 1167 2812 Ideo
1194 2760 1408 2827 dormit,
1443 2772 1499 2816 ut
1522 2764 1612 2820 det
1639 2767 1856 2824 timendi
1886 2776 2122 2827 occasio-

539 2856 683 2906 nem,
712 2852 767 2896 et
798 2844 1109 2901 validiorem
1133 2849 1259 2916 ipsis
1292 2855 1632 2920 pra-sentiunt
1654 2872 1872 2914 sensum
1900 2861 2114 2917 efficiat.

532 2929 718 2998 Neque
771 2933 912 2987 enim
961 2938 1081 3005 quis
1126 2940 1345 3006 perinde
1379 2942 1521 2998 videt
1562 2961 1623 3000 ea
1667 2963 1785 3017 qua:
1833 2951 1885 3005 in
1926 2953 2116 3009 alienis

531 3024 846 3090 corporibus
876 3025 1025 3092 fiunt,
1055 3037 1212 3099 atque
1242 3048 1301 3086 ea
1343 3050 1459 3103 qure
1506 3037 1557 3089 in
1590 3052 1813 3107 corpore
1840 3056 1954 3096 suo.
1981 3044 2112 3112 Quia

531 3111 691 3180 igitur
738 3130 925 3170 onmes
967 3119 1214 3174 videbant
1256 3123 1516 3181 beneficio
1568 3129 1786 3185 affectos
1837 3133 2021 3202 fuisse,
2055 3154 2113 3193 se

528 3217 655 3257 vero
698 3206 830 3260 nihil
876 3213 1150 3281 accepisse
1200 3214 1442 3270 beneficii
1477 3260 1491 3284 ,
1530 3222 1684 3289 quasi
1714 3225 1889 3294 supini
1922 3243 2107 3282 tuane-

522 3298 651 3352 bant
674 3316 687 3361 ;
714 3316 886 3370 neque
911 3306 1053 3358 enim
1083 3306 1256 3361 claudi
1282 3322 1452 3373 erant,
1475 3313 1557 3367 vel
1586 3314 1691 3369 alio
1721 3317 1895 3373 affecti
1916 3335 2109 3390 corpo-

521 3393 595 3445 ris
623 3395 751 3447 vitio
775 3414 787 3448 :
817 3399 1202 3468 oportebatque
1229 3412 1404 3457 tamen
1436 3406 1551 3460 illos
1575 3407 1959 3466 beneficiorum
1982 3429 2106 3469 sen-

518 3496 581 3535 su
612 3483 785 3548 afﬁci;
813 3496 1178 3557 tempestatem
1203 3495 1331 3546 oriri
1362 3498 1629 3563 concedit,
1663 3510 1721 3555 ut
1748 3517 1808 3555 ea
1843 3503 2051 3558 liberati
2080 3546 2096 3572 ,

516 3574 799 3629 clariorem
833 3578 1073 3634 beneficii
1103 3598 1318 3636 sensum
1346 3589 1702 3656 perciperent.
1733 3590 1962 3664 Ideoque
1992 3611 2098 3651 non

516 3665 867 3730 prmsentibus
899 3669 1069 3723 turbis
1101 3670 1150 3724 id
1182 3673 1328 3741 agit,
1364 3691 1430 3730 ne
1460 3688 1515 3730 ut
1543 3680 1765 3735 modica:
1789 3682 1907 3737 fidei
1952 3686 2099 3741 dam-

515 3764 809 3820 narentur;
854 3757 947 3811 scd
996 3760 1141 3815 solos
1166 3764 1436 3833 emendat,
1480 3778 1532 3822 et
1583 3769 1909 3841 increpando
1948 3780 2094 3846 prius

513 3845 709 3899 mentis
739 3846 972 3915 ipsorum
1000 3866 1155 3918 quam
1189 3870 1443 3923 aquarum
1474 3865 1844 3928 tempestatem
1896 3845 2048 3922 sedat
2071 3910 2089 3935 ,

1326 273 1380 326 S.
1422 275 1699 331 J0.\.\'.\'IS
1737 278 2216 336 (IIII‘tYSOSTUMI
2258 283 2570 345 ARCIIIEP.
2612 296 3141 360 CONSTANTINOP.

3743 325 3837 379 55".!

2284 397 2347 462 in
2359 410 2632 470 stuporem
2663 410 3089 479 eonjicicbantur
3114 419 3351 479 dicentes
3384 442 3397 478 :
3430 427 3606 493 Qualis
3631 449 3699 489 est
3723 440 3837 493 In'c.’

2273 490 2505 551 Somnus
2529 501 2722 570 quippe
2749 513 2803 557 et
2826 508 3079 579 quidquid
3124 520 3415 585 apparebat
3451 490 3726 584 hominem

2272 583 2481 641 dicabat
2510 605 2526 645 ;
2556 607 2704 648 mare
2744 604 2799 649 et
2850 610 2998 668 parta
3031 583 3387 676 tranquillitas
3412 612 3576 669 Deum
3605 590 3833 679 declara-

2270 673 2380 731 bat.

2340 770 2396 823 2.
2429 770 2657 830 Christus
2685 788 2738 831 ut
2765 779 3020 849 dominus,
3069 788 3273 861 Moyses
3298 806 3352 848 ut
3377 815 3563 865 servus,
3597 807 3832 865 miracula

2267 866 2554 921 patrabant.
2590 869 2929 944 Evangelistte
2957 896 3228 953 numquam
3281 890 3374 943 alii
3417 908 3536 947 eum
3584 899 3699 952 aliis
3739 920 3829 969 pu-

2262 967 2526 1023 gnant.—
2548 960 2877 1035 Quamquam
2902 972 3043 1025 enim
3070 973 3278 1046 Moyses
3292 981 3490 1052 aliquid
3511 987 3683 1046 simile
3706 960 3826 1049 olim

2263 1046 2486 1117 fecerat,
2544 1057 2629 1111 vel
2678 1058 2802 1113 hinc
2845 1060 3041 1120 Christi
3095 1046 3396 1128 eminentia
3434 1077 3824 1154 declarabatur,

2260 1142 2404 1209 quod
2441 1144 2532 1199 ille
2561 1159 2618 1202 ut
2647 1164 2855 1220 servus,
2888 1156 2973 1211 hic
3001 1169 3060 1213 ut
3086 1160 3336 1221 dominus
3366 1171 3621 1227 miracula
3653 1187 3822 1245 patra-

2258 1241 2362 1286 ret.
2393 1234 2508 1290 Non
2547 1242 2689 1294 enim
2720 1246 2925 1314 virgam
2957 1253 3197 1308 extendit
3225 1265 3283 1310 ut
3308 1258 3415 1324 ille,
3447 1277 3619 1331 neque
3643 1234 3821 1326 manus

2258 1327 2515 1394 expandit
2544 1346 2729 1389 versus
2750 1337 2937 1393 etelum
2964 1383 2979 1407 ,
3009 1357 3185 1413 neque
3234 1352 3540 1417 precatione
3564 1372 3696 1427 opus
3732 1363 3820 1416 ha-

2256 1414 2400 1470 buit:
2431 1420 2527 1473 sed
2571 1432 2630 1475 ut
2661 1440 2756 1493 par
2782 1439 2865 1482 est
2884 1430 3162 1489 dominum
3189 1414 3417 1507 ancilla),
3448 1455 3505 1499 et
3532 1414 3819 1511 creatorem

2263 1508 2482 1575 opificio
2504 1516 2814 1585 praecipere,
2844 1522 2922 1577 sic
2950 1524 3094 1580 illam
3119 1530 3328 1587 sedavit
3346 1545 3397 1591 et
3414 1536 3640 1596 frenavit
3664 1546 3819 1599 verbo

2252 1608 2305 1651 et
2331 1613 2599 1671 prmccpto
2622 1615 2823 1664 tantum
2858 1627 3054 1684 :atque
3084 1625 3259 1676 omnis
3288 1625 3461 1680 subito
3492 1631 3661 1684 soluta
3692 1644 3814 1689 tem-

2253 1701 2430 1758 pestas
2455 1705 2557 1761 est,
2589 1714 2689 1754 nec
2710 1704 2987 1774 vestigium
3007 1713 3255 1777 procella!
3281 1721 3495 1772 mansit.
3519 1721 3654 1789 Illud
3682 1727 3813 1781 enim

2246 1780 2539 1840 declaravit
2564 1794 2890 1861 evangelista
2930 1798 3116 1857 dicens
3142 1820 3155 1856 :
3186 1803 3254 1858 Et
3283 1810 3418 1877 facta
3440 1821 3512 1865 est
3538 1818 3814 1886 tranquilli-

2246 1879 2323 1927 tas
2348 1890 2552 1945 magna.
2587 1879 2741 1946 Quod
2779 1884 2847 1939 de
2876 1885 3039 1945 Patre
3069 1897 3219 1963 quasi
3252 1912 3340 1952 res
3367 1904 3589 1969 grandis
3624 1879 3811 1965 dictum

2244 1965 2417 2021 fuerat
2437 2009 2450 2031 ,
2480 1970 2532 2023 id
2560 1971 2675 2040 ipse
2719 1980 2971 2043 Operibus
2998 1984 3261 2043 exhibuit.
3289 1965 3423 2056 Quid
3451 1994 3518 2049 de
3542 1997 3699 2053 Patre
3734 2001 3809 2055 di-

2241 2063 2384 2109 ctum
2416 2057 2636 2116 fuerat?
2664 2064 2811 2121 Dixit
2838 2080 2884 2122 et
2912 2074 3047 2126 stetit
3093 2077 3302 2146 spiritus
3328 2085 3589 2151 procellte.
3637 2091 3723 2145 Sic
3762 2102 3808 2147 et

2243 2145 2343 2200 hoc
2394 2149 2513 2205 loco
2579 2154 2745 2223 dixit,
2808 2158 2876 2213 Et
2920 2167 3058 2233 facta
3096 2145 3168 2221 est
3219 2145 3562 2244 tranquillitas
3615 2198 3807 2251 magna.

2243 2237 2416 2307 (Psal.
2448 2242 2567 2299 l06.
2595 2246 2707 2317 25).
2748 2249 3036 2321 Propterea
3079 2259 3246 2315 turbae
3286 2237 3433 2320 illum
3474 2237 3807 2329 suntmevmi~

2236 2333 2493 2389 rabautnr
2518 2355 2531 2391 :
2563 2355 2683 2408 quae
2717 2358 2825 2397 non
2851 2344 2924 2401 ita
2949 2348 3155 2405 mirata
3180 2352 3426 2424 fuissent,
3450 2361 3494 2413 si
3524 2361 3734 2419 fecisset
3759 2375 3806 2421 ut

2232 2422 2463 2488 Moyses.
2495 2429 2783 2503 Postquam
2805 2451 2833 2489 a
2867 2442 3001 2495 mari
3024 2442 3394 2516 discessisset,
3412 2422 3569 2509 aliud
3607 2458 3804 2513 terribi-

2232 2512 2339 2565 lius
2354 2514 2671 2571 miraculum
2689 2520 3048 2591 subsequitur.
3084 2512 3400 2583 Damtomaci
3423 2536 3596 2598 enim,
3626 2549 3806 2605 quent-

2227 2602 2515 2660 admodum
2562 2607 2767 2679 fugitivi
2816 2615 3046 2686 improbi
3094 2620 3337 2678 videntes
3382 2602 3686 2699 dominum,
3724 2630 3805 2689 di-

2224 2695 2449 2751 cebant:
2479 2698 2569 2754 29.
2600 2700 2737 2767 Quid
2771 2706 2914 2759 nobis
2957 2717 3005 2761 et
3032 2710 3140 2777 tibi,
3170 2712 3299 2767 λεια
3327 2713 3455 2769 Filii
3480 2717 3624 2777 Dei?
3655 2695 3803 2778 vas-

2218 2788 2287 2838 sti
2312 2786 2411 2841 huc
2453 2799 2570 2844 ante
2610 2802 2805 2863 tempus
2851 2806 3083 2866 torquere
3124 2818 3239 2859 nos.
3286 2807 3414 2871 Quia
3445 2812 3593 2866 enim
3639 2813 3799 2870 turba

2221 2877 2394 2945 ipsum
2440 2880 2709 2938 hominem
2755 2902 2877 2944 esse
2918 2892 3331 2964 confitebantur,
3378 2914 3648 2960 venerunt
3688 2907 3793 2963 dte-

2216 2986 2406 3029 mones
2452 2975 2780 3034 divinitatem
2811 2982 2927 3050 ejus
2968 2989 3356 3054 prmdicaates:
3386 3004 3441 3049 et
3483 2998 3577 3066 qui
3603 3000 3796 3071 agitato

2217 3075 2504 3138 posteaque
2532 3071 2718 3125 sedato
2745 3077 2876 3131 mari
2917 3094 3023 3132 non
3060 3081 3357 3153 audierant,
3387 3088 3665 3148 daemonas
3694 3093 3791 3149 hoc

2212 3157 2508 3215 clamantes
2535 3163 2836 3234 audierunt,
2876 3172 3018 3240 quod
3046 3190 3195 3231 mare
3225 3183 3569 3251 tranquillum
3599 3187 3787 3245 factunt

2208 3250 2604 3316 prtedicaverat.
2639 3256 2838 3314 Deinde
2865 3277 2932 3317 ne
2963 3261 3063 3319 hoc
3092 3282 3187 3335 per
3204 3250 3569 3330 adulationem
3590 3278 3783 3334 dictum

2208 3341 2499 3412 videretur,
2528 3363 2591 3401 ex
2620 3364 2801 3406 rerum
2823 3357 3193 3424 experimento
3217 3364 3451 3421 clamant
3474 3370 3561 3424 his
3586 3372 3781 3428 verbis:

2216 3429 2404 3487 Venisti
2425 3436 2525 3489 huc
2566 3450 2683 3493 ante
2710 3450 2907 3513 tempus
2927 3456 3156 3518 torquere
3182 3470 3294 3508 nos.
3334 3456 3457 3512 Ideo
3486 3463 3640 3529 prius
3679 3464 3779 3518 ini-

2204 3525 2457 3582 micitiam
2485 3528 2740 3603 fatentur,
2772 3553 2837 3592 ne
2863 3552 3109 3611 StISpecta
3138 3561 3324 3602 eorum
3357 3555 3681 3622 supplicatio
3707 3558 3780 3612 vi-

2202 3618 2442 3677 deretur.
2471 3624 2682 3681 Etenim
2710 3629 3053 3690 invisibilitrr
3084 3618 3528 3712 verberabantur,
3578 3658 3633 3705 ct
3661 3652 3779 3721 plus

2199 3726 2356 3781 quam
2387 3729 2534 3772 mare
2559 3718 2888 3778 fluctuabant
2912 3729 3133 3795 confixi,
3180 3735 3466 3805 combusti,
3502 3718 3675 3813 atque
3712 3760 3773 3800 ex

2188 3810 2643 3880 sola‘praasentia
2695 3814 3053 3875 intolerabilia
3108 3827 3389 3892 patientes.
3440 3810 3598 3895 t‘uiai
3630 3850 3769 3891 enm

2192 3896 2552 3957 daamoniaeos
2584 3905 2701 3960 illos
2729 3924 2887 3965 nemo
2912 3913 3106 3970 offerre
3135 3921 3385 3988 audebat,
3434 3925 3683 3985 Christus
3710 3932 3771 3985 il-

2194 3987 2272 4042 los
2303 3990 2432 4043 adit.
2468 3994 2531 4048 Et
2556 3994 2834 4056 Matthmus
2865 4006 3081 4074 quidem
3136 4013 3322 4068 scribit
3348 4015 3554 4074 dixisse
3600 4023 3720 4076 illos
3750 4040 3767 4077 :

2199 4076 2390 4134 Venisti
2417 4083 2514 4137 huc
2541 4097 2658 4142 ante
2696 4101 2893 4163 tempus
2924 4105 3155 4167 torquere
3194 4121 3322 4169 nos;
3349 4108 3437 4163 alii
3472 4126 3603 4168 vero
3622 4117 3768 4171 addi-

2186 4176 2396 4238 ιιι-1⁸11111,
2432 4191 2528 4230 eos
2577 4180 2851 4251 adjurasse
2908 4204 2971 4243 ac
3025 4208 3242 4263 rogasse
3291 4198 3440 4255 illum
3502 4221 3573 4261 ne
3621 4223 3679 4262 se
3716 4209 3768 4262 in

2181 4264 2434 4334 abyssum
2464 4272 2794 4341 conjicerct:
2827 4282 3082 4348 putabant
3106 4290 3248 4343 enim
3289 4290 3399 4362 jam
3433 4297 3637 4356 instare
3665 4300 3762 4357 sibi

2180 4365 2519 4432 supplicium.
2552 4380 2605 4424 et
2632 4372 2889 4432 timebant
2915 4382 3067 4449 quasi
3090 4382 3200 4453 jam
3247 4387 3300 4442 in
3349 4398 3618 4451 tormenta
3664 4396 3762 4453 de-

2180 4453 2345 4507 missi.
2370 4455 2522 4523 Quod
2549 4465 2592 4515 si
2614 4462 2784 4521 Lucas
2806 4467 2955 4540 (Cap.
2974 4472 3029 4543 8)
3054 4491 3214 4531 unttm
3240 4489 3441 4537 tantum
3466 4502 3759 4555 memoret,

2181 4544 2265 4599 hic
2294 4558 2473 4602 autem
2501 4553 2656 4621 duos,
2691 4574 2864 4629 neque
2892 4565 2968 4618 sic
2994 4567 3319 4626 dissonantia
3348 4576 3524 4646 aliqua
3556 4581 3753 4636 indica-

2180 4648 2284 4695 tur.
2331 4642 2385 4696 Si
2409 4647 2551 4700 enim
2582 4648 2827 4720 dixisset,
2863 4673 3024 4712 unum
3055 4670 3259 4719 tantum
3285 4665 3467 4733 fuisse,
3503 4688 3604 4729 nec
3631 4677 3751 4729 alte~

2176 4749 2289 4786 rum
2322 4738 2613 4803 exstitisse,
2646 4752 2771 4800 tunc
2793 4748 3061 4806 videretur
3088 4769 3116 4807 a
3148 4754 3397 4814 Malthmo
3426 4762 3646 4821 differre
3686 4768 3748 4822 ’τ

2170 4838 2290 4877 cum
2316 4841 2442 4881 vero
2464 4829 2551 4884 ille
2593 4849 2778 4901 unum,
2812 4838 2899 4894 hic
2928 4843 3063 4899 duos
3096 4860 3391 4919 memorat,
3422 4871 3528 4910 non
3578 4873 3744 4928 pugna

2171 4913 2288 4969 haec
2315 4928 2397 4973 est
2420 4962 2434 4987 ,
2487 4923 2582 4977 scd
2613 4924 2910 4985 differentia
2944 4938 3215 4993 narrandi.
3250 4913 3388 4998 Mihi'
3424 4913 3744 5003 enindvide-
3818 4996 3822 4999 .

2168 5017 2254 5063 tur
2296 5010 2467 5065 Lucas
2493 5016 2755 5073 acriorem
2804 5022 2887 5075 hic
2944 5032 3350 5088 memommlum
3397 5053 3457 5091 su
3491 5041 3741 5109 t-cpisse;

2163 5114 2491 5173 quapropter
2519 5110 2686 5178 magis
2732 5114 2981 5183 tragicam
3033 5120 3289 5180 describit
3339 5131 3695 5186 calamitatem
3726 5176 3739 5199 ,

2162 5193 2301 5259 quod
2349 5210 2544 5267 nempe
2574 5201 2777 5257 vincula
2806 5216 2859 5260 et
2902 5220 3118 5268 catenas
3147 5217 3477 5289 dirumpens,
3513 5243 3608 5291 per
3643 5227 3738 5280 de-

2162 5294 2363 5337 sertum
2400 5304 2606 5345 erraret
2634 5312 2646 5347 :
2677 5294 2886 5352 Marcus
2936 5318 3064 5359 vero
3093 5308 3221 5363 dicit
3271 5312 3443 5381 ipsum
3495 5332 3618 5373 sese
3663 5320 3732 5372 Ia-

2160 5374 2370 5441 pidibus
2400 5386 2751 5448 percussisse.
2788 5390 2959 5447 Verba
3002 5407 3180 5454 autem
3221 5418 3406 5459 eorum
3436 5407 3732 5464 immanita-

2160 5475 2264 5521 tem
2319 5470 2816 5550 impudentiamque
2852 5484 3148 5548 declarant.
3213 5493 3406 5553 Venisti
3458 5510 3593 5555 enim
3634 5503 3728 5558 huc

509 3936 700 3991 dicens
734 3937 862 3993 :26.
894 3942 1029 4005 Quid
1076 3945 1238 3996 timitli
1271 3949 1407 4012 estis,
1444 3952 1654 4006 modicw
1693 3956 1814 4020 ﬁdei
1836 3958 1862 4010 .7
1905 3961 2091 4015 simul-

506 4044 609 4096 que
641 4028 817 4097 docet,
864 4033 1108 4089 timorem
1146 4052 1250 4091 non
1278 4041 1344 4093 ab
1373 4041 1627 4098 immissis
1657 4050 2039 4107 lcntationihtts
2068 4096 2084 4119 ,

504 4120 594 4175 scil
622 4120 689 4175 ab
715 4123 876 4176 animi
910 4125 1218 4183 infirmitate
1269 4132 1415 4187 oriri.
1440 4133 1592 4202 Quod
1625 4138 1667 4191 si
1698 4142 1817 4209 quis
1846 4142 2081 4212 dixerit,

512 4229 616 4266 non
640 4230 706 4269 ex
756 4215 947 4271 timore
977 4219 1056 4272 vel
1096 4235 1157 4273 ex
1203 4222 1408 4279 modica
1445 4226 1546 4280 fide
1585 4239 1757 4285 motos
1794 4232 2084 4304 discipulos

504 4306 649 4358 illum
679 4310 942 4362 excitasse
979 4328 993 4364 :
1027 4313 1363 4380 respondebo
1406 4318 1533 4372 illud
1582 4323 1818 4379 maxime
1868 4327 2078 4397 signum

495 4413 644 4461 esse,
671 4412 765 4454 eos
784 4416 891 4454 non
921 4413 1301 4472 congruentem
1331 4407 1398 4462 de
1417 4410 1504 4463 illo
1529 4412 1832 4480 opinionem
1866 4418 2081 4475 habuis-

495 4504 574 4545 se.
605 4490 862 4547 Sciebant
888 4496 1106 4562 quidcm
1143 4497 1315 4566 ipsum
1338 4505 1768 4573 expergefactum
1797 4510 2076 4583 increpare

492 4594 688 4649 posse;
716 4583 1077 4641 dormientem
1113 4604 1243 4643 vero
1270 4593 1505 4646 nomium
1538 4599 1810 4664 putabant.
1844 4603 1909 4657 Et
1947 4606 2071 4673 quid

493 4675 704 4730 miraris
747 4676 792 4731 si
824 4694 966 4733 nunc
998 4682 1243 4747 timeant,
1277 4687 1496 4754 quando
1528 4699 1648 4757 post
1695 4695 1863 4750 multa
1909 4700 2068 4755 etiam

487 4765 587 4817 alia
640 4767 895 4824 miracula
952 4771 1272 4829 infirmiores
1319 4777 1492 4833 adhuc
1521 4784 1705 4837 erant?
1734 4785 2070 4858 Quapropter

486 4870 630 4924 sa'pe
683 4858 1029 4931 increpantur
1056 4907 1071 4929 ,
1113 4874 1169 4920 ut
1206 4868 1417 4937 quando
1462 4870 1590 4927 dicit
1622 4875 1841 4931 :Adltuc
1891 4890 1937 4933 et
1982 4898 2068 4935 vos

484 4947 775 5016 insipientes
817 4957 933 5007 estis
967 4955 1176 5024 (Matth.
1211 4961 1296 5015 I5.
1332 4962 1462 5031 16)?
1488 4965 1565 5020 Ne
1602 4967 1775 5037 itaque
1821 4972 2062 5037 mireris,

485 5053 608 5092 cum
637 5039 880 5111 discipuli
924 5054 1030 5099 tam
1062 5049 1359 5107 imbecilles
1404 5067 1558 5110 erant
1584 5098 1598 5122 ,
1630 5060 1673 5112 si
1721 5060 1889 5116 turbas
1933 5064 2061 5117 nihil

484 5146 731 5199 magnum
755 5133 823 5187 de
852 5135 967 5202 ipso
984 5139 1370 5211 opinabantur;
1403 5150 1735 5205 mirabantur
1760 5154 1955 5223 quippe
1981 5156 2062 5209 di-

479 5231 670 5275 centes
692 5240 706 5275 :
734 5222 823 5278 27.
857 5225 1037 5291 Qualis
1066 5241 1137 5281 est
1159 5231 1238 5284 ltic
1264 5234 1412 5289 homo
1434 5279 1449 5301 ,
1474 5241 1591 5308 quia
1619 5251 1665 5293 et
1692 5260 1831 5297 mare
1853 5222 1899 5298 et
1929 5250 2059 5300 venti

475 5313 714 5369 obediunt
758 5315 845 5370 ei.’
872 5315 1121 5373 Christus
1168 5337 1297 5377 vero
1325 5342 1429 5381 non
1461 5331 1724 5399 corripuit
1748 5349 1864 5398 eos,
1913 5339 2054 5407 quod

474 5404 746 5462 hominem
778 5424 901 5464 esse
946 5411 1117 5481 ipsum
1139 5412 1412 5483 dicerent;
1451 5420 1544 5474 sed
1586 5404 1945 5492 exspectabat
1972 5430 2055 5483 itt-

476 5503 629 5555 terim
660 5518 754 5573 per
778 5506 1032 5563 miracula
1063 5509 1271 5565 docens
1310 5512 1429 5568 illos
1470 5516 1652 5571 falsam
1679 5519 1817 5577 hanc
1847 5525 2051 5593 opinio-

475 5609 594 5648 na-m
617 5612 756 5651 esse.
791 5599 1068 5656 Undenam
1106 5604 1375 5661 hominem
1422 5608 1567 5664 illum
1610 5628 1730 5668 esse
1754 5617 2052 5685 putabant?

2225 5656 2235 5682 '
2278 5653 2383 5704 .tlii.
2422 5665 2561 5713 atque
2586 5652 2766 5705 tnt‘lalt'.

475 5686 545 5743 Et
581 5705 796 5756 aspectu
818 5734 833 5759 ,
864 5712 925 5748 ex
974 5713 1162 5752 somno
1184 5742 1197 5767 ,
1229 5703 1365 5771 quod
1397 5704 1513 5758 navi
1562 5716 1817 5763 uteretur.
1846 5709 2047 5767 Idcirco

2220 5718 2241 5749 ἱ
2280 5716 2326 5765 lu
2355 5719 2639 5780 quibusdam
2671 5727 2796 5779 κει,
2816 5720 3056 5773 rideretur
3077 5722 3299 5775 Matt/two
3311 5718 3661 5788 cwttradicsre,
