4080 6138
212 406 433 461 ἑαυτοῦ.
463 401 631 455 Ἔνθα
659 402 758 472 μὲν
783 401 892 472 γὰρ
919 400 1211 473 θαυμάτων
1245 402 1501 468 ἐπίδειξις
1536 399 1626 474 ἦν,
1660 405 1754 458 καὶ
1790 404 1883 458 τὸν

213 490 388 560 δῆμον
417 486 606 556 ἀφίησι
654 485 907 555 παρεῖναι
927 499 940 512 ’
971 483 1098 536 ἔνθα
1123 484 1181 536 δέ
1208 485 1528 556 πειρασμῶν
1570 486 1665 538 καὶ
1703 487 1882 554 φόϐων

215 571 607 632 ἐπανάστασις,
631 568 756 630 τοὺς
785 566 1021 636 ἀθλητὰς
1053 568 1152 637 τῆς
1183 567 1531 638 οἰκουμένης,
1562 567 1656 631 οὒς
1674 569 1882 638 γυμνά-

213 655 332 719 ζειν
363 650 576 721 ἔμελλε,
597 649 819 712 τούτους
845 646 1261 720 παραλαμϐάνει
1305 650 1518 721 μόνους.
1571 651 1680 703 Kal
1725 654 1753 704 6
1785 653 1881 720 μὲν

207 735 488 798 Ματθαῖος
504 734 587 786 ὅτι
611 732 898 786 ἐκάθευδεν
918 728 1070 786 εἶπεν
1092 733 1134 763 ⁷¹
1155 732 1359 796 ἁπλῶς,
1376 735 1404 786 6
1429 733 1485 785 δὲ
1501 735 1714 796 Λουκᾶς
1736 735 1778 765 ’⁷⁸
1801 736 1881 788 ὄτι

208 821 268 870 ἐν
304 814 726 886 προσκεφαλαίῳ
753 816 906 886 φησὶ,
935 814 1145 880 δεικνύς
1173 833 1230 868 τε
1259 814 1320 868 τδ
1357 814 1582 882 ἄτυφον,
1623 818 1717 869 καὶ
1752 819 1881 870 πολο

207 901 307 969 λὴν
335 898 579 952 ἐντεῦθεν
603 898 754 968 ἡμᾶς
791 897 1060 950 παιδεύων
1083 897 1420 966 φιλοσοφίαν.
1456 898 1561 951 Τοῦ
1588 897 1880 952 κλυδωνίου

204 984 385 1035 τοίνυν
407 981 794 1052 διεγερθέντος,
819 981 914 1034 καὶ
941 981 1041 1052 τῆς
1075 981 1349 1049 Θαλάσσης
1392 982 1745 1052 μαινομένης.
1798 984 1878 1036 δι-

205 1065 516 1135 εγείρουσιν
548 1064 709 1118 αὐτὸν
737 1063 1006 1132 λέγοντεςο
1032 1065 1226 1133 Κύριε,
1257 1063 1465 1118 σῶσον
1487 1063 1663 1132 ἡμᾶς,
1699 1065 1882 1119 ἀπολ-

201 1149 454 1216 λύμεθα.
504 1146 562 1199 '0
586 1147 643 1201 δὲ
671 1147 852 1210 αὐτοῖς
897 1145 1130 1217 ἐπετίμα
1161 1147 1266 1217 πρὸ
1294 1147 1394 1218 τῆς
1425 1147 1719 1218 θαλάσσης.
1771 1150 1879 1203 Kal

202 1229 334 1298 γὰρ,
372 1231 508 1298 ὅπερ
545 1229 700 1300 ἔφην,
730 1229 1035 1299 γυμνασίας
1070 1229 1254 1283 ἕνεκεν
1295 1229 1468 1285 ταῦτα
1500 1233 1876 1300 συνεχωρεῖτο,

204 1313 302 1366 καὶ
326 1311 495 1374 τύπος
519 1308 586 1382 ἦν
619 1310 728 1363 τῶν
759 1309 1057 1380 μελλόντων
1084 1310 1492 1380 καταλήψεσθαι
1521 1312 1718 1375 αὐτοὺς
1756 1330 1877 1364 πει-

204 1397 586 1468 ρασμῶν.Κα“ι
607 1396 714 1466 γάρ
741 1396 832 1448 καὶ
867 1394 1003 1464 μετὰ
1034 1394 1206 1447 ταῦτα
1239 1395 1500 1458 πολλάκις
1540 1395 1752 1466 ἀφῆκεν
1781 1396 1879 1448 αὐ-

197 1482 330 1542 τοὺς
360 1481 436 1542 είς
466 1477 877 1548 χαλεπωτέρους
904 1475 1052 1547 [554]
1081 1476 1355 1546 χειμῶνας
1396 1476 1736 1546 πραγμάτων
1772 1476 1874 1546 ἐμ-

200 1565 410 1624 πεσεῖν,
449 1561 542 1613 καὶ
569 1559 1016 1631 ἐμακροθύμησε.
1055 1558 1145 1612 Διὸ
1176 1560 1272 1612 καὶ
1300 1558 1510 1622 Παῦλος
1529 1559 1714 1626 ἔλεγεν
1739 1576 1753 1590 ⁸
1792 1561 1875 1613 Οὐ

198 1644 354 1698 θέλω
375 1643 442 1696 δὲ
472 1641 627 1711 ὑμᾶς
649 1643 909 1711 ἀγνοεῖν,
939 1641 1208 1710 ἀδελφοὶ,
1248 1641 1337 1694 ὅτι
1364 1642 1492 1696 καθ’
1530 1641 1875 1710 ὑπερϐολὴν

197 1725 625 1792 ἑϐαρήθημεν⁷³
640 1723 791 1790 ὑπὲρ
805 1724 1078 1791 δύναμιν,
1091 1722 1246 1777 ὥστε
1260 1723 1701 1792 ἐξαπορηθῆναι
1715 1721 1872 1793 ἡμᾶς

198 1806 297 1860 καὶ
321 1807 424 1860 τοῦ
441 1805 546 1873 ζῇν
568 1823 583 1836 ·
606 1806 702 1859 καὶ
729 1805 865 1876 μετὰ
881 1806 1052 1858 ταῦτα
1075 1806 1257 1872 πάλιν,
1285 1809 1389 1872 Ὃς
1409 1808 1476 1860 ἐκ
1504 1809 1873 1873 τηλικούτων

200 1889 468 1943 θανάτων
493 1890 787 1956 ἐρῤὐσατο
813 1887 990 1958 ἡμᾶς.
1022 1889 1244 1952 Δεικνύς
1282 1890 1460 1941 τοίνυν
1479 1889 1754 1953 ἐντεῦθεν,
1788 1891 1870 1943 ὅτι

200 1972 424 2043 θαρρεῖν
454 1972 582 2043 χρὴ,
628 1971 732 2024 κᾶν
765 1969 973 2041 μεγάλα
1014 1971 1346 2040 διεγείρηται
1387 1970 1456 2023 τὰ
1505 1969 1746 2039 κύματα,
1777 1973 1871 2025 καὶ

200 2056 284 2108 ὅτι
313 2054 485 2108 πάντα
510 2053 897 2124 συμφερόντως
931 2055 1205 2121 οἰκονομεῖ
1229 2092 1244 2117 ,
1292 2050 1508 2122 πρῶτον
1537 2053 1719 2115 αὐτοῖς
1751 2054 1871 2106 ἐπι-

196 2140 356 2209 τιμᾷ.
389 2138 499 2192 Kal
553 2138 662 2208 γὰρ
709 2135 840 2191 αὐτὸ
867 2137 914 2168 ⁷⁵
955 2136 1017 2189 τὸ
1065 2135 1428 2207 θορυϐηθῆναι
1483 2137 1871 2206 συμφερόντως

197 2221 428 2289 ἐγίνετο,
458 2220 597 2272 ὥστε
631 2219 813 2290 μεῖζον
840 2219 1072 2288 φανῆναι
1095 2220 1155 2271 τὸ
1171 2217 1378 2289 θαῦμα,
1407 2219 1502 2271 καὶ
1529 2219 1751 2289 διηνεκῆ
1775 2235 1869 2285 γε-

196 2303 386 2356 νέσθαι
417 2301 511 2354 τοῦ
544 2301 850 2371 συμϐάντος
871 2301 969 2371 τήν
994 2303 1232 2371 μνήμην.
1255 2302 1424 2354 Ὅταν
1443 2301 1552 2370 γὰρ
1568 2301 1868 2370 παράδοξόν

196 2403 250 2438 τι
282 2383 533 2452 γενέσθαι
572 2383 761 2454 μέλλῃ,
787 2382 956 2436 πολλὰ
987 2381 1564 2452 προκατασκευάζεται
1589 2383 1635 2412 ⁷⁵
1669 2382 1866 2451 πρότε-

199 2485 292 2537 ρον
337 2467 558 2536 μνήμης
607 2463 886 2535 ποιητικὰ,
949 2463 1034 2517 ἵνα
1086 2463 1161 2534 μὴ
1193 2463 1330 2534 μετὰ
1379 2463 1440 2516 τὸ
1477 2462 1768 2534 παρελθεῖν
1807 2462 1868 2514 τὸ

195 2548 381 2617 θαῦμα
408 2551 486 2611 είς
502 2546 672 2616 λήθην
697 2546 1029 2618 ἐμπέσωσιν.
1055 2545 1211 2599 Οὕτω
1235 2547 1328 2600 καὶ
1346 2547 1584 2616 Μωῦσῆς
1604 2546 1867 2615 πρότερον

195 2632 442 2702 φοϐεῖται
474 2630 562 2682 τὸν
587 2628 732 2697 ὅφιν,
769 2629 860 2681 καὶ
909 2629 1153 2696 φοϐεῖται
1195 2629 1293 2699 οὐχ
1337 2629 1545 2692 ἁπλῶς,
1598 2627 1731 2681 ἀλλὰ
1773 2627 1867 2680 καὶ

200 2711 335 2783 μετὰ
384 2710 581 2779 πολλῆς
609 2711 708 2780 τῆς
739 2709 998 2778 ἀγωνίας,
1043 2711 1137 2762 καὶ
1183 2711 1305 2764 τότε
1339 2711 1444 2781 ὁρᾷ
1472 2709 1533 2762 τὺ
1563 2706 1866 2780 παράδοξον

194 2797 372 2848 ἐκεῖνο
429 2793 732 2863 γινόμενον.
779 2791 934 2845 Οὕτω
988 2792 1084 2845 καὶ
1141 2785 1286 2845 οὗτοι
1319 2833 1334 2857 ,
1394 2792 1865 2862 προσδοκήσαντες

193 2877 528 2932 ἀπόλλυσθαι
568 2877 851 2947 πρότερον,
888 2875 1009 2929 τότε
1035 2873 1357 2946 ἐσώθησαν·
1388 2875 1475 2927 ἴνα
1500 2875 1864 2944 ὁμολογήσαν-

191 2979 286 3026 τες
314 2962 405 3015 τδν
431 2962 693 3024 κίνδυνον,
722 2960 933 3032 μάθωσι
963 2960 1058 3013 106
1091 2959 1364 3032 θαύματος
1386 2962 1448 3012 τὸ
1490 2959 1736 3030 μέγεθος.
1767 2959 1867 3013 Διά

191 3046 354 3098 τοῦτο
390 3046 484 3098 καὶ
506 3043 784 3098 καθεύδει’
817 3044 866 3096 εί
895 3042 1005 3115 γὰρ
1034 3043 1402 3114 ἐγρηγορότος
1425 3043 1660 3110 ἐγένετο,
1693 3040 1726 3112 ἢ
1767 3041 1868 3094 οὐκ

195 3129 263 3182 ἂν
293 3126 654 3198 ἐφοϐήθησαν,
675 3126 708 3197 ἢ
733 3126 831 3178 οὐκ
861 3125 926 3178 ἂν
955 3127 1332 3194 παρεκάλεσαν
1355 3163 1370 3187 ,
1432 3123 1466 3194 ἢ
1511 3123 1619 3175 οὐδ’
1648 3123 1713 3176 ἂν
1751 3124 1865 3176 ἐνό-

196 3210 419 3282 μισαν⁷⁶
445 3209 606 3263 αὐτὸν
622 3207 879 3261 δύνασθαι
893 3208 1132 3260 τοιοῦτόν
1156 3224 1208 3258 τι
1221 3209 1414 3258 ποιεῖν.
1437 3205 1532 3258 Διά
1551 3205 1708 3258 τοῦτο
1733 3205 1865 3259 καθ.

193 3294 336 3347 εύδει
365 3333 379 3353 ,
410 3292 585 3353 διδοὺς
624 3289 814 3358 καιρὸν
848 3290 912 3358 τῇ
941 3288 1132 3357 δειλίᾳ,
1189 3288 1282 3340 καὶ
1321 3286 1651 3356 τρανοτέραν
1681 3288 1865 3351 αὐτοῖς

193 3376 363 3429 ποιῶν
392 3373 490 3444 τὴν
519 3371 769 3440 αἴσθησιν
799 3369 907 3421 τῶν
937 3368 1254 3437 γινομένων.
1292 3369 1367 3420 Οὐ
1413 3367 1522 3438 γὰρ
1549 3367 1748 3438 ὁμοίως
1780 3386 1864 3432 τις

188 3459 296 3529 ὁρᾷ
326 3455 393 3509 τά
433 3457 491 3507 ἐν
521 3456 634 3516 τοῖς
679 3451 982 3520 ἀλλοτρίοις
1013 3449 1227 3520 σώμασι
1272 3451 1556 3520 γινόμενα,
1590 3451 1685 3503 καὶ
1710 3451 1779 3504 τὰ
1806 3452 1862 3504 ἐν

193 3537 388 3608 ἑαυτῷ.
427 3535 579 3589 Ἐπεὶ
608 3530 702 3591 οὖν
729 3533 936 3596 πάντας
969 3531 1105 3586 εἶδον
1128 3531 1602 3603 εὐεργετηθέντας,
1637 3535 1860 3596 ἐαυτούς

191 3621 248 3673 δὲ
299 3617 510 3680 οὐδενὸς
556 3616 1014 3678 ἀπολελαυκότας,
1055 3615 1149 3668 καὶ
1196 3616 1238 3646 ⁷⁷
1281 3614 1458 3668 ὕπτιοι
1495 3611 1656 3686 ἦσαν,
1697 3617 1857 3686 (οὕτε

191 3703 300 3772 γὰρ
331 3699 514 3770 χωλοὶ,
543 3697 665 3750 οὕτε
700 3697 827 3752 ἄλλο
852 3715 904 3751 τι
929 3698 1166 3751 τοιοῦτον
1194 3698 1404 3768 νόσημα
1430 3694 1613 3768 εἶχον)
1643 3699 1688 3730 ⁷⁸
1706 3742 1719 3760 ,
1750 3700 1856 3755 ἔδει

189 3787 246 3839 δέ
287 3783 482 3846 αὐτοὺς
536 3782 623 3836 διὰ
667 3782 767 3852 τῆς
813 3781 1018 3844 οίκείας
1047 3779 1352 3852 αἰσθήσεως
1389 3781 1694 3835 ἀπολαῦσαι
1748 3784 1856 3837 τῶν

191 3865 519 3936 εὐεργεσιῶν
537 3880 548 3892 ο
575 3867 846 3934 συγχωρεῖ
867 3864 958 3917 τὸν
982 3865 1246 3934 χειμῶνα,
1269 3865 1354 3918 ἴνα
1379 3864 1465 3919 διὰ
1496 3867 1593 3936 τῆς
1620 3867 1858 3920 ἀπαλλα-

189 3949 294 4016 γῆς
327 3947 662 4016 σαφεστέραν
695 3945 930 4000 λάϐωσιν
967 3946 1216 4016 αἴσθησιν
1249 3948 1348 4018 τῆς
1372 3947 1710 4019 εὐεργεσίας.
1757 3947 1855 4000 Διά

187 4030 345 4083 τοῦτο
372 4029 491 4082 οὐδέ
527 4029 806 4100 παρόντων
835 4027 945 4082 τῶν
995 4029 1166 4100 ὄχλων
1201 4029 1358 4083 τοῦτο
1389 4032 1555 4092 ποιεῖ,
1597 4031 1737 4084 ὥστε
1776 4031 1850 4102 μὴ

188 4110 634 4182 καταγνωσθῆναι
664 4111 1034 4179 ὀλιγοπιστίας
1057 4112 1099 4144 "°
1123 4127 1136 4140 ⁸
1176 4110 1291 4164 ἀλλ’
1315 4112 1512 4175 αὐτοὺς
1542 4113 1733 4182 μόνους
1759 4111 1852 4165 λα-

188 4195 298 4250 ϐὼν
328 4193 651 4262 διορθοῦται,
697 4194 791 4247 καὶ
826 4194 931 4264 πρὸ
954 4191 1047 4246 τοῦ
1087 4194 1352 4264 χειμῶνος
1390 4194 1496 4246 τῶν
1529 4194 1734 4248 ὑδάτων
1757 4196 1847 4251 τὸν

186 4275 432 4349 χειμῶνα
459 4276 556 4345 τῆς
583 4275 759 4346 ψυχῆς
800 4275 978 4329 αὐτῶν
1035 4275 1174 4339 λύει,
1219 4275 1482 4346 ἐπιτιμῶν
1519 4278 1610 4329 καὶ
1637 4277 1808 4346 λέγων
1829 4297 1841 4308 ·

148 4427 159 4433 _
191 4361 254 4414 Τί
277 4359 464 4413 δειλοί
490 4360 649 4424 ἐστε,
676 4361 1086 4428 όλιγόπιστοι;
1135 4359 1229 4412 καὶ
1261 4358 1528 4412 παιδεύων
1576 4359 1734 4430 ὁμοῦ,
1763 4363 1846 4416 ὅτι

184 4443 275 4496 τὸν
324 4442 486 4511 φόϐον
531 4444 628 4512 οὐχ
659 4445 692 4513 ή
720 4443 825 4495 τῶν
859 4443 1178 4514 πειρασμῶν
1226 4442 1520 4515 ἐργάζεται
1559 4445 1842 4516 ἐπαγωγὴ,

182 4526 320 4579 ἀλλά
337 4527 398 4579 τὸ
425 4528 522 4597 τῆς
541 4527 776 4588 διανοίας
801 4527 1042 4590 ἀσθενές.
1072 4527 1134 4580 Εἰ
1155 4525 1213 4580 δέ
1232 4526 1379 4594 λέγοι
1406 4544 1512 4591 τις,
1535 4528 1616 4581 ὅτι
1643 4527 1846 4592 δειλίας

182 4611 282 4663 οὐκ
335 4603 424 4679 ἦν,
474 4609 594 4661 οὐδὲ
623 4609 1026 4676 ὀλιγοπιστίας,
1061 4609 1120 4662 τὸ
1172 4609 1563 4681 προσελθόντας
1613 4613 1842 4682 ἐγεῖραι,

181 4692 357 4743 ἐκεῖνο
383 4689 450 4743 ἂν
471 4691 698 4758 εἴποιμι,
720 4691 801 4742 ὅτι
822 4691 975 4744 τοῦτο
1000 4691 1130 4744 αὐτὸ
1162 4692 1394 4761 μάλιστα
1419 4695 1639 4762 σημεῖον
1657 4688 1726 4764 ἦν
1750 4693 1844 4748 106

183 4772 260 4842 μὴ
279 4771 379 4842 τὴν
409 4773 792 4842 προσήκουσαν
826 4772 952 4842 περὶ
980 4773 1144 4826 αὐτοῦ
1172 4774 1329 4838 δόξαν
1375 4774 1539 4845 ἔχειν.
1592 4777 1714 4829 Ὀτι
1745 4777 1845 4846 μέν

178 4855 290 4925 γὰρ
328 4853 553 4908 δύναται
606 4855 864 4924 ἐπιτιμᾷν
922 4855 1188 4926 ἐγερθεὶς,
1248 4856 1473 4927 ᾔδεσαν·
1509 4858 1592 4910 ὅτι
1631 4857 1688 4909 δὲ
1748 4857 1842 4910 καὶ

178 4936 477 5002 καθεύδων,
527 4933 754 4989 οὐδέπω.
789 4937 896 4989 Kal
947 4937 1000 4990 τί
1029 4935 1344 5007 θαυμάζεις,
1377 4939 1425 4992 εἰ
1452 4937 1568 5002 νῦν,
1605 4939 1736 4991 ὅπου
1775 4955 1841 5006 γε

177 5017 272 5070 καὶ
303 5016 440 5088 μετὰ
477 5015 651 5070 πολλὰ
677 5015 839 5086 ἕτερα
864 5017 1116 5088 θαύματα
1135 5019 1483 5091 ἀτελέσι-ερον
1505 5021 1584 5074 ἔτι
1612 5021 1842 5074 διέκειν-

175 5114 276 5166 1o;
327 5099 418 5153 Διὸ
478 5099 573 5152 καὶ
622 5098 981 5169 ἐπιτιμῶνται
1019 5100 1315 5164 πολλάκις,
1355 5102 1429 5164 ὡς
1485 5104 1614 5157 ὅταν
1667 5103 1836 5174 λέγῃ,

188 5181 407 5251 Ἀκμὴν
441 5183 540 5237 καὶ
591 5181 762 5252 ὑμεῖς
799 5182 1080 5238 ἀσύνετοί
1099 5184 1272 5249 ὲστε;
1301 5186 1392 5256 Μὴ
1429 5187 1605 5240 τοίνυν
1627 5185 1841 5257 θαυμά-

1234 288 1298 341 IN’
1341 284 1750 346 ΜᾹΤΤΙΙᾸΞΙΞΜ
1792 290 2024 346 IIOMIL.
2068 290 2274 345 XXVIII
2331 292 2398 345 aI.
2440 290 2630 346 XXIX.

1988 420 2108 476 σῃς,
2135 404 2184 456 εί
2208 403 2314 456 τῶν
2339 403 2597 474 μαθητῶν
2625 404 2977 476 ἀτελέστερον
3017 406 3376 478 διακειμένων
3407 410 3456 462 οί
3501 408 3650 479 ὖχλοι

1983 485 2138 538 οὐδὲν
2168 485 2311 556 μέγα
2339 487 2466 555 περὶ
2496 487 2660 540 αὐτοῦ
2699 487 3094 557 ἐφαντάζοντοο
3151 491 3503 561 Ἐθαύμαζον

1980 567 2264 634 λέγοντες
2285 586 2299 598 ο
2351 570 2628 633 Ποταπός
2672 569 2844 622 ἐστιν
2885 564 3062 634 οὗτος
3114 582 3147 622 ο
3185 570 3514 638 ἄνθρωπος,
3561 572 3652 626 ὅτι

1982 647 2077 700 καὶ
2103 647 2141 714 ἡ
2173 647 2454 702 θάλασσα
2484 650 2582 702 καὶ
2609 653 2662 703 οἱ
2688 649 2892 719 ἄνεμοι
2920 651 3337 706 ὑπακούουσιν
3361 651 3557 719 αὺτῷ;
3589 654 3649 708 Ὀ

1980 729 2037 781 δὲ
2064 729 2299 798 Χριστὸς
2348 729 2447 783 οὐκ
2475 731 2825 802 ἐπετίμησεν,
2877 732 2958 783 ὃτι
2997 731 3280 801 ἄνθρωπον
3315 735 3477 788 αὐτὸν
3515 737 3650 789 ἐκιὶι⁴

1981 812 2125 876 λουν,
2152 811 2264 863 ἀλλ’
2287 811 2538 882 ἀνέμενε,
2562 813 2648 866 διὰ
2664 813 2770 866 τῶν
2793 814 3033 884 σημείων
3061 815 3254 880 αὐτοὺς
3287 815 3552 872 διδάσκων
3579 819 3646 885 ⁸ο,

1979 894 2061 946 ὃτι
2096 895 2488 966 πεπλανημένη
2543 891 2611 966 ἦν
2658 897 2836 952 αὐτῶν
2869 899 2901 969 ἡ
2942 897 3228 968 ὑπόληψις.
3266 898 3437 951 Πόθεν
3469 899 3526 952 δέ
3557 900 3650 954 ἄν-

1983 975 2199 1046 θρωπον
2231 977 2382 1049 [5351
2413 979 2574 1032 αὐτὸν
2605 980 2888 1048 ὲνόμιζον;
2938 981 3070 1034 Ἀπό
3102 999 3162 1035 τε
3191 983 3290 1052 τῆς
3311 983 3505 1053 ὅψεως,
3541 983 3648 1036 ἀπό

1979 1072 2039 1108 τε
2068 1055 2162 1108 106
2195 1055 2384 1120 ὕπνου,
2424 1058 2519 1111 καὶ
2550 1057 2644 1111 τοῦ
2678 1059 2846 1130 πλοίῳ
2893 1061 3215 1130 κεχρῆσθαι.
3256 1062 3356 1115 Διά
3397 1062 3462 1132 δὴ
3489 1061 3650 1115 τοῦτο

1981 1139 2063 1200 εἰς
2115 1138 2426 1210 ἀμηχανίαν
2483 1139 2774 1206 ἐξέπιπτον
2826 1143 3114 1212 λέγοντες·
3149 1147 3422 1212 Ποταπός
3478 1146 3649 1199 ἐστιν

1978 1213 2156 1300 οὗτος
2173 1237 2192 1284 ;
2242 1221 2298 1274 '0
2333 1221 2432 1291 μὲν
2459 1222 2568 1292 γὰρ
2593 1221 2757 1286 ὕπνος
2789 1225 2884 1277 καὶ
2919 1226 2978 1279 τὺ
3007 1229 3331 1298 φαινόμενον
3361 1227 3647 1300 ἄνθρωπον

1977 1299 2187 1352 ἐδείκνυ
2209 1318 2222 1331 ·
2257 1303 2290 1374 ή
2316 1303 2372 1356 δὲ
2407 1303 2644 1357 θάλαττα
2673 1308 2765 1359 καὶ
2793 1309 2825 1377 ἡ
2859 1309 3068 1380 γαλήνη
3102 1311 3233 1364 Θεὸν
3265 1299 3546 1381 ἐνέφαινεν
3573 1312 3642 1364 ⁸⁸.

2049 1383 2114 1453 β’.
2155 1385 2370 1458 Ἐπειδὴ
2395 1388 2502 1459 γὰρ
2529 1390 2621 1441 καὶ
2637 1391 2874 1460 Μωῢσῆς
2898 1393 3123 1464 ἐποίησέ
3145 1411 3197 1446 τι
3223 1393 3463 1448 τοιοῦτόν
3489 1411 3644 1459 ποτε,

1976 1467 2620 1548 καὶῗέντεῦθενδείκνυσι
2656 1473 2755 1542 τὴν
2795 1473 3096 1547 ὑπεροχήν·
3133 1479 3225 1530 καὶ
3255 1479 3335 1531 ὄτι
3385 1480 3414 1532 6
3449 1478 3547 1548 μὲν
3568 1476 3646 1543 ὡς

1973 1547 2195 1630 δοῦλος,
2249 1551 2278 1602 6
2319 1549 2376 1603 δὲ
2420 1551 2496 1614 ὡς
2536 1553 2809 1622 Δεσπότης
2869 1555 3274 1629 θαυματουργεῖ
3297 1560 3365 1613 ⁸⁸.
3420 1547 3497 1612 Οὐ
3533 1560 3644 1630 γὰρ

1977 1629 2172 1698 ῥάϐδον
2201 1631 2402 1687 ἔτεινεν
2430 1633 2620 1706 ὥσπερ
2645 1637 2869 1700 ἐκεῖνος,
2901 1639 3020 1691 οὐδὲ
3051 1643 3236 1711 χεῖρας
3273 1641 3535 1708 ἐξέτεινεν
3563 1629 3644 1706 είς

1972 1711 2064 1764 τὸν
2088 1714 2334 1785 οὐρανὸν,
2363 1717 2484 1769 οὐδὲ
2518 1717 2680 1788 εὐχῆς
2711 1718 2904 1790 ἐδεήθη
2935 1733 2949 1746 ·
2996 1721 3111 1774 ἀλλ’
3149 1721 3339 1792 ὥσπερ
3384 1723 3528 1785 εἰκὸς
3556 1724 3644 1776 δε-

1973 1794 2176 1866 σπότην
2198 1799 2550 1852 ἐπιτάττοντα
2565 1800 2922 1872 θεραπαινίδι,
2947 1805 3039 1857 καὶ
3059 1806 3131 1874 Δη
3141 1805 3396 1875 μιουργὸν
3413 1805 3644 1875 κτίσμα-

1969 1892 2043 1958 τι,
2065 1878 2238 1940 οὕτως
2275 1882 2446 1951 αὐτὴν
2477 1883 2790 1938 κατέστειλέ
2819 1903 2877 1938 τε
2907 1887 3001 1940 καὶ
3039 1888 3330 1956 ἐχαλίνωσε
3359 1888 3502 1958 λόγῳ
3548 1889 3642 1942 καὶ

1972 1957 2308 2031 ἐπιτάγματι
2337 1964 2498 2033 μόνον
2524 1980 2538 1995 δ
2572 1966 2667 2018 καὶ
2705 1968 2854 2021 πᾶσα
2871 1968 3072 2032 εὐθέως
3099 1969 3282 2023 ἐλύετο
3305 1973 3338 2040 ἡ
3370 1957 3641 2040 ζάλη,καὶ

1969 2042 2089 2095 οὐδέ
2121 2043 2262 2113 ἴχνος
2287 2045 2524 2115 ἀπέμενε
2554 2048 2600 2078 ⁸³
2626 2049 2725 2118 τῆς
2751 2052 3016 2121 ταραχῆς.
3049 2052 3218 2105 Τοῦτο
3241 2053 3349 2123 γάρ
3372 2053 3639 2122 ἐδήλωσεν

1968 2124 1996 2175 6
2033 2124 2422 2198 εὐαγγελιστὴς
2454 2129 2622 2181 εἰπών
2645 2143 2658 2156 ·
2695 2131 2802 2184 Καὶ
2833 2132 3065 2202 ἐγένετο
3112 2133 3344 2203 γαλήνη
3381 2134 3634 2204 μεγάλη.

1970 2206 2081 2258 Kal
2107 2208 2244 2279 ὅπερ
2273 2209 2318 2240 ⁸⁸
2349 2211 2477 2285 περὶ
2523 2212 2617 2265 τοῦ
2668 2214 2877 2284 Πατρὸς
2923 2215 2997 2277 ὡς
3047 2217 3188 2286 μέγα
3239 2216 3445 2286 εἴρητο,
3480 2217 3635 2272 τοῦτο

1967 2291 2130 2354 αὐτὸς
2179 2293 2265 2346 διὰ
2313 2294 2421 2346 τῶν
2466 2295 2640 2366 ἔργων
2686 2296 2994 2361 ἐπεδείξατο
3039 2299 3218 2352 πάλιν.
3268 2300 3418 2353 Τίδέ
3449 2301 3636 2372 εἴρητο

1967 2374 2098 2442 περὶ
2118 2376 2282 2428 αὐτοῦ
2304 2373 2498 2439 ςΕἷπε,
2517 2379 2669 2447 φησὶ,
2693 2380 2789 2432 καὶ
2825 2378 2973 2446 ἔστη
3008 2379 3243 2448 πνεῦμα
3272 2382 3633 2451 καταιγίδος.

1967 2451 2125 2506 Οὕτω
2157 2458 2249 2508 xal
2273 2459 2500 2512 ἐνταῦθα
2527 2477 2539 2490 ·
2575 2457 2732 2524 Εἶπε,
2778 2461 2871 2515 καὶ
2900 2464 3116 2528 ἐγένετο
3161 2462 3367 2534 γαλήνη
3401 2464 3634 2534 μεγάλη.

1965 2534 2056 2587 Διὸ
2086 2536 2317 2604 μάλιστα
2353 2541 2445 2593 καὶ
2467 2539 2773 2612 ἐθαύμαζον
2793 2543 2842 2594 οἱ
2874 2542 3019 2612 ὄχλοι
3051 2543 3230 2608 αὐτὸν,
3266 2544 3363 2596 οὐκ
3397 2544 3463 2596 ἂν
3502 2544 3634 2598 θαυ-

1969 2615 2256 2686 μάσαντες,
2288 2623 2445 2693 εἴπερ
2473 2623 2643 2688 οὕτως
2665 2624 2923 2694 ἐποίησεν
2967 2625 3041 2688 ὼς
3089 2627 3292 2688 ἐκεῖνος
3321 2626 3387 2680 ⁸⁸.
3417 2627 3636 2698 Ἐπειδὴ

1964 2700 2021 2752 δέ
2043 2701 2222 2773 ἀπέϐη
2253 2703 2354 2774 τῆς
2384 2706 2674 2777 θαλάττης,
2701 2708 3002 2778 διαδέχεται
3047 2707 3228 2780 θαῦμα
3259 2709 3446 2779 ἕτερον
3475 2710 3637 2779 φοϐε-

1968 2782 2221 2856 ρώτερον.
2255 2789 2628 2858 Δαιμονῶντες
2659 2791 2767 2862 γὰρ
2817 2790 3065 2861 καθάπερ
3103 2790 3366 2863 δραπέται
3406 2791 3634 2866 πονηροὶ

1962 2867 2226 2940 δεσπότην
2252 2870 2470 2936 ἰδόντες,
2491 2873 2673 2941 ἔλεγον
2695 2890 2709 2904 ·
2750 2875 2810 2927 Τί
2840 2874 2984 2943 ἡμῖν
3009 2875 3105 2928 καί
3133 2876 3254 2940 σοί,
3298 2877 3500 2944 Ἰησοῦ
3541 2880 3634 2933 Υιὲ

1964 2952 2074 3004 τοῦ
2116 2953 2300 3018 Θεοῦ;
2327 2954 2509 3023 ἦλθες
2536 2949 2651 3010 ὦδε
2684 2957 2797 3024 πρὸ
2833 2957 3040 3026 καιροῦ
3067 2959 3403 3022 βασανίσαι
3432 2959 3632 3030 male;

1980 3033 2197 3105 Ἐπειδὴ
2225 3035 2333 3106 γὰρ
2361 3036 2645 3109 ἄνθρωπον
2661 3037 2823 3091 αὐτὸν
2852 3037 3035 3106 ἔλεγον
3056 3039 3103 3071 ⁸⁸
3131 3041 3181 3093 οἱ
3209 3039 3375 3110 ὔχλοι,
3395 3037 3557 3112 ἦλθον
3584 3045 3632 3095 οί

1965 3113 2213 3185 δαίμονες
2242 3118 2340 3189 τὴν
2369 3118 2596 3190 θεότητα
2616 3118 2779 3171 αὐτοῦ
2805 3120 2979 3190 ἀνακη
2989 3119 3268 3189 ρύττοντες
3293 3136 3305 3150 °
3330 3123 3424 3174 καὶ
3455 3125 3502 3176 οί
3533 3125 3633 3194 τῆς

1966 3194 2236 3268 θαλάττης
2294 3201 2670 3272 κυμαινούσης
2726 3201 2821 3254 καὶ
2885 3201 3046 3254 πάλιν
3096 3202 3476 3273 ήσυχαζούσης
3533 3207 3634 3260 οὐκ

1964 3279 2248 3343 ἀκούοντες
2265 3281 2333 3346 ⁸⁷,
2353 3282 2551 3351 ἢκουον
2576 3282 2686 3336 τῶν
2706 3283 2972 3353 δαιμόνων
2992 3281 3165 3336 ταῦτα
3187 3281 3454 3352 βοώντων,
3489 3286 3633 3358 ἅπερ

1965 3361 2147 3431 ἐκείνη
2180 3363 2268 3417 διὰ
2295 3364 2394 3434 τῆς
2433 3365 2674 3435 γαλήνης
2706 3365 2956 3436 ἔκραζεν.
2993 3363 3125 3420 Εἶτα
3163 3368 3250 3421 ἵνα
3279 3369 3354 3440 μὴ
3383 3370 3508 3441 δόξῃ
3542 3387 3633 3423 κο-

1961 3443 2184 3508 λακείας
2199 3446 2260 3498 τὸ
2281 3449 2510 3517 πρᾶγμα
2541 3444 2698 3513 εἶναι,
2732 3449 2840 3502 ἀπὸ
2870 3450 2967 3520 τῆς
3005 3451 3201 3520 πείρας
3236 3452 3344 3505 τῶν
3371 3454 3632 3524 πραγμάο

1959 3543 2067 3579 των
2090 3527 2251 3596 βοῶσι
2267 3528 2515 3596 λέγοντες
2537 3547 2548 3561 ·
2572 3527 2788 3596 Ἦλθες
2800 3526 2917 3586 ὧδε
2934 3532 3047 3602 πρὸ
3065 3533 3274 3603 καιροῦ
3291 3535 3630 3598 βασανίσαι

1959 3609 2116 3678 ἡμᾶς
2133 3626 2152 3674 ;
2183 3610 2280 3664 Διὰ
2307 3611 2371 3682 δὴ
2399 3611 2556 3666 τοῦτο
2604 3615 2866 3688 πρότερον
2893 3616 3234 3687 ὡμολόγηται
3280 3617 3326 3649 ⁸⁸
3352 3619 3384 3690 ή
3434 3617 3623 3688 ἔχθρα,

1959 3693 2044 3747 ἵνα
2077 3695 2150 3765 μὴ
2175 3694 2410 3760 ὕποπτος
2435 3697 2613 3750 αὐτῶν
2631 3700 2664 3768 ἡ
2691 3699 2937 3771 ἱκετηρία
2953 3700 3196 3772 γένηται.
3224 3702 3334 3755 Kal
3358 3701 3465 3773 γὰρ
3486 3703 3622 3770 ἐμα-

1961 3777 2202 3842 στίζοντο
2235 3779 2501 3851 ἀοράτως,
2549 3781 2640 3834 καὶ
2670 3782 2769 3851 τῆς
2803 3783 3073 3854 θαλάττης
3117 3784 3464 3854 ἐχειμάζοντο
3493 3784 3626 3853 μᾶλ-

1956 3863 2067 3928 λον,
2106 3863 2451 3934 κεντούμενοι
2502 3866 2594 3917 καὶ
2626 3867 3054 3936 ἐμπιπράμενοι,
3094 3868 3186 3919 καὶ
3238 3867 3305 3920 τὰ
3351 3868 3623 3936 ἀνήκεστα

1956 3948 2258 4016 πάσχοντες
2307 3947 2416 4000 ἀπὸ
2449 3949 2548 4018 τῆς
2596 3949 2897 4018 παρουσίας
2934 3951 3101 4020 μόνης
3139 3950 3205 4002 ⁸⁸.
3250 3950 3466 4019 Ἐπειδὴ
3517 3951 3622 4019 γὰρ

1952 4028 2124 4091 οὐδεὶς
2168 4029 2364 4092 αὐτοὺς
2409 4034 2791 4100 προσενεγκεῖν
2820 4032 3040 4103 ἐτόλμα,
3073 4032 3232 4095 αὐτὸς
3267 4032 3404 4103 πρὸς
3428 4033 3622 4094 αὐτοὺς

1953 4112 2248 4181 ἀπέρχεται
2268 4113 2296 4164 6
2330 4112 2580 4182 Χριστός.
2608 4113 2714 4165 Kal
2743 4116 2770 4166 6
2794 4115 2893 4183 μὲν
2925 4113 3199 4176 Ματθαῖός
3230 4130 3394 4183 φησιν
3426 4113 3620 4176 αὐτοὺς

1955 4193 2232 4263 εἰρηκέναι
2253 4209 2266 4222 ·
2295 4189 2519 4259 Ἦλθες
2541 4188 2657 4247 ὦδε
2685 4197 2797 4264 πρὸ
2813 4195 3022 4266 καιροῦ
3045 4195 3382 4260 βασανίσαι
3427 4195 3578 4264 ἡμᾶς
3603 4213 3615 4224 ·

1953 4279 2002 4330 οί
2031 4276 2088 4328 δὲ
2120 4273 2270 4328 ἄλλοι
2299 4276 2668 4348 προσέθηκαν,
2703 4281 2783 4332 ὅτι
2815 4281 2909 4333 καὶ
2951 4281 3295 4350 παρεκάλουν
3334 4279 3493 4332 αὐτὸν
3525 4279 3620 4331 καὶ⁹

1952 4359 2206 4431 ῶρκιζον,
2239 4359 2326 4412 ἵνα
2353 4361 2427 4430 μὴ
2465 4361 2545 4425 είς
2574 4361 2674 4432 τὴν
2695 4363 2927 4417 ἄϐυσσον
2956 4364 3153 4427 αὐτοὺς
3199 4361 3432 4434 ἐμϐάλῃ.
3471 4361 3618 4414 Ἐνό-

1955 4459 2118 4512 μισαν
2145 4442 2253 4514 γὰρ
2272 4443 2372 4515 ήδη
2411 4443 2508 4516 τὴν
2534 4446 2755 4499 κόλασιν
2788 4447 2970 4509 αὐτοῖς
2999 4445 3309 4515 ἐφεστάναι,
3344 4446 3440 4499 καὶ
3477 4443 3615 4496 ἐδει-

1953 4543 2051 4580 σαν
2079 4526 2153 4590 ὼς
2187 4527 2286 4598 ἤδη
2320 4529 2400 4591 είς
2426 4529 2693 4600 τιμωρίαν
2747 4529 3166 4600 ἐμπεσούμενοι.
3215 4530 3277 4582 EI
3315 4528 3371 4582 δὲ
3400 4529 3450 4580 οἱ
3486 4528 3616 4597 περὶ

1950 4607 2042 4661 τὸν
2063 4610 2274 4664 Λουκᾶν
2301 4611 2396 4664 ἕνα
2430 4613 2593 4679 φασὶν
2637 4611 2799 4667 αὐτὸν
2842 4609 3000 4678 εἶναι,
3034 4609 3190 4675 οὕτος
3216 4611 3274 4665 δὲ
3311 4610 3403 4664 δύο
3429 4650 3444 4674 ,
3493 4610 3613 4662 οὐδὲ

1947 4689 2106 4744 τοῦτο
2140 4691 2438 4761 διαφωνίαν
2485 4694 2761 4765 ἐμφαίνει.
2805 4697 2864 4749 EI
2919 4696 3018 4766 μέν
3048 4695 3158 4765 γὰρ
3192 4689 3344 4747 εἶπον
3369 4734 3385 4759 ,
3420 4694 3503 4746 ὃτι
3533 4687 3612 4757 εἷς

1948 4773 2108 4842 μόνος
2126 4769 2213 4845 ἦν,
2246 4774 2432 4846 ’ἐτερος
2457 4775 2514 4829 δὲ
2534 4779 2633 4830 οὐκ
2652 4773 2741 4848 ἦν,
2774 4778 2988 4831 ἐδόκουν
3013 4778 3228 4832 ἐναντία
3260 4775 3439 4845 λέγειν
3461 4776 3508 4808 ⁹⁰
3534 4776 3614 4847 τῷ

1943 4858 2208 4928 Ματθαίῳ
2233 4876 2246 4889 ·
2283 4861 2331 4912 εί
2351 4859 2428 4924 δὲ,
2458 4861 2487 4912 6
2519 4861 2616 4931 μὲν
2649 4861 2891 4931 περὶτοῦ
2927 4861 3065 4924 ἐνὸς,
3095 4863 3124 4914 6
3153 4861 3210 4913 δὲ
3244 4859 3500 4931 περὶτῶν
3519 4859 3613 4913 δύο

1941 4939 2208 5010 διελέχθη,
2243 4942 2303 4994 οὐ
2334 4942 2512 5012 μάχης
2544 4942 2606 4996 τὸ
2623 4943 2931 5014 εἰρημένον,
2963 4944 3100 4998 ἀλλὰ
3133 4944 3390 5014 διαφόρου
3420 4944 3612 5016 διηγήο

1943 5038 2098 5085 σεως.
2139 5023 2249 5075 Kal
2302 5024 2411 5096 γάρ
2447 5023 2636 5094 ἔμοιγε
2682 5025 2829 5078 δοκεῖ
2869 5026 2960 5080 τὸν
2992 5025 3370 5098 χαλεπώτερον
3404 5027 3610 5082 τούτων

1902 5169 1908 5175 _
1943 5104 2328 5175 ἐπιλεξάμενος
2353 5109 2382 5158 ὀ
2407 5107 2621 5170 Λουκᾶς
2648 5108 2924 5178 εἰρηκέναι
2950 5125 2965 5141 ο
2997 5109 3078 5164 διὸ
3107 5111 3200 5165 καὶ
3241 5108 3389 5183 [556]
3421 5127 3608 5181 τραγι-

1944 5187 2182 5260 κώτερον
2209 5189 2544 5260 ἀπαγγέλλει
2566 5191 2666 5262 τὴν
2693 5193 2976 5265 συμφοράν
2997 5209 3014 5225 ⁸
3059 5190 3192 5264 οἷον,
3239 5196 3319 5250 ὅτι
3345 5194 3414 5247 τὰ
3435 5192 3607 5261 δεσμά

243 5345 287 5376 ’⁸
410 5345 580 5426 Δφησίν
606 5348 686 5426 ὅτι
726 5345 879 5426 ἐκάθ.
905 5340 1064 5426 εἶπεν
1093 5344 1247 5426 ῼΖΒ.
1374 5347 1538 5426 Iidgm
1558 5351 1744 5426 ἁπλῶς
1763 5366 1863 5426 pos

1966 5354 2078 5426 ἷιέν
2099 5370 2296 5426 “90936-
2321 5355 2458 5426 φησὶ
2483 5354 2638 5426 (φησὶ
2657 5371 2764 5410 om.
2795 5355 2881 5424 E.)
2916 5360 3217 5421 collocant,
3254 5355 3601 5426 consentien-

175 5414 322 5486 gibus
342 5415 578 5486 IIIAIel'ppi.
600 5413 753 5469 εἶπεν
785 5415 990 5486 ἁπλῶς]
1023 5415 1206 5479 ἁπλῶς
1247 5413 1397 5470 εἶπεν
1443 5417 1502 5472 F.

1606 5421 1652 5452 "
1691 5421 1925 5488 Λουκᾶς]
1963 5421 2187 5488 Μάρκος
2215 5421 2690 5481 Ευῐίῇ.”Αι·ιίἱ.’νὶ(1.
2733 5421 2873 5482 Mar;
2899 5446 2971 5484 ιν.
3013 5430 3099 5485 58.

3176 5430 3222 5460 ⁷³
3259 5424 3602 5495 ἐϐαρύθημεν

171 5481 308 5538 Mor.
348 5481 720 5556 ἐϐαρύνθημεν
757 5486 883 5539 Sav.
913 5481 1044 5540 Bén.
1109 5486 1154 5518 "‘
1185 5487 1320 5540 αὐτὸ
1348 5503 1455 5542 om.
1491 5491 1552 5542 E.
1582 5488 1642 5544 F.
1673 5507 1795 5545 mox
1823 5495 1863 5544 ἐι

173 5553 477 5586 (II-veno:anqu
522 5553 558 5586 ιτ
626 5565 876 5586 “nul-nun:
907 5557 1068 5586 Βιιιιλί
1116 5554 1157 5586 17
1280 5558 1323 5586 ’7
1353 5559 1440 5586 ..-ἱ
1477 5574 1562 5586 nm
1620 5559 1659 5586 Ρ
1713 5560 1752 5586 n
1803 5561 1842 5586 Π

1966 5511 2038 5544 ιτο
2061 5481 2124 5546 F.
2167 5481 2244 5525 ’⁷⁸
2277 5512 2506 5548 κατασκ.
2539 5496 2602 5548 Α.
2635 5496 2698 5551 C.
2734 5515 3080 5586 προπαρασκ.
3119 5497 3176 5552 F.
3254 5498 3299 5528 ⁷⁸
3321 5481 3600 5564 ἐνόμισαν]

2029 5563 2076 5586 η
2111 5557 2274 5586 -τ----.·ι
2321 5565 2408 5586 οξ-
2457 5566 2495 5586 n
2559 5566 2600 5586 π
2657 5566 2677 5586 ιι
2724 5584 2737 5586 _
2788 5585 2827 5586 η
2906 5571 2924 5586 ι
3003 5570 3039 5586 n
3102 5567 3275 5586 :,__,J-
3323 5574 3442 5586 __-...
3494 5563 3598 5586 --.L-

173 5553 477 5623 ὑπενόησαν
521 5553 877 5623 Ε’ὶιουιιζυιιι
907 5557 1071 5610 habet
1116 5554 1180 5609 E.

1280 5558 1323 5589 ’⁷
1353 5559 1448 5636 καὶζ
1476 5574 1584 5636 0|_n.
1902 5561 1962 5617 F.
2029 5563 2081 5636 ἐξ
2108 5557 2274 5636 εἶχον]
2321 5565 2412 5620 Sic
2456 5566 2518 5619 E.
2559 5566 2621 5619 F.
2655 5557 2866 5636 ἔχοντες
2904 5557 2965 5622 C.
3001 5570 3061 5622 Ι).
3100 5570 3115 5633 (

3123 5567 3282 5636 paulo
3320 5574 3445 5636 amt;
3494 5563 3602 5632 γὰρ

135 5648 149 5660 ι
170 5638 402 5719 ῩἮἙΛῌΞ
434 5623 914 5719 ἐχὲνξεςηήσαν
1147 5626 1536 5719 ὀλεγοπιὶστίας]
1564 5630 1753 5719 1αὐτοῖς
1775 5623 2237 5719 ἑλιγρπιστίαν
2256 5623 2404 5719 Ῑ›.¹ρἶ
2427 5636 2624 5719 αὐτρύς
2653 5623 2762 5719 οἵη.
2903 5709 2914 5719 η
2932 5639 2977 5670 so
3000 5623 3299 5719 ﬁfaa‘s'gaa‘i‘,
3329 5623 3598 5719 διδάρκειν

170 5690 407 5782 ξοιιίίέείι
434 5690 700 5782 ιξίίξῖῖιν]
746 5690 871 5782 edat:
889 5694 1038 5782 ,αὔξη
1209 5690 1253 5782 ff
1280 5690 1699 5782 ἐνέερῃνέῦἔεάιι-
1722 5690 1822 5782 ξ.⁸ἴ
1855 5704 1863 5752 ε

1966 5690 2284 5782 ρματούργεί
2327 5690 2460 5782 Εςίά.
2595 5690 2858 5776 ἀπέμενε]
2895 5690 3180 5782 ύ-πελήφθῇ
3210 5707 3265 5760 F.

1005 5713 1038 5821 3
1074 5713 1133 5749 IL.
1209 5713 1251 5729 οι
1280 5713 1538 5768 ενεφηνεν
1563 5713 1699 5754 mu.
1774 5713 1819 5732 δ’
1855 5720 1863 5752 ε

1040 5767 1095 5821 d.
1129 5767 1342 5840 codices
1376 5769 1636 5840 waagﬁq.
1720 5769 1766 5840 f‘
1795 5770 1863 5840 ὡι

1966 5713 2284 5773 ,ιματουργει
2327 5713 2460 5759 Edd.
2525 5713 2570 5737 ³³
2595 5713 2858 5776 ἁπέμενε]
2895 5713 3064 5777 ὐπελή

1966 5773 2147 5840 ὶγησαν
2205 5773 2338 5826 Mor.
2365 5774 2495 5827 Ben.
2526 5774 2710 5838 ἔλεγον
2752 5789 2861 5828 om.
2898 5777 2962 5829 1).
3003 5725 3108 5830 sex

169 5764 384 5849 μου..
443 5764 511 5849 ,⁸⁸
539 5763 766 5849 ἐκεῖνος]
819 5765 909 5849 Sic
961 5766 1000 5818 Ε

176 5833 489 5910 ξονιιτιιξςιε
552 5835 595 5865 ⁸⁷
625 5833 951 5910 ἀκούσαντες
974 5847 1037 5910 ,ει
1073 5852 1133 5906 ρ.
1160 5833 1643 5910 ρεέκραξενΕιίά.
1717 5833 1863 5910 εἷόμ

1966 5833 2130 5908 γἐῖται
2164 5841 2274 5896 Edd

3361 5703 3408 5734 “
3437 5701 3598 5773 ὅπερ]

3149 5777 3204 5830 in
3240 5791 3378 5829 mar.
3414 5772 3600 5842 ἐνύμιέ

2366 5845 2410 5875 λυ
2443 5841 2881 5914 μόνηςλδὶσκρ.
2912 5851 3064 5901 Ann.
3097 5854 3150 5902 cl
3180 5845 3342 5903 codd.
3380 5841 3594 5913 ἐκείνης

174 5903 311 5958 Edd.
383 5904 429 5936 ⁹⁰
472 5903 688 5958 ἐναντία
730 5903 928 5968 λέγειν]
971 5903 1254 5964 Sic'co'dd.
1292 5903 1650 5977 ἆμφιϐάλλειν
1681 5903 1839 5963 Ειιάδ

1966 5903 2175 5975 ἀναιδὲς
2209 5911 2267 5965 I".
2300 5928 2351 5981 p.
2389 5903 2842 5981 ρ.’ἐπιδε”ίξασθαί
2872 5916 2928 5970 Ι⁴ῖ.
