4080 6138
486 271 595 326 353

487 384 582 436 καὶ
610 381 706 444 τὰς
736 379 951 442 ἁλύσεις
969 377 1312 449 διαρῤήσσων
1333 377 1472 430 κατά
1496 377 1596 446 τὴν
1634 374 1730 446 Ερη
1741 391 1838 443 μον
1866 373 2150 425 ἐπλανᾶτο·

485 472 515 522 6
543 470 598 522 δὲ
625 471 841 539 Μάρκος
859 467 940 519 ὅτι
962 465 1053 518 καὶ
1085 467 1197 527 τοῖς
1229 464 1396 526 λίθοις
1425 464 1616 515 ἑαυτὸν
1648 461 1845 514 ἐκοπτέ
1874 475 2043 529 φησι·
2063 457 2156 510 καὶ

482 558 552 609 τὰ
585 557 802 627 ῥήματα
841 553 897 606 δὲ
943 552 1121 605 αὐτῶν
1159 550 1418 618 ίκανάθτὸ
1464 550 1668 619 ἀπηνὲς
1702 550 1742 580 θ’
1778 548 1873 600 καὶ
1913 547 1975 600 τὸ
2006 545 2156 599 ἀναί-

484 660 710 712 σχυντον
736 640 1094 704 ἐνδείξασθαι..
1123 635 1346 702 ἽΜθες
1381 635 1490 706 γάρ
1516 630 1630 689 ὦδε
1669 635 1781 702 πρὸ
1807 633 2015 702 καιροῦ
2043 633 2156 696 ,βα-

480 730 731 784 σανίσαι
760 725 919 796 ἡμᾶς
937 743 956 791 ;
991 726 1170 794 φησίν.
1201 726 1322 776 Ὅτι
1349 724 1446 793 μὲν
1482 723 1590 792 γὰρ
1627 724 1724 793 οὐχ
1750 724 2017 793 ἥμαρτον,
2056 721 2155 772 οὐκ

482 811 629 886 εἶχον
654 818 825 868 εἰπεῖν
850 832 863 844 ·
892 813 1102 878 ἀξιοῦσι
1125 811 1181 864 δέ
1209 811 1280 881 μὴ
1310 810 1416 880 πρὸ
1436 810 1628 880 καιροῦ
1648 809 1828 862 δοῦναι
1856 807 1953 877 τὴν
1977 807 2150 875 δίκην.

1201 214 1259 318 8.
1295 261 1580 317 JOANNIS
1617 256 2100 317 CIIRYSOSTOMI
2135 255 2456 312 ABCHIEP.
2494 255 3039 314 CONSTANI‘INOP.

3801 264 3888 316 εει

2260 367 2442 433 καλῷ.
2472 370 2667 423 ’Ότιδέ
2692 372 2811 425 οὐδὲ
2845 372 2902 423 αἱ
2933 372 3038 424 τῶν
3068 369 3406 439 ἁμαρτωλῶν
3436 368 3600 442 ψυχαὶ
3631 375 3888 449 διατρίὸειν

2257 457 2492 510 ἐνταῦθα
2523 459 2813 523 δύνανται,
2846 460 3077 513 ἄκουσον
3114 458 3209 510 τοῦ
3258 459 3514 514 πλουσίου
3570 463 3730 519 πολλά
3771 471 3887 542 ὑπὲρ

2256 543 2444 597 τούτου
2473 546 2937 617 παρακαλοῦντος,
2964 547 3058 599 καὶ
3081 547 3180 600 οὐκ
3202 548 3676 618 ἐπιτυγχάνοντος·
3703 554 3771 616 ὡς
3795 560 3887 626 εἴγε

2255 623 2323 699 ἦν
2352 630 2574 684 δυνατὸν
2604 671 2618 694 ,
2671 634 2831 698 αὐτὸς
2883 633 2948 686 ἂν
2995 628 3148 704 ἦλθε,
3186 635 3278 686 καὶ
3308 635 3597 704 ἀνήγγειλε
3631 639 3647 669 ⁸
3699 642 3762 694 τὰ
3796 623 3892 698 ἐκεῖ

2255 718 2616 787 γεγενημένα.
2650 719 2812 773 Ὅθεν
2836 720 3015 789 δῆλον,
3046 722 3128 772 ὅτι
3158 720 3295 790 μετὰ
3318 721 3418 791 τὴν
3448 724 3694 779 ἐντεῦθεν
3718 730 3890 801 ἀποδη-

2255 804 2387 870 μίαν
2417 807 2497 868 εἰς
2533 806 2717 878 χώραν
2745 808 2864 860 τινὰ
2895 808 3196 876 ἀπάγονται
3228 808 3284 859 αἱ
3309 807 3500 878 ψυχαὶ,
3531 812 3708 866 οὐκέτι
3731 816 3888 885 κύριαι

495 904 713 974 Ἐπειδὴ
745 903 853 974 γὰρ
892 900 1186 954 κατέλαϐεν
1237 899 1434 960 αὐτοὺς
1466 898 1532 950 τά
1577 899 1849 965 ἀνήκεστα
1906 896 1952 928 θ’
2005 891 2154 946 δεινὰ
2252 886 2408 943 οὖσαι
2459 894 2805 958 ἐπανελθεῖν,
2845 893 2980 948 ἀλλά
3024 893 3122 963 τὴν
3174 894 3411 964 φοϐερὰν
3446 897 3656 967 ἐκείνην
3706 903 3888 973 ἡμέραν

481 994 577 1046 καὶ
613 992 902 1062 παράνομα
933 990 1112 1040 ἐκεῖνα
1144 985 1542 1057 ἐργαζομένους
1565 1026 1578 1047 ,
1612 989 1703 1037 καὶ
1749 983 1806 1036 τὸ
1835 982 2055 1051 πλάσμα
2094 981 2151 1032 τὸ

481 1080 675 1134 ἐαυτοῦ
701 1079 860 1132 παντί
887 1075 1308 1146 διαστρέφοντας
1340 1075 1526 1144 τρόπῳ
1565 1074 1656 1125 καὶ
1683 1070 2148 1142 τιμωρουμένους,

479 1169 573 1222 καὶ
600 1167 848 1238 ἐνόμιζον
880 1164 1041 1217 αὐτὸν
1068 1163 1133 1215 δι’
1165 1162 1469 1232 ὑπερϐολὴν
1502 1163 1610 1212 τῶν
1636 1158 1941 1229 γενομένων
1974 1157 2019 1188 ⁵³
2051 1157 2151 1208 οὐκ

477 1255 768 1324 ἀναμένειν
802 1252 890 1305 τὸν
921 1252 1109 1321 καιρὸν
1136 1250 1233 1318 τῆς
1258 1249 1547 1311 κολάσεως,
1586 1247 1673 1300 διὰ
1708 1246 1864 1299 τοῦτο
1906 1243 2148 1314 παρεκά-

476 1345 600 1396 λουν
625 1343 716 1394 καὶ
746 1340 954 1392 ἐδέοντο
977 1356 990 1370 ·
1032 1339 1126 1390 καὶ
1160 1340 1208 1390 οί
1241 1337 1376 1406 μηδέ
1407 1335 1618 1405 δεσμῶν
1657 1333 1968 1402 ἀνεχόμενοι
2001 1331 2149 1398 σιδη-

480 1432 607 1501 ρῶν,
639 1431 887 1500 ἔρχονται
912 1426 1212 1496 δεδεμένοι·
1247 1427 1338 1476 καὶ
1363 1425 1412 1476 οἱ
1451 1423 1518 1474 τὰ
1556 1422 1657 1492 ὄρη
1697 1419 2145 1490 κατατρέχοντες,

477 1522 555 1580 εἰς
593 1517 660 1570 τά
697 1515 858 1568 πεδία
880 1512 1108 1584 ἐξῄεσαν
1131 1528 1146 1541 ·
1191 1512 1289 1565 καὶ
1314 1511 1360 1542 ⁸⁸
1394 1512 1443 1562 οἱ
1471 1511 1596 1571 τοὺς
1628 1507 1816 1564 ἄλλους
1851 1505 2147 1566 κωλύοντες

473 1605 788 1667 διαϐαίνειν,
834 1602 926 1654 τὸν
972 1599 1383 1670 ἀποτειχίζοντα
1414 1597 1512 1667 τὴν
1567 1596 1684 1648 ὁδὸν
1713 1596 1892 1656 αὐτοῖς
1925 1593 2142 1654 ἰδόντες,

476 1692 730 1760 ἔστησαν.
769 1690 834 1742 Τί
860 1689 1058 1758 δήποτε
1086 1687 1142 1739 δέ
1171 1688 1262 1738 καὶ
1292 1689 1402 1747 τοῖς
1433 1685 1622 1750 τάφοις
1645 1679 2141 1752 ἐμφιλοχωροῦσιν;

488 1779 762 1848 Ὀλέθριον
791 1777 968 1846 δόγμα
994 1778 1104 1838 τοῖς
1139 1774 1353 1835 πολλοῖς
1397 1771 1626 1823 ἐνθεῖναι
1677 1768 2006 1838 βουλόμενοι,
2035 1763 2146 1820 οἷον

474 1867 557 1920 ὅτι
593 1868 648 1919 αἰ
674 1866 841 1935 ψυχαὶ
865 1864 972 1916 τῶν
999 1862 1338 1917 ἀπελθόντων
1353 1859 1604 1929 δαίμονες
1627 1857 1895 1925 γίνονται·
1925 1855 1953 1908 6
1984 1855 2145 1925 μηδέ-

475 1971 605 2006 ποτε
629 1953 840 2022 γένοιτο
869 1951 1002 2023 μηδέ
1031 1950 1220 2020 μέχρις
1249 1947 1456 2009 ἐννοίας
1485 1945 1689 1998 λαϐεῖν.
1719 1943 1783 1995 Τί
1812 1939 1926 2006 οὖν,
1959 1944 2140 2013 φησὶν,

473 2038 539 2091 ἂν
571 2038 762 2100 εἰποις,
790 2039 917 2090 ὃταν
948 2033 1133 2087 πολλοὶ
1160 2033 1266 2085 τῶν
1306 2033 1515 2102 γοήτων
1563 2030 1759 2092 παῖδας
1804 2031 1849 2062 ⁸⁵
1891 2029 2145 2091 λαϐόντες

473 2120 909 2190 ἀποσφάττωσιν,
949 2117 1087 2170 ὥστε
1110 2116 1292 2177 αὐτοῖς
1315 2113 1453 2184 μετά
1485 2111 1658 2166 ταῦτα
1689 2112 2143 2182 συμπράττουσαν

474 2207 570 2278 τὴν
592 2207 770 2277 ψυχὴν
803 2206 978 2276 ἔχειν;
1011 2205 1119 2256 Kal
1141 2202 1304 2256 πόθεν
1325 2201 1481 2255 τοῦτο
1517 2200 1707 2270 δῆλον;
1751 2201 1876 2253 ’Ὁτι
1911 2199 2008 2269 μέν
2035 2198 2144 2268 γὰρ

474 2295 898 2361 ἀποσφάττουσι,
955 2292 1141 2344 πολλοί
1194 2290 1444 2358 λέγουσιν
1471 2305 1484 2320 ·
1515 2289 1596 2341 ὅτι
1645 2288 1701 2341 δέ
1729 2289 1784 2340 αἱ
1834 2286 2003 2356 ψυχαὶ
2034 2285 2143 2338 τῶν

474 2381 790 2450 σφαγέντων
818 2382 934 2451 μετ’
960 2378 1139 2432 αὐτῶν
1159 2379 1286 2442 εἰσι,
1312 2377 1477 2431 πόθεν
1516 2376 1723 2444 ἕγνως;
1754 2375 1875 2428 εἰπέ
1903 2392 2011 2445 μοι.
2034 2374 2142 2426 Αὐ-

477 2471 576 2533 τοὶ,
605 2469 788 2539 φησὶν,
818 2469 868 2521 οἱ
903 2467 1264 2539 δαιμονῶντες
1289 2467 1506 2538 βοῶσιν,
1555 2465 1637 2518 ὅτι
1674 2464 1836 2534 Ψυχὴ
1861 2463 1951 2516 τοῦ
1974 2463 2141 2528 δεῖνος

473 2556 604 2627 ἐγώ.
642 2557 802 2612 Ἀλλά
833 2559 930 2612 καὶ
959 2556 1117 2610 τοῦτο
1162 2557 1331 2627 σκηνή
1366 2573 1449 2620 τις
1485 2555 1579 2608 καὶ
1608 2553 1791 2625 ἀπάτη
1838 2551 2142 2622 διαϐολική.

473 2647 549 2698 Ού
584 2647 692 2719 γάρ
721 2645 919 2716 ἡψυχὴ
950 2645 1042 2699 τοῦ
1074 2643 1520 2712 τετελευτηκότος
1553 2642 1700 2694 ἐστὶν
1726 2642 1758 2711 ἡ
1795 2639 1993 2710 βοῶσα,
2026 2639 2143 2692 ἀλλ’

473 2735 500 2787 6
529 2734 735 2804 δαίμων
767 2737 795 2787 6
823 2732 1244 2804 ὑποκρινόμενος
1273 2729 1465 2792 ταῦτα,
1489 2728 1632 2782 ὥστε
1681 2727 1960 2797 ἀπατῆσαι
2015 2727 2141 2790 τοὺς

474 2820 788 2884 ἀκούοντας.
823 2821 885 2872 Εἰ
905 2818 1013 2890 γὰρ
1045 2819 1123 2882 εἰς
1143 2817 1394 2887 δαίμονος
1426 2816 1612 2868 οὐσίαν
1641 2813 1863 2867 δυνατὸν
1889 2813 1936 2845 ⁹⁶
1965 2812 2140 2883 ψυχὴν

474 2906 754 2971 εἰσελθεῖν,
786 2905 965 2976 πολλῷ
1002 2905 1200 2976 μᾶλλον
1222 2905 1300 2966 εἰς
1324 2904 1382 2956 τὸ
1417 2903 1575 2972 σῶμα
1603 2902 1662 2954 τὸ
1691 2901 1908 2971 ἐαυτῆς.
1932 2900 2140 2964 Ἀλλως

473 2995 527 3049 δέ
555 2995 655 3048 οὐκ
686 2993 751 3048 ἂν
779 2994 824 3026 ⁸⁷
853 2993 968 3064 ἔχοι
997 2979 1152 3061 λόγον
1169 2993 1268 3063 τὴν
1298 2990 1631 3061 ἡδικημένην
1651 2990 1828 3061 ψυχὴν
1859 2989 2142 3060 συμπράτ-

475 3100 585 3136 τειν
610 3082 687 3154 τῷ
722 3081 1035 3153 ἠδικηκότι·
1069 3080 1102 3150 ἢ
1137 3078 1422 3149 ἄνθρωπον
1450 3078 1708 3132 δύνασθαι
1741 3077 1971 3147 δύναμιν
2001 3077 2143 3130 ἀσώ-

476 3187 646 3242 ματον
675 3172 754 3233 εἰς
783 3168 978 3239 ἑτέραν
1035 3165 1358 3238 μεταϐαλεῖν
1408 3166 1617 3219 οὐσίαν.
1669 3167 1730 3218 Εἰ
1763 3165 1872 3237 γάρ
1910 3165 2000 3218 ἐπὶ
2034 3164 2143 3218 τῶν

475 3257 741 3328 σωμάτων
756 3255 914 3310 τοῦτο
929 3256 1227 3326 ἀμήχανον,
1248 3255 1340 3307 xal
1355 3254 1454 3306 οὐκ
1475 3253 1540 3307 ἄν
1561 3270 1645 3316 τις
1665 3252 1952 3322 ἀνθρώπου
1982 3252 2141 3322 σῶμα

473 3347 594 3400 ϐνου
621 3347 668 3378 ⁸⁸
718 3345 1039 3417 ἐργάσαιτο·
1080 3341 1261 3412 πολλῷ
1297 3341 1496 3412 μᾶλλον
1529 3341 1624 3394 ἐπὶ
1648 3342 1746 3411 τῆς
1775 3341 2010 3411 ἀοράτου
2040 3339 2142 3409 ψυ-

474 3434 572 3503 χῆς
595 3433 751 3488 τοῦτο
790 3431 1067 3495 ἀδύνατον,
1095 3431 1190 3482 καὶ
1219 3429 1320 3483 οὐκ
1352 3429 1418 3483 ἄν
1443 3445 1528 3492 τις
1559 3428 1826 3500 ἰσχύσειεν
1854 3429 1934 3490 εἰς
1952 3428 2142 3498 δαίμο-

475 3535 563 3582 νος
595 3518 780 3572 οὐσίαν
805 3518 970 3588 αὐτὴν
1001 3518 1367 3587 μετενεγκεῖν.

543 3615 612 3676 γ’.
647 3607 810 3658 Ὥστε
835 3605 1094 3676 γραῖδίων
1125 3605 1429 3674 μεθυόντων
1458 3605 1618 3656 ταυτὶ
1654 3603 1723 3657 τά
1758 3605 2004 3673 ῥήματα,
2046 3603 2142 3657 καὶ

475 3693 680 3747 παίδων
714 3691 1104 3762 μορμολύκεια.
1141 3690 1274 3744 Ούδέ
1303 3689 1410 3762 γάρ
1434 3691 1511 3744 ένι
1531 3691 1708 3762 ψυχὴν
1735 3693 2141 3762 ἀπορραγεῖσαν

474 3779 569 3833 τοῦ
606 3777 852 3849 σώματος
878 3778 1110 3831 ἐνταῦθα
1164 3778 1466 3831 πλανᾶσθαι
1517 3778 1716 3832 λοιπόν.
1761 3779 2008 3831 Δικαίων
2035 3779 2141 3850 γάρ

474 3863 667 3932 ψυχαὶ
687 3863 756 3916 ἐν
784 3861 934 3931 χειρί
966 3861 1110 3915 Θεοῦ
1131 3876 1143 3890 ·
1178 3861 1302 3914 εἰδὲ
1330 3863 1383 3914 αἱ
1411 3862 1516 3914 τῶν
1546 3861 1786 3922 δικαίων.
1822 3862 1916 3914 καὶ
1940 3863 1996 3914 αἰ
2033 3862 2142 3914 τῶν

476 3951 682 4004 παίδων
701 3967 716 3982 ο
746 3949 864 4002 οὐδὲ
889 3948 997 4019 γὰρ
1016 3949 1218 4002 ἐκεῖναι
1249 3949 1499 4020 πονηραί.
1523 3948 1631 4002 Καὶ
1665 3950 1720 4001 αἰ
1752 3949 1859 4001 τῶν
1894 3949 2143 4019 ἀμαρτω-

475 4035 581 4089 λῶν
609 4037 667 4089 δέ
694 4036 893 4100 εὐθέως
923 4036 1170 4089 ἐντεῦθεν
1217 4037 1540 4105 ἀπάγονται.
1579 4035 1688 4088 Kal
1724 4034 1882 4106 δῆλον
1911 4035 2018 4088 ἀπὸ
2047 4034 2139 4088 τοῦ

473 4124 724 4196 Λαζάρου
755 4123 959 4178 καὶτοῦ
993 4125 1245 4178 πλουσίου
1262 4141 1278 4156 ·
1309 4125 1402 4178 καὶ
1426 4123 1658 4194 ἀλλαχοῦ
1680 4125 1736 4177 δέ
1761 4141 1924 4193 φησιν
1953 4126 1980 4176 6
2008 4125 2142 4194 Χρι-

477 4212 598 4275 στός
621 4227 635 4240 ·
669 4211 939 4282 Σήμερον
962 4211 1074 4281 τὴν
1095 4212 1306 4282 ψυχήν
1330 4228 1445 4266 σου
1472 4212 1835 4266 ἀπαιτοῦσιν
1858 4210 1975 4265 ἀπὸ
2001 4211 2137 4266 σοῦ.

473 4301 586 4354 Kal
608 4300 706 4370 οὐχ
737 4296 849 4353 οἶόν
881 4318 941 4354 τε
968 4301 1146 4372 ψυχὴν
1163 4301 1484 4366 ἐξελθοῦσαν
1507 4299 1601 4352 τοῦ
1635 4298 1884 4368 σώματος
1911 4299 2140 4352 ἐνταῦθα

474 4387 812 4442 πλανᾶσθαι·
842 4389 934 4440 καὶ
967 4389 1109 4458 μάλα
1140 4389 1382 4450 εἰκότως.
1409 4386 1558 4459 [557]
1587 4387 1648 4439 Εἰ
1673 4386 1782 4457 γάρ
1806 4388 1865 4439 ἐν
1890 4390 1958 4457 γῇ
1996 4387 2138 4458 βαδί-

475 4478 656 4542 ζοντες
681 4478 747 4547 τῇ
772 4475 991 4545 συνήθει
1021 4476 1116 4530 καὶ
1137 4474 1419 4546 γνωρίμῳ,
1442 4475 1536 4528 καὶ
1568 4474 1726 4545 σῶμα
1751 4475 2144 4546 περικείμενοι,

473 4565 600 4618 ὅταν
632 4563 788 4634 ξένην
821 4562 1089 4632 ὁδεύωμεν
1111 4561 1246 4623 όδὺν,
1285 4561 1442 4614 ποίαν
1480 4561 1651 4614 ἐλθεῖν
1694 4560 1794 4613 οὐκ
1848 4561 2024 4631 ἴσμεν,
2077 4561 2143 4614 ἂν

477 4652 554 4722 μὴ
581 4653 674 4705 τὸν
723 4648 1167 4722 χειραγωγοῦντα
1210 4649 1452 4719 ἔχωμεν·
1511 4648 1629 4711 πῶς
1676 4651 1709 4718 ἡ
1766 4647 1860 4701 τοῦ
1893 4649 2146 4719 σώματος

475 4737 850 4808 ἀπορραγεῖσα
877 4737 1044 4808 ψυχὴ,
1063 4737 1156 4790 καὶ
1179 4737 1274 4806 τῆς
1299 4735 1583 4805 συνηθείας
1623 4735 1913 4800 ἐξελθοῦσα
1942 4738 2142 4807 πάσης,

478 4823 682 4877 εἴσεται
711 4825 811 4878 ποῦ
844 4825 925 4877 δεῖ
966 4823 1203 4895 βαδίζειν
1233 4825 1278 4856 ⁸³
1309 4823 1436 4878 ἄνευ
1474 4822 1567 4876 τοῦ
1597 4823 2024 4892 καθοδηγοῦντος
2048 4826 2146 4877 αύ-

475 4910 576 4979 τήν
595 4927 609 4975 ;
631 4912 740 4963 Καὶ
760 4912 1086 4982 πολλαχόθεν
1105 4911 1160 4964 δέ
1181 4911 1447 4982 ἑτέρωθεν
1479 4910 1544 4964 άν
1565 4927 1648 4974 τις
1679 4909 1905 4973 κατίδοι,
1940 4911 2019 4964 ὅτι
2046 4913 2145 4965 οὐκ

477 4996 556 5049 ἐνι
577 4995 753 5066 ψυχὴν
791 4997 1112 5061 ἐξελθοῦσαν
1137 4997 1372 5052 ἐνταῦθα
1395 5001 1589 5068 μεῖναι.
1621 4998 1732 5050 Kal
1756 4998 1863 5068 γὰρ
1887 5000 1916 5051 ό
1942 4999 2146 5068 Στέφα-

478 5083 569 5147 νός
601 5098 762 5153 φησι·
801 5083 972 5147 Δέξαι
1011 5085 1078 5138 τὸ
1127 5084 1363 5153 πνεῦμά
1397 5101 1548 5154 μου·
1589 5085 1684 5138 καὶ
1727 5086 1756 5137 ό
1793 5084 2031 5150 Παῦλος,
2073 5087 2143 5139 Τὸ

476 5170 783 5227 ἀναλῦσαι
805 5168 903 5223 καί
920 5169 1043 5224 σὺν
1067 5171 1297 5237 Χριστῷ
1310 5169 1461 5225 εἶναι
1479 5170 1684 5235 πολλῷ
1701 5171 1936 5236 μᾶλλον
1955 5172 2143 5241 κρεῖτ-

473 5277 602 5314 τον.
637 5258 750 5312 Kal
775 5259 904 5330 περὶ
934 5257 1027 5312 τοῦ
1059 5258 1400 5330 πατριάρχου
1425 5260 1481 5312 δέ
1508 5277 1672 5328 φησιν
1713 5261 1746 5330 ή
1775 5261 1964 5330 Γραφή
1990 5278 2003 5291 ·
2036 5261 2144 5314 Καὶ
2168 5281 2177 5289 ·

473 5345 805 5417 προσετέθη
823 5345 974 5414 πρὸς
988 5345 1131 5411 τοὺς
1148 5347 1406 5414 πατέρας
1416 5346 1622 5407 αὑτοῦ,
1643 5347 1884 5414 τραφείς
1895 5348 1963 5400 ἐν
1979 5348 2141 5417 γήρει

549 5437 596 5467 ⁹²
625 5435 690 5488 ἀν
731 5451 894 5488 κεστα
926 5449 1035 5488 om.
1069 5432 1129 5487 C.
1183 5433 1244 5486 D.
1295 5433 1358 5486 E.
1410 5432 1470 5486 F.
1552 5434 1598 5466 ³³
1629 5435 1929 5500 γινομένων
1981 5436 2045 5487 Α.
2090 5435 2149 5491 F.

474 5505 673 5568 αὐτοὺς
837 5507 882 5536 ’⁸
911 5504 1170 5558 ἀδύνατον
1201 5504 1265 5558 Α.
1343 5504 1386 5534 ’⁷
1416 5504 1516 5556 οὐκ
1549 5501 1635 5568 ἂν]
1672 5503 1790 5556 οὐδὲ
1836 5504 1968 5559 EdJ.
2008 5507 2126 5558 οῦδέ

2253 978 2640 1047 ἀναμένουσαι.

2324 1059 2386 1111 Εἰ
2415 1060 2473 1112 δὲ
2500 1060 2644 1128 λέγοι
2666 1079 2769 1124 τις,
2803 1061 2910 1114 Kal
2947 1062 3091 1126 τίνος
3107 1063 3292 1116 ἕνεκεν
3321 1063 3454 1134 ὅπερ
3483 1062 3713 1135 ἠξίωσαν
3735 1071 3778 1120 οἱ
3797 1071 3893 1123 δαί-

2255 1163 2414 1215 μονες
2454 1148 2708 1218 ἐποίησεν
2739 1151 2767 1201 6
2801 1149 3055 1220 Χριστὸς,
3101 1152 3181 1214 εἰς
3219 1150 3317 1221 τὴν
3349 1151 3549 1223 ἀγέλην
3586 1155 3688 1206 τῶν
3719 1156 3891 1225 χοίρων

2250 1233 2548 1304 ἐπιτρέψας
2583 1236 2766 1298 αὐτοῖς
2793 1235 3080 1299 άπελθεῖνς
3106 1238 3283 1290 ἐκεῖνο
3315 1237 3380 1291 ἂν
3405 1240 3648 1310 εἴποιμεν
3665 1245 3704 1305 ³,
3726 1244 3894 1299 ὅτιούκ

2251 1321 2479 1384 ἐκείνοις
2503 1323 2821 1393 πειθόμενος
2845 1325 3000 1378 τοῦτο
3017 1327 3292 1397 ἐποίησεν,
3320 1327 3455 1381 άλλά
3481 1329 3650 1382 πολλὰ
3673 1331 3891 1386 ἐντεῦθεν

2247 1407 2546 1477 οἰκονομῶν
2569 1427 2579 1438 ·
2605 1409 2662 1462 ἓν
2679 1410 2797 1480 μὲν,
2825 1411 2886 1463 τὸ
2915 1412 3121 1476 διδάξαι
3141 1415 3267 1476 τοὺς
3283 1400 3690 1483 ἀπαλλαγέντας
3705 1419 3802 1470 τῶν
3817 1439 3895 1473 πο-

2248 1495 2428 1563 νηρῶν
2467 1497 2746 1567 τυράννων
2789 1498 3015 1552 ἐκείνων
3053 1500 3116 1551 τὸ
3169 1501 3396 1570 μέγεθος
3444 1505 3543 1572 τῆς
3585 1503 3754 1574 λύμης
3800 1507 3893 1560 τῶν

2249 1581 2708 1637 ἐπιϐουλευόντων
2726 1586 2905 1648 αὐτοῖς
2929 1601 2941 1614 ·
2978 1585 3164 1658 ἕτερον
3189 1587 3209 1618 ³
3233 1589 3312 1654 δὲ,
3342 1589 3428 1640 ἵνα
3453 1591 3664 1660 μάθωσι
3698 1592 3892 1662 πάντες,

2247 1667 2326 1720 ὅτι
2354 1669 2475 1722 ούδέ
2504 1671 2703 1742 χοίρων
2762 1673 3197 1744 κατατολμῶσιν,
3233 1677 3280 1729 εί
3332 1675 3407 1746 μὴ
3438 1677 3600 1741 αὐτὸς
3639 1685 3893 1751 συγχωρή-

2248 1771 2358 1808 σειε
2381 1755 2399 1786 ⁸
2430 1773 2442 1786 ·
2475 1759 2679 1829 τρίτον,
2707 1761 2788 1812 ὅτι
2818 1761 3172 1832 χαλεπώτερα
3208 1761 3316 1815 τῶν
3352 1765 3550 1834 χοίρων
3591 1768 3811 1830 ἐκείνους
3835 1769 3892 1821 ἂν

2246 1845 2592 1914 εἰργάσαντο,
2623 1849 2673 1899 εἰ
2704 1849 2895 1918 μήκαὶ
2921 1851 2979 1903 ἐν
3010 1853 3077 1920 τῇ
3113 1853 3370 1922 συμφορᾷ
3407 1853 3610 1926 πολλῆς
3651 1855 3890 1910 ἀπέλαυον

2243 1930 2345 1999 τῆς
2376 1931 2469 1984 τοῦ
2529 1931 2665 1985 Θεοῦ
2724 1937 2998 2005 προνοίας.
3041 1937 3162 1990 ’Ὁτι
3213 1937 3322 2009 γάρ
3360 1941 3507 2010 ἡμᾶς
3553 1941 3660 1993 τῶν
3708 1944 3889 2010 ἀλόγων

2248 2017 2449 2086 μᾶλλον
2499 2020 2738 2090 μισοῦσι,
2795 2024 2956 2076 παντί
2996 2040 3099 2077 που
3147 2023 3304 2095 δῆλόν
3343 2027 3512 2079 ἐστιν.
3543 2027 3703 2080 Ὥστε
3732 2029 3776 2080 οἰ
3799 2029 3888 2082 τῶν

2243 2106 2440 2176 χοίρων
2473 2107 2547 2178 μὴ
2573 2110 2900 2180 φειδόμενοι,
2945 2110 3058 2164 ἀλλ’
3090 2113 3146 2164 ἐν
3180 2114 3281 2183 μιᾷ
3308 2113 3501 2184 καιροῦ
3537 2117 3675 2186 ῥοπῇ
3709 2117 3887 2180 πάντας

2245 2194 2441 2258 αὐτοὺς
2464 2198 3025 2268 κατακρημνίσαντες,
3075 2199 3254 2270 πολλῷ
3303 2201 3504 2272 μᾶλλον
3558 2202 3625 2256 ἂν
3659 2204 3775 2268 τοὺς
3810 2207 3891 2258 άν-

2246 2280 2497 2350 θρὼπους
2543 2284 2718 2338 ταῦτα
2773 2287 3116 2356 εἰργάσαντο,
3169 2287 3264 2351 οὓς
3306 2284 3488 2358 εῐχον,
3547 2291 3634 2343 ἐπ’
3685 2293 3892 2362 ἐρημίας

2243 2369 2466 2437 ἄγοντες
2490 2371 2584 2424 xal
2610 2372 2915 2440 ἀπάγοντες
2929 2382 2971 2436 ⁵,
2992 2375 3040 2426 εἰ
3072 2375 3147 2446 μὴ
3179 2377 3271 2429 καὶ
3299 2378 3357 2429 ἐν
3389 2378 3529 2449 αὐτῇ
3559 2383 3622 2450 τῇ
3651 2382 3895 2452 τυραννίδι

2245 2457 2412 2528 πολλὴ
2438 2455 2505 2528 ἦν
2528 2460 2561 2528 ή
2596 2460 2689 2512 τοῦ
2718 2459 2853 2513 Θεοῦ
2884 2462 3200 2532 κηδεμονία,
3225 2463 3513 2532 χαλινοῦσα
3540 2468 3634 2520 καὶ
3653 2468 3896 2537 ἐπέχουσα

2241 2543 2340 2614 τὴν
2361 2545 2671 2616 περαιτέρω
2702 2546 2880 2617 ῥύμην
2915 2549 3115 2601 αὐτῶν.
3145 2549 3308 2602 Ὅθεν
3335 2551 3516 2621 δῆλον,
3550 2555 3634 2607 ὃτι
3658 2555 3751 2606 οὐκ
3769 2554 3895 2608 ἐστιν

2243 2632 2438 2698 οὐδεὶς,
2474 2632 2531 2696 ὃς
2556 2635 2657 2686 οὐκ
2689 2635 2951 2689 ἀπολαύει
3010 2637 3110 2707 τῆς
3145 2637 3239 2690 τοῦ
3293 2639 3429 2692 Θεοῦ
3461 2644 3737 2712 προνοίας.
3772 2644 3826 2696 Εἰ
3847 2644 3895 2697 δὲ

2247 2721 2321 2791 μὴ
2357 2721 2557 2785 πάντες
2572 2723 2795 2791 ὁμοίως,
2827 2724 2960 2794 μηδέ
2982 2724 3106 2778 καθ’
3134 2724 3231 2779 ἐνα
3252 2729 3472 2798 τρόπον,
3489 2732 3590 2783 καὶ
3611 2731 3761 2785 τοῦτο
3782 2748 3896 2804 προ-

2243 2810 2391 2873 νοίας
2421 2811 2676 2880 μέγιστον
2700 2807 2839 2876 εἶδός
2871 2815 3008 2868 ἐστι.
3047 2815 3191 2884 Πρὸς
3222 2816 3329 2888 γάρ
3369 2817 3430 2870 τὸ
3463 2819 3683 2893 ἑκάστῳ
3707 2822 3894 2874 λυσιτε-

2241 2897 2368 2951 λοῦν
2425 2900 2519 2952 καὶ
2572 2901 2633 2953 τὸ
2668 2902 2768 2972 τῆς
2808 2903 3065 2974 προνοίας
3102 2904 3491 2962 ἐπιδείκνυται.
3544 2909 3688 2981 Πρὸς
3725 2909 3776 2963 δὲ
3799 2913 3894 2973 τοῖς

2242 2986 2554 3056 εἰρημένοις
2586 2989 2681 3040 καὶ
2713 2989 2900 3061 ἕτερον
2933 2993 2998 3044 ἐκ
3024 2991 3214 3045 τούτου
3245 2995 3614 3066 μανθάνομεν,
3653 2999 3826 3069 ὅτιπερ
3845 2999 3894 3050 ού

2241 3077 2395 3146 κοινῇ
2432 3075 2648 3128 πάντων
2709 3080 2928 3148 προνοεῖ
2963 3079 3143 3149 μόνον,
3173 3080 3310 3134 άλλά
3348 3085 3442 3136 καὶ
3485 3084 3600 3156 ἰδίᾳ
3649 3087 3891 3139 ἑκάστου·

2239 3162 2269 3214 ὃ
2317 3163 2410 3216 καὶ
2455 3163 2548 3216 ἐπὶ
2589 3163 2699 3216 τῶν
2753 3165 3011 3235 μαθητῶν
3059 3166 3327 3237 ἐδήλωσεν
3377 3169 3589 3224 εἰπών·
3628 3172 3802 3241 Ὑμῶν
3841 3172 3896 3225 δὲ

2241 3250 2381 3303 καί⁶
2422 3254 2484 3304 αἱ
2519 3252 2716 3320 τρίχες
2754 3250 2865 3319 τῆς
2902 3251 3174 3322 κεφαλῆς
3205 3254 3602 3325 ἠριθμημέναι
3632 3261 3766 3313 εἰσί.
3803 3260 3896 3312 Καὶ

2241 3337 2350 3389 ἀπὸ
2382 3337 2488 3389 τῶν
2508 3337 2886 3407 δαιμονῶντων
2931 3339 2988 3392 δέ
3025 3341 3231 3394 τούτων
3262 3343 3280 3373 ⁷
3315 3343 3381 3396 ἄν
3409 3360 3492 3406 τις
3532 3344 3689 3400 τοῦτο
3715 3348 3896 3400 κατίδοι

2242 3425 2450 3493 σαφῶς,
2481 3425 2530 3477 ol'
2584 3425 2756 3479 πάλαι
2797 3427 2864 3480 ἂν
2910 3428 3313 3498 ἀπεπνίγησαν,
3366 3433 3413 3484 εί
3459 3433 3540 3504 μὴ
3588 3435 3780 3504 πολλῆς
3814 3436 3896 3503 τῆς

2241 3511 2446 3565 ἄνωθεν
2488 3512 2814 3583 κηδεμονίας
2849 3514 3138 3569 ἀπέλαυον.
3164 3517 3262 3569 Διά
3299 3517 3363 3587 δὴ
3396 3518 3576 3573 ταῦτα
3623 3523 3895 3592 ἐπέτρεψεν

2240 3599 2497 3652 ἀπελθεῖν
2555 3600 2577 3631 ⁸
2617 3602 2696 3663 εἰς
2745 3602 2842 3671 τὴν
2881 3601 3085 3672 ἀγέλην
3138 3603 3247 3656 τῶν
3295 3605 3522 3675 χοίρων,
3568 3611 3661 3661 καὶ
3704 3611 3783 3661 ἵνα
3819 3611 3896 3660 καὶ

2243 3689 2290 3738 οἱ
2317 3687 2336 3718 ’
2362 3688 2429 3740 τά
2466 3686 2638 3756 χωρία
2665 3687 2936 3751 οἰκοῦντες
2959 3691 3141 3742 ἐκεῖνα
3173 3691 3416 3760 μάθωσιν
3449 3695 3624 3748 αὐτοῦ
3645 3696 3737 3764 τὴν
3758 3697 3896 3750 δύνα-

2244 3791 2356 3843 μιν.
2399 3773 2566 3826 Ἔνθα
2617 3775 2714 3845 μὲν
2743 3775 2850 3846 γάρ
2893 3775 3026 3830 πολὺ
3055 3776 3115 3829 τὸ
3149 3777 3318 3848 ὄνομα
3358 3779 3514 3852 [558]
3553 3784 3717 3836 αὐτοῦ
3747 3787 3892 3840 ἐστιν.

2241 3863 2299 3914 ού
2336 3863 2538 3934 σφόδρα
2570 3863 2914 3918 ἐπεδείκνυτο
2947 3866 2989 3896 ¹⁰
3018 3882 3035 3900 ο
3071 3866 3198 3919 ἔνθα
3230 3867 3287 3920 δὲ
3335 3869 3525 3938 μηδεὶς
3569 3873 3728 3925 αὐτὸν
3753 3867 3891 3932 οἶδεν,

2241 3949 2354 4002 ἀλλ’
2411 3949 2490 4002 ἐτι
2540 3950 2878 4022 ἀναισθήτως
2925 3951 3242 4016 διάκεινται,
3280 3954 3591 4026 ἐκλάμπειν
3631 3960 3794 4012 ἐποίει
3838 3961 3895 4013 τὰ

2242 4036 2515 4107 θαύματα,
2534 4037 2673 4090 ὥστε
2703 4040 2898 4102 αὐτοὺς
2914 4041 2993 4102 εἰς
3019 4040 3116 4111 τὴν
3145 4041 3307 4094 αὐτοῦ
3331 4041 3666 4110 θεογνωσίαν
3688 4047 3896 4099 ἐπισπά-

2245 4127 2463 4177 σασθαι.
2502 4126 2622 4177 Ὀτι
2679 4124 2787 4197 γὰρ
2837 4127 3152 4199 ἀναίσθητοί
3199 4146 3342 4192 τινες
3374 4126 3518 4200 ἦσαν
3561 4135 3610 4185 οἰ
3641 4133 3735 4204 τὴν
3763 4134 3895 4187 πόλιν

2243 4213 2460 4282 ἐκείνην
2485 4213 2760 4277 οἰκοῦντες
2791 4215 2854 4278 ¹¹,
2879 4215 3036 4285 δῆλον
3066 4217 3174 4268 άπὸ
3192 4217 3284 4269 τοῦ
3307 4219 3519 4283 τέλους.
3543 4223 3672 4275 Δέον
3695 4222 3795 4292 γάρ
3814 4221 3892 4272 αύ-

2243 4303 2368 4364 τοὺς
2430 4302 2802 4372 προσκυνῆσαι
2859 4304 2951 4356 καὶ
3005 4302 3281 4374 θαυμάσαι
3334 4308 3433 4376 τὴν
3475 4309 3730 4381 δύναμιν,
3771 4311 3812 4361 οί
3848 4307 3893 4359 δὲ

2244 4388 2591 4459 ἀπέπεμπον,
2642 4390 2750 4442 Καὶ
2803 4389 3186 4456 παρεκάλουν
3227 4393 3518 4447 ἀπελθεῖν
3565 4399 3682 4451 ἀπὸ
3726 4399 3766 4428 ¹¹
3797 4394 3894 4448 τῶν

2245 4477 2422 4543 ὁρίων
2447 4475 2660 4530 αὐτῶν.
2712 4475 2872 4530 Ἀλλά
2915 4477 3060 4540 τίνος
3090 4479 3274 4532 ἕνεκεν
3302 4482 3513 4535 ἀνεῖλον
3544 4487 3673 4548 τοὺς
3704 4484 3892 4554 χοίρους

2246 4563 2600 4632 οἰδαίμονεςς
2669 4564 2949 4634 Πανταχοῦ
3001 4567 3126 4629 τοὺς
3181 4567 3503 4636 ἀνθρώπους
3560 4575 3641 4634 εἰς
3685 4572 3893 4641 ἀθυμίαν

2246 4649 2535 4719 ἐμϐάλλειν
2572 4650 2614 4679 ¹³
2651 4651 3014 4704 ἐσπουδάκασι
3039 4693 3052 4714 ,
3102 4655 3194 4706 καὶ
3232 4656 3507 4725 πανταχοῦ
3555 4660 3794 4728 χαίρουσι
3836 4658 3892 4724 τῇ

2247 4736 2494 4808 ἀπωλείᾳ
2521 4737 2586 4790 ⁸³⁸.
2648 4737 2818 4790 Τοῦτο
2848 4738 2976 4806 γοῦν
3005 4741 3100 4792 καὶ
3141 4743 3169 4793 6
3219 4741 3461 4805 διάϐολος
3512 4745 3608 4797 ἐπί
3644 4746 3734 4797 τοῦ
3794 4743 3895 4795 Ἰὼϐ

2245 4823 2499 4894 ἐποίησε·
2539 4824 2716 4877 καίτοι
2769 4826 2862 4879 καὶ
2910 4827 3024 4878 ἐκεῖ
3051 4829 3077 4878 6
3106 4827 3236 4890 Θεὸς
3271 4829 3576 4900 ἐπέτρεψεν
3602 4846 3614 4858 ·
3645 4833 3753 4884 ἀλλ’
3791 4830 3894 4881 οἱ·δέ

2247 4914 2364 4965 ἐκεῖ
2400 4912 2718 4982 πειθόμενος
2758 4913 2835 4983 τῷ
2865 4913 3114 4984 διαϐόλῳ,
3145 4914 3280 4967 ἀλλὰ
3303 4916 3392 4968 τὸν
3417 4917 3586 4970 αὑτοῦ
3614 4919 3896 4989 θεράποντα

2246 4999 2416 5052 θέλων
2459 5001 2732 5069 ἀποφῆναι
2775 5000 3176 5072 λαμπρότερον,
3229 5004 3325 5056 καὶ
3365 5003 3445 5073 τῷ
3480 5005 3698 5074 δαίμονι
3737 5007 3896 5056 πᾶσαν

2246 5087 2629 5156 ἀναισχυντίας
2679 5087 2959 5139 ἐκκόπτων
3013 5088 3306 5158 πρόφασιν,
3348 5091 3441 5142 καὶ
3476 5091 3562 5151 είς
3607 5090 3703 5160 τὴν
3753 5085 3894 5142 αὑτοῦ

2248 5173 2594 5244 περιτρέπων
2646 5174 2888 5244 κεφαλὴν
2927 5175 2997 5227 τά
3055 5176 3194 5227 κατά
3235 5176 3330 5229 τοῦ
3379 5176 3593 5228 δικαίου
3635 5178 3892 5245 γινόμενα.

2263 5261 2416 5313 Ἐπεὶ⁵
2447 5263 2542 5314 καὶ
2578 5260 2672 5314 νῦν
2724 5261 3052 5326 τούναντίον,
3101 5265 3243 5334 ἤπερ
3285 5263 3472 5334 ἤθελον
3503 5258 3672 5328 οῦτοι,
3705 5263 3891 5332 γέγονε.

2248 5351 2359 5403 Kal
2384 5350 2488 5421 γὰρ
2523 5352 2555 5421 ή
2582 5350 2674 5403 τοῦ
2699 5351 2933 5420 Χριστοῦ
2956 5352 3178 5421 δύναμις
3207 5352 3468 5422 λαμπρῶς
3498 5354 3890 5423 ἀνεκηρύττετο,

2241 5436 2288 5468 οδ
2323 5437 2416 5510 καὶ
2454 5453 2564 5510 9m.
2593 5437 2654 5510 Ο.
2678 5437 2748 5510 _D.
2785 5437 2864 5510 Ε.
2917 5440 2975 5510 A"
3012 5438 3229 5510 παῖδας]
3266 5442 3357 5492 καὶ
3382 5439 3580 5510 παῖδας
3612 5441 3676 5493 Α.
3708 5434 3890 5510 αὐτοῖς]

837 5504 1170 5584 ’⁸-ἀδύνατον
1325 5504 1386 5584 :7
1416 5504 1516 5584 οῦκ
1549 5501 1636 5584 ἂν]
1672 5503 1968 5584 ούδέκΕιΙᾏΙ.
2008 5507 2126 5558 οῦδέ

2247 5507 2423 5584 ὲίιϐίέβ
2461 5506 2594 5584 I}en.
2628 5507 2746 5584 :26“:
2900 5507 3046 5584 6v0_t_a]
3081 5501 3428 5584 ειιίιίίσῶμαΔ
3449 5501 3723 5584 Δὀύκ
3747 5509 3805 5584 ἀν
3826 5501 3894 5567 τις

477 5576 687 5644 ἰσχύσει
716 5576 770 5629 ἀ.
802 5592 850 5628 σ.
881 5575 930 5628 6.
956 5573 1292 5675 ἐργάσασθαι
1325 5572 1388 5626 D.
1464 5575 1508 5606 ⁰⁹
1537 5572 1638 5626 ποῦ
1672 5573 1878 5641 βαδίζει
1907 5573 1972 5627 Α.
2013 5579 2104 5628 ποῖ
2133 5578 2334 5647 βαδίζει
2363 5577 2425 5629 C.
2462 5577 2524 5629 D.
2558 5581 2684 5629 ποῖα
2716 5577 2949 5648 βαδίζειν
2975 5572 3036 5631 F.

477 5645 496 5675 I
526 5645 726 5675 4--....
773 5645 881 5675 [MA
1027 5645 1276 5675 ant-pm“.
1306 5643 1414 5675 L‘AA
1470 5643 1524 5675 £1-
1553 5659 1638 5675 nn.
1703 5643 1739 5675 l.‘
1837 5651 1858 5675 ι
1886 5643 1974 5675 ειη
2011 5644 2084 5675 Dn
2152 5658 2197 5675 η.
2247 5647 2354 5675 υΛΛ
2424 5651 2710 5675 -..υυιηηιρ
2747 5649 2785 5675 1‘
2852 5648 3029 5675 ,ηιμ-ε

1026 5645 1276 5728 δεύτερον
1304 5643 1452 5728 ξύει..
1469 5643 1526 5728 δέ
1552 5659 1658 5728 οιιι.
1682 5643 1804 5728 .E.“
1827 5643 1976 5728 ,χείρ
2009 5643 2142 5728 Ely;

2247 5647 2376 5728 E66.
2423 5643 3032 5728 cgyxwaﬁ§;0._cmt0ri
3075 5643 3447 5728 συγχωρήσῃ.-

475 5645 496 5675 ⁸
523 5645 729 5713 εἴποιμι
770 5645 902 5700 Edd.

477 5715 538 5766 ι).
580 5715 672 5765 καὶ
706 5717 1008 5782 ἀπάγοντες
1044 5731 1152 5768 om.
1185 5715 1245 5768 F.

476 5784 499 5812 ⁸
528 5782 806 5853 ἀπελθεῖν]

1325 5717 1345 5744 ⁸
1371 5714 1463 5788 καὶ
1495 5715 1655 5788 (ΙιξρειΔ
1681 5713 1901 5788 in__E_d_d.
1935 5713 2140 5788 κεφαλῆ

2247 5718 2366 5771 add.
2405 5713 2572 5788 πᾶσάί
2833 5720 2851 5749 ⁷
2883 5719 3086 5771 τούτων
3120 5713 3228 5773 oiﬁ.

862 5786 988 5857 add.
1021 5786 1202 5857 αὐτοῖς
1257 5786 1316 5839 Ε.
1344 5785 1474 5857 add_._
1510 5785 1705 5857 αὐτοὺς
1743 5784 1907 5857 Edd.“
1953 5786 1973 5814 ⁹
2005 5783 2144 5857 καίῗ

2247 5788 2338 5840 καὶ
2374 5787 2445 5855 oi]
2477 5787 2565 5841 Sic
2598 5787 2656 5839 E.
2704 5787 2859 5842 Prius
2909 5789 3000 5840 καὶ
3052 5789 3267 5844 inclusit
3321 5790 3447 5843 Mor.
3491 5789 3584 5842 ἵνα
3641 5788 3714 5857 μὴ
3760 5783 3892 5857 o!_D.

3133 5581 3146 5610 ⁸
3173 5579 3470 5649 ἀπήγγειλε.
3504 5579 3567 5632 Ε.
3599 5579 3810 5649 ἤγγειλε
3838 5584 3889 5628 (ι.

3503 5649 3526 5679 ⁸
3561 5649 3892 5720 περιάγοντες

3311 5718 3328 5772 ,⁷
3362 5718 3517 5772 τοῦτο
3549 5719 3617 5770 ἄν
3639 5718 3720 5779 τις
3749 5718 3889 5770 idem.

475 5851 657 5904 cmluri
694 5850 874 5928 i'vaﬂ.
905 5921 915 5928 _
952 5855 994 5883 ‘°
1024 5855 1389 5907 ἐπιδείκνυται
1434 5850 1496 5906 Ι·“.
1577 5855 1619 5884 ¹¹
1656 5853 2033 5916 κατοικοῦντες
2062 5856 2125 5908 C.

2262 5859 2321 5909 Ε.
2350 5927 2353 5928 ν
2403 5850 2445 5889 ¹ί
2474 5856 2602 5928 ἀπὸ]
2637 5859 2698 5909 ἐκ
2947 5858 2999 5928 ίξ
3023 5859 3279 5927 ἐμϐαλεῖν
3314 5859 3372 5912 F.
3404 5858 3535 5912 Post
3578 5850 3720 5928 11(ὶῇ
3753 5855 3889 5925 vulgo

481 5927 732 5987 repetunt
761 5922 807 5973 οἱ
830 5921 1100 5993 δαίμονες,
1123 5926 1264 5995 quod
1293 5926 1347 5979 in
1378 5923 1437 5978 E.
1466 5924 1616 5979 Arm.
1643 5923 1776 5978 Mor.
1810 5939 1917 5978 non
1947 5939 2144 5999 compm

2323 5927 2363 5958 “
2387 5930 2450 5997 τῇ
2485 5921 2661 5980 αὐτῶν
2692 5927 2936 5998 ἀπωλείᾳ
2963 5921 3098 5983 Edd.
3125 5931 3266 5984 cwde
3295 5947 3357 5983 ac
3390 5929 3641 5982 vastitate
3669 5926 3761 5981 Ge.
