  <div class='ocr_page' id='page_1' title='image "/cluster/home/n/w/nwhite01/storage/ocr_20150623/57/mdp.39015008622600/283.png"; bbox 0 0 4080 6138; ppageno 0'>
   <div class='ocr_carea' id='block_1_1' title="bbox 539 306 646 363">
    <p class='ocr_par' dir='ltr' id='par_1_1' title="bbox 539 306 646 363">
     <span class='ocr_line' id='line_1_1' title="bbox 539 306 646 363; baseline 0 0"><span class='ocrx_word' id='word_1_1' title='bbox 539 306 646 363; x_wconf 67' lang='grc'><strong>555</strong></span> 
     </span>
    </p>
   </div>
   <div class='ocr_carea' id='block_1_2' title="bbox 541 399 2106 478">
    <p class='ocr_par' dir='ltr' id='par_1_2' title="bbox 541 399 2106 478">
     <span class='ocr_line' id='line_1_2' title="bbox 541 399 2106 478; baseline -0.014 -4"><span class='ocrx_word' id='word_1_2' title='bbox 541 419 810 476; x_wconf 85' lang='lat' dir='ltr'><strong>volebant.</strong></span> <span class='ocrx_word' id='word_1_3' title='bbox 837 413 966 470; x_wconf 85' lang='lat' dir='ltr'><strong>Nam</strong></span> <span class='ocrx_word' id='word_1_4' title='bbox 985 409 1181 466; x_wconf 79' lang='lat' dir='ltr'><strong>Christi</strong></span> <span class='ocrx_word' id='word_1_5' title='bbox 1211 408 1443 478; x_wconf 85' lang='lat' dir='ltr'><strong>potentia</strong></span> <span class='ocrx_word' id='word_1_6' title='bbox 1469 404 1664 458; x_wconf 87' lang='lat' dir='ltr'><strong>clarius</strong></span> <span class='ocrx_word' id='word_1_7' title='bbox 1695 399 2106 470; x_wconf 68' lang='lat' dir='ltr'><strong>pi&#39;mdicabatttr,</strong></span> 
     </span>
    </p>
   </div>
   <div class='ocr_carea' id='block_1_3' title="bbox 538 487 2123 578">
    <p class='ocr_par' dir='ltr' id='par_1_3' title="bbox 538 487 2123 578">
     <span class='ocr_line' id='line_1_3' title="bbox 538 487 2123 578; baseline -0.013 -15"><span class='ocrx_word' id='word_1_8' title='bbox 538 525 603 566; x_wconf 87' lang='lat' dir='ltr'><strong>ac</strong></span> <span class='ocrx_word' id='word_1_9' title='bbox 641 505 876 578; x_wconf 74' lang='lat' dir='ltr'><strong>nequitia</strong></span> <span class='ocrx_word' id='word_1_10' title='bbox 906 503 1208 558; x_wconf 60' lang='lat' dir='ltr'><strong>datmonum</strong></span> <span class='ocrx_word' id='word_1_11' title='bbox 1231 540 1244 563; x_wconf 93' lang='lat'><strong>,</strong></span> <span class='ocrx_word' id='word_1_12' title='bbox 1276 513 1346 552; x_wconf 85' lang='lat' dir='ltr'><strong>ex</strong></span> <span class='ocrx_word' id='word_1_13' title='bbox 1380 511 1480 566; x_wconf 83' lang='lat' dir='ltr'><strong>qua</strong></span> <span class='ocrx_word' id='word_1_14' title='bbox 1509 495 1597 547; x_wconf 90' lang='lat' dir='ltr'><strong>ille</strong></span> <span class='ocrx_word' id='word_1_15' title='bbox 1640 493 1782 547; x_wconf 88' lang='lat' dir='ltr'><strong>eruit</strong></span> <span class='ocrx_word' id='word_1_16' title='bbox 1819 503 2007 544; x_wconf 89' lang='lat' dir='ltr'><strong>omnes</strong></span> <span class='ocrx_word' id='word_1_17' title='bbox 2031 487 2123 557; x_wconf 85' lang='lat' dir='ltr'><strong>qui</strong></span> 
     </span>
    </p>
   </div>
   <div class='ocr_carea' id='block_1_4' title="bbox 539 587 2124 674">
    <p class='ocr_par' dir='ltr' id='par_1_4' title="bbox 539 587 2124 674">
     <span class='ocr_line' id='line_1_4' title="bbox 539 587 2124 674; baseline -0.013 -16"><span class='ocrx_word' id='word_1_18' title='bbox 539 604 610 658; x_wconf 86' lang='lat' dir='ltr'><strong>ab</strong></span> <span class='ocrx_word' id='word_1_19' title='bbox 626 601 758 674; x_wconf 86' lang='lat' dir='ltr'><strong>ipsis</strong></span> <span class='ocrx_word' id='word_1_20' title='bbox 776 597 1175 660; x_wconf 91' lang='lat' dir='ltr'><strong>detinebantur,</strong></span> <span class='ocrx_word' id='word_1_21' title='bbox 1194 591 1524 648; x_wconf 79' lang='lat' dir='ltr'><strong>manifestius</strong></span> <span class='ocrx_word' id='word_1_22' title='bbox 1541 587 1805 657; x_wconf 83' lang='lat' dir='ltr'><strong>apparuit,</strong></span> <span class='ocrx_word' id='word_1_23' title='bbox 1834 594 2124 652; x_wconf 90' lang='lat' dir='ltr'><strong>notumque</strong></span> 
     </span>
    </p>
   </div>
   <div class='ocr_carea' id='block_1_5' title="bbox 544 679 2123 760">
    <p class='ocr_par' dir='ltr' id='par_1_5' title="bbox 544 679 2123 760">
     <span class='ocr_line' id='line_1_5' title="bbox 544 679 2123 760; baseline -0.015 -10"><span class='ocrx_word' id='word_1_24' title='bbox 544 694 665 760; x_wconf 89' lang='lat' dir='ltr'><strong>fuit,</strong></span> <span class='ocrx_word' id='word_1_25' title='bbox 699 693 821 746; x_wconf 90' lang='lat' dir='ltr'><strong>illos</strong></span> <span class='ocrx_word' id='word_1_26' title='bbox 867 705 936 745; x_wconf 91' lang='lat' dir='ltr'><strong>ne</strong></span> <span class='ocrx_word' id='word_1_27' title='bbox 983 689 1036 743; x_wconf 93' lang='lat' dir='ltr'><strong>in</strong></span> <span class='ocrx_word' id='word_1_28' title='bbox 1065 699 1258 757; x_wconf 88' lang='lat' dir='ltr'><strong>porcos</strong></span> <span class='ocrx_word' id='word_1_29' title='bbox 1295 682 1509 752; x_wconf 91' lang='lat' dir='ltr'><strong>quidem</strong></span> <span class='ocrx_word' id='word_1_30' title='bbox 1543 679 1741 733; x_wconf 88' lang='lat' dir='ltr'><strong>habere</strong></span> <span class='ocrx_word' id='word_1_31' title='bbox 1781 684 2123 751; x_wconf 86' lang='lat' dir='ltr'><strong>potestatem,</strong></span> 
     </span>
    </p>
   </div>
   <div class='ocr_carea' id='block_1_6' title="bbox 543 772 1627 854">
    <p class='ocr_par' dir='ltr' id='par_1_6' title="bbox 543 772 1627 854">
     <span class='ocr_line' id='line_1_6' title="bbox 543 772 1627 854; baseline -0.018 -12"><span class='ocrx_word' id='word_1_32' title='bbox 543 786 646 842; x_wconf 88' lang='lat' dir='ltr'><strong>nisi</strong></span> <span class='ocrx_word' id='word_1_33' title='bbox 677 785 728 840; x_wconf 90' lang='lat' dir='ltr'><strong>id</strong></span> <span class='ocrx_word' id='word_1_34' title='bbox 751 781 1052 854; x_wconf 86' lang='lat' dir='ltr'><strong>permiserit</strong></span> <span class='ocrx_word' id='word_1_35' title='bbox 1076 778 1442 832; x_wconf 87' lang='lat' dir='ltr'><strong>universorum</strong></span> <span class='ocrx_word' id='word_1_36' title='bbox 1470 772 1627 825; x_wconf 86' lang='lat' dir='ltr'><strong>Deus.</strong></span> 
     </span>
    </p>
   </div>
   <div class='ocr_carea' id='block_1_7' title="bbox 614 857 2126 933">
    <p class='ocr_par' dir='ltr' id='par_1_7' title="bbox 614 857 2126 933">
     <span class='ocr_line' id='line_1_7' title="bbox 614 857 2126 933; baseline -0.015 -1"><span class='ocrx_word' id='word_1_37' title='bbox 614 879 670 933; x_wconf 78' lang='grc'><strong>4.</strong></span> <span class='ocrx_word' id='word_1_38' title='bbox 703 875 986 929; x_wconf 87' lang='lat' dir='ltr'><strong>Parcarum</strong></span> <span class='ocrx_word' id='word_1_39' title='bbox 1029 869 1229 922; x_wconf 84' lang='lat' dir='ltr'><strong>diabolo</strong></span> <span class='ocrx_word' id='word_1_40' title='bbox 1258 865 1563 919; x_wconf 86' lang='lat' dir='ltr'><strong>traditarum</strong></span> <span class='ocrx_word' id='word_1_41' title='bbox 1599 860 1810 914; x_wconf 78' lang='lat' dir='ltr'><strong>historia</strong></span> <span class='ocrx_word' id='word_1_42' title='bbox 1852 857 2126 928; x_wconf 82' lang='lat' dir='ltr'><strong>anagogice</strong></span> 
     </span>
    </p>
   </div>
   <div class='ocr_carea' id='block_1_8' title="bbox 545 951 2126 1040">
    <p class='ocr_par' dir='ltr' id='par_1_8' title="bbox 545 951 2126 1040">
     <span class='ocr_line' id='line_1_8' title="bbox 545 951 2126 1040; baseline -0.016 -15"><span class='ocrx_word' id='word_1_43' title='bbox 545 969 847 1040; x_wconf 71' lang='lat' dir='ltr'><strong>explicatur.</strong></span> <span class='ocrx_word' id='word_1_44' title='bbox 874 961 1158 1031; x_wconf 77' lang='lat' dir='ltr'><strong>Descriptio</strong></span> <span class='ocrx_word' id='word_1_45' title='bbox 1181 959 1355 1014; x_wconf 86' lang='lat' dir='ltr'><strong>lascivi</strong></span> <span class='ocrx_word' id='word_1_46' title='bbox 1375 967 1420 1011; x_wconf 84' lang='lat' dir='ltr'><strong>et</strong></span> <span class='ocrx_word' id='word_1_47' title='bbox 1446 956 1606 1010; x_wconf 80' lang='lat' dir='ltr'><strong>arari.</strong></span> <span class='ocrx_word' id='word_1_48' title='bbox 1630 984 1699 994; x_wconf 92' lang='lat'><strong>——</strong></span> <span class='ocrx_word' id='word_1_49' title='bbox 1719 953 1775 1012; x_wconf 85' lang='lat' dir='ltr'><strong>Si</strong></span> <span class='ocrx_word' id='word_1_50' title='bbox 1805 951 1925 1021; x_wconf 86' lang='lat' dir='ltr'><strong>quis</strong></span> <span class='ocrx_word' id='word_1_51' title='bbox 1950 960 2126 1002; x_wconf 89' lang='lat' dir='ltr'><strong>autem</strong></span> 
     </span>
    </p>
   </div>
   <div class='ocr_carea' id='block_1_9' title="bbox 549 1041 2124 1129">
    <p class='ocr_par' dir='ltr' id='par_1_9' title="bbox 549 1041 2124 1129">
     <span class='ocr_line' id='line_1_9' title="bbox 549 1041 2124 1129; baseline -0.015 -12"><span class='ocrx_word' id='word_1_52' title='bbox 549 1061 666 1116; x_wconf 63' lang='lat' dir='ltr'><strong>haec</strong></span> <span class='ocrx_word' id='word_1_53' title='bbox 689 1058 979 1129; x_wconf 84' lang='lat' dir='ltr'><strong>anagogice</strong></span> <span class='ocrx_word' id='word_1_54' title='bbox 1003 1055 1132 1110; x_wconf 84' lang='lat' dir='ltr'><strong>velit</strong></span> <span class='ocrx_word' id='word_1_55' title='bbox 1152 1053 1419 1120; x_wconf 90' lang='lat' dir='ltr'><strong>accipere,</strong></span> <span class='ocrx_word' id='word_1_56' title='bbox 1453 1050 1504 1104; x_wconf 89' lang='lat' dir='ltr'><strong>id</strong></span> <span class='ocrx_word' id='word_1_57' title='bbox 1537 1049 1720 1116; x_wconf 84' lang='lat' dir='ltr'><strong>utique</strong></span> <span class='ocrx_word' id='word_1_58' title='bbox 1749 1045 1894 1108; x_wconf 91' lang='lat' dir='ltr'><strong>licet,</strong></span> <span class='ocrx_word' id='word_1_59' title='bbox 1923 1042 2015 1098; x_wconf 90' lang='lat' dir='ltr'><strong>sed</strong></span> <span class='ocrx_word' id='word_1_60' title='bbox 2045 1041 2124 1095; x_wconf 85' lang='lat' dir='ltr'><strong>hi-</strong></span> 
     </span>
    </p>
   </div>
   <div class='ocr_carea' id='block_1_10' title="bbox 547 1137 2132 1213">
    <p class='ocr_par' dir='ltr' id='par_1_10' title="bbox 547 1137 2132 1213">
     <span class='ocr_line' id='line_1_10' title="bbox 547 1137 2132 1213; baseline -0.016 -3"><span class='ocrx_word' id='word_1_61' title='bbox 547 1155 713 1210; x_wconf 89' lang='lat' dir='ltr'><strong>storia</strong></span> <span class='ocrx_word' id='word_1_62' title='bbox 738 1153 815 1207; x_wconf 91' lang='lat' dir='ltr'><strong>sic</strong></span> <span class='ocrx_word' id='word_1_63' title='bbox 844 1151 1024 1205; x_wconf 86' lang='lat' dir='ltr'><strong>habet.</strong></span> <span class='ocrx_word' id='word_1_64' title='bbox 1054 1146 1343 1202; x_wconf 87' lang='lat' dir='ltr'><strong>Sciendum</strong></span> <span class='ocrx_word' id='word_1_65' title='bbox 1376 1157 1536 1213; x_wconf 90' lang='lat' dir='ltr'><strong>porro</strong></span> <span class='ocrx_word' id='word_1_66' title='bbox 1565 1149 1647 1194; x_wconf 87' lang='lat' dir='ltr'><strong>est</strong></span> <span class='ocrx_word' id='word_1_67' title='bbox 1673 1137 1917 1191; x_wconf 75' lang='lat' dir='ltr'><strong>homines</strong></span> <span class='ocrx_word' id='word_1_68' title='bbox 1941 1148 2132 1206; x_wconf 84' lang='lat' dir='ltr'><strong>porco-</strong></span> 
     </span>
    </p>
   </div>
   <div class='ocr_carea' id='block_1_11' title="bbox 546 1226 2129 1303">
    <p class='ocr_par' dir='ltr' id='par_1_11' title="bbox 546 1226 2129 1303">
     <span class='ocr_line' id='line_1_11' title="bbox 546 1226 2129 1303; baseline -0.016 0"><span class='ocrx_word' id='word_1_69' title='bbox 546 1262 663 1302; x_wconf 88' lang='lat' dir='ltr'><strong>rum</strong></span> <span class='ocrx_word' id='word_1_70' title='bbox 706 1246 875 1300; x_wconf 89' lang='lat' dir='ltr'><strong>instar</strong></span> <span class='ocrx_word' id='word_1_71' title='bbox 913 1243 1174 1303; x_wconf 80' lang='lat' dir='ltr'><strong>viventes,</strong></span> <span class='ocrx_word' id='word_1_72' title='bbox 1207 1235 1540 1291; x_wconf 73' lang='lat' dir='ltr'><strong>daemonibus</strong></span> <span class='ocrx_word' id='word_1_73' title='bbox 1580 1246 1702 1286; x_wconf 90' lang='lat' dir='ltr'><strong>esse</strong></span> <span class='ocrx_word' id='word_1_74' title='bbox 1730 1236 1883 1299; x_wconf 89' lang='lat' dir='ltr'><strong>captu</strong></span> <span class='ocrx_word' id='word_1_75' title='bbox 1926 1226 2129 1281; x_wconf 81' lang='lat' dir='ltr'><strong>faciles.</strong></span> 
     </span>
    </p>
   </div>
   <div class='ocr_carea' id='block_1_12' title="bbox 546 1323 2133 1408">
    <p class='ocr_par' dir='ltr' id='par_1_12' title="bbox 546 1323 2133 1408">
     <span class='ocr_line' id='line_1_12' title="bbox 546 1323 2133 1408; baseline -0.014 -13"><span class='ocrx_word' id='word_1_76' title='bbox 546 1340 648 1408; x_wconf 86' lang='lat' dir='ltr'><strong>Qui</strong></span> <span class='ocrx_word' id='word_1_77' title='bbox 688 1347 864 1393; x_wconf 88' lang='lat' dir='ltr'><strong>autem</strong></span> <span class='ocrx_word' id='word_1_78' title='bbox 906 1335 1020 1390; x_wconf 71' lang='lat' dir='ltr'><strong>hmc</strong></span> <span class='ocrx_word' id='word_1_79' title='bbox 1059 1334 1355 1404; x_wconf 86' lang='lat' dir='ltr'><strong>patiuntur,</strong></span> <span class='ocrx_word' id='word_1_80' title='bbox 1386 1330 1629 1383; x_wconf 89' lang='lat' dir='ltr'><strong>homines</strong></span> <span class='ocrx_word' id='word_1_81' title='bbox 1657 1339 1777 1378; x_wconf 91' lang='lat' dir='ltr'><strong>cum</strong></span> <span class='ocrx_word' id='word_1_82' title='bbox 1818 1323 1959 1385; x_wconf 90' lang='lat' dir='ltr'><strong>sint,</strong></span> <span class='ocrx_word' id='word_1_83' title='bbox 1989 1333 2133 1388; x_wconf 65' lang='lat' dir='ltr'><strong>saepe</strong></span> 
     </span>
    </p>
   </div>
   <div class='ocr_carea' id='block_1_13' title="bbox 553 1410 2132 1503">
    <p class='ocr_par' dir='ltr' id='par_1_13' title="bbox 553 1410 2132 1503">
     <span class='ocr_line' id='line_1_13' title="bbox 553 1410 2132 1503; baseline -0.015 -17"><span class='ocrx_word' id='word_1_84' title='bbox 553 1438 780 1503; x_wconf 89' lang='lat' dir='ltr'><strong>possunt</strong></span> <span class='ocrx_word' id='word_1_85' title='bbox 807 1429 928 1483; x_wconf 92' lang='lat' dir='ltr'><strong>illos</strong></span> <span class='ocrx_word' id='word_1_86' title='bbox 948 1439 1239 1496; x_wconf 86' lang='lat' dir='ltr'><strong>superare;</strong></span> <span class='ocrx_word' id='word_1_87' title='bbox 1269 1423 1316 1478; x_wconf 92' lang='lat' dir='ltr'><strong>si</strong></span> <span class='ocrx_word' id='word_1_88' title='bbox 1337 1435 1467 1475; x_wconf 87' lang='lat' dir='ltr'><strong>vero</strong></span> <span class='ocrx_word' id='word_1_89' title='bbox 1495 1417 1640 1488; x_wconf 89' lang='lat' dir='ltr'><strong>porci</strong></span> <span class='ocrx_word' id='word_1_90' title='bbox 1669 1414 1888 1470; x_wconf 90' lang='lat' dir='ltr'><strong>omnino</strong></span> <span class='ocrx_word' id='word_1_91' title='bbox 1914 1410 2132 1474; x_wconf 89' lang='lat' dir='ltr'><strong>fuerint,</strong></span> 
     </span>
    </p>
   </div>
   <div class='ocr_carea' id='block_1_14' title="bbox 551 1504 2134 1580">
    <p class='ocr_par' dir='ltr' id='par_1_14' title="bbox 551 1504 2134 1580">
     <span class='ocr_line' id='line_1_14' title="bbox 551 1504 2134 1580; baseline -0.015 -3"><span class='ocrx_word' id='word_1_92' title='bbox 551 1536 657 1577; x_wconf 90' lang='lat' dir='ltr'><strong>non</strong></span> <span class='ocrx_word' id='word_1_93' title='bbox 685 1519 846 1575; x_wconf 88' lang='lat' dir='ltr'><strong>modo</strong></span> <span class='ocrx_word' id='word_1_94' title='bbox 871 1533 900 1572; x_wconf 88' lang='lat' dir='ltr'><strong>a</strong></span> <span class='ocrx_word' id='word_1_95' title='bbox 927 1514 1260 1572; x_wconf 70' lang='lat' dir='ltr'><strong>dtemonibus</strong></span> <span class='ocrx_word' id='word_1_96' title='bbox 1284 1510 1639 1580; x_wconf 79' lang='lat' dir='ltr'><strong>exagitantur,</strong></span> <span class='ocrx_word' id='word_1_97' title='bbox 1667 1505 1762 1560; x_wconf 90' lang='lat' dir='ltr'><strong>sed</strong></span> <span class='ocrx_word' id='word_1_98' title='bbox 1785 1504 1946 1558; x_wconf 88' lang='lat' dir='ltr'><strong>etiam</strong></span> <span class='ocrx_word' id='word_1_99' title='bbox 1991 1515 2134 1570; x_wconf 74' lang='lat' dir='ltr'><strong>pra:-</strong></span> 
     </span>
    </p>
   </div>
   <div class='ocr_carea' id='block_1_15' title="bbox 551 1591 2136 1682">
    <p class='ocr_par' dir='ltr' id='par_1_15' title="bbox 551 1591 2136 1682">
     <span class='ocr_line' id='line_1_15' title="bbox 551 1591 2136 1682; baseline -0.016 -15"><span class='ocrx_word' id='word_1_100' title='bbox 551 1613 862 1682; x_wconf 87' lang='lat' dir='ltr'><strong>cipitantnr.</strong></span> <span class='ocrx_word' id='word_1_101' title='bbox 890 1608 1225 1676; x_wconf 89' lang='lat' dir='ltr'><strong>lnsuperque</strong></span> <span class='ocrx_word' id='word_1_102' title='bbox 1267 1616 1335 1656; x_wconf 91' lang='lat' dir='ltr'><strong>ne</strong></span> <span class='ocrx_word' id='word_1_103' title='bbox 1373 1599 1491 1669; x_wconf 88' lang='lat' dir='ltr'><strong>quis</strong></span> <span class='ocrx_word' id='word_1_104' title='bbox 1528 1597 1631 1651; x_wconf 91' lang='lat' dir='ltr'><strong>hac</strong></span> <span class='ocrx_word' id='word_1_105' title='bbox 1657 1607 1932 1649; x_wconf 85' lang='lat' dir='ltr'><strong>remesse</strong></span> <span class='ocrx_word' id='word_1_106' title='bbox 1961 1591 2136 1645; x_wconf 88' lang='lat' dir='ltr'><strong>ﬁctam</strong></span> 
     </span>
    </p>
   </div>
   <div class='ocr_carea' id='block_1_16' title="bbox 551 1683 2139 1774">
    <p class='ocr_par' dir='ltr' id='par_1_16' title="bbox 551 1683 2139 1774">
     <span class='ocr_line' id='line_1_16' title="bbox 551 1683 2139 1774; baseline -0.016 -16"><span class='ocrx_word' id='word_1_107' title='bbox 551 1711 801 1774; x_wconf 87' lang='lat' dir='ltr'><strong>putaret,</strong></span> <span class='ocrx_word' id='word_1_108' title='bbox 831 1699 925 1754; x_wconf 87' lang='lat' dir='ltr'><strong>sed</strong></span> <span class='ocrx_word' id='word_1_109' title='bbox 953 1697 1177 1767; x_wconf 89' lang='lat' dir='ltr'><strong>quisque</strong></span> <span class='ocrx_word' id='word_1_110' title='bbox 1207 1692 1453 1747; x_wconf 87' lang='lat' dir='ltr'><strong>crederet</strong></span> <span class='ocrx_word' id='word_1_111' title='bbox 1491 1686 1767 1742; x_wconf 84' lang='lat' dir='ltr'><strong>daemones</strong></span> <span class='ocrx_word' id='word_1_112' title='bbox 1823 1683 1840 1714; x_wconf 84' lang='grc'>¹</span> <span class='ocrx_word' id='word_1_113' title='bbox 1869 1695 1994 1735; x_wconf 85' lang='lat' dir='ltr'><strong>vere</strong></span> <span class='ocrx_word' id='word_1_114' title='bbox 2039 1695 2139 1734; x_wconf 73' lang='lat' dir='ltr'><strong>ex-</strong></span> 
     </span>
    </p>
   </div>
   <div class='ocr_carea' id='block_1_17' title="bbox 557 1771 2139 1859">
    <p class='ocr_par' dir='ltr' id='par_1_17' title="bbox 557 1771 2139 1859">
     <span class='ocr_line' id='line_1_17' title="bbox 557 1771 2139 1859; baseline -0.016 -10"><span class='ocrx_word' id='word_1_115' title='bbox 557 1795 751 1857; x_wconf 89' lang='lat' dir='ltr'><strong>ivisse,</strong></span> <span class='ocrx_word' id='word_1_116' title='bbox 783 1807 850 1846; x_wconf 76' lang='lat' dir='ltr'><strong>ex</strong></span> <span class='ocrx_word' id='word_1_117' title='bbox 896 1801 1178 1859; x_wconf 87' lang='lat' dir='ltr'><strong>porcorum</strong></span> <span class='ocrx_word' id='word_1_118' title='bbox 1223 1793 1396 1838; x_wconf 87' lang='lat' dir='ltr'><strong>morte</strong></span> <span class='ocrx_word' id='word_1_119' title='bbox 1430 1780 1482 1835; x_wconf 90' lang='lat' dir='ltr'><strong>id</strong></span> <span class='ocrx_word' id='word_1_120' title='bbox 1515 1775 1854 1832; x_wconf 89' lang='lat' dir='ltr'><strong>manifestum</strong></span> <span class='ocrx_word' id='word_1_121' title='bbox 1892 1771 2139 1827; x_wconf 88' lang='lat' dir='ltr'><strong>efﬁcitur.</strong></span> 
     </span>
    </p>
   </div>
   <div class='ocr_carea' id='block_1_18' title="bbox 557 1872 2142 1954">
    <p class='ocr_par' dir='ltr' id='par_1_18' title="bbox 557 1872 2142 1954">
     <span class='ocr_line' id='line_1_18' title="bbox 557 1872 2142 1954; baseline -0.015 -11"><span class='ocrx_word' id='word_1_122' title='bbox 557 1888 655 1942; x_wconf 82' lang='lat' dir='ltr'><strong>llic</strong></span> <span class='ocrx_word' id='word_1_123' title='bbox 674 1900 804 1941; x_wconf 88' lang='lat' dir='ltr'><strong>vero</strong></span> <span class='ocrx_word' id='word_1_124' title='bbox 851 1881 1123 1954; x_wconf 88' lang='lat' dir='ltr'><strong>perpende</strong></span> <span class='ocrx_word' id='word_1_125' title='bbox 1164 1879 1283 1948; x_wconf 89' lang='lat' dir='ltr'><strong>ejus</strong></span> <span class='ocrx_word' id='word_1_126' title='bbox 1318 1872 1786 1930; x_wconf 83' lang='lat' dir='ltr'><strong>mansuetudinem</strong></span> <span class='ocrx_word' id='word_1_127' title='bbox 1831 1883 1956 1922; x_wconf 92' lang='lat' dir='ltr'><strong>cum</strong></span> <span class='ocrx_word' id='word_1_128' title='bbox 1985 1874 2142 1936; x_wconf 88' lang='lat' dir='ltr'><strong>pote-</strong></span> 
     </span>
    </p>
   </div>
   <div class='ocr_carea' id='block_1_19' title="bbox 556 1959 2145 2046">
    <p class='ocr_par' dir='ltr' id='par_1_19' title="bbox 556 1959 2145 2046">
     <span class='ocr_line' id='line_1_19' title="bbox 556 1959 2145 2046; baseline -0.014 -10"><span class='ocrx_word' id='word_1_129' title='bbox 556 1988 694 2036; x_wconf 86' lang='lat' dir='ltr'><strong>state</strong></span> <span class='ocrx_word' id='word_1_130' title='bbox 722 1978 1083 2046; x_wconf 90' lang='lat' dir='ltr'><strong>conjunctam.</strong></span> <span class='ocrx_word' id='word_1_131' title='bbox 1117 1971 1252 2027; x_wconf 91' lang='lat' dir='ltr'><strong>Cum</strong></span> <span class='ocrx_word' id='word_1_132' title='bbox 1283 1969 1426 2024; x_wconf 88' lang='lat' dir='ltr'><strong>enim</strong></span> <span class='ocrx_word' id='word_1_133' title='bbox 1453 1966 1687 2037; x_wconf 83' lang='lat' dir='ltr'><strong>regiOnis</strong></span> <span class='ocrx_word' id='word_1_134' title='bbox 1714 1963 1904 2017; x_wconf 77' lang='lat' dir='ltr'><strong>incola:</strong></span> <span class='ocrx_word' id='word_1_135' title='bbox 1926 2001 1940 2026; x_wconf 96' lang='lat'><strong>,</strong></span> <span class='ocrx_word' id='word_1_136' title='bbox 1976 1969 2053 2014; x_wconf 92' lang='lat' dir='ltr'><strong>tot</strong></span> <span class='ocrx_word' id='word_1_137' title='bbox 2077 1959 2145 2014; x_wconf 89' lang='lat' dir='ltr'><strong>ab</strong></span> 
     </span>
    </p>
   </div>
   <div class='ocr_carea' id='block_1_20' title="bbox 558 2052 2138 2138">
    <p class='ocr_par' dir='ltr' id='par_1_20' title="bbox 558 2052 2138 2138">
     <span class='ocr_line' id='line_1_20' title="bbox 558 2052 2138 2138; baseline -0.015 -11"><span class='ocrx_word' id='word_1_138' title='bbox 558 2087 625 2127; x_wconf 91' lang='lat' dir='ltr'><strong>eo</strong></span> <span class='ocrx_word' id='word_1_139' title='bbox 668 2068 904 2138; x_wconf 85' lang='lat' dir='ltr'><strong>acceptis</strong></span> <span class='ocrx_word' id='word_1_140' title='bbox 932 2063 1226 2127; x_wconf 87' lang='lat' dir='ltr'><strong>beneﬁciis,</strong></span> <span class='ocrx_word' id='word_1_141' title='bbox 1274 2062 1420 2115; x_wconf 91' lang='lat' dir='ltr'><strong>illum</strong></span> <span class='ocrx_word' id='word_1_142' title='bbox 1469 2058 1536 2112; x_wconf 89' lang='lat' dir='ltr'><strong>ab</strong></span> <span class='ocrx_word' id='word_1_143' title='bbox 1562 2071 1620 2110; x_wconf 92' lang='lat' dir='ltr'><strong>se</strong></span> <span class='ocrx_word' id='word_1_144' title='bbox 1663 2052 1940 2109; x_wconf 85' lang='lat' dir='ltr'><strong>discedere</strong></span> <span class='ocrx_word' id='word_1_145' title='bbox 1981 2064 2138 2118; x_wconf 82' lang='lat' dir='ltr'><strong>coge-</strong></span> 
     </span>
    </p>
   </div>
   <div class='ocr_carea' id='block_1_21' title="bbox 559 2141 2147 2230">
    <p class='ocr_par' dir='ltr' id='par_1_21' title="bbox 559 2141 2147 2230">
     <span class='ocr_line' id='line_1_21' title="bbox 559 2141 2147 2230; baseline -0.015 -10"><span class='ocrx_word' id='word_1_146' title='bbox 559 2173 702 2230; x_wconf 84' lang='lat' dir='ltr'><strong>rent,</strong></span> <span class='ocrx_word' id='word_1_147' title='bbox 732 2178 839 2218; x_wconf 89' lang='lat' dir='ltr'><strong>non</strong></span> <span class='ocrx_word' id='word_1_148' title='bbox 886 2159 1100 2223; x_wconf 88' lang='lat' dir='ltr'><strong>restitit,</strong></span> <span class='ocrx_word' id='word_1_149' title='bbox 1146 2155 1242 2210; x_wconf 90' lang='lat' dir='ltr'><strong>sed</strong></span> <span class='ocrx_word' id='word_1_150' title='bbox 1274 2153 1554 2216; x_wconf 89' lang='lat' dir='ltr'><strong>discessit,</strong></span> <span class='ocrx_word' id='word_1_151' title='bbox 1586 2162 1790 2217; x_wconf 90' lang='lat' dir='ltr'><strong>eosque</strong></span> <span class='ocrx_word' id='word_1_152' title='bbox 1826 2145 1919 2216; x_wconf 87' lang='lat' dir='ltr'><strong>qui</strong></span> <span class='ocrx_word' id='word_1_153' title='bbox 1961 2158 2020 2199; x_wconf 90' lang='lat' dir='ltr'><strong>se</strong></span> <span class='ocrx_word' id='word_1_154' title='bbox 2045 2141 2147 2197; x_wconf 91' lang='lat' dir='ltr'><strong>do-</strong></span> 
     </span>
    </p>
   </div>
   <div class='ocr_carea' id='block_1_22' title="bbox 559 2236 2150 2324">
    <p class='ocr_par' dir='ltr' id='par_1_22' title="bbox 559 2236 2150 2324">
     <span class='ocr_line' id='line_1_22' title="bbox 559 2236 2150 2324; baseline -0.014 -11"><span class='ocrx_word' id='word_1_155' title='bbox 559 2257 732 2313; x_wconf 86' lang='lat' dir='ltr'><strong>ctrina</strong></span> <span class='ocrx_word' id='word_1_156' title='bbox 759 2255 924 2324; x_wconf 86' lang='lat' dir='ltr'><strong>ipsius</strong></span> <span class='ocrx_word' id='word_1_157' title='bbox 950 2250 1196 2321; x_wconf 88' lang='lat' dir='ltr'><strong>indignos</strong></span> <span class='ocrx_word' id='word_1_158' title='bbox 1223 2245 1602 2307; x_wconf 89' lang='lat' dir='ltr'><strong>declarabant,</strong></span> <span class='ocrx_word' id='word_1_159' title='bbox 1633 2239 1868 2310; x_wconf 88' lang='lat' dir='ltr'><strong>reliquit,</strong></span> <span class='ocrx_word' id='word_1_160' title='bbox 1898 2236 2150 2290; x_wconf 87' lang='lat' dir='ltr'><strong>doctores</strong></span> 
     </span>
    </p>
   </div>
   <div class='ocr_carea' id='block_1_23' title="bbox 566 2326 2147 2417">
    <p class='ocr_par' dir='ltr' id='par_1_23' title="bbox 566 2326 2147 2417">
     <span class='ocr_line' id='line_1_23' title="bbox 566 2326 2147 2417; baseline -0.016 -14"><span class='ocrx_word' id='word_1_161' title='bbox 566 2349 848 2417; x_wconf 83' lang='lat' dir='ltr'><strong>assignans</strong></span> <span class='ocrx_word' id='word_1_162' title='bbox 870 2344 974 2398; x_wconf 92' lang='lat' dir='ltr'><strong>illis</strong></span> <span class='ocrx_word' id='word_1_163' title='bbox 991 2355 1107 2405; x_wconf 89' lang='lat' dir='ltr'><strong>eos,</strong></span> <span class='ocrx_word' id='word_1_164' title='bbox 1136 2339 1226 2409; x_wconf 90' lang='lat' dir='ltr'><strong>qui</strong></span> <span class='ocrx_word' id='word_1_165' title='bbox 1258 2353 1286 2390; x_wconf 88' lang='lat' dir='ltr'><strong>a</strong></span> <span class='ocrx_word' id='word_1_166' title='bbox 1315 2334 1648 2391; x_wconf 79' lang='lat' dir='ltr'><strong>daemonibus</strong></span> <span class='ocrx_word' id='word_1_167' title='bbox 1677 2328 1887 2385; x_wconf 89' lang='lat' dir='ltr'><strong>liberati</strong></span> <span class='ocrx_word' id='word_1_168' title='bbox 1917 2326 2147 2391; x_wconf 81' lang='lat' dir='ltr'><strong>fuerant,</strong></span> 
     </span>
    </p>
   </div>
   <div class='ocr_carea' id='block_1_24' title="bbox 563 2418 2154 2501">
    <p class='ocr_par' dir='ltr' id='par_1_24' title="bbox 563 2418 2154 2501">
     <span class='ocr_line' id='line_1_24' title="bbox 563 2418 2154 2501; baseline -0.016 -5"><span class='ocrx_word' id='word_1_169' title='bbox 563 2455 772 2496; x_wconf 90' lang='lat' dir='ltr'><strong>necnon</strong></span> <span class='ocrx_word' id='word_1_170' title='bbox 801 2436 1075 2499; x_wconf 90' lang='lat' dir='ltr'><strong>subulcos,</strong></span> <span class='ocrx_word' id='word_1_171' title='bbox 1109 2449 1139 2487; x_wconf 88' lang='lat' dir='ltr'><strong>a</strong></span> <span class='ocrx_word' id='word_1_172' title='bbox 1169 2431 1361 2501; x_wconf 91' lang='lat' dir='ltr'><strong>quibus</strong></span> <span class='ocrx_word' id='word_1_173' title='bbox 1388 2439 1740 2498; x_wconf 61' lang='lat' dir='ltr'><strong>quaecumque</strong></span> <span class='ocrx_word' id='word_1_174' title='bbox 1765 2430 1913 2492; x_wconf 87' lang='lat' dir='ltr'><strong>gesta</strong></span> <span class='ocrx_word' id='word_1_175' title='bbox 1944 2418 2154 2474; x_wconf 79' lang='lat' dir='ltr'><strong>fuerant</strong></span> 
     </span>
    </p>
   </div>
   <div class='ocr_carea' id='block_1_25' title="bbox 569 2507 2153 2598">
    <p class='ocr_par' dir='ltr' id='par_1_25' title="bbox 569 2507 2153 2598">
     <span class='ocr_line' id='line_1_25' title="bbox 569 2507 2153 2598; baseline -0.017 -11"><span class='ocrx_word' id='word_1_176' title='bbox 569 2532 812 2588; x_wconf 87' lang='lat' dir='ltr'><strong>ediscere</strong></span> <span class='ocrx_word' id='word_1_177' title='bbox 839 2536 1087 2598; x_wconf 87' lang='lat' dir='ltr'><strong>poterant</strong></span> <span class='ocrx_word' id='word_1_178' title='bbox 1111 2542 1124 2576; x_wconf 86' lang='lat'>:</span> <span class='ocrx_word' id='word_1_179' title='bbox 1157 2520 1416 2577; x_wconf 86' lang='lat' dir='ltr'><strong>recedens</strong></span> <span class='ocrx_word' id='word_1_180' title='bbox 1443 2531 1604 2587; x_wconf 91' lang='lat' dir='ltr'><strong>porro</strong></span> <span class='ocrx_word' id='word_1_181' title='bbox 1625 2516 1894 2584; x_wconf 81' lang='lat' dir='ltr'><strong>ingentem</strong></span> <span class='ocrx_word' id='word_1_182' title='bbox 1926 2509 2057 2579; x_wconf 88' lang='lat' dir='ltr'><strong>ipsis</strong></span> <span class='ocrx_word' id='word_1_183' title='bbox 2083 2507 2153 2561; x_wconf 90' lang='lat' dir='ltr'><strong>ti-</strong></span> 
     </span>
    </p>
   </div>
   <div class='ocr_carea' id='block_1_26' title="bbox 570 2602 2156 2690">
    <p class='ocr_par' dir='ltr' id='par_1_26' title="bbox 570 2602 2156 2690">
     <span class='ocr_line' id='line_1_26' title="bbox 570 2602 2156 2690; baseline -0.018 -9"><span class='ocrx_word' id='word_1_184' title='bbox 570 2639 776 2680; x_wconf 91' lang='lat' dir='ltr'><strong>morem</strong></span> <span class='ocrx_word' id='word_1_185' title='bbox 806 2620 1038 2690; x_wconf 89' lang='lat' dir='ltr'><strong>reliquit.</strong></span> <span class='ocrx_word' id='word_1_186' title='bbox 1069 2614 1258 2671; x_wconf 88' lang='lat' dir='ltr'><strong>Damni</strong></span> <span class='ocrx_word' id='word_1_187' title='bbox 1308 2612 1503 2682; x_wconf 90' lang='lat' dir='ltr'><strong>quippe</strong></span> <span class='ocrx_word' id='word_1_188' title='bbox 1533 2603 1844 2676; x_wconf 86' lang='lat' dir='ltr'><strong>magnitudo</strong></span> <span class='ocrx_word' id='word_1_189' title='bbox 1883 2602 1960 2656; x_wconf 92' lang='lat' dir='ltr'><strong>rei</strong></span> <span class='ocrx_word' id='word_1_190' title='bbox 1989 2608 2156 2670; x_wconf 73' lang='lat' dir='ltr'><strong>gesta:</strong></span> 
     </span>
    </p>
   </div>
   <div class='ocr_carea' id='block_1_27' title="bbox 569 2693 2154 2781">
    <p class='ocr_par' dir='ltr' id='par_1_27' title="bbox 569 2693 2154 2781">
     <span class='ocr_line' id='line_1_27' title="bbox 569 2693 2154 2781; baseline -0.019 -8"><span class='ocrx_word' id='word_1_191' title='bbox 569 2717 768 2772; x_wconf 88' lang='lat' dir='ltr'><strong>famam</strong></span> <span class='ocrx_word' id='word_1_192' title='bbox 797 2711 1098 2781; x_wconf 86' lang='lat' dir='ltr'><strong>evulgabat,</strong></span> <span class='ocrx_word' id='word_1_193' title='bbox 1123 2720 1317 2774; x_wconf 85' lang='lat' dir='ltr'><strong>resque</strong></span> <span class='ocrx_word' id='word_1_194' title='bbox 1337 2710 1480 2756; x_wconf 88' lang='lat' dir='ltr'><strong>tanta</strong></span> <span class='ocrx_word' id='word_1_195' title='bbox 1499 2699 1734 2769; x_wconf 91' lang='lat' dir='ltr'><strong>ipsorum</strong></span> <span class='ocrx_word' id='word_1_196' title='bbox 1760 2693 1968 2748; x_wconf 87' lang='lat' dir='ltr'><strong>animos</strong></span> <span class='ocrx_word' id='word_1_197' title='bbox 1987 2693 2009 2723; x_wconf 81' lang='grc'>¹</span> <span class='ocrx_word' id='word_1_198' title='bbox 2027 2705 2154 2760; x_wconf 88' lang='lat' dir='ltr'><strong>per-</strong></span> 
     </span>
    </p>
   </div>
   <div class='ocr_carea' id='block_1_28' title="bbox 568 2786 2158 2873">
    <p class='ocr_par' dir='ltr' id='par_1_28' title="bbox 568 2786 2158 2873">
     <span class='ocr_line' id='line_1_28' title="bbox 568 2786 2158 2873; baseline -0.018 -8"><span class='ocrx_word' id='word_1_199' title='bbox 568 2810 795 2865; x_wconf 86' lang='lat' dir='ltr'><strong>culerat.</strong></span> <span class='ocrx_word' id='word_1_200' title='bbox 836 2803 1088 2873; x_wconf 86' lang='lat' dir='ltr'><strong>Undique</strong></span> <span class='ocrx_word' id='word_1_201' title='bbox 1128 2810 1374 2854; x_wconf 88' lang='lat' dir='ltr'><strong>rumores</strong></span> <span class='ocrx_word' id='word_1_202' title='bbox 1419 2791 1814 2852; x_wconf 82' lang='lat' dir='ltr'><strong>aﬁ&#39;erebantur,</strong></span> <span class='ocrx_word' id='word_1_203' title='bbox 1844 2786 1961 2842; x_wconf 57' lang='lat' dir='ltr'><strong>haec</strong></span> <span class='ocrx_word' id='word_1_204' title='bbox 2006 2791 2158 2854; x_wconf 85' lang='lat' dir='ltr'><strong>gesta</strong></span> 
     </span>
    </p>
   </div>
   <div class='ocr_carea' id='block_1_29' title="bbox 569 2878 2161 2968">
    <p class='ocr_par' dir='ltr' id='par_1_29' title="bbox 569 2878 2161 2968">
     <span class='ocr_line' id='line_1_29' title="bbox 569 2878 2161 2968; baseline -0.017 -14"><span class='ocrx_word' id='word_1_205' title='bbox 569 2896 832 2968; x_wconf 85' lang='lat' dir='ltr'><strong>stupenda</strong></span> <span class='ocrx_word' id='word_1_206' title='bbox 857 2893 1228 2965; x_wconf 70' lang='lat' dir='ltr'><strong>prmdicantes,</strong></span> <span class='ocrx_word' id='word_1_207' title='bbox 1244 2887 1310 2942; x_wconf 90' lang='lat' dir='ltr'><strong>ab</strong></span> <span class='ocrx_word' id='word_1_208' title='bbox 1331 2887 1395 2941; x_wconf 91' lang='lat' dir='ltr'><strong>iis</strong></span> <span class='ocrx_word' id='word_1_209' title='bbox 1415 2884 1504 2954; x_wconf 89' lang='lat' dir='ltr'><strong>qui</strong></span> <span class='ocrx_word' id='word_1_210' title='bbox 1525 2881 1694 2937; x_wconf 90' lang='lat' dir='ltr'><strong>curati</strong></span> <span class='ocrx_word' id='word_1_211' title='bbox 1713 2878 1946 2943; x_wconf 82' lang='lat' dir='ltr'><strong>fuerant,</strong></span> <span class='ocrx_word' id='word_1_212' title='bbox 1970 2890 2000 2929; x_wconf 88' lang='lat' dir='ltr'><strong>a</strong></span> <span class='ocrx_word' id='word_1_213' title='bbox 2024 2889 2161 2944; x_wconf 62' lang='lat' dir='ltr'><strong>prie-</strong></span> 
     </span>
    </p>
   </div>
   <div class='ocr_carea' id='block_1_30' title="bbox 570 2965 2162 3060">
    <p class='ocr_par' dir='ltr' id='par_1_30' title="bbox 570 2965 2162 3060">
     <span class='ocr_line' id='line_1_30' title="bbox 570 2965 2162 3060; baseline -0.016 -15"><span class='ocrx_word' id='word_1_214' title='bbox 570 2965 805 3060; x_wconf 87' lang='lat' dir='ltr'><strong>cipitatis</strong></span> <span class='ocrx_word' id='word_1_215' title='bbox 834 2985 1028 3056; x_wconf 85' lang='lat' dir='ltr'><strong>porcis,</strong></span> <span class='ocrx_word' id='word_1_216' title='bbox 1056 2997 1087 3036; x_wconf 87' lang='lat' dir='ltr'><strong>a</strong></span> <span class='ocrx_word' id='word_1_217' title='bbox 1114 2992 1400 3051; x_wconf 89' lang='lat' dir='ltr'><strong>porcorum</strong></span> <span class='ocrx_word' id='word_1_218' title='bbox 1431 2973 1681 3038; x_wconf 88' lang='lat' dir='ltr'><strong>dominis,</strong></span> <span class='ocrx_word' id='word_1_219' title='bbox 1709 2968 2012 3025; x_wconf 89' lang='lat' dir='ltr'><strong>asubulcis.</strong></span> <span class='ocrx_word' id='word_1_220' title='bbox 2036 2965 2162 3020; x_wconf 67' lang='lat' dir='ltr'><strong>Haec</strong></span> 
     </span>
    </p>
   </div>
   <div class='ocr_carea' id='block_1_31' title="bbox 573 3058 2164 3154">
    <p class='ocr_par' dir='ltr' id='par_1_31' title="bbox 573 3058 2164 3154">
     <span class='ocr_line' id='line_1_31' title="bbox 573 3058 2164 3154; baseline -0.018 -16"><span class='ocrx_word' id='word_1_221' title='bbox 573 3058 736 3154; x_wconf 82' lang='lat' dir='ltr'><strong>porro</strong></span> <span class='ocrx_word' id='word_1_222' title='bbox 753 3093 893 3134; x_wconf 93' lang='lat' dir='ltr'><strong>nunc</strong></span> <span class='ocrx_word' id='word_1_223' title='bbox 907 3075 1068 3132; x_wconf 88' lang='lat' dir='ltr'><strong>etiam</strong></span> <span class='ocrx_word' id='word_1_224' title='bbox 1087 3072 1271 3127; x_wconf 87' lang='lat' dir='ltr'><strong>videre</strong></span> <span class='ocrx_word' id='word_1_225' title='bbox 1287 3076 1389 3134; x_wconf 89' lang='lat' dir='ltr'><strong>est,</strong></span> <span class='ocrx_word' id='word_1_226' title='bbox 1407 3066 1604 3122; x_wconf 89' lang='lat' dir='ltr'><strong>multos</strong></span> <span class='ocrx_word' id='word_1_227' title='bbox 1621 3065 1673 3119; x_wconf 91' lang='lat' dir='ltr'><strong>in</strong></span> <span class='ocrx_word' id='word_1_228' title='bbox 1688 3059 1947 3132; x_wconf 86' lang='lat' dir='ltr'><strong>sepulcris</strong></span> <span class='ocrx_word' id='word_1_229' title='bbox 1962 3058 2164 3113; x_wconf 57' lang='lat' dir='ltr'><strong>daemo-</strong></span> 
     </span>
    </p>
   </div>
   <div class='ocr_carea' id='block_1_32' title="bbox 575 3151 2161 3242">
    <p class='ocr_par' dir='ltr' id='par_1_32' title="bbox 575 3151 2161 3242">
     <span class='ocr_line' id='line_1_32' title="bbox 575 3151 2161 3242; baseline -0.018 -12"><span class='ocrx_word' id='word_1_230' title='bbox 575 3151 778 3237; x_wconf 72' lang='lat' dir='ltr'><strong>iliacos,</strong></span> <span class='ocrx_word' id='word_1_231' title='bbox 796 3183 930 3242; x_wconf 86' lang='lat' dir='ltr'><strong>quos</strong></span> <span class='ocrx_word' id='word_1_232' title='bbox 951 3165 1166 3223; x_wconf 87' lang='lat' dir='ltr'><strong>nihilab</strong></span> <span class='ocrx_word' id='word_1_233' title='bbox 1185 3162 1388 3218; x_wconf 86' lang='lat' dir='ltr'><strong>insania</strong></span> <span class='ocrx_word' id='word_1_234' title='bbox 1419 3157 1655 3222; x_wconf 87' lang='lat' dir='ltr'><strong>cohibet,</strong></span> <span class='ocrx_word' id='word_1_235' title='bbox 1675 3169 1778 3209; x_wconf 91' lang='lat' dir='ltr'><strong>nou</strong></span> <span class='ocrx_word' id='word_1_236' title='bbox 1811 3151 2036 3217; x_wconf 85' lang='lat' dir='ltr'><strong>ferrum,</strong></span> <span class='ocrx_word' id='word_1_237' title='bbox 2056 3162 2161 3203; x_wconf 88' lang='lat' dir='ltr'><strong>non</strong></span> 
     </span>
    </p>
   </div>
   <div class='ocr_carea' id='block_1_33' title="bbox 573 3244 2158 3331">
    <p class='ocr_par' dir='ltr' id='par_1_33' title="bbox 573 3244 2158 3331">
     <span class='ocr_line' id='line_1_33' title="bbox 573 3244 2158 3331; baseline -0.019 -6"><span class='ocrx_word' id='word_1_238' title='bbox 573 3277 782 3331; x_wconf 87' lang='lat' dir='ltr'><strong>catena,</strong></span> <span class='ocrx_word' id='word_1_239' title='bbox 820 3279 926 3319; x_wconf 88' lang='lat' dir='ltr'><strong>non</strong></span> <span class='ocrx_word' id='word_1_240' title='bbox 962 3257 1247 3316; x_wconf 83' lang='lat' dir='ltr'><strong>multitudo</strong></span> <span class='ocrx_word' id='word_1_241' title='bbox 1287 3253 1585 3316; x_wconf 88' lang='lat' dir='ltr'><strong>hominum,</strong></span> <span class='ocrx_word' id='word_1_242' title='bbox 1632 3261 1740 3302; x_wconf 88' lang='lat' dir='ltr'><strong>non</strong></span> <span class='ocrx_word' id='word_1_243' title='bbox 1785 3244 2005 3308; x_wconf 89' lang='lat' dir='ltr'><strong>monita,</strong></span> <span class='ocrx_word' id='word_1_244' title='bbox 2051 3256 2158 3296; x_wconf 92' lang='lat' dir='ltr'><strong>non</strong></span> 
     </span>
    </p>
   </div>
   <div class='ocr_carea' id='block_1_34' title="bbox 582 3336 2163 3424">
    <p class='ocr_par' dir='ltr' id='par_1_34' title="bbox 582 3336 2163 3424">
     <span class='ocr_line' id='line_1_34' title="bbox 582 3336 2163 3424; baseline -0.02 -5"><span class='ocrx_word' id='word_1_245' title='bbox 582 3375 780 3424; x_wconf 90' lang='lat' dir='ltr'><strong>terror,</strong></span> <span class='ocrx_word' id='word_1_246' title='bbox 809 3372 916 3412; x_wconf 93' lang='lat' dir='ltr'><strong>non</strong></span> <span class='ocrx_word' id='word_1_247' title='bbox 946 3354 1138 3417; x_wconf 70' lang='lat' dir='ltr'><strong>minae,</strong></span> <span class='ocrx_word' id='word_1_248' title='bbox 1164 3365 1274 3406; x_wconf 87' lang='lat' dir='ltr'><strong>non</strong></span> <span class='ocrx_word' id='word_1_249' title='bbox 1302 3345 1429 3418; x_wconf 89' lang='lat' dir='ltr'><strong>quid</strong></span> <span class='ocrx_word' id='word_1_250' title='bbox 1468 3342 1662 3399; x_wconf 90' lang='lat' dir='ltr'><strong>simile.</strong></span> <span class='ocrx_word' id='word_1_251' title='bbox 1696 3339 1828 3394; x_wconf 89' lang='lat' dir='ltr'><strong>Cum</strong></span> <span class='ocrx_word' id='word_1_252' title='bbox 1871 3338 1990 3408; x_wconf 89' lang='lat' dir='ltr'><strong>quis</strong></span> <span class='ocrx_word' id='word_1_253' title='bbox 2020 3336 2163 3392; x_wconf 90' lang='lat' dir='ltr'><strong>enim</strong></span> 
     </span>
    </p>
   </div>
   <div class='ocr_carea' id='block_1_35' title="bbox 576 3428 2166 3518">
    <p class='ocr_par' dir='ltr' id='par_1_35' title="bbox 576 3428 2166 3518">
     <span class='ocr_line' id='line_1_35' title="bbox 576 3428 2166 3518; baseline -0.018 -6"><span class='ocrx_word' id='word_1_254' title='bbox 576 3456 810 3512; x_wconf 90' lang='lat' dir='ltr'><strong>lascivus</strong></span> <span class='ocrx_word' id='word_1_255' title='bbox 845 3461 1132 3518; x_wconf 88' lang='lat' dir='ltr'><strong>corporum</strong></span> <span class='ocrx_word' id='word_1_256' title='bbox 1164 3442 1337 3500; x_wconf 88' lang='lat' dir='ltr'><strong>forma</strong></span> <span class='ocrx_word' id='word_1_257' title='bbox 1375 3439 1604 3508; x_wconf 88' lang='lat' dir='ltr'><strong>capitur,</strong></span> <span class='ocrx_word' id='word_1_258' title='bbox 1639 3434 1772 3490; x_wconf 86' lang='lat' dir='ltr'><strong>nihil</strong></span> <span class='ocrx_word' id='word_1_259' title='bbox 1794 3431 2022 3488; x_wconf 72' lang='lat' dir='ltr'><strong>differta</strong></span> <span class='ocrx_word' id='word_1_260' title='bbox 2053 3428 2166 3485; x_wconf 83' lang='lat' dir='ltr'><strong>dae-</strong></span> 
     </span>
    </p>
   </div>
   <div class='ocr_carea' id='block_1_36' title="bbox 577 3520 2167 3602">
    <p class='ocr_par' dir='ltr' id='par_1_36' title="bbox 577 3520 2167 3602">
     <span class='ocr_line' id='line_1_36' title="bbox 577 3520 2167 3602; baseline -0.018 0"><span class='ocrx_word' id='word_1_261' title='bbox 577 3546 829 3602; x_wconf 90' lang='lat' dir='ltr'><strong>moniaco</strong></span> <span class='ocrx_word' id='word_1_262' title='bbox 858 3560 871 3596; x_wconf 88' lang='lat'>:</span> <span class='ocrx_word' id='word_1_263' title='bbox 900 3538 996 3595; x_wconf 90' lang='lat' dir='ltr'><strong>sed</strong></span> <span class='ocrx_word' id='word_1_264' title='bbox 1024 3535 1202 3592; x_wconf 84' lang='lat' dir='ltr'><strong>nudus</strong></span> <span class='ocrx_word' id='word_1_265' title='bbox 1227 3541 1286 3588; x_wconf 89' lang='lat' dir='ltr'><strong>ut</strong></span> <span class='ocrx_word' id='word_1_266' title='bbox 1312 3531 1402 3586; x_wconf 87' lang='lat' dir='ltr'><strong>ille</strong></span> <span class='ocrx_word' id='word_1_267' title='bbox 1432 3530 1881 3594; x_wconf 88' lang='lat' dir='ltr'><strong>circumvagatur,</strong></span> <span class='ocrx_word' id='word_1_268' title='bbox 1923 3520 2167 3576; x_wconf 84' lang='lat' dir='ltr'><strong>vestibus</strong></span> 
     </span>
    </p>
   </div>
   <div class='ocr_carea' id='block_1_37' title="bbox 577 3610 2166 3709">
    <p class='ocr_par' dir='ltr' id='par_1_37' title="bbox 577 3610 2166 3709">
     <span class='ocr_line' id='line_1_37' title="bbox 577 3610 2166 3709; baseline -0.019 -15"><span class='ocrx_word' id='word_1_269' title='bbox 577 3639 795 3709; x_wconf 87' lang='lat' dir='ltr'><strong>quidem</strong></span> <span class='ocrx_word' id='word_1_270' title='bbox 827 3633 1072 3695; x_wconf 90' lang='lat' dir='ltr'><strong>indutus,</strong></span> <span class='ocrx_word' id='word_1_271' title='bbox 1103 3625 1199 3681; x_wconf 90' lang='lat' dir='ltr'><strong>sed</strong></span> <span class='ocrx_word' id='word_1_272' title='bbox 1225 3636 1354 3678; x_wconf 87' lang='lat' dir='ltr'><strong>vero</strong></span> <span class='ocrx_word' id='word_1_273' title='bbox 1381 3621 1580 3674; x_wconf 87' lang='lat' dir='ltr'><strong>amictu</strong></span> <span class='ocrx_word' id='word_1_274' title='bbox 1611 3616 1889 3688; x_wconf 88' lang='lat' dir='ltr'><strong>spoliatus,</strong></span> <span class='ocrx_word' id='word_1_275' title='bbox 1917 3621 1974 3668; x_wconf 85' lang='lat' dir='ltr'><strong>et</strong></span> <span class='ocrx_word' id='word_1_276' title='bbox 1995 3610 2166 3682; x_wconf 77' lang='lat' dir='ltr'><strong>gloria</strong></span> 
     </span>
    </p>
   </div>
   <div class='ocr_carea' id='block_1_38' title="bbox 581 3704 2164 3784">
    <p class='ocr_par' dir='ltr' id='par_1_38' title="bbox 581 3704 2164 3784">
     <span class='ocr_line' id='line_1_38' title="bbox 581 3704 2164 3784; baseline -0.018 0"><span class='ocrx_word' id='word_1_277' title='bbox 581 3704 684 3784; x_wconf 82' lang='lat' dir='ltr'><strong>sibi</strong></span> <span class='ocrx_word' id='word_1_278' title='bbox 709 3724 886 3781; x_wconf 88' lang='lat' dir='ltr'><strong>debita</strong></span> <span class='ocrx_word' id='word_1_279' title='bbox 914 3719 1144 3776; x_wconf 90' lang='lat' dir='ltr'><strong>nudatus</strong></span> <span class='ocrx_word' id='word_1_280' title='bbox 1166 3759 1181 3782; x_wconf 94' lang='lat'><strong>,</strong></span> <span class='ocrx_word' id='word_1_281' title='bbox 1225 3729 1331 3768; x_wconf 92' lang='lat' dir='ltr'><strong>non</strong></span> <span class='ocrx_word' id='word_1_282' title='bbox 1377 3711 1639 3781; x_wconf 84' lang='lat' dir='ltr'><strong>lapidibus</strong></span> <span class='ocrx_word' id='word_1_283' title='bbox 1669 3721 1791 3762; x_wconf 89' lang='lat' dir='ltr'><strong>sese</strong></span> <span class='ocrx_word' id='word_1_284' title='bbox 1832 3704 2164 3776; x_wconf 88' lang='lat' dir='ltr'><strong>percutiens,</strong></span> 
     </span>
    </p>
   </div>
   <div class='ocr_carea' id='block_1_39' title="bbox 582 3797 2172 3891">
    <p class='ocr_par' dir='ltr' id='par_1_39' title="bbox 582 3797 2172 3891">
     <span class='ocr_line' id='line_1_39' title="bbox 582 3797 2172 3891; baseline -0.018 -13"><span class='ocrx_word' id='word_1_285' title='bbox 582 3822 678 3878; x_wconf 90' lang='lat' dir='ltr'><strong>sed</strong></span> <span class='ocrx_word' id='word_1_286' title='bbox 707 3817 942 3891; x_wconf 89' lang='lat' dir='ltr'><strong>peccatis</strong></span> <span class='ocrx_word' id='word_1_287' title='bbox 961 3812 1139 3883; x_wconf 88' lang='lat' dir='ltr'><strong>lapide</strong></span> <span class='ocrx_word' id='word_1_288' title='bbox 1160 3811 1316 3879; x_wconf 89' lang='lat' dir='ltr'><strong>longe</strong></span> <span class='ocrx_word' id='word_1_289' title='bbox 1337 3803 1660 3862; x_wconf 91' lang='lat' dir='ltr'><strong>durioribus.</strong></span> <span class='ocrx_word' id='word_1_290' title='bbox 1687 3799 1817 3868; x_wconf 85' lang='lat' dir='ltr'><strong>Quis</strong></span> <span class='ocrx_word' id='word_1_291' title='bbox 1846 3799 2006 3868; x_wconf 79' lang='lat' dir='ltr'><strong>igitur</strong></span> <span class='ocrx_word' id='word_1_292' title='bbox 2030 3797 2172 3851; x_wconf 91' lang='lat' dir='ltr'><strong>hunc</strong></span> 
     </span>
    </p>
   </div>
   <div class='ocr_carea' id='block_1_40' title="bbox 585 3890 2171 3977">
    <p class='ocr_par' dir='ltr' id='par_1_40' title="bbox 585 3890 2171 3977">
     <span class='ocr_line' id='line_1_40' title="bbox 585 3890 2171 3977; baseline -0.018 -9"><span class='ocrx_word' id='word_1_293' title='bbox 585 3890 854 3968; x_wconf 90' lang='lat' dir='ltr'><strong>hominem</strong></span> <span class='ocrx_word' id='word_1_294' title='bbox 875 3907 1042 3977; x_wconf 77' lang='lat' dir='ltr'><strong>ligare</strong></span> <span class='ocrx_word' id='word_1_295' title='bbox 1063 3901 1258 3972; x_wconf 89' lang='lat' dir='ltr'><strong>poterit</strong></span> <span class='ocrx_word' id='word_1_296' title='bbox 1277 3896 1595 3965; x_wconf 90' lang='lat' dir='ltr'><strong>sedareque,</strong></span> <span class='ocrx_word' id='word_1_297' title='bbox 1618 3901 1729 3947; x_wconf 82' lang='lat' dir='ltr'><strong>tam</strong></span> <span class='ocrx_word' id='word_1_298' title='bbox 1753 3890 1984 3960; x_wconf 83' lang='lat' dir='ltr'><strong>turpiter</strong></span> <span class='ocrx_word' id='word_1_299' title='bbox 2008 3903 2171 3958; x_wconf 89' lang='lat' dir='ltr'><strong>agen-</strong></span> 
     </span>
    </p>
   </div>
   <div class='ocr_carea' id='block_1_41' title="bbox 587 3983 2174 4073">
    <p class='ocr_par' dir='ltr' id='par_1_41' title="bbox 587 3983 2174 4073">
     <span class='ocr_line' id='line_1_41' title="bbox 587 3983 2174 4073; baseline -0.018 -12"><span class='ocrx_word' id='word_1_300' title='bbox 587 4017 715 4069; x_wconf 90' lang='lat' dir='ltr'><strong>tem,</strong></span> <span class='ocrx_word' id='word_1_301' title='bbox 744 4000 1094 4073; x_wconf 87' lang='lat' dir='ltr'><strong>petulantem,</strong></span> <span class='ocrx_word' id='word_1_302' title='bbox 1118 4006 1411 4062; x_wconf 85' lang='lat' dir='ltr'><strong>numquam</strong></span> <span class='ocrx_word' id='word_1_303' title='bbox 1440 3988 1521 4044; x_wconf 92' lang='lat' dir='ltr'><strong>sui</strong></span> <span class='ocrx_word' id='word_1_304' title='bbox 1552 3992 1880 4056; x_wconf 89' lang='lat' dir='ltr'><strong>compotem,</strong></span> <span class='ocrx_word' id='word_1_305' title='bbox 1905 3983 2001 4038; x_wconf 90' lang='lat' dir='ltr'><strong>sed</strong></span> <span class='ocrx_word' id='word_1_306' title='bbox 2032 3996 2174 4037; x_wconf 86' lang='lat' dir='ltr'><strong>sem-</strong></span> 
     </span>
    </p>
   </div>
   <div class='ocr_carea' id='block_1_42' title="bbox 585 4073 2173 4170">
    <p class='ocr_par' dir='ltr' id='par_1_42' title="bbox 585 4073 2173 4170">
     <span class='ocr_line' id='line_1_42' title="bbox 585 4073 2173 4170; baseline -0.016 -18"><span class='ocrx_word' id='word_1_307' title='bbox 585 4114 684 4170; x_wconf 83' lang='lat' dir='ltr'><strong>per</strong></span> <span class='ocrx_word' id='word_1_308' title='bbox 718 4094 963 4165; x_wconf 88' lang='lat' dir='ltr'><strong>sepulcra</strong></span> <span class='ocrx_word' id='word_1_309' title='bbox 1007 4085 1328 4144; x_wconf 88' lang='lat' dir='ltr'><strong>adeuntem?</strong></span> <span class='ocrx_word' id='word_1_310' title='bbox 1353 4083 1500 4139; x_wconf 88' lang='lat' dir='ltr'><strong>Talia</strong></span> <span class='ocrx_word' id='word_1_311' title='bbox 1532 4081 1730 4152; x_wconf 87' lang='lat' dir='ltr'><strong>quippe</strong></span> <span class='ocrx_word' id='word_1_312' title='bbox 1758 4087 1884 4133; x_wconf 91' lang='lat' dir='ltr'><strong>sunt</strong></span> <span class='ocrx_word' id='word_1_313' title='bbox 1931 4073 2173 4130; x_wconf 84' lang='lat' dir='ltr'><strong>meretri-</strong></span> 
     </span>
    </p>
   </div>
   <div class='ocr_carea' id='block_1_43' title="bbox 585 4167 2172 4246">
    <p class='ocr_par' dir='ltr' id='par_1_43' title="bbox 585 4167 2172 4246">
     <span class='ocr_line' id='line_1_43' title="bbox 585 4167 2172 4246; baseline -0.016 -1"><span class='ocrx_word' id='word_1_314' title='bbox 585 4167 708 4246; x_wconf 76' lang='lat' dir='ltr'><strong>eum</strong></span> <span class='ocrx_word' id='word_1_315' title='bbox 740 4183 1030 4243; x_wconf 89' lang='lat' dir='ltr'><strong>diversoria</strong></span> <span class='ocrx_word' id='word_1_316' title='bbox 1065 4181 1234 4234; x_wconf 91' lang='lat' dir='ltr'><strong>multo</strong></span> <span class='ocrx_word' id='word_1_317' title='bbox 1257 4176 1449 4232; x_wconf 87' lang='lat' dir='ltr'><strong>foetore</strong></span> <span class='ocrx_word' id='word_1_318' title='bbox 1476 4174 1649 4245; x_wconf 89' lang='lat' dir='ltr'><strong>plena,</strong></span> <span class='ocrx_word' id='word_1_319' title='bbox 1676 4171 1839 4226; x_wconf 92' lang='lat' dir='ltr'><strong>multa</strong></span> <span class='ocrx_word' id='word_1_320' title='bbox 1867 4167 2172 4239; x_wconf 87' lang='lat' dir='ltr'><strong>putredine.</strong></span> 
     </span>
    </p>
   </div>
   <div class='ocr_carea' id='block_1_44' title="bbox 586 4256 2175 4350">
    <p class='ocr_par' dir='ltr' id='par_1_44' title="bbox 586 4256 2175 4350">
     <span class='ocr_line' id='line_1_44' title="bbox 586 4256 2175 4350; baseline -0.016 -14"><span class='ocrx_word' id='word_1_321' title='bbox 586 4280 724 4350; x_wconf 84' lang='lat' dir='ltr'><strong>Quid</strong></span> <span class='ocrx_word' id='word_1_322' title='bbox 747 4278 814 4334; x_wconf 92' lang='lat' dir='ltr'><strong>de</strong></span> <span class='ocrx_word' id='word_1_323' title='bbox 843 4288 1003 4331; x_wconf 87' lang='lat' dir='ltr'><strong>avaro</strong></span> <span class='ocrx_word' id='word_1_324' title='bbox 1031 4269 1309 4327; x_wconf 86' lang='lat' dir='ltr'><strong>dicamus?</strong></span> <span class='ocrx_word' id='word_1_325' title='bbox 1333 4280 1511 4322; x_wconf 90' lang='lat' dir='ltr'><strong>nonne</strong></span> <span class='ocrx_word' id='word_1_326' title='bbox 1531 4273 1587 4321; x_wconf 90' lang='lat' dir='ltr'><strong>et</strong></span> <span class='ocrx_word' id='word_1_327' title='bbox 1617 4264 1736 4333; x_wconf 89' lang='lat' dir='ltr'><strong>ipse</strong></span> <span class='ocrx_word' id='word_1_328' title='bbox 1765 4262 1887 4316; x_wconf 89' lang='lat' dir='ltr'><strong>talis</strong></span> <span class='ocrx_word' id='word_1_329' title='bbox 1914 4258 2031 4314; x_wconf 81' lang='lat' dir='ltr'><strong>est?</strong></span> <span class='ocrx_word' id='word_1_330' title='bbox 2055 4256 2175 4328; x_wconf 92' lang='lat' dir='ltr'><strong>quis</strong></span> 
     </span>
    </p>
   </div>
   <div class='ocr_carea' id='block_1_45' title="bbox 589 4349 2172 4439">
    <p class='ocr_par' dir='ltr' id='par_1_45' title="bbox 589 4349 2172 4439">
     <span class='ocr_line' id='line_1_45' title="bbox 589 4349 2172 4439; baseline -0.017 -10"><span class='ocrx_word' id='word_1_331' title='bbox 589 4389 713 4429; x_wconf 88' lang='lat' dir='ltr'><strong>cum</strong></span> <span class='ocrx_word' id='word_1_332' title='bbox 741 4370 906 4439; x_wconf 87' lang='lat' dir='ltr'><strong>ligare</strong></span> <span class='ocrx_word' id='word_1_333' title='bbox 923 4378 1176 4434; x_wconf 87' lang='lat' dir='ltr'><strong>umquam</strong></span> <span class='ocrx_word' id='word_1_334' title='bbox 1195 4359 1425 4434; x_wconf 88' lang='lat' dir='ltr'><strong>poterit?</strong></span> <span class='ocrx_word' id='word_1_335' title='bbox 1444 4356 1558 4411; x_wconf 79' lang='lat' dir='ltr'><strong>Non</strong></span> <span class='ocrx_word' id='word_1_336' title='bbox 1586 4364 1841 4418; x_wconf 90' lang='lat' dir='ltr'><strong>terrores,</strong></span> <span class='ocrx_word' id='word_1_337' title='bbox 1859 4366 1969 4407; x_wconf 87' lang='lat' dir='ltr'><strong>non</strong></span> <span class='ocrx_word' id='word_1_338' title='bbox 1991 4349 2172 4414; x_wconf 63' lang='lat' dir='ltr'><strong>minae,</strong></span> 
     </span>
    </p>
   </div>
   <div class='ocr_carea' id='block_1_46' title="bbox 593 4439 2177 4523">
    <p class='ocr_par' dir='ltr' id='par_1_46' title="bbox 593 4439 2177 4523">
     <span class='ocr_line' id='line_1_46' title="bbox 593 4439 2177 4523; baseline -0.016 -4"><span class='ocrx_word' id='word_1_339' title='bbox 593 4479 699 4520; x_wconf 92' lang='lat' dir='ltr'><strong>non</strong></span> <span class='ocrx_word' id='word_1_340' title='bbox 737 4459 963 4523; x_wconf 90' lang='lat' dir='ltr'><strong>monita,</strong></span> <span class='ocrx_word' id='word_1_341' title='bbox 998 4471 1104 4510; x_wconf 90' lang='lat' dir='ltr'><strong>non</strong></span> <span class='ocrx_word' id='word_1_342' title='bbox 1135 4451 1358 4509; x_wconf 89' lang='lat' dir='ltr'><strong>consilia</strong></span> <span class='ocrx_word' id='word_1_343' title='bbox 1379 4446 1456 4521; x_wconf 91' lang='lat' dir='ltr'><strong>(a)</strong></span> <span class='ocrx_word' id='word_1_344' title='bbox 1481 4466 1495 4502; x_wconf 92' lang='lat'>:</span> <span class='ocrx_word' id='word_1_345' title='bbox 1519 4460 1704 4501; x_wconf 89' lang='lat' dir='ltr'><strong>verum</strong></span> <span class='ocrx_word' id='word_1_346' title='bbox 1730 4445 1846 4498; x_wconf 60' lang='lat' dir='ltr'><strong>hare</strong></span> <span class='ocrx_word' id='word_1_347' title='bbox 1870 4441 2048 4498; x_wconf 89' lang='lat' dir='ltr'><strong>omnia</strong></span> <span class='ocrx_word' id='word_1_348' title='bbox 2086 4439 2177 4495; x_wconf 90' lang='lat' dir='ltr'><strong>ille</strong></span> 
     </span>
    </p>
   </div>
   <div class='ocr_carea' id='block_1_47' title="bbox 593 4534 2177 4619">
    <p class='ocr_par' dir='ltr' id='par_1_47' title="bbox 593 4534 2177 4619">
     <span class='ocr_line' id='line_1_47' title="bbox 593 4534 2177 4619; baseline -0.016 -8"><span class='ocrx_word' id='word_1_349' title='bbox 593 4553 806 4611; x_wconf 88' lang='lat' dir='ltr'><strong>vincula</strong></span> <span class='ocrx_word' id='word_1_350' title='bbox 849 4548 1086 4619; x_wconf 88' lang='lat' dir='ltr'><strong>rumpit:</strong></span> <span class='ocrx_word' id='word_1_351' title='bbox 1115 4554 1171 4601; x_wconf 89' lang='lat' dir='ltr'><strong>et</strong></span> <span class='ocrx_word' id='word_1_352' title='bbox 1195 4544 1242 4600; x_wconf 90' lang='lat' dir='ltr'><strong>si</strong></span> <span class='ocrx_word' id='word_1_353' title='bbox 1268 4540 1387 4612; x_wconf 88' lang='lat' dir='ltr'><strong>quis</strong></span> <span class='ocrx_word' id='word_1_354' title='bbox 1417 4539 1686 4594; x_wconf 89' lang='lat' dir='ltr'><strong>soluturus</strong></span> <span class='ocrx_word' id='word_1_355' title='bbox 1713 4551 1746 4590; x_wconf 90' lang='lat' dir='ltr'><strong>a</strong></span> <span class='ocrx_word' id='word_1_356' title='bbox 1771 4534 1998 4590; x_wconf 87' lang='lat' dir='ltr'><strong>vinculis</strong></span> <span class='ocrx_word' id='word_1_357' title='bbox 2021 4547 2177 4588; x_wconf 86' lang='lat' dir='ltr'><strong>acce-</strong></span> 
     </span>
    </p>
   </div>
   <div class='ocr_carea' id='block_1_48' title="bbox 596 4625 2179 4712">
    <p class='ocr_par' dir='ltr' id='par_1_48' title="bbox 596 4625 2179 4712">
     <span class='ocr_line' id='line_1_48' title="bbox 596 4625 2179 4712; baseline -0.013 -12"><span class='ocrx_word' id='word_1_358' title='bbox 596 4645 725 4710; x_wconf 85' lang='lat' dir='ltr'><strong>dat,</strong></span> <span class='ocrx_word' id='word_1_359' title='bbox 751 4642 964 4712; x_wconf 90' lang='lat' dir='ltr'><strong>adjurat</strong></span> <span class='ocrx_word' id='word_1_360' title='bbox 991 4653 1115 4694; x_wconf 91' lang='lat' dir='ltr'><strong>cum</strong></span> <span class='ocrx_word' id='word_1_361' title='bbox 1143 4651 1212 4691; x_wconf 92' lang='lat' dir='ltr'><strong>ne</strong></span> <span class='ocrx_word' id='word_1_362' title='bbox 1253 4633 1522 4695; x_wconf 82' lang='lat' dir='ltr'><strong>solvatur,</strong></span> <span class='ocrx_word' id='word_1_363' title='bbox 1553 4628 1844 4685; x_wconf 85' lang='lat' dir='ltr'><strong>cruciatum</strong></span> <span class='ocrx_word' id='word_1_364' title='bbox 1888 4625 2179 4681; x_wconf 79' lang='lat' dir='ltr'><strong>maximum</strong></span> 
     </span>
    </p>
   </div>
   <div class='ocr_carea' id='block_1_49' title="bbox 595 4717 2180 4795">
    <p class='ocr_par' dir='ltr' id='par_1_49' title="bbox 595 4717 2180 4795">
     <span class='ocr_line' id='line_1_49' title="bbox 595 4717 2180 4795; baseline -0.016 0"><span class='ocrx_word' id='word_1_365' title='bbox 595 4738 912 4795; x_wconf 79' lang='lat' dir='ltr'><strong>existimans</strong></span> <span class='ocrx_word' id='word_1_366' title='bbox 937 4749 1042 4790; x_wconf 90' lang='lat' dir='ltr'><strong>non</strong></span> <span class='ocrx_word' id='word_1_367' title='bbox 1068 4745 1190 4786; x_wconf 78' lang='lat' dir='ltr'><strong>esse</strong></span> <span class='ocrx_word' id='word_1_368' title='bbox 1218 4728 1273 4782; x_wconf 92' lang='lat' dir='ltr'><strong>in</strong></span> <span class='ocrx_word' id='word_1_369' title='bbox 1299 4724 1537 4782; x_wconf 88' lang='lat' dir='ltr'><strong>cruciatu</strong></span> <span class='ocrx_word' id='word_1_370' title='bbox 1564 4739 1578 4775; x_wconf 89' lang='lat'><strong>:</strong></span> <span class='ocrx_word' id='word_1_371' title='bbox 1605 4736 1712 4792; x_wconf 91' lang='lat' dir='ltr'><strong>quo</strong></span> <span class='ocrx_word' id='word_1_372' title='bbox 1741 4718 1868 4790; x_wconf 91' lang='lat' dir='ltr'><strong>quid</strong></span> <span class='ocrx_word' id='word_1_373' title='bbox 1897 4717 2180 4774; x_wconf 87' lang='lat' dir='ltr'><strong>miserabi-</strong></span> 
     </span>
    </p>
   </div>
   <div class='ocr_carea' id='block_1_50' title="bbox 598 4809 2182 4891">
    <p class='ocr_par' dir='ltr' id='par_1_50' title="bbox 598 4809 2182 4891">
     <span class='ocr_line' id='line_1_50' title="bbox 598 4809 2182 4891; baseline -0.015 -5"><span class='ocrx_word' id='word_1_374' title='bbox 598 4833 700 4886; x_wconf 86' lang='lat' dir='ltr'><strong>lius</strong></span> <span class='ocrx_word' id='word_1_375' title='bbox 717 4827 962 4884; x_wconf 84' lang='lat' dir='ltr'><strong>dicatur?</strong></span> <span class='ocrx_word' id='word_1_376' title='bbox 989 4825 1082 4880; x_wconf 90' lang='lat' dir='ltr'><strong>Ille</strong></span> <span class='ocrx_word' id='word_1_377' title='bbox 1109 4835 1341 4891; x_wconf 89' lang='lat' dir='ltr'><strong>namque</strong></span> <span class='ocrx_word' id='word_1_378' title='bbox 1365 4817 1596 4883; x_wconf 75' lang='lat' dir='ltr'><strong>dmmon,</strong></span> <span class='ocrx_word' id='word_1_379' title='bbox 1614 4813 1714 4870; x_wconf 89' lang='lat' dir='ltr'><strong>etsi</strong></span> <span class='ocrx_word' id='word_1_380' title='bbox 1735 4811 1981 4867; x_wconf 88' lang='lat' dir='ltr'><strong>homines</strong></span> <span class='ocrx_word' id='word_1_381' title='bbox 2007 4809 2182 4880; x_wconf 89' lang='lat' dir='ltr'><strong>despi-</strong></span> 
     </span>
    </p>
   </div>
   <div class='ocr_carea' id='block_1_51' title="bbox 599 4902 2184 4985">
    <p class='ocr_par' dir='ltr' id='par_1_51' title="bbox 599 4902 2184 4985">
     <span class='ocr_line' id='line_1_51' title="bbox 599 4902 2184 4985; baseline -0.014 -8"><span class='ocrx_word' id='word_1_382' title='bbox 599 4930 768 4985; x_wconf 86' lang='lat' dir='ltr'><strong>ceret,</strong></span> <span class='ocrx_word' id='word_1_383' title='bbox 792 4930 846 4974; x_wconf 91' lang='lat' dir='ltr'><strong>at</strong></span> <span class='ocrx_word' id='word_1_384' title='bbox 875 4917 1070 4975; x_wconf 88' lang='lat' dir='ltr'><strong>Christi</strong></span> <span class='ocrx_word' id='word_1_385' title='bbox 1107 4913 1277 4985; x_wconf 89' lang='lat' dir='ltr'><strong>jussui</strong></span> <span class='ocrx_word' id='word_1_386' title='bbox 1303 4910 1485 4976; x_wconf 86' lang='lat' dir='ltr'><strong>cessit,</strong></span> <span class='ocrx_word' id='word_1_387' title='bbox 1513 4917 1569 4964; x_wconf 92' lang='lat' dir='ltr'><strong>et</strong></span> <span class='ocrx_word' id='word_1_388' title='bbox 1606 4907 1714 4962; x_wconf 91' lang='lat' dir='ltr'><strong>cito</strong></span> <span class='ocrx_word' id='word_1_389' title='bbox 1743 4920 1775 4960; x_wconf 83' lang='lat' dir='ltr'><strong>a</strong></span> <span class='ocrx_word' id='word_1_390' title='bbox 1810 4917 2036 4973; x_wconf 89' lang='lat' dir='ltr'><strong>corpore</strong></span> <span class='ocrx_word' id='word_1_391' title='bbox 2061 4902 2184 4957; x_wconf 89' lang='lat' dir='ltr'><strong>abs-</strong></span> 
     </span>
    </p>
   </div>
   <div class='ocr_carea' id='block_1_52' title="bbox 533 4995 2182 5076">
    <p class='ocr_par' dir='ltr' id='par_1_52' title="bbox 533 4995 2182 5076">
     <span class='ocr_line' id='line_1_52' title="bbox 533 4995 2182 5076; baseline -0.015 -6"><span class='ocrx_word' id='word_1_392' title='bbox 533 5018 537 5022; x_wconf 83' lang='grc'><em>’</em></span> <span class='ocrx_word' id='word_1_393' title='bbox 598 5013 794 5076; x_wconf 83' lang='lat' dir='ltr'><strong>cessit;</strong></span> <span class='ocrx_word' id='word_1_394' title='bbox 825 5011 915 5066; x_wconf 87' lang='lat' dir='ltr'><strong>hic</strong></span> <span class='ocrx_word' id='word_1_395' title='bbox 941 5024 1068 5066; x_wconf 86' lang='lat' dir='ltr'><strong>vero</strong></span> <span class='ocrx_word' id='word_1_396' title='bbox 1107 5023 1214 5063; x_wconf 91' lang='lat' dir='ltr'><strong>non</strong></span> <span class='ocrx_word' id='word_1_397' title='bbox 1248 5003 1392 5061; x_wconf 88' lang='lat' dir='ltr'><strong>cedit</strong></span> <span class='ocrx_word' id='word_1_398' title='bbox 1420 5007 1708 5074; x_wconf 68' lang='lat' dir='ltr'><strong>prmcepto.</strong></span> <span class='ocrx_word' id='word_1_399' title='bbox 1734 4995 1866 5052; x_wconf 86' lang='lat' dir='ltr'><strong>Nam</strong></span> <span class='ocrx_word' id='word_1_400' title='bbox 1900 4995 2022 5050; x_wconf 86' lang='lat' dir='ltr'><strong>licet</strong></span> <span class='ocrx_word' id='word_1_401' title='bbox 2045 5008 2182 5063; x_wconf 87' lang='lat' dir='ltr'><strong>quo-</strong></span> 
     </span>
    </p>
   </div>
   <div class='ocr_carea' id='block_1_53' title="bbox 602 5085 2186 5161">
    <p class='ocr_par' dir='ltr' id='par_1_53' title="bbox 602 5085 2186 5161">
     <span class='ocr_line' id='line_1_53' title="bbox 602 5085 2186 5161; baseline -0.013 -2"><span class='ocrx_word' id='word_1_402' title='bbox 602 5103 735 5160; x_wconf 87' lang='lat' dir='ltr'><strong>tidie</strong></span> <span class='ocrx_word' id='word_1_403' title='bbox 763 5099 945 5154; x_wconf 88' lang='lat' dir='ltr'><strong>audiat</strong></span> <span class='ocrx_word' id='word_1_404' title='bbox 974 5100 1118 5153; x_wconf 92' lang='lat' dir='ltr'><strong>illum</strong></span> <span class='ocrx_word' id='word_1_405' title='bbox 1147 5098 1416 5152; x_wconf 90' lang='lat' dir='ltr'><strong>dicentem</strong></span> <span class='ocrx_word' id='word_1_406' title='bbox 1437 5133 1451 5155; x_wconf 88' lang='lat'><strong>,</strong></span> <span class='ocrx_word' id='word_1_407' title='bbox 1479 5091 1601 5146; x_wconf 89' lang='lat' dir='ltr'><strong>Non</strong></span> <span class='ocrx_word' id='word_1_408' title='bbox 1633 5089 1836 5161; x_wconf 83' lang='lat' dir='ltr'><strong>potestis</strong></span> <span class='ocrx_word' id='word_1_409' title='bbox 1868 5086 1972 5140; x_wconf 85' lang='lat' dir='ltr'><strong>Dea</strong></span> <span class='ocrx_word' id='word_1_410' title='bbox 2001 5085 2186 5140; x_wconf 80' lang='lat' dir='ltr'><strong>servire</strong></span> 
     </span>
    </p>
   </div>
   <div class='ocr_carea' id='block_1_54' title="bbox 602 5179 2187 5260">
    <p class='ocr_par' dir='ltr' id='par_1_54' title="bbox 602 5179 2187 5260">
     <span class='ocr_line' id='line_1_54' title="bbox 602 5179 2187 5260; baseline -0.012 -10"><span class='ocrx_word' id='word_1_411' title='bbox 602 5209 652 5252; x_wconf 80' lang='lat' dir='ltr'><strong>et</strong></span> <span class='ocrx_word' id='word_1_412' title='bbox 679 5207 930 5248; x_wconf 69' lang='lat' dir='ltr'><strong>mamona</strong></span> <span class='ocrx_word' id='word_1_413' title='bbox 951 5189 1164 5260; x_wconf 82' lang='lat' dir='ltr'><strong>(Matth.</strong></span> <span class='ocrx_word' id='word_1_414' title='bbox 1188 5188 1240 5243; x_wconf 85' lang='lat'><strong>6.</strong></span> <span class='ocrx_word' id='word_1_415' title='bbox 1257 5187 1375 5256; x_wconf 68' lang='lat'><strong>24),</strong></span> <span class='ocrx_word' id='word_1_416' title='bbox 1398 5185 1496 5240; x_wconf 89' lang='lat' dir='ltr'><strong>etsi</strong></span> <span class='ocrx_word' id='word_1_417' title='bbox 1517 5184 1816 5254; x_wconf 80' lang='lat' dir='ltr'><strong>gehennam</strong></span> <span class='ocrx_word' id='word_1_418' title='bbox 1832 5179 2187 5238; x_wconf 86' lang='lat' dir='ltr'><strong>comminetur</strong></span> 
     </span>
    </p>
   </div>
   <div class='ocr_carea' id='block_1_55' title="bbox 604 5277 2185 5350">
    <p class='ocr_par' dir='ltr' id='par_1_55' title="bbox 604 5277 2185 5350">
     <span class='ocr_line' id='line_1_55' title="bbox 604 5277 2185 5350; baseline -0.015 -4"><span class='ocrx_word' id='word_1_419' title='bbox 604 5300 661 5346; x_wconf 94' lang='lat' dir='ltr'><strong>et</strong></span> <span class='ocrx_word' id='word_1_420' title='bbox 680 5283 1034 5344; x_wconf 87' lang='lat' dir='ltr'><strong>intolerabilia</strong></span> <span class='ocrx_word' id='word_1_421' title='bbox 1063 5279 1344 5350; x_wconf 89' lang='lat' dir='ltr'><strong>supplicia,</strong></span> <span class='ocrx_word' id='word_1_422' title='bbox 1369 5294 1475 5332; x_wconf 88' lang='lat' dir='ltr'><strong>non</strong></span> <span class='ocrx_word' id='word_1_423' title='bbox 1497 5277 1830 5344; x_wconf 89' lang='lat' dir='ltr'><strong>obtemperat</strong></span> <span class='ocrx_word' id='word_1_424' title='bbox 1856 5281 2055 5336; x_wconf 90' lang='lat' dir='ltr'><strong>tamen,</strong></span> <span class='ocrx_word' id='word_1_425' title='bbox 2079 5285 2185 5333; x_wconf 89' lang='lat' dir='ltr'><strong>non</strong></span> 
     </span>
    </p>
   </div>
   <div class='ocr_carea' id='block_1_56' title="bbox 607 5365 2187 5452">
    <p class='ocr_par' dir='ltr' id='par_1_56' title="bbox 607 5365 2187 5452">
     <span class='ocr_line' id='line_1_56' title="bbox 607 5365 2187 5452; baseline -0.013 -16"><span class='ocrx_word' id='word_1_426' title='bbox 607 5379 752 5452; x_wconf 91' lang='lat' dir='ltr'><strong>quod</strong></span> <span class='ocrx_word' id='word_1_427' title='bbox 779 5375 999 5434; x_wconf 79' lang='lat' dir='ltr'><strong>Christo</strong></span> <span class='ocrx_word' id='word_1_428' title='bbox 1025 5373 1097 5428; x_wconf 90' lang='lat' dir='ltr'><strong>sit</strong></span> <span class='ocrx_word' id='word_1_429' title='bbox 1127 5371 1336 5434; x_wconf 81' lang='lat' dir='ltr'><strong>fortior,</strong></span> <span class='ocrx_word' id='word_1_430' title='bbox 1383 5367 1474 5423; x_wconf 90' lang='lat' dir='ltr'><strong>sed</strong></span> <span class='ocrx_word' id='word_1_431' title='bbox 1500 5368 1642 5438; x_wconf 85' lang='lat' dir='ltr'><strong>quod</strong></span> <span class='ocrx_word' id='word_1_432' title='bbox 1672 5365 1917 5420; x_wconf 84' lang='lat' dir='ltr'><strong>Christus</strong></span> <span class='ocrx_word' id='word_1_433' title='bbox 1945 5377 2043 5418; x_wconf 88' lang='lat' dir='ltr'><strong>nos</strong></span> <span class='ocrx_word' id='word_1_434' title='bbox 2081 5377 2187 5416; x_wconf 93' lang='lat' dir='ltr'><strong>non</strong></span> 
     </span>
    </p>
   </div>
   <div class='ocr_carea' id='block_1_57' title="bbox 605 5453 2190 5537">
    <p class='ocr_par' dir='ltr' id='par_1_57' title="bbox 605 5453 2190 5537">
     <span class='ocr_line' id='line_1_57' title="bbox 605 5453 2190 5537; baseline -0.014 -9"><span class='ocrx_word' id='word_1_435' title='bbox 605 5473 804 5529; x_wconf 90' lang='lat' dir='ltr'><strong>invitos</strong></span> <span class='ocrx_word' id='word_1_436' title='bbox 831 5468 898 5524; x_wconf 90' lang='lat' dir='ltr'><strong>ad</strong></span> <span class='ocrx_word' id='word_1_437' title='bbox 926 5463 1352 5537; x_wconf 78' lang='lat' dir='ltr'><strong>resipiscentiam</strong></span> <span class='ocrx_word' id='word_1_438' title='bbox 1380 5459 1558 5515; x_wconf 87' lang='lat' dir='ltr'><strong>ducat.</strong></span> <span class='ocrx_word' id='word_1_439' title='bbox 1595 5457 1824 5527; x_wconf 89' lang='lat' dir='ltr'><strong>Ideoque</strong></span> <span class='ocrx_word' id='word_1_440' title='bbox 1851 5455 1924 5511; x_wconf 91' lang='lat' dir='ltr'><strong>illi</strong></span> <span class='ocrx_word' id='word_1_441' title='bbox 1951 5454 2102 5525; x_wconf 89' lang='lat' dir='ltr'><strong>quasi</strong></span> <span class='ocrx_word' id='word_1_442' title='bbox 2134 5453 2190 5507; x_wconf 88' lang='lat' dir='ltr'><strong>in</strong></span> 
     </span>
    </p>
   </div>
   <div class='ocr_carea' id='block_1_58' title="bbox 671 5625 1334 5691">
    <p class='ocr_par' dir='ltr' id='par_1_58' title="bbox 671 5625 1334 5691">
     <span class='ocr_line' id='line_1_58' title="bbox 671 5625 1334 5691; baseline -0.014 -12"><span class='ocrx_word' id='word_1_443' title='bbox 671 5633 690 5664; x_wconf 76' lang='grc' dir='ltr'>ί</span> <span class='ocrx_word' id='word_1_444' title='bbox 729 5629 818 5679; x_wconf 77' lang='lat' dir='ltr'><strong>Alit</strong></span> <span class='ocrx_word' id='word_1_445' title='bbox 835 5626 1028 5691; x_wconf 78' lang='lat' dir='ltr'><strong>legunt.</strong></span> <span class='ocrx_word' id='word_1_446' title='bbox 1053 5625 1334 5691; x_wconf 58' lang='lat' dir='ltr'><strong>(lationem,</strong></span> 
     </span>
    </p>
   </div>
   <div class='ocr_carea' id='block_1_59' title="bbox 673 5685 1265 5752">
    <p class='ocr_par' dir='ltr' id='par_1_59' title="bbox 673 5685 1265 5752">
     <span class='ocr_line' id='line_1_59' title="bbox 673 5685 1265 5752; baseline -0.014 -12"><span class='ocrx_word' id='word_1_447' title='bbox 673 5694 696 5723; x_wconf 78' lang='grc'><strong><em>²</em></strong></span> <span class='ocrx_word' id='word_1_448' title='bbox 730 5685 916 5752; x_wconf 59' lang='lat' dir='ltr'><strong>Aliqui:</strong></span> <span class='ocrx_word' id='word_1_449' title='bbox 930 5685 1265 5752; x_wconf 74' lang='lat' dir='ltr'><strong>ignorantiam.</strong></span> 
     </span>
    </p>
   </div>
   <div class='ocr_carea' id='block_1_60' title="bbox 679 5735 2002 5815">
    <p class='ocr_par' dir='ltr' id='par_1_60' title="bbox 679 5735 2002 5815">
     <span class='ocr_line' id='line_1_60' title="bbox 679 5735 2002 5815; baseline -0.014 -14"><span class='ocrx_word' id='word_1_450' title='bbox 679 5735 1114 5815; x_wconf 60' lang='grc' dir='ltr'><strong>(ιιῖῖιῖξὲεξέὀύἱο</strong></span> <span class='ocrx_word' id='word_1_451' title='bbox 1135 5735 1326 5811; x_wconf 74' lang='lat' dir='ltr'><strong>ponitur</strong></span> <span class='ocrx_word' id='word_1_452' title='bbox 1363 5741 1556 5806; x_wconf 88' lang='lat' dir='ltr'><strong>signum</strong></span> <span class='ocrx_word' id='word_1_453' title='bbox 1599 5735 2002 5801; x_wconf 80' lang='lat' dir='ltr'><strong>interrogationis.</strong></span> 
     </span>
    </p>
   </div>
   <div class='ocr_carea' id='block_1_61' title="bbox 1318 283 3119 349">
    <p class='ocr_par' dir='ltr' id='par_1_61' title="bbox 1318 283 3119 349">
     <span class='ocr_line' id='line_1_61' title="bbox 1318 283 3119 349; baseline 0 0"><span class='ocrx_word' id='word_1_454' title='bbox 1318 293 1376 349; x_wconf 89' lang='lat' dir='ltr'><strong>S.</strong></span> <span class='ocrx_word' id='word_1_455' title='bbox 1415 289 1692 348; x_wconf 71' lang='lat' dir='ltr'><strong>JOANNIS</strong></span> <span class='ocrx_word' id='word_1_456' title='bbox 1726 283 2194 341; x_wconf 72' lang='lat' dir='ltr'><strong>CHRYSOSTOMI</strong></span> <span class='ocrx_word' id='word_1_457' title='bbox 2236 286 2554 349; x_wconf 77' lang='lat' dir='ltr'><strong>ARCIIIEP.</strong></span> <span class='ocrx_word' id='word_1_458' title='bbox 2589 287 3119 349; x_wconf 71' lang='lat' dir='ltr'><strong>CUNSTANTINUP.</strong></span> 
     </span>
    </p>
   </div>
   <div class='ocr_carea' id='block_1_62' title="bbox 3697 312 3789 369">
    <p class='ocr_par' dir='ltr' id='par_1_62' title="bbox 3697 312 3789 369">
     <span class='ocr_line' id='line_1_62' title="bbox 3697 312 3789 369; baseline -0.054 -5"><span class='ocrx_word' id='word_1_459' title='bbox 3697 312 3789 369; x_wconf 77' lang='lat'><strong>556</strong></span> 
     </span>
    </p>
   </div>
   <div class='ocr_carea' id='block_1_63' title="bbox 2234 400 3784 478">
    <p class='ocr_par' dir='ltr' id='par_1_63' title="bbox 2234 400 3784 478">
     <span class='ocr_line' id='line_1_63' title="bbox 2234 400 3784 478; baseline 0.015 -24"><span class='ocrx_word' id='word_1_460' title='bbox 2234 400 2464 455; x_wconf 89' lang='lat' dir='ltr'><strong>desertis</strong></span> <span class='ocrx_word' id='word_1_461' title='bbox 2509 412 2806 471; x_wconf 88' lang='lat' dir='ltr'><strong>versantur,</strong></span> <span class='ocrx_word' id='word_1_462' title='bbox 2849 407 3057 462; x_wconf 88' lang='lat' dir='ltr'><strong>etiamsi</strong></span> <span class='ocrx_word' id='word_1_463' title='bbox 3087 408 3140 463; x_wconf 92' lang='lat' dir='ltr'><strong>in</strong></span> <span class='ocrx_word' id='word_1_464' title='bbox 3180 410 3372 466; x_wconf 90' lang='lat' dir='ltr'><strong>mediis</strong></span> <span class='ocrx_word' id='word_1_465' title='bbox 3415 415 3518 470; x_wconf 90' lang='lat' dir='ltr'><strong>sint</strong></span> <span class='ocrx_word' id='word_1_466' title='bbox 3565 419 3784 478; x_wconf 89' lang='lat' dir='ltr'><strong>urbibus.</strong></span> 
     </span>
    </p>
   </div>
   <div class='ocr_carea' id='block_1_64' title="bbox 2235 493 3789 597">
    <p class='ocr_par' dir='ltr' id='par_1_64' title="bbox 2235 493 3789 597">
     <span class='ocr_line' id='line_1_64' title="bbox 2235 493 3789 597; baseline 0.017 -50"><span class='ocrx_word' id='word_1_467' title='bbox 2235 493 2534 597; x_wconf 46' lang='lat' dir='ltr'><strong>Quis-enim</strong></span> <span class='ocrx_word' id='word_1_468' title='bbox 2579 506 2758 597; x_wconf 61' lang='lat' dir='ltr'><strong>mente</strong></span> <span class='ocrx_word' id='word_1_469' title='bbox 2785 499 2971 556; x_wconf 90' lang='lat' dir='ltr'><strong>valens</strong></span> <span class='ocrx_word' id='word_1_470' title='bbox 3015 502 3184 571; x_wconf 92' lang='lat' dir='ltr'><strong>possit</strong></span> <span class='ocrx_word' id='word_1_471' title='bbox 3207 513 3328 560; x_wconf 82' lang='lat' dir='ltr'><strong>cum</strong></span> <span class='ocrx_word' id='word_1_472' title='bbox 3370 505 3664 579; x_wconf 92' lang='lat' dir='ltr'><strong>hujusmodi</strong></span> <span class='ocrx_word' id='word_1_473' title='bbox 3698 512 3789 574; x_wconf 75' lang='lat' dir='ltr'><strong>ho—</strong></span> 
     </span>
    </p>
   </div>
   <div class='ocr_carea' id='block_1_65' title="bbox 2236 585 3793 664">
    <p class='ocr_par' dir='ltr' id='par_1_65' title="bbox 2236 585 3793 664">
     <span class='ocr_line' id='line_1_65' title="bbox 2236 585 3793 664; baseline 0.017 -27"><span class='ocrx_word' id='word_1_474' title='bbox 2236 585 2468 640; x_wconf 91' lang='lat' dir='ltr'><strong>minibus</strong></span> <span class='ocrx_word' id='word_1_475' title='bbox 2494 588 2738 642; x_wconf 88' lang='lat' dir='ltr'><strong>versari?</strong></span> <span class='ocrx_word' id='word_1_476' title='bbox 2765 588 2974 646; x_wconf 83' lang='lat' dir='ltr'><strong>Mallem</strong></span> <span class='ocrx_word' id='word_1_477' title='bbox 3002 602 3148 647; x_wconf 89' lang='lat' dir='ltr'><strong>certe</strong></span> <span class='ocrx_word' id='word_1_478' title='bbox 3170 608 3290 649; x_wconf 91' lang='lat' dir='ltr'><strong>cum</strong></span> <span class='ocrx_word' id='word_1_479' title='bbox 3323 601 3586 657; x_wconf 80' lang='lat' dir='ltr'><strong>sexcentis</strong></span> <span class='ocrx_word' id='word_1_480' title='bbox 3611 604 3793 664; x_wconf 61' lang='lat' dir='ltr'><strong>daemo-</strong></span> 
     </span>
    </p>
   </div>
   <div class='ocr_carea' id='block_1_66' title="bbox 2237 677 3795 754">
    <p class='ocr_par' dir='ltr' id='par_1_66' title="bbox 2237 677 3795 754">
     <span class='ocr_line' id='line_1_66' title="bbox 2237 677 3795 754; baseline 0.016 -24"><span class='ocrx_word' id='word_1_481' title='bbox 2237 677 2404 732; x_wconf 90' lang='lat' dir='ltr'><strong>niacis</strong></span> <span class='ocrx_word' id='word_1_482' title='bbox 2433 678 2704 747; x_wconf 88' lang='lat' dir='ltr'><strong>habitare,</strong></span> <span class='ocrx_word' id='word_1_483' title='bbox 2735 696 2894 751; x_wconf 91' lang='lat' dir='ltr'><strong>quam</strong></span> <span class='ocrx_word' id='word_1_484' title='bbox 2936 696 3056 738; x_wconf 89' lang='lat' dir='ltr'><strong>cum</strong></span> <span class='ocrx_word' id='word_1_485' title='bbox 3083 701 3189 738; x_wconf 91' lang='lat' dir='ltr'><strong>uno</strong></span> <span class='ocrx_word' id='word_1_486' title='bbox 3221 687 3321 742; x_wconf 93' lang='lat' dir='ltr'><strong>hoc</strong></span> <span class='ocrx_word' id='word_1_487' title='bbox 3348 688 3623 750; x_wconf 89' lang='lat' dir='ltr'><strong>laborante</strong></span> <span class='ocrx_word' id='word_1_488' title='bbox 3665 715 3795 754; x_wconf 85' lang='lat' dir='ltr'><strong>mor-</strong></span> 
     </span>
    </p>
   </div>
   <div class='ocr_carea' id='block_1_67' title="bbox 2236 767 3794 852">
    <p class='ocr_par' dir='ltr' id='par_1_67' title="bbox 2236 767 3794 852">
     <span class='ocr_line' id='line_1_67' title="bbox 2236 767 3794 852; baseline 0.017 -32"><span class='ocrx_word' id='word_1_489' title='bbox 2236 767 2306 821; x_wconf 93' lang='lat' dir='ltr'><strong>bo</strong></span> <span class='ocrx_word' id='word_1_490' title='bbox 2330 787 2344 820; x_wconf 90' lang='lat'><strong>:</strong></span> <span class='ocrx_word' id='word_1_491' title='bbox 2377 770 2626 842; x_wconf 90' lang='lat' dir='ltr'><strong>quodque</strong></span> <span class='ocrx_word' id='word_1_492' title='bbox 2666 773 2740 827; x_wconf 87' lang='lat' dir='ltr'><strong>ita</strong></span> <span class='ocrx_word' id='word_1_493' title='bbox 2768 774 2991 842; x_wconf 91' lang='lat' dir='ltr'><strong>loquens</strong></span> <span class='ocrx_word' id='word_1_494' title='bbox 3020 791 3125 830; x_wconf 90' lang='lat' dir='ltr'><strong>non</strong></span> <span class='ocrx_word' id='word_1_495' title='bbox 3155 778 3398 835; x_wconf 90' lang='lat' dir='ltr'><strong>aberrem</strong></span> <span class='ocrx_word' id='word_1_496' title='bbox 3419 823 3434 848; x_wconf 93' lang='lat'><strong>,</strong></span> <span class='ocrx_word' id='word_1_497' title='bbox 3466 785 3713 852; x_wconf 87' lang='lat' dir='ltr'><strong>probatur</strong></span> <span class='ocrx_word' id='word_1_498' title='bbox 3739 807 3794 846; x_wconf 84' lang='lat' dir='ltr'><strong>ex</strong></span> 
     </span>
    </p>
   </div>
   <div class='ocr_carea' id='block_1_68' title="bbox 2200 859 3796 951">
    <p class='ocr_par' dir='ltr' id='par_1_68' title="bbox 2200 859 3796 951">
     <span class='ocr_line' id='line_1_68' title="bbox 2200 859 3796 951; baseline 0.014 -39"><span class='ocrx_word' id='word_1_499' title='bbox 2200 948 2202 951; x_wconf 22' lang='lat' dir='ltr'>l</span> <span class='ocrx_word' id='word_1_500' title='bbox 2238 859 2302 913; x_wconf 93' lang='lat' dir='ltr'><strong>iis</strong></span> <span class='ocrx_word' id='word_1_501' title='bbox 2332 877 2451 930; x_wconf 75' lang='lat' dir='ltr'><strong>qua:</strong></span> <span class='ocrx_word' id='word_1_502' title='bbox 2480 865 2690 934; x_wconf 89' lang='lat' dir='ltr'><strong>utrique</strong></span> <span class='ocrx_word' id='word_1_503' title='bbox 2717 865 3008 935; x_wconf 88' lang='lat' dir='ltr'><strong>patiuntur.</strong></span> <span class='ocrx_word' id='word_1_504' title='bbox 3040 867 3104 922; x_wconf 93' lang='lat' dir='ltr'><strong>Hi</strong></span> <span class='ocrx_word' id='word_1_505' title='bbox 3133 885 3364 942; x_wconf 90' lang='lat' dir='ltr'><strong>namque</strong></span> <span class='ocrx_word' id='word_1_506' title='bbox 3388 889 3508 929; x_wconf 92' lang='lat' dir='ltr'><strong>eum</strong></span> <span class='ocrx_word' id='word_1_507' title='bbox 3530 878 3618 946; x_wconf 92' lang='lat' dir='ltr'><strong>qui</strong></span> <span class='ocrx_word' id='word_1_508' title='bbox 3641 895 3696 934; x_wconf 89' lang='lat' dir='ltr'><strong>se</strong></span> <span class='ocrx_word' id='word_1_509' title='bbox 3723 883 3796 934; x_wconf 85' lang='lat' dir='ltr'><strong>ni-</strong></span> 
     </span>
    </p>
   </div>
   <div class='ocr_carea' id='block_1_69' title="bbox 2240 954 3798 1042">
    <p class='ocr_par' dir='ltr' id='par_1_69' title="bbox 2240 954 3798 1042">
     <span class='ocr_line' id='line_1_69' title="bbox 2240 954 3798 1042; baseline 0.013 -35"><span class='ocrx_word' id='word_1_510' title='bbox 2240 954 2315 1008; x_wconf 92' lang='lat' dir='ltr'><strong>hil</strong></span> <span class='ocrx_word' id='word_1_511' title='bbox 2347 954 2504 1022; x_wconf 60' lang='lat' dir='ltr'><strong>laesit,</strong></span> <span class='ocrx_word' id='word_1_512' title='bbox 2534 957 2805 1012; x_wconf 91' lang='lat' dir='ltr'><strong>inimicum</strong></span> <span class='ocrx_word' id='word_1_513' title='bbox 2845 960 2945 1015; x_wconf 90' lang='lat' dir='ltr'><strong>sibi</strong></span> <span class='ocrx_word' id='word_1_514' title='bbox 2983 970 3190 1030; x_wconf 89' lang='lat' dir='ltr'><strong>putant,</strong></span> <span class='ocrx_word' id='word_1_515' title='bbox 3223 964 3514 1037; x_wconf 87' lang='lat' dir='ltr'><strong>voluntque</strong></span> <span class='ocrx_word' id='word_1_516' title='bbox 3555 985 3671 1025; x_wconf 91' lang='lat' dir='ltr'><strong>eum</strong></span> <span class='ocrx_word' id='word_1_517' title='bbox 3719 975 3798 1042; x_wconf 89' lang='lat' dir='ltr'><strong>qui</strong></span> 
     </span>
    </p>
   </div>
   <div class='ocr_carea' id='block_1_70' title="bbox 2240 1047 3801 1148">
    <p class='ocr_par' dir='ltr' id='par_1_70' title="bbox 2240 1047 3801 1148">
     <span class='ocr_line' id='line_1_70' title="bbox 2240 1047 3801 1148; baseline 0.012 -47"><span class='ocrx_word' id='word_1_518' title='bbox 2240 1047 2383 1148; x_wconf 69' lang='lat' dir='ltr'><strong>liber</strong></span> <span class='ocrx_word' id='word_1_519' title='bbox 2407 1056 2490 1103; x_wconf 89' lang='lat' dir='ltr'><strong>est</strong></span> <span class='ocrx_word' id='word_1_520' title='bbox 2538 1065 2752 1148; x_wconf 65' lang='lat' dir='ltr'><strong>servum</strong></span> <span class='ocrx_word' id='word_1_521' title='bbox 2796 1068 2948 1106; x_wconf 90' lang='lat' dir='ltr'><strong>suum</strong></span> <span class='ocrx_word' id='word_1_522' title='bbox 2978 1067 3117 1119; x_wconf 89' lang='lat' dir='ltr'><strong>esse,</strong></span> <span class='ocrx_word' id='word_1_523' title='bbox 3144 1064 3202 1110; x_wconf 94' lang='lat' dir='ltr'><strong>ut</strong></span> <span class='ocrx_word' id='word_1_524' title='bbox 3230 1055 3281 1110; x_wconf 91' lang='lat' dir='ltr'><strong>in</strong></span> <span class='ocrx_word' id='word_1_525' title='bbox 3325 1059 3480 1114; x_wconf 90' lang='lat' dir='ltr'><strong>malis</strong></span> <span class='ocrx_word' id='word_1_526' title='bbox 3526 1060 3801 1120; x_wconf 88' lang='lat' dir='ltr'><strong>innumeris</strong></span> 
     </span>
    </p>
   </div>
   <div class='ocr_carea' id='block_1_71' title="bbox 2240 1135 3796 1217">
    <p class='ocr_par' dir='ltr' id='par_1_71' title="bbox 2240 1135 3796 1217">
     <span class='ocr_line' id='line_1_71' title="bbox 2240 1135 3796 1217; baseline 0.013 -29"><span class='ocrx_word' id='word_1_527' title='bbox 2240 1135 2564 1204; x_wconf 84' lang='lat' dir='ltr'><strong>involvam;</strong></span> <span class='ocrx_word' id='word_1_528' title='bbox 2631 1139 2946 1196; x_wconf 62' lang='lat' dir='ltr'><strong>daemoniaci</strong></span> <span class='ocrx_word' id='word_1_529' title='bbox 3023 1160 3152 1199; x_wconf 89' lang='lat' dir='ltr'><strong>vero</strong></span> <span class='ocrx_word' id='word_1_530' title='bbox 3211 1148 3347 1202; x_wconf 91' lang='lat' dir='ltr'><strong>nihil</strong></span> <span class='ocrx_word' id='word_1_531' title='bbox 3415 1153 3520 1207; x_wconf 86' lang='lat' dir='ltr'><strong>tale</strong></span> <span class='ocrx_word' id='word_1_532' title='bbox 3570 1151 3796 1217; x_wconf 87' lang='lat' dir='ltr'><strong>faciunt,</strong></span> 
     </span>
    </p>
   </div>
   <div class='ocr_carea' id='block_1_72' title="bbox 2238 1227 3796 1300">
    <p class='ocr_par' dir='ltr' id='par_1_72' title="bbox 2238 1227 3796 1300">
     <span class='ocr_line' id='line_1_72' title="bbox 2238 1227 3796 1300; baseline 0.013 -20"><span class='ocrx_word' id='word_1_533' title='bbox 2238 1227 2333 1280; x_wconf 88' lang='lat' dir='ltr'><strong>sed</strong></span> <span class='ocrx_word' id='word_1_534' title='bbox 2388 1228 2636 1283; x_wconf 90' lang='lat' dir='ltr'><strong>morbum</strong></span> <span class='ocrx_word' id='word_1_535' title='bbox 2691 1229 2744 1283; x_wconf 93' lang='lat' dir='ltr'><strong>in</strong></span> <span class='ocrx_word' id='word_1_536' title='bbox 2800 1246 2859 1286; x_wconf 92' lang='lat' dir='ltr'><strong>se</strong></span> <span class='ocrx_word' id='word_1_537' title='bbox 2908 1234 3226 1289; x_wconf 75' lang='lat' dir='ltr'><strong>retinent‘.</strong></span> <span class='ocrx_word' id='word_1_538' title='bbox 3292 1237 3370 1292; x_wconf 91' lang='lat' dir='ltr'><strong>Illi</strong></span> <span class='ocrx_word' id='word_1_539' title='bbox 3425 1242 3624 1297; x_wconf 82' lang='lat' dir='ltr'><strong>multas</strong></span> <span class='ocrx_word' id='word_1_540' title='bbox 3676 1247 3796 1300; x_wconf 83' lang='lat' dir='ltr'><strong>sub-</strong></span> 
     </span>
    </p>
   </div>
   <div class='ocr_carea' id='block_1_73' title="bbox 2241 1319 3804 1391">
    <p class='ocr_par' dir='ltr' id='par_1_73' title="bbox 2241 1319 3804 1391">
     <span class='ocr_line' id='line_1_73' title="bbox 2241 1319 3804 1391; baseline 0.005 -18"><span class='ocrx_word' id='word_1_541' title='bbox 2241 1327 2456 1374; x_wconf 82' lang='lat' dir='ltr'><strong>vertunt</strong></span> <span class='ocrx_word' id='word_1_542' title='bbox 2497 1319 2709 1385; x_wconf 91' lang='lat' dir='ltr'><strong>domos,</strong></span> <span class='ocrx_word' id='word_1_543' title='bbox 2744 1319 2902 1389; x_wconf 90' lang='lat' dir='ltr'><strong>idque</strong></span> <span class='ocrx_word' id='word_1_544' title='bbox 2931 1331 3212 1391; x_wconf 85' lang='lat' dir='ltr'><strong>peragunt,</strong></span> <span class='ocrx_word' id='word_1_545' title='bbox 3250 1332 3306 1376; x_wconf 94' lang='lat' dir='ltr'><strong>ut</strong></span> <span class='ocrx_word' id='word_1_546' title='bbox 3332 1340 3525 1377; x_wconf 85' lang='lat' dir='ltr'><strong>nomen</strong></span> <span class='ocrx_word' id='word_1_547' title='bbox 3578 1327 3666 1380; x_wconf 68' lang='lat' dir='ltr'><strong>Dei</strong></span> <span class='ocrx_word' id='word_1_548' title='bbox 3709 1329 3804 1381; x_wconf 78' lang='lat' dir='ltr'><strong>hla-</strong></span> 
     </span>
    </p>
   </div>
   <div class='ocr_carea' id='block_1_74' title="bbox 2243 1411 3809 1481">
    <p class='ocr_par' dir='ltr' id='par_1_74' title="bbox 2243 1411 3809 1481">
     <span class='ocr_line' id='line_1_74' title="bbox 2243 1411 3809 1481; baseline 0.004 -16"><span class='ocrx_word' id='word_1_549' title='bbox 2243 1411 2586 1481; x_wconf 90' lang='lat' dir='ltr'><strong>sphemetur,</strong></span> <span class='ocrx_word' id='word_1_550' title='bbox 2615 1426 2679 1466; x_wconf 92' lang='lat' dir='ltr'><strong>ac</strong></span> <span class='ocrx_word' id='word_1_551' title='bbox 2725 1411 2991 1481; x_wconf 88' lang='lat' dir='ltr'><strong>pernicies</strong></span> <span class='ocrx_word' id='word_1_552' title='bbox 3020 1424 3145 1466; x_wconf 91' lang='lat' dir='ltr'><strong>sunt</strong></span> <span class='ocrx_word' id='word_1_553' title='bbox 3182 1423 3240 1467; x_wconf 89' lang='lat' dir='ltr'><strong>et</strong></span> <span class='ocrx_word' id='word_1_554' title='bbox 3266 1413 3409 1468; x_wconf 91' lang='lat' dir='ltr'><strong>urbis</strong></span> <span class='ocrx_word' id='word_1_555' title='bbox 3445 1424 3501 1469; x_wconf 92' lang='lat' dir='ltr'><strong>et</strong></span> <span class='ocrx_word' id='word_1_556' title='bbox 3539 1416 3677 1471; x_wconf 87' lang='lat' dir='ltr'><strong>orbis</strong></span> <span class='ocrx_word' id='word_1_557' title='bbox 3701 1419 3809 1472; x_wconf 69' lang='lat' dir='ltr'><strong>uni.</strong></span> 
     </span>
    </p>
   </div>
   <div class='ocr_carea' id='block_1_75' title="bbox 2243 1502 3810 1574">
    <p class='ocr_par' dir='ltr' id='par_1_75' title="bbox 2243 1502 3810 1574">
     <span class='ocr_line' id='line_1_75' title="bbox 2243 1502 3810 1574; baseline 0.006 -19"><span class='ocrx_word' id='word_1_558' title='bbox 2243 1504 2386 1558; x_wconf 88' lang='lat' dir='ltr'><strong>versi</strong></span> <span class='ocrx_word' id='word_1_559' title='bbox 2412 1518 2427 1568; x_wconf 91' lang='lat'><strong>;</strong></span> <span class='ocrx_word' id='word_1_560' title='bbox 2459 1503 2513 1557; x_wconf 88' lang='lat' dir='ltr'><strong>hi</strong></span> <span class='ocrx_word' id='word_1_561' title='bbox 2536 1517 2664 1558; x_wconf 89' lang='lat' dir='ltr'><strong>vero</strong></span> <span class='ocrx_word' id='word_1_562' title='bbox 2693 1518 2723 1556; x_wconf 87' lang='lat' dir='ltr'><strong>a</strong></span> <span class='ocrx_word' id='word_1_563' title='bbox 2754 1502 3087 1558; x_wconf 80' lang='lat' dir='ltr'><strong>daemonibus</strong></span> <span class='ocrx_word' id='word_1_564' title='bbox 3109 1505 3382 1574; x_wconf 78' lang='lat' dir='ltr'><strong>exagitati,</strong></span> <span class='ocrx_word' id='word_1_565' title='bbox 3411 1507 3743 1564; x_wconf 82' lang='lat' dir='ltr'><strong>miseratione</strong></span> <span class='ocrx_word' id='word_1_566' title='bbox 3761 1521 3810 1565; x_wconf 85' lang='lat' dir='ltr'><strong>et</strong></span> 
     </span>
    </p>
   </div>
   <div class='ocr_carea' id='block_1_76' title="bbox 2246 1594 3810 1665">
    <p class='ocr_par' dir='ltr' id='par_1_76' title="bbox 2246 1594 3810 1665">
     <span class='ocr_line' id='line_1_76' title="bbox 2246 1594 3810 1665; baseline 0.005 -16"><span class='ocrx_word' id='word_1_567' title='bbox 2246 1595 2500 1665; x_wconf 88' lang='lat' dir='ltr'><strong>lacrymis</strong></span> <span class='ocrx_word' id='word_1_568' title='bbox 2521 1594 2668 1665; x_wconf 90' lang='lat' dir='ltr'><strong>digni</strong></span> <span class='ocrx_word' id='word_1_569' title='bbox 2704 1602 2848 1650; x_wconf 91' lang='lat' dir='ltr'><strong>sunt.</strong></span> <span class='ocrx_word' id='word_1_570' title='bbox 2883 1594 2945 1650; x_wconf 89' lang='lat' dir='ltr'><strong>Hi</strong></span> <span class='ocrx_word' id='word_1_571' title='bbox 2987 1604 3134 1651; x_wconf 89' lang='lat' dir='ltr'><strong>certe</strong></span> <span class='ocrx_word' id='word_1_572' title='bbox 3178 1597 3294 1651; x_wconf 91' lang='lat' dir='ltr'><strong>sine</strong></span> <span class='ocrx_word' id='word_1_573' title='bbox 3324 1598 3433 1654; x_wconf 91' lang='lat' dir='ltr'><strong>ullo</strong></span> <span class='ocrx_word' id='word_1_574' title='bbox 3471 1613 3632 1654; x_wconf 89' lang='lat' dir='ltr'><strong>sensu</strong></span> <span class='ocrx_word' id='word_1_575' title='bbox 3660 1603 3810 1657; x_wconf 87' lang='lat' dir='ltr'><strong>multa</strong></span> 
     </span>
    </p>
   </div>
   <div class='ocr_carea' id='block_1_77' title="bbox 2249 1683 3813 1758">
    <p class='ocr_par' dir='ltr' id='par_1_77' title="bbox 2249 1683 3813 1758">
     <span class='ocr_line' id='line_1_77' title="bbox 2249 1683 3813 1758; baseline 0.006 -20"><span class='ocrx_word' id='word_1_576' title='bbox 2249 1683 2483 1750; x_wconf 88' lang='lat' dir='ltr'><strong>faciunt;</strong></span> <span class='ocrx_word' id='word_1_577' title='bbox 2514 1685 2589 1738; x_wconf 92' lang='lat' dir='ltr'><strong>illi</strong></span> <span class='ocrx_word' id='word_1_578' title='bbox 2620 1686 2828 1740; x_wconf 90' lang='lat' dir='ltr'><strong>ratione</strong></span> <span class='ocrx_word' id='word_1_579' title='bbox 2857 1686 3064 1757; x_wconf 70' lang='lat' dir='ltr'><strong>prtediti</strong></span> <span class='ocrx_word' id='word_1_580' title='bbox 3097 1687 3415 1758; x_wconf 89' lang='lat' dir='ltr'><strong>impingunt,</strong></span> <span class='ocrx_word' id='word_1_581' title='bbox 3437 1691 3492 1743; x_wconf 93' lang='lat' dir='ltr'><strong>in</strong></span> <span class='ocrx_word' id='word_1_582' title='bbox 3522 1692 3706 1747; x_wconf 89' lang='lat' dir='ltr'><strong>mediis</strong></span> <span class='ocrx_word' id='word_1_583' title='bbox 3729 1710 3813 1747; x_wconf 84' lang='lat' dir='ltr'><strong>ur-</strong></span> 
     </span>
    </p>
   </div>
   <div class='ocr_carea' id='block_1_78' title="bbox 2247 1777 3812 1855">
    <p class='ocr_par' dir='ltr' id='par_1_78' title="bbox 2247 1777 3812 1855">
     <span class='ocr_line' id='line_1_78' title="bbox 2247 1777 3812 1855; baseline 0.005 -23"><span class='ocrx_word' id='word_1_584' title='bbox 2247 1777 2403 1832; x_wconf 91' lang='lat' dir='ltr'><strong>bibus</strong></span> <span class='ocrx_word' id='word_1_585' title='bbox 2431 1777 2844 1844; x_wconf 86' lang='lat' dir='ltr'><strong>debacchantes,</strong></span> <span class='ocrx_word' id='word_1_586' title='bbox 2872 1787 2926 1834; x_wconf 91' lang='lat' dir='ltr'><strong>et</strong></span> <span class='ocrx_word' id='word_1_587' title='bbox 2946 1794 3085 1833; x_wconf 93' lang='lat' dir='ltr'><strong>novo</strong></span> <span class='ocrx_word' id='word_1_588' title='bbox 3105 1780 3336 1850; x_wconf 88' lang='lat' dir='ltr'><strong>quodam</strong></span> <span class='ocrx_word' id='word_1_589' title='bbox 3369 1781 3549 1838; x_wconf 89' lang='lat' dir='ltr'><strong>furore</strong></span> <span class='ocrx_word' id='word_1_590' title='bbox 3578 1786 3812 1855; x_wconf 89' lang='lat' dir='ltr'><strong>correpti.</strong></span> 
     </span>
    </p>
   </div>
   <div class='ocr_carea' id='block_1_79' title="bbox 2249 1867 3816 1945">
    <p class='ocr_par' dir='ltr' id='par_1_79' title="bbox 2249 1867 3816 1945">
     <span class='ocr_line' id='line_1_79' title="bbox 2249 1867 3816 1945; baseline 0.007 -24"><span class='ocrx_word' id='word_1_591' title='bbox 2249 1867 2386 1936; x_wconf 87' lang='lat' dir='ltr'><strong>Quid</strong></span> <span class='ocrx_word' id='word_1_592' title='bbox 2417 1869 2560 1923; x_wconf 91' lang='lat' dir='ltr'><strong>enim</strong></span> <span class='ocrx_word' id='word_1_593' title='bbox 2593 1869 2699 1925; x_wconf 91' lang='lat' dir='ltr'><strong>tale</strong></span> <span class='ocrx_word' id='word_1_594' title='bbox 2726 1869 2929 1925; x_wconf 88' lang='lat' dir='ltr'><strong>faciunt</strong></span> <span class='ocrx_word' id='word_1_595' title='bbox 2953 1870 3269 1927; x_wconf 64' lang='lat' dir='ltr'><strong>daemoniaci</strong></span> <span class='ocrx_word' id='word_1_596' title='bbox 3297 1888 3488 1930; x_wconf 89' lang='lat' dir='ltr'><strong>omnes</strong></span> <span class='ocrx_word' id='word_1_597' title='bbox 3508 1915 3524 1940; x_wconf 93' lang='lat'><strong>,</strong></span> <span class='ocrx_word' id='word_1_598' title='bbox 3553 1877 3703 1945; x_wconf 87' lang='lat' dir='ltr'><strong>quale</strong></span> <span class='ocrx_word' id='word_1_599' title='bbox 3727 1893 3816 1931; x_wconf 86' lang='lat' dir='ltr'><strong>au-</strong></span> 
     </span>
    </p>
   </div>
   <div class='ocr_carea' id='block_1_80' title="bbox 2252 1957 3816 2036">
    <p class='ocr_par' dir='ltr' id='par_1_80' title="bbox 2252 1957 3816 2036">
     <span class='ocr_line' id='line_1_80' title="bbox 2252 1957 3816 2036; baseline 0.005 -24"><span class='ocrx_word' id='word_1_600' title='bbox 2252 1971 2346 2012; x_wconf 90' lang='lat' dir='ltr'><strong>sus</strong></span> <span class='ocrx_word' id='word_1_601' title='bbox 2393 1967 2478 2014; x_wconf 91' lang='lat' dir='ltr'><strong>est</strong></span> <span class='ocrx_word' id='word_1_602' title='bbox 2528 1957 2728 2024; x_wconf 84' lang='lat' dir='ltr'><strong>Judas,</strong></span> <span class='ocrx_word' id='word_1_603' title='bbox 2784 1967 3081 2016; x_wconf 76' lang='lat' dir='ltr'><strong>extremam</strong></span> <span class='ocrx_word' id='word_1_604' title='bbox 3133 1977 3417 2034; x_wconf 84' lang='lat' dir='ltr'><strong>aggressus</strong></span> <span class='ocrx_word' id='word_1_605' title='bbox 3465 1966 3816 2036; x_wconf 86' lang='lat' dir='ltr'><strong>iniquitatem?</strong></span> 
     </span>
    </p>
   </div>
   <div class='ocr_carea' id='block_1_81' title="bbox 2250 2047 3817 2126">
    <p class='ocr_par' dir='ltr' id='par_1_81' title="bbox 2250 2047 3817 2126">
     <span class='ocr_line' id='line_1_81' title="bbox 2250 2047 3817 2126; baseline 0.006 -23"><span class='ocrx_word' id='word_1_606' title='bbox 2250 2047 2412 2104; x_wconf 87' lang='lat' dir='ltr'><strong>Certe</strong></span> <span class='ocrx_word' id='word_1_607' title='bbox 2438 2064 2628 2106; x_wconf 91' lang='lat' dir='ltr'><strong>omnes</strong></span> <span class='ocrx_word' id='word_1_608' title='bbox 2657 2051 2746 2121; x_wconf 93' lang='lat' dir='ltr'><strong>qui</strong></span> <span class='ocrx_word' id='word_1_609' title='bbox 2769 2051 2918 2107; x_wconf 88' lang='lat' dir='ltr'><strong>illum</strong></span> <span class='ocrx_word' id='word_1_610' title='bbox 2939 2053 3235 2120; x_wconf 87' lang='lat' dir='ltr'><strong>imitantur,</strong></span> <span class='ocrx_word' id='word_1_611' title='bbox 3260 2064 3386 2109; x_wconf 86' lang='lat' dir='ltr'><strong>sunt</strong></span> <span class='ocrx_word' id='word_1_612' title='bbox 3409 2057 3566 2126; x_wconf 85' lang='lat' dir='ltr'><strong>quasi</strong></span> <span class='ocrx_word' id='word_1_613' title='bbox 3591 2057 3713 2113; x_wconf 81' lang='lat' dir='ltr'><strong>fera:</strong></span> <span class='ocrx_word' id='word_1_614' title='bbox 3733 2060 3817 2113; x_wconf 86' lang='lat' dir='ltr'><strong>im-</strong></span> 
     </span>
    </p>
   </div>
   <div class='ocr_carea' id='block_1_82' title="bbox 2256 2143 3818 2220">
    <p class='ocr_par' dir='ltr' id='par_1_82' title="bbox 2256 2143 3818 2220">
     <span class='ocr_line' id='line_1_82' title="bbox 2256 2143 3818 2220; baseline 0.005 -24"><span class='ocrx_word' id='word_1_615' title='bbox 2256 2156 2443 2198; x_wconf 89' lang='lat' dir='ltr'><strong>manes</strong></span> <span class='ocrx_word' id='word_1_616' title='bbox 2484 2157 2553 2198; x_wconf 82' lang='lat' dir='ltr'><strong>ex</strong></span> <span class='ocrx_word' id='word_1_617' title='bbox 2595 2143 2902 2200; x_wconf 89' lang='lat' dir='ltr'><strong>carceribus</strong></span> <span class='ocrx_word' id='word_1_618' title='bbox 2940 2146 3156 2216; x_wconf 70' lang='lat' dir='ltr'><strong>elapsae,</strong></span> <span class='ocrx_word' id='word_1_619' title='bbox 3205 2147 3454 2203; x_wconf 86' lang='lat' dir='ltr'><strong>civitates</strong></span> <span class='ocrx_word' id='word_1_620' title='bbox 3503 2149 3818 2220; x_wconf 88' lang='lat' dir='ltr'><strong>perturbant,</strong></span> 
     </span>
    </p>
   </div>
   <div class='ocr_carea' id='block_1_83' title="bbox 2256 2234 3819 2312">
    <p class='ocr_par' dir='ltr' id='par_1_83' title="bbox 2256 2234 3819 2312">
     <span class='ocr_line' id='line_1_83' title="bbox 2256 2234 3819 2312; baseline 0.004 -22"><span class='ocrx_word' id='word_1_621' title='bbox 2256 2235 2473 2291; x_wconf 90' lang='lat' dir='ltr'><strong>nemine</strong></span> <span class='ocrx_word' id='word_1_622' title='bbox 2499 2234 2803 2292; x_wconf 87' lang='lat' dir='ltr'><strong>cohibente.</strong></span> <span class='ocrx_word' id='word_1_623' title='bbox 2840 2235 2906 2291; x_wconf 88' lang='lat' dir='ltr'><strong>Hi</strong></span> <span class='ocrx_word' id='word_1_624' title='bbox 2935 2246 3112 2292; x_wconf 91' lang='lat' dir='ltr'><strong>tamen</strong></span> <span class='ocrx_word' id='word_1_625' title='bbox 3156 2238 3383 2294; x_wconf 89' lang='lat' dir='ltr'><strong>vinculis</strong></span> <span class='ocrx_word' id='word_1_626' title='bbox 3424 2240 3661 2312; x_wconf 89' lang='lat' dir='ltr'><strong>undique</strong></span> <span class='ocrx_word' id='word_1_627' title='bbox 3699 2257 3819 2296; x_wconf 78' lang='lat' dir='ltr'><strong>con-</strong></span> 
     </span>
    </p>
   </div>
   <div class='ocr_carea' id='block_1_84' title="bbox 2260 2329 3823 2403">
    <p class='ocr_par' dir='ltr' id='par_1_84' title="bbox 2260 2329 3823 2403">
     <span class='ocr_line' id='line_1_84' title="bbox 2260 2329 3823 2403; baseline 0.003 -20"><span class='ocrx_word' id='word_1_628' title='bbox 2260 2330 2612 2399; x_wconf 79' lang='lat' dir='ltr'><strong>Stringuntur,</strong></span> <span class='ocrx_word' id='word_1_629' title='bbox 2635 2329 2811 2400; x_wconf 88' lang='lat' dir='ltr'><strong>qualia</strong></span> <span class='ocrx_word' id='word_1_630' title='bbox 2839 2337 2982 2394; x_wconf 91' lang='lat' dir='ltr'><strong>sunt,</strong></span> <span class='ocrx_word' id='word_1_631' title='bbox 3011 2329 3250 2399; x_wconf 90' lang='lat' dir='ltr'><strong>judicum</strong></span> <span class='ocrx_word' id='word_1_632' title='bbox 3274 2340 3466 2397; x_wconf 85' lang='lat' dir='ltr'><strong>terror,</strong></span> <span class='ocrx_word' id='word_1_633' title='bbox 3499 2333 3668 2403; x_wconf 87' lang='lat' dir='ltr'><strong>legum</strong></span> <span class='ocrx_word' id='word_1_634' title='bbox 3694 2348 3823 2387; x_wconf 80' lang='lat' dir='ltr'><strong>com-</strong></span> 
     </span>
    </p>
   </div>
   <div class='ocr_carea' id='block_1_85' title="bbox 2262 2423 3821 2494">
    <p class='ocr_par' dir='ltr' id='par_1_85' title="bbox 2262 2423 3821 2494">
     <span class='ocr_line' id='line_1_85' title="bbox 2262 2423 3821 2494; baseline 0.003 -19"><span class='ocrx_word' id='word_1_635' title='bbox 2262 2423 2603 2484; x_wconf 86' lang='lat' dir='ltr'><strong>minationes,</strong></span> <span class='ocrx_word' id='word_1_636' title='bbox 2631 2424 2772 2493; x_wconf 87' lang='lat' dir='ltr'><strong>vulgi</strong></span> <span class='ocrx_word' id='word_1_637' title='bbox 2799 2423 3106 2492; x_wconf 86' lang='lat' dir='ltr'><strong>maledicta,</strong></span> <span class='ocrx_word' id='word_1_638' title='bbox 3138 2434 3191 2480; x_wconf 92' lang='lat' dir='ltr'><strong>et</strong></span> <span class='ocrx_word' id='word_1_639' title='bbox 3213 2425 3316 2479; x_wconf 90' lang='lat' dir='ltr'><strong>alia</strong></span> <span class='ocrx_word' id='word_1_640' title='bbox 3343 2426 3572 2494; x_wconf 90' lang='lat' dir='ltr'><strong>plurima</strong></span> <span class='ocrx_word' id='word_1_641' title='bbox 3599 2445 3614 2494; x_wconf 92' lang='lat'><strong>;</strong></span> <span class='ocrx_word' id='word_1_642' title='bbox 3645 2428 3723 2481; x_wconf 81' lang='lat' dir='ltr'><strong>bis</strong></span> <span class='ocrx_word' id='word_1_643' title='bbox 3750 2439 3821 2482; x_wconf 85' lang='lat' dir='ltr'><strong>ta-</strong></span> 
     </span>
    </p>
   </div>
   <div class='ocr_carea' id='block_1_86' title="bbox 2263 2513 3822 2587">
    <p class='ocr_par' dir='ltr' id='par_1_86' title="bbox 2263 2513 3822 2587">
     <span class='ocr_line' id='line_1_86' title="bbox 2263 2513 3822 2587; baseline 0.004 -20"><span class='ocrx_word' id='word_1_644' title='bbox 2263 2529 2384 2568; x_wconf 91' lang='lat' dir='ltr'><strong>men</strong></span> <span class='ocrx_word' id='word_1_645' title='bbox 2425 2514 2502 2567; x_wconf 92' lang='lat' dir='ltr'><strong>illi</strong></span> <span class='ocrx_word' id='word_1_646' title='bbox 2529 2513 2760 2585; x_wconf 89' lang='lat' dir='ltr'><strong>diruptis</strong></span> <span class='ocrx_word' id='word_1_647' title='bbox 2784 2516 2963 2569; x_wconf 91' lang='lat' dir='ltr'><strong>omnia</strong></span> <span class='ocrx_word' id='word_1_648' title='bbox 3007 2531 3100 2571; x_wconf 91' lang='lat' dir='ltr'><strong>sus</strong></span> <span class='ocrx_word' id='word_1_649' title='bbox 3123 2515 3297 2586; x_wconf 89' lang='lat' dir='ltr'><strong>deque</strong></span> <span class='ocrx_word' id='word_1_650' title='bbox 3326 2527 3570 2572; x_wconf 89' lang='lat' dir='ltr'><strong>vertunt.</strong></span> <span class='ocrx_word' id='word_1_651' title='bbox 3602 2519 3745 2587; x_wconf 85' lang='lat' dir='ltr'><strong>Quod</strong></span> <span class='ocrx_word' id='word_1_652' title='bbox 3784 2523 3822 2574; x_wconf 94' lang='lat' dir='ltr'><strong>si</strong></span> 
     </span>
    </p>
   </div>
   <div class='ocr_carea' id='block_1_87' title="bbox 2261 2607 3826 2677">
    <p class='ocr_par' dir='ltr' id='par_1_87' title="bbox 2261 2607 3826 2677">
     <span class='ocr_line' id='line_1_87' title="bbox 2261 2607 3826 2677; baseline 0.001 -16"><span class='ocrx_word' id='word_1_653' title='bbox 2261 2607 2382 2677; x_wconf 91' lang='lat' dir='ltr'><strong>quis</strong></span> <span class='ocrx_word' id='word_1_654' title='bbox 2413 2607 2528 2661; x_wconf 75' lang='lat' dir='ltr'><strong>luce</strong></span> <span class='ocrx_word' id='word_1_655' title='bbox 2565 2607 2772 2662; x_wconf 90' lang='lat' dir='ltr'><strong>vincula</strong></span> <span class='ocrx_word' id='word_1_656' title='bbox 2818 2607 3075 2674; x_wconf 88' lang='lat' dir='ltr'><strong>auferret,</strong></span> <span class='ocrx_word' id='word_1_657' title='bbox 3109 2609 3152 2663; x_wconf 94' lang='lat' dir='ltr'><strong>is</strong></span> <span class='ocrx_word' id='word_1_658' title='bbox 3197 2609 3500 2664; x_wconf 66' lang='lat' dir='ltr'><strong>dmmonem</strong></span> <span class='ocrx_word' id='word_1_659' title='bbox 3527 2610 3644 2665; x_wconf 91' lang='lat' dir='ltr'><strong>illos</strong></span> <span class='ocrx_word' id='word_1_660' title='bbox 3682 2625 3826 2664; x_wconf 82' lang='lat' dir='ltr'><strong>occu-</strong></span> 
     </span>
    </p>
   </div>
   <div class='ocr_carea' id='block_1_88' title="bbox 2266 2700 3828 2771">
    <p class='ocr_par' dir='ltr' id='par_1_88' title="bbox 2266 2700 3828 2771">
     <span class='ocr_line' id='line_1_88' title="bbox 2266 2700 3828 2771; baseline 0.004 -19"><span class='ocrx_word' id='word_1_661' title='bbox 2266 2710 2480 2770; x_wconf 83' lang='lat' dir='ltr'><strong>pantem</strong></span> <span class='ocrx_word' id='word_1_662' title='bbox 2508 2700 2652 2756; x_wconf 87' lang='lat' dir='ltr'><strong>clare</strong></span> <span class='ocrx_word' id='word_1_663' title='bbox 2681 2712 3062 2771; x_wconf 90' lang='lat' dir='ltr'><strong>cognosceret,</strong></span> <span class='ocrx_word' id='word_1_664' title='bbox 3094 2703 3184 2771; x_wconf 93' lang='lat' dir='ltr'><strong>qui</strong></span> <span class='ocrx_word' id='word_1_665' title='bbox 3215 2713 3362 2756; x_wconf 88' lang='lat' dir='ltr'><strong>certe</strong></span> <span class='ocrx_word' id='word_1_666' title='bbox 3391 2704 3565 2758; x_wconf 90' lang='lat' dir='ltr'><strong>multo</strong></span> <span class='ocrx_word' id='word_1_667' title='bbox 3591 2713 3644 2759; x_wconf 89' lang='lat' dir='ltr'><strong>et</strong></span> <span class='ocrx_word' id='word_1_668' title='bbox 3669 2705 3828 2759; x_wconf 89' lang='lat' dir='ltr'><strong>acrior</strong></span> 
     </span>
    </p>
   </div>
   <div class='ocr_carea' id='block_1_89' title="bbox 2264 2791 3616 2862">
    <p class='ocr_par' dir='ltr' id='par_1_89' title="bbox 2264 2791 3616 2862">
     <span class='ocr_line' id='line_1_89' title="bbox 2264 2791 3616 2862; baseline 0.003 -15"><span class='ocrx_word' id='word_1_669' title='bbox 2264 2801 2318 2848; x_wconf 90' lang='lat' dir='ltr'><strong>et</strong></span> <span class='ocrx_word' id='word_1_670' title='bbox 2344 2791 2572 2846; x_wconf 87' lang='lat' dir='ltr'><strong>feracior</strong></span> <span class='ocrx_word' id='word_1_671' title='bbox 2595 2801 2680 2847; x_wconf 88' lang='lat' dir='ltr'><strong>est</strong></span> <span class='ocrx_word' id='word_1_672' title='bbox 2705 2809 2769 2847; x_wconf 94' lang='lat' dir='ltr'><strong>eo</strong></span> <span class='ocrx_word' id='word_1_673' title='bbox 2793 2794 2881 2861; x_wconf 83' lang='lat' dir='ltr'><strong>qui</strong></span> <span class='ocrx_word' id='word_1_674' title='bbox 2903 2807 3048 2847; x_wconf 90' lang='lat' dir='ltr'><strong>nunc</strong></span> <span class='ocrx_word' id='word_1_675' title='bbox 3075 2807 3322 2862; x_wconf 85' lang='lat' dir='ltr'><strong>egressus</strong></span> <span class='ocrx_word' id='word_1_676' title='bbox 3344 2805 3616 2851; x_wconf 88' lang='lat' dir='ltr'><strong>narratur.</strong></span> 
     </span>
    </p>
   </div>
   <div class='ocr_carea' id='block_1_90' title="bbox 2335 2884 3832 2956">
    <p class='ocr_par' dir='ltr' id='par_1_90' title="bbox 2335 2884 3832 2956">
     <span class='ocr_line' id='line_1_90' title="bbox 2335 2884 3832 2956; baseline 0 -15"><span class='ocrx_word' id='word_1_677' title='bbox 2335 2886 2388 2941; x_wconf 83' lang='lat'><strong>5.</strong></span> <span class='ocrx_word' id='word_1_678' title='bbox 2417 2884 2615 2940; x_wconf 76' lang='lat' dir='ltr'><strong>Verum</strong></span> <span class='ocrx_word' id='word_1_679' title='bbox 2645 2886 2766 2956; x_wconf 90' lang='lat' dir='ltr'><strong>quia</strong></span> <span class='ocrx_word' id='word_1_680' title='bbox 2809 2885 2863 2940; x_wconf 91' lang='lat' dir='ltr'><strong>id</strong></span> <span class='ocrx_word' id='word_1_681' title='bbox 2891 2887 3005 2942; x_wconf 89' lang='lat' dir='ltr'><strong>ﬁeri</strong></span> <span class='ocrx_word' id='word_1_682' title='bbox 3034 2885 3240 2956; x_wconf 88' lang='lat' dir='ltr'><strong>nequit,</strong></span> <span class='ocrx_word' id='word_1_683' title='bbox 3271 2887 3650 2952; x_wconf 85' lang='lat' dir='ltr'><strong>verbo_tamcn</strong></span> <span class='ocrx_word' id='word_1_684' title='bbox 3695 2900 3832 2944; x_wconf 87' lang='lat' dir='ltr'><strong>tenus</strong></span> 
     </span>
    </p>
   </div>
   <div class='ocr_carea' id='block_1_91' title="bbox 2267 2976 3833 3048">
    <p class='ocr_par' dir='ltr' id='par_1_91' title="bbox 2267 2976 3833 3048">
     <span class='ocr_line' id='line_1_91' title="bbox 2267 2976 3833 3048; baseline 0.001 -16"><span class='ocrx_word' id='word_1_685' title='bbox 2267 2977 2367 3032; x_wconf 88' lang='lat' dir='ltr'><strong>ista</strong></span> <span class='ocrx_word' id='word_1_686' title='bbox 2391 2976 2668 3048; x_wconf 87' lang='lat' dir='ltr'><strong>ﬁngamus,</strong></span> <span class='ocrx_word' id='word_1_687' title='bbox 2693 2985 2748 3032; x_wconf 90' lang='lat' dir='ltr'><strong>et</strong></span> <span class='ocrx_word' id='word_1_688' title='bbox 2769 2986 2986 3033; x_wconf 89' lang='lat' dir='ltr'><strong>catenas</strong></span> <span class='ocrx_word' id='word_1_689' title='bbox 3003 2978 3120 3048; x_wconf 90' lang='lat' dir='ltr'><strong>ejus</strong></span> <span class='ocrx_word' id='word_1_690' title='bbox 3145 2992 3333 3033; x_wconf 90' lang='lat' dir='ltr'><strong>omnes</strong></span> <span class='ocrx_word' id='word_1_691' title='bbox 3358 2977 3698 3045; x_wconf 87' lang='lat' dir='ltr'><strong>auferamus;</strong></span> <span class='ocrx_word' id='word_1_692' title='bbox 3722 2991 3833 3034; x_wconf 88' lang='lat' dir='ltr'><strong>tunc</strong></span> 
     </span>
    </p>
   </div>
   <div class='ocr_carea' id='block_1_92' title="bbox 2267 3067 3834 3138">
    <p class='ocr_par' dir='ltr' id='par_1_92' title="bbox 2267 3067 3834 3138">
     <span class='ocr_line' id='line_1_92' title="bbox 2267 3067 3834 3138; baseline 0.001 -17"><span class='ocrx_word' id='word_1_693' title='bbox 2267 3067 2382 3138; x_wconf 83' lang='lat' dir='ltr'><strong>ejus</strong></span> <span class='ocrx_word' id='word_1_694' title='bbox 2415 3067 2868 3138; x_wconf 90' lang='lat' dir='ltr'><strong>furoremliquido</strong></span> <span class='ocrx_word' id='word_1_695' title='bbox 2889 3070 3140 3125; x_wconf 90' lang='lat' dir='ltr'><strong>sciemus.</strong></span> <span class='ocrx_word' id='word_1_696' title='bbox 3169 3072 3238 3123; x_wconf 88' lang='lat' dir='ltr'><strong>At</strong></span> <span class='ocrx_word' id='word_1_697' title='bbox 3265 3067 3433 3124; x_wconf 89' lang='lat' dir='ltr'><strong>feram</strong></span> <span class='ocrx_word' id='word_1_698' title='bbox 3461 3085 3491 3125; x_wconf 91' lang='lat' dir='ltr'><strong>a</strong></span> <span class='ocrx_word' id='word_1_699' title='bbox 3515 3071 3665 3126; x_wconf 90' lang='lat' dir='ltr'><strong>nobis</strong></span> <span class='ocrx_word' id='word_1_700' title='bbox 3686 3069 3834 3124; x_wconf 80' lang='lat' dir='ltr'><strong>nuda-</strong></span> 
     </span>
    </p>
   </div>
   <div class='ocr_carea' id='block_1_93' title="bbox 2272 3159 3836 3232">
    <p class='ocr_par' dir='ltr' id='par_1_93' title="bbox 2272 3159 3836 3232">
     <span class='ocr_line' id='line_1_93' title="bbox 2272 3159 3836 3232; baseline 0 -16"><span class='ocrx_word' id='word_1_701' title='bbox 2272 3173 2379 3216; x_wconf 90' lang='lat' dir='ltr'><strong>tam</strong></span> <span class='ocrx_word' id='word_1_702' title='bbox 2410 3175 2477 3215; x_wconf 92' lang='lat' dir='ltr'><strong>ne</strong></span> <span class='ocrx_word' id='word_1_703' title='bbox 2500 3159 2801 3215; x_wconf 89' lang='lat' dir='ltr'><strong>formidetis</strong></span> <span class='ocrx_word' id='word_1_704' title='bbox 2826 3178 2839 3214; x_wconf 88' lang='lat'>:</span> <span class='ocrx_word' id='word_1_705' title='bbox 2871 3161 2923 3214; x_wconf 91' lang='lat' dir='ltr'><strong>in</strong></span> <span class='ocrx_word' id='word_1_706' title='bbox 2953 3160 3117 3216; x_wconf 85' lang='lat' dir='ltr'><strong>verba</strong></span> <span class='ocrx_word' id='word_1_707' title='bbox 3144 3175 3374 3232; x_wconf 90' lang='lat' dir='ltr'><strong>namque</strong></span> <span class='ocrx_word' id='word_1_708' title='bbox 3400 3170 3514 3216; x_wconf 89' lang='lat' dir='ltr'><strong>tota</strong></span> <span class='ocrx_word' id='word_1_709' title='bbox 3542 3177 3697 3217; x_wconf 89' lang='lat' dir='ltr'><strong>scena</strong></span> <span class='ocrx_word' id='word_1_710' title='bbox 3719 3177 3836 3216; x_wconf 81' lang='lat' dir='ltr'><strong>coa-</strong></span> 
     </span>
    </p>
   </div>
   <div class='ocr_carea' id='block_1_94' title="bbox 2269 3250 3833 3322">
    <p class='ocr_par' dir='ltr' id='par_1_94' title="bbox 2269 3250 3833 3322">
     <span class='ocr_line' id='line_1_94' title="bbox 2269 3250 3833 3322; baseline -0.001 -15"><span class='ocrx_word' id='word_1_711' title='bbox 2269 3252 2432 3319; x_wconf 92' lang='lat' dir='ltr'><strong>sistit,</strong></span> <span class='ocrx_word' id='word_1_712' title='bbox 2467 3266 2641 3322; x_wconf 90' lang='lat' dir='ltr'><strong>neque</strong></span> <span class='ocrx_word' id='word_1_713' title='bbox 2670 3251 2722 3305; x_wconf 93' lang='lat' dir='ltr'><strong>in</strong></span> <span class='ocrx_word' id='word_1_714' title='bbox 2749 3252 2828 3307; x_wconf 90' lang='lat' dir='ltr'><strong>rei</strong></span> <span class='ocrx_word' id='word_1_715' title='bbox 2855 3253 3078 3306; x_wconf 90' lang='lat' dir='ltr'><strong>veritate</strong></span> <span class='ocrx_word' id='word_1_716' title='bbox 3109 3251 3338 3322; x_wconf 91' lang='lat' dir='ltr'><strong>idipsum</strong></span> <span class='ocrx_word' id='word_1_717' title='bbox 3369 3252 3746 3322; x_wconf 89' lang='lat' dir='ltr'><strong>conspicimus.</strong></span> <span class='ocrx_word' id='word_1_718' title='bbox 3764 3250 3833 3306; x_wconf 87' lang='lat' dir='ltr'><strong>Sit</strong></span> 
     </span>
    </p>
   </div>
   <div class='ocr_carea' id='block_1_95' title="bbox 2272 3341 3836 3414">
    <p class='ocr_par' dir='ltr' id='par_1_95' title="bbox 2272 3341 3836 3414">
     <span class='ocr_line' id='line_1_95' title="bbox 2272 3341 3836 3414; baseline -0.001 -16"><span class='ocrx_word' id='word_1_719' title='bbox 2272 3343 2448 3414; x_wconf 89' lang='lat' dir='ltr'><strong>itaque</strong></span> <span class='ocrx_word' id='word_1_720' title='bbox 2477 3341 2642 3398; x_wconf 88' lang='lat' dir='ltr'><strong>homo</strong></span> <span class='ocrx_word' id='word_1_721' title='bbox 2668 3343 2954 3414; x_wconf 89' lang='lat' dir='ltr'><strong>quispiam,</strong></span> <span class='ocrx_word' id='word_1_722' title='bbox 2985 3344 3159 3412; x_wconf 85' lang='lat' dir='ltr'><strong>ignem</strong></span> <span class='ocrx_word' id='word_1_723' title='bbox 3183 3342 3251 3397; x_wconf 94' lang='lat' dir='ltr'><strong>ab</strong></span> <span class='ocrx_word' id='word_1_724' title='bbox 3273 3343 3446 3398; x_wconf 91' lang='lat' dir='ltr'><strong>oculis</strong></span> <span class='ocrx_word' id='word_1_725' title='bbox 3473 3346 3741 3410; x_wconf 78' lang='lat' dir='ltr'><strong>eiiiittens,</strong></span> <span class='ocrx_word' id='word_1_726' title='bbox 3764 3342 3836 3398; x_wconf 89' lang='lat' dir='ltr'><strong>ni-</strong></span> 
     </span>
    </p>
   </div>
   <div class='ocr_carea' id='block_1_96' title="bbox 2270 3434 3834 3506">
    <p class='ocr_par' dir='ltr' id='par_1_96' title="bbox 2270 3434 3834 3506">
     <span class='ocr_line' id='line_1_96' title="bbox 2270 3434 3834 3506; baseline -0.001 -15"><span class='ocrx_word' id='word_1_727' title='bbox 2270 3450 2388 3506; x_wconf 88' lang='lat' dir='ltr'><strong>ger,</strong></span> <span class='ocrx_word' id='word_1_728' title='bbox 2415 3436 2506 3506; x_wconf 89' lang='lat' dir='ltr'><strong>qui</strong></span> <span class='ocrx_word' id='word_1_729' title='bbox 2535 3435 2590 3490; x_wconf 93' lang='lat' dir='ltr'><strong>in</strong></span> <span class='ocrx_word' id='word_1_730' title='bbox 2618 3445 2845 3506; x_wconf 90' lang='lat' dir='ltr'><strong>utroque</strong></span> <span class='ocrx_word' id='word_1_731' title='bbox 2872 3434 3103 3490; x_wconf 90' lang='lat' dir='ltr'><strong>humero</strong></span> <span class='ocrx_word' id='word_1_732' title='bbox 3126 3436 3389 3491; x_wconf 89' lang='lat' dir='ltr'><strong>dracones</strong></span> <span class='ocrx_word' id='word_1_733' title='bbox 3415 3437 3708 3506; x_wconf 86' lang='lat' dir='ltr'><strong>pendentes</strong></span> <span class='ocrx_word' id='word_1_734' title='bbox 3728 3437 3834 3491; x_wconf 89' lang='lat' dir='ltr'><strong>loco</strong></span> 
     </span>
    </p>
   </div>
   <div class='ocr_carea' id='block_1_97' title="bbox 2274 3527 3838 3601">
    <p class='ocr_par' dir='ltr' id='par_1_97' title="bbox 2274 3527 3838 3601">
     <span class='ocr_line' id='line_1_97' title="bbox 2274 3527 3838 3601; baseline 0 -17"><span class='ocrx_word' id='word_1_735' title='bbox 2274 3529 2613 3584; x_wconf 89' lang='lat' dir='ltr'><strong>brachiorum</strong></span> <span class='ocrx_word' id='word_1_736' title='bbox 2628 3527 2824 3584; x_wconf 89' lang='lat' dir='ltr'><strong>habeat</strong></span> <span class='ocrx_word' id='word_1_737' title='bbox 2841 3545 2856 3596; x_wconf 90' lang='lat'><strong>;</strong></span> <span class='ocrx_word' id='word_1_738' title='bbox 2883 3543 2944 3583; x_wconf 93' lang='lat' dir='ltr'><strong>os</strong></span> <span class='ocrx_word' id='word_1_739' title='bbox 2961 3528 3153 3585; x_wconf 89' lang='lat' dir='ltr'><strong>habeat</strong></span> <span class='ocrx_word' id='word_1_740' title='bbox 3174 3529 3226 3583; x_wconf 94' lang='lat' dir='ltr'><strong>in</strong></span> <span class='ocrx_word' id='word_1_741' title='bbox 3243 3545 3350 3600; x_wconf 92' lang='lat' dir='ltr'><strong>quo</strong></span> <span class='ocrx_word' id='word_1_742' title='bbox 3369 3545 3470 3600; x_wconf 89' lang='lat' dir='ltr'><strong>pro</strong></span> <span class='ocrx_word' id='word_1_743' title='bbox 3486 3530 3727 3586; x_wconf 89' lang='lat' dir='ltr'><strong>dentibus</strong></span> <span class='ocrx_word' id='word_1_744' title='bbox 3740 3530 3838 3601; x_wconf 86' lang='lat' dir='ltr'><strong>gla-</strong></span> 
     </span>
    </p>
   </div>
   <div class='ocr_carea' id='block_1_98' title="bbox 2274 3621 3836 3694">
    <p class='ocr_par' dir='ltr' id='par_1_98' title="bbox 2274 3621 3836 3694">
     <span class='ocr_line' id='line_1_98' title="bbox 2274 3621 3836 3694; baseline -0.003 -16"><span class='ocrx_word' id='word_1_745' title='bbox 2274 3623 2345 3678; x_wconf 90' lang='lat' dir='ltr'><strong>dii</strong></span> <span class='ocrx_word' id='word_1_746' title='bbox 2367 3623 2472 3678; x_wconf 91' lang='lat' dir='ltr'><strong>sint</strong></span> <span class='ocrx_word' id='word_1_747' title='bbox 2489 3621 2656 3687; x_wconf 79' lang='lat' dir='ltr'><strong>inﬁxi,</strong></span> <span class='ocrx_word' id='word_1_748' title='bbox 2674 3638 2772 3693; x_wconf 91' lang='lat' dir='ltr'><strong>pro</strong></span> <span class='ocrx_word' id='word_1_749' title='bbox 2795 3622 2974 3693; x_wconf 87' lang='lat' dir='ltr'><strong>lingua</strong></span> <span class='ocrx_word' id='word_1_750' title='bbox 2995 3622 3114 3677; x_wconf 90' lang='lat' dir='ltr'><strong>fons</strong></span> <span class='ocrx_word' id='word_1_751' title='bbox 3130 3624 3274 3678; x_wconf 88' lang='lat' dir='ltr'><strong>virus</strong></span> <span class='ocrx_word' id='word_1_752' title='bbox 3293 3636 3674 3694; x_wconf 89' lang='lat' dir='ltr'><strong>venenumque</strong></span> <span class='ocrx_word' id='word_1_753' title='bbox 3695 3622 3836 3678; x_wconf 89' lang='lat' dir='ltr'><strong>emit-</strong></span> 
     </span>
    </p>
   </div>
   <div class='ocr_carea' id='block_1_99' title="bbox 2275 3715 3838 3787">
    <p class='ocr_par' dir='ltr' id='par_1_99' title="bbox 2275 3715 3838 3787">
     <span class='ocr_line' id='line_1_99' title="bbox 2275 3715 3838 3787; baseline -0.003 -15"><span class='ocrx_word' id='word_1_754' title='bbox 2275 3726 2394 3772; x_wconf 90' lang='lat' dir='ltr'><strong>tens</strong></span> <span class='ocrx_word' id='word_1_755' title='bbox 2414 3733 2428 3782; x_wconf 91' lang='lat'><strong>;</strong></span> <span class='ocrx_word' id='word_1_756' title='bbox 2452 3724 2640 3771; x_wconf 86' lang='lat' dir='ltr'><strong>venter</strong></span> <span class='ocrx_word' id='word_1_757' title='bbox 2651 3716 2766 3786; x_wconf 88' lang='lat' dir='ltr'><strong>ejus</strong></span> <span class='ocrx_word' id='word_1_758' title='bbox 2785 3717 2930 3770; x_wconf 92' lang='lat' dir='ltr'><strong>omni</strong></span> <span class='ocrx_word' id='word_1_759' title='bbox 2949 3717 3162 3772; x_wconf 89' lang='lat' dir='ltr'><strong>fornace</strong></span> <span class='ocrx_word' id='word_1_760' title='bbox 3179 3716 3524 3782; x_wconf 88' lang='lat' dir='ltr'><strong>sitvoracior,</strong></span> <span class='ocrx_word' id='word_1_761' title='bbox 3544 3733 3660 3787; x_wconf 72' lang='lat' dir='ltr'><strong>qua:</strong></span> <span class='ocrx_word' id='word_1_762' title='bbox 3679 3715 3838 3770; x_wconf 84' lang='lat' dir='ltr'><strong>omnia</strong></span> 
     </span>
    </p>
   </div>
   <div class='ocr_carea' id='block_1_100' title="bbox 2277 3808 3839 3880">
    <p class='ocr_par' dir='ltr' id='par_1_100' title="bbox 2277 3808 3839 3880">
     <span class='ocr_line' id='line_1_100' title="bbox 2277 3808 3839 3880; baseline -0.002 -14"><span class='ocrx_word' id='word_1_763' title='bbox 2277 3811 2471 3880; x_wconf 84' lang='lat' dir='ltr'><strong>injecta</strong></span> <span class='ocrx_word' id='word_1_764' title='bbox 2496 3810 2787 3880; x_wconf 87' lang='lat' dir='ltr'><strong>deglutiat;</strong></span> <span class='ocrx_word' id='word_1_765' title='bbox 2811 3809 2972 3878; x_wconf 87' lang='lat' dir='ltr'><strong>pedes</strong></span> <span class='ocrx_word' id='word_1_766' title='bbox 2988 3810 3084 3863; x_wconf 89' lang='lat' dir='ltr'><strong>alis</strong></span> <span class='ocrx_word' id='word_1_767' title='bbox 3106 3809 3347 3864; x_wconf 89' lang='lat' dir='ltr'><strong>instructi</strong></span> <span class='ocrx_word' id='word_1_768' title='bbox 3365 3819 3418 3864; x_wconf 88' lang='lat' dir='ltr'><strong>et</strong></span> <span class='ocrx_word' id='word_1_769' title='bbox 3441 3808 3652 3864; x_wconf 81' lang='lat' dir='ltr'><strong>ﬂamma</strong></span> <span class='ocrx_word' id='word_1_770' title='bbox 3673 3810 3839 3880; x_wconf 84' lang='lat' dir='ltr'><strong>quavis</strong></span> 
     </span>
    </p>
   </div>
   <div class='ocr_carea' id='block_1_101' title="bbox 2276 3898 3840 3970">
    <p class='ocr_par' dir='ltr' id='par_1_101' title="bbox 2276 3898 3840 3970">
     <span class='ocr_line' id='line_1_101' title="bbox 2276 3898 3840 3970; baseline -0.004 -13"><span class='ocrx_word' id='word_1_771' title='bbox 2276 3901 2738 3966; x_wconf 79' lang='lat' dir='ltr'><strong>vehementiores;</strong></span> <span class='ocrx_word' id='word_1_772' title='bbox 2762 3902 2937 3955; x_wconf 90' lang='lat' dir='ltr'><strong>vultus</strong></span> <span class='ocrx_word' id='word_1_773' title='bbox 2957 3900 3072 3967; x_wconf 89' lang='lat' dir='ltr'><strong>ejus</strong></span> <span class='ocrx_word' id='word_1_774' title='bbox 3089 3900 3237 3954; x_wconf 91' lang='lat' dir='ltr'><strong>canis</strong></span> <span class='ocrx_word' id='word_1_775' title='bbox 3264 3906 3319 3954; x_wconf 88' lang='lat' dir='ltr'><strong>et</strong></span> <span class='ocrx_word' id='word_1_776' title='bbox 3332 3899 3444 3969; x_wconf 92' lang='lat' dir='ltr'><strong>lupi</strong></span> <span class='ocrx_word' id='word_1_777' title='bbox 3471 3901 3698 3970; x_wconf 89' lang='lat' dir='ltr'><strong>speciem</strong></span> <span class='ocrx_word' id='word_1_778' title='bbox 3728 3898 3840 3954; x_wconf 83' lang='lat' dir='ltr'><strong>refe-</strong></span> 
     </span>
    </p>
   </div>
   <div class='ocr_carea' id='block_1_102' title="bbox 2279 3989 3846 4062">
    <p class='ocr_par' dir='ltr' id='par_1_102' title="bbox 2279 3989 3846 4062">
     <span class='ocr_line' id='line_1_102' title="bbox 2279 3989 3846 4062; baseline -0.007 -13"><span class='ocrx_word' id='word_1_779' title='bbox 2279 4003 2394 4058; x_wconf 89' lang='lat' dir='ltr'><strong>rat;</strong></span> <span class='ocrx_word' id='word_1_780' title='bbox 2428 4009 2532 4047; x_wconf 90' lang='lat' dir='ltr'><strong>non</strong></span> <span class='ocrx_word' id='word_1_781' title='bbox 2562 3992 2843 4046; x_wconf 88' lang='lat' dir='ltr'><strong>humanam</strong></span> <span class='ocrx_word' id='word_1_782' title='bbox 2865 4007 3048 4046; x_wconf 89' lang='lat' dir='ltr'><strong>vocem</strong></span> <span class='ocrx_word' id='word_1_783' title='bbox 3075 3991 3314 4057; x_wconf 88' lang='lat' dir='ltr'><strong>emittat,</strong></span> <span class='ocrx_word' id='word_1_784' title='bbox 3345 3989 3445 4045; x_wconf 91' lang='lat' dir='ltr'><strong>sed</strong></span> <span class='ocrx_word' id='word_1_785' title='bbox 3480 3991 3610 4062; x_wconf 89' lang='lat' dir='ltr'><strong>quid</strong></span> <span class='ocrx_word' id='word_1_786' title='bbox 3626 3991 3846 4051; x_wconf 84' lang='lat' dir='ltr'><strong>insuave,</strong></span> 
     </span>
    </p>
   </div>
   <div class='ocr_carea' id='block_1_103' title="bbox 2279 4080 3840 4156">
    <p class='ocr_par' dir='ltr' id='par_1_103' title="bbox 2279 4080 3840 4156">
     <span class='ocr_line' id='line_1_103' title="bbox 2279 4080 3840 4156; baseline -0.006 -15"><span class='ocrx_word' id='word_1_787' title='bbox 2279 4085 2642 4156; x_wconf 90' lang='lat' dir='ltr'><strong>injucundum,</strong></span> <span class='ocrx_word' id='word_1_788' title='bbox 2663 4083 2896 4140; x_wconf 88' lang='lat' dir='ltr'><strong>terribile</strong></span> <span class='ocrx_word' id='word_1_789' title='bbox 2921 4102 2932 4136; x_wconf 92' lang='lat'>:</span> <span class='ocrx_word' id='word_1_790' title='bbox 2957 4082 3007 4137; x_wconf 91' lang='lat' dir='ltr'><strong>in</strong></span> <span class='ocrx_word' id='word_1_791' title='bbox 3023 4081 3370 4152; x_wconf 88' lang='lat' dir='ltr'><strong>manibusque</strong></span> <span class='ocrx_word' id='word_1_792' title='bbox 3387 4081 3633 4137; x_wconf 84' lang='lat' dir='ltr'><strong>flammas</strong></span> <span class='ocrx_word' id='word_1_793' title='bbox 3650 4080 3840 4135; x_wconf 84' lang='lat' dir='ltr'><strong>habeat.</strong></span> 
     </span>
    </p>
   </div>
   <div class='ocr_carea' id='block_1_104' title="bbox 2279 4172 3841 4239">
    <p class='ocr_par' dir='ltr' id='par_1_104' title="bbox 2279 4172 3841 4239">
     <span class='ocr_line' id='line_1_104' title="bbox 2279 4172 3841 4239; baseline -0.007 -5"><span class='ocrx_word' id='word_1_794' title='bbox 2279 4178 2552 4234; x_wconf 83' lang='lat' dir='ltr'><strong>Horrenda</strong></span> <span class='ocrx_word' id='word_1_795' title='bbox 2594 4176 2772 4232; x_wconf 89' lang='lat' dir='ltr'><strong>forsan</strong></span> <span class='ocrx_word' id='word_1_796' title='bbox 2805 4176 2954 4231; x_wconf 90' lang='lat' dir='ltr'><strong>vobis</strong></span> <span class='ocrx_word' id='word_1_797' title='bbox 2995 4175 3110 4230; x_wconf 63' lang='lat' dir='ltr'><strong>haec</strong></span> <span class='ocrx_word' id='word_1_798' title='bbox 3144 4173 3462 4239; x_wconf 89' lang='lat' dir='ltr'><strong>videantur;</strong></span> <span class='ocrx_word' id='word_1_799' title='bbox 3494 4172 3588 4228; x_wconf 91' lang='lat' dir='ltr'><strong>sed</strong></span> <span class='ocrx_word' id='word_1_800' title='bbox 3629 4173 3841 4228; x_wconf 91' lang='lat' dir='ltr'><strong>nondum</strong></span> 
     </span>
    </p>
   </div>
   <div class='ocr_carea' id='block_1_105' title="bbox 2279 4265 3845 4338">
    <p class='ocr_par' dir='ltr' id='par_1_105' title="bbox 2279 4265 3845 4338">
     <span class='ocr_line' id='line_1_105' title="bbox 2279 4265 3845 4338; baseline -0.006 -14"><span class='ocrx_word' id='word_1_801' title='bbox 2279 4270 2427 4326; x_wconf 91' lang='lat' dir='ltr'><strong>illum</strong></span> <span class='ocrx_word' id='word_1_802' title='bbox 2466 4269 2540 4324; x_wconf 92' lang='lat' dir='ltr'><strong>uti</strong></span> <span class='ocrx_word' id='word_1_803' title='bbox 2572 4283 2666 4338; x_wconf 87' lang='lat' dir='ltr'><strong>par</strong></span> <span class='ocrx_word' id='word_1_804' title='bbox 2694 4276 2809 4324; x_wconf 90' lang='lat' dir='ltr'><strong>erat</strong></span> <span class='ocrx_word' id='word_1_805' title='bbox 2837 4266 3172 4336; x_wconf 82' lang='lat' dir='ltr'><strong>depinximus</strong></span> <span class='ocrx_word' id='word_1_806' title='bbox 3204 4281 3218 4318; x_wconf 93' lang='lat'>:</span> <span class='ocrx_word' id='word_1_807' title='bbox 3252 4265 3334 4319; x_wconf 92' lang='lat' dir='ltr'><strong>his</strong></span> <span class='ocrx_word' id='word_1_808' title='bbox 3362 4265 3564 4335; x_wconf 88' lang='lat' dir='ltr'><strong>quippe</strong></span> <span class='ocrx_word' id='word_1_809' title='bbox 3599 4265 3699 4319; x_wconf 88' lang='lat' dir='ltr'><strong>alia</strong></span> <span class='ocrx_word' id='word_1_810' title='bbox 3736 4271 3845 4318; x_wconf 90' lang='lat' dir='ltr'><strong>sunt</strong></span> 
     </span>
    </p>
   </div>
   <div class='ocr_carea' id='block_1_106' title="bbox 2278 4355 3844 4430">
    <p class='ocr_par' dir='ltr' id='par_1_106' title="bbox 2278 4355 3844 4430">
     <span class='ocr_line' id='line_1_106' title="bbox 2278 4355 3844 4430; baseline -0.006 -12"><span class='ocrx_word' id='word_1_811' title='bbox 2278 4362 2542 4418; x_wconf 88' lang='lat' dir='ltr'><strong>addenda.</strong></span> <span class='ocrx_word' id='word_1_812' title='bbox 2574 4361 2770 4416; x_wconf 90' lang='lat' dir='ltr'><strong>Obvios</strong></span> <span class='ocrx_word' id='word_1_813' title='bbox 2794 4372 3032 4430; x_wconf 88' lang='lat' dir='ltr'><strong>quosque</strong></span> <span class='ocrx_word' id='word_1_814' title='bbox 3065 4357 3267 4428; x_wconf 88' lang='lat' dir='ltr'><strong>jugulet</strong></span> <span class='ocrx_word' id='word_1_815' title='bbox 3289 4369 3352 4410; x_wconf 89' lang='lat' dir='ltr'><strong>ac</strong></span> <span class='ocrx_word' id='word_1_816' title='bbox 3379 4355 3604 4412; x_wconf 87' lang='lat' dir='ltr'><strong>devoret</strong></span> <span class='ocrx_word' id='word_1_817' title='bbox 3630 4398 3647 4424; x_wconf 96' lang='lat'><strong>,</strong></span> <span class='ocrx_word' id='word_1_818' title='bbox 3676 4369 3844 4411; x_wconf 76' lang='lat' dir='ltr'><strong>carnes</strong></span> 
     </span>
    </p>
   </div>
   <div class='ocr_carea' id='block_1_107' title="bbox 2283 4445 3843 4518">
    <p class='ocr_par' dir='ltr' id='par_1_107' title="bbox 2283 4445 3843 4518">
     <span class='ocr_line' id='line_1_107' title="bbox 2283 4445 3843 4518; baseline -0.01 -6"><span class='ocrx_word' id='word_1_819' title='bbox 2283 4457 2499 4512; x_wconf 86' lang='lat' dir='ltr'><strong>laceret.</strong></span> <span class='ocrx_word' id='word_1_820' title='bbox 2526 4453 2638 4508; x_wconf 87' lang='lat' dir='ltr'><strong>Hoc</strong></span> <span class='ocrx_word' id='word_1_821' title='bbox 2662 4460 2903 4506; x_wconf 89' lang='lat' dir='ltr'><strong>monstro</strong></span> <span class='ocrx_word' id='word_1_822' title='bbox 2925 4449 3158 4505; x_wconf 88' lang='lat' dir='ltr'><strong>deterior</strong></span> <span class='ocrx_word' id='word_1_823' title='bbox 3177 4456 3259 4502; x_wconf 89' lang='lat' dir='ltr'><strong>est</strong></span> <span class='ocrx_word' id='word_1_824' title='bbox 3276 4462 3493 4512; x_wconf 88' lang='lat' dir='ltr'><strong>avarus,</strong></span> <span class='ocrx_word' id='word_1_825' title='bbox 3521 4446 3670 4518; x_wconf 88' lang='lat' dir='ltr'><strong>quasi</strong></span> <span class='ocrx_word' id='word_1_826' title='bbox 3695 4445 3843 4499; x_wconf 89' lang='lat' dir='ltr'><strong>infer-</strong></span> 
     </span>
    </p>
   </div>
   <div class='ocr_carea' id='block_1_108' title="bbox 2282 4539 3846 4611">
    <p class='ocr_par' dir='ltr' id='par_1_108' title="bbox 2282 4539 3846 4611">
     <span class='ocr_line' id='line_1_108' title="bbox 2282 4539 3846 4611; baseline -0.012 -5"><span class='ocrx_word' id='word_1_827' title='bbox 2282 4565 2384 4605; x_wconf 92' lang='lat' dir='ltr'><strong>nus</strong></span> <span class='ocrx_word' id='word_1_828' title='bbox 2408 4561 2594 4603; x_wconf 89' lang='lat' dir='ltr'><strong>omnes</strong></span> <span class='ocrx_word' id='word_1_829' title='bbox 2624 4544 2842 4611; x_wconf 90' lang='lat' dir='ltr'><strong>invadit,</strong></span> <span class='ocrx_word' id='word_1_830' title='bbox 2869 4541 3095 4598; x_wconf 79' lang='lat' dir='ltr'><strong>omnes&#39;I</strong></span> <span class='ocrx_word' id='word_1_831' title='bbox 3126 4540 3407 4606; x_wconf 80' lang='lat' dir='ltr'><strong>devorans,</strong></span> <span class='ocrx_word' id='word_1_832' title='bbox 3442 4540 3736 4596; x_wconf 90' lang='lat' dir='ltr'><strong>communis</strong></span> <span class='ocrx_word' id='word_1_833' title='bbox 3760 4539 3846 4591; x_wconf 80' lang='lat' dir='ltr'><strong>hr—</strong></span> 
     </span>
    </p>
   </div>
   <div class='ocr_carea' id='block_1_109' title="bbox 2283 4622 3848 4710">
    <p class='ocr_par' dir='ltr' id='par_1_109' title="bbox 2283 4622 3848 4710">
     <span class='ocr_line' id='line_1_109' title="bbox 2283 4622 3848 4710; baseline -0.011 -14"><span class='ocrx_word' id='word_1_834' title='bbox 2283 4641 2427 4697; x_wconf 90' lang='lat' dir='ltr'><strong>mani</strong></span> <span class='ocrx_word' id='word_1_835' title='bbox 2463 4637 2676 4710; x_wconf 86' lang='lat' dir='ltr'><strong>generis</strong></span> <span class='ocrx_word' id='word_1_836' title='bbox 2715 4635 2885 4692; x_wconf 89' lang='lat' dir='ltr'><strong>hostis</strong></span> <span class='ocrx_word' id='word_1_837' title='bbox 2909 4622 3250 4690; x_wconf 87' lang='lat' dir='ltr'><strong>circumiens.</strong></span> <span class='ocrx_word' id='word_1_838' title='bbox 3281 4632 3499 4688; x_wconf 86' lang='lat' dir='ltr'><strong>Nullum</strong></span> <span class='ocrx_word' id='word_1_839' title='bbox 3537 4634 3726 4704; x_wconf 89' lang='lat' dir='ltr'><strong>quippe</strong></span> <span class='ocrx_word' id='word_1_840' title='bbox 3751 4631 3848 4681; x_wconf 86' lang='lat' dir='ltr'><strong>vult</strong></span> 
     </span>
    </p>
   </div>
   <div class='ocr_carea' id='block_1_110' title="bbox 2284 4717 3848 4804">
    <p class='ocr_par' dir='ltr' id='par_1_110' title="bbox 2284 4717 3848 4804">
     <span class='ocr_line' id='line_1_110' title="bbox 2284 4717 3848 4804; baseline -0.012 -16"><span class='ocrx_word' id='word_1_841' title='bbox 2284 4745 2566 4804; x_wconf 86' lang='lat' dir='ltr'><strong>superesse</strong></span> <span class='ocrx_word' id='word_1_842' title='bbox 2594 4727 2863 4782; x_wconf 89' lang='lat' dir='ltr'><strong>hominem</strong></span> <span class='ocrx_word' id='word_1_843' title='bbox 2887 4766 2903 4794; x_wconf 93' lang='lat'><strong>,</strong></span> <span class='ocrx_word' id='word_1_844' title='bbox 2939 4733 2998 4780; x_wconf 90' lang='lat' dir='ltr'><strong>ut</strong></span> <span class='ocrx_word' id='word_1_845' title='bbox 3033 4723 3209 4778; x_wconf 91' lang='lat' dir='ltr'><strong>omnia</strong></span> <span class='ocrx_word' id='word_1_846' title='bbox 3253 4722 3542 4793; x_wconf 89' lang='lat' dir='ltr'><strong>possideat.</strong></span> <span class='ocrx_word' id='word_1_847' title='bbox 3574 4722 3750 4791; x_wconf 85' lang='lat' dir='ltr'><strong>Neque</strong></span> <span class='ocrx_word' id='word_1_848' title='bbox 3775 4717 3848 4771; x_wconf 90' lang='lat' dir='ltr'><strong>hic</strong></span> 
     </span>
    </p>
   </div>
   <div class='ocr_carea' id='block_1_111' title="bbox 2287 4811 3850 4892">
    <p class='ocr_par' dir='ltr' id='par_1_111' title="bbox 2287 4811 3850 4892">
     <span class='ocr_line' id='line_1_111' title="bbox 2287 4811 3850 4892; baseline -0.013 -10"><span class='ocrx_word' id='word_1_849' title='bbox 2287 4838 2465 4882; x_wconf 90' lang='lat' dir='ltr'><strong>tamen</strong></span> <span class='ocrx_word' id='word_1_850' title='bbox 2491 4821 2628 4879; x_wconf 89' lang='lat' dir='ltr'><strong>sistit</strong></span> <span class='ocrx_word' id='word_1_851' title='bbox 2654 4818 2874 4892; x_wconf 89' lang='lat' dir='ltr'><strong>gradum</strong></span> <span class='ocrx_word' id='word_1_852' title='bbox 2897 4858 2914 4886; x_wconf 96' lang='lat'><strong>,</strong></span> <span class='ocrx_word' id='word_1_853' title='bbox 2945 4817 3041 4873; x_wconf 90' lang='lat' dir='ltr'><strong>sed</strong></span> <span class='ocrx_word' id='word_1_854' title='bbox 3068 4823 3346 4888; x_wconf 89' lang='lat' dir='ltr'><strong>postquam</strong></span> <span class='ocrx_word' id='word_1_855' title='bbox 3371 4829 3563 4870; x_wconf 91' lang='lat' dir='ltr'><strong>omnes</strong></span> <span class='ocrx_word' id='word_1_856' title='bbox 3585 4811 3850 4883; x_wconf 80' lang='lat' dir='ltr'><strong>cupiditate</strong></span> 
     </span>
    </p>
   </div>
   <div class='ocr_carea' id='block_1_112' title="bbox 2285 4903 3852 4986">
    <p class='ocr_par' dir='ltr' id='par_1_112' title="bbox 2285 4903 3852 4986">
     <span class='ocr_line' id='line_1_112' title="bbox 2285 4903 3852 4986; baseline -0.012 -14"><span class='ocrx_word' id='word_1_857' title='bbox 2285 4931 2382 4972; x_wconf 90' lang='lat' dir='ltr'><strong>sua</strong></span> <span class='ocrx_word' id='word_1_858' title='bbox 2413 4913 2673 4986; x_wconf 88' lang='lat' dir='ltr'><strong>perdidit,</strong></span> <span class='ocrx_word' id='word_1_859' title='bbox 2707 4920 2862 4966; x_wconf 80' lang='lat' dir='ltr'><strong>terra:</strong></span> <span class='ocrx_word' id='word_1_860' title='bbox 2885 4908 3232 4964; x_wconf 89' lang='lat' dir='ltr'><strong>substantiam</strong></span> <span class='ocrx_word' id='word_1_861' title='bbox 3260 4907 3406 4976; x_wconf 90' lang='lat' dir='ltr'><strong>cupit</strong></span> <span class='ocrx_word' id='word_1_862' title='bbox 3433 4906 3670 4972; x_wconf 87' lang='lat' dir='ltr'><strong>abolere,</strong></span> <span class='ocrx_word' id='word_1_863' title='bbox 3700 4903 3852 4957; x_wconf 80' lang='lat' dir='ltr'><strong>illam-</strong></span> 
     </span>
    </p>
   </div>
   <div class='ocr_carea' id='block_1_113' title="bbox 2288 5001 3851 5081">
    <p class='ocr_par' dir='ltr' id='par_1_113' title="bbox 2288 5001 3851 5081">
     <span class='ocr_line' id='line_1_113' title="bbox 2288 5001 3851 5081; baseline -0.012 -16"><span class='ocrx_word' id='word_1_864' title='bbox 2288 5023 2392 5081; x_wconf 91' lang='lat' dir='ltr'><strong>que</strong></span> <span class='ocrx_word' id='word_1_865' title='bbox 2422 5009 2474 5063; x_wconf 92' lang='lat' dir='ltr'><strong>in</strong></span> <span class='ocrx_word' id='word_1_866' title='bbox 2499 5021 2686 5062; x_wconf 90' lang='lat' dir='ltr'><strong>aurum</strong></span> <span class='ocrx_word' id='word_1_867' title='bbox 2714 5017 2926 5058; x_wconf 88' lang='lat' dir='ltr'><strong>versam</strong></span> <span class='ocrx_word' id='word_1_868' title='bbox 2950 5001 3134 5056; x_wconf 86' lang='lat' dir='ltr'><strong>videre</strong></span> <span class='ocrx_word' id='word_1_869' title='bbox 3159 5016 3174 5054; x_wconf 90' lang='lat'><strong>:</strong></span> <span class='ocrx_word' id='word_1_870' title='bbox 3202 5013 3376 5068; x_wconf 90' lang='lat' dir='ltr'><strong>neque</strong></span> <span class='ocrx_word' id='word_1_871' title='bbox 3402 5006 3610 5053; x_wconf 85' lang='lat' dir='ltr'><strong>tantum</strong></span> <span class='ocrx_word' id='word_1_872' title='bbox 3636 5003 3818 5050; x_wconf 87' lang='lat' dir='ltr'><strong>terram</strong></span> <span class='ocrx_word' id='word_1_873' title='bbox 3837 5030 3851 5056; x_wconf 93' lang='lat'><strong>,</strong></span> 
     </span>
    </p>
   </div>
   <div class='ocr_carea' id='block_1_114' title="bbox 2289 5086 3852 5163">
    <p class='ocr_par' dir='ltr' id='par_1_114' title="bbox 2289 5086 3852 5163">
     <span class='ocr_line' id='line_1_114' title="bbox 2289 5086 3852 5163; baseline -0.013 -8"><span class='ocrx_word' id='word_1_874' title='bbox 2289 5099 2385 5155; x_wconf 89' lang='lat' dir='ltr'><strong>sed</strong></span> <span class='ocrx_word' id='word_1_875' title='bbox 2408 5106 2637 5163; x_wconf 88' lang='lat' dir='ltr'><strong>montes,</strong></span> <span class='ocrx_word' id='word_1_876' title='bbox 2660 5095 2846 5161; x_wconf 90' lang='lat' dir='ltr'><strong>saltus,</strong></span> <span class='ocrx_word' id='word_1_877' title='bbox 2871 5093 3043 5147; x_wconf 90' lang='lat' dir='ltr'><strong>fontes</strong></span> <span class='ocrx_word' id='word_1_878' title='bbox 3063 5098 3118 5146; x_wconf 92' lang='lat' dir='ltr'><strong>et</strong></span> <span class='ocrx_word' id='word_1_879' title='bbox 3135 5089 3312 5145; x_wconf 85' lang='lat' dir='ltr'><strong>omnia</strong></span> <span class='ocrx_word' id='word_1_880' title='bbox 3337 5103 3458 5158; x_wconf 70' lang='lat' dir='ltr'><strong>qua:</strong></span> <span class='ocrx_word' id='word_1_881' title='bbox 3478 5086 3579 5142; x_wconf 91' lang='lat' dir='ltr'><strong>sub</strong></span> <span class='ocrx_word' id='word_1_882' title='bbox 3597 5092 3852 5154; x_wconf 83' lang='lat' dir='ltr'><strong>aspectum</strong></span> 
     </span>
    </p>
   </div>
   <div class='ocr_carea' id='block_1_115' title="bbox 2291 5177 3852 5260">
    <p class='ocr_par' dir='ltr' id='par_1_115' title="bbox 2291 5177 3852 5260">
     <span class='ocr_line' id='line_1_115' title="bbox 2291 5177 3852 5260; baseline -0.017 -11"><span class='ocrx_word' id='word_1_883' title='bbox 2291 5193 2508 5249; x_wconf 86' lang='lat' dir='ltr'><strong>cadunt.</strong></span> <span class='ocrx_word' id='word_1_884' title='bbox 2543 5192 2716 5260; x_wconf 80' lang='lat' dir='ltr'><strong>Atque</strong></span> <span class='ocrx_word' id='word_1_885' title='bbox 2742 5196 2801 5242; x_wconf 91' lang='lat' dir='ltr'><strong>ut</strong></span> <span class='ocrx_word' id='word_1_886' title='bbox 2826 5185 3042 5242; x_wconf 87' lang='lat' dir='ltr'><strong>discatis</strong></span> <span class='ocrx_word' id='word_1_887' title='bbox 3059 5228 3074 5252; x_wconf 89' lang='lat'><strong>,</strong></span> <span class='ocrx_word' id='word_1_888' title='bbox 3111 5198 3209 5240; x_wconf 93' lang='lat' dir='ltr'><strong>nos</strong></span> <span class='ocrx_word' id='word_1_889' title='bbox 3235 5180 3470 5238; x_wconf 90' lang='lat' dir='ltr'><strong>nondum</strong></span> <span class='ocrx_word' id='word_1_890' title='bbox 3496 5181 3613 5250; x_wconf 86' lang='lat' dir='ltr'><strong>ejus</strong></span> <span class='ocrx_word' id='word_1_891' title='bbox 3640 5177 3852 5231; x_wconf 83' lang='lat' dir='ltr'><strong>furorem</strong></span> 
     </span>
    </p>
   </div>
   <div class='ocr_carea' id='block_1_116' title="bbox 2294 5269 3856 5344">
    <p class='ocr_par' dir='ltr' id='par_1_116' title="bbox 2294 5269 3856 5344">
     <span class='ocr_line' id='line_1_116' title="bbox 2294 5269 3856 5344; baseline -0.016 -5"><span class='ocrx_word' id='word_1_892' title='bbox 2294 5293 2467 5339; x_wconf 90' lang='lat' dir='ltr'><strong>totum</strong></span> <span class='ocrx_word' id='word_1_893' title='bbox 2491 5279 2944 5336; x_wconf 81' lang='lat' dir='ltr'><strong>demonstravisse</strong></span> <span class='ocrx_word' id='word_1_894' title='bbox 2968 5293 2982 5332; x_wconf 88' lang='lat'><strong>:</strong></span> <span class='ocrx_word' id='word_1_895' title='bbox 3013 5289 3172 5332; x_wconf 91' lang='lat' dir='ltr'><strong>nemo</strong></span> <span class='ocrx_word' id='word_1_896' title='bbox 3196 5275 3266 5329; x_wconf 90' lang='lat' dir='ltr'><strong>sit</strong></span> <span class='ocrx_word' id='word_1_897' title='bbox 3288 5273 3379 5344; x_wconf 87' lang='lat' dir='ltr'><strong>qui</strong></span> <span class='ocrx_word' id='word_1_898' title='bbox 3407 5271 3554 5327; x_wconf 91' lang='lat' dir='ltr'><strong>illum</strong></span> <span class='ocrx_word' id='word_1_899' title='bbox 3585 5273 3790 5323; x_wconf 89' lang='lat' dir='ltr'><strong>accuset</strong></span> <span class='ocrx_word' id='word_1_900' title='bbox 3810 5269 3856 5316; x_wconf 86' lang='lat' dir='ltr'><strong>et</strong></span> 
     </span>
    </p>
   </div>
   <div class='ocr_carea' id='block_1_117' title="bbox 2295 5356 3854 5439">
    <p class='ocr_par' dir='ltr' id='par_1_117' title="bbox 2295 5356 3854 5439">
     <span class='ocr_line' id='line_1_117' title="bbox 2295 5356 3854 5439; baseline -0.017 -8"><span class='ocrx_word' id='word_1_901' title='bbox 2295 5382 2530 5439; x_wconf 89' lang='lat' dir='ltr'><strong>terreat;</strong></span> <span class='ocrx_word' id='word_1_902' title='bbox 2560 5372 2655 5427; x_wconf 89' lang='lat' dir='ltr'><strong>sed</strong></span> <span class='ocrx_word' id='word_1_903' title='bbox 2675 5371 2802 5427; x_wconf 90' lang='lat' dir='ltr'><strong>tolle</strong></span> <span class='ocrx_word' id='word_1_904' title='bbox 2828 5367 3165 5426; x_wconf 87' lang='lat' dir='ltr'><strong>formidinem</strong></span> <span class='ocrx_word' id='word_1_905' title='bbox 3193 5368 3392 5436; x_wconf 82' lang='lat' dir='ltr'><strong>legum,</strong></span> <span class='ocrx_word' id='word_1_906' title='bbox 3416 5373 3474 5418; x_wconf 90' lang='lat' dir='ltr'><strong>et</strong></span> <span class='ocrx_word' id='word_1_907' title='bbox 3501 5360 3701 5415; x_wconf 89' lang='lat' dir='ltr'><strong>videbis</strong></span> <span class='ocrx_word' id='word_1_908' title='bbox 3727 5356 3854 5409; x_wconf 88' lang='lat' dir='ltr'><strong>illum</strong></span> 
     </span>
    </p>
   </div>
   <div class='ocr_carea' id='block_1_118' title="bbox 2297 5451 3854 5542">
    <p class='ocr_par' dir='ltr' id='par_1_118' title="bbox 2297 5451 3854 5542">
     <span class='ocr_line' id='line_1_118' title="bbox 2297 5451 3854 5542; baseline -0.021 -16"><span class='ocrx_word' id='word_1_909' title='bbox 2297 5478 2511 5542; x_wconf 87' lang='lat' dir='ltr'><strong>arrepto</strong></span> <span class='ocrx_word' id='word_1_910' title='bbox 2530 5465 2706 5538; x_wconf 90' lang='lat' dir='ltr'><strong>gladio</strong></span> <span class='ocrx_word' id='word_1_911' title='bbox 2724 5478 2910 5516; x_wconf 89' lang='lat' dir='ltr'><strong>omnes</strong></span> <span class='ocrx_word' id='word_1_912' title='bbox 2933 5459 3305 5517; x_wconf 86' lang='lat' dir='ltr'><strong>trucidantem,</strong></span> <span class='ocrx_word' id='word_1_913' title='bbox 3330 5451 3532 5510; x_wconf 90' lang='lat' dir='ltr'><strong>nemini</strong></span> <span class='ocrx_word' id='word_1_914' title='bbox 3549 5455 3854 5518; x_wconf 84' lang='lat' dir='ltr'><strong>parcentem,</strong></span> 
     </span>
    </p>
   </div>
   <div class='ocr_carea' id='block_1_119' title="bbox 2365 5591 3855 5688">
    <p class='ocr_par' dir='ltr' id='par_1_119' title="bbox 2365 5591 3855 5688">
     <span class='ocr_line' id='line_1_119' title="bbox 2365 5591 3855 5688; baseline -0.011 -21"><span class='ocrx_word' id='word_1_915' title='bbox 2365 5617 2614 5688; x_wconf 49' lang='lat' dir='ltr'><strong>{Quidam</strong></span> <span class='ocrx_word' id='word_1_916' title='bbox 2638 5613 3024 5688; x_wconf 69' lang='lat' dir='ltr'><strong>Mss.,aliivera</strong></span> <span class='ocrx_word' id='word_1_917' title='bbox 3063 5608 3531 5688; x_wconf 25' lang='lat' dir='ltr'><strong>demoniaciunihii</strong></span> <span class='ocrx_word' id='word_1_918' title='bbox 3582 5605 3711 5657; x_wconf 73' lang='lat' dir='ltr'><strong>aliud</strong></span> <span class='ocrx_word' id='word_1_919' title='bbox 3753 5591 3855 5650; x_wconf 71' lang='lat' dir='ltr'><strong>ntali</strong></span> 
     </span>
    </p>
   </div>
   <div class='ocr_carea' id='block_1_120' title="bbox 2302 5675 3478 5798">
    <p class='ocr_par' dir='ltr' id='par_1_120' title="bbox 2302 5675 3478 5798">
     <span class='ocr_line' id='line_1_120' title="bbox 2302 5675 3478 5749; baseline -0.009 -18"><span class='ocrx_word' id='word_1_920' title='bbox 2302 5675 2505 5749; x_wconf 61' lang='lat' dir='ltr'><strong>faciunt,</strong></span> <span class='ocrx_word' id='word_1_921' title='bbox 2530 5692 2679 5748; x_wconf 64' lang='lat' dir='ltr'><strong>quam</strong></span> <span class='ocrx_word' id='word_1_922' title='bbox 2703 5675 2831 5742; x_wconf 81' lang='lat' dir='ltr'><strong>quod</strong></span> <span class='ocrx_word' id='word_1_923' title='bbox 2855 5675 3074 5728; x_wconf 79' lang='lat' dir='ltr'><strong>morbum</strong></span> <span class='ocrx_word' id='word_1_924' title='bbox 3095 5675 3144 5725; x_wconf 85' lang='lat' dir='ltr'><strong>in</strong></span> <span class='ocrx_word' id='word_1_925' title='bbox 3165 5687 3216 5726; x_wconf 83' lang='lat' dir='ltr'><strong>se</strong></span> <span class='ocrx_word' id='word_1_926' title='bbox 3240 5675 3478 5725; x_wconf 81' lang='lat' dir='ltr'><strong>retineant</strong></span> 
     </span>
     <span class='ocr_line' id='line_1_121' title="bbox 2367 5744 2727 5798; baseline -0.017 -3"><span class='ocrx_word' id='word_1_927' title='bbox 2367 5744 2386 5774; x_wconf 83' lang='grc'><strong><em>⁸</em></strong></span> <span class='ocrx_word' id='word_1_928' title='bbox 2409 5744 2528 5798; x_wconf 79' lang='lat' dir='ltr'><strong>Aln,</strong></span> <span class='ocrx_word' id='word_1_929' title='bbox 2551 5753 2727 5793; x_wconf 77' lang='lat' dir='ltr'><strong>omnia.</strong></span> 
     </span>
    </p>
   </div>
  </div>
