4080 6138
317 206 387 259 τιΞὶ
394 211 423 262 7

320 335 425 373 non
456 319 628 372 amico
653 360 667 383 ,
698 335 803 374 non
835 331 1090 391 cognato,
1128 338 1232 376 non
1263 325 1409 377 l'ratri
1429 367 1444 389 ,
1478 340 1582 379 tton
1613 328 1767 395 patri.
1801 325 1911 381 imo

318 425 449 464 vero
486 428 593 465 non
629 429 762 480 opus
790 422 873 468 est
913 414 1065 469 nobis
1097 414 1181 469 illa
1222 415 1543 486 hypotbesi;
1575 418 1912 473 sciscitcmur

314 502 384 553 ab
412 517 499 568 eo,
526 518 704 555 annon
735 503 822 557 ille
845 504 1143 573 lmjusmodi
1170 521 1257 560 res
1283 508 1333 560 in
1355 507 1677 576 cogitatione
1700 518 1907 574 verset,

314 609 493 648 annua
522 610 711 649 ontnes
739 596 917 650 animo
953 597 1199 662 invadat,
1224 614 1400 653 annon
1429 600 1655 654 trucidet
1683 602 1906 667 amicos,

312 702 572 758 cognatos
595 700 647 744 et
677 693 1065 761 progenitores.
1092 693 1202 747 lmo
1225 710 1351 749 vero
1379 695 1519 750 nulla
1547 695 1905 766 interrogandi

315 781 631 847 necessitas,
658 795 779 836 cum
812 797 969 838 nemo
996 785 1200 839 nesciat
1228 799 1322 839 eos
1345 826 1360 850 ,
1389 786 1480 855 qtti
1520 786 1622 840 hoc
1655 796 1908 843 tenentur

312 870 523 934 morbo,
554 881 881 927 senectutem
910 874 1072 942 patris
1094 875 1173 929 sui
1195 891 1337 945 :rgre
1366 876 1524 941 ferre,
1549 885 1603 932 et
1622 877 1763 947 quod
1791 879 1908 933 aliis

312 961 470 1016 dulce
495 962 832 1032 eptahileque
860 975 961 1029 est,
988 983 1177 1035 nempe
1206 967 1342 1022 ﬁlios
1369 969 1587 1035 habere,
1618 980 1903 1026 onero‘smn

312 1052 642 1107 existimare.
674 1053 819 1108 Multi
850 1056 991 1109 enim
1034 1056 1132 1111 hac
1166 1058 1233 1112 de
1275 1074 1432 1112 causa
1464 1062 1747 1115 orbitatem
1779 1072 1903 1116 sunt

310 1142 514 1210 adepti,
552 1155 900 1214 naturamque
929 1148 1162 1202 sterilem
1196 1150 1580 1215 reddiderunt,
1612 1168 1715 1205 non
1746 1154 1905 1207 modo

311 1245 468 1290 natos
504 1237 806 1292 occidentes
830 1280 844 1303 ,
878 1239 969 1291 sed
998 1240 1154 1293 etiam
1189 1256 1255 1295 ne
1292 1253 1637 1296 nascerentur
1662 1244 1902 1299 cl'licien-

315 1340 418 1382 tes.
448 1328 523 1383 Ne
551 1330 814 1384 miremini
845 1332 1020 1400 itaque
1040 1374 1053 1393 ,
1086 1334 1128 1385 si
1156 1331 1371 1387 avarum
1403 1336 1489 1389 illa
1522 1336 1691 1391 forma
1718 1337 1903 1407 depin-

306 1421 548 1475 xerimns
580 1438 593 1477 :
625 1437 744 1474 nam
789 1423 942 1491 longe
979 1423 1151 1476 adlutc
1178 1425 1409 1479 deterior
1438 1435 1516 1479 est
1536 1466 1552 1492 ,
1584 1442 1741 1496 quam
1770 1429 1902 1482 dixi-

306 1527 448 1565 mus.
490 1511 594 1567 Sed
632 1513 903 1567 videamus
945 1531 1049 1583 quo
1091 1526 1245 1584 parto
1273 1532 1393 1570 cunt
1434 1519 1501 1571 ab
1530 1519 1629 1572 hoc
1658 1519 1903 1576 d.etuone

306 1602 538 1658 liberare
568 1604 877 1672 poterimus.
918 1606 1194 1672 Quomodo
1227 1608 1358 1661 liber
1383 1608 1529 1661 erit?
1565 1609 1618 1663 Si
1650 1609 1792 1663 clare
1820 1611 1901 1665 di-

303 1694 495 1749 dicerit
530 1697 807 1750 avaritiam
841 1698 920 1751 vel
963 1696 1029 1751 ad
1063 1698 1314 1766 pecunias
1343 1699 1728 1767 comparandas
1765 1715 1898 1755 con-

306 1787 523 1839 trariam
564 1801 685 1840 esse
713 1803 726 1840 :
762 1803 881 1841 nam
912 1788 999 1857 qui
1033 1803 1189 1856 parva
1222 1788 1412 1842 lucrari
1442 1790 1624 1844 volunt
1645 1832 1660 1854 ,
1690 1807 1901 1861 semper

305 1894 493 1947 magna
527 1881 798 1947 patiuntur
820 1880 1012 1934 damna
1035 1899 1048 1935 :
1070 1881 1119 1935 id
1142 1881 1280 1952 quod
1303 1885 1460 1936 etiam
1484 1884 1534 1937 in
1562 1886 1896 1952 proverbittm

308 1986 521 2024 versum
563 1982 664 2024 est.
699 1971 841 2025 Multi
874 1983 1018 2028 certe
1044 1988 1165 2028 cum
1203 1984 1441 2027 mutuum
1474 1991 1664 2045 magno
1696 1977 1898 2034 [tenore

300 2061 512 2127 darent,
542 2078 645 2115 non
669 2063 957 2131 cXploratis
982 2064 1290 2132 accipientis
1317 2064 1673 2131 facultatibus,
1694 2079 1894 2123 sortem

303 2151 471 2219 ipsam
496 2167 615 2222 eum
644 2154 817 2207 usuris
838 2154 1153 2207 amiserunt.
1175 2153 1405 2207 Rursum
1428 2156 1514 2208 alii
1545 2158 1594 2209 in
1622 2159 1891 2226 periculis,

300 2257 423 2296 cum
456 2244 652 2297 nollent
686 2259 846 2314 pauca
878 2245 1138 2314 proferre,
1164 2246 1326 2299 vitam
1352 2262 1470 2299 cum
1500 2249 1690 2317 opilms
1716 2251 1894 2317 perdi-

298 2334 521 2389 derunt.
555 2335 685 2390 Item
715 2336 805 2389 alii
836 2352 955 2390 cum
986 2337 1271 2406 dignitates
1297 2339 1633 2407 pecuniarias
1653 2382 1666 2403 ,
1699 2341 1780 2393 vel
1814 2342 1892 2396 si-

303 2425 448 2480 milia
477 2427 697 2495 adipisci
732 2436 946 2496 possent
970 2469 983 2491 ,
1014 2443 1135 2481 cum
1166 2430 1506 2496 parcimonize
1535 2431 1691 2486 nimis
1712 2433 1894 2487 stude-

297 2525 441 2581 rent,
461 2534 487 2569 a
509 2527 618 2571 toto
637 2518 966 2572 exridcrunt.
989 2518 1248 2585 Quoniam
1267 2521 1406 2572 enim
1425 2535 1607 2574 serere
1625 2522 1888 2589 nesciunt,

294 2608 391 2663 sed
425 2619 622 2663 metere
649 2620 850 2662 tantmn
880 2611 1127 2675 student,
1157 2625 1185 2661 a
1214 2626 1389 2665 messe
1418 2610 1721 2681 frequenter
1749 2616 1893 2670 exci-

1282 210 1343 264 IN
1386 208 1788 269 MAT'l'IIAiU.“
1832 214 2059 270 HOMIL.
2104 215 2296 272 XXIX.
2338 220 2407 272 al.
2455 220 2617 276 XXX.

3513 240 3615 296 358

2022 329 2172 383 dunt.
2208 331 2375 387 Nemo
2413 335 2554 389 enim
2598 352 2807 408 semper
2841 352 3043 401 metere
3075 359 3250 416 potest
3280 392 3292 416 ,
3340 353 3477 409 sicut
3517 373 3617 412 nec

2021 434 2234 490 semper
2281 424 2494 480 lucrari.
2536 428 2668 495 Quia
2719 432 2877 501 igitur
2921 435 3229 506 impendere
3275 444 3477 510 uolunt,
3514 464 3614 504 nec

2027 512 2218 566 lucrari
2247 516 2455 581 sciunt,
2493 519 2585 573 sed
2614 531 2666 575 et
2693 523 2736 576 si
2765 539 2985 580 uxorem
3015 528 3214 586 ducere
3243 546 3487 602 eportcat
3511 580 3525 603 ,
3560 540 3613 595 in

2023 602 2164 656 idem
2198 603 2435 660 incidunt
2472 607 2724 665 damnum
2745 654 2760 678 ,
2790 613 2918 669 dum
2948 616 3028 671 vel
3068 621 3279 688 inopem
3323 642 3418 691 pro
3449 628 3615 685 divite

2019 692 2239 759 ducunt,
2272 696 2353 749 vel
2381 698 2422 749 si
2450 697 2671 755 divitem
2702 705 2986 774 accipiant,
3010 719 3064 763 et
3090 711 3177 764 illa
3207 714 3354 768 mille
3376 717 3516 772 vitiis
3544 721 3614 777 si:

2018 784 2241 850 affecta,
2278 788 2327 840 in
2371 791 2541 859 majus
2583 794 2822 850 incidunt
2866 798 3265 859 detrimentum.
3307 808 3422 863 Non
3466 814 3610 870 enim

2017 877 2309 946 opulentia,
2339 881 2432 935 sed
2465 878 2631 939 virtits
2655 885 2865 942 divitias
2898 892 3051 959 parit.
3082 894 3212 949 Nam
3240 914 3357 967 quae
3381 917 3443 954 ex
3473 901 3616 957 dixi-

2019 969 2104 1022 tiis
2126 970 2343 1033 utilitas,
2380 974 2422 1027 si
2448 975 2531 1028 illa
2558 977 2773 1048 prodiga
2800 980 2867 1034 sit
2888 991 2942 1037 et
2962 995 3293 1056 suntptttosa,
3313 998 3365 1046 et
3388 994 3430 1047 si
3456 997 3607 1065 quasi
3694 1030 3703 1039 ι

2018 1072 2207 1116 ventus
2234 1065 2411 1118 omnia
2442 1066 2709 1138 dissipet?
2738 1073 2862 1141 quid
2891 1074 2934 1128 si
2958 1075 3151 1132 lasciva
3179 1081 3267 1145 sit,
3295 1098 3356 1137 ac
3385 1100 3612 1142 sexcen-

2016 1163 2099 1208 tos
2128 1168 2394 1212 amatores
2431 1163 2702 1217 attrahat?
2728 1166 2853 1235 quid
2883 1168 2926 1221 si
2969 1169 3222 1226 ebriosa?
3257 1189 3434 1232 annon
3460 1179 3609 1237 brevi

2013 1248 2292 1318 conjugem
2334 1266 2486 1306 suum
2525 1254 2589 1308 ad
2638 1256 2870 1326 inopiam
2912 1260 3153 1332 rediget?
3193 1266 3306 1321 Non
3346 1270 3395 1323 in
3436 1288 3608 1332 uxore

2012 1338 2250 1395 ducenda
2280 1351 2501 1410 tantum,
2532 1346 2624 1401 sed
2646 1349 2805 1403 etiam
2839 1350 2890 1404 in
2915 1355 3143 1411 emendo
3177 1357 3447 1427 falluntur,
3475 1362 3601 1419 dum

2011 1446 2212 1497 servos,
2246 1450 2349 1487 non
2381 1437 2574 1504 probos
2600 1454 2661 1493 ac
2688 1450 2935 1497 strenuos
2957 1485 2970 1505 ,
3000 1446 3093 1500 sed
3126 1463 3220 1503 eos
3243 1452 3331 1515 qui
3358 1454 3448 1506 vili
3483 1471 3602 1523 pre-

2011 1523 2086 1577 tio
2112 1523 2325 1582 dantur.
2358 1539 2687 1583 cmnuarant.
2734 1532 2855 1587 llaec
2895 1535 3070 1598 itaque
3094 1543 3271 1594 omnia
3301 1546 3598 1602 ριιαιίιειιιιιεε

2012 1614 2271 1683 (nondum
2309 1619 2450 1671 enim
2489 1620 2557 1673 de
2584 1623 2825 1689 gehenua
2853 1634 2905 1678 et
2934 1626 3003 1681 de
3037 1644 3203 1698 regno
3231 1631 3389 1687 verba
3417 1638 3604 1693 audire

2007 1705 2317 1774 potuistis),
2347 1720 2401 1761 et
2428 1708 2743 1767 detrimenta
2776 1715 2825 1768 in
2855 1726 3086 1772 mentem
3118 1734 3459 1787 revocantes,
3483 1744 3603 1797 qua:

2004 1808 2148 1865 saepe
2187 1796 2255 1851 ab
2302 1801 2520 1855 avaritia
2566 1806 2706 1873 passi
2746 1808 2908 1872 estis,
2961 1810 3010 1863 in
3059 1810 3387 1884 fmrnoribus,
3422 1821 3502 1874 vel
3548 1822 3600 1876 in

2004 1889 2253 1954 emendo,
2280 1893 2357 1945 vel
2389 1894 2438 1946 in
2465 1895 2703 1951 ducemla
2725 1915 2906 1963 uxore,
2942 1903 2991 1955 in
3026 1909 3357 1975 patrociniis,
3380 1912 3429 1965 in
3456 1914 3602 1967 aliis-

2002 1993 2106 2047 que
2157 1982 2438 2048 omnibus,
2481 1988 2548 2041 ab
2587 2004 2770 2044 amore
2799 1996 3142 2060 pecuniarum
3190 2000 3480 2059 abscedite.
3509 2006 3602 2061 Sic

2002 2070 2142 2122 enim
2170 2074 2409 2139 poteritis
2433 2085 2487 2130 et
2510 2092 2825 2147 przescntem
2854 2085 3013 2139 vitam
3044 2096 3156 2142 tuto
3185 2094 3475 2163 transigere
3498 2138 3513 2162 ,
3543 2109 3601 2155 et

2004 2162 2277 2229 paululum
2308 2168 2448 2220 aucti
2482 2184 2759 2226 sermones
2787 2175 2854 2228 de
2884 2176 3216 2247 philosophia
3253 2185 3439 2241 audire
3462 2228 3476 2252 ,
3516 2198 3598 2243 at-

2001 2268 2104 2322 que
2130 2256 2334 2311 acutius
2364 2259 2626 2325 videntes,
2662 2264 2830 2332 ipsum
2858 2268 3076 2335 jttstitize
3106 2274 3273 2329 solem
3304 2280 3594 2349 respicere,

2003 2348 2370 2418 promissaque
2388 2352 2503 2420 ejus
2524 2359 2776 2426 consequi
2803 2376 2814 2411 :
2839 2376 3064 2429 quorum
3089 2362 3291 2422 utinam
3312 2384 3592 2432 consorti-8

2000 2439 2166 2494 simus
2191 2456 2399 2509 omnes,
2422 2448 2590 2515 gratia
2616 2458 2670 2503 et
2690 2450 3012 2520 benignitate
3038 2457 3246 2515 Domini
3274 2467 3440 2520 nostri
3463 2466 3590 2524 Jesn

1998 2529 2218 2597 Christi,
2238 2533 2323 2587 cui
2346 2535 2514 2606 gloria
2540 2549 2593 2594 ct
2622 2539 2926 2611 imperium,
2953 2547 3003 2601 in
3031 2551 3224 2607 sarcula
3249 2555 3586 2613 swculorum.

2000 2621 2193 2677 Amen.

1434 2804 1781 2869 HOMILIA
1825 2810 2069 2873 XXIX.
2117 2816 2203 2876 al.
2253 2817 2463 2879 XXX.
3526 2874 3529 2877 ι

293 2922 419 2977 Car.
452 2923 503 2979 9.
529 2939 578 2977 v.
616 2924 665 2978 1.
713 2923 777 2977 Et
807 2925 1086 2978 ascendens
1111 2923 1263 2978 Jrsns
1292 2925 1344 2978 in
1383 2926 1687 2994 naviculam,
1718 2938 1879 2984 trans-

363 3017 563 3085 ﬂ‘etavit
583 3059 598 3082 ,
630 3028 675 3070 et
702 3018 829 3072 venit
859 3019 909 3071 in
935 3018 1181 3071 civitatem
1212 3036 1375 3071 Situm.
1397 3018 1454 3073 2.
1483 3020 1549 3073 Et
1574 3038 1686 3076 ecce
1707 3022 1885 3089 offrre-

361 3109 483 3163 bant
512 3113 559 3164 ei
574 3110 907 3181 paralyticum
935 3112 984 3165 in
1013 3111 1138 3165 lecto
1160 3114 1432 3179 jaceulem.
1456 3112 1522 3165 Et
1546 3115 1717 3168 ridens
1734 3117 1886 3171 Jesus

361 3200 516 3267 ﬁdem
545 3202 768 3263 illm-nm,
799 3201 924 3253 dixit
954 3202 1235 3271 paralytico
1258 3217 1277 3255 :
1308 3201 1537 3270 Conﬁde,
1565 3204 1642 3273 [ili
1662 3243 1677 3270 ,
1708 3207 1880 3259 remit-

361 3299 536 3342 tuntur
565 3291 653 3343 tibi
682 3300 888 3357 peccata
917 3298 1021 3343 tua.

359 3423 406 3476 1.
448 3421 725 3491 Paralgtici
756 3422 856 3473 duo
880 3422 930 3475 in
962 3420 1272 3491 Euangelus.
1309 3420 1474 3477 Filius
1499 3424 1741 3493 (aqualem
1777 3426 1882 3481 Pa-

290 3515 356 3566 tri
385 3530 437 3565 se
464 3513 794 3565 demonstrat.
817 3542 889 3552 -—
916 3513 1194 3566 Civitatem
1227 3529 1377 3566 suam
1421 3513 1507 3567 hic
1540 3515 1875 3583 Capernaum

284 3603 517 3671 appellat
549 3620 561 3653 :
593 3619 711 3655 nam
752 3619 871 3671 qua:
907 3603 1023 3655 tulit
1060 3603 1229 3670 ipsum
1261 3603 1568 3659 Belblcbem
1597 3605 1730 3671 fuit;
1761 3623 1879 3677 qua:

277 3695 553 3759 educavit,
574 3693 820 3760 Nazarel;
841 3712 960 3765 qua:
980 3697 1072 3752 ditt
1095 3700 1485 3759 inbahitantem
1503 3708 1517 3736 ¹
1536 3705 1746 3766 habuit,
1766 3704 1865 3757 Ca-

284 3797 542 3852 pernaum
605 3781 931 3853 Paralyticns
958 3793 1135 3839 autem
1176 3786 1260 3838 hic
1284 3785 1418 3838 alius
1447 3795 1528 3840 est
1559 3787 1625 3839 ab
1650 3804 1715 3843 eo
1740 3829 1757 3854 ,
1785 3792 1875 3859 qui

286 3883 616 3927 memoratur
641 3888 669 3926 a
694 3873 922 3929 Joanne.
955 3872 1049 3928 Ille
1074 3875 1271 3944 quippe
1309 3876 1359 3929 in
1393 3877 1589 3944 piscina
1616 3878 1826 3946 jacebat
1855 3898 1871 3948 ;

284 3962 372 4017 hic
395 3973 566 4017 autem
597 3964 646 4017 in
675 3964 1010 4033 Capernaum
1042 3983 1056 4017 :
1088 3974 1143 4019 et
1170 3967 1257 4020 ille
1277 3967 1488 4035 quidem
1520 3970 1728 4039 triginta
1756 3981 1874 4027 octo

282 4054 438 4107 annis
469 4054 789 4124 paralyticns
828 4054 961 4119 fuit;
992 4056 1059 4110 de
1091 4055 1192 4109 hoc
1236 4073 1363 4111 vero
1403 4058 1527 4111 nihil
1569 4060 1746 4115 simile
1786 4062 1870 4116 di-

280 4154 425 4196 ctum
446 4154 527 4198 est
551 4162 566 4198 :
597 4146 683 4199 illc
702 4146 874 4200 nullos
898 4146 1145 4211 habebat,
1166 4148 1255 4216 qui
1280 4149 1359 4201 sui
1382 4166 1563 4203 curam
1586 4162 1868 4221 gererent;

281 4237 369 4290 hic
404 4246 587 4291 contra
631 4237 811 4292 habuit
847 4240 936 4308 qui
983 4252 1042 4292 se
1082 4238 1146 4292 ad
1189 4239 1371 4294 Jesutu
1417 4242 1704 4299 deferrent.
1740 4245 1871 4301 Huic

279 4342 441 4396 porro
464 4329 595 4383 dixit
624 4345 639 4385 :
684 4329 823 4394 Fili,
849 4331 1172 4384 remittuntur
1206 4331 1294 4385 tibi
1331 4345 1571 4402 peccata;
1601 4336 1673 4388 illi
1705 4352 1830 4391 vero
1849 4379 1865 4406 ,

289 4416 377 4471 Vis
403 4434 556 4472 sanus
585 4437 690 4474 esse
715 4420 893 4489 (Joan.
922 4422 974 4475 5.
1002 4421 1106 4492 6)?
1135 4421 1283 4476 Illum
1318 4425 1368 4477 in
1392 4424 1614 4480 sabbato
1640 4429 1865 4497 curavit,

277 4506 420 4561 hunc
447 4525 551 4561 non
576 4509 627 4563 in
656 4510 914 4576 sabbato;
942 4513 1173 4582 alioquin
1205 4524 1381 4568 autem
1409 4516 1552 4569 illum
1590 4517 1689 4571 hac
1717 4519 1781 4573 de
1808 4537 1867 4576 re

273 4597 443 4653 Judaei
471 4612 849 4666 30011385501“,
874 4604 962 4671 qui
992 4603 1076 4658 hic
1104 4613 1301 4668 tacent,
1330 4607 1438 4661 illic
1465 4624 1591 4662 vero
1620 4611 1819 4665 instant
1845 4653 1861 4679 ,

273 4691 558 4759 ipsumque
608 4706 1015 4762 persequuntur.
1060 4695 1183 4751 Ihec
1228 4714 1329 4753 non
1374 4699 1490 4755 sine
1527 4717 1683 4756 causa
1725 4704 1863 4760 dicta

270 4792 400 4835 sunt
427 4796 455 4833 a
485 4796 570 4834 me
594 4796 609 4843 ;
636 4782 729 4835 sed
756 4798 821 4837 ue
843 4784 962 4852 quis
984 4802 1143 4839 unum
1172 4788 1524 4859 emndemque
1548 4808 1670 4847 esse
1691 4796 1864 4863 suspi-

269 4888 401 4928 cans
428 4873 775 4943 paralytieum
802 4915 816 4939 ,
848 4876 1229 4931 dissonantium
1262 4879 1347 4934 hic
1372 4896 1492 4936 esse
1524 4893 1750 4950 putaret.
1783 4886 1859 4940 Tu

270 4981 401 5019 vero
431 4964 731 5034 perpendas
752 4981 908 5035 quam
944 4968 1234 5034 modestus,
1264 4987 1422 5039 quam
1452 4986 1762 5031 mansuetus
1791 4980 1858 5032 sit

271 5056 549 5110 Dominus.
588 5055 716 5109 Nam
749 5068 802 5109 et
830 5068 982 5111 antea
1013 5061 1195 5114 turbas
1218 5074 1488 5117 amoverat
1509 5077 1596 5129 ,et
1624 5082 1653 5121 a
1683 5067 1858 5122 Gada-

268 5147 415 5201 renis
438 5162 621 5217 pUtSIiS
643 5163 747 5201 non
769 5148 993 5208 obstitit.
1023 5152 1115 5204 Sed
1139 5155 1379 5220 secessit,
1403 5156 1499 5209 etsi
1522 5174 1623 5212 non
1651 5162 1853 5229 procul.

266 5241 605 5311 Rursumque
624 5282 639 5305 ,
668 5257 786 5295 cum
816 5243 1145 5298 ascendisset
1174 5245 1225 5298 in
1260 5250 1553 5303 nthculam
1572 5294 1585 5315 ,
1611 5255 1852 5321 trajecit,

265 5346 389 5383 cmn
422 5340 599 5399 posset
624 5329 786 5401 pedes
818 5333 1061 5387 transire.
1091 5333 1273 5404 Neque
1292 5337 1433 5391 enim
1460 5352 1673 5409 semper
1702 5344 1855 5398 mira-

265 5420 393 5476 bilia
434 5431 643 5490 patrare
682 5424 931 5489 volebat,
979 5441 1044 5479 ne
1088 5428 1401 5481 teconomiaa
1442 5444 1549 5482 sua:
1592 5434 1852 5490 rationem

268 5512 630 5569 labefactaret.
662 5515 938 5571 Multitqu
967 5517 1124 5587 igitur
1147 5519 1239 5586 ait,
1263 5518 1551 5575 Attulerunt
1577 5540 1689 5579 eum
1716 5542 1735 5581 :
1762 5529 1851 5584 alii

355 5648 478 5700 'Alii
508 5650 870 5719 inlucbitantem,
891 5655 1002 5709 sine
1029 5656 1134 5708 diu.

1994 2950 2124 2990 vero
2164 2937 2347 2994 dicunt
2388 2958 2587 3013 aegrum
2629 2962 2722 3015 per
2761 2948 3027 3022 diruptam
3059 2964 3253 3013 tectum
3292 2944 3582 3021 demissum

1992 3025 2155 3083 fuisse
2182 3040 2234 3084 et
2262 3042 2385 3086 ante
2408 3034 2677 3091 Christum
2710 3042 2960 3109 positum,
2993 3045 3123 3101 nihil
3150 3050 3449 3109 dicentibus
3477 3057 3582 3113 ills

1993 3119 2080 3183 qui
2124 3121 2452 3191 attulerant,
2486 3127 2578 3181 sed
2618 3138 2783 3184 totum
2829 3133 2925 3201 ipsi
2958 3139 3406 3204 permittentilms.
3449 3147 3580 3201 Nam

1990 3208 2139 3262 initio
2160 3211 2371 3279 quidem
2397 3216 2485 3270 ille
2507 3218 2786 3284 circuibat,
2812 3239 2985 3293 neque
3005 3235 3203 3283 tantam
3231 3233 3298 3285 ab
3323 3236 3582 3290 acceden-

1991 3299 2129 3353 tihus
2159 3306 2457 3370 postulabat
2486 3309 2643 3365 iidem
2672 3330 2685 3367 :
2719 3313 2804 3370 hie
2832 3327 3007 3371 autem
3036 3332 3089 3374 et
3112 3338 3449 3382 accesserunt
3476 3370 3492 3395 ,
3523 3342 3580 3386 ct

1989 3390 2120 3444 lides
2150 3392 2215 3446 ab
2238 3393 2365 3463 ipsis
2392 3400 2642 3468 requisita
2668 3417 2781 3469 est;
2810 3421 2929 3461 nam
2962 3410 3054 3474 ait,
3073 3411 3258 3468 Videas
3280 3418 3431 3482 [idem
3462 3390 3578 3474 illo-

1985 3498 2121 3549 rum,
2152 3484 2203 3537 id
2229 3494 2343 3552 est,
2373 3504 2559 3545 eorum
2588 3494 2675 3563 qui
2710 3496 3034 3556 demiserunt
3065 3508 3435 3577 paralyticum.
3467 3513 3577 3569 Ne-

1984 3590 2089 3642 que
2119 3578 2260 3632 enim
2294 3581 2486 3651 ubique
2513 3600 2833 3654 a‘grotortun
2866 3595 3088 3664 requirit
3121 3598 3279 3654 fidem
3308 3644 3322 3666 ,
3361 3616 3414 3657 ut
3450 3622 3572 3662 cum

1983 3665 2289 3735 desipiunt,
2327 3670 2411 3725 vel
2450 3674 2554 3729 alio
2592 3679 2750 3733 modo
2777 3690 2952 3737 mente
2979 3688 3117 3757 capti
3148 3702 3289 3747 sunt.
3326 3695 3418 3749 llic
3447 3713 3573 3752 vero

1982 3756 2166 3823 a-groti
2196 3757 2326 3814 ﬁdes
2347 3773 2463 3816 erat
2489 3782 2673 3835 magna
2697 3786 2710 3833 ;
2734 3772 2970 3842 alioquin
2998 3756 3140 3833 enim
3174 3797 3276 3836 ron
3307 3785 3374 3839 ita
3397 3802 3455 3841 se
3482 3790 3574 3844 dc-

1986 3849 2122 3900 mitti
2166 3852 2516 3919 permisisset.
2560 3859 2822 3925 Quoniam
2866 3864 3024 3935 igitur
3053 3879 3250 3925 lautam
3282 3878 3573 3936 exhibuere

1981 3935 2159 4003 fidem,
2187 3942 2404 3997 exhibet
2425 3955 2477 3999 et
2504 3947 2616 4016 ipse
2640 3954 2927 4019 potentiam
2957 3971 3128 4027 suam,
3151 3978 3271 4016 cum
3298 3970 3442 4021 omni
3473 3986 3566 4039 po.

1980 4037 2170 4084 testate
2196 4047 2409 4099 peccata
2433 4040 2665 4104 solvens,
2697 4058 2758 4097 ac
2787 4060 2880 4113 per
2908 4050 3083 4103 omnia
3112 4037 3486 4114 demonstrans
3510 4077 3570 4117 se

1978 4118 2121 4175 Patri
2154 4126 2412 4193 {equalcm
2440 4145 2578 4183 esse.
2611 4132 2708 4187 llic
2736 4151 2861 4188 vero
2893 4142 3160 4208 perpende
3190 4161 3205 4199 :
3237 4150 3482 4216 superius
3514 4154 3565 4208 id

1976 4213 2285 4267 ostendebat
2319 4217 2405 4272 ille
2431 4260 2443 4281 ,
2483 4236 2604 4274 cum
2642 4223 2869 4280 docebat
2902 4245 2995 4285 eos
3033 4213 3558 4307 tantqttattrpotesta-

1977 4313 2082 4357 tem
2116 4305 2348 4371 habens;
2382 4326 2476 4380 per
2503 4314 2796 4383 leprosum,
2822 4336 2943 4375 cum
2974 4322 3129 4391 dixit,
3172 4326 3295 4381 Volo
3319 4335 3569 4389 mundare

1976 4394 2188 4463 (.llau/z.
2223 4398 2275 4453 8.
2311 4401 2418 4471 5);
2456 4418 2549 4472 per
2591 4410 2957 4466 centurionem
2984 4454 2997 4479 ,
3038 4431 3157 4471 cum
3196 4420 3405 4480 dicente
3438 4427 3562 4493 illo,

1976 4486 2191 4542 Tantum
2218 4492 2298 4545 dic
2328 4494 2492 4560 mbo,
2522 4508 2566 4551 et
2592 4502 2854 4556 sanabitur
2882 4522 3006 4575 puer
3035 4527 3173 4565 meus
3205 4511 3361 4575 (Ibid.
3386 4533 3431 4572 υ.
3463 4520 3558 4591 8),

1973 4578 2192 4635 miratus
2219 4592 2318 4645 est,
2344 4585 2621 4656 ipsumque
2646 4592 2764 4661 plus
2795 4612 2951 4663 quam
2982 4615 3168 4657 omnes
3198 4604 3439 4664 laudibus
3465 4628 3552 4667 cx-

1973 4671 2122 4736 tulit;
2166 4688 2260 4742 per
2299 4692 2445 4732 mare
2472 4722 2486 4746 ,
2517 4697 2636 4735 cum
2668 4684 2838 4752 ipsum
2865 4691 3028 4745 verbo
3061 4703 3262 4750 tantum
3290 4700 3515 4757 frenavit
3545 4725 3559 4770 ;

1971 4778 2066 4831 per
2094 4764 2401 4836 dzcmonas,
2434 4775 2648 4842 quando
2688 4777 2858 4846 ipsum
2894 4781 3127 4848 judicem
3168 4802 3289 4843 esse
3327 4796 3561 4850 cantite-

1971 4855 2198 4924 bantur,
2237 4871 2290 4916 et
2334 4879 2456 4919 cum
2495 4878 2757 4935 potestate
2804 4890 2993 4944 magna
3042 4879 3188 4947 ipsos
3231 4884 3410 4953 eiecit.
3458 4889 3555 4948 ilic

1967 4961 2176 5002 rursum
2208 4952 2395 5020 maiori
2422 4957 2580 5008 modo
2609 4960 2849 5015 inimicos
2877 4980 3004 5021 suos
3027 4971 3381 5038 atqualitatem
3412 4979 3553 5037 illaut

1966 5038 2207 5094 confiteri
2245 5044 2424 5112 cogit,
2457 5054 2512 5099 et
2540 5063 2636 5116 per
2665 5051 2898 5119 ipsorum
2930 5059 3089 5113 verba
3124 5063 3173 5117 in
3205 5071 3551 5137 conspicuum

1964 5132 2156 5185 reddit.
2199 5133 2315 5202 Ipse
2354 5152 2581 5207 namque
2620 5156 2677 5194 se
2716 5144 2783 5197 ab
2816 5150 3109 5209 ambitione
3147 5157 3378 5215 alienum
3404 5177 3552 5217 com—

1963 5230 2270 5276 monstrans
2303 5225 2446 5294 (nam
2478 5245 2725 5299 maguum
2769 5243 3123 5303 Spectantimu
3162 5249 3429 5303 theatrum
3457 5252 3551 5303 ad-

1962 5314 2200 5381 erat,qui
2231 5314 2469 5384 ingressu
2497 5323 2770 5389 arcebant,
2805 5326 2926 5382 ideo
2945 5334 3291 5405 paralyticum
3320 5353 3552 5406 superne

1960 5401 2291 5459 demiserunt
2321 5407 2360 5480 ),
2392 5426 2497 5466 non
2538 5416 2715 5469 statim
2754 5419 2819 5472 ad
2864 5437 3058 5491 corpus
3095 5401 3237 5495 quod
3273 5401 3552 5486 vide-batur

1961 5495 2256 5550 curandum
2290 5513 2347 5552 se
2373 5503 2618 5568 contulit,
2652 5506 2745 5562 sed
2774 5510 2843 5564 ab
2873 5511 2979 5565 illis
3002 5516 3285 5575 occasione
3313 5534 3548 5588 Sltlttpta,

1959 5585 2100 5653 quod
2132 5601 2239 5639 non
2270 5592 2557 5658 apparebat
2582 5596 2808 5665 primum
2835 5602 3058 5667 curavit,
3076 5619 3267 5674 nempe
3290 5608 3544 5673 animam.

1959 5692 2079 5732 cum
2105 5689 2315 5749 peccata
2340 5682 2539 5739 dituisit
2560 5701 2575 5741 ;
2600 5686 2650 5741 id
2679 5689 2819 5758 quod
2847 5692 3139 5762 paralytico
3165 5699 3385 5754 salutem
3412 5717 3554 5772 pine-
