4080 6138
508 266 614 324 559

510 385 689 443 hehat,
720 370 818 444 Ipsi
842 379 970 420 vero
999 375 1104 417 non
1128 355 1352 412 multum
1375 346 1556 420 gloria:
1581 337 1720 411 apud
1749 337 1866 391 illos
1891 329 2084 386 attulit.

511 475 589 526 Ilii
615 470 759 524 enim
787 479 815 517 a
847 455 1078 529 nequitia
1106 464 1201 506 sua
1239 440 1523 514 exagitati,
1559 449 1680 490 cum
1712 429 1908 484 vellent
1938 437 2090 476 occa-

511 568 693 620 siones
731 545 1084 612 tnaledicendi
1108 551 1350 610 qruerere
1369 576 1384 600 ,
1412 529 1544 586 illud
1581 521 1730 580 inviti
1757 518 2049 575 effecerunt
2075 551 2096 577 ,

516 667 574 710 ut
603 667 690 708 res
719 647 916 703 clarior
944 637 1214 697 evaderet.
1241 629 1415 697 Sagax
1442 620 1585 677 enim
1612 629 1733 670 cum
1761 617 1925 670 esset,
1955 607 2096 674 ipso-

515 764 633 804 rum
678 740 874 798 invidia
906 744 988 791 est
1029 743 1157 786 usus
1193 724 1259 779 ad
1290 721 1496 789 signum
1529 705 1930 768 celebrandum.
1958 701 2099 766 Quo-

519 841 660 894 niam
690 836 845 905 igitur
873 825 1223 882 turbabantur
1246 822 1302 868 et
1327 808 1575 865 dicebant
1600 819 1615 858 :
1645 802 1700 857 '5.
1737 797 1835 851 Hic
1864 790 2101 861 blasphe-

1319 903 1344 905 ’⁷
1405 903 1416 905 “
1673 892 1685 904 '
1718 892 1728 902 '
1841 887 1913 905 ³η-
1975 881 2101 905 Π-..-

525 942 626 985 mat
651 948 668 994 ;
695 881 806 992 (ruis
846 927 1003 992 potest
1052 919 1256 983 peccata
1294 903 1541 956 dimittere
1569 936 1584 957 ,
1631 892 1728 946 nisi
1777 887 1916 942 solus
1964 881 2102 935 Deus

527 974 809 1098 ξἰιὶάἰξίέί
838 974 948 1084 'i)?
977 974 1249 1062 videamus
1277 993 1419 1067 quod
1455 993 1568 1060 ipse
1595 987 1688 1040 ait.
1727 981 1862 1037 Num
1900 974 2108 1045 opinio-

1263 1090 1274 1098 .
1347 1087 1359 1098 .
1456 1097 1459 1098 ν
1558 1074 1761 1098 νέω-ηε,
1806 1071 1914 1098 ΠΜ
1956 1074 2066 1098 nm

525 1071 647 1170 item
679 1110 822 1165 illam
850 1071 1079 1171 rejecit?
1119 1090 1278 1162 Atqui
1317 1087 1363 1142 si
1404 1097 1508 1137 non
1544 1074 1764 1148 aequalis
1806 1071 1915 1125 Deo
1956 1074 2105 1128 erat,

525 1209 703 1260 dicere
726 1196 905 1254 debuit
930 1187 1100 1260 :Quid
1129 1185 1195 1239 de
1219 1195 1304 1234 me
1335 1190 1438 1231 non
1460 1174 1870 1228 consentancam
1897 1155 2110 1225 Opinio-

528 1311 648 1354 nem
678 1289 920 1348 habetis?
947 1277 1134 1338 Procul
1165 1274 1352 1328 absum
1381 1283 1408 1320 a
1439 1273 1584 1318 tanta
1613 1263 1895 1329 potestate.
1914 1249 2110 1304 Verum

530 1389 660 1446 nihil
680 1381 855 1439 simile
872 1376 1036 1438 dicit;
1061 1371 1168 1424 ituo
1189 1377 1317 1418 vero
1333 1361 1476 1414 illaut
1499 1352 1802 1423 opinionem
1827 1342 2110 1398 conﬁrma-

529 1485 601 1536 vit
626 1492 678 1535 et
705 1472 966 1536 asseruit,
999 1476 1107 1520 tam
1138 1473 1294 1524 voce,
1320 1468 1478 1522 quam
1509 1445 1784 1504 miraculo.
1813 1439 1946 1508 Quia
1975 1435 2116 1490 enim

531 1578 598 1631 de
624 1573 804 1640 seipso
831 1563 1073 1635 quandam
1114 1553 1355 1626 proferre
1390 1540 1724 1599 auditoribus
1753 1536 2118 1602 importunum

533 1684 654 1724 esse
683 1663 981 1720 videbatur,
1016 1667 1117 1722 per
1131 1648 1268 1702 alios
1287 1642 1374 1695 illa
1405 1652 1522 1707 qtae
1539 1633 1604 1686 ad
1632 1646 1689 1685 se
1714 1633 1960 1697 spectant
1987 1635 2121 1676 cou-

535 1761 710 1812 lirmat
731 1771 746 1809 ε
766 1749 1012 1821 quodque
1039 1743 1227 1797 mirum
1253 1734 1368 1794 fuit,
1401 1743 1506 1783 non
1539 1739 1631 1794 per
1662 1719 1863 1774 amicos
1895 1724 2122 1778 tantum,

537 1850 633 1907 sed
651 1849 809 1902 etiam
837 1858 926 1910 per
945 1835 1188 1892 inimicos
1205 1848 1216 1882 :
1234 1824 1373 1896 quod
1395 1837 1460 1877 ex
1479 1815 1749 1887 sapientia:
1763 1813 1878 1879 ejus
1894 1804 2127 1862 culmine

535 1939 798 2016 procedit.
826 1936 924 1990 Per
945 1928 1143 1984 amicos
1165 1919 1399 1992 quidem,
1421 1927 1540 1966 cum
1562 1907 1714 1970 dixit,
1729 1901 1877 1968 Volo,
1907 1895 2128 1950 munda-

1183 2013 1221 2016 “
1326 2012 1336 2016 λ
1473 2007 1485 2016 ·
1521 2014 1527 2016 -
1609 2011 1618 2016 -
1734 1995 1874 2016 c4---.
1897 1991 1947 2016 ι.-
1976 1985 2128 2016 1-..,.,.ι

539 1985 798 2016 γ’νων-υ·-
826 1985 844 1990 -
873 1985 911 1988 -ί
1186 1985 1196 1992 .

539 2055 614 2101 re,
634 2036 867 2099 itemque
891 2038 1011 2079 cum
1038 2020 1111 2073 ait
1130 2057 1144 2081 ,
1171 2013 1290 2068 Non
1321 2007 1485 2063 inveni
1514 2011 1702 2056 tantam
1727 1995 1878 2065 ﬁdem
1897 1991 1948 2045 in
1971 1985 2131 2042 Israel

541 2083 804 2198 (Jlutth.
838 2116 928 2184 10)
947 2132 964 2171 :
981 2127 1078 2184 per
1099 2106 1344 2163 inimicos
1354 2107 1530 2155 autem
1548 2106 1717 2154 nunc;
1740 2102 1860 2142 cum
1875 2083 2134 2137 dixissent

1522 2197 1529 2198 ,
1648 2180 1858 2198 ..
1888 2175 2013 2198 nm
2054 2170 2129 2198 ,ψ

543 2170 753 2198 κυεην-ν
773 2170 800 2176 v
845 2170 862 2174 —
883 2170 891 2173 -
911 2170 924 2184 1
954 2170 958 2171 ν
985 2170 1000 2184 .

543 2219 710 2280 enim,
737 2212 901 2267 Nemo
917 2212 1076 2276 potest
1097 2198 1343 2253 dimittere
1361 2197 1585 2263 peccata,
1609 2182 1702 2236 nisi
1722 2180 1859 2233 solus
1880 2175 2034 2235 Deus,
2054 2170 2135 2224 in-

1310 2279 1317 2280 ί
1451 2274 1463 2280 ’
1583 2278 1589 2280 ‘
1656 2277 1664 2280 -
1709 2276 1718 2280 Α
1770 2279 1793 2280 re
1818 2258 1906 2280 [μί.
1926 2269 1953 2280 ,ι
1977 2255 2135 2280 Πέίὲιι-

547 2303 664 2356 tulit
681 2259 795 2368 ipse
813 2294 893 2350 :6.
913 2255 956 2346 ί]
964 2301 980 2342 ι
993 2297 1160 2342 autem
1177 2255 1372 2341 sciatis,
1380 2274 1495 2345 quia
1509 2276 1799 2340 potestatem
1812 2258 1955 2314 habet
1972 2255 2136 2310 Filius

549 2391 760 2448 hominis
787 2387 1032 2440 dimittere
1061 2383 1259 2449 peccata
1275 2383 1425 2437 super
1445 2374 1629 2417 terram
1648 2398 1664 2425 ,
1694 2365 1810 2409 tunc
1835 2350 1960 2404 dixit
1987 2361 2138 2414 para-

551 2489 700 2559 lytiro
721 2501 737 2538 :
761 2482 985 2550 Surgcns
1007 2442 1126 2527 toile
1149 2465 1442 2540 grabbatunt
1459 2466 1620 2516 tuum,
1649 2459 1698 2505 et
1717 2445 1841 2500 vade
1859 2446 1910 2498 in
1935 2442 2144 2494 domum.

1312 2555 1324 2559 -
1401 2552 1411 2559 -
1628 2543 1641 2555 -
1793 2537 2017 2559 ,ιεληηηηι
2042 2528 2138 2559 :nt.

553 2528 978 2559 ,νηηηηηη
1149 2528 1172 2540 ν

553 2593 712 2633 (nam.
726 2575 908 2645 Neque
925 2568 1094 2624 solum
1111 2563 1216 2622 hic,
1235 2555 1329 2613 sed
1345 2552 1504 2609 etiam
1520 2543 1775 2601 alibicnm
1786 2537 2025 2592 dicerent
2041 2528 2138 2584 illi:

555 2675 630 2728 De
660 2674 786 2726 bono
812 2625 960 2739 δρα-ε
984 2677 1084 2714 ηοη
1112 2654 1397 2723 lapidamus
1426 2655 1472 2699 te
1489 2685 1504 2709 ,
1537 2639 1624 2695 sed
1645 2639 1706 2690 de
1733 2625 2042 2701 blasphemia
2059 2662 2076 2689 ,
2093 2630 2143 2676 et

660 2717 778 2726 η..-
817 2717 869 2739 .,,
909 2717 949 2718 η
1167 2717 1176 2723 _

554 2767 670 2833 quia
698 2764 842 2816 homo
867 2772 976 2811 cum
1002 2758 1088 2816 sis,
1116 2747 1241 2820 facis
1267 2742 1477 2812 teipsum
1499 2734 1660 2788 Deum
1691 2727 1867 2798 (Joan.
1899 2720 1988 2775 10.
2012 2717 2105 2782 3'5)
2127 2732 2140 2769 :

559 2873 728 2928 neque
757 2864 879 2907 tunc
910 2847 1046 2901 hanc
1071 2839 1373 2911 Opinionem
1401 2823 1709 2886 confutavit.
1733 2816 1828 2873 sed
1849 2815 1991 2868 illam
2013 2823 2146 2862 con-

1352 2923 1362 2928 -
1616 2911 1652 2928 -λι
1693 2919 1704 2928 .
1739 2909 1775 2928 .-_
1874 2903 1902 2928 ,ι
1941 2917 2001 2928 η-
2026 2895 2146 2928 ...:t.:

562 2895 728 2928 ..μιςιν
1110 2895 1122 2911 ι

562 2945 789 3003 lirtnavit
813 2941 1024 2994 dicens:
1048 2933 1106 2987 Si
1133 2944 1233 2983 non
1263 2923 1395 2996 facio
1424 2929 1579 2987 opera
1609 2909 1778 2964 Patris
1807 2903 1923 2968 tnei,
1941 2917 2001 2954 ne
2026 2895 2148 2950 mihi

561 3037 798 3098 credatis;
822 3034 862 3087 si
883 3037 1050 3084 autem
1073 3020 1224 3092 facio.
1249 3012 1442 3070 etiamsi
1463 3007 1584 3062 mihi
1608 3017 1706 3057 non
1728 2994 1950 3060 creditis,
1971 2988 2148 3044 saltent

562 3131 796 3201 operibus
821 3121 1005 3178 credite
1027 3115 1186 3190 (Ibid.
1216 3111 1305 3166 57.
1331 3105 1448 3174 ’58)-

635 3226 690 3278 9..
727 3219 890 3278 Unius
931 3212 1022 3267 Dei
1067 3216 1136 3263 est
1163 3211 1351 3258 secreta
1376 3195 1542 3253 cordis
1568 3203 1711 3245 nosse
1750 3195 1796 3240 et
1826 3179 2152 3236 revelare.—

565 3319 662 3375 llic
691 3327 849 3384 porro
878 3299 1170 3362 divinitatis
1203 3307 1314 3350 suae
1354 3285 1496 3343 aliud
1526 3283 1732 3353 signum
1779 3289 1884 3330 non
1934 3279 2151 3339 parvum

1363 3383 1378 3384 κ
1788 3367 1851 3384 ,._
1899 3363 1974 3384 ,ηε
2007 3373 2127 3384 nam

568 3363 802 3469 exhibet,
831 3412 1035 3457 necnon
1063 3406 1174 3448 sua:
1203 3401 1323 3443 cum
1355 3383 1512 3439 Patre
1542 3367 1875 3445 mqualitatis.
1899 3363 1976 3419 llli
2007 3373 2157 3414 nam-

568 3449 802 3469 πωπω,
833 3449 1033 3457 ..-_-----

567 3517 673 3568 que
708 3495 975 3556 dicebant,
1023 3491 1243 3558 peccata
1273 3475 1542 3531 dimittere
1565 3466 1723 3520 unius
1752 3459 1842 3515 Dei
1873 3468 1993 3511 esse
2025 3468 2038 3505 :
2072 3449 2157 3503 hic

1382 3565 1391 3568 ·
1444 3564 1455 3568 -
1602 3557 1616 3568 -
1720 3561 1731 3568 ι
1752 3567 1757 3568 γ
1777 3566 1791 3568 -
1845 3544 1979 3568 -ιε--.‹1
2005 3539 2153 3568 -..ιΑγ

570 3539 673 3568 ψη,
1028 3539 1042 3558 ,
1071 3539 1085 3542 -

570 3609 698 3663 vero
720 3604 824 3643 non
851 3582 1009 3638 modo
1030 3582 1244 3647 peccata
1268 3564 1504 3628 dimittit,
1527 3557 1619 3614 sed
1646 3561 1801 3609 antea
1842 3544 1982 3602 aliud
2002 3539 2158 3614 quid-

1230 3661 1235 3663 λ
1335 3658 1364 3663 —
1412 3657 1423 3663 -
1651 3662 1660 3663 κ
1689 3645 1705 3663 1
1735 3654 1922 3663 e___m_,‘
1955 3642 2156 3663 “ﬁn-ﬁ“.

575 3661 714 3754 piam
737 3675 971 3738 exhibet,
1000 3642 1138 3739 quod
1154 3661 1308 3718 unius
1335 3657 1426 3711 Dei
1445 3663 1544 3715 est,
1569 3645 1708 3719 quod
1735 3654 1926 3710 nempe
1954 3642 2160 3692 secreta

575 3730 753 3833 trzordis
781 3765 998 3824 revolet.
1029 3759 1210 3828 Neque
1235 3750 1375 3807 enim
1402 3746 1452 3800 id
1478 3741 1616 3814 quod
1637 3735 1939 3808 Cogitabam
1968 3730 2020 3784 in
2051 3741 2162 3780 me-

577 3831 725 3924 dium
770 3821 1196 3931 protttlerunt.'5.
1233 3843 1363 3899 Ecce
1387 3883 1402 3906 ,
1434 3835 1604 3907 inquit
1629 3875 1643 3898 ,
1671 3829 1877 3898 quidam
1902 3825 1964 3878 de
1990 3821 2164 3876 scribis

580 3909 976 4010 dia-erunt-
1000 3956 1094 3998 se:
1128 3938 1220 3992 Hic
1251 3931 1586 4002 blasphcmat.
1618 3925 1669 3978 4.
1713 3920 1776 3974 Et
1816 3916 1975 3972 sciens
2013 3909 2163 3967 Jestts

579 4043 906 4117 cogitationes
951 4049 1144 4096 eorum,
1177 4028 1302 4083 dixit
1337 4040 1354 4079 :
1387 4019 1522 4087 Quid
1553 4032 1637 4070 vos
1663 4009 1892 4082 cogitatis
1931 4004 2069 4057 mala
2112 4002 2167 4054 in

583 4099 815 4194 coidibus
846 4125 1057 4184 vestris?
1087 4119 1237 4189 Quod
1275 4124 1450 4170 autem
1499 4108 1656 4164 unius
1704 4101 1796 4158 Dei
1844 4099 1913 4152 sit
1961 4099 2166 4148 secreta

587 4244 767 4291 nosse,
802 4221 924 4278 audi
958 4215 1270 4289 prophetam
1300 4207 1562 4261 dicentem
1593 4215 1607 4252 :
1640 4195 1714 4249 Tu
1744 4190 1876 4247 nosti
1905 4186 2061 4242 corda
2089 4198 2172 4236 so-

587 4327 666 4378 lus
695 4275 787 4390 (ἑ.
823 4275 999 4368 Parui.
1114 4304 1184 4360 50
1203 4306 1251 4370 );
1299 4306 1353 4353 et
1377 4306 1585 4350 rursum
1611 4329 1628 4355 ,
1673 4285 1917 4341 Scrutans
1947 4275 2101 4332 corda
2125 4283 2171 4328 et

587 4370 897 4472 sends—Deus
926 4401 1104 4474 (l’sal.
1127 4399 1177 4450 Ἰ.
1210 4396 1275 4448 ll)
1293 4391 1333 4463 ).
1362 4384 1620 4444 .lcremias
1641 4393 1767 4433 vero
1796 4377 1870 4430 ait
1899 4391 1912 4427 :
1943 4370 2173 4442 Profun-

593 4513 714 4564 dum
757 4520 843 4558 cor
867 4509 940 4555 est
968 4509 1072 4566 pra:
1099 4489 1346 4547 omnibus,
1379 4492 1424 4535 et
1465 4480 1610 4532 homo
1635 4481 1728 4536 est,
1777 4478 1824 4522 et
1853 4466 1964 4537 quis
2010 4468 2176 4516 noscet

592 4557 712 4656 eiu-it
729 4598 746 4667 (
764 4557 876 4650 der.
907 4557 995 4644 Π..
1023 4582 1124 4653 9)?
1147 4590 1221 4644 ct,
1255 4574 1416 4629 Homo
1441 4570 1572 4624 videt
1596 4566 1648 4618 in
1672 4562 1819 4635 facie,
1849 4557 1986 4610 Deus
2012 4561 2180 4605 autem

1335 4665 1350 4667 -
1513 4659 1526 4667 -
1557 4659 1567 4667 -
1803 4665 1814 4667 -
1858 4647 1970 4667 me-
2003 4643 2180 4667 -.:..-....

594 4643 869 4751 barda
895 4643 944 4735 li.
968 4643 1306 4747 1209:1637).
1334 4665 1392 4720 1n
1421 4659 1599 4716 multis
1615 4665 1824 4724 quoque
1854 4647 1974 4702 aliis
2003 4643 2182 4698 videre

600 4791 702 4846 e~t,
728 4780 892 4834 Deum
925 4784 1088 4825 unum
1115 4777 1235 4820 esse
1259 4756 1350 4830 qui
1379 4760 1586 4810 mentes
1613 4743 1837 4802 noverit.
1878 4736 2184 4812 ,Ostcndens

604 4874 784 4940 itaque
810 4883 869 4922 se
892 4866 1053 4920 Deum
1079 4870 1219 4923 esse,
1262 4845 1518 4921 a‘qualem
1557 4837 1726 4906 Patri,
1756 4849 1873 4906 qua:
1917 4831 2014 4901 ipsi
2045 4830 2096 4884 in
2128 4842 2187 4882 se

1476 4936 1508 4940 --
1554 4935 1565 4940 -
1619 4932 1632 4940 .
1801 4927 1831 4940 ..
2050 4920 2183 4940 ,κω

601 4920 922 5032 cogitabant,
941 4969 1003 5010 ac
1029 4920 1218 5008 timore
1247 4920 1598 4998 multitudinis
1619 4932 1670 4987 in
1697 4927 1926 4983 medium
1950 4920 2188 4992 proferre

1429 5030 1437 5032 ξ
1741 5019 1784 5032 ,η
1844 5027 1881 5032 -,
1959 5011 2146 5032 an...

605 5011 711 5108 ιιοῖι
741 5047 1026 5110 audebant,
1056 5043 1170 5112 ipse
1208 5030 1467 5093 revelavit
1515 5035 1571 5083 et
1615 5019 1892 5078 manifesta
1924 5011 2187 5077 reddidit,

607 5155 852 5214 magnam
892 5136 980 5191 hic
1005 5144 1213 5203 quoque
1237 5125 1398 5183 animi
1430 5122 1700 5176 lenitatem
1727 5108 2033 5167 ostendens.
2058 5103 2188 5158 Nam

609 5239 688 5293 ait
715 5253 729 5291 :
763 5231 897 5303 Quid
925 5224 1153 5297 cogitatis
1197 5220 1334 5274 mala
1370 5217 1425 5270 in
1465 5211 1695 5267 cordibus
1721 5202 1933 5261 vestris?
1961 5199 2119 5254 Certe
2149 5194 2192 5248 si

609 5323 875 5400 indignari
899 5313 1200 5393 quempiam
1231 5307 1526 5381 oportebat,
1555 5315 1753 5371 :egrum
1774 5293 1923 5366 quasi
1952 5290 2195 5344 delusum

862 5379 1080 5481 indigne
1104 5379 1354 5466 ferrepac
1378 5396 1556 5451 dicere
1583 5411 1597 5446 :
1629 5389 1710 5445 Ad
1735 5384 1876 5441 aliud
1903 5379 2196 5437 sanandum

616 5471 699 5494 Ι’⁷““
738 5471 808 5475 ““’
973 5471 1003 5481 ν

616 5511 831 5574 venisti,
859 5503 1001 5564 aliud
1025 5511 1078 5557 tu
1101 5492 1300 5554 curas?
1321 5489 1586 5545 undenam
1615 5481 1744 5538 mihi
1775 5476 2030 5548 liquidum
2073 5471 2197 5535 erit,

620 5562 838 5660 dimissa
858 5594 987 5653 mihi
1010 5604 1130 5647 csse
1143 5593 1356 5660 peccata
1374 5581 1397 5633 Ἰ
1428 5576 1577 5632 Nunc
1594 5582 1772 5630 autem
1801 5568 1890 5625 ille
1918 5563 2048 5622 nihil
2074 5562 2203 5617 dicit

622 5689 951 5765 hujusmodi,
969 5684 1062 5742 sed
1081 5656 1384 5739 incurantis
1403 5675 1718 5744 potestatem
1745 5677 1804 5720 se
1823 5659 1981 5717 tradit
2001 5675 2014 5728 ;
2034 5656 2086 5712 hi
2104 5671 2201 5712 au-

1288 235 1344 293 S.
1388 226 1664 288 JOANNIS
1698 209 2178 278 CHRYSOSTOMI
2219 210 2531 267 ARCHIEP.
2572 207 3106 265 CONSTANTIN‘OP.

3668 213 3764 271 360

2202 336 2304 378 tctn
2334 325 2566 394 perversi
2596 336 2646 380 et
2675 324 2834 378 invidi
2855 366 2870 388 ,
2894 325 3122 378 aliorum
3152 320 3419 378 beneﬂciis
3443 323 3762 385 insidiantur.

2199 419 2322 474 Ideo
2350 421 2494 488 ipsos
2511 435 2632 472 cum
2659 419 2806 474 outni
2844 427 3019 473 tamen
3051 417 3268 474 lenitate
3307 418 3541 484 corripit.
3571 419 3693 474 Nam
3721 424 3765 478 si

2201 528 2308 567 non
2345 513 2562 567 creditis
2585 552 2601 576 ,
2642 513 2851 583 inquit,
2881 511 3024 566 dicto
3061 512 3267 580 primo,
3295 509 3699 584 jactantiamque
3715 516 3766 571 id

2201 620 2323 661 esse
2348 605 2566 674 putatis,
2588 619 2714 659 ecce
2739 605 2848 672 jam
2873 603 3013 658 aliud
3045 604 3168 658 huic
3195 604 3424 674 adjungo
3451 605 3492 670 ’,
3529 607 3664 675 quod
3687 623 3765 663 sc-

2202 705 2346 751 creta
2377 707 2553 750 vestra
2588 695 2853 761 revelcm;
2889 694 2955 750 ad
2985 695 3097 750 lucc
3125 694 3338 750 tertium
3365 695 3572 764 adjicio.
3600 697 3768 764 Quod-

2205 803 2326 842 nam
2359 788 2524 856 illud?
2544 787 2695 855 Quod
2719 787 2990 859 paralytici
3012 802 3206 858 corpus
3225 787 3430 842 ﬁrmum
3451 788 3682 844 reddam.
3702 790 3771 846 Ac

2207 878 2421 946 quando
2453 879 2796 951 paralyticum
2822 877 3209 948 alloquebatur,
3242 892 3346 930 non
3383 878 3524 932 clare
3554 888 3772 948 potesta-

2212 977 2317 1023 tem
2367 983 2516 1024 suam
2547 969 2625 1023 sic
2651 968 2959 1032 declaravit,
2990 983 3090 1022 nec
3110 968 3242 1022 dixit
3267 1011 3281 1030 ,
3307 969 3522 1022 Dimitte
3545 969 3637 1024 tibi
3665 985 3778 1041 poc-

2211 1069 2358 1162 cata;
2383 1060 2497 1162 sed,
2519 1059 2866 1162 Dimittuntur
2889 1060 2977 1114 tibi
3005 1069 3225 1130 peccata.
3257 1060 3366 1118 Illis
3391 1071 3564 1116 autent
3595 1077 3779 1133 cogen-

2216 1153 2376 1253 tibus,
2405 1151 2599 1206 clarius
2628 1166 2778 1206 suam
2806 1152 3048 1207 enuntiat
3087 1161 3426 1219 potestatem,
3475 1153 3686 1208 dicens:
3716 1152 3780 1210 Ut

2215 1243 2404 1345 sciatis,
2437 1244 2556 1310 quia
2577 1252 2868 1313 potestatem
2914 1243 3060 1298 habet
3101 1241 3268 1297 Filius
3312 1243 3527 1298 hominis
3574 1245 3625 1300 in
3659 1257 3780 1299 terra

2218 1335 2501 1388 dimittendi
2555 1345 2780 1402 peccata.
2833 1333 3023 1388 Vidcn’
3049 1345 3308 1404 quantum
3353 1334 3524 1396 abest,
3571 1344 3626 1388 ut
3665 1336 3790 1390 nolit

2219 1425 2438 1528 aequalis
2465 1425 2607 1480 Patri
2636 1425 2911 1494 reputari?
2934 1425 3049 1478 Non
3076 1425 3218 1480 enim
3248 1424 3379 1479 dixit
3405 1443 3416 1476 :
3447 1424 3604 1478 Filius
3624 1425 3782 1482 homi-

2222 1518 2302 1572 nis
2328 1517 2433 1571 alio
2459 1531 2591 1586 opus
2616 1516 2815 1580 habet;
2847 1531 3018 1586 neque
3043 1515 3173 1570 dicit
3197 1555 3211 1577 ,
3261 1515 3418 1570 Dedit
3461 1517 3531 1569 illi
3574 1526 3787 1585 peltasta-

2225 1615 2366 1666 tem:
2393 1609 2509 1672 sed,
2531 1607 2836 1662 I’otestatem
2856 1607 3020 1661 habet.
3041 1606 3223 1676 Neque
3244 1607 3370 1660 illud
3400 1621 3467 1660 ex
3487 1606 3616 1660 fastu
3635 1607 3751 1662 dicit
3773 1627 3786 1663 :

2224 1700 2328 1756 Sed
2347 1699 2565 1754 utvobis
2587 1701 2953 1770 perSIIadeatn,
2975 1699 3163 1768 inquit,
3186 1714 3272 1754 me
3295 1715 3398 1752 non
3421 1699 3789 1768 blasphemarc,

2238 1815 2364 1855 cum
2393 1814 2479 1852 me
2507 1796 2645 1852 facio
2673 1795 2936 1865 atqualem
2967 1792 3134 1846 Deo”.
3161 1789 3369 1860 Ubique
3401 1791 3542 1843 enim
3575 1791 3682 1844 vult
3705 1791 3790 1844 tle-

2241 1888 2661 1946 monstrationes
2676 1886 2914 1957 prazbere
2929 1885 3104 1939 claras
3120 1885 3498 1952 tirmasque,ut
3516 1897 3632 1936 cum
3647 1881 3789 1940 dicit:

2255 1979 2414 2043 Vade,
2437 1975 2642 2030 ostende
2661 1937 2708 2030 t2
2728 1974 2987 2029 sacerdoti
3012 1972 3230 2043 (Matth.
3265 1937 3337 2026 8..
3355 1971 3390 2024 αἱ
3408 1937 3462 2040 )’;
3493 1937 3797 2036 sacrumque

2242 2071 2385 2126 Petri
2423 2070 2641 2126 exhibet
2685 2067 3104 2130 ministrantem,
3132 2081 3196 2120 ac
3237 2080 3437 2133 porcos
3494 2063 3794 2133 praecipitari

2245 2162 2506 2266 permittit
2535 2161 2576 2214 ³.
2616 2159 2708 2215 Sic
2760 2169 2816 2215 et.
2857 2173 3035 2223 nunc,
3084 2157 3428 2212 remissionis
3472 2166 3796 2224 peccaturum

2237 2254 2446 2326 signum
2460 2255 2645 2310 statuit
2658 2253 2899 2323 corporis
2917 2251 3275 2308 valetudinem
3295 2268 3308 2314 ;
3334 2248 3647 2305 valetudinis
3665 2261 3799 2311 vero,

2239 2346 2383 2416 quod
2410 2345 2724 2416 grabbatum
2755 2345 2923 2408 tollat,
2954 2360 3021 2399 ne
3049 2351 3323 2413 putaretur
3350 2341 3404 2395 id
3449 2340 3586 2410 quod
3614 2348 3806 2410 gestum

2240 2443 2359 2542 erat
2388 2435 2695 2540 phantasma
2739 2449 2877 2490 esse.
2907 2435 3090 2503 Neque
3129 2434 3272 2503 prius
3325 2430 3456 2485 illud
3503 2429 3805 2498 fecit,quam

2475 2539 2484 2542 _
2777 2527 3043 2542 _..,...
3130 2525 3200 2542 ,.
3414 2520 3805 2542 ,μη-,εφη

2243 2528 2392 2600 ipsos
2415 2531 2813 2598 interrogasset.
2837 2528 2889 2582 5.
2909 2527 3043 2594 Quid
3070 2537 3162 2589 est,
3190 2525 3380 2594 inquit,
3405 2523 3604 2593 [acilius
3624 2520 3805 2574 dicere:

2246 2621 2582 2676 Dimittuntur
2623 2623 2712 2674 tibi
2752 2630 2987 2689 peccata,
3017 2637 3086 2673 an
3122 2619 3326 2685 dicere,
3357 2617 3502 2672 Tolle
3537 2614 3808 2687 grabbatutn

2249 2726 2410 2819 tuum,
2439 2724 2485 2768 et
2511 2715 2636 2768 vade
2664 2716 2714 2768 in
2740 2715 2944 2766 domum
2972 2713 3146 2766 tuam?
3167 2711 3318 2779 Quod
3346 2719 3527 2766 autem
3552 2708 3693 2772 dicit,
3719 2705 3808 2760 htt-

2244 2807 2473 2876 jusmudi
2503 2816 2586 2861 cst
2614 2824 2626 2859 :
2659 2805 2794 2874 Quid
2829 2804 2974 2858 vobis
2998 2804 3204 2857 videtur
3234 2803 3439 2856 facilius
3467 2814 3603 2864 esse,
3637 2808 3812 2866 corpus

2249 2899 2564 2953 dissolutum
2590 2897 2820 2960 ﬁrmare,
2844 2904 2933 2950 aut
2949 2895 3138 2948 anima.-
3162 2902 3374 2963 pcccata
3398 2888 3686 2946 dimittere?
3700 2885 3814 2942 Cor-

2252 3005 2352 3060 pus
2379 2991 2588 3042 tirmare
2610 2997 2772 3043 certe.
2801 2987 3007 3055 Quanto
3028 2987 3168 3040 enim
3195 2985 3370 3038 anima
3397 2983 3720 3052 prmstantior
3743 2986 3814 3034 est

2252 3097 2510 3184 corpore,
2544 3091 2688 3134 tanto
2719 3091 2928 3150 leccata
2957 3078 3227 3132 dimittere
3269 3077 3442 3146 majus
3480 3085 3561 3129 est
3598 3071 3816 3142 corporis

2253 3174 2528 3228 curatione
2562 3172 2693 3226 :scd
2736 3171 2856 3241 quia
2903 3169 3029 3224 illud
3067 3167 3354 3232 occultum,
3391 3167 3492 3221 hoc
3529 3179 3650 3220 vero
3669 3161 3818 3218 mani-

2257 3265 2448 3322 festum
2473 3275 2574 3332 cst,
2601 3264 2792 3334 adjicio
2819 3264 2868 3317 id
2891 3263 3029 3331 quod
3060 3262 3235 3316 minus
3263 3269 3369 3322 est,
3389 3261 3480 3314 sed
3511 3257 3750 3328 apertius,
3769 3260 3819 3308 ut

2259 3358 2312 3412 id
2351 3358 2490 3427 quod
2522 3356 2690 3425 majus
2730 3355 3102 3422 occultmnque
3129 3360 3212 3406 est
3235 3391 3250 3416 ,
3279 3367 3378 3420 per
3403 3349 3504 3404 hoc
3529 3347 3712 3402 factum
3733 3343 3818 3398 dc-

2259 3459 2603 3512 ntonstretur,
2629 3447 2735 3517 jam
2764 3447 2908 3518 prius
2929 3445 3178 3515 operibus
3197 3442 3442 3497 revolans
3464 3442 3513 3496 id
3530 3440 3662 3510 quod
3679 3438 3820 3493 Joan-

2263 3557 2358 3597 nes
2401 3541 2627 3606 dixerat,
2660 3540 2758 3606 Qui
2805 3539 2934 3592 tollit
2956 3547 3160 3606 peccata
3183 3534 3364 3587 mundi
3395 3531 3593 3605 (Joan.
3634 3532 3681 3586 ι.
3704 3527 3767 3582 29
3787 3533 3822 3594 ).

2335 3636 2388 3691 5.
2405 3636 2534 3690 Cum
2558 3633 2732 3701 itaque
2751 3630 2900 3699 jussu
2923 3628 3088 3698 ip~ius
3103 3626 3444 3686 surrexisset,
3459 3625 3665 3678 domum
3692 3618 3823 3674 illum

2266 3729 2510 3783 remisit:
2540 3725 2625 3779 hic
2667 3738 2880 3779 rursum
2919 3720 3240 3783 ostendens,
3286 3733 3500 3788 quama
3542 3715 3823 3769 l‘astucssct

2265 3823 2491 3887 alienus,
2515 3833 2734 3889 remque
2754 3817 2894 3870 illam
2920 3815 3230 3884 phantasma
3254 3826 3362 3865 non
3380 3811 3574 3865 fuisse:
3598 3809 3685 3863 bet
3699 3805 3827 3860 enim

2268 3926 2324 3973 et
2343 3915 2511 3970 morbi
2538 3923 2592 3970 et
2611 3912 2852 3967 sanitatis
2875 3918 3038 3964 testes
3060 3907 3293 3962 adhibet.
3316 3903 3652 3975 Egoquitlem
3669 3906 3826 3969 Optasa

2271 4021 2405 4070 sem,
2438 4005 2627 4075 inquit,
2657 4019 2754 4073 per
2783 3999 3025 4056 morbum
3066 4008 3218 4052 tuum-
3239 4011 3355 4060 eus,
3385 3995 3475 4066 qui
3501 3991 3611 4048 sani
3637 3987 3827 4060 quidem

2272 4101 2538 4164 videntur,
2568 4096 2661 4154 sed
2699 4096 2875 4150 anima
2916 4099 3198 4164 mgrotant,
3230 4104 3425 4144 sanare
3452 4088 3610 4158 :quia
3644 4096 3759 4138 vero
3782 4077 3828 4132 id

2277 4188 2634 4249 nnlunl,Vade
2658 4189 2710 4241 in
2735 4187 2960 4250 domum,
2987 4192 3043 4238 nt
3083 4197 3177 4238 eos
3206 4181 3295 4251 qui
3334 4181 3406 4236 ibi
3437 4189 3559 4235 sunt
3582 4170 3826 4232 emendes.

2277 4286 2440 4341 Vides
2469 4282 2736 4356 quomodo
2765 4277 3012 4335 ostendat
3034 4291 3094 4331 se
3112 4283 3168 4330 et
3183 4275 3377 4329 animm
3403 4283 3456 4327 et
3484 4266 3709 4340 corporis
3730 4273 3830 4316 esse

2279 4388 2571 4434 creatorem
2589 4380 2612 4428 ?
2628 4369 3064 4441 Utriusqneenim
3086 4365 3396 4422 substantizc
3411 4359 3664 4434 paralysin
3681 4359 3828 4413 sanat.

2282 4481 2334 4527 et
2364 4470 2506 4541 quod
2545 4466 2807 4523 occultum
2836 4472 2970 4528 erat,
3003 4476 3068 4516 ex
3097 4473 3164 4516 eo
3206 4456 3350 4528 quod
3380 4453 3704 4510 manifestum
3740 4453 3828 4506 est.

2285 4573 2466 4619 notum
2494 4561 2633 4615 l'acit.
2663 4561 2905 4612 Attamen
2929 4554 3001 4608 illi
3031 4552 3206 4608 adhuc
3243 4549 3393 4604 humi
3421 4547 3666 4618 repcbant
3691 4561 3703 4597 :
3730 4549 3831 4592 nam

2287 4657 2339 4712 8.
2374 4655 2793 4716 Cltiriﬂcaverunt
2844 4648 3029 4709 Deum,
3068 4643 3258 4714 inquit,
3304 4641 3390 4712 qui
3419 4639 3552 4693 dedit
3574 4640 3832 4706 potestatem

2288 4748 2439 4802 talem
2471 4742 2787 4804 hominibus;
2814 4739 2940 4810 ipsis
2966 4735 3106 4792 enim
3147 4747 3273 4790 caro
3293 4728 3591 4787 resistebat.
3621 4724 3706 4780 Ille
3729 4730 3836 4773 vero

2292 4855 2396 4893 non
2423 4834 2712 4906 increpavit
2727 4847 2842 4897 eos,
2871 4827 2966 4884 sed
2994 4825 3213 4898 prodest
3236 4833 3412 4878 tamen
3449 4819 3570 4880 illis,
3592 4829 3678 4886 per
3697 4819 3835 4879 opera

2291 4931 2549 4994 excitans,
2574 4939 2865 4992 eorumque
2888 4921 3122 4975 animum
3151 4917 3202 4971 in
3226 4913 3455 4969 sublime
3477 4909 3692 4978 erigens.
3719 4899 3835 4955 lute-

2294 5026 2396 5082 rim
2424 5035 2552 5077 vero
2577 5035 2683 5075 non
2714 5031 2934 5088 parvum
2963 5021 3099 5074 erat,
3142 5007 3282 5080 quod
3330 5004 3566 5060 omnium
3601 4993 3838 5051 hominum

2298 5118 2560 5172 maximus
2587 5112 2892 5173 haberetur,
2915 5104 3162 5177 quodque
3182 5117 3212 5156 a
3238 5100 3351 5155 Deo
3374 5095 3554 5151 venire
3579 5091 3840 5160 putaretur.

2297 5212 2428 5268 Nam
2452 5210 2494 5263 si
2521 5209 2633 5261 hrcc
2655 5204 2877 5259 ﬁrmiter
2906 5209 3084 5253 urente
3137 5193 3456 5249 tenuissent.
3481 5182 3680 5254 [tantum
3705 5168 3844 5245 proti-

2299 5303 2501 5357 cicntcs
2537 5297 2875 5369 agnovissent
2914 5292 3083 5360 ipsum
3107 5299 3225 5340 esse
3252 5281 3340 5337 Dei
3373 5278 3578 5334 Filium.
3631 5267 3724 5323 Sed
3751 5262 3844 5314 bﬂ‘c

2304 5411 2408 5450 non
2454 5393 2674 5448 lirtniter
2720 5386 3071 5446 retinuerunt,
3104 5380 3330 5448 ideoque
3377 5368 3622 5425 accedere
3647 5365 3843 5424 usurpo-

2372 5537 2389 5568 ¹
2425 5533 2519 5583 Alii
2539 5530 2741 5581 habent.
2766 5524 2901 5576 aliud
2924 5521 3113 5582 signant
3136 5512 3249 5566 huic
3264 5508 3493 5573 adjungo.

2371 5599 2393 5629 '
2428 5596 2520 5645 Alii
2547 5593 2736 5655 legunt,
2757 5590 2930 5655 .l’atri,
2952 5600 3059 5655 pro,
3089 5583 3204 5634 Deo.

2375 5661 2395 5692 ³
2427 5657 2543 5718 Alii,
2563 5649 2866 5720 pi‘a'cmitari
2895 5649 3040 5705 iubet.
