4080 6138
463 313 558 368 561
1422 303 1488 359 ΙΝ
1521 299 1926 360 ΜΑΤΤΙΙᾸΞἩΜ
1966 296 2056 354 ll)

2168 330 2196 350 ..
2238 297 2405 352 XXX.
2448 299 2519 352 al.
2564 296 2754 354 XXXI.

2153 413 2290 467 mala
2316 415 2369 466 in
2405 413 2637 468 cordibus
2659 413 2831 468 vestris
2853 412 2870 483 (
2895 413 3083 468 Matth.
3117 415 3204 469 i5.
3230 415 3298 470 30
3315 412 3374 487 )?
3397 415 3621 483 Oportet
3644 418 3739 487 igi-

2154 513 2238 559 tur
2258 522 2376 560 eunt
2408 505 2812 561 mansuetudine
2855 506 3100 561 morbum
3143 523 3437 564 removere.
3469 507 3598 564 Nam
3649 513 3739 579 qni

2154 613 2220 651 ex
2247 598 2478 652 humano
2505 600 2693 654 tintore
2721 600 2908 653 melior
2930 600 3177 665 efﬁcitur,
3203 603 3308 655 cito
3328 603 3392 656 ad
3427 609 3739 674 pravitatem

2157 689 2368 744 redibit.
2403 689 2636 758 Ideoque
2661 691 2860 743 zizania
2896 691 3124 760 relinqui
3148 693 3326 760 jussit,
3371 699 3501 746 dans
3535 697 3743 764 tenq‘us

464 436 680 484 luerunt
700 426 792 499 (ιι).
827 425 1055 483 Rursum
1083 426 1223 480 enim
1241 423 1486 478 dicebant
1514 441 1528 476 :
1561 419 1659 475 llic
1685 421 1836 474 homo
1855 435 1953 472 non
1975 425 2048 470 est

465 538 496 572 ιι
520 518 843 590 Deo(Joan.
875 521 929 576 9.
968 518 1107 588 16);
1139 529 1213 580 et,
1271 514 1536 583 Quomodo
1583 514 1664 566 hic
1706 529 1739 564 ιι
1784 510 1893 565 Deo
1931 509 2049 563 est?

466 610 696 680 Ila'eque
733 611 1040 680 frequenter
1078 609 1377 672 versabant,
1429 607 1515 660 illa
1541 605 1789 658 vitiorum
1833 616 2049 655 suorum

467 702 697 772 tegmina
717 702 1072 756 obtendentes
1102 718 1115 754 :
1146 699 1458 770 quodetiam
1487 695 1795 751 nuncnmlti
1828 692 2049 758 faciunt,

465 809 554 863 qut
581 793 708 847 dum
741 794 905 846 Deum
939 793 1207 846 vindicare
1233 790 1499 848 videntur,
1531 788 1642 841 suis
1677 785 1950 854 indulgent
1975 781 2054 835 af-

467 884 714 951 fectibus,
769 899 892 937 cum
939 891 1208 953 oporteret
1248 883 1426 934 omnia
1472 895 1592 934 eum
1652 873 2055 931 mansuetudine

469 985 721 1030 tractare.
756 975 963 1029 Etenim
1014 975 1378 1028 universorum
1425 972 1580 1034 licus,
1619 968 1709 1038 qui
1753 968 1949 1020 fulmen
1980 964 2055 1017 vi-

471 1068 625 1120 brare
647 1075 816 1134 potest
842 1066 893 1119 iit
924 1080 1019 1120 eos
1063 1065 1152 1133 qui
1186 1064 1357 1133 ipsum
1389 1059 1734 1130 blasphentiis
1765 1058 2052 1125 impetunt,

469 1157 639 1211 solent
665 1172 817 1211 suum
847 1156 975 1210 oriri
1025 1167 1194 1219 curat,
1250 1154 1448 1207 imbres
1500 1151 2059 1214 emittit,ea-teraqnc

469 1248 648 1301 omnia
679 1247 893 1316 largiter
919 1244 1222 1314 suppeditat
1255 1260 1270 1296 :
1299 1259 1458 1313 quem
1483 1239 1676 1295 imitari
1702 1253 1798 1292 nos
1825 1243 2055 1306 Oportet,

471 1354 659 1409 rogare
685 1353 894 1406 nempe,
925 1351 1162 1400 monere,
1188 1336 1464 1388 instituere
1479 1347 1599 1387 eum
1629 1327 2056 1392 mansuetudine,

473 1447 580 1486 non
610 1432 787 1498 irasci,
832 1445 932 1486 nec
962 1430 1197 1485 elferari.
1225 1427 1412 1495 Neque
1436 1425 1576 1479 enim
1619 1440 1684 1477 ex
1734 1419 2058 1490 blasphemia

469 1521 596 1591 quid
627 1523 931 1576 uocumeuti
957 1520 1023 1574 ad
1050 1521 1212 1574 Deum
1243 1517 1465 1579 accedit,
1500 1521 1558 1568 ut
1585 1523 1639 1566 ttt
1668 1511 2057 1573 excaudescas;

471 1613 566 1666 sed
597 1614 686 1684 qui
714 1613 1102 1684 blasphemavit
1133 1613 1244 1680 ipse
1269 1611 1458 1664 vulnus
1488 1607 1712 1675 accepit.
1755 1604 1935 1673 Itaque
1981 1606 2060 1656 in-

472 1705 727 1773 gemisce,
756 1705 1051 1776 laerymare
1080 1721 1090 1753 :
1134 1702 1386 1773 Iacrymis
1430 1700 1572 1755 enim
1610 1699 1824 1768 dignum
1851 1705 1934 1750 est
1960 1695 2061 1749 hoc

473 1795 680 1860 vitium,
709 1795 794 1849 cui
815 1794 1051 1849 curando
1083 1792 1286 1847 uulhtm
1325 1789 1726 1845 mansuetudine
1755 1788 1944 1842 melius
1971 1800 2060 1840 re-

474 1887 727 1942 medium.
757 1885 1105 1940 Mansuetudo
1123 1885 1318 1954 quippe
1345 1883 1488 1936 onttti
1519 1881 1767 1935 violentia
1796 1879 2062 1950 potentior

473 1986 577 2032 est.
606 1976 735 2031 Vide
759 1976 915 2046 igitur
939 1974 1207 2045 quomodo
1243 1975 1288 2028 is
1315 1975 1448 2043 ipse,
1473 1973 1560 2040 qui
1585 1972 1774 2040 injuria
1805 1970 2058 2033 afﬁcitur,

474 2075 530 2120 ct
569 2068 620 2120 in
661 2066 826 2120 veteri
859 2077 912 2120 et
953 2067 1003 2119 in
1045 2080 1182 2119 nova
1223 2069 1334 2133 lege
1383 2064 1630 2132 loquatur
1673 2078 1686 2115 :
1735 2061 1803 2114 ibi
1849 2059 2060 2128 quidem

475 2159 661 2215 dicens
692 2176 706 2213 :
733 2159 929 2229 Papule
958 2175 1116 2221 meus,
1157 2159 1277 2226 quid
1299 2157 1393 2226 [cci
1435 2156 1524 2209 tibi
1558 2152 1757 2223 (Miclt.
1786 2153 1838 2206 6.
1865 2154 1897 2206 5
1919 2150 1982 2222 )‘!
2012 2152 2061 2206 itt

484 2266 620 2306 nova
649 2261 851 2314 autem,
875 2251 1053 2310 Saule.
1075 2248 1254 2312 Saule,
1269 2249 1389 2318 quid
1418 2263 1495 2300 me
1519 2246 1825 2315 persequeris
1846 2235 1978 2316 (Act.
2007 2244 2063 2300 9.

479 2342 586 2411 s)?
612 2341 811 2396 Paulus
833 2343 956 2396 item
985 2341 1136 2409 jubet
1161 2338 1493 2394 adversarios
1512 2353 1632 2390 cum
1657 2336 2065 2392 mansuetudine

477 2435 752 2503 corripere
789 2435 877 2504 (2.
912 2433 1042 2488 Tim.
1092 2433 1146 2486 2.
1203 2430 1330 2501 2t).
1379 2429 1496 2500 Ipse
1541 2443 1750 2498 quoque
1799 2428 2061 2493 Christus,

477 2525 692 2593 quando
715 2534 1057 2602 accesserunt
1101 2523 1365 2591 discipuli,
1417 2531 1664 2591 regantes
1695 2530 1753 2573 ut
1799 2521 1970 2590 ignem
1997 2521 2066 2577 de

477 2617 614 2670 ca-lo
637 2618 926 2679 emitteret,
982 2616 1326 2670 vehementer
1369 2613 1660 2681 increpavit
1709 2626 1803 2666 eos
1843 2613 2062 2681 dicens,

481 2705 703 2760 Nescitis
726 2709 875 2777 cujus
892 2707 1098 2776 spiritus
1120 2707 1238 2760 estis
1254 2722 1339 2759 vos
1364 2703 1510 2774 (Luc.
1538 2702 1591 2758 9.
1614 2703 1739 2772 δι).
1765 2701 1861 2756 llic
1886 2712 2063 2757 autem

480 2813 587 2850 non
617 2797 742 2852 dicit
768 2799 896 2868 ipse.
927 2799 972 2854 0
995 2799 1306 2853 exsecrandi
1347 2809 1401 2853 et
1447 2793 1894 2866 prwstigiatorcs!
1924 2811 1956 2848 ο
1988 2795 2066 2848 in-

479 2888 584 2942 vidi
611 2897 665 2944 et
717 2888 988 2944 hominum
1016 2890 1203 2946 salutis
1257 2891 1454 2946 inimici
1477 2891 1490 2945 !
1535 2892 1652 2960 sed,
1678 2895 1812 2961 Quid
1839 2894 2068 2966 cogitatis

541 3000 615 3074 (ᾳ)
650 3001 905 3074 mortem,
931 3011 991 3074 se
1011 3019 1118 3053 τοῦτο
1132 3013 1216 3074 ossi
1233 3016 1440 3074 multa.
1461 3014 1704 3074 asangm,
1733 3019 1846 3069 quae
1866 3008 1937 3057 sic
1954 3022 2067 3056 con-

481 3065 605 3129 verti
637 3065 855 3113 debent:
887 3065 1090 3125 Ideoque
1137 3065 1244 3114 ulte;
1262 3065 1336 3115 ius
1375 3067 1604 3129 progredi
1640 3081 1730 3117 non
1751 3065 2020 3129 'potnermtt
2046 3082 2067 3120 :

478 3123 662 3174 scdicet
686 3138 779 3174 non
817 3123 1078 3186 potuerunt
1121 3140 1184 3178 eo
1213 3123 1440 3190 progredi
1462 3123 1532 3178 "ut
1561 3123 1866 3180 divinitatem
1890 3131 2068 3182 Chrtsti

477 3195 823 3247 agnoscerent.

3634 297 3736 354 5t"?

2171 777 2235 828 ad
2263 777 2657 846 pmititentiam.
2693 777 2840 831 Multi
2875 794 3109 846 namque
3134 780 3348 833 illorum
3372 783 3744 848 pmuitcntiam

2171 877 2480 937 egerunt,et
2510 868 2666 936 probi
2690 870 2816 923 facti
2857 879 3004 932 sunt,
3032 871 3122 940 qui
3147 873 3384 939 perversi
3403 874 3551 941 prius
3569 886 3743 942 erant,

2158 963 2605 1032 «pactuadmodum
2630 963 2842 1026 Paulus,
2869 963 3175 1032 publicanus
3200 1006 3214 1025 ,
3248 967 3381 1019 latro
3413 985 3424 1019 :
3457 983 3576 1020 nam
3605 983 3746 1038 post-

2160 1071 2318 1124 quam
2365 1055 2565 1108 aizania
2625 1056 2854 1119 fuerant,
2903 1055 2956 1109 itt
3007 1058 3236 1109 triticum
3267 1066 3529 1113 maturtun
3561 1062 3746 1115 mutati

2163 1159 2305 1203 Slllll.
2338 1147 2394 1202 ln
2423 1147 2715 1202 seminibus
2741 1157 2890 1202 certe
2918 1147 2968 1201 id
3001 1149 3112 1203 ﬁeri
3144 1151 3362 1220 nequit;
3398 1152 3448 1205 iit
3477 1158 3750 1223 proposito

2163 1253 2217 1294 et
2246 1239 2518 1293 voluntate
2548 1239 2597 1293 id
2639 1248 2785 1293 certe
2839 1239 2990 1293 facile
3037 1249 3116 1294 est
3148 1261 3161 1297 :
3193 1255 3298 1294 non
3359 1243 3498 1296 enim
3546 1253 3750 1299 natura:

2167 1331 2408 1384 terminis
2429 1331 2540 1399 ipsa
2571 1331 2836 1399 alligatur,
2869 1331 2962 1385 sed
2995 1331 3237 1386 libertate
3263 1334 3465 1388 arbitrii
3495 1336 3750 1390 honorata

2165 1422 2284 1477 fuit.
2331 1423 2464 1477 Cum
2505 1438 2634 1492 ergo
2672 1423 2867 1476 videris
2897 1424 3134 1478 veritatis
3164 1424 3404 1488 hostem,
3437 1427 3750 1496 obsequium

2167 1516 2241 1570 illi
2275 1517 2473 1586 przebe,
2517 1531 2700 1570 curam
2753 1516 2890 1570 illius
2938 1515 3096 1582 habe,
3144 1516 3212 1569 ad
3262 1519 3510 1574 virtutem
3567 1522 3748 1585 reduc,

2165 1612 2465 1678 exemplum
2493 1609 2614 1662 vita:
2640 1608 2898 1675 optimum
2933 1609 3192 1676 prmltcns,
3219 1625 3466 1663 sermone
3496 1622 3647 1667 ulcus
3676 1617 3761 1667 itt-

2165 1701 2397 1768 eulpato,
2433 1700 2783 1768 patrocinium
2815 1699 2910 1767 ipsi
2945 1709 2999 1752 et
3045 1714 3226 1754 curam
3280 1701 3614 1771 impendens,
3641 1721 3751 1758 uto-

2166 1793 2290 1847 dum
2320 1809 2532 1846 ntnnent
2563 1791 2951 1846 emendationis
2966 1791 3278 1856 admovens,
3301 1794 3557 1849 imitando
3583 1797 3753 1850 medi-

2167 1902 2258 1941 ους
2288 1888 2537 1955 optimos,
2568 1886 2658 1955 qui
2689 1900 2792 1938 nou
2850 1899 2951 1938 una
2982 1893 3182 1938 tantum
3229 1885 3508 1941 medicinae
3551 1890 3755 1944 ratione

2168 1987 2407 2040 ttltlnltll',
2457 1977 2552 2031 sed
2595 1991 2716 2030 cum
2757 1975 2932 2028 vident
2965 1975 3114 2029 ulcus
3144 1977 3305 2044 priori
3337 1977 3625 2045 pliarmaco
3652 1996 3754 2036 non

2167 2068 2381 2132 cedere,
2429 2067 2573 2120 aliud
2613 2065 2890 2136 adjiciunt,
2941 2076 2993 2120 et
3041 2077 3158 2134 post
3187 2067 3315 2120 illtul
3345 2085 3552 2123 rursmn
3577 2071 3756 2133 aliud;

2167 2171 2221 2213 et
2251 2175 2392 2214 nunc
2416 2165 2620 2230 secant,
2654 2173 2794 2211 nunc
2819 2157 3055 2226 alligant.
3093 2157 3158 2210 Et
3187 2169 3238 2211 ιιι
3265 2159 3438 2228 itaque
3458 2161 3756 2215 animarum

2171 2253 2408 2308 medicus
2432 2252 2673 2317 ell'cctus,
2720 2250 2862 2304 omni
2895 2250 3060 2304 utaris
3088 2252 3306 2306 curandi
3336 2254 3541 2310 ratione
3569 2270 3757 2309 secun-

2169 2344 2294 2398 dtttn
2319 2342 2515 2396 Christi
2547 2342 2692 2410 leges
2711 2383 2725 2407 ,
2754 2351 2811 2394 ιιι
2841 2349 2895 2394 et
2919 2340 3234 2393 salutarium
3285 2358 3510 2412 operum
3545 2353 3755 2399 tuorum

2170 2444 2223 2488 ct
2247 2434 2472 2487 aliorum
2524 2443 2686 2502 parta:
2715 2432 2904 2486 salutis
2945 2432 3246 2486 mercedem
3283 2435 3533 2502 accipias,
3565 2437 3630 2489 ad
3665 2437 3756 2491 Dei

2169 2527 2388 2597 gloriam
2408 2525 2584 2580 omnia
2603 2524 2820 2588 faciens,
2853 2535 2906 2579 et
2934 2525 3058 2578 inde
3080 2525 3170 2578 tibi
3188 2526 3410 2595 gloriam
3431 2528 3721 2583 concilians
3745 2549 3756 2584 :

2171 2634 2292 2673 nam
2314 2619 2407 2684 ait,
2435 2616 2789 2684 Gloriﬁrantes
2818 2633 2896 2670 me
2922 2616 3236 2687 glori/inibo.
3259 2626 3302 2669 et
3330 2619 3414 2680 qui
3441 2629 3756 2673 contemnunt

2168 2726 2266 2772 me,
2289 2719 2668 2762 contemnantur
2695 2709 2714 2780 (
2741 2710 2788 2761 l.
2825 2707 2949 2776 Reg.
2982 2707 3036 2758 ‘2.
3070 2709 3190 2778 50).
3225 2709 3413 2763 ()tnnia
3463 2709 3640 2777 itaque
3690 2713 3757 2766 ad

2169 2805 2284 2869 ejus
2311 2802 2530 2868 gloriam
2561 2801 2838 2866 faciamus,
2867 2810 2924 2855 ιιι
2953 2801 3162 2855 beatam
3209 2803 3350 2856 illam
3383 2815 3582 2859 sortem
3624 2821 3756 2860 con-

2169 2907 2461 2964 sequantur
2490 2910 2505 2947 :
2535 2907 2696 2962 quam
2726 2892 2928 2946 utinam
2962 2907 3151 2947 omnes
3184 2893 3563 2962 adipiscamur,
3592 2899 3756 2966 gratia

2169 2993 2226 3038 et
2277 2984 2600 3052 benignitate
2633 2983 2841 3038 Domini
2871 2984 3036 3037 nostri
3068 2984 3191 3038 .lcsu
3227 2987 3444 3047 Christi.
3471 2988 3555 3042 cui
3593 2989 3757 3058 gloria

2171 3087 2226 3132 et
2255 3077 2557 3147 imperium,
2593 3077 2643 3130 in
2687 3078 2880 3130 sa:cula
2911 3077 3248 3132 smculorum.
3284 3081 3474 3135 Amen.

1595 3388 1940 3451 HOMILIA
2011 3391 2226 3454 XXX.
2244 3391 2330 3454 al.
2363 3391 2605 3453 XXXI.

478 3506 608 3566 Csr.
634 3508 686 3564 9.
713 3523 764 3563 v.
795 3507 849 3563 9.
877 3506 941 3562 Et
961 3524 1073 3562 cum
1103 3509 1333 3562 transiret
1357 3509 1473 3563 inde
1492 3508 1660 3575 Jesus,
1679 3510 1799 3564 vidit
1821 3511 2070 3566 hominem

550 3603 802 3657 scitantem
827 3604 879 3656 in
911 3603 1116 3665 telonio,
1144 3600 1443 3657 Matt/neum
1469 3606 1692 3658 nomine.
1733 3603 1800 3659 Et
1841 3605 1914 3659 ait
1939 3605 2017 3660 illi
2049 3622 2068 3660 :

553 3695 774 3763 Sequere
793 3711 889 3749 me.
923 3693 989 3749 Et
1009 3711 1217 3766 surgens
1233 3707 1469 3766 sequutus
1493 3706 1562 3751 est
1582 3713 1716 3751 emit.

555 3788 606 3842 1.
646 3786 907 3853 Quomodo
945 3803 1034 3840 nos
1061 3803 1232 3857 gerere
1259 3788 1523 3841 debeamus
1562 3804 1682 3856 erga
1728 3787 2066 3843 insidiatores.

485 3877 715 3934 Μαιηιωί
742 3880 933 3932 vacatio
962 3889 1004 3930 ct
1025 3880 1285 3932 virtus.—
1305 3878 1528 3933 Peracto
1558 3879 1836 3944 miraculo,
1864 3894 1966 3934 non
1996 3879 2066 3934 ibi

485 3973 699 4032 mansit,
730 3987 796 4024 ne
825 3971 914 4024 illo
942 3979 1202 4040 praisente
1243 3969 1436 4024 invidia
1486 3971 1652 4039 magis
1699 3971 1942 4035 arderet;
1973 3971 2067 4026 sed

486 4061 537 4113 in
569 4060 789 4130 gratiam
821 4061 1054 4129 ipsorum
1085 4060 1327 4125 recessit,
1362 4070 1418 4113 ιιι
1439 4061 1654 4114 morbus
1683 4061 1775 4115 ille
1799 4062 2069 4132 mitigare-

483 4162 589 4206 tur.
618 4152 748 4207 lllttd
777 4168 990 4222 quoque
1017 4167 1114 4206 nos
1164 4151 1439 4218 faciamus,
1473 4169 1578 4204 non
1610 4151 1766 4205 simul
1794 4161 2066 4208 versantes

481 4262 604 4299 cum
635 4245 1027 4309 insidiantibus,
1076 4244 1172 4300 sed
1218 4260 1402 4298 eorum
1451 4243 1613 4298 ulceri
1663 4244 2063 4314 indulgeamus,

481 4337 734 4391 cedentes
763 4347 814 4391 ct
844 4337 1243 4391 eunti-titionem
1287 4336 1534 4389 vitantes.
1560 4335 1664 4389 Sed
1689 4352 1784 4388 cur
1810 4354 1912 4388 non
1943 4353 2062 4390 cum

483 4427 672 4491 Petro,
717 4427 922 4482 Joanne
976 4436 1031 4482 ct.
1077 4428 1194 4482 aliis
1245 4427 1642 4481 vocavitenm?
1681 4427 1747 4483 Ut
1786 4437 1910 4482 tunc
1941 4429 2066 4484 illuc

483 4518 662 4584 venit,
707 4533 829 4572 cum
881 4520 1045 4585 sciret
1099 4518 1345 4574 homines
1397 4502 1860 4589 obtemperaturos
1901 4535 2059 4574 esse:

484 4609 564 4661 sic
610 4616 737 4661 tunc
784 4607 1084 4662 Mattlucum
1135 4609 1364 4672 vocavit,
1416 4623 1536 4662 cum
1567 4620 1911 4679 sequuturum
1941 4624 2064 4663 eum

483 4713 606 4753 esse
655 4708 894 4753 noverat.
953 4700 1238 4768 Propterea
1283 4699 1443 4755 etiam
1485 4701 1707 4756 Paulum
1735 4711 1854 4770 post
1887 4717 2066 4756 resur-

485 4792 778 4846 rectionem
810 4793 1044 4862 piseatus
1083 4801 1182 4846 est.
1215 4792 1347 4847 Nam
1384 4793 1474 4863 qui
1504 4793 1661 4848 corda
1694 4793 1860 4856 novit,
1890 4802 1944 4848 et
1969 4808 2062 4848 oc-

481 4883 626 4939 culta
677 4883 931 4938 mentium
977 4884 1247 4952 perSpicit,
1299 4884 1502 4940 sciebat
1549 4885 1884 4954 quandouatn
1915 4885 2062 4954 quis-

481 4991 590 5044 que
614 4989 798 5029 eorum
839 4975 1226 5044 obsequuturus
1276 4986 1439 5032 esset.
1492 4976 1723 5046 Ideoque
1767 4993 1870 5030 non
1915 4977 2064 5031 initio

484 5066 694 5120 vocavit
739 5066 884 5119 illum
909 5105 925 5130 ,
969 5081 1090 5120 cum
1117 5067 1290 5120 adhuc
1331 5067 1550 5123 duriore
1579 5078 1720 5124 esset
1745 5068 1942 5134 animo,
1969 5070 2062 5124 sed

485 5166 606 5228 post.
635 5166 882 5211 sexcenta
917 5157 1169 5210 miracula
1191 5199 1205 5220 ,
1237 5173 1356 5212 cum
1404 5159 1538 5212 fatua
1583 5174 1676 5213 sua
1729 5159 2065 5227 percrclntis-

483 5262 586 5312 set,
617 5248 829 5318 quando
859 5249 1003 5302 illum
1030 5257 1254 5302 noverat
1280 5249 1344 5302 ad
1374 5251 1845 5320 obtemperantium
1889 5254 2064 5320 aptio-

486 5357 598 5395 rem
626 5355 766 5395 cssc.
809 5339 926 5394 Non
952 5341 1051 5394 abs
1077 5353 1136 5392 re
1162 5349 1338 5393 autem
1385 5339 1542 5393 fuerit
1569 5343 1794 5410 apostoli
1827 5343 2063 5410 philoso-

483 5431 662 5505 phiam
700 5433 714 5463 ‘
747 5432 958 5493 mirari,
991 5429 1080 5501 qni
1109 5439 1406 5484 anteactam
1439 5431 1599 5484 vitam
1627 5446 1729 5485 non
1757 5431 2061 5497 occultavit,

549 5564 566 5595 ³
599 5561 738 5612 savii.
765 5569 816 5612 et
839 5560 1024 5621 βιοτά,
1047 5558 1376 5671 ιαὲὼιιιίωικ
1412 5561 1500 5610 sed
1548 5575 1660 5620 vox,
1685 5561 2063 5671 'pltileldintt,

554 5623 763 5671 «melius
784 5625 1023 5671 uuadrare
1049 5639 1092 5671 vt
1130 5631 1241 5671 etur
1266 5638 1276 5670 :
1307 5639 1414 5671 nam
1441 5623 1735 5671 nlt‘losmtlna
1767 5639 1860 5671 anu
1915 5625 2063 5671 Chrv-

484 5627 562 5676 hic
582 5623 763 5674 melius
784 5625 1023 5694 quadrare
1049 5623 1246 5694 videtur
1266 5638 1276 5670 :
1307 5639 1414 5692 nam
1441 5623 1735 5694 [till-[Ubﬁjtiliar
1767 5623 2066 5694 apud‘tllay-

479 5694 749 5736 soswmtun
774 5683 880 5746 pro,
921 5687 1109 5745 virtute,
1136 5683 1370 5735 modestia
1415 5683 1466 5748 et
1503 5683 2061 5748 Itmnilitatc."accipitur.

483 5751 572 5802 Hie
585 5762 729 5811 porro
747 5750 1012 5800 multantur
1037 5749 1212 5810 laudat,
1232 5750 1312 5812 qtti
1339 5747 1621 5812 publicanus
1637 5762 1744 5798 cum
1764 5747 1922 5812 esset,
1936 5749 2068 5799 ideo-

2180 3512 2274 3568 scd
2305 3521 2363 3568 et
2391 3529 2584 3568 nomen
2607 3529 2760 3568 suum
2783 3515 2979 3583 posuit,
3007 3516 3147 3586 quod
3177 3518 3266 3573 alii
3303 3519 3352 3572 in
3381 3521 3522 3576 aliud
3566 3538 3760 3580 nomen

2179 3604 2432 3660 mutando
2455 3607 2814 3661 occultavere.
2847 3609 3142 3680 (λιι-,νυτιο
3184 3609 3316 3665 dixit
3360 3613 3530 3682 ipsum
3558 3616 3759 3672 sedisse

2179 3697 2231 3751 in
2260 3698 2494 3752 telonio?
2529 3697 2778 3754 Vocantis
2805 3700 2914 3754 vim
2945 3701 3233 3758 ostendens
3255 3745 3269 3768 ,
3302 3706 3442 3774 quod
3473 3721 3594 3760 cum
3626 3723 3760 3763 uou-

2176 3787 2302 3842 dum
2333 3787 2627 3844 destitisset
2654 3799 2709 3844 et
2737 3789 2984 3860 improbo
3015 3791 3212 3847 tclonio
3241 3793 3489 3863 haereret,
3535 3812 3598 3852 ex
3647 3817 3760 3855 me-

2176 3883 2277 3934 diis
2317 3881 2488 3951 ipsum
2543 3882 2699 3935 malis
2745 3885 3056 3937 extraxerit.
3109 3885 3568 3950 Quemadmodum
3615 3893 3759 3946 enim

2176 3974 2388 4028 beatum
2440 3974 2662 4027 l’aulttm
2697 3974 2957 4029 furentem
2986 3985 3038 4028 et
3065 3977 3215 4031 rabie
3247 3981 3505 4047 percitam
3538 3997 3762 4037 conven-

2175 4067 2234 4119 tit
2262 4084 2274 4117 :
2303 4065 2352 4119 id
2377 4066 2517 4134 quod
2551 4069 2663 4135 ipse
2693 4066 2935 4120 vocantis
2974 4067 3221 4121 virtutem
3274 4069 3648 4126 demonstrans
3684 4075 3762 4130 ait

2173 4157 2238 4209 ad
2280 4157 2498 4213 Galatas
2548 4159 2790 4212 scribens
2821 4177 2833 4211 :
2860 4159 3084 4212 Audistis
3137 4165 3561 4218 conversationem
3599 4183 3761 4221 meam

2172 4247 2446 4315 aliquando
2466 4247 2519 4299 in
2546 4247 2835 4312 Judaismo,
2866 4247 2985 4318 quia
3023 4265 3178 4318 supra
3204 4251 3751 4322 modum-persequebar

2176 4337 2455 4391 Ecclesium
2487 4338 2579 4391 Dei
2610 4338 2760 4411 (Gal.
2796 4340 2849 4396 1.
2891 4341 2992 4411 13)
3025 4341 3140 4395 :sic
3166 4351 3217 4397 et
3242 4343 3532 4411 piscatores
3560 4345 3610 4399 in
3642 4363 3758 4402 meu

2171 4429 2274 4483 diis
2291 4431 2544 4499 operibus
2571 4431 2818 4486 vocavit:
2848 4431 2940 4486 sed
2985 4432 3058 4486 illi
3090 4443 3258 4488 artem
3304 4436 3621 4489 exercebant
3651 4455 3755 4491 non

2173 4523 2578 4592 vituperabilem
2607 4524 2842 4594 quidem,
2876 4525 2970 4580 sed
3001 4540 3120 4594 qua:
3144 4536 3259 4580 erat
3309 4526 3582 4580 hominum
3604 4543 3758 4599 agre-

2174 4619 2359 4681 stium,
2410 4631 2515 4671 uou
2561 4618 2907 4687 urbanorum,
2953 4628 3113 4688 atque
3156 4619 3374 4672 onmiuo
3395 4621 3754 4689 simplicitnn;

2174 4709 2286 4762 lucc
2316 4719 2492 4763 autem
2523 4709 2761 4764 lucrandi
2791 4709 2949 4776 ratio,
2977 4709 3300 4778 impudentia
3330 4711 3480 4778 plena
3507 4722 3641 4778 erat,
3690 4731 3754 4769 ac

2176 4803 2462 4872 petulantia
2485 4844 2498 4866 ,
2532 4815 2770 4872 qua-suis
2797 4803 3008 4872 iniquus
3031 4811 3085 4856 et
3115 4812 3411 4857 mercatura
3439 4804 3712 4861 illiberalis
3740 4826 3752 4860 :

2171 4904 2404 4949 attamen
2453 4895 2582 4948 nihil
2613 4895 2801 4948 horum
2832 4894 3044 4949 erubuit
3079 4896 3123 4949 is
3144 4897 3232 4966 qui
3265 4899 3486 4952 vocavit.
3516 4899 3623 4956 Nec
3654 4918 3756 4954 tnt-

2173 5006 2311 5054 rnm,
2342 4987 2385 5040 si
2407 4987 2748 5058 publicanum
2778 5003 2881 5040 non
2904 4989 3202 5048 erubescat,
3230 4991 3442 5060 quando
3466 5007 3562 5045 nec
3588 5009 3758 5046 merc-

2171 5082 2356 5135 tricem
2379 5094 2570 5134 vocare
2592 5095 2696 5134 non
2726 5078 2885 5135 modo
2914 5095 3018 5134 non
3058 5082 3288 5144 erubuit,
3319 5084 3410 5136 sed
3442 5085 3603 5148 polles
3632 5099 3759 5134 suos

2170 5174 2423 5239 osculari,
2475 5175 2828 5246 lacrymisque
2874 5175 3046 5243 rigare
3091 5177 3352 5245 permisit.
3399 5175 3606 5233 Etenim
3639 5174 3757 5226 ideo

2173 5268 2336 5332 venit,
2370 5280 2474 5320 non
2517 5275 2574 5318 ιιι
2613 5280 2808 5335 corpus
2837 5275 3051 5320 curaret
3093 5267 3299 5327 solum,
3328 5265 3424 5318 sed
3465 5273 3521 5317 ιιι
3563 5264 3756 5318 anima:

2173 5359 2374 5413 morbis
2403 5357 2724 5413 mederetur.
2749 5358 2902 5426 Quod
2935 5359 3094 5413 etiam
3146 5356 3440 5428 paralytico
3463 5355 3717 5428 pra'stitit'
3742 5375 3755 5412 :

2171 5575 2271 5624 que
2293 5560 2421 5624 male
2445 5559 2633 5624 audiret
2653 5559 2778 5622 apud
2817 5557 3024 5624 .tudtros,
3063 5565 3418 5624 nomcqsuutn
3449 5559 3611 5604 tamen
3655 5567 3753 5604 non

2143 5613 2505 5677 occultaverit.
2545 5622 2634 5671 sed
2652 5613 2768 5671 sese
2800 5619 3058 5667 Μειιιιιωυιι
3085 5613 3446 5680 “tmpeilaverit,
3485 5628 3752 5680 aequum-

2171 5700 2284 5735 men
2299 5699 2439 5733 suum
2459 5675 2736 5737 mutaverit,
2751 5681 2877 5742 quod
2896 5686 3051 5727 tamet.
3081 5675 3303 5726 fecerunt
3320 5676 3398 5725 alii
3417 5675 3752 5742 evangelista,

2172 5750 2254 5812 qui
2280 5751 2312 5812 ιι
2329 5762 2435 5796 sunt
2459 5747 2569 5796 Levi
2593 5742 2915 5807 appellarunt.
