4080 6138
432 298 538 354 363

427 425 479 466 et
509 416 785 481 postquam
812 413 956 469 clare
981 415 1308 481 ostenderat,
1339 431 1399 471 se
1426 432 1580 486 posse
1606 428 1817 486 peccata
1841 419 2019 474 dimit-

427 513 558 570 tere,
591 505 660 559 ad
690 506 829 560 hunc
853 517 1035 576 postea
1068 510 1314 572 accessit,
1347 521 1401 564 ut
1442 527 1546 564 non
1569 511 1912 568 turbarentur
1939 516 2018 568 vi-

425 595 617 651 dentes
648 598 983 666 publicanum
1017 601 1069 655 in
1098 601 1480 672 discipulorum
1521 604 1744 658 chorum
1766 606 2015 662 adscribi.

423 685 556 742 Nam
586 691 673 758 qui
707 700 878 757 potest
928 703 1140 761 peccata
1185 695 1360 748 omnia
1401 697 1630 761 solvere,
1664 699 1788 766 quid
1821 696 2013 755 mirum

422 780 466 831 si
491 789 545 834 et
591 783 730 834 hunc
755 785 1052 850 apostolum
1085 784 1280 840 faciat?
1308 786 1412 840 Sed
1443 799 1500 840 ut
1523 787 1753 843 didicisti
1781 794 2018 846 vocantis

423 880 762 936 potestatem,
801 873 880 927 sic
904 874 1049 929 disce
1070 877 1240 930 voeati
1269 876 1649 932 obedientiam.
1671 879 1854 950 Neque
1875 883 2014 935 enim

420 965 752 1033 repugnavit.
785 983 954 1036 neque
979 968 1225 1022 dubitans
1245 969 1411 1024 dixit:
1441 970 1577 1036 Quid
1610 971 1710 1027 hoc
1731 974 1856 1028 est?
1887 991 2013 1028 nttm

427 1069 515 1108 me
556 1054 825 1110 hominem
869 1057 1177 1126 hujusmodi
1236 1058 1604 1116 fraudulenter
1650 1065 1843 1118 vocat?
1883 1066 2012 1119 Nam

425 1158 571 1203 certe
612 1149 980 1218 intempestiva
1021 1151 1207 1206 fuisset
1246 1154 1544 1223 hujusmodi
1583 1156 1874 1211 humilitas.
1907 1158 2011 1214 Sed

421 1243 601 1296 statim
632 1242 864 1297 obedivit
895 1262 907 1298 :
943 1260 1115 1314 neque
1147 1247 1295 1312 petiit
1324 1247 1612 1301 utdumum
1660 1250 1738 1304 ire
1789 1250 2009 1316 liceret,

418 1343 477 1386 ut
519 1348 633 1387 rem
680 1349 800 1388 cum
873 1335 986 1391 suis
1039 1338 1498 1404 communicaret,
1555 1341 2006 1408 quemadmodum

416 1425 577 1480 etiam
598 1426 892 1495 piscatores
919 1427 1157 1484 fecerunt
1191 1446 1202 1481 :
1239 1439 1296 1483 ιιι
1333 1431 1476 1484 enim
1505 1432 1576 1485 illi
1606 1439 1761 1498 retia,
1796 1434 2012 1488 navicu-

419 1517 547 1581 lam,
589 1529 645 1573 et
669 1531 896 1589 patrem,
925 1522 994 1575 ita
1027 1530 1083 1576 ct
1109 1522 1193 1576 hic
1214 1522 1547 1577 teloniariam
1577 1540 1816 1580 mensam
1847 1537 1901 1580 et
1931 1526 2012 1578 lu-

421 1623 572 1662 crum
601 1610 840 1679 reliquit,
872 1622 927 1664 ut
959 1623 1293 1680 sequeretur,
1321 1613 1386 1666 ad
1412 1615 1588 1667 onmia
1620 1624 1858 1684 paratum
1889 1617 2008 1670 ani-

418 1717 565 1755 mum
601 1702 862 1757 exhibens
895 1721 907 1757 :
939 1714 992 1758 et
1040 1719 1070 1757 a
1100 1705 1258 1760 rebus
1285 1706 1534 1760 omnibus
1575 1709 1920 1763 Stecularihus
1953 1724 2010 1764 se

415 1793 598 1846 statim
647 1794 987 1860 abscindens,
1012 1810 1110 1864 per
1138 1795 1503 1851 obedientiam
1538 1798 1824 1866 perfectam
1858 1800 2008 1854 testi-

415 1886 697 1952 lit-abatur,
727 1902 884 1954 quam
917 1889 1236 1956 tempestive
1258 1897 1477 1943 vocatus
1523 1890 1724 1944 fuisset.
1774 1890 1842 1945 Et
1891 1906 2005 1956 cur,

413 1979 643 2046 inquies,
678 1994 783 2033 non
826 1979 894 2034 dc
914 1979 1031 2033 aliis
1051 1979 1206 2043 dixit,
1261 1980 1530 2050 quomodo
1558 1983 1729 2036 vocati
1768 1982 1958 2037 fuerint
1990 2024 2005 2049 ,

414 2068 508 2122 sed
537 2067 604 2122 de
635 2068 793 2123 Petro
815 2077 1038 2131 tantum,
1066 2068 1290 2133 Jact-bo,
1323 2069 1530 2126 Joanne
1561 2081 1614 2125 ct
1645 2071 1908 2141 Philippo,
1939 2073 2008 2128 de

412 2163 626 2216 ett-teris
664 2177 790 2214 vero
821 2161 1120 2230 nusquam?
1162 2160 1294 2228 Quia
1341 2160 1392 2215 hi
1444 2163 1673 2218 maxime
1710 2174 1884 2228 erant,
1915 2164 2006 2232 qui

413 2253 642 2307 humiles
688 2253 767 2307 vel
822 2263 1002 2320 turpes
1046 2263 1190 2308 artes
1246 2254 1598 2319 excreebant;
1651 2270 1822 2323 neque
1861 2256 2004 2308 enim

411 2345 682 2413 quidpiam
723 2355 806 2399 est
850 2346 1134 2415 publicano
1159 2345 1414 2411 deterius,
1440 2347 1520 2401 vel
1539 2347 1804 2416 piscatore
1825 2348 2010 2403 vilius.

413 2437 566 2503 Quod
592 2451 751 2504 porro
779 2437 1054 2505 Philippus
1083 2437 1241 2490 etiam
1291 2437 1427 2492 inter
1461 2438 1723 2507 ignobiles
1762 2455 2007 2494 censere—

414 2535 520 2591 tur,
548 2541 612 2580 (εκ
634 2526 798 2595 patria
831 2527 1014 2594 liquet.
1053 2526 1254 2581 idcirco
1282 2526 1380 2580 hos
1399 2529 1627 2582 maxime
1655 2543 1775 2582 cum
1803 2530 2006 2584 artibus

412 2619 528 2672 suis
577 2618 892 2689 pradicant,
927 2618 1008 2672 his
1055 2618 1392 2674 declarantes
1419 2619 1519 2672 sibi
1551 2620 1712 2673 etiam
1761 2621 1811 2674 in
1844 2622 2004 2676 rebus

413 2711 710 2778 splendidis
754 2710 909 2764 fidem
960 2725 1080 2765 csse
1137 2708 1461 2764 habendam.
1507 2710 1640 2763 Cum
1688 2710 1830 2764 enim
1875 2711 2004 2765 nihil

415 2813 737 2873 pra~lereaut
759 2818 946 2858 eorum
984 2818 1103 2872 qua:
1155 2801 1522 2870 vittq'erabilia
1563 2803 1644 2855 vel
1684 2802 1805 2855 vilia
1856 2814 2002 2865 sunt,

414 2896 508 2950 sed
537 2896 650 2949 Inuc
679 2911 785 2964 prie
815 2895 935 2949 aliis
960 2903 1206 2948 accurate
1231 2893 1540 2961 pra-dicent,
1571 2893 1682 2947 sive
1725 2895 1812 2946 ilia
1843 2894 2006 2963 Inagi-

413 2999 606 3052 strum,
657 2987 771 3040 sive
821 2987 1113 3054 discipulos
1163 2994 1569 3053 spectent,cur
1598 2986 1647 3039 in
1699 2986 2000 3055 splendidis

414 3077 823 3146 conspicuisque
839 3077 1074 3146 suspecti
1101 3074 1318 3142 fuerint,
1370 3091 1489 3129 cum
1515 3076 1743 3130 maxime
1778 3076 1926 3144 signa
1951 3085 2006 3129 et

417 3169 681 3224 miracula
709 3169 874 3223 multa
907 3177 923 3206 ι
948 3178 1395 3237 pra'tereurrant,
1453 3179 1505 3220 et
1547 3185 1662 3236 qua:
1688 3168 1751 3220 ad
1790 3185 2001 3222 crucem

412 3269 674 3330 Spectant,
701 3277 818 3329 qua:
851 3269 1001 3314 certe
1037 3260 1288 3328 probrosa
1324 3260 1569 3314 videntur
1594 3271 1840 3314 accurate
1861 3278 2004 3330 prte-

413 3352 617 3417 tlicc‘ttt,
651 3351 1031 3420 discipulorum
1082 3351 1206 3404 item
1257 3359 1421 3410 artes.
1472 3351 1736 3420 vilemque
1780 3363 1997 3413 sortem,

411 3443 648 3514 magistri
670 3459 879 3513 quoque
899 3443 1286 3513 progenitores,
1307 3443 1397 3511 qui
1431 3444 1508 3497 vel
1545 3460 1608 3497 ex
1643 3446 1889 3511 peccatis,
1919 3446 2000 3498 vel

407 3551 476 3590 ex
514 3535 605 3590 vili
636 3535 944 3590 conditione
980 3534 1088 3586 noti
1131 3542 1304 3596 erant,
1343 3534 1485 3587 clara
1519 3549 1648 3588 voce
1685 3535 1734 3586 in
1769 3536 1999 3588 medium

411 3626 740 3695 pra-ferunt?
769 3625 928 3680 Unde.
955 3625 1294 3677 manifestum
1325 3634 1427 3685 est,
1459 3625 1602 3693 ipsos
1635 3641 1881 3694 magnam
1907 3641 2000 3680 vc-

410 3717 588 3772 ritatis
621 3715 872 3769 habuisse
901 3716 1182 3770 rationem.
1239 3729 1299 3766 ac
1343 3729 1514 3783 neque
1543 3715 1608 3768 ad
1631 3717 1875 3785 gratiam,
1907 3733 1999 3770 ne-

407 3823 517 3878 que
545 3805 610 3860 ad
650 3805 1058 3860 ostentationem
1092 3806 1392 3875 scripsisse.

481 3900 538 3955 2.
567 3897 755 3954 Christi
801 3899 942 3964 apud
987 3897 1282 3951 Matt/mum
1327 3898 1633 3952 rom'ivmttis
1655 3900 1836 3969 agendi
1872 3901 2000 3953 ratio

406 3992 711 4062 explicatur.
755 3988 1150 4058 Rcdurgtmntur
1193 3989 1228 4040 ii
1254 3990 1338 4056 qui
1367 3990 1460 4041 sibi
1500 3993 1689 4058 fumum
1720 3993 1998 4061 cxjejuuio

405 4101 588 4158 parcre
622 4091 821 4138 cura-nt.
871 4081 1224 4140 —-.\v’ocattun
1262 4085 1438 4151 itaque
1470 4082 1773 4137 Mattlneum
1809 4101 1999 4152 magno

407 4177 587 4232 affecit
639 4176 844 4230 honore
887 4174 954 4229 ad
1003 4191 1240 4229 mensam
1283 4176 1591 4236 admittens.
1621 4194 1727 4245 quo
1759 4178 1902 4230 illutn
1931 4176 1999 4232 de

404 4270 587 4325 futuro
617 4267 752 4323 bene
779 4249 994 4339 sperare
1022 4279 1194 4331 curat,
1219 4279 1271 4321 ct
1294 4267 1548 4337 majorem
1575 4269 1706 4322 indit
1728 4270 1994 4324 fiduciam.

407 4359 523 4416 Non
559 4359 699 4413 enim
730 4359 780 4412 itt
812 4358 1046 4410 sanauda
1065 4358 1180 4426 ejus
1207 4359 1480 4426 iniqttitate
1502 4360 1722 4412 multum
1743 4361 1999 4429 temporis

403 4451 672 4515 adhibuit,
719 4449 815 4505 sed
862 4449 989 4503 illud
1039 4451 1219 4502 statim
1271 4449 1469 4503 factum
1513 4461 1623 4513 est;
1668 4468 1839 4521 neque
1871 4469 1995 4506 eum

405 4541 503 4597 illo
531 4549 742 4596 tantum
775 4540 1043 4594 recumbit
1063 4539 1128 4592 ad
1146 4555 1413 4604 mensam,
1431 4540 1524 4594 sed
1549 4556 1671 4594 cum
1691 4541 1813 4595 aliis
1837 4540 1977 4595 mul-

399 4633 480 4688 tis
500 4651 514 4688 :
536 4648 864 4702 quamquam
888 4633 937 4684 id
959 4633 1036 4685 illi
1054 4631 1548 4702 crintiuidabatur,
1565 4632 1707 4700 quod
1733 4643 1982 4699 peccato-

406 4739 499 4778 res
522 4740 632 4778 non
655 4725 914 4794 abigeret.
939 4723 1138 4777 Verum
1165 4739 1339 4792 neque
1366 4724 1468 4777 hoc
1497 4722 1674 4775 celant
1705 4720 1980 4791 evangeli-

409 4824 509 4868 slae
536 4817 808 4882 quomodo
847 4816 918 4868 illi
948 4816 1242 4870 accusandi
1270 4816 1595 4870 occasiones
1637 4814 1928 4882 captabant
1965 4853 1980 4879 ,

405 4902 527 4972 eius
549 4902 890 4971 explet-antes
915 4918 1095 4972 Opera.
1125 4902 1465 4957 Conveniunt
1504 4918 1662 4970 porro
1688 4905 1951 4974 publicani
1980 4947 1994 4971 ,

406 4991 560 5063 quasi
609 4993 674 5046 ad
723 4995 852 5047 artis
896 5005 1231 5058 consortem;
1280 5011 1401 5048 natu
1432 4994 1620 5050 honori
1661 4996 1762 5050 sibi
1795 4997 1994 5053 ducens

403 5085 547 5156 quod
573 5084 816 5140 Christus
846 5084 911 5139 ad
940 5102 996 5139 se
1025 5088 1276 5152 venisset,
1305 5101 1491 5142 omnes
1514 5092 1845 5144 convocavit.
1877 5091 1996 5145 Ete-

402 5182 513 5236 nim
544 5192 704 5234 omne
742 5177 1030 5232 curationis
1070 5193 1238 5247 genus
1266 5179 1506 5234 Christus
1544 5181 1862 5247 adhibebat,
1894 5198 1994 5239 nec

401 5273 566 5331 modo
585 5288 706 5328 eum
739 5270 1164 5333 concinnaretur,
1199 5284 1318 5323 cum
1343 5281 1574 5334 curaret,
1600 5287 1720 5327 cum
1751 5274 1992 5330 inimicos

401 5366 770 5436 redargueret,
830 5362 922 5418 sed
973 5362 1132 5414 etiam
1181 5377 1302 5417 eum
1352 5364 1741 5427 convivat-stur,
1794 5365 1991 5422 multos

407 5458 550 5512 male
581 5456 799 5512 affectos
829 5453 1149 5509 emetulahat
1173 5471 1186 5507 :
1213 5452 1295 5507 his
1321 5467 1418 5507 nos
1442 5453 1641 5509 docens
1666 5471 1824 5512 omne
1855 5467 1990 5513 tem-

405 5562 505 5616 pus
553 5562 818 5616 omneque
867 5560 1000 5618 opus
1049 5559 1203 5613 posse
1251 5543 1403 5598 nobis
1448 5544 1724 5600 utilitatem
1778 5544 1988 5603 afferre.

403 5639 658 5704 Quamvis
684 5647 859 5692 autem
881 5653 944 5692 ea
965 5653 1084 5706 qute.
1112 5645 1236 5691 tunc
1255 5635 1495 5704 apposita
1520 5645 1692 5701 erant,
1719 5638 1991 5708 iniquitate

479 5773 493 5802 ³
531 5767 645 5826 Alii.
667 5782 776 5819 cum
792 5771 1000 5823 maxime
1025 5769 1162 5837 siqua
1186 5769 1336 5821 multa
1358 5777 1401 5820 et
1429 5769 1681 5822 mirabilia.

1179 302 1235 358 S.
1276 302 1552 360 JOANNIS
1589 303 2064 362 CHRYSOSTOMI
2101 308 2418 370 ARCHIE'P.
2457 316 2992 382 CONSTANTINOP.

3594 340 3695 396 3M

2124 433 2179 478 et
2201 429 2424 483 avaritia
2455 443 2602 498 parta
2627 445 2814 491 essent
2847 456 2859 492 :
2896 457 3002 497 non
3031 446 3293 501 reettsavit
3317 457 3493 505 tamen
3549 455 3698 510 Citri-

2109 528 2230 575 stus
2251 520 2333 575 his
2360 521 2628 577 convivari
2654 527 2806 594 :quia
2834 545 3083 598 maguum
3113 535 3233 590 inde
3261 539 3461 594 lue-rum
3487 558 3699 602 eventu-

2120 621 2236 662 rum
2276 619 2423 676 erat;
2465 615 2556 668 sed
2584 619 2978 677 contubernalis
3006 636 3059 679 et
3085 630 3358 686 morietur
3397 648 3481 688 est
3513 654 3696 696 eorum

2119 699 2207 792 qui
2252 699 2552 770 hujusmodi
2602 708 2861 778 iniquitati
2905 729 2965 768 se
3010 715 3341 775 dcdulerant.
3385 725 3695 792 Huiusmodi

2119 790 2315 860 quippe
2337 794 2592 860 medicus,
2627 801 2724 854 nisi
2753 818 3016 872 a'grorutn
3048 812 3379 877 putrediuem
3410 790 3559 881 ferat,
3593 838 3695 877 non

2118 893 2212 934 cos
2237 897 2267 935 a
2300 885 2486 940 morbo
2511 889 2647 943 eruit
2682 907 2695 943 :
2728 907 3045 963 quamquam
3076 899 3198 955 inde
3237 905 3429 960 malam
3471 910 3570 963 sibi
3617 914 3692 968 fa-

2119 987 2260 1028 mam
2283 978 2592 1047 attralteret,
2625 992 2678 1036 et
2704 989 2844 1052 quod
2873 1003 2993 1044 cum
3023 991 3114 1044 illo
3138 995 3344 1062 ederet,
3384 1009 3434 1054 et
3470 1006 3611 1072 quod
3641 1010 3692 1063 in

2115 1063 2276 1118 domo
2305 1067 2420 1134 ejus
2449 1085 2569 1124 cum
2621 1075 2910 1142 publicanis
2951 1081 3156 1139 multis.
3203 1085 3330 1142 Vide
3355 1063 3533 1146 autem
3563 1113 3692 1161 quo.

2118 1157 2279 1212 modo
2323 1159 2372 1214 id
2420 1162 2490 1216 illi
2533 1166 2726 1230 probro
2751 1182 2958 1226 vertant
2984 1193 2997 1226 :
3027 1175 3159 1230 Ecce
3187 1179 3336 1234 homo
3363 1184 3500 1239 edax
3522 1157 3694 1244 etvini

2118 1257 2335 1314 potator,
2357 1254 2739 1322 publicanorum
2753 1263 2943 1317 amicus
2968 1275 3012 1318 et
3031 1281 3347 1335 peccatorum
3373 1275 3451 1341 (Μ
3456 1280 3582 1332 (mli.
3604 1284 3688 1336 Η.

2118 1339 2230 1410 19).
2263 1344 2492 1398 Audiant
2524 1347 2594 1400 illi
2624 1350 2712 1418 qui
2743 1369 2983 1423 tttagnaut
3025 1360 3124 1412 sibi
3156 1362 3346 1417 famam
3381 1339 3450 1422 ex
3491 1370 3692 1437 jejunio

2115 1446 2303 1500 parere
2325 1445 2569 1506 satagunt
2603 1458 2615 1492 :
2649 1445 2988 1517 cogitentqttc
3023 1451 3301 1510 Dominum
3333 1471 3572 1515 uostmm
3603 1482 3690 1516 vo-

2113 1540 2288 1625 racem
2329 1539 2382 1583 et
2413 1530 2516 1584 vini
2547 1543 2842 1601 putatorem
2880 1553 3119 1598 vocatum
3145 1546 3307 1604 fuisse
3330 1593 3344 1618 ,
3367 1570 3548 1625 neque
3573 1573 3690 1614 eru-

2111 1615 2319 1682 buisse;
2368 1621 2460 1676 sed
2495 1624 2606 1678 lucc
2643 1631 2818 1682 omnia
2851 1631 3182 1704 despexisse,
3217 1650 3272 1694 ut
3299 1659 3410 1698 rem
3433 1615 3532 1702 sibi
3566 1666 3690 1718 pro-

2114 1711 2335 1778 positam
2381 1717 2710 1785 perficeret;
2760 1723 2809 1775 id
2839 1727 2978 1794 quod
3027 1730 3186 1786 etiam
3232 1739 3431 1790 evenit.
3474 1711 3602 1796 Nam
3640 1756 3690 1799 et

2111 1800 2422 1867 publicanus
2444 1821 2731 1866 conversos
2757 1823 2839 1867 est
2864 1825 2913 1869 et
2945 1818 3134 1874 melior
3153 1823 3389 1882 effectus.
3424 1829 3491 1885 Ut
3513 1845 3689 1889 autem

2111 1891 2303 1954 discas,
2327 1907 2577 1964 quantum
2607 1899 2728 1955 boui
2759 1907 3037 1964 accederet
3076 1912 3142 1966 iis
3180 1916 3266 1984 qui
3308 1918 3547 1986 ejusdem
3572 1940 3689 1979 cum

2110 1998 2174 2036 eo
2205 2001 2401 2042 mensa:
2424 1991 2704 2062 participes
2719 2007 2921 2065 essent,
2943 2002 3064 2056 audi
3092 2006 3214 2074 quid
3241 2008 3378 2064 dicat
3404 2012 3691 2071 Zacehaeu-s

2109 2075 2243 2129 alius
2273 2079 2601 2146 publicanus.
2652 2088 2781 2153 Quia
2810 2090 2951 2144 eui-ut
2981 2095 3181 2150 audivit
3209 2099 3478 2158 Christum
3510 2105 3691 2160 dicen-

2113 2176 2218 2220 tem
2241 2209 2254 2231 ,
2289 2169 2456 2227 Ilodic
2484 2175 2536 2228 in
2565 2177 2713 2232 domo
2752 2191 2838 2234 tua
2866 2196 3059 2252 oportet
3086 2207 3164 2244 me
3189 2209 3388 2248 mtmere
3412 2198 3429 2266 (
3455 2198 3579 2252 Luc.
3602 2203 3686 2256 19.

2107 2259 2188 2324 5),
2219 2263 2413 2330 gaudio
2455 2268 2731 2335 perfusus,
2762 2273 2890 2328 dixit
2919 2293 2932 2329 :
2966 2277 3241 2336 Dimidium
3272 2287 3512 2341 bonorum
3560 2309 3690 2344 meo-

2107 2367 2219 2404 rum
2244 2354 2309 2406 do
2337 2359 2662 2424 pauperibus,
2689 2373 2736 2415 et
2759 2367 2936 2430 siquid
2960 2368 3174 2440 aliquem
3191 2373 3509 2444 defraudavi,
3536 2383 3690 2436 red'o

2106 2446 2446 2516 quadruplum
2477 2450 2618 2518 (Ibid
2669 2468 2716 2507 tt.
2749 2455 2825 2526 8).
2850 2457 2943 2512 Ctti
2976 2465 3246 2531 respondit
3285 2466 3480 2528 Iesus:
3528 2471 3692 2528 Nutha

2103 2537 2244 2590 solus
2271 2539 2443 2592 domui
2471 2542 2586 2595 huic
2612 2547 2748 2614 facta
2773 2559 2844 2601 est
2871 2549 2919 2619 (Ι
2930 2553 3029 2605 bid.
3056 2569 3103 2606 υ.
3133 2555 3207 2627 9).
3239 2558 3326 2613 Sit:
3346 2576 3410 2615 ex
3441 2567 3689 2618 munibus

2107 2630 2242 2683 alios
2271 2631 2549 2690 instituere
2579 2637 2718 2693 licet.
2756 2641 2819 2696 Et
2862 2648 3129 2712 quomodo
3151 2690 3167 2716 ,
3204 2650 3412 2722 inquies
3434 2697 3448 2718 ,
3492 2657 3692 2713 Paulus

2105 2724 2346 2790 prtecipit
2372 2742 2384 2776 :
2411 2725 2472 2780 Si
2497 2728 2626 2794 quis,
2650 2746 2763 2784 cum
2781 2733 2937 2801 frater
2957 2741 3258 2809 nominetur,
3272 2746 3341 2797 sit
3358 2748 3688 2815 foruicarius,

2107 2825 2193 2865 aut
2225 2831 2425 2881 avarus,
2453 2835 2566 2872 cum
2587 2838 2644 2874 eo
2666 2839 2727 2876 ne
2751 2827 3008 2882 cotttedere
3031 2833 3230 2900 quidem
3248 2849 3447 2905 oportet
3471 2843 3517 2908 (Ι
3536 2841 3688 2895 .‘Cor.

2107 2906 2159 2960 5.
2193 2905 2320 2978 tt)?
2348 2910 2417 2962 At
2441 2926 2544 2965 non
2575 2921 2738 2981 patet,
2763 2932 2835 2970 .an
2868 2919 2992 2973 illud
3019 2924 3175 2976 etiam
3209 2905 3488 2997 magistris
3505 2935 3692 2999 princi-

2106 3001 2315 3069 piatur,
2359 3018 2530 3073 ueqttc
2574 3006 2747 3061 solum
2789 3009 3056 3067 fratribus.
3095 3014 3292 3070 Deinde
3335 3020 3406 3074 illi
3451 3025 3687 3082 nondum

2109 3090 2326 3159 perfecti
2358 3097 2603 3165 auctique
2631 3111 2815 3163 erant,
2865 3119 3033 3170 neque
3068 3103 3320 3162 fratribus
3361 3125 3688 3168 annumera-

2105 3183 2318 3239 bautur.
2377 3185 2455 3239 Ad
2507 3187 2622 3243 ha-c
2667 3206 2791 3244 vero
2837 3192 3052 3256 Paulus,
3088 3195 3197 3263 jam
3227 3199 3346 3254 illos
3385 3201 3435 3252 itt
3465 3202 3688 3257 fratrum

2106 3294 2383 3333 numerum
2427 3280 2659 3336 adscitos
2697 3287 2928 3340 aversari
2953 3289 3133 3355 jubet,
3167 3291 3208 3344 si
3247 3292 3297 3346 in
3329 3295 3478 3348 malis
3510 3313 3689 3363 perse-

2107 3382 2290 3425 verent
2325 3390 2337 3425 :
2371 3373 2422 3426 hi
2450 3385 2627 3428 autem
2660 3379 2799 3431 male
2839 3395 2998 3446 agere
3045 3395 3384 3438 cessaverant
3419 3390 3686 3447 conversi.

2108 3466 2300 3520 Verum
2333 3468 2460 3522 nihil
2493 3469 2681 3522 horum
2712 3471 3010 3526 Pharisreos
3039 3481 3392 3544 cotnpressit,
3442 3480 3539 3533 sed
3583 3483 3685 3534 eri;

2105 3559 2368 3612 minantes
2396 3561 2774 3629 aggrediuntur
2801 3563 3090 3632 discipulos
3122 3567 3202 3620 his
3229 3569 3402 3622 verbis
3429 3587 3441 3621 :
3474 3572 3566 3627 Η.
3591 3571 3689 3625 Cur

2103 3666 2218 3705 cum
2284 3652 2565 3720 publicanis
2625 3663 2670 3705 et
2727 3657 3072 3722 peccatoribus
3128 3660 3398 3712 mamlucat
3451 3663 3688 3731 magister

2102 3745 2296 3798 vester?
2321 3745 2374 3798 Et
2407 3761 2526 3798 cum
2562 3747 2801 3815 discipuli
2834 3763 3056 3816 peccare
3101 3751 3376 3817 videntur,
3415 3751 3685 3810 Christum

2100 3837 2182 3890 sic
2206 3837 2549 3905 alloquuntur
2581 3854 2592 3887 :
2635 3836 2764 3890 Ecce
2800 3839 3036 3908 discipuli
3072 3841 3146 3893 tui
3187 3845 3379 3912 fut-imit
3418 3848 3558 3914 quod
3588 3866 3683 3900 non

2103 3928 2215 3980 licet
2253 3929 2304 3980 in
2347 3929 2552 3982 satbuto
2596 3928 2762 3997 facere
2790 3931 3001 3995 (:‘ilattlt.
3035 3932 3101 3986 12
3149 3933 3239 4002 9.);
3271 3935 3354 3990 ltic
3379 3952 3506 3990 vero
3547 3939 3681 4006 apud

2101 4019 2387 4088 discipulos
2433 4021 2700 4074 Clu-istum
2748 4023 3112 4076 crimimuttur.
3161 4026 3290 4092 Qu:e
3315 4030 3493 4081 omnia
3529 4030 3682 4085 mali-

2100 4113 2370 4181 gnaulium
2417 4122 2586 4175 erant,
2631 4123 2683 4166 et
2730 4114 3018 4167 volentium
3055 4116 3430 4184 tl'SCiplliOl‘lllll
3458 4121 3680 4174 chorum

2099 4218 2128 4256 a
2154 4203 2405 4270 magistro
2427 4205 2815 4270 avellere.Quid
2837 4207 2991 4274 igitur
3009 4208 3266 4262 immensa
3292 4209 3377 4262 illa
3400 4212 3682 4278 sapientia?

2107 4296 2188 4348 12.
2225 4294 2342 4347 Non
2367 4295 2609 4366 indigent.
2643 4298 2839 4366 inquit,
2889 4299 3000 4350 sttui
3030 4301 3243 4363 medico,
3292 4302 3378 4354 sed
3422 4306 3508 4370 qui
3557 4305 3683 4357 male

2102 4387 2300 4440 habent.
2334 4387 2464 4441 Vide
2496 4389 2762 4456 quomodo
2795 4405 3094 4443 sermonem
3138 4407 3323 4445 eorum
3371 4394 3420 4446 itt
3461 4405 3680 4448 contra-

2101 4477 2238 4529 rium
2281 4479 2457 4531 vertit.
2492 4477 2567 4531 Illi
2601 4494 2828 4545 namque.
2870 4480 3078 4532 erimini
3121 4481 3318 4533 dabant
3361 4481 3492 4551 ipsi,
3540 4484 3680 4552 quod

2100 4569 2335 4624 cntnillis
2357 4579 2690 4636 versaretur;
2711 4570 2798 4622 ille
2819 4572 3142 4624 contrarium
3168 4574 3384 4641 profert,
3411 4574 3678 4646 indignum

2103 4656 2427 4727 benignitate
2474 4675 2567 4711 sua
2619 4675 2738 4714 esse
2777 4661 2820 4714 si
2875 4678 2977 4715 nou
3008 4679 3126 4716 eum
3159 4663 3263 4719 illis
3306 4677 3580 4732 versetur;
3621 4683 3679 4721 ac

2101 4768 2206 4805 non
2239 4752 2395 4804 tnodo
2436 4767 2493 4806 se
2533 4754 2756 4808 crimine
2788 4769 3008 4809 vacuum
3037 4771 3157 4811 esse
3195 4775 3314 4812 cum
3346 4759 3464 4813 illos
3493 4778 3674 4814 emen-

2100 4843 2282 4909 daret,
2316 4844 2408 4898 scd
2437 4860 2547 4898 rem
2578 4860 2697 4899 esse
2731 4848 3044 4916 pr:ecipuam
3067 4890 3082 4912 ,
3125 4858 3178 4903 et
3206 4852 3556 4904 tteCessariam
3581 4894 3595 4913 ,
3627 4859 3678 4905 cl

2100 4936 2245 4991 inille
2271 4937 2513 4991 laudibus
2554 4939 2789 5008 dignam.
2838 4940 3037 4994 Deinde
3066 4958 3131 4995 ne
3169 4943 3438 4997 videretur
3465 4953 3677 4997 vocatos

2097 5031 2300 5100 pudore
2328 5030 2575 5095 afficere,
2607 5046 2726 5084 cum
2757 5031 2991 5094 (liceret,
3028 5032 3127 5098 Qui
3163 5037 3294 5086 male
3319 5035 3525 5099 habent,
3558 5033 3677 5086 vide

2097 5122 2364 5190 quomodo
2410 5123 2570 5177 leniat
2617 5123 2783 5186 illttd,
2831 5139 2950 5177 cum
2995 5124 3112 5178 illos
3153 5124 3391 5193 increpat
3431 5135 3485 5181 et
3513 5127 3673 5179 dicit:

2099 5213 2186 5268 45.
2222 5213 2432 5278 Euam,
2465 5215 2643 5267 discite
2660 5215 2782 5283 quid
2803 5225 2894 5277 est,
2925 5214 3324 5270 Misericordium
3347 5218 3479 5280 volo,
3509 5227 3674 5269 etnon

2095 5306 2400 5375 sacri/icium
2431 5305 2583 5374 (Osce
2611 5307 2664 5361 6.
2697 5308 2773 5375 6).
2807 5307 2915 5361 Hoc
2954 5317 3126 5360 autem
3160 5309 3402 5374 dicebat,
3432 5308 3671 5375 Seriptu-

2097 5415 2272 5452 rarum
2325 5398 2672 5465 ignorantiam
2721 5398 2849 5468 ipsis
2891 5400 3018 5452 vitio
3048 5411 3280 5454 vertens.
3320 5402 3671 5468 Quamobrem

2095 5485 2551 5554 acriusloquitur,
2577 5503 2682 5541 non
2716 5488 2918 5557 iratus;
2935 5490 3110 5557 absit;
3133 5492 3224 5546 sed
3247 5495 3405 5547 neilli
3425 5494 3663 5546 animum

2095 5579 2515 5648 desponderent.
2549 5580 2891 5651 Quamquam
2933 5584 3115 5638 dicere
3143 5595 3352 5653 poterat
3384 5604 3396 5639 :
3435 5586 3545 5640 Non
3575 5599 3667 5638 co-

2097 5668 2320 5736 gitatis,
2372 5672 2646 5737 quomodo
2704 5669 3003 5742 pat‘alytico
3054 5687 3272 5742 peccata
3323 5674 3667 5731 dimiserim?

2099 5777 2294 5828 corpus
2313 5761 2430 5831 ejus
2450 5763 2778 5816 firmaverim
2802 5763 2824 5816 ?
2844 5765 2912 5818 At
2929 5765 3065 5820 nihil
3083 5767 3275 5822 horum
3297 5767 3428 5822 dicit
3450 5786 3463 5820 :
3482 5781 3664 5822 rerum
