4080 6138
463 307 571 364 θεῖε

467 438 496 476 a
522 418 895 476 communibus
920 415 1211 473 ratiociniis
1237 414 1355 469 illos
1381 409 1686 482 aggreditur
1714 408 1964 477 primum.
1996 410 2051 455 et

470 523 652 582 postea
677 527 708 577 ξι
735 510 1043 580 Scripturis.
1072 508 1203 565 Cum
1225 507 1444 559 dixisset
1472 502 1612 555 enim
1637 541 1651 565 ,
1688 498 1806 552 Non
1837 506 1906 550 est
1929 511 2055 564 opus

469 604 752 657 ratentibus
792 604 1012 655 medicus
1037 640 1050 662 .
1094 600 1180 651 sed
1211 598 1340 649 male
1367 592 1659 646 habentibus
1682 633 1698 656 ,
1737 599 1790 643 et
1817 587 2052 656 scipsum

469 708 590 747 esse
630 695 894 747 medicum
932 692 1258 744 subobscure
1287 687 1610 740 declarasset
1648 700 1661 735 :
1706 694 1829 734 tunc
1874 679 2004 733 dixit
2036 720 2051 743 ,

473 784 664 837 Enntcs
686 826 699 844 .
728 784 905 836 discite
943 782 1066 848 quid
1103 788 1208 841 est,
1249 776 1648 831 illisericordiam
1693 775 1834 837 volo,
1868 783 1913 824 et
1953 787 2055 822 non

468 876 796 944 sacriﬁcium.
821 874 931 927 Hoc
953 882 1007 927 et
1036 872 1227 925 Paulus
1250 870 1390 921 facil.
1419 858 1595 921 Primo
1612 866 1752 918 enim
1776 881 1803 916 a
1822 878 2055 917 commu-

470 969 628 1021 nibus
669 965 926 1034 exemplis
959 965 1035 1019 sic
1060 978 1252 1016 orsus:
1286 962 1411 1024 Qui;
1453 958 1610 1028 pascit
1644 972 1871 1027 gregem,
1911 962 1956 1005 et
1991 969 2054 1006 ea:

469 1060 598 1113 lacte
622 1060 730 1129 ejus
759 1074 857 1111 non
882 1057 1095 1110 comedit
1127 1056 1201 1125 (Ι.
1229 1054 1346 1107 Cor.
1375 1051 1427 1106 9.
1460 1051 1553 1117 7)?
1583 1059 1705 1104 tunc
1748 1048 2051 1115 Scripturas

386 1146 394 1155 ’
471 1151 705 1213 inducit,
738 1158 791 1202 et
814 1148 888 1202 ait
916 1165 930 1200 :
962 1146 1024 1201 In
1055 1149 1161 1217 lege
1189 1161 1402 1214 namque
1442 1142 1632 1211 Moysis
1671 1141 1914 1207 scriptum
1941 1146 2013 1190 est
2033 1178 2048 1201 ,

446 1246 453 1251 “
475 1242 591 1297 Non
620 1242 851 1311 ailigabis
873 1258 930 1296 os
955 1241 1063 1293 bovi
1086 1238 1336 1291 triturauti
1363 1234 1411 1308 (Ι
1420 1235 1522 1288 bid.
1542 1233 1648 1289 v.9.
1678 1231 1829 1284 Deut.
1853 1229 1942 1283 25.
1971 1228 2048 1295 4);

468 1348 532 1387 ac
553 1350 763 1388 rursum
784 1373 799 1398 ,
829 1333 919 1387 Sic
954 1331 1202 1383 Dominus
1226 1328 1515 1392 constituit,
1544 1336 1598 1378 nt
1623 1325 1707 1394 qui
1740 1322 2051 1391 evangelium

468 1427 805 1489 annuntiant,
850 1440 915 1478 ea:
959 1420 1217 1492 evangelio
1263 1423 1427 1473 vivant
1476 1417 1692 1487 (LCor.
1732 1415 1785 1470 9.
1830 1415 1938 1483 14).
1969 1412 2047 1466 Ad

468 1520 756 1587 discipulos
785 1527 962 1571 autem
987 1532 1092 1570 non
1117 1516 1193 1569 sic
1218 1532 1233 1577 ;
1260 1514 1352 1567 sed
1375 1514 1523 1581 signa
1550 1525 1643 1564 sua
1666 1511 1715 1562 iu
1741 1508 2051 1561 memoriam

471 1610 674 1665 reducit
707 1610 808 1663 hoc
835 1621 987 1678 pacto
1017 1626 1031 1663 :
1065 1608 1185 1660 Non
1215 1605 1508 1659 meministis
1539 1604 1753 1673 quinque
1772 1617 1982 1670 panum,
2008 1610 2054 1652 et

471 1704 729 1763 hominum
761 1704 978 1771 quinque
1007 1700 1257 1765 millium,
1288 1708 1332 1752 ct
1360 1708 1478 1768 quo!
1521 1697 1762 1766 cophinos
1783 1693 2055 1764 collegistis

471 1794 679 1866 (Matth.
716 1795 929 1861 16.9)?

544 1885 599 1939 3.
641 1884 745 1939 Sed
795 1900 898 1937 non
952 1884 1019 1936 ita
1071 1898 1131 1936 se
1177 1881 1311 1951 gerit
1348 1895 1465 1934 cum
1508 1879 1655 1941 iatTS;
1688 1894 1871 1933 rerum
1901 1892 2051 1931 com-

469 1993 686 2032 munem
707 1976 1066 2030 inlirmitatem
1098 1982 1511 2037 commemorat,
1551 1970 1887 2039 ostenditque
1914 1970 2057 2039 ipsos

468 2070 627 2124 etiam
658 2085 721 2122 ex
754 2067 1081 2121 infirmorum
1106 2081 1326 2119 nmnero
1349 2080 1497 2127 es.~c,
1523 2064 1607 2131 qui
1641 2078 1737 2115 nec
1757 2061 2057 2129 Scripturas

470 2159 708 2213 sciebant
744 2199 760 2223 ,
805 2169 860 2212 et
914 2172 1127 2211 onmem
1167 2157 1412 2208 virtutem
1467 2153 1833 2221 negligentes.
1879 2152 1932 2206 in
1971 2166 2055 2205 sa-

470 2253 683 2307 crificiis
747 2261 914 2305 totum
982 2248 1375 2303 constituebant
1431 2264 1444 2299 :
1503 2246 1642 2315 quod
1711 2243 2058 2299 subindicans

474 2343 627 2412 ipse.
661 2342 710 2395 id
756 2342 894 2410 quod
939 2357 967 2394 a
1016 2340 1287 2409 prophetis
1326 2339 1572 2393 omnibus
1604 2337 1800 2390 dictmu
1846 2335 2056 2400 fuerat,

476 2434 656 2503 ικηιείδ
686 2435 846 2487 refert
878 2432 1062 2485 dicens
1093 2450 1106 2485 :
1138 2430 1326 2483 Discite
1349 2430 1470 2500 quid
1508 2438 1580 2481 est
1601 2469 1616 2491 ,
1659 2426 2058 2483 Misericordiam

477 2526 612 2592 colo,
639 2537 688 2578 et
713 2542 812 2578 non
833 2525 1140 2591 sacri/icium
1168 2522 1322 2589 (Osee
1345 2522 1397 2576 6.
1424 2522 1501 2588 6).
1524 2522 1616 2575 His
1636 2522 1778 2574 enim
1805 2520 2054 2581 ostendit,

476 2633 582 2671 non
613 2633 672 2672 se
701 2618 878 2686 inique
906 2633 1087 2686 agere,
1113 2616 1204 2670 sed
1234 2617 1406 2684 ipsos;
1430 2631 1491 2668 ae
1520 2618 1561 2668 si
1594 2615 1817 2679 diceret,
1836 2615 1944 2666 Cur
1973 2629 2062 2667 ac-

476 2710 675 2764 cusatis
702 2711 821 2765 me?
847 2726 911 2763 an
939 2711 1062 2779 quia
1090 2719 1396 2779 peccatores
1424 2709 1689 2761 emeudo‘!
1717 2708 1856 2777 Ergo
1885 2717 1932 2759 el
1959 2707 2058 2759 l'a-

479 2813 614 2857 trem
664 2818 838 2855 tneum
887 2801 986 2855 hac
1030 2800 1097 2855 de
1140 2816 1198 2855 re
1241 2798 1579 2853 accusabitis.
1624 2798 1777 2865 Quod
1828 2808 1882 2851 et
1932 2798 2057 2853 alibi

479 2893 665 2949 eadem
692 2902 868 2948 mente
905 2894 1114 2948 dicebat
1139 2911 1151 2946 :
1183 2892 1334 2945 Pater
1363 2909 1499 2945 meus
1526 2909 1682 2963 usque
1708 2891 1856 2944 modo
1881 2908 2060 2960 operu-

481 2994 586 3045 tur.
630 2995 680 3039 ει
731 3002 821 3055 ego
872 3002 1053 3054 operor
1098 2983 1282 3056 (Joan.
1333 2982 1389 3037 5.
1443 2985 1568 3053 l7);
1616 2995 1668 3037 et
1695 2983 1780 3036 hic
1809 2997 2060 3038 rursum:

481 3072 675 3128 Euntcs
701 3074 875 3127 discite
897 3076 1018 3141 quid
1041 3085 1151 3141 est,
1184 3073 1581 3127 Misericordiam
1611 3072 1722 3126 colo
1741 3112 1755 3135 ,
1784 3083 1830 3125 et
1857 3089 1957 3125 non
1982 3089 2065 3125 sa—

483 3165 755 3232 criﬁcimu.
788 3164 1246 3230 Quemadmodum
1277 3165 1419 3218 enim
1452 3165 1551 3218 hoc
1581 3165 1666 3217 ille
1699 3165 1808 3216 vult
1829 3202 1844 3227 ,
1892 3164 1969 3216 sic
2010 3174 2065 3216 et

483 3270 604 3324 ego.
641 3255 702 3309 Vi
726 3256 824 3308 Een‘
853 3257 1121 3325 quomodo
1144 3256 1228 3308 illa
1257 3255 1469 3325 quidem
1497 3255 1762 3321 superﬂua
1799 3256 1926 3317 sint,
1953 3253 2067 3307 haec.

484 3364 615 3403 vero
656 3350 993 3403 necessaria?
1040 3348 1222 3417 Neque
1262 3348 1404 3402 enim
1449 3347 1614 3411 dixit,
1650 3346 2064 3401 Misericordiam

484 3443 608 3495 volo
630 3450 683 3494 et
703 3440 1019 3495 sacrificium
1045 3458 1059 3505 ;
1091 3441 1184 3496 sed
1207 3481 1220 3501 ,
1256 3439 1655 3493 Misericordiam
1696 3440 1808 3493 rolo
1830 3478 1847 3505 ,
1890 3449 1935 3493 et
1964 3456 2063 3493 non

484 3532 810 3601 sacriﬁcium.
856 3532 1094 3585 Alterum
1127 3533 1266 3586 enim
1301 3531 1664 3600 comprobavit
1687 3573 1700 3591 ,
1730 3531 1954 3585 alterum
1985 3546 2068 3584 re-

488 3625 768 3694 probavit;
819 3623 1308 3693 demonstravitque
1354 3623 1403 3675 id
1461 3622 1602 3692 quod
1650 3622 2069 3676 criminabantur

485 3730 592 3770 non
625 3714 783 3768 modo
815 3731 916 3768 non
959 3716 1176 3769 vetitum
1201 3757 1219 3779 ,
1270 3714 1362 3769 sed
1412 3715 1569 3767 etiam
1604 3714 1717 3783 lege
1748 3723 2069 3783 prameptum

485 3824 626 3872 esse,
676 3809 842 3873 magis
891 3825 1050 3877 quam
1089 3809 1348 3862 sacrilicia
1384 3826 1396 3860 :
1429 3808 1703 3877 ipsamque
1758 3808 1927 3878 legem
1974 3824 2068 3861 ve-

489 3910 655 3955 trrem
701 3900 899 3953 inducit
933 3901 1012 3953 his
1046 3915 1280 3955 consona
1323 3901 1627 3971 loquentem
1661 3908 1714 3954 et
1758 3901 2071 3969 praecipien-

489 4001 617 4045 tem.
673 3991 797 4047 lllos
842 3992 1018 4061 itaque
1070 3987 1437 4062 perstringens
1481 4002 1534 4045 et
1582 4008 1647 4046 ex
1694 3993 2071 4046 conununihus

493 4086 770 4154 exemplis,
802 4094 852 4138 rt
886 4101 950 4140 ex
975 4085 1283 4155 Scripturis,
1307 4085 1489 4150 adjicit
1520 4102 1533 4137 :
1583 4084 1704 4139 Non
1747 4087 1857 4139 veni
1898 4103 2075 4141 vocare

491 4178 668 4244 iustos,
699 4179 788 4232 sed
816 4188 1099 4247 peceatores
1124 4177 1191 4229 ad
1220 4178 1581 4246 pa'nitentiam.
1627 4179 1678 4231 ld
1720 4194 1846 4232 vero
1872 4179 2073 4234 ironicc

492 4271 745 4338 loquitur,
791 4284 843 4324 ut
885 4285 1006 4324 cum
1052 4269 1224 4325 dicit:
1256 4267 1391 4322 Ecce
1433 4268 1596 4321 Adam
1629 4272 1791 4339 factus
1832 4281 1904 4323 est
1944 4271 2073 4323 sicut

493 4380 621 4416 unus
650 4380 712 4416 ex
741 4364 880 4416 nobis
903 4361 1054 4431 (Gen.
1082 4363 1116 4416 '5
1159 4360 1275 4428 2‘2);
1316 4376 1378 4415 ac
1416 4375 1661 4424 rursum,
1709 4360 1771 4414 Si
1818 4360 2032 4413 esurirrc
2056 4404 2072 4424 ,

494 4471 593 4507 non
619 4454 783 4506 dicam
811 4455 897 4506 tibi
924 4452 1092 4525 (Psal.
1119 4453 1208 4507 49.
1240 4453 1351 4521 12).
1378 4451 1527 4517 Quod
1560 4452 1699 4505 enim
1734 4452 1909 4506 nullus
1934 4463 2077 4507 esset

492 4545 669 4616 justus
697 4548 747 4599 in
779 4555 916 4600 terra
937 4588 952 4610 ,
993 4547 1184 4601 Paulus
1209 4546 1497 4600 declaravit
1531 4546 1611 4600 his
1642 4548 1819 4602 verbis
1848 4566 1861 4600 :
1890 4546 2075 4600 Omnes

494 4639 627 4691 enim
650 4648 973 4708 peccaverunt
992 4679 1008 4704 ,
1031 4649 1077 4691 et
1103 4649 1245 4708 egent
1274 4639 1436 4710 gloria
1464 4638 1556 4692 Dei
1584 4640 1758 4710 (Rom.
1790 4640 1842 4694 ὅ.
1875 4639 1987 4709 ‘23).
2024 4639 2075 4693 ld

494 4732 655 4787 etiam
695 4731 774 4785 eis
813 4731 901 4799 qui
935 4731 1106 4785 vocati
1136 4740 1260 4785 sunt
1303 4731 1654 4785 consolationi
1684 4740 1818 4785 erat.
1848 4732 2075 4786 Tantum

498 4824 690 4889 abest,
724 4823 928 4893 inquit,
960 4833 1016 4877 ut
1047 4833 1354 4892 peceitores
1397 4824 1776 4878 abominationi
1810 4824 2033 4877 habeam
2062 4867 2076 4885 ,

500 4926 556 4970 ιιι
580 4915 740 4971 etiam
768 4925 986 4985 propter
1010 4914 1132 4969 illos
1162 4924 1363 4968 tantum
1394 4916 1700 4969 advenerim
1761 4916 1975 4979 Deinde,
2012 4932 2078 4971 ne

498 5009 618 5063 illos
665 5006 886 5077 supinos
925 5005 1197 5065 redderet.
1236 5021 1358 5059 cmn
1392 5022 1520 5074 perc
1555 5014 1697 5061 tores
1725 5008 2033 5060 memoravit
2063 5047 2079 5071 ,

500 5117 603 5155 non
621 5099 731 5170 jam
756 5098 936 5163 tacuit,
966 5096 1060 5151 sed
1084 5096 1294 5165 adjecit.
1318 5099 1394 5151 Ad
1416 5100 1774 5166 pmnitcntiam.
1805 5098 1917 5153 Non
1936 5100 2077 5153 enim

501 5194 622 5249 ideo
655 5194 846 5249 adveni
884 5201 942 5247 ut
987 5194 1059 5247 illi
1088 5202 1395 5263 peccatores
1421 5203 1717 5254 manerent,
1753 5193 1843 5247 sed
1874 5202 1930 5245 ut
1961 5209 2079 5245 uin-

501 5296 739 5343 tarcntur
763 5295 817 5341 et
850 5286 1101 5340 meliores
1130 5285 1434 5341 evaderent.
1466 5284 1597 5339 Cum
1642 5295 1818 5339 autem
1867 5285 2078 5338 illorum

498 5392 591 5432 ora
623 5394 841 5447 prorsus
868 5379 1165 5442 clausisset,
1183 5389 1291 5433 tum
1320 5395 1384 5433 ex
1410 5379 1716 5447 Seripturis,
1735 5388 1844 5432 tmn
1874 5394 1938 5433 ex
1969 5379 2081 5444 ipsa

503 5490 677 5529 rerum
701 5474 870 5539 serie,
902 5481 958 5529 et
987 5473 1118 5527 nihil
1154 5473 1286 5527 ultra
1316 5473 1495 5526 dicere
1522 5481 1772 5539 possent,
1802 5470 1940 5541 quod
1983 5470 2081 5540 ipsi

502 5569 886 5625 iiscriminibus
902 5569 1113 5624 obnoxii
1128 5568 1495 5637 probarentur,
1512 5584 1626 5636 qnze
1646 5568 1745 5636 ipsi
1760 5566 2081 5630 obtulerant,

506 5663 826 5732 insuperque
855 5663 954 5731 legi
988 5673 1152 5717 veteri
1175 5660 1540 5721 adversantes.
1590 5659 1679 5711 illo
1708 5660 1890 5717 misso.
1926 5662 1975 5711 in
2004 5658 2086 5710 di-

511 5752 740 5823 scipulos
768 5755 965 5811 crimen
990 5753 1331 5811 transferunt.
1358 5751 1525 5807 Luc-as
1543 5750 1692 5823 (Cap.
1717 5752 1765 5806 5.
1788 5765 1833 5803 υ.
1856 5750 1945 5821 55)
1964 5753 2077 5821 qui-

1446 295 1512 351 ΙΝ
1551 286 1959 349 ΜᾹΤΤΠΛΞΙΙΜ
2001 282 2229 340 1108111..
2272 285 2441 342 XXX.
2484 288 2556 343 al.
2599 286 2791 344 XXXL

3637 295 3744 349 51³6

2169 401 2289 455 dem
2321 400 2394 455 ait
2421 402 2713 456 Pharisaeos
2738 402 2840 455 hoc
2861 398 3080 463 dixisse,
3102 400 3380 457 Mattiariis
3409 418 3556 463 vero.
3582 404 3746 461 disci-

2166 491 2317 558 pulos
2340 491 2561 546 Joannis
2594 509 2606 545 :
2638 491 2924 545 verisimile
2978 502 3153 545 autem
3202 503 3284 548 est
3329 495 3442 549 luce
3490 506 3746 568 utrosque

2163 584 2382 639 dixisse.
2413 585 2545 639 Cum
2587 583 2728 639 enim
2757 585 2829 638 illi
2874 586 2925 638 in
2951 584 3113 639 dubio
3140 599 3480 643 versarentur
3503 631 3517 653 ,
3553 592 3739 645 verisi-

2160 677 2355 729 militc-r
2399 686 2450 729 et
2499 677 2619 730 illos
2666 690 2847 730 secum
2893 688 3319 745 assuiupscrunt,
3359 681 3499 748 quod
3541 692 3740 737 etcum

2159 767 2469 821 llerodianis
2501 776 2681 835 postea
2712 767 2965 821 fecerunt.
3017 768 3325 822 luvidebaut
3353 771 3495 824 enim
3524 788 3740 844 semper

2155 860 2369 913 bin-isto
2396 858 2897 927 .loannisdiseipuli.
2921 869 2973 912 et
2997 870 3179 913 eontra
3206 860 3349 913 illum
3374 861 3740 931 dipnrahaut;

2158 966 2283 1010 tunc
2312 956 2528 1010 denmm
2560 956 2869 1013 humiliores
2896 956 3094 1017 ell'ecti.
3128 970 3249 1010 cum
3277 956 3513 1012 Joannes
3542 959 3591 1011 in
3620 975 3740 1012 rar-

2155 1064 2333 1103 cerem
2367 1059 2545 1104 trusus
2586 1060 2688 1103 est.
2733 1048 2862 1103 Nam
2902 1057 3036 1103 tunc
3068 1050 3119 1103 id
3152 1061 3413 1104 venerunt
3442 1053 3740 1106 nuntiatttm

2155 1138 2281 1193 Jesn
2315 1138 2529 1193 Christo
2564 1156 2580 1195 :
2611 1148 2795 1208 postea
2824 1155 2953 1195 vero
2984 1141 3034 1193 in
3068 1140 3298 1209 priorem
3342 1157 3551 1195 rursum
3600 1144 3735 1197 invi-

2156 1232 2298 1285 diam
2315 1242 2432 1285 sunt
2460 1232 2681 1287 reversi.
2706 1232 2840 1298 Quid
2871 1233 3027 1302 igitur
3044 1232 3094 1285 hi
3114 1232 3428 1287 tlicunl?14.
3458 1233 3629 1298 Quare
3650 1252 3741 1289 nos

2157 1332 2202 1376 et
2230 1322 2477 1377 Pharisaei
2507 1324 2721 1376 multum
2739 1325 3034 1392 jejnnamns
3071 1339 3089 1376 :
3129 1324 3366 1392 discipuli
3396 1341 3510 1377 vero
3539 1325 3609 1378 tui
3643 1342 3744 1377 non

2147 1416 2426 1487 1733mm“?
2448 1414 2543 1468 Hic
2569 1415 2788 1467 morbus
2817 1424 3093 1483 est,qnem
3115 1415 3240 1467 olim
3265 1415 3561 1470 abseiderat
3585 1415 3741 1470 Clu-i-

2156 1515 2269 1559 stus
2285 1520 2404 1558 cum
2417 1505 2492 1557 ait
2508 1524 2519 1558 :
2538 1504 2993 1573 Cnmjejunuvcris,
3009 1521 3138 1572 nnge
3153 1513 3305 1573 caput
3318 1515 3478 1562 tuum,
3495 1516 3540 1557 et
3560 1507 3742 1573 faciem

2158 1606 2295 1648 tuam
2322 1597 2434 1648 lava
2464 1594 2677 1662 (Matth.
2710 1597 2761 1647 li.
2798 1595 2919 1662 l7);
2949 1610 3066 1647 Cum
3097 1596 3367 1661 prmscirct
3391 1609 3451 1647 ea
3475 1611 3592 1662 qu;e
3619 1596 3743 1648 inde

2159 1687 2422 1742 nasi-itura
2447 1695 2601 1742 erant
2624 1686 2781 1739 mala.
2808 1684 2911 1737 Sed
2938 1684 3035 1736 hos
3054 1684 3138 1736 ille
3162 1699 3266 1736 non
3294 1684 3549 1751 increpat,
3574 1701 3747 1753 neque

2157 1780 2289 1835 dixit
2311 1779 2385 1834 :0
2402 1795 2549 1833 value
2563 1779 2746 1848 gloria-
2762 1776 2961 1845 cupidi,
2983 1785 3033 1829 ct
3051 1775 3223 1829 futiles
3238 1775 3498 1829 homines!
3515 1777 3605 1830 sed
3624 1792 3744 1829 cum

2159 1872 2302 1926 omni
2319 1869 2727 1925 mansuetudine
2743 1866 3394 1937 ipsosalloquiturdircns.
3413 1865 3625 1920 l5.Non
3642 1884 3749 1935 νοει

2159 1975 2275 2018 sunt
2294 1965 2387 2031 ﬁlii
2405 1962 2579 2032 sponsi
2585 1962 2843 2031 jejunare,
2867 1958 3106 2029 quamdiu
3134 1974 3247 2011 cum
3269 1958 3370 2011 illis
3389 1968 3459 2011 est
3486 1975 3721 2024 sponsus.

2161 2055 2385 2123 Quando
2404 2055 2543 2108 enim
2559 2069 2653 2122 pro
2671 2053 2789 2107 aliis
2808 2050 3142 2120 loquebatur,
3166 2064 3260 2117 pro
3286 2049 3579 2117 publicanis
3601 2065 3747 2102 neni-

2164 2163 2248 2217 pe,
2304 2156 2362 2200 ttt
2394 2160 2579 2200 eorum
2616 2145 2823 2197 animos
2872 2142 3180 2196 vulneratos
3232 2141 3515 2201 solaretur,
3550 2157 3744 2209 expro-

2162 2239 2380 2293 brantes
2426 2236 2797 2291 vehementius
2850 2233 3175 2303 increpavit:
3202 2246 3323 2286 cmn
3366 2240 3543 2285 autem
3576 2233 3747 2300 ipsum

2162 2339 2212 2382 et
2240 2327 2528 2396 discipulos
2557 2324 2869 2393 carpebant,
2896 2338 3016 2377 cum
3045 2322 3189 2374 omni
3219 2321 3624 2374 mansuetudine
3652 2335 3751 2373 oc-

2163 2419 2325 2473 currit
2358 2418 2505 2485 ipsis.
2538 2416 2689 2482 Quod
2718 2423 2892 2468 autem
2934 2412 3115 2466 dicunt
3146 2412 3256 2476 illi,
3293 2411 3593 2478 hujusmodi
3623 2424 3703 2465 est
3734 2427 3748 2464 :

2167 2515 2314 2575 Esto,
2342 2524 2393 2566 tu
2424 2521 2603 2580 utpote
2629 2509 2864 2563 medicus
2895 2508 2995 2561 hoc
3026 2506 3188 2561 facias
3219 2520 3232 2556 :
3265 2504 3356 2559 sed
3379 2519 3473 2557 cur
3510 2503 3750 2572 discipuli

2167 2606 2263 2668 tui,
2317 2604 2483 2657 misso
2536 2601 2763 2671 jejunio,
2814 2596 3114 2664 huiusmodi
3162 2596 3360 2649 mensis
3396 2593 3754 2648 accumbunt?

2170 2693 2370 2750 Deinde
2393 2704 2448 2746 ut
2470 2692 2726 2760 majorem
2749 2692 3144 2743 accusationem
3173 2687 3407 2741 facerent
3426 2728 3441 2749 ,
3474 2702 3533 2740 se
3555 2686 3754 2755 primos

2170 2796 2390 2857 ponunt,
2415 2794 2704 2855 posteaque
2733 2782 3052 2844 Pharisa-os,
3080 2781 3480 2848 comparatione
3509 2780 3751 2833 volentes

2167 2882 2371 2937 crimen
2401 2893 2635 2947 augere;
2679 2890 2800 2929 nam
2848 2873 2914 2926 Et
2961 2889 3072 2935 nos,
3109 2872 3368 2941 inquiunt,
3412 2879 3459 2923 ει
3504 2868 3755 2923 ΡΙιίινὶδιεὶ

2168 2973 2379 3025 multum
2425 2972 2738 3040 jejunamus.
2780 2964 2912 3019 Nam
2963 2963 3299 3033 jejunabaul,
3347 2962 3419 3014 illi
3476 2977 3503 3012 a
3551 2961 3757 3015 Joanne

2167 3063 2363 3126 edocti,
2388 3063 2578 3115 liivero
2604 3074 2632 3112 a
2660 3060 2809 3127 lege;
2833 3054 3278 3125 quemadmodum
3312 3053 3434 3105 item
3459 3053 3513 3105 Pi
3536 3055 3757 3106 ariszrus

2168 3155 2379 3209 dicebat
2410 3170 2428 3208 :
2456 3154 2645 3223 Jejuno
2692 3151 2766 3204 bis
2814 3150 2865 3202 in
2910 3146 3240 3200 hrbdomada.
3277 3145 3412 3211 Quid
3445 3146 3601 3214 igitur
3629 3146 3758 3200 dicit

2168 3245 2366 3301 Jesus?
2397 3243 2539 3297 Nunt
2596 3250 2804 3311 possunt
2853 3239 2950 3307 [ilii
2999 3238 3172 3306 sponsi
3212 3237 3471 3304 jejnnarc,
3515 3237 3758 3304 quamdiu

2171 3356 2286 3393 cum
2312 3338 2414 3391 illis
2452 3344 2525 3389 est
2564 3333 2822 3404 sponsus(
2854 3331 2984 3385 Luc.
3010 3330 3096 3385 18.
3130 3330 3198 3384 l2
3225 3328 3282 3398 )?
3324 3327 3504 3382 Priario
3545 3329 3785 3396 quidem.

2173 3447 2292 3487 sese
2321 3430 2585 3485 medicum
2609 3426 2833 3490 vocavit,
2859 3423 2943 3477 hic
2965 3438 3091 3477 vero
3112 3437 3389 3492 Sponsum,
3412 3429 3616 3475 secreta
3646 3437 3759 3492 my-

2172 3528 2333 3584 steria
2363 3541 2457 3595 per
2488 3523 2603 3578 haec
2642 3521 2854 3575 nomina
2889 3517 3133 3573 revolans
3162 3530 3520 3585 :quamquam
3553 3522 3759 3582 poterat

2174 3622 2296 3675 illos
2319 3618 2496 3674 acrius
2524 3616 2767 3671 refellere
2799 3613 2984 3667 dit-ens
3014 3627 3029 3663 :
3064 3610 3171 3664 Vos
3201 3624 3307 3663 non
3350 3607 3556 3660 habetis
3580 3616 3761 3660 aurto~

2173 3716 2383 3770 ritatem
2416 3709 2720 3780 imjusmodi
2748 3708 2894 3776 leges
2923 3703 3152 3775 ponendi
3186 3717 3344 3772 :qua:
3381 3701 3522 3755 enim
3561 3700 3760 3753 utilitas

2173 3822 2237 3861 ex
2263 3804 2486 3875 jejunio,
2515 3799 2727 3872 quando
2752 3799 2927 3851 anima
2954 3795 3226 3864 iniquitate
3252 3793 3402 3862 plena
3421 3802 3522 3857 est,
3546 3807 3665 3844 cum
3695 3790 3762 3845 de

2175 3897 2294 3951 aliis
2324 3892 2671 3955 accusamiui,
2701 3905 2821 3944 cum
2867 3885 3189 3940 damnamini
3211 3925 3226 3943 .
3255 3899 3375 3936 cum
3409 3883 3583 3935 trabes
3615 3882 3763 3935 fertis

2177 3991 2228 4043 in
2253 3989 2443 4050 oculis,
2489 3994 2543 4039 et
2589 3983 2654 4036 ad
2704 3980 3120 4035 ostentationem
3166 3976 3344 4028 omnia
3392 3974 3601 4027 fat-itis?
3629 3976 3763 4027 Ante

2179 4083 2243 4134 lia
2264 4096 2295 4134 c
2320 4080 2460 4134 enim
2491 4074 2671 4130 onmia
2701 4087 2889 4126 vanam
2918 4069 3141 4138 gloriam
3190 4066 3385 4135 ejicere
3422 4073 3760 4134 oportuerat,

2178 4183 2339 4244 atque
2368 4172 2470 4225 alia
2502 4169 2680 4223 omnia
2702 4175 2848 4221 recte
2868 4163 3101 4233 operari,
3128 4162 3427 4222 caritatem,
3455 4168 3762 4212 mansuetu-

2181 4264 2384 4326 dinem,
2414 4262 2631 4315 fiatrum
2662 4272 2922 4311 amorem.
2959 4254 3152 4308 Verum
3195 4251 3323 4304 nihil
3374 4251 3564 4304 horum
3612 4250 3763 4314 dicit,

2182 4356 2274 4411 sed
2296 4372 2415 4409 cum
2444 4353 2587 4406 omni
2619 4348 3026 4405 mansuetudine
3056 4363 3069 4399 :
3106 4344 3225 4398 Non
3252 4353 3457 4414 possunt
3472 4343 3567 4410 ﬁlii
3593 4342 3765 4410 sponsi

2172 4452 2426 4521 jrjnnare,
2452 4446 2694 4517 quamdiu
2719 4459 2835 4496 cum
2860 4442 2929 4495 eis
2955 4448 3025 4493 est
3052 4455 3267 4509 sponsus
3290 4436 3307 4508 (
3330 4436 3487 4490 Joau.
3520 4435 3573 4489 '5.
3603 4434 3709 4502 9.9)
3748 4451 3761 4487 :

2183 4543 2341 4599 verba
2369 4540 2589 4597 Joannis
2623 4548 2928 4591 memorans
2957 4533 3179 4585 istlta‘c:
3216 4530 3314 4594 Qui
3353 4528 3497 4581 habet
3528 4543 3765 4596 sponsam

2181 4652 2395 4704 sponsus
2416 4642 2489 4686 est
2521 4646 2539 4685 :
2566 4630 2760 4682 anticus
2784 4636 2949 4678 autem
2978 4622 3183 4690 sponsi,
3215 4629 3287 4673 est
3324 4620 3412 4689 qni
3437 4628 3575 4671 stat:
3604 4626 3650 4670 cl
3670 4634 3763 4669 au-

2184 4731 2323 4782 diens
2344 4743 2477 4789 cum,
2506 4722 2694 4795 gaudio
2741 4719 2927 4790 gaudet
2956 4723 3156 4783 propter
3187 4728 3355 4765 rorem
3394 4711 3585 4780 sponsi.
3614 4710 3766 4776 Quod

2119 4826 2126 4832 '
2185 4833 2360 4874 autem
2393 4819 2543 4878 dicit,
2578 4812 2879 4881 lmjusmodi
2910 4819 2991 4863 cst
3025 4825 3038 4861 :
3072 4808 3316 4861 Praesens
3348 4814 3561 4875 tempus
3588 4804 3766 4875 gaudii

2185 4926 2239 4969 et
2266 4914 2459 4967 la-titize
2488 4918 2589 4964 est.
2620 4907 2695 4961 Ne
2717 4906 2893 4974 itaque
2921 4901 3085 4955 tristia
3108 4900 3346 4953 inducas.
3367 4898 3558 4953 Tristis
3573 4898 3768 4967 quippe

2189 5022 2275 5059 res
2303 5000 2686 5070 estjejuninm,
2720 5012 2825 5049 non
2857 5003 3044 5048 natura
3070 5008 3186 5056 sua,
3210 4991 3301 5044 sed
3331 4991 3653 5044 illistantmn
3676 4988 3764 5057 qui

2187 5096 2448 5152 inlirtnius
2467 5092 2639 5146 allecti
2675 5097 2830 5152 sunt;
2867 5095 2921 5139 at
2946 5087 3010 5140 iis
3037 5085 3126 5155 qui
3156 5082 3517 5153 philosophari
3546 5082 3723 5133 volunt
3746 5117 3765 5143 ,

2188 5207 2275 5246 res
2302 5186 2589 5243 admodum
2631 5182 2800 5237 dulcis
2840 5191 2921 5235 est
2961 5190 3012 5234 et
3056 5176 3444 5232 desiderabilis.
3490 5170 3764 5240 Quemad-

2188 5282 2403 5338 modum
2429 5280 2571 5333 euim
2597 5290 2821 5345 corpore
2844 5273 2980 5327 bene
3002 5272 3231 5336 valente,
3262 5267 3423 5320 multa
3448 5265 3625 5317 hetitia
3652 5272 3763 5318 est:

2189 5376 2268 5429 sic
2291 5374 2465 5428 anima
2498 5371 2633 5424 bene
2655 5367 2839 5421 ali’ecta
2861 5406 2877 5430 ,
2916 5363 3084 5431 major
3116 5370 3197 5416 est
3250 5358 3511 5424 voluptas.
3551 5354 3654 5410 Sed
3699 5354 3765 5409 ad

2190 5468 2400 5521 illorum
2429 5471 2662 5517 mentem
2694 5460 2808 5513 lucc
2840 5455 3133 5525 respondit.
3167 5452 3256 5505 Sic
3276 5459 3329 5504 et
3352 5447 3511 5502 Isaias
3531 5446 3596 5500 de
3620 5446 3764 5515 jeju-

2192 5559 2280 5614 nio
2307 5560 2548 5625 loqucns,
2583 5553 2936 5607 humilitatem
2968 5544 3127 5597 animi
3158 5549 3309 5594 vocat
3340 5537 3465 5593 illttd
3499 5538 3648 5604 (lsui.
3673 5540 3763 5595 53.

2186 5645 2243 5719 3)
2277 5661 2289 5700 :
2318 5656 2368 5701 et
2400 5645 2608 5716 Moyses
2635 5639 2879 5698 similiter
2906 5632 3090 5706 (Nam.
3123 5631 3209 5688 30.
3244 5630 3347 5698 ll).
