4080 6138
406 331 514 393 367

482 457 538 514 1|.
571 451 758 526 Neque
779 453 906 510 hinc
935 461 1139 508 tautttm
1171 453 1289 508 illos
1314 452 1558 522 reprimit
1596 451 1875 516 Dominus,
1898 448 1992 504 sed

409 547 623 603 aliunde
647 546 809 602 etiam
838 545 920 600 his
946 545 1123 599 verbis
1155 562 1169 600 :
1207 542 1414 598 Venient
1433 543 1574 608 dies,
1599 542 1801 612 quando
1850 545 1995 612 aufe-

407 650 546 694 retur
563 639 626 692 ub
651 638 722 692 ei:
747 653 983 707 sponsas,
1009 645 1054 689 et
1071 635 1518 704 tuncjejauabunt.
1544 632 1789 686 llisenim
1813 641 1993 685 osten-

407 732 488 787 dit
515 747 620 786 non
659 729 796 800 gula:
837 743 995 785 eausa
1030 743 1133 781 non
1165 726 1457 796 jejuuasse,
1508 724 1603 778 sed
1660 739 1726 778 ex
1761 725 1989 793 quadam

407 825 807 893 dispensatione
845 820 1072 876 mirabili
1104 819 1296 874 :simul
1327 833 1454 872 vero
1482 817 1548 872 de
1601 818 1849 887 passione
1895 831 1988 870 sua

405 916 650 986 quasdam
679 915 990 984 pra-mittit.
1043 921 1100 968 et
1139 912 1243 967 illis
1286 911 1658 980 respondendo
1699 910 1989 979 discipulos

407 1007 638 1062 instituit
657 1017 709 1061 et
738 1003 995 1059 exercitat
1025 1004 1078 1058 in
1110 1002 1453 1057 meditatione
1481 1017 1656 1056 rermn
1698 1017 1818 1071 quae
1853 1015 1986 1054 one-

407 1113 547 1153 rosa:
571 1108 623 1153 ct
651 1097 830 1152 tristes
852 1112 973 1151 esse
1017 1097 1356 1150 videbantur.
1403 1093 1512 1149 Illis
1547 1094 1688 1149 enim
1737 1095 1838 1148 hoc
1875 1092 1985 1163 jam

404 1190 585 1246 dicere
616 1190 898 1245 molestum
929 1188 1154 1252 fuisset,
1182 1186 1610 1256 quandoquidem
1642 1201 1762 1240 cum
1801 1193 1984 1253 postea

403 1281 604 1336 dictum
629 1281 730 1336 illis
760 1280 876 1345 fuit,
910 1280 1052 1349 ipsos
1092 1278 1429 1334 conturbavit
1460 1295 1472 1330 :
1502 1293 1622 1331 eum
1651 1285 1830 1330 autem
1866 1275 1986 1330 aliis

401 1373 686 1438 diceretur,
714 1373 891 1427 minus
915 1373 1016 1426 illis
1037 1386 1325 1426 onerosum
1351 1381 1480 1425 erat.
1499 1371 1631 1438 Quia
1657 1385 1818 1440 porro
1844 1371 1986 1424 veri-

403 1464 582 1521 simile
607 1465 868 1521 eratillos
896 1465 965 1520 de
1004 1465 1251 1534 passione
1293 1463 1518 1518 Joannis
1567 1463 1731 1517 altum
1769 1479 1980 1532 sapere,

402 1560 544 1614 bunc
569 1561 805 1629 ipsorum
854 1567 1123 1612 tumorem
1170 1557 1294 1612 inde
1333 1557 1486 1610 sedat
1514 1573 1528 1609 :
1555 1572 1652 1611 nec
1688 1564 1866 1610 tamen
1913 1555 1983 1610 de

401 1651 797 1705 resurrectione
825 1663 1127 1703 sermonem
1155 1649 1382 1713 inducit;
1416 1648 1651 1701 nondum
1675 1649 1816 1702 enim
1849 1656 1982 1701 tem-

401 1758 499 1810 pus
523 1751 656 1796 erat.
695 1740 806 1795 Iloc
834 1740 1340 1810 quippeâ€˜secundum
1368 1748 1610 1792 naturam
1646 1748 1793 1802 erat,
1837 1739 1978 1808 quod

401 1833 561 1887 homo
599 1847 719 1886 cum
765 1841 1060 1901 putaretur,
1110 1831 1399 1885 moriturus
1445 1842 1624 1895 esset;
1680 1831 1805 1885 illud
1852 1847 1979 1886 vero

395 1937 553 1991 supra
581 1932 844 1975 naturam.
881 1922 1078 1977 Deinde
1109 1921 1161 1975 id
1188 1923 1327 1990 quod
1354 1932 1478 1975 ante
1506 1922 1722 1986 fecerat,
1748 1923 1832 1977 hic
1848 1939 1978 1992 quo-

393 2027 498 2081 que
525 2011 663 2066 facit.
697 2011 1153 2080 Quemadmodum
1172 2029 1313 2066 enim
1356 2029 1477 2067 cum
1505 2025 1829 2069 conarentur
1854 2030 1974 2068 eum

392 2101 602 2155 crimini
631 2101 922 2156 obnoxium
950 2103 1257 2166 ostendere,
1291 2104 1430 2172 quod
1459 2119 1579 2157 cmn
1606 2104 1974 2173 peccatoribus

391 2191 715 2256 eomederel,
745 2193 1068 2246 coutsarium
1123 2193 1213 2247 ille
1254 2194 1518 2262 probavit,
1559 2195 1610 2249 id
1637 2209 1829 2264 nempe
1866 2210 1973 2250 non

389 2281 590 2336 crimen
619 2297 772 2348 esse,
803 2283 897 2338 sed
935 2282 1253 2338 laudandum
1280 2301 1294 2337 :
1325 2285 1404 2338 sic
1442 2293 1498 2339 et
1548 2284 1649 2339 hoc
1692 2285 1810 2340 loco
1849 2300 1971 2339 cum

387 2375 576 2428 volunt
603 2375 849 2443 probare.
884 2376 1054 2444 ipsum
1080 2391 1184 2429 non
1216 2377 1288 2429 uti
1331 2391 1425 2445 par
1461 2387 1542 2430 est
1571 2377 1860 2446 discipulos
1887 2377 1971 2431 in-

386 2467 630 2533 stituere,
662 2468 896 2522 ostendit
919 2483 1014 2523 eos
1033 2469 1121 2538 qui
1155 2469 1279 2524 illud
1302 2470 1560 2535 dicerent,
1596 2472 1840 2542 ignorare
1865 2489 1971 2544 quo

388 2567 544 2626 pacto
572 2558 924 2613 sectatoribus
953 2559 1205 2614 utendum
1235 2572 1374 2616 esset
1398 2603 1414 2628 ,
1460 2564 1552 2618 sed
1586 2573 1784 2618 temere
1809 2581 1968 2620 accu-

385 2665 506 2704 sare
537 2665 548 2702 :
585 2650 670 2704 l6.
704 2648 895 2703 Nullus
920 2653 1075 2718 enim,
1117 2653 1306 2723 inquit,
1339 2654 1560 2708 immittit
1589 2657 1968 2711 commissurum

383 2741 544 2807 panni
569 2741 683 2794 novi
711 2741 762 2794 in
783 2743 1121 2795 vestimentum
1142 2754 1295 2797 vetus.
1313 2743 1516 2797 Rursus
1542 2761 1571 2798 a
1598 2748 1968 2802 communibus

376 2831 642 2900 exemplis
663 2846 966 2887 sermonem
997 2834 1299 2886 concinnat.
1320 2837 1471 2899 Quod
1496 2847 1672 2891 autem
1694 2837 1840 2898 dicit,
1865 2839 1967 2893 bu-

381 2921 612 2991 jusmodi
638 2931 722 2976 est
748 2938 763 2975 :
795 2921 1039 2977 Nondum
1082 2924 1246 2979 fortes
1289 2936 1415 2980 sunt
1452 2927 1718 2997 discipuli,
1749 2931 1839 2983 sed
1869 2931 1966 2985 ad-

378 3011 486 3067 huc
537 3013 703 3068 multa
763 3025 922 3084 egent
989 3015 1618 3085 indulgentia:nondum
1663 3021 1804 3074 enim
1868 3038 1965 3090 per

375 3104 634 3174 Spiritum
664 3105 900 3161 renovati
921 3118 1064 3161 sunt.
1087 3107 1172 3162 Sic
1200 3118 1376 3162 autem
1399 3112 1602 3166 affectis
1624 3128 1726 3166 non
1753 3125 1964 3182 oportet

374 3195 557 3264 gravia
605 3205 990 3266 praeceptorum
1046 3212 1208 3253 onera
1260 3200 1550 3269 'nnponere.
1606 3202 1734 3258 Ha'c
1782 3214 1959 3258 autem

375 3286 608 3351 dicebat,
639 3286 784 3357 leges
811 3297 866 3342 et
894 3290 1104 3360 regulas
1135 3290 1416 3361 imponens
1441 3294 1713 3363 discipulis
1743 3297 1875 3359 suis,
1905 3305 1962 3352 ut

373 3395 497 3433 cum
527 3379 602 3434 illi
651 3381 704 3435 in
743 3381 1034 3452 discipulos
1067 3382 1371 3440 adscribent
1416 3401 1603 3443 ootues
1631 3391 1718 3458 qui
1749 3391 1798 3443 in
1827 3393 1960 3445 orbe

375 3479 639 3525 terrarum
679 3481 822 3535 sunt.
852 3487 973 3528 cum
1005 3489 1196 3544 magna
1239 3476 1357 3531 illos
1391 3481 1796 3534 mansuetudine
1845 3492 1958 3534 tra-

372 3572 543 3620 ctent.
577 3565 661 3619 17.
697 3564 874 3634 Neque
914 3566 1188 3622 immittunt
1212 3571 1381 3623 vinum
1411 3587 1593 3624 novum
1619 3575 1670 3627 iu
1700 3585 1836 3628 utres
1870 3591 1955 3628 ve-

375 3668 522 3713 teres.
553 3657 739 3712 Videu'
766 3661 1014 3731 exempla
1048 3662 1097 3714 in
1139 3663 1301 3716 veteri
1333 3665 1448 3734 lege
1477 3667 1768 3734 usiirpala?
1798 3669 1957 3722 vesti-

374 3759 636 3814 mentum,
664 3751 850 3803 utres?
887 3751 1148 3806 Jeremias
1178 3754 1428 3824 populum
1463 3768 1614 3808 vocat
1664 3758 1953 3826 perizoma,

376 3842 611 3912 itemque
641 3852 786 3898 utres
819 3856 1079 3900 memorat
1122 3857 1282 3915 atque
1330 3848 1510 3902 vinum
1536 3851 1552 3918 (
1579 3848 1688 3903 Î»ÎµÎ½.
1745 3851 1828 3905 l3.
1863 3853 1949 3907 10.

362 3935 484 4006 '12).
513 3936 644 4004 Quia
666 3935 810 3992 enim
837 3937 905 3993 d'e
930 3954 1112 3992 mensa
1133 3949 1186 3993 ct
1210 3939 1277 3993 de
1319 3942 1439 4010 gula
1487 3956 1668 3996 sermo
1714 3954 1826 3997 erat
1845 3984 1861 4009 ,
1888 3959 1955 3997 ex

374 4028 504 4096 ipsis
525 4030 770 4099 exempla
796 4030 1048 4086 desumit.
1083 4031 1250 4085 Lucas
1280 4031 1429 4103 (Cap.
1450 4033 1503 4088 5.
1522 4048 1568 4086 Ï….
1591 4034 1679 4106 â€™56)
1712 4049 1836 4088 vero
1860 4036 1956 4088 ali-

371 4119 496 4188 quid
523 4121 752 4190 amplius
779 4122 927 4187 dicit,
955 4139 1154 4177 novnm
1186 4139 1377 4192 nempe
1408 4123 1598 4186 scindi,
1623 4126 1666 4178 si
1712 4126 1837 4180 illud
1865 4141 1954 4179 veâ€”

373 4216 470 4264 teri
489 4210 748 4280 junxeris.
787 4211 971 4267 Viden'
991 4230 1092 4267 non
1125 4216 1284 4268 modo
1311 4216 1506 4268 nullam
1535 4216 1837 4280 utilitatem,
1858 4218 1951 4272 sed

370 4302 541 4372 majus
565 4303 942 4358 detrimentum
968 4305 1092 4360 hinc
1113 4307 1239 4359 oriri
1261 4307 1284 4361 ?
1325 4307 1388 4360 Et
1420 4310 1700 4374 praisentia
1737 4311 1950 4379 quidem

371 4403 570 4457 narrat,
591 4395 764 4449 futura
795 4411 920 4450 vero
947 4396 1221 4464 pra-dicit;
1249 4412 1442 4466 nempe
1469 4399 1585 4451 illos
1615 4414 1780 4453 novos
1809 4409 1953 4468 post-

373 4500 438 4540 ea
481 4488 687 4542 futuros
727 4502 885 4542 esse:
919 4497 972 4540 et
1001 4499 1284 4556 antequam
1321 4487 1369 4540 id
1401 4490 1647 4556 eveniat,
1677 4490 1803 4543 nihil
1853 4507 1950 4545 au-

364 4587 570 4634 uerum
598 4589 652 4635 et
672 4595 832 4650 grave
872 4579 998 4649 ipsis
1045 4588 1368 4649 pratceptum
1423 4582 1503 4633 iri.
1538 4580 1668 4635 Nam
1701 4583 1788 4650 qtti
1829 4592 1954 4637 ante

361 4684 728 4741 Opportunum
761 4682 992 4742 tempus,
1024 4671 1214 4742 inquit,
1257 4673 1506 4725 sublimia
1532 4672 1778 4742 dogmata
1817 4689 1952 4727 con-

368 4765 588 4820 stituere
613 4766 822 4836 qua-rit,
852 4781 949 4819 suo
973 4774 1156 4834 postea
1203 4773 1443 4831 tempore
1479 4780 1582 4816 non
1621 4764 1841 4817 idoneos
1868 4781 1953 4818 re-

365 4856 558 4925 periet,
609 4858 750 4926 quod
801 4857 922 4912 illos
965 4856 1130 4911 semel
1191 4855 1402 4910 inutiles
1459 4855 1763 4909 reddiderit.
1818 4855 1950 4909 Illud

367 4960 531 5016 porro
553 4959 660 4999 non
689 4961 753 5001 ex
784 4947 908 5002 vino
937 4946 1198 5018 procedit,
1230 4963 1402 5017 neque
1437 4963 1499 5000 ex
1527 4947 1737 5000 utribus
1767 4947 1948 5001 viuum

363 5037 756 5109 excipientibus
775 5077 792 5102 ,
823 5040 914 5093 sed
943 5054 1008 5094 ex
1051 5055 1237 5095 eorum
1266 5041 1356 5110 qui
1387 5039 1690 5094 infuderunt
1728 5039 1949 5096 festina-

365 5133 530 5186 tione.
560 5129 696 5186 llinc
727 5131 879 5185 nobis
907 5146 1120 5185 caiismn
1152 5134 1388 5202 inponit,
1407 5149 1504 5187 cur
1529 5133 1648 5185 illos
1669 5132 1952 5201 ailoqueus

365 5226 655 5282 humilibus
683 5223 862 5280 verbis
907 5223 1214 5293 frequenter
1261 5236 1519 5280 uteretur.
1554 5229 1685 5279 Nam
1730 5235 1953 5295 propter

363 5322 602 5390 ipsorum
634 5318 996 5374 infirmitatem
1030 5317 1190 5371 multa
1221 5317 1429 5371 dicebat
1478 5318 1653 5371 minus
1701 5317 1947 5372 sublimia

361 5430 522 5485 quam
546 5426 645 5481 pro
674 5426 767 5466 sua
798 5408 1056 5481 dignitate
1086 5424 1098 5461 :
1124 5408 1262 5477 quod
1310 5408 1480 5476 ipsum
1509 5421 1720 5477 quoque
1747 5406 1949 5460 dixisse

361 5509 440 5563 sic
465 5523 506 5560 ri
525 5505 623 5560 fort
649 5503 882 5560 Joannes
909 5521 922 5558 :
951 5500 1115 5555 Multo
1145 5501 1302 5554 habeo
1333 5500 1467 5554 vobis
1498 5500 1661 5552 dicere
1683 5541 1698 5564 ,
1738 5499 1826 5552 sed
1847 5515 1947 5551 non

361 5597 568 5668 potatis
599 5609 802 5665 portare
827 5595 974 5649 modo
996 5593 1174 5662 (Jomt.
1198 5593 1279 5647 lli.
1304 5590 1416 5662 Î·).
1440 5590 1518 5645 Ne
1539 5598 1784 5660 putarent
1803 5591 1946 5644 enim

363 5691 457 5749 illa
481 5690 653 5744 solum
682 5704 804 5748 esse
847 5704 968 5761 qua:
1003 5686 1158 5756 dixit,
1200 5695 1364 5758 utque
1393 5685 1495 5742 alia
1539 5683 1694 5755 longe
1738 5681 1940 5752 majora

1114 337 1170 392 S.
1212 331 1492 392 JOANNIS
1529 331 2004 392 CHRYSOS'Iâ€˜OMI
2043 333 2355 392 ARCHIEP.
2397 295 2935 400 CONSTANTINOP.

3582 351 3686 406 illiï¬

2105 458 2280 502 mente
2307 452 2671 521 conciperent,
2721 455 3088 512 iolirmilatcm
3131 452 3318 514 eorum
3348 461 3402 516 in
3445 462 3684 516 medium

2098 539 2337 605 adduxit,
2373 544 2640 611 pollicitus
2668 562 2729 600 ea
2758 561 2817 602 se
2835 548 3122 613 dieturum,
3147 567 3267 604 cum
3291 551 3542 607 fortiores
3564 553 3684 608 fue-

2099 632 2202 686 rint
2227 651 2242 688 :
2274 635 2325 687 id
2353 637 2492 704 quod
2516 635 2600 691 hic
2640 640 2801 693 etiam
2827 640 2956 696 dicit
2989 659 3003 695 :
3041 642 3245 696 Veniant
3271 646 3380 698 dies
3401 686 3418 709 ,
3444 662 3559 698 cum
3587 663 3680 698 aut-

2095 727 2282 793 feretur
2306 724 2368 778 ab
2397 728 2467 780 eis
2493 745 2727 798 sponsus,
2778 741 2824 785 et
2864 741 2984 787 tunc
3017 735 3347 804 jejuuabuut.
3390 736 3469 791 Ne
3501 739 3681 808 itaque

2094 829 2191 869 nos
2217 817 2394 870 omnia
2443 818 2511 873 ab
2539 821 2788 895 omnibus
2826 822 2877 876 in
2909 825 3173 893 principio
3217 827 3495 895 exigamus
3517 869 3534 893 ,
3581 831 3677 884 sed

2091 917 2285 975 quanta
2316 921 2536 978 possunt
2562 893 2697 979 fieri,
2721 923 2775 968 et
2797 914 2904 969 cito
2930 917 3282 985 procedentes
3303 893 3462 972 ultra.
3485 920 3541 974 Si
3580 937 3679 974 au-

2093 1005 2198 1051 tem
2230 1001 2425 1067 premis
2444 1011 2498 1056 et
2526 1003 2775 1064 festinas.
2816 1004 2937 1060 ideo
2971 1021 3038 1060 ne
3064 1021 3312 1076 premas,
3345 1017 3401 1062 ut
3423 1008 3671 1065 festines.

2089 1088 2240 1155 Quod
2268 1092 2311 1144 si
2343 1090 2444 1147 hoc
2475 1093 2565 1147 tibi
2587 1095 2815 1164 tenigma
2843 1095 3051 1152 videtur
3070 1112 3210 1164 esse,
3241 1100 3308 1154 ab
3348 1102 3456 1170 ipsa
3490 1118 3672 1158 rerum

2088 1190 2272 1235 natura
2297 1181 2461 1248 disce,
2490 1194 2545 1240 et
2567 1195 2689 1242 tunc
2709 1187 2837 1242 dicti
2866 1189 2971 1242 vim
2994 1205 3209 1245 omnem
3239 1193 3542 1262 percipies:
3567 1211 3672 1250 nec

2087 1281 2138 1326 te
2167 1285 2416 1330 moveant
2452 1277 2490 1331 ii
2537 1279 2625 1349 qui
2679 1279 2980 1351 importune
3017 1291 3297 1346 accusant;
3325 1299 3448 1338 nam
3490 1285 3577 1340 hic
3609 1297 3672 1341 et

2087 1363 2339 1420 fâ€˜barismi
2361 1369 2698 1434 accusabant,
2721 1380 2773 1424 et
2789 1369 3063 1440 discipulis
3090 1374 3510 1443 exprobrabant.

2157 1457 2210 1511 5.
2243 1457 2530 1514 Moderatio
2572 1461 2759 1516 Christi
2786 1463 2839 1517 in
2863 1464 2979 1518 aliis
3016 1473 3063 1518 et
3101 1467 3353 1536 prwcipue
3391 1467 3668 1524 timui-iocis

2083 1549 2371 1604 mulieribus
2389 1552 2734 1616 emendandis,
2759 1554 3025 1610 imitanda.
3041 1557 3374 1613 -Attamen
3401 1561 3526 1615 nihil
3567 1562 3666 1614 ho-

2081 1657 2198 1694 rum
2229 1642 2499 1696 Christum
2525 1659 2555 1698 a
2581 1647 2843 1701 sententia
2871 1647 3095 1702 dimovit
3117 1689 3133 1713 ,
3165 1663 3340 1720 neque
3365 1653 3499 1706 dixit
3529 1653 3618 1707 ille
3644 1672 3660 1708 :

2079 1733 2258 1789 Pudor
2281 1744 2365 1789 est
2407 1735 2505 1789 hos
2533 1737 2778 1806 jejunare
2804 1748 2860 1794 et
2897 1739 2996 1795 hos
3031 1756 3137 1795 non
3174 1740 3439 1811 jejunare.
3471 1744 3572 1800 Sed
3605 1756 3662 1800 ut

2078 1828 2309 1896 optimus
2335 1830 2658 1897 gubernator
2696 1846 2800 1886 non
2841 1835 3121 1889 commotis
3147 1834 3414 1903 fluctibus,
3435 1838 3528 1892 sed
3559 1841 3662 1893 ani

2077 1934 2188 1973 sum
2219 1921 2448 1974 intentus
2473 1930 2556 1976 est
2586 1939 2599 1975 :
2631 1923 2699 1976 ita
2730 1932 2783 1978 et
2815 1923 3066 1979 Christus
3107 1935 3230 1980 tunc
3272 1927 3415 1982 fecit.
3447 1928 3657 1982 Etenim

2077 2012 2248 2079 pudor
2265 2021 2403 2077 erat,
2433 2029 2536 2067 non
2584 2015 2723 2084 quod
2769 2015 2842 2070 illi
2876 2033 2979 2070 non
3008 2017 3332 2088 jejunarent,
3374 2022 3468 2076 sed
3505 2023 3656 2091 quod

2075 2111 2293 2169 propter
2329 2101 2588 2171 jejunium
2620 2105 2796 2161 letalia
2838 2108 3054 2162 vulnera
3085 2111 3411 2180 acciperent,
3453 2114 3654 2168 discin-

2071 2191 2344 2257 dereutur,
2374 2194 2823 2265 dirumperentur.
2856 2199 2985 2266 Qua:
3013 2201 3175 2256 etiam
3220 2218 3319 2258 nos
3355 2205 3535 2258 animo
3570 2222 3656 2260 re-

2072 2293 2338 2351 putantes,
2369 2288 2448 2340 sie
2476 2303 2600 2358 erga
2643 2303 2855 2345 nostros
2897 2306 2996 2345 nos
3037 2309 3304 2363 geramus.
3335 2296 3388 2350 Si
3429 2313 3651 2354 uxorem

2071 2374 2288 2442 habeas,
2319 2379 2616 2442 ornatibus,
2660 2379 2780 2434 fuco
2808 2391 2862 2435 et
2906 2383 3186 2453 pigmentis
3213 2386 3447 2441 deditam
3485 2397 3539 2441 et
3569 2390 3651 2444 his

2069 2467 2382 2532 inhiantem,
2411 2470 2613 2525 deliciis
2645 2472 2952 2528 affluentem
2974 2516 2987 2534 .
3023 2475 3321 2544 loquacem,
3353 2487 3407 2532 et
3433 2495 3651 2547 prorsus

2068 2559 2306 2613 inutilem
2332 2575 2347 2624 ;
2376 2575 2693 2630 quamquam
2715 2563 2929 2619 difficile
2957 2566 3111 2620 estin
3142 2583 3243 2621 una
3276 2569 3499 2624 muliere
3533 2570 3649 2625 huic

2065 2651 2241 2704 omnia
2268 2665 2622 2717 concurrere;
2666 2656 2926 2724 fingamus
2969 2664 3144 2710 tamen
3175 2673 3296 2712 esse
3326 2658 3506 2713 talem.
3537 2661 3644 2716 Sed

2063 2757 2181 2807 cur,
2216 2742 2442 2810 inquies,
2489 2744 2788 2807 mulierem,
2836 2761 2939 2800 non
2984 2747 3152 2801 virum
3191 2748 3474 2820 depingis?
3510 2753 3647 2807 Sunt

2062 2843 2206 2886 certe
2246 2834 2342 2887 viri
2393 2835 2693 2902 hujusmodi
2739 2838 2966 2892 muliere
3015 2839 3328 2895 deter-iores.
3373 2841 3478 2901 Sed
3520 2845 3643 2912 quia

2061 2925 2388 2994 gubernandi
2427 2927 2658 2981 ofï¬cium
2703 2929 2828 2982 viris
2875 2930 3128 2984 traditum
3167 2944 3270 2998 est,
3314 2933 3400 2987 hic
3430 2936 3641 2989 interim

2061 3017 2338 3071 mulierem
2378 3014 2745 3074 doscrihamtis
2775 3038 2786 3071 :
2818 3037 2921 3074 non
2951 3023 3090 3090 quod
3125 3024 3175 3076 in
3222 3023 3431 3078 feminis
3471 3027 3642 3092 major

2057 3109 2126 3160 sit
2156 3109 2417 3174 nequitia:
2448 3109 2611 3162 multa
2641 3111 2834 3178 quippe
2863 3121 2914 3165 et
2943 3113 3079 3181 apud
3110 3116 3250 3168 viros
3277 3117 3510 3185 reperire
3533 3129 3638 3182 est,

2059 3209 2182 3263 quae
2236 3195 2549 3252 mulieribus
2599 3215 2707 3254 non
2760 3217 3088 3272 competunt,
3147 3218 3203 3260 ut
3257 3213 3630 3276 homicidium,

2059 3284 2430 3352 ÎµÎ¹Î¹Î½Î¹Î¹Î¹Ï…Î¹á½¹Î¹Ï…Î¹Î¹Î¹
2495 3287 2867 3357 eï¬‚â€˜ossiouem,
2930 3311 3051 3349 curn
3089 3295 3281 3350 belluis
3311 3312 3542 3364 pugnam
3588 3305 3626 3367 Î¹,

2057 3383 2110 3429 et
2167 3377 2332 3430 multa
2403 3378 2486 3432 his
2555 3380 2769 3435 similia.
2819 3382 2900 3437 Ne
2957 3388 3157 3454 putetis
3221 3405 3351 3458 ergo
3413 3407 3512 3443 nos
3559 3408 3626 3445 ex

2056 3483 2220 3523 sexus
2283 3470 2586 3538 huiusmodi
2631 3486 2941 3546 contemptu
2992 3480 3106 3534 haec
3153 3482 3305 3536 effari
3355 3502 3370 3537 :
3415 3487 3557 3538 absit
3595 3501 3627 3539 a

2046 3576 2165 3622 me;
2196 3561 2287 3615 sed
2315 3561 2379 3613 ad
2406 3577 2518 3616 rem
2561 3579 2700 3618 nunc
2737 3565 2887 3634 juvat
2924 3567 3096 3636 imago
3131 3567 3450 3636 lmjusmodi.
3489 3572 3627 3638 Stip-

2045 3663 2271 3721 ponatur
2299 3668 2428 3722 ergo
2471 3656 2624 3710 nobis
2667 3659 2857 3712 mulier
2901 3659 3052 3724 talis,
3099 3661 3284 3730 virque
3326 3663 3440 3731 ejus
3477 3665 3622 3719 omni

2042 3745 2200 3798 modo
2230 3744 2440 3799 studeat
2465 3746 2630 3814 ipsam
2653 3748 2953 3803 enâ€˜iendare.
2974 3749 3254 3815 Quomodo
3281 3753 3582 3807 emcndabit
3598 3754 3624 3806 2

2038 3835 2151 3887 Non
2182 3835 2359 3889 omnia
2390 3837 2546 3890 simul
2583 3837 2959 3906 praecipiendo,
3001 3841 3095 3894 sed
3136 3841 3336 3896 leviora
3369 3845 3615 3913 prinmm,

2033 3930 2227 3996 quibus
2256 3930 2343 3983 illa
2369 3945 2471 3982 non
2493 3931 2718 3984 multum
2735 3942 2975 4001 angatur.
3000 3931 3130 3986 Nam
3159 3935 3202 3986 si
3233 3945 3401 3988 totum
3422 3952 3450 3989 a
3475 3938 3621 4005 prin-

2035 4021 2175 4086 cipio
2198 4020 2486 4076 emendare
2523 4021 2763 4087 lâ€˜eSlines,
2796 4031 2961 4076 totum
2995 4025 3203 4091 perdes.
3245 4025 3323 4080 Ne
3352 4042 3480 4096 ergo
3504 4041 3617 4082 sta-

2036 4115 2127 4166 tim
2158 4113 2205 4168 ei
2237 4128 2398 4166 aurea
2425 4122 2732 4168 ornamenta
2761 4115 3002 4180 auferas;
3027 4117 3118 4169 sed
3148 4117 3261 4171 hac
3291 4120 3500 4173 interim
3525 4120 3620 4172 ha-

2035 4206 2174 4268 beat,
2212 4205 2378 4274 iisque
2405 4215 2583 4258 utatur
2625 4222 2638 4258 :
2671 4221 2790 4259 nam
2824 4207 2998 4260 mitms
3029 4209 3222 4262 tnalum
3252 4209 3459 4264 videtur
3488 4210 3616 4266 illud

2033 4313 2170 4359 esse,
2204 4312 2360 4365 quam
2394 4297 2655 4366 pigu'tenta
2685 4305 2740 4350 et
2769 4295 2941 4351 fucus.
2983 4297 3072 4351 Illa
3111 4300 3338 4368 primum
3370 4301 3612 4356 auferan-

2034 4398 2136 4450 tur,
2168 4401 2270 4440 uon
2297 4402 2361 4440 ex
2387 4387 2793 4441 comminatione
2818 4389 2894 4442 vel
2923 4389 3132 4452 timore,
3163 4390 3256 4444 sed
3277 4405 3341 4446 ex
3365 4392 3616 4448 suasione

2032 4487 2085 4531 et
2115 4477 2351 4543 lenitate,
2383 4492 2446 4531 ex
2478 4477 2813 4554 accusatione
2857 4479 2908 4530 in
2943 4479 3075 4532 alias
3104 4480 3353 4534 mulieres
3397 4481 3610 4550 injecta.

2031 4588 2096 4626 ex
2128 4571 2337 4640 propria
2390 4579 2476 4623 tua
2524 4571 2785 4624 sententia
2835 4579 2992 4640 atque
3034 4583 3209 4641 gustu.
3245 4573 3337 4628 Dic
3384 4573 3459 4627 illi
3503 4574 3612 4628 fre-

2030 4673 2253 4734 quenter
2287 4680 2299 4716 :
2343 4663 2525 4716 Facies
2551 4677 2670 4716 cum
2706 4663 2794 4715 tali
2835 4673 3024 4717 ornatu
3071 4680 3172 4718 non
3218 4665 3460 4719 amabilis
3504 4677 3609 4731 est,

2033 4760 2136 4811 imo
2166 4757 2446 4824 injucunda
2481 4774 2495 4810 :
2537 4755 2720 4824 illique
2765 4756 2949 4822 suade,
2997 4757 3117 4809 ideo
3157 4756 3387 4812 maxime
3417 4757 3466 4811 id
3517 4759 3609 4812 tibi

2028 4849 2330 4917 displicere.
2359 4847 2486 4901 Post
2517 4858 2656 4900 tuam
2685 4856 2860 4899 autem
2889 4848 3212 4917 opinionem,
3231 4848 3453 4902 aliorum
3481 4864 3613 4918 quo-

2027 4959 2131 5012 que
2159 4940 2475 4996 sententiam
2515 4939 2686 4993 adduc
2715 4939 2767 4992 in
2797 4939 3050 5003 medium,
3083 4939 3298 5008 dieque,
3331 4940 3380 4994 id
3413 4940 3609 4994 formo-

2027 5052 2114 5089 sas
2137 5035 2440 5090 deformare
2481 5033 2674 5096 solere,
2719 5043 2776 5085 ut
2824 5031 3068 5086 morbum
3108 5031 3177 5087 de
3215 5032 3392 5086 medio
3435 5033 3607 5087 tollas.

2029 5129 2168 5183 Nihil
2187 5127 2362 5182 adhuc
2389 5125 2456 5180 de
2485 5125 2723 5195 gehennn
2763 5123 3019 5192 loquaris,
3057 5123 3139 5178 vel
3167 5123 3234 5176 de
3262 5138 3424 5193 regno
3448 5140 3461 5176 :
3487 5139 3607 5177 nam

2030 5221 2222 5275 frustra
2255 5219 2368 5272 bare
2398 5216 2620 5271 dixeris.
2647 5213 2915 5269 Persuade
2969 5213 3086 5280 ipsi,
3145 5213 3333 5282 majori
3381 5214 3472 5268 tibi
3519 5229 3612 5267 vo-

2030 5310 2211 5379 luptati
2240 5322 2383 5367 esse.
2408 5307 2451 5361 si
2485 5308 2594 5376 ipsa
2634 5305 2724 5360 Dei
2749 5319 2882 5375 opus
2907 5304 3105 5357 nudum
3141 5305 3388 5358 oswndat
3417 5320 3431 5357 :
3459 5303 3606 5357 illam

2025 5401 2168 5455 enim
2209 5415 2328 5468 qua:
2359 5398 2546 5452 faciem
2584 5396 2851 5465 perfricat,
2898 5395 3088 5461 tendit,
3130 5395 3385 5464 depingit.
3429 5395 3609 5449 umltis

2028 5513 2131 5550 non
2177 5495 2461 5546 formosam
2507 5490 2695 5544 videri.
2747 5489 2979 5542 Primum
3025 5488 3397 5543 eommunihus
3449 5487 3605 5540 ratio-

2025 5587 2181 5642 ciniis
2206 5584 2514 5639 ctomuium
2555 5580 2771 5634 calculis
2799 5579 3042 5633 morbum
3084 5577 3298 5646 abigere
3342 5586 3528 5641 tenta;
3555 5584 3610 5629 et

2116 5683 2133 5715 á½·
2159 5682 2255 5732 Î¹Í¾Î¹á¼°Î‡.
2284 5681 2456 5733 Atluot.
2483 5675 2727 5731 l"ridcrici
2755 5675 2900 5730 Field
2939 5678 2998 5728 ad
3017 5693 3127 5741 pag.
3152 5679 3213 5728 55
3225 5679 3262 5727 Î¹.
