4080 6138
341 235 442 292 56⁵3

342 348 783 420 postquamillain
810 347 1108 417 hujusmodi
1143 347 1321 402 verbis
1350 347 1693 410 cmollivcris,
1721 346 1805 400 illa
1824 346 1925 400 alia

339 443 531 511 adjice.
564 441 619 495 Si
651 439 816 494 semel
848 440 1072 499 dixeris,
1106 454 1203 492 nec
1229 439 1495 503 suaseris,
1531 438 1786 502 secundo,
1818 447 1927 491 ter-

339 537 435 597 tio,
481 544 536 588 et
568 534 766 601 sacpius
791 533 966 595 dicas;
1014 532 1126 585 hare
1154 543 1397 600 repetere
1429 546 1495 584 ne
1524 530 1780 599 graveris,
1818 545 1921 582 non

336 628 521 681 odiosa
550 627 776 696 quadam
804 624 1028 689 ratione,
1059 623 1173 678 scd’
1194 623 1421 692 placide,
1453 635 1595 676 nunc
1631 619 1923 675 avertendo

338 732 411 784 te,
437 735 579 774 nunc
607 718 874 773 adulando
903 725 959 772 et
997 716 1242 771 colendo.
1291 717 1481 770 Annon
1513 715 1661 769 vides
1693 716 1922 784 pictores

338 812 499 866 modo
526 811 725 867 delere.
763 810 923 864 modo
962 810 1182 879 picturae
1210 807 1591 878 superaddere,
1627 816 1682 860 ut
1724 807 1922 859 formo-

335 919 449 958 sam
480 904 667 957 faciem
689 901 979 971 depingant
997 901 1020 954 ?
1041 900 1116 955 Ne
1137 901 1212 955 sis
1238 915 1367 969 ergo
1393 899 1566 953 minus
1592 914 1751 968 sagax
1792 899 1914 952 illis.

335 994 468 1048 Nam
491 994 536 1047 si
565 994 634 1046 illi
661 993 902 1063 corporis
932 992 1213 1061 imaginem
1247 992 1540 1060 pingentes,
1577 999 1719 1043 tanta
1752 1000 1915 1043 utun-

340 1096 427 1140 tur
454 1086 723 1154 diligentia
750 1103 763 1137 :
791 1086 957 1139 multo
981 1085 1147 1154 magis
1172 1098 1269 1137 nos
1295 1084 1526 1137 animam
1552 1082 1913 1149 cfforniantes,

332 1192 547 1231 omnem
576 1178 872 1231 machinam
903 1191 1116 1230 movere
1148 1191 1240 1243 par
1268 1185 1368 1229 est.
1398 1174 1527 1229 Nam
1549 1176 1592 1229 si
1622 1175 1777 1243 hujus
1803 1174 1919 1228 ani-

332 1284 435 1322 tiia:
462 1269 649 1322 faciem
685 1268 905 1337 pulchre
948 1266 1330 1332 efforuiavcris,
1364 1282 1467 1319 non
1497 1265 1699 1319 videbis
1726 1254 1916 1334 corpo-

331 1362 409 1415 ris
447 1361 796 1416 deformatam
831 1358 1040 1421 faciem,
1082 1374 1188 1413 non
1229 1358 1493 1413 rubricata
1530 1358 1688 1422 labia,
1723 1373 1826 1412 non
1852 1373 1915 1412 os

332 1468 472 1507 ursa:
500 1454 580 1508 ori
602 1460 878 1507 cruentato
909 1452 1104 1513 simile.
1138 1467 1242 1506 non
1277 1461 1390 1506 atra
1430 1451 1732 1520 supercilia,
1761 1453 1910 1520 quasi

330 1561 396 1599 ex
443 1544 563 1599 ollae
606 1544 844 1613 fuligine,
892 1558 999 1598 non
1040 1543 1195 1598 illitas
1228 1557 1412 1612 genas,
1457 1551 1515 1596 tit
1546 1542 1909 1612 sepulcrorum

328 1637 580 1707 parietes.
619 1636 744 1691 llaec
779 1636 975 1705 quippe
1000 1637 1174 1691 omnia
1221 1636 1421 1705 fuligo,
1466 1634 1635 1704 pulvis
1673 1643 1728 1689 et
1752 1635 1907 1702 cinis,

328 1730 659 1798 extremique
689 1728 892 1782 fauoris
921 1728 1091 1797 signa.

399 1819 454 1873 6.
507 1818 698 1873 Vei-uiii
751 1817 931 1872 nescio
976 1832 1082 1887 quo
1124 1825 1277 1886 pacto
1324 1816 1374 1869 in
1422 1814 1723 1884 hujusmodi
1748 1815 1906 1871 verba

326 1910 575 1979 delapsus
605 1910 726 1972 siin,
759 1918 812 1961 et
832 1908 956 1961 dum
985 1907 1116 1961 alios
1152 1906 1334 1961 hortor
1365 1915 1417 1960 ut
1447 1922 1565 1961 cuni
1604 1916 1911 1961 mansuetu-

324 2004 450 2059 dine
489 2009 778 2065 moneant,
827 2001 880 2055 in
927 1999 1250 2054 iracundiam
1299 2000 1411 2069 ipse
1454 1999 1734 2053 devnlutus
1783 1999 1905 2052 sim.

329 2097 681 2151 Revertantur
736 2094 912 2164 itaque
972 2092 1039 2146 ad
1108 2090 1373 2146 mitiorem
1435 2092 1905 2157 admonitionem,

324 2189 608 2257 omniaque
646 2187 877 2242 feramus
924 2186 1201 2240 mulierum
1246 2184 1371 2239 vitia
1398 2225 1414 2250 ,
1461 2195 1519 2239 ut
1564 2202 1683 2254 qua:
1723 2185 1773 2238 in
1807 2199 1906 2254 op-

325 2282 446 2333 tatis
493 2287 618 2331 sunt
660 2277 1016 2348 perficiamus.
1058 2279 1248 2332 Annon
1293 2277 1441 2331 vides
1474 2276 1741 2346 quomodo
1783 2276 1908 2330 feri-

323 2388 442 2426 mus
468 2371 695 2426 infaiites
721 2371 991 2441 vagientes
1016 2385 1136 2425 cuin
1180 2385 1210 2423 a
1257 2384 1486 2424 mamma
1530 2380 1654 2423 sunt
1700 2369 1906 2423 abstra-

323 2462 483 2517 lienili
517 2483 530 2517 :
564 2463 845 2532 omniaque
886 2462 1204 2525 toleramus,
1250 2460 1317 2515 ad
1369 2460 1420 2515 id
1459 2461 1653 2527 solum,
1703 2469 1759 2514 ut
1800 2460 1903 2514 illis

320 2555 637 2610 suadeamus
661 2553 891 2624 priorem
910 2553 1186 2623 despicere
1202 2553 1477 2608 mensam?
1498 2551 1571 2606 lta
1593 2562 1644 2607 et
1672 2552 1904 2607 0111101³11-

319 2648 523 2702 ciamus
550 2662 563 2698 :
595 2655 786 2699 caetera
812 2645 988 2698 omnia
1019 2644 1269 2709 feramus,
1311 2654 1368 2697 ut
1402 2642 1503 2698 hoc
1530 2658 1897 2714 assequamur.

317 2736 453 2791 Cum
483 2737 623 2791 enim
651 2735 777 2792 illud
799 2734 1134 2790 emendatum
1166 2734 1342 2798 fuerit,
1375 2733 1515 2789 aliud
1545 2743 1690 2789 recte
1715 2749 1901 2803 proce-

316 2830 446 2883 dere
473 2828 706 2892 videbis,
735 2836 892 2898 atque
920 2827 986 2881 ad
1026 2841 1184 2881 aurea
1216 2836 1527 2881 ornamenta
1557 2827 1738 2880 venies
1761 2867 1777 2891 ,
1802 2840 1895 2881 eo-

314 2919 547 2988 demque
582 2918 739 2973 inodo
763 2918 830 2974 de
858 2918 939 2972 his
974 2918 1134 2973 etiam
1160 2916 1424 2987 loqueris:
1449 2927 1504 2972 et
1526 2918 1605 2972 sic
1646 2918 1895 2986 paulatim

317 3026 537 3065 uxorem
571 3014 895 3064 coneinnans
914 3051 930 3076 ,
959 3010 1066 3064 eris
1091 3009 1261 3077 pictor
1284 3008 1512 3078 optimus
1535 3049 1553 3074 ,
1576 3008 1745 3064 fidelis
1782 3025 1897 3065 ser-

313 3114 447 3165 vus‘,
480 3101 706 3171 agrico'a
735 3112 1001 3156 strenuus.
1034 3100 1161 3154 Post
1190 3099 1303 3154 li:ee
1333 3110 1508 3154 autem
1533 3141 1549 3167 ,
1583 3100 1634 3154 in
1663 3110 1894 3157 mentem

314 3192 413 3262 ipsi
441 3207 627 3247 revoca
656 3193 898 3261 antiquas
921 3191 1039 3245 illas
1055 3191 1323 3254 mulieres,
1342 3192 1546 3253 Saram,
1574 3191 1890 3259 Rebeccam,

311 3283 576 3338 formosas
616 3292 670 3337 et
716 3282 1019 3345 deformes,
1068 3291 1122 3336 et
1163 3282 1382 3336 ostende
1428 3282 1498 3336 illi
1544 3298 1731 3338 omnes
1779 3284 1893 3339 illas

311 3375 474 3429 fuisse
502 3383 855 3443 temperantes
874 3384 925 3428 et
954 3373 1106 3443 frugi.
1124 3372 1252 3427 Nam
1275 3372 1365 3427 Lia
1398 3375 1708 3443 patriarchae
1738 3389 1889 3440 uxor,

308 3481 430 3519 cum
464 3463 695 3519 formosa
726 3480 828 3517 non
854 3472 1029 3531 esset,
1075 3481 1342 3535 nunquam
1374 3465 1476 3519 tale
1503 3467 1771 3534 quidpiam
1799 3483 1891 3521 ex-

306 3554 581 3626 cogitavit,
605 3555 697 3611 sed
723 3554 976 3611 deformis
1004 3572 1125 3611 cum
1153 3566 1330 3622 esset,
1361 3573 1459 3611 nec
1486 3559 1708 3612 multum
1740 3575 1888 3613 ama-

307 3660 454 3703 retur
480 3664 509 3702 a
541 3649 654 3702 viro
673 3689 688 3712 ,
712 3647 841 3702 nihil
875 3648 1174 3717 hujusmodi
1202 3648 1438 3704 adhibuit
1461 3692 1474 3714 ,
1502 3665 1674 3720 neque
1699 3650 1887 3706 faciem

305 3756 457 3795 suam
491 3740 733 3803 vitiavit,
765 3740 857 3794 sed
888 3741 1083 3794 mansit
1114 3741 1313 3809 integra
1358 3757 1680 3798 conservans
1725 3745 1887 3799 linea-

306 3841 482 3885 menta
509 3873 523 3894 ,
551 3831 756 3886 etiamsi
786 3830 967 3887 fuisset
995 3847 1026 3885 a
1057 3832 1340 3901 gentilibus
1366 3833 1607 3887 educata.
1642 3834 1718 3888 Tu
1759 3851 1888 3890 vero

304 3939 424 3992 qua!
454 3923 620 3977 fidelis
649 3939 737 3985 es,
763 3922 912 3991 cujus
938 3933 1094 3992 caput
1122 3923 1383 3987 Christus,
1413 3926 1703 3980 satanicain
1733 3928 1885 3981 nobis

304 4015 604 4068 machinam
639 4014 888 4068 iiiilncis?
918 4031 1014 4068 nec
1048 4016 1342 4071 recordaris
1375 4033 1526 4088 aqii:e
1559 4020 1696 4073 illius
1719 4061 1733 4086 ,
1766 4036 1884 4091 qua:

1292 231 1357 288 IN
1398 231 1804 288 MATTHIEU.“
1846 231 2075 288 llOMll..
2121 232 2306 289 XXXI.
2350 236 2420 289 al.
2463 232 2678 289 XXX".

3512 238 3622 295 370

2035 347 2183 402 faciei
2213 359 2314 403 tua:
2338 350 2653 404 circumfusa
2696 349 2788 403 ftiit
2816 390 2832 415 ,
2858 349 3105 405 sacrificii
3132 392 3145 414 ,
3177 350 3319 422 quod
3348 350 3485 407 labia
3529 365 3616 407 tua

2031 442 2268 504 ornavit,
2301 442 2603 511 sanguinis.
2634 442 2723 512 qui
2754 441 2986 512 linguam
3019 454 3159 498 tuam
3185 445 3528 499 cruentavit?
3556 444 3616 499 Si

2029 534 2172 588 enim
2206 534 2318 588 haec
2347 535 2525 589 omnia
2554 544 2727 588 tecum
2762 546 3059 604 reputares,
3087 538 3425 605 quantumvis
3449 553 3613 591 orna-

2029 626 2169 680 tibus
2197 624 2496 694 hujusmodi
2530 626 2705 680 dedita
2732 641 2880 681 esses
2903 666 2918 689 ,
2953 642 3057 681 non
3086 626 3313 682 auderes
3342 629 3611 696 pulverem

2029 717 2175 771 illum
2202 717 2543 785 cineremque
2572 716 2846 771 adhibere.
2878 717 3028 771 Disce
3068 726 3118 771 te
3142 717 3356 771 Chi-isto
3382 719 3614 787 despon~

2025 819 2196 865 satam
2224 824 2364 875 esse,
2392 819 2441 864 et
2472 809 2573 863 hoc
2593 809 2825 863 dedecus
2852 823 3118 862 aversare.
3144 807 3329 879 Neque
3350 808 3492 863 enim
3521 810 3612 864 ille

2027 904 2217 957 talibus
2243 902 2539 956 delectatur
2561 901 2819 972 picturis;
2847 902 2940 955 sed
2968 902 3124 955 aliam
3163 902 3352 971 qua-rit
3378 900 3612 970 pulchri-

2026 994 2260 1048 tudinem
2286 1034 2301 1054 .
2331 1010 2490 1063 quant
2535 995 2880 1049 vehementer
2917 1003 3094 1057 aiiiat,
3122 994 3315 1048 anima:
3357 994 3607 1049 decorent

2021 1086 2162 1140 dico.
2193 1085 2344 1140 Hune
2371 1095 2423 1140 te
2452 1086 2709 1156 propheta
2742 1100 2986 1154 quaerere
3014 1084 3166 1153 jubet
3196 1084 3277 1137 his
3304 1085 3517 1143 verbis:
3540 1082 3609 1139 Et

2021 1178 2335 1246 concupiscet
2360 1194 2448 1230 rea:
2472 1176 2699 1230 decorent
2719 1187 2859 1229 tuum
2888 1176 3054 1248 (Paul.
3082 1176 3167 1230 44.
3194 1176 3301 1242 12).
3328 1174 3404 1230 Ne
3431 1176 3607 1246 itaque

2019 1268 2285 1338 superflua
2325 1279 2379 1322 et
2416 1268 2664 1322 indecora
2704 1282 3242 1337 qti:erainiis:ticqtte
3285 1268 3428 1322 enini
3471 1282 3607 1335 opus

2022 1358 2113 1413 Dci
2143 1357 2428 1429 quodpiam
2466 1358 2834 1428 imperfectum
2880 1366 2964 1410 est
2988 1398 3003 1423 ,
3032 1365 3090 1411 ut
3119 1366 3203 1411 tua
3232 1368 3387 1426 egeat
3423 1372 3607 1411 corre-

2017 1451 2213 1505 ctione.
2230 1450 2359 1505 Nam
2382 1451 2426 1503 si
2449 1450 2569 1519 quis
2589 1448 2943 1517 imperatoria:
2961 1448 3174 1517 imagini
3195 1457 3388 1501 erecta:
3402 1445 3601 1517 aliquid

2015 1543 2083 1598 de
2108 1559 2207 1597 suo
2233 1543 2464 1612 adjicere
2490 1550 2734 1603 tentaret,
2766 1556 2869 1593 non
2902 1548 3045 1592 tutus
3071 1548 3214 1593 esset
3239 1547 3481 1601 conatus,
3507 1537 3602 1592 sed

2015 1644 2255 1691 extremo
2306 1636 2540 1705 periculo
2575 1635 2710 1687 foret
2749 1631 3027 1686 obnoxius.
3073 1630 3228 1700 Atqui
3272 1630 3432 1684 homo
3458 1631 3599 1686 illam

2013 1738 2264 1799 operatus
2288 1738 2388 1787 cst.
2421 1738 2474 1781 et
2505 1727 2635 1781 nihil
2663 1726 2849 1796 adjicis
2882 1742 2895 1778 :
2931 1724 3016 1779 hic
3049 1740 3175 1778 iero
3206 1724 3344 1778 Deus
3369 1734 3555 1777 auctor
3578 1761 3598 1790 ,

2014 1830 2066 1874 ct
2090 1819 2386 1874 emendas?
2411 1817 2527 1872 Non
2555 1818 2756 1887 cogitas
2780 1816 3037 1886 gehenna:
3080 1816 3294 1884 ignem?
3336 1828 3442 1869 non
3485 1814 3601 1866 ani-

2014 1928 2153 1965 niaiii
2182 1911 2478 1980 neglectam
2502 1910 2525 1962 ?
2558 1909 2680 1963 Ideo
2708 1923 2936 1977 namque
2967 1907 3054 1960 illa
3080 1906 3318 1976 neglecta
3349 1915 3451 1970 est,
3474 1904 3597 1974 quia

2015 2015 2120 2059 tota
2161 2021 2286 2059 cura
2339 2006 2388 2057 in
2432 2018 2648 2057 carnem
2688 2002 2877 2056 collata
2924 2000 3037 2053 fuit.
3070 1999 3269 2069 Ecquid
3312 1998 3381 2052 de
3419 2000 3596 2051 anima

2013 2094 2393 2167 loqiior?Nain
2423 2094 2520 2164 ipsi
2559 2108 2769 2163 quoque
2796 2092 2944 2147 carni
2979 2090 3242 2145 contraria
3285 2089 3597 2158 contingunt

2012 2192 2077 2246 iis
2099 2206 2214 2259 quae
2240 2203 2336 2241 vos
2365 2188 2577 2259 optatis.
2604 2185 2698 2240 llic
2723 2200 2851 2239 vero
2875 2183 3109 2238 attende.
3134 2181 3228 2237 Vis
3254 2180 3484 2235 formosa
3510 2197 3597 2250 ap-

2012 2282 2233 2353 parere?
2256 2282 2366 2336 lloc
2395 2291 2446 2335 te
2475 2280 2767 2335 deformem
2796 2276 3047 2333 ostendit.
3076 2276 3169 2331 Vis
3204 2275 3412 2346 placere
3438 2273 3594 2328 viro?

2010 2376 2062 2429 ld
2094 2375 2239 2428 illum
2269 2387 2501 2427 mterore
2530 2370 2688 2424 afficit
2715 2388 2729 2424 :
2752 2384 2816 2423 ac
2856 2382 3027 2437 neque
3066 2365 3215 2420 illum
3253 2365 3426 2419 solum
3451 2404 3468 2430 ,
3497 2363 3591 2420 sed

2006 2476 2259 2522 externos
2306 2478 2495 2519 omnes
2536 2463 2626 2516 tibi
2677 2470 3017 2516 accusatores
3062 2459 3247 2513 efficit.
3289 2457 3379 2512 Vis
3411 2455 3593 2526 juiiior

2004 2558 2287 2628 apparere?
2301 2557 2413 2613 lloe
2430 2566 2481 2613 te
2494 2556 2648 2611 citius
2670 2555 2721 2609 in
2741 2561 3068 2609 senectutem
3085 2549 3362 2606 ducet.Vis
3384 2548 3593 2604 ornari?

2008 2652 2116 2707 "Ol'
2133 2652 2226 2706 tibi
2239 2651 2487 2706 dedecori
2503 2657 2607 2703 est.
2624 2648 2757 2703 Nam
2777 2645 3074 2717 hujusmodi
3094 2644 3285 2699 mulier
3297 2655 3591 2711 0000³11110-

2006 2746 2082 2801 les
2104 2744 2281 2811 modo,
2309 2743 2401 2799 sed
2431 2742 2653 2797 ancillas
2676 2742 2919 2796 conscias
2946 2750 3002 2794 et
3017 2738 3340 2793 domesticos
3358 2735 3589 2791 scientes

2005 2837 2203 2907 pudore
2228 2836 2421 2901 allicit;
2456 2836 2729 2904 multoque
2758 2832 2925 2901 magis
2950 2834 3202 2900 seipsam.
3224 2826 3330 2883 Sed
3350 2842 3449 2882 cur
3473 2827 3587 2881 li.i-c

2001 2928 2171 2982 dicam
2194 2929 2217 2982 ?
2240 2928 2373 2982 Nam
2399 2926 2538 2999 quod
2565 2926 2801 2979 omnitnn
2832 2923 3199 2993 gravissimum
3240 2931 3321 2975 est
3359 2925 3585 2989 pra-ter-

2002 3020 2121 3073 niisi
2141 3036 2154 3072 :
2176 3029 2227 3074 te
2248 3034 2439 3086 nempe
2467 3018 2631 3072 Deum
2658 3014 2948 3075 offendere,
2972 3015 3268 3067 castitatem
3296 3009 3582 3070 suffodere.

2000 3111 2276 3181 zelotypia:
2312 3109 2552 3164 flannnas
2592 3105 2904 3166 accendere,
2934 3104 3213 3174 prostituta
3238 3103 3338 3156 sub
3383 3101 3585 3156 fornice

1999 3216 2172 3257 scorta
2194 3201 2409 3256 imitari.
2435 3201 2559 3255 lla-c
2578 3202 2751 3269 itaque
2771 3198 2947 3252 omnia
2963 3196 3275 3267 cogitantes,
3293 3196 3582 3249 satanieain

2000 3310 2243 3363 poiiipaiii
2263 3334 2278 3356 ,
2307 3292 2728 3361 diabolicamque
2748 3299 2916 3344 artem
2945 3288 3299 3348 contemnite.
3329 3286 3581 3340 dimisso-

1997 3401 2100 3455 que
2134 3385 2225 3438 illo
2252 3393 2440 3437 ornatu
2461 3423 2477 3446 ,
2508 3383 2614 3436 imo
2642 3380 2928 3445 dedecore,
2961 3377 3409 3448 pulchritudinem
3438 3376 3580 3431 illam

1998 3477 2049 3530 in
2081 3474 2359 3529 animabus
2386 3473 2576 3527 vestris
2605 3481 2859 3542 apparate
2878 3512 2893 3536 ,
2918 3486 3037 3541 qua:
3065 3468 3269 3540 angelis
3295 3468 3539 3522 amabilis
3559 3507 3579 3534 ,

1999 3569 2109 3622 Deo
2133 3566 2382 3636 optabilis
2410 3572 2464 3619 et
2491 3562 2828 3619 consortibus
2857 3561 3032 3617 suavis
3055 3569 3157 3624 est,
3186 3570 3238 3613 ut
3267 3568 3320 3613 et
3348 3573 3584 3628 praesen-

1998 3668 2103 3713 tem
2131 3667 2186 3712 et
2212 3657 2441 3711 futuram
2475 3655 2696 3726 gloriam
2721 3651 3121 3723 consequamini
3148 3669 3162 3706 :
3187 3665 3345 3722 quam
3377 3650 3578 3704 utinam

1996 3766 2094 3805 nos
2123 3764 2312 3804 omnes
2340 3749 2715 3818 adipiscamur,
2743 3748 2909 3816 gratia
2938 3758 2991 3801 et
3020 3746 3345 3816 benignitate
3369 3745 3577 3799 Domitii

1994 3844 2162 3898 nostri
2187 3843 2312 3897 Jesn
2338 3840 2557 3906 Christi,
2588 3839 2670 3894 cui
2700 3839 2865 3910 gloria
2893 3848 2947 3894 et
2974 3838 3277 3909 imperium,
3301 3839 3351 3891 in
3381 3836 3575 3892 secula

1995 3938 2330 3992 sa'culoruni.
2363 3936 2557 3990 Anien.

1394 4225 1739 4288 HOMlLlA
1781 4229 2026 4290 XXXI.
2072 4229 2158 4292 al.
2205 4228 2481 4289 XXXII.

302 4369 433 4425 CAP.
453 4370 503 4426 9.
533 4369 678 4425 v.18.
713 4369 836 4424 Hinc
866 4368 956 4424 i'llo
985 4368 1233 4434 loquente,
1254 4384 1364 4422 ecce
1376 4369 1609 4439 princeps
1629 4370 1884 4439 ingressus

375 4461 617 4515 adorabat
637 4477 752 4514 eum
778 4462 947 4515 dicens
967 4476 985 4513 :
1012 4458 1151 4513 Filia
1196 4476 1305 4513 mea
1331 4460 1479 4514 modo
1497 4461 1736 4531 defuncta
1764 4472 1835 4515 est
1863 4477 1882 4524 ;

372 4553 461 4607 sed
479 4554 609 4619 veni,
638 4554 839 4621 impone
863 4570 1068 4607 manuni
1087 4562 1226 4607 tuam
1246 4571 1399 4622 super
1413 4572 1542 4619 eam,
1563 4566 1609 4609 et
1630 4558 1774 4609 vivet.
1798 4555 1882 4611 l9.

376 4642 442 4697 Et
468 4660 678 4714 surgens
700 4642 852 4697 Iesus
880 4654 1117 4713 sequutus
1143 4656 1213 4699 est
1240 4661 1353 4698 eum
1379 4687 1392 4707 ,
1423 4656 1469 4699 et
1494 4645 1732 4715 discipuli
1751 4648 1878 4709 eius.

375 4741 429 4791 l.
460 4737 607 4804 Opus
634 4750 911 4791 sermones
940 4747 1219 4806 sequutum
1251 4748 1353 4802 est,
1384 4739 1454 4792 ita
1479 4748 1535 4792 ut
1555 4740 1723 4809 magis
1742 4738 1883 4792 Plia-

300 4832 583 4884 ris:coriim
612 4841 705 4882 ora
748 4831 1234 4896 comprimereiiiur
1284 4846 1297 4882 :
1352 4844 1472 4882 nam
1523 4830 1610 4898 qui
1654 4829 1883 4884 accessit

301 4933 589 4992 synagoga:
637 4916 881 4987 princeps
922 4926 1038 4973 erat
1068 4959 1081 4983 ,
1134 4918 1411 4988 luctusque
1469 4920 1643 4989 gravis
1680 4935 1693 4973 ε
1729 4920 1885 4973 unica

304 5013 447 5067 enini
474 5010 644 5080 puella
666 5018 781 5065 erat
801 5050 816 5072 ,
859 5025 1225 5080 annorumque
1252 5012 1531 5067 duodecim
1557 5053 1571 5076 ,
1616 5012 1757 5081 quod
1787 5012 1887 5067 flos

304 5113 423 5158 erat
447 5102 657 5158 aetatis:
686 5109 742 5156 et
767 5102 944 5156 statim
974 5102 1115 5156 illam
1139 5104 1431 5158 suscitavit.
1456 5105 1606 5171 Quod
1643 5106 1687 5160 si
1717 5105 1888 5161 Lucas

306 5207 485 5252 narrat
514 5195 725 5250 venisse
753 5195 843 5265 qui
865 5195 1103 5249 dicerent
1134 5212 1147 5248 :
1184 5193 1309 5249 Noli
1340 5214 1522 5252 vexare
1558 5200 1887 5267 magistrum;

306 5296 504 5339 mortua
532 5287 665 5339 enim
690 5294 760 5339 est
785 5282 937 5354 (Luc.
960 5284 1015 5340 8.
1052 5283 1145 5356 49)
1176 5303 1190 5340 :
1231 5285 1471 5341 dicemus
1503 5289 1631 5342 illud
1661 5330 1679 5355 ,
1728 5288 1886 5343 Modo

305 5378 545 5444 defuncta
569 5387 661 5442 est,
682 5392 712 5431 0
742 5386 982 5445 tempore
1011 5375 1065 5431 in
1093 5376 1283 5431 itinere
1310 5377 1577 5447 iusumplo
1600 5380 1885 5449 conjicien-

308 5470 376 5523 lis
404 5467 567 5523 fuisse
590 5510 605 5531 ,
640 5468 723 5522 vel
754 5467 1112 5522 calamitatem
1143 5467 1409 5535 augentis.
1442 5466 1556 5522 Mos
1583 5471 1724 5522 enim
1753 5484 1885 5539 sup.

304 5561 502 5630 plicum
532 5569 635 5625 est,
665 5560 802 5614 mala
831 5574 926 5614 sua
956 5560 1133 5614 verbis
1168 5559 1427 5613 extollere
1447 5598 1461 5622 ,
1493 5567 1546 5613 et
1584 5559 1699 5626 plus
1728 5575 1885 5630 quam

310 5668 436 5711 vere
460 5654 529 5709 sit
554 5654 762 5726 dicere,
790 5662 848 5712 ut
879 5653 1088 5711 facilius
1117 5662 1329 5726 rogatos
1358 5660 1599 5709 exorent.
1631 5652 1760 5708 Vide
1787 5668 1879 5708 au-

1995 4382 2100 4427 tem
2126 4387 2284 4442 quam
2315 4371 2462 4427 rudis
2489 4370 2576 4426 sit.
2612 4369 2726 4425 Duo
2755 4371 2896 4425 enim
2927 4369 3162 4440 postulat
3186 4386 3214 4425 a
3241 4369 3455 4426 Christo
3475 4411 3491 4436 ,
3519 4379 3582 4426 ιιι

1992 4465 2191 4529 veniat,
2219 4473 2270 4518 et
2297 4478 2513 4517 manuni
2543 4462 2781 4529 imponat
2811 4460 2985 4532 :quod
3014 4461 3224 4531 signum
3252 4472 3371 4517 erat
3399 4463 3572 4530 ipsum

1991 4568 2109 4608 eam
2138 4552 2313 4608 adhuc
2364 4554 2654 4623 spirantem
2690 4553 2993 4621 reliquisse.
3020 4552 3132 4608 lloe
3174 4563 3229 4607 et
3277 4553 3445 4625 Syrus
3485 4553 3577 4607 ille

1989 4643 2223 4698 Neeman
2253 4658 2284 4698 a
2336 4645 2591 4714 propheta
2636 4645 2847 4713 petebat
2900 4643 2983 4697 bis
3009 4644 3183 4697 verbis
3215 4661 3229 4698 :
3263 4642 3437 4698 Exibit
3467 4684 3483 4709 ,
3532 4652 3578 4697 et

1991 4753 2196 4790 manuni
2221 4754 2365 4790 suam
2386 4737 2605 4807 imponet
2633 4738 2710 4805 (4.
2739 4735 2863 4807 Reg.
2894 4737 2948 4792 5.
2979 4736 3089 4805 ll).
3118 4735 3248 4792 Natu
3276 4735 3393 4791 visu
3417 4746 3471 4791 et
3491 4753 3578 4792 re-

1990 4828 2089 4883 bus
2118 4828 2219 4882 sub
2254 4843 2471 4882 sensum
2500 4827 2811 4883 cadentibus
2840 4844 2974 4896 opus
3006 4826 3200 4881 habent
3231 4828 3263 4882 ii
3286 4828 3373 4898 qui
3397 4828 3575 4883 1111110-

1990 4921 2064 4975 ris
2089 4920 2250 4973 animi
2278 4929 2420 4974 sunt.
2450 4919 2658 4973 Marcus
2684 4918 2838 4989 (Cap.
2865 4919 2917 4973 5.
2939 4920 3028 4989 57)
3058 4935 3216 4988 porro
3244 4920 3375 4977 dicit
3401 4922 3575 4993 ipsum

1991 5018 2099 5064 tres
2162 5010 2512 5080 assumpsisse
2569 5010 2895 5080 discipulos,
2952 5010 3228 5082 Liicasque
3301 5012 3468 5085 (Cap.
3518 5015 3573 5069 8.

1990 5100 2081 5171 5|)
2125 5101 2402 5166 similiter;
2454 5099 2540 5155 liic
2583 5117 2712 5155 vero
2756 5101 3044 5172 discipulos
3092 5104 3422 5175 simpliciter.
3470 5105 3577 5159 Cur

1990 5206 2119 5262 eigo
2146 5190 2450 5246 Mattlireuui
2484 5206 2590 5246 non
2621 5193 2828 5261 accepit
2857 5232 2873 5256 ,
2903 5194 2994 5263 qui
3025 5210 3194 5264 nuper
3231 5198 3575 5252 accesserat?

1991 5284 2060 5340 Ut
2088 5286 2233 5340 illiiin
2267 5286 2317 5339 in
2341 5285 2597 5353 majorem
2628 5285 2971 5356 cupiditatem
3008 5287 3291 5357 injiceret,
3337 5296 3392 5342 et
3432 5288 3572 5355 quod

1991 5374 2353 5444 impcrfectior
2390 5375 2563 5431 adhuc
2592 5388 2754 5432 esset.
2807 5376 2934 5433 ideo
2960 5378 3102 5432 enim
3150 5380 3269 5434 illos
3309 5378 3572 5444 honorat,

1989 5478 2048 5521 ιιι
2078 5466 2130 5520 111
2160 5468 2277 5521 illos
2308 5468 2598 5522 imitentur.
2632 5467 2879 5523 lllattlneo
2909 5480 3087 5523 autem
3113 5470 3242 5522 satis
3262 5476 3397 5532 erat,
3427 5468 3571 5537 quod

1990 5558 2262 5629 sanguinis
2293 5560 2433 5613 fluxu
2465 5559 2795 5614 laborantem
2828 5559 3069 5622 vidisset,
3100 5566 3155 5611 et
3192 5557 3331 5625 quod
3384 5558 3570 5613 eadem

1993 5665 2178 5709 mensa
2205 5650 2451 5724 dignatus
2480 5652 2696 5717 fuisset,
2727 5649 2963 5721 cjttsdcnt
2987 5650 3112 5707 satis
3144 5648 3569 5721 participatione.
