  <div class='ocr_page' id='page_1' title='image "/cluster/home/n/w/nwhite01/storage/ocr_20150623/57/mdp.39015008622600/299.png"; bbox 0 0 4080 6138; ppageno 0'>
   <div class='ocr_carea' id='block_1_1' title="bbox 530 209 3067 272">
    <p class='ocr_par' dir='ltr' id='par_1_1' title="bbox 530 209 3067 272">
     <span class='ocr_line' id='line_1_1' title="bbox 530 209 3067 272; baseline 0 -5"><span class='ocrx_word' id='word_1_1' title='bbox 530 218 627 272; x_wconf 69' lang='grc'><strong>371</strong></span> <span class='ocrx_word' id='word_1_2' title='bbox 1266 212 1320 267; x_wconf 82' lang='lat' dir='ltr'><strong>S.</strong></span> <span class='ocrx_word' id='word_1_3' title='bbox 1360 212 1639 271; x_wconf 72' lang='lat' dir='ltr'><strong>JOA‘NNIS,</strong></span> <span class='ocrx_word' id='word_1_4' title='bbox 1668 209 2138 267; x_wconf 73' lang='lat' dir='ltr'><strong>CHRYSOSTOMI</strong></span> <span class='ocrx_word' id='word_1_5' title='bbox 2179 211 2493 269; x_wconf 71' lang='lat' dir='ltr'><strong>ARCHIEP.</strong></span> <span class='ocrx_word' id='word_1_6' title='bbox 2535 212 3067 271; x_wconf 73' lang='lat' dir='ltr'><strong>CONSTANTINOP.</strong></span> 
     </span>
    </p>
   </div>
   <div class='ocr_carea' id='block_1_2' title="bbox 529 327 2117 401">
    <p class='ocr_par' dir='ltr' id='par_1_2' title="bbox 529 327 2117 401">
     <span class='ocr_line' id='line_1_2' title="bbox 529 327 2117 401; baseline -0.005 -14"><span class='ocrx_word' id='word_1_7' title='bbox 529 332 846 401; x_wconf 63' lang='lat' dir='ltr'><strong>Surgentem</strong></span> <span class='ocrx_word' id='word_1_8' title='bbox 878 344 1039 398; x_wconf 83' lang='lat' dir='ltr'><strong>porro</strong></span> <span class='ocrx_word' id='word_1_9' title='bbox 1065 328 1214 383; x_wconf 86' lang='lat' dir='ltr'><strong>multi</strong></span> <span class='ocrx_word' id='word_1_10' title='bbox 1255 330 1463 398; x_wconf 79' lang='lat' dir='ltr'><strong>sequuti</strong></span> <span class='ocrx_word' id='word_1_11' title='bbox 1493 337 1651 395; x_wconf 78' lang='lat' dir='ltr'><strong>sum,</strong></span> <span class='ocrx_word' id='word_1_12' title='bbox 1691 329 1841 397; x_wconf 86' lang='lat' dir='ltr'><strong>quasi</strong></span> <span class='ocrx_word' id='word_1_13' title='bbox 1888 327 1954 383; x_wconf 88' lang='lat' dir='ltr'><strong>ad</strong></span> <span class='ocrx_word' id='word_1_14' title='bbox 2005 342 2117 380; x_wconf 84' lang='lat' dir='ltr'><strong>nta-</strong></span> 
     </span>
    </p>
   </div>
   <div class='ocr_carea' id='block_1_3' title="bbox 529 421 2115 491">
    <p class='ocr_par' dir='ltr' id='par_1_3' title="bbox 529 421 2115 491">
     <span class='ocr_line' id='line_1_3' title="bbox 529 421 2115 491; baseline -0.001 -14"><span class='ocrx_word' id='word_1_15' title='bbox 529 440 690 490; x_wconf 71' lang='lat' dir='ltr'><strong>gmntt</strong></span> <span class='ocrx_word' id='word_1_16' title='bbox 718 424 1051 489; x_wconf 74' lang='lat' dir='ltr'><strong>mit-acutum,</strong></span> <span class='ocrx_word' id='word_1_17' title='bbox 1095 435 1145 476; x_wconf 84' lang='lat' dir='ltr'><strong>et</strong></span> <span class='ocrx_word' id='word_1_18' title='bbox 1176 423 1246 477; x_wconf 90' lang='lat' dir='ltr'><strong>ob</strong></span> <span class='ocrx_word' id='word_1_19' title='bbox 1291 423 1601 491; x_wconf 72' lang='lat' dir='ltr'><strong>dignitatem</strong></span> <span class='ocrx_word' id='word_1_20' title='bbox 1631 421 1934 477; x_wconf 75' lang='lat' dir='ltr'><strong>accedentia</strong></span> <span class='ocrx_word' id='word_1_21' title='bbox 1957 461 1973 485; x_wconf 92' lang='lat'><strong>,</strong></span> <span class='ocrx_word' id='word_1_22' title='bbox 2004 430 2115 475; x_wconf 91' lang='lat' dir='ltr'><strong>tum</strong></span> 
     </span>
    </p>
   </div>
   <div class='ocr_carea' id='block_1_4' title="bbox 528 515 2115 587">
    <p class='ocr_par' dir='ltr' id='par_1_4' title="bbox 528 515 2115 587">
     <span class='ocr_line' id='line_1_4' title="bbox 528 515 2115 587; baseline -0.004 -15"><span class='ocrx_word' id='word_1_23' title='bbox 528 519 690 572; x_wconf 82' lang='lat' dir='ltr'><strong>etiam</strong></span> <span class='ocrx_word' id='word_1_24' title='bbox 723 518 847 587; x_wconf 82' lang='lat' dir='ltr'><strong>quia</strong></span> <span class='ocrx_word' id='word_1_25' title='bbox 875 517 1025 571; x_wconf 78' lang='lat' dir='ltr'><strong>multi</strong></span> <span class='ocrx_word' id='word_1_26' title='bbox 1058 518 1231 570; x_wconf 82' lang='lat' dir='ltr'><strong>adhuc</strong></span> <span class='ocrx_word' id='word_1_27' title='bbox 1272 516 1517 570; x_wconf 82' lang='lat' dir='ltr'><strong>rudiores</strong></span> <span class='ocrx_word' id='word_1_28' title='bbox 1541 531 1645 569; x_wconf 89' lang='lat' dir='ltr'><strong>non</strong></span> <span class='ocrx_word' id='word_1_29' title='bbox 1673 523 1779 567; x_wconf 89' lang='lat' dir='ltr'><strong>tant</strong></span> <span class='ocrx_word' id='word_1_30' title='bbox 1809 515 2000 567; x_wconf 82' lang='lat' dir='ltr'><strong>anima:</strong></span> <span class='ocrx_word' id='word_1_31' title='bbox 2020 529 2115 567; x_wconf 83' lang='lat' dir='ltr'><strong>ett-</strong></span> 
     </span>
    </p>
   </div>
   <div class='ocr_carea' id='block_1_5' title="bbox 532 606 2113 680">
    <p class='ocr_par' dir='ltr' id='par_1_5' title="bbox 532 606 2113 680">
     <span class='ocr_line' id='line_1_5' title="bbox 532 606 2113 680; baseline -0.003 -17"><span class='ocrx_word' id='word_1_32' title='bbox 532 627 668 677; x_wconf 73' lang='lat' dir='ltr'><strong>ram,</strong></span> <span class='ocrx_word' id='word_1_33' title='bbox 698 627 861 680; x_wconf 80' lang='lat' dir='ltr'><strong>quant</strong></span> <span class='ocrx_word' id='word_1_34' title='bbox 886 612 1129 679; x_wconf 83' lang='lat' dir='ltr'><strong>corporis</strong></span> <span class='ocrx_word' id='word_1_35' title='bbox 1150 609 1431 663; x_wconf 85' lang='lat' dir='ltr'><strong>sanitatem</strong></span> <span class='ocrx_word' id='word_1_36' title='bbox 1456 608 1787 676; x_wconf 70' lang='lat' dir='ltr'><strong>quaerebant:</strong></span> <span class='ocrx_word' id='word_1_37' title='bbox 1806 616 1852 660; x_wconf 90' lang='lat' dir='ltr'><strong>et</strong></span> <span class='ocrx_word' id='word_1_38' title='bbox 1874 606 2113 660; x_wconf 55' lang='lat' dir='ltr'><strong>coltlbtev</strong></span> 
     </span>
    </p>
   </div>
   <div class='ocr_carea' id='block_1_6' title="bbox 533 699 2111 771">
    <p class='ocr_par' dir='ltr' id='par_1_6' title="bbox 533 699 2111 771">
     <span class='ocr_line' id='line_1_6' title="bbox 533 699 2111 771; baseline -0.003 -15"><span class='ocrx_word' id='word_1_39' title='bbox 533 702 680 765; x_wconf 78' lang='lat' dir='ltr'><strong>battt,</strong></span> <span class='ocrx_word' id='word_1_40' title='bbox 710 703 799 755; x_wconf 82' lang='lat' dir='ltr'><strong>alii</strong></span> <span class='ocrx_word' id='word_1_41' title='bbox 820 703 933 756; x_wconf 79' lang='lat' dir='ltr'><strong>suis</strong></span> <span class='ocrx_word' id='word_1_42' title='bbox 950 701 1211 771; x_wconf 81' lang='lat' dir='ltr'><strong>compulsi</strong></span> <span class='ocrx_word' id='word_1_43' title='bbox 1235 699 1549 763; x_wconf 85' lang='lat' dir='ltr'><strong>morbis,a|ii</strong></span> <span class='ocrx_word' id='word_1_44' title='bbox 1568 700 1859 753; x_wconf 69' lang='lat' dir='ltr'><strong>curationis</strong></span> <span class='ocrx_word' id='word_1_45' title='bbox 1882 699 2111 752; x_wconf 85' lang='lat' dir='ltr'><strong>aliorum</strong></span> 
     </span>
    </p>
   </div>
   <div class='ocr_carea' id='block_1_7' title="bbox 529 791 2112 863">
    <p class='ocr_par' dir='ltr' id='par_1_7' title="bbox 529 791 2112 863">
     <span class='ocr_line' id='line_1_7' title="bbox 529 791 2112 863; baseline -0.004 -14"><span class='ocrx_word' id='word_1_46' title='bbox 529 803 859 863; x_wconf 73' lang='lat' dir='ltr'><strong>spectatores</strong></span> <span class='ocrx_word' id='word_1_47' title='bbox 874 810 992 850; x_wconf 86' lang='lat' dir='ltr'><strong>esse</strong></span> <span class='ocrx_word' id='word_1_48' title='bbox 1004 792 1563 861; x_wconf 70' lang='lat' dir='ltr'><strong>cupientesaloctrime</strong></span> <span class='ocrx_word' id='word_1_49' title='bbox 1581 802 1757 846; x_wconf 82' lang='lat' dir='ltr'><strong>autem</strong></span> <span class='ocrx_word' id='word_1_50' title='bbox 1776 807 1934 846; x_wconf 86' lang='lat' dir='ltr'><strong>causa</strong></span> <span class='ocrx_word' id='word_1_51' title='bbox 1959 791 2112 859; x_wconf 91' lang='lat' dir='ltr'><strong>pauci</strong></span> 
     </span>
    </p>
   </div>
   <div class='ocr_carea' id='block_1_8' title="bbox 531 882 2108 939">
    <p class='ocr_par' dir='ltr' id='par_1_8' title="bbox 531 882 2108 939">
     <span class='ocr_line' id='line_1_8' title="bbox 531 882 2108 939; baseline -0.001 -2"><span class='ocrx_word' id='word_1_52' title='bbox 531 886 744 939; x_wconf 75' lang='lat' dir='ltr'><strong>interim</strong></span> <span class='ocrx_word' id='word_1_53' title='bbox 763 886 831 939; x_wconf 88' lang='lat' dir='ltr'><strong>ad</strong></span> <span class='ocrx_word' id='word_1_54' title='bbox 850 901 970 939; x_wconf 78' lang='lat' dir='ltr'><strong>eunt</strong></span> <span class='ocrx_word' id='word_1_55' title='bbox 990 883 1333 939; x_wconf 71' lang='lat' dir='ltr'><strong>accedebant.</strong></span> <span class='ocrx_word' id='word_1_56' title='bbox 1359 883 1469 938; x_wconf 79' lang='lat' dir='ltr'><strong>Nec</strong></span> <span class='ocrx_word' id='word_1_57' title='bbox 1489 882 1752 937; x_wconf 78' lang='lat' dir='ltr'><strong>concessit</strong></span> <span class='ocrx_word' id='word_1_58' title='bbox 1771 898 1864 936; x_wconf 71' lang='lat' dir='ltr'><strong>ws</strong></span> <span class='ocrx_word' id='word_1_59' title='bbox 1893 882 2108 935; x_wconf 88' lang='lat' dir='ltr'><strong>domum</strong></span> 
     </span>
    </p>
   </div>
   <div class='ocr_carea' id='block_1_9' title="bbox 526 975 2111 1046">
    <p class='ocr_par' dir='ltr' id='par_1_9' title="bbox 526 975 2111 1046">
     <span class='ocr_line' id='line_1_9' title="bbox 526 975 2111 1046; baseline 0.001 -16"><span class='ocrx_word' id='word_1_60' title='bbox 526 976 757 1045; x_wconf 79' lang='lat' dir='ltr'><strong>ingredi,</strong></span> <span class='ocrx_word' id='word_1_61' title='bbox 779 976 872 1031; x_wconf 91' lang='lat' dir='ltr'><strong>sed</strong></span> <span class='ocrx_word' id='word_1_62' title='bbox 896 975 1187 1045; x_wconf 82' lang='lat' dir='ltr'><strong>discipulos</strong></span> <span class='ocrx_word' id='word_1_63' title='bbox 1211 984 1436 1040; x_wconf 80' lang='lat' dir='ltr'><strong>tantum,</strong></span> <span class='ocrx_word' id='word_1_64' title='bbox 1464 990 1635 1044; x_wconf 84' lang='lat' dir='ltr'><strong>neque</strong></span> <span class='ocrx_word' id='word_1_65' title='bbox 1673 992 1883 1033; x_wconf 86' lang='lat' dir='ltr'><strong>onmes.</strong></span> <span class='ocrx_word' id='word_1_66' title='bbox 1918 976 2111 1046; x_wconf 90' lang='lat' dir='ltr'><strong>ubique</strong></span> 
     </span>
    </p>
   </div>
   <div class='ocr_carea' id='block_1_10' title="bbox 537 1067 2070 1137">
    <p class='ocr_par' dir='ltr' id='par_1_10' title="bbox 537 1067 2070 1137">
     <span class='ocr_line' id='line_1_10' title="bbox 537 1067 2070 1137; baseline -0.003 -16"><span class='ocrx_word' id='word_1_67' title='bbox 537 1085 635 1122; x_wconf 85' lang='lat' dir='ltr'><strong>nos</strong></span> <span class='ocrx_word' id='word_1_68' title='bbox 660 1070 939 1123; x_wconf 85' lang='lat' dir='ltr'><strong>instituens</strong></span> <span class='ocrx_word' id='word_1_69' title='bbox 960 1068 1025 1121; x_wconf 82' lang='lat' dir='ltr'><strong>ad</strong></span> <span class='ocrx_word' id='word_1_70' title='bbox 1044 1068 1183 1137; x_wconf 75' lang='lat' dir='ltr'><strong>vulgi</strong></span> <span class='ocrx_word' id='word_1_71' title='bbox 1205 1069 1652 1122; x_wconf 73' lang='lat' dir='ltr'><strong>existimationem</strong></span> <span class='ocrx_word' id='word_1_72' title='bbox 1680 1067 1958 1137; x_wconf 84' lang='lat' dir='ltr'><strong>depellend</strong></span> <span class='ocrx_word' id='word_1_73' title='bbox 1979 1085 2070 1121; x_wconf 84' lang='lat' dir='ltr'><strong>un.</strong></span> 
     </span>
    </p>
   </div>
   <div class='ocr_carea' id='block_1_11' title="bbox 599 1159 2106 1229">
    <p class='ocr_par' dir='ltr' id='par_1_11' title="bbox 599 1159 2106 1229">
     <span class='ocr_line' id='line_1_11' title="bbox 599 1159 2106 1229; baseline -0.001 -17"><span class='ocrx_word' id='word_1_74' title='bbox 599 1160 793 1229; x_wconf 80' lang='lat' dir='ltr'><strong>Agendi</strong></span> <span class='ocrx_word' id='word_1_75' title='bbox 826 1159 955 1211; x_wconf 86' lang='lat' dir='ltr'><strong>ratio</strong></span> <span class='ocrx_word' id='word_1_76' title='bbox 983 1160 1204 1212; x_wconf 79' lang='lat' dir='ltr'><strong>mulieris</strong></span> <span class='ocrx_word' id='word_1_77' title='bbox 1228 1161 1429 1228; x_wconf 64' lang='lat' dir='ltr'><strong>fluxum</strong></span> <span class='ocrx_word' id='word_1_78' title='bbox 1453 1161 1716 1228; x_wconf 69' lang='lat' dir='ltr'><strong>sanguinis</strong></span> <span class='ocrx_word' id='word_1_79' title='bbox 1740 1160 1971 1225; x_wconf 76' lang='lat' dir='ltr'><strong>patientis</strong></span> <span class='ocrx_word' id='word_1_80' title='bbox 1990 1201 2003 1221; x_wconf 85' lang='lat'><strong>,</strong></span> <span class='ocrx_word' id='word_1_81' title='bbox 2028 1160 2082 1212; x_wconf 84' lang='lat' dir='ltr'><strong>di</strong></span> <span class='ocrx_word' id='word_1_82' title='bbox 2091 1186 2106 1199; x_wconf 79' lang='grc' dir='ltr'><strong><em>ο</em></strong></span> 
     </span>
    </p>
   </div>
   <div class='ocr_carea' id='block_1_12' title="bbox 533 1250 2109 1319">
    <p class='ocr_par' dir='ltr' id='par_1_12' title="bbox 533 1250 2109 1319">
     <span class='ocr_line' id='line_1_12' title="bbox 533 1250 2109 1319; baseline 0 -17"><span class='ocrx_word' id='word_1_83' title='bbox 533 1252 764 1303; x_wconf 72' lang='lat' dir='ltr'><strong>scutitur.</strong></span> <span class='ocrx_word' id='word_1_84' title='bbox 798 1251 1026 1304; x_wconf 71' lang='lat' dir='ltr'><strong>Christus</strong></span> <span class='ocrx_word' id='word_1_85' title='bbox 1055 1252 1204 1303; x_wconf 85' lang='lat' dir='ltr'><strong>homo</strong></span> <span class='ocrx_word' id='word_1_86' title='bbox 1230 1268 1327 1303; x_wconf 82' lang='lat' dir='ltr'><strong>nan</strong></span> <span class='ocrx_word' id='word_1_87' title='bbox 1358 1252 1576 1319; x_wconf 75' lang='lat' dir='ltr'><strong>gloriam</strong></span> <span class='ocrx_word' id='word_1_88' title='bbox 1596 1251 1817 1304; x_wconf 75' lang='lat' dir='ltr'><strong>amabat.</strong></span> <span class='ocrx_word' id='word_1_89' title='bbox 1842 1281 1909 1290; x_wconf 82' lang='lat'><strong>-—</strong></span> <span class='ocrx_word' id='word_1_90' title='bbox 1931 1250 2018 1307; x_wconf 66' lang='grc'><strong>20.</strong></span> <span class='ocrx_word' id='word_1_91' title='bbox 2045 1250 2109 1303; x_wconf 77' lang='lat' dir='ltr'><strong>Et</strong></span> 
     </span>
    </p>
   </div>
   <div class='ocr_carea' id='block_1_13' title="bbox 526 1342 2109 1411">
    <p class='ocr_par' dir='ltr' id='par_1_13' title="bbox 526 1342 2109 1411">
     <span class='ocr_line' id='line_1_13' title="bbox 526 1342 2109 1411; baseline 0 -17"><span class='ocrx_word' id='word_1_92' title='bbox 526 1358 638 1395; x_wconf 77' lang='lat' dir='ltr'><strong>cccc</strong></span> <span class='ocrx_word' id='word_1_93' title='bbox 663 1343 841 1394; x_wconf 84' lang='lat' dir='ltr'><strong>mulier</strong></span> <span class='ocrx_word' id='word_1_94' title='bbox 869 1358 984 1409; x_wconf 61' lang='lat' dir='ltr'><strong>qua</strong></span> <span class='ocrx_word' id='word_1_95' title='bbox 1012 1343 1271 1411; x_wconf 75' lang='lat' dir='ltr'><strong>sanguinis</strong></span> <span class='ocrx_word' id='word_1_96' title='bbox 1310 1344 1507 1409; x_wconf 67' lang='lat' dir='ltr'><strong>ﬂmrunt</strong></span> <span class='ocrx_word' id='word_1_97' title='bbox 1537 1342 1817 1411; x_wconf 82' lang='lat' dir='ltr'><strong>patiebatur</strong></span> <span class='ocrx_word' id='word_1_98' title='bbox 1842 1360 1871 1393; x_wconf 91' lang='lat' dir='ltr'><strong>a</strong></span> <span class='ocrx_word' id='word_1_99' title='bbox 1917 1343 2109 1395; x_wconf 79' lang='lat' dir='ltr'><strong>duode-</strong></span> 
     </span>
    </p>
   </div>
   <div class='ocr_carea' id='block_1_14' title="bbox 525 1436 2107 1503">
    <p class='ocr_par' dir='ltr' id='par_1_14' title="bbox 525 1436 2107 1503">
     <span class='ocr_line' id='line_1_14' title="bbox 525 1436 2107 1503; baseline 0.001 -16"><span class='ocrx_word' id='word_1_100' title='bbox 525 1436 622 1490; x_wconf 87' lang='lat' dir='ltr'><strong>cint</strong></span> <span class='ocrx_word' id='word_1_101' title='bbox 652 1436 798 1487; x_wconf 73' lang='lat' dir='ltr'><strong>annis</strong></span> <span class='ocrx_word' id='word_1_102' title='bbox 822 1477 835 1494; x_wconf 89' lang='lat'><strong>,</strong></span> <span class='ocrx_word' id='word_1_103' title='bbox 864 1437 1068 1487; x_wconf 77' lang='lat' dir='ltr'><strong>arcessit</strong></span> <span class='ocrx_word' id='word_1_104' title='bbox 1093 1446 1224 1486; x_wconf 79' lang='lat' dir='ltr'><strong>retro</strong></span> <span class='ocrx_word' id='word_1_105' title='bbox 1246 1451 1265 1496; x_wconf 85' lang='lat'><strong><em>;</em></strong></span> <span class='ocrx_word' id='word_1_106' title='bbox 1292 1446 1335 1486; x_wconf 78' lang='lat' dir='ltr'><strong>et</strong></span> <span class='ocrx_word' id='word_1_107' title='bbox 1361 1436 1519 1503; x_wconf 78' lang='lat' dir='ltr'><strong>tetigit</strong></span> <span class='ocrx_word' id='word_1_108' title='bbox 1550 1436 1801 1501; x_wconf 74' lang='lat' dir='ltr'><strong>ﬁmbriam</strong></span> <span class='ocrx_word' id='word_1_109' title='bbox 1831 1436 2107 1489; x_wconf 78' lang='lat' dir='ltr'><strong>vestimenti</strong></span> 
     </span>
    </p>
   </div>
   <div class='ocr_carea' id='block_1_15' title="bbox 525 1523 2105 1594">
    <p class='ocr_par' dir='ltr' id='par_1_15' title="bbox 525 1523 2105 1594">
     <span class='ocr_line' id='line_1_15' title="bbox 525 1523 2105 1594; baseline 0.001 -17"><span class='ocrx_word' id='word_1_110' title='bbox 525 1525 655 1592; x_wconf 77' lang='lat' dir='ltr'><strong>ejus.</strong></span> <span class='ocrx_word' id='word_1_111' title='bbox 685 1524 772 1578; x_wconf 65' lang='lat' dir='ltr'><strong>2i.</strong></span> <span class='ocrx_word' id='word_1_112' title='bbox 808 1523 1011 1576; x_wconf 75' lang='lat' dir='ltr'><strong>Dicebat</strong></span> <span class='ocrx_word' id='word_1_113' title='bbox 1042 1526 1175 1576; x_wconf 79' lang='lat' dir='ltr'><strong>enim</strong></span> <span class='ocrx_word' id='word_1_114' title='bbox 1218 1525 1351 1576; x_wconf 83' lang='lat' dir='ltr'><strong>intra</strong></span> <span class='ocrx_word' id='word_1_115' title='bbox 1381 1543 1434 1577; x_wconf 77' lang='lat' dir='ltr'><strong>sc</strong></span> <span class='ocrx_word' id='word_1_116' title='bbox 1486 1540 1504 1577; x_wconf 90' lang='lat'><em>:</em></span> <span class='ocrx_word' id='word_1_117' title='bbox 1548 1526 1607 1577; x_wconf 81' lang='lat' dir='ltr'><strong>Si</strong></span> <span class='ocrx_word' id='word_1_118' title='bbox 1658 1528 1864 1594; x_wconf 68' lang='lat' dir='ltr'><strong>tetigero</strong></span> <span class='ocrx_word' id='word_1_119' title='bbox 1912 1537 2105 1578; x_wconf 88' lang='lat' dir='ltr'><strong>tantum</strong></span> 
     </span>
    </p>
   </div>
   <div class='ocr_carea' id='block_1_16' title="bbox 524 1618 2103 1686">
    <p class='ocr_par' dir='ltr' id='par_1_16' title="bbox 524 1618 2103 1686">
     <span class='ocr_line' id='line_1_16' title="bbox 524 1618 2103 1686; baseline -0.001 -14"><span class='ocrx_word' id='word_1_120' title='bbox 524 1619 868 1672; x_wconf 75' lang='lat' dir='ltr'><strong>vestimentum</strong></span> <span class='ocrx_word' id='word_1_121' title='bbox 897 1619 1026 1686; x_wconf 74' lang='lat' dir='ltr'><strong>ejus,</strong></span> <span class='ocrx_word' id='word_1_122' title='bbox 1051 1618 1190 1669; x_wconf 77' lang='lat' dir='ltr'><strong>salva</strong></span> <span class='ocrx_word' id='word_1_123' title='bbox 1219 1634 1322 1667; x_wconf 88' lang='lat' dir='ltr'><strong>ero.</strong></span> <span class='ocrx_word' id='word_1_124' title='bbox 1345 1618 1457 1670; x_wconf 72' lang='lat' dir='ltr'><strong>(Zur</strong></span> <span class='ocrx_word' id='word_1_125' title='bbox 1478 1634 1580 1670; x_wconf 87' lang='lat' dir='ltr'><strong>non</strong></span> <span class='ocrx_word' id='word_1_126' title='bbox 1610 1618 1832 1672; x_wconf 85' lang='lat' dir='ltr'><strong>lideuler</strong></span> <span class='ocrx_word' id='word_1_127' title='bbox 1861 1618 1926 1670; x_wconf 86' lang='lat' dir='ltr'><strong>ad</strong></span> <span class='ocrx_word' id='word_1_128' title='bbox 1958 1619 2103 1672; x_wconf 83' lang='lat' dir='ltr'><strong>illum</strong></span> 
     </span>
    </p>
   </div>
   <div class='ocr_carea' id='block_1_17' title="bbox 522 1707 2102 1778">
    <p class='ocr_par' dir='ltr' id='par_1_17' title="bbox 522 1707 2102 1778">
     <span class='ocr_line' id='line_1_17' title="bbox 522 1707 2102 1778; baseline 0 -16"><span class='ocrx_word' id='word_1_129' title='bbox 522 1708 792 1762; x_wconf 82' lang='lat' dir='ltr'><strong>accessit?</strong></span> <span class='ocrx_word' id='word_1_130' title='bbox 820 1707 969 1774; x_wconf 83' lang='lat' dir='ltr'><strong>Quod</strong></span> <span class='ocrx_word' id='word_1_131' title='bbox 997 1707 1218 1775; x_wconf 83' lang='lat' dir='ltr'><strong>puderet</strong></span> <span class='ocrx_word' id='word_1_132' title='bbox 1248 1708 1314 1760; x_wconf 84' lang='lat' dir='ltr'><strong>de</strong></span> <span class='ocrx_word' id='word_1_133' title='bbox 1347 1708 1531 1761; x_wconf 77' lang='lat' dir='ltr'><strong>utorbo</strong></span> <span class='ocrx_word' id='word_1_134' title='bbox 1557 1724 1571 1770; x_wconf 86' lang='lat'><strong>;</strong></span> <span class='ocrx_word' id='word_1_135' title='bbox 1599 1725 1717 1763; x_wconf 85' lang='lat' dir='ltr'><strong>sese</strong></span> <span class='ocrx_word' id='word_1_136' title='bbox 1744 1725 1969 1778; x_wconf 87' lang='lat' dir='ltr'><strong>namque</strong></span> <span class='ocrx_word' id='word_1_137' title='bbox 2002 1711 2102 1762; x_wconf 77' lang='lat' dir='ltr'><strong>im-</strong></span> 
     </span>
    </p>
   </div>
   <div class='ocr_carea' id='block_1_18' title="bbox 523 1800 2101 1868">
    <p class='ocr_par' dir='ltr' id='par_1_18' title="bbox 523 1800 2101 1868">
     <span class='ocr_line' id='line_1_18' title="bbox 523 1800 2101 1868; baseline 0.003 -16"><span class='ocrx_word' id='word_1_138' title='bbox 523 1800 777 1853; x_wconf 82' lang='lat' dir='ltr'><strong>mundam</strong></span> <span class='ocrx_word' id='word_1_139' title='bbox 806 1801 1039 1868; x_wconf 73' lang='lat' dir='ltr'><strong>putabat.</strong></span> <span class='ocrx_word' id='word_1_140' title='bbox 1096 1800 1224 1853; x_wconf 81' lang='lat' dir='ltr'><strong>Nam</strong></span> <span class='ocrx_word' id='word_1_141' title='bbox 1261 1802 1306 1855; x_wconf 91' lang='lat' dir='ltr'><strong>si</strong></span> <span class='ocrx_word' id='word_1_142' title='bbox 1373 1813 1699 1853; x_wconf 68' lang='lat' dir='ltr'><strong>tut-nstruata</strong></span> <span class='ocrx_word' id='word_1_143' title='bbox 1747 1819 1849 1855; x_wconf 90' lang='lat' dir='ltr'><strong>non</strong></span> <span class='ocrx_word' id='word_1_144' title='bbox 1906 1804 2101 1857; x_wconf 84' lang='lat' dir='ltr'><strong>munda</strong></span> 
     </span>
    </p>
   </div>
   <div class='ocr_carea' id='block_1_19' title="bbox 524 1893 2101 1961">
    <p class='ocr_par' dir='ltr' id='par_1_19' title="bbox 524 1893 2101 1961">
     <span class='ocr_line' id='line_1_19' title="bbox 524 1893 2101 1961; baseline 0.005 -19"><span class='ocrx_word' id='word_1_145' title='bbox 524 1893 825 1959; x_wconf 75' lang='lat' dir='ltr'><strong>putabatur,</strong></span> <span class='ocrx_word' id='word_1_146' title='bbox 862 1893 1033 1945; x_wconf 89' lang='lat' dir='ltr'><strong>multo</strong></span> <span class='ocrx_word' id='word_1_147' title='bbox 1065 1894 1231 1957; x_wconf 70' lang='lat' dir='ltr'><strong>&quot;1:!ng</strong></span> <span class='ocrx_word' id='word_1_148' title='bbox 1263 1893 1341 1943; x_wconf 89' lang='lat' dir='ltr'><strong>illa</strong></span> <span class='ocrx_word' id='word_1_149' title='bbox 1362 1909 1479 1961; x_wconf 75' lang='lat' dir='ltr'><strong>quze</strong></span> <span class='ocrx_word' id='word_1_150' title='bbox 1503 1895 1587 1945; x_wconf 83' lang='lat' dir='ltr'><strong>tali</strong></span> <span class='ocrx_word' id='word_1_151' title='bbox 1620 1895 1804 1946; x_wconf 77' lang='lat' dir='ltr'><strong>morbo</strong></span> <span class='ocrx_word' id='word_1_152' title='bbox 1829 1895 2101 1950; x_wconf 80' lang='lat' dir='ltr'><strong>laborabat</strong></span> 
     </span>
    </p>
   </div>
   <div class='ocr_carea' id='block_1_20' title="bbox 524 1982 2102 2051">
    <p class='ocr_par' dir='ltr' id='par_1_20' title="bbox 524 1982 2102 2051">
     <span class='ocr_line' id='line_1_20' title="bbox 524 1982 2102 2051; baseline 0.004 -17"><span class='ocrx_word' id='word_1_153' title='bbox 524 1982 574 2035; x_wconf 90' lang='lat' dir='ltr'><strong>id</strong></span> <span class='ocrx_word' id='word_1_154' title='bbox 622 1983 840 2036; x_wconf 87' lang='lat' dir='ltr'><strong>credere</strong></span> <span class='ocrx_word' id='word_1_155' title='bbox 885 1994 1087 2051; x_wconf 79' lang='lat' dir='ltr'><strong>poterat</strong></span> <span class='ocrx_word' id='word_1_156' title='bbox 1134 1999 1147 2035; x_wconf 90' lang='lat'>:</span> <span class='ocrx_word' id='word_1_157' title='bbox 1202 1982 1501 2051; x_wconf 86' lang='lat' dir='ltr'><strong>lmjusmodi</strong></span> <span class='ocrx_word' id='word_1_158' title='bbox 1551 1986 1690 2038; x_wconf 83' lang='lat' dir='ltr'><strong>enim</strong></span> <span class='ocrx_word' id='word_1_159' title='bbox 1742 1986 2102 2041; x_wconf 61' lang='lat' dir='ltr'><strong>itmuttndities</strong></span> 
     </span>
    </p>
   </div>
   <div class='ocr_carea' id='block_1_21' title="bbox 521 2074 2101 2143">
    <p class='ocr_par' dir='ltr' id='par_1_21' title="bbox 521 2074 2101 2143">
     <span class='ocr_line' id='line_1_21' title="bbox 521 2074 2101 2143; baseline 0.005 -17"><span class='ocrx_word' id='word_1_160' title='bbox 521 2088 709 2142; x_wconf 82' lang='lat' dir='ltr'><strong>magna</strong></span> <span class='ocrx_word' id='word_1_161' title='bbox 742 2075 1030 2128; x_wconf 87' lang='lat' dir='ltr'><strong>secumlmn</strong></span> <span class='ocrx_word' id='word_1_162' title='bbox 1082 2074 1248 2143; x_wconf 77' lang='lat' dir='ltr'><strong>legent</strong></span> <span class='ocrx_word' id='word_1_163' title='bbox 1296 2074 1573 2142; x_wconf 84' lang='lat' dir='ltr'><strong>putabatur</strong></span> <span class='ocrx_word' id='word_1_164' title='bbox 1621 2092 1761 2131; x_wconf 86' lang='lat' dir='ltr'><strong>esse.</strong></span> <span class='ocrx_word' id='word_1_165' title='bbox 1811 2077 1935 2131; x_wconf 80' lang='lat' dir='ltr'><strong>ideo</strong></span> <span class='ocrx_word' id='word_1_166' title='bbox 1982 2093 2101 2134; x_wconf 80' lang='lat' dir='ltr'><strong>sese</strong></span> 
     </span>
    </p>
   </div>
   <div class='ocr_carea' id='block_1_22' title="bbox 517 2165 2101 2235">
    <p class='ocr_par' dir='ltr' id='par_1_22' title="bbox 517 2165 2101 2235">
     <span class='ocr_line' id='line_1_22' title="bbox 517 2165 2101 2235; baseline 0.004 -19"><span class='ocrx_word' id='word_1_167' title='bbox 517 2165 660 2223; x_wconf 81' lang='lat' dir='ltr'><strong>abdit</strong></span> <span class='ocrx_word' id='word_1_168' title='bbox 688 2174 742 2220; x_wconf 88' lang='lat' dir='ltr'><strong>et</strong></span> <span class='ocrx_word' id='word_1_169' title='bbox 767 2166 1016 2219; x_wconf 86' lang='lat' dir='ltr'><strong>occultat.</strong></span> <span class='ocrx_word' id='word_1_170' title='bbox 1049 2166 1295 2235; x_wconf 87' lang='lat' dir='ltr'><strong>Alioquin</strong></span> <span class='ocrx_word' id='word_1_171' title='bbox 1328 2180 1456 2219; x_wconf 81' lang='lat' dir='ltr'><strong>vero</strong></span> <span class='ocrx_word' id='word_1_172' title='bbox 1496 2166 1728 2221; x_wconf 85' lang='lat' dir='ltr'><strong>nondum</strong></span> <span class='ocrx_word' id='word_1_173' title='bbox 1759 2168 1845 2223; x_wconf 91' lang='lat' dir='ltr'><strong>illa</strong></span> <span class='ocrx_word' id='word_1_174' title='bbox 1879 2184 2101 2224; x_wconf 86' lang='lat' dir='ltr'><strong>consen-</strong></span> 
     </span>
    </p>
   </div>
   <div class='ocr_carea' id='block_1_23' title="bbox 519 2256 2102 2325">
    <p class='ocr_par' dir='ltr' id='par_1_23' title="bbox 519 2256 2102 2325">
     <span class='ocr_line' id='line_1_23' title="bbox 519 2256 2102 2325; baseline 0.004 -18"><span class='ocrx_word' id='word_1_175' title='bbox 519 2264 731 2309; x_wconf 76' lang='lat' dir='ltr'><strong>taneum</strong></span> <span class='ocrx_word' id='word_1_176' title='bbox 747 2266 799 2309; x_wconf 89' lang='lat' dir='ltr'><strong>et</strong></span> <span class='ocrx_word' id='word_1_177' title='bbox 828 2256 1115 2324; x_wconf 78' lang='lat' dir='ltr'><strong>perfectam</strong></span> <span class='ocrx_word' id='word_1_178' title='bbox 1146 2257 1213 2311; x_wconf 90' lang='lat' dir='ltr'><strong>de</strong></span> <span class='ocrx_word' id='word_1_179' title='bbox 1239 2257 1328 2309; x_wconf 82' lang='lat' dir='ltr'><strong>illo</strong></span> <span class='ocrx_word' id='word_1_180' title='bbox 1354 2258 1658 2325; x_wconf 84' lang='lat' dir='ltr'><strong>opinionem</strong></span> <span class='ocrx_word' id='word_1_181' title='bbox 1699 2258 1928 2315; x_wconf 81' lang='lat' dir='ltr'><strong>habebat</strong></span> <span class='ocrx_word' id='word_1_182' title='bbox 1957 2277 1971 2313; x_wconf 91' lang='lat'><strong>:</strong></span> <span class='ocrx_word' id='word_1_183' title='bbox 2007 2276 2102 2314; x_wconf 91' lang='lat' dir='ltr'><strong>ne-</strong></span> 
     </span>
    </p>
   </div>
   <div class='ocr_carea' id='block_1_24' title="bbox 515 2348 2092 2417">
    <p class='ocr_par' dir='ltr' id='par_1_24' title="bbox 515 2348 2092 2417">
     <span class='ocr_line' id='line_1_24' title="bbox 515 2348 2092 2417; baseline 0.003 -16"><span class='ocrx_word' id='word_1_184' title='bbox 515 2364 618 2416; x_wconf 85' lang='lat' dir='ltr'><strong>que</strong></span> <span class='ocrx_word' id='word_1_185' title='bbox 643 2348 788 2401; x_wconf 89' lang='lat' dir='ltr'><strong>enim</strong></span> <span class='ocrx_word' id='word_1_186' title='bbox 819 2357 1055 2416; x_wconf 81' lang='lat' dir='ltr'><strong>putasset</strong></span> <span class='ocrx_word' id='word_1_187' title='bbox 1093 2362 1152 2401; x_wconf 86' lang='lat' dir='ltr'><strong>se</strong></span> <span class='ocrx_word' id='word_1_188' title='bbox 1178 2349 1344 2403; x_wconf 87' lang='lat' dir='ltr'><strong>latere</strong></span> <span class='ocrx_word' id='word_1_189' title='bbox 1379 2363 1554 2417; x_wconf 84' lang='lat' dir='ltr'><strong>posse.</strong></span> <span class='ocrx_word' id='word_1_190' title='bbox 1590 2349 1765 2403; x_wconf 84' lang='lat' dir='ltr'><strong>Prima</strong></span> <span class='ocrx_word' id='word_1_191' title='bbox 1817 2367 1943 2405; x_wconf 85' lang='lat' dir='ltr'><strong>vero</strong></span> <span class='ocrx_word' id='word_1_192' title='bbox 1976 2352 2092 2406; x_wconf 65' lang='lat' dir='ltr'><strong>haec</strong></span> 
     </span>
    </p>
   </div>
   <div class='ocr_carea' id='block_1_25' title="bbox 519 2438 2097 2510">
    <p class='ocr_par' dir='ltr' id='par_1_25' title="bbox 519 2438 2097 2510">
     <span class='ocr_line' id='line_1_25' title="bbox 519 2438 2097 2510; baseline 0.004 -19"><span class='ocrx_word' id='word_1_193' title='bbox 519 2438 707 2491; x_wconf 82' lang='lat' dir='ltr'><strong>mulier</strong></span> <span class='ocrx_word' id='word_1_194' title='bbox 730 2439 939 2507; x_wconf 75' lang='lat' dir='ltr'><strong>publice</strong></span> <span class='ocrx_word' id='word_1_195' title='bbox 962 2438 1171 2493; x_wconf 88' lang='lat' dir='ltr'><strong>accedit</strong></span> <span class='ocrx_word' id='word_1_196' title='bbox 1199 2457 1211 2493; x_wconf 88' lang='lat'><strong>:</strong></span> <span class='ocrx_word' id='word_1_197' title='bbox 1245 2440 1443 2495; x_wconf 79' lang='lat' dir='ltr'><strong>etenim</strong></span> <span class='ocrx_word' id='word_1_198' title='bbox 1472 2440 1690 2505; x_wconf 78' lang='lat' dir='ltr'><strong>audivit,</strong></span> <span class='ocrx_word' id='word_1_199' title='bbox 1726 2442 1897 2510; x_wconf 84' lang='lat' dir='ltr'><strong>ipsum</strong></span> <span class='ocrx_word' id='word_1_200' title='bbox 1935 2446 2097 2498; x_wconf 88' lang='lat' dir='ltr'><strong>etiam</strong></span> 
     </span>
    </p>
   </div>
   <div class='ocr_carea' id='block_1_26' title="bbox 516 2532 2098 2600">
    <p class='ocr_par' dir='ltr' id='par_1_26' title="bbox 516 2532 2098 2600">
     <span class='ocr_line' id='line_1_26' title="bbox 516 2532 2098 2600; baseline 0.003 -16"><span class='ocrx_word' id='word_1_201' title='bbox 516 2532 768 2585; x_wconf 82' lang='lat' dir='ltr'><strong>mulieres</strong></span> <span class='ocrx_word' id='word_1_202' title='bbox 796 2546 987 2585; x_wconf 83' lang='lat' dir='ltr'><strong>curare</strong></span> <span class='ocrx_word' id='word_1_203' title='bbox 1008 2573 1023 2595; x_wconf 92' lang='lat'><strong>,</strong></span> <span class='ocrx_word' id='word_1_204' title='bbox 1055 2541 1107 2585; x_wconf 90' lang='lat' dir='ltr'><strong>et</strong></span> <span class='ocrx_word' id='word_1_205' title='bbox 1151 2532 1377 2600; x_wconf 78' lang='lat' dir='ltr'><strong>puellam</strong></span> <span class='ocrx_word' id='word_1_206' title='bbox 1406 2542 1667 2588; x_wconf 89' lang='lat' dir='ltr'><strong>mortuam</strong></span> <span class='ocrx_word' id='word_1_207' title='bbox 1697 2534 1865 2590; x_wconf 81' lang='lat' dir='ltr'><strong>adire.</strong></span> <span class='ocrx_word' id='word_1_208' title='bbox 1921 2536 1973 2590; x_wconf 89' lang='lat' dir='ltr'><strong>In</strong></span> <span class='ocrx_word' id='word_1_209' title='bbox 2002 2538 2098 2591; x_wconf 87' lang='lat' dir='ltr'><strong>do-</strong></span> 
     </span>
    </p>
   </div>
   <div class='ocr_carea' id='block_1_27' title="bbox 516 2627 2093 2688">
    <p class='ocr_par' dir='ltr' id='par_1_27' title="bbox 516 2627 2093 2688">
     <span class='ocr_line' id='line_1_27' title="bbox 516 2627 2093 2688; baseline 0.006 -12"><span class='ocrx_word' id='word_1_210' title='bbox 516 2639 661 2676; x_wconf 85' lang='lat' dir='ltr'><strong>mum</strong></span> <span class='ocrx_word' id='word_1_211' title='bbox 687 2633 869 2677; x_wconf 86' lang='lat' dir='ltr'><strong>autem</strong></span> <span class='ocrx_word' id='word_1_212' title='bbox 897 2639 1088 2677; x_wconf 80' lang='lat' dir='ltr'><strong>vocare</strong></span> <span class='ocrx_word' id='word_1_213' title='bbox 1118 2640 1222 2677; x_wconf 85' lang='lat' dir='ltr'><strong>non</strong></span> <span class='ocrx_word' id='word_1_214' title='bbox 1251 2639 1381 2678; x_wconf 86' lang='lat' dir='ltr'><strong>ausa</strong></span> <span class='ocrx_word' id='word_1_215' title='bbox 1419 2634 1500 2681; x_wconf 82' lang='lat' dir='ltr'><strong>est</strong></span> <span class='ocrx_word' id='word_1_216' title='bbox 1525 2666 1539 2688; x_wconf 96' lang='lat'><strong>,</strong></span> <span class='ocrx_word' id='word_1_217' title='bbox 1588 2627 1684 2681; x_wconf 80' lang='lat' dir='ltr'><strong>etsi</strong></span> <span class='ocrx_word' id='word_1_218' title='bbox 1713 2628 1860 2682; x_wconf 87' lang='lat' dir='ltr'><strong>dives</strong></span> <span class='ocrx_word' id='word_1_219' title='bbox 1906 2641 2050 2684; x_wconf 84' lang='lat' dir='ltr'><strong>esset</strong></span> <span class='ocrx_word' id='word_1_220' title='bbox 2080 2649 2093 2684; x_wconf 84' lang='lat'><strong>:</strong></span> 
     </span>
    </p>
   </div>
   <div class='ocr_carea' id='block_1_28' title="bbox 516 2716 2094 2785">
    <p class='ocr_par' dir='ltr' id='par_1_28' title="bbox 516 2716 2094 2785">
     <span class='ocr_line' id='line_1_28' title="bbox 516 2716 2094 2785; baseline 0.005 -16"><span class='ocrx_word' id='word_1_221' title='bbox 516 2731 689 2785; x_wconf 86' lang='lat' dir='ltr'><strong>neque</strong></span> <span class='ocrx_word' id='word_1_222' title='bbox 718 2716 927 2785; x_wconf 77' lang='lat' dir='ltr'><strong>publico</strong></span> <span class='ocrx_word' id='word_1_223' title='bbox 953 2717 1196 2779; x_wconf 81' lang='lat' dir='ltr'><strong>accessit,</strong></span> <span class='ocrx_word' id='word_1_224' title='bbox 1230 2717 1324 2771; x_wconf 78' lang='lat' dir='ltr'><strong>sed</strong></span> <span class='ocrx_word' id='word_1_225' title='bbox 1346 2718 1481 2775; x_wconf 85' lang='lat' dir='ltr'><strong>clam</strong></span> <span class='ocrx_word' id='word_1_226' title='bbox 1509 2732 1630 2773; x_wconf 90' lang='lat' dir='ltr'><strong>cum</strong></span> <span class='ocrx_word' id='word_1_227' title='bbox 1656 2718 1759 2773; x_wconf 84' lang='lat' dir='ltr'><strong>[ide</strong></span> <span class='ocrx_word' id='word_1_228' title='bbox 1781 2722 2094 2777; x_wconf 82' lang='lat' dir='ltr'><strong>vestimenta</strong></span> 
     </span>
    </p>
   </div>
   <div class='ocr_carea' id='block_1_29' title="bbox 515 2807 2097 2878">
    <p class='ocr_par' dir='ltr' id='par_1_29' title="bbox 515 2807 2097 2878">
     <span class='ocr_line' id='line_1_29' title="bbox 515 2807 2097 2878; baseline 0.003 -17"><span class='ocrx_word' id='word_1_229' title='bbox 515 2808 703 2876; x_wconf 72' lang='lat' dir='ltr'><strong>tetigit.</strong></span> <span class='ocrx_word' id='word_1_230' title='bbox 738 2807 855 2860; x_wconf 73' lang='lat' dir='ltr'><strong>Non</strong></span> <span class='ocrx_word' id='word_1_231' title='bbox 875 2808 1155 2869; x_wconf 86' lang='lat' dir='ltr'><strong>dubitavit,</strong></span> <span class='ocrx_word' id='word_1_232' title='bbox 1184 2824 1355 2877; x_wconf 83' lang='lat' dir='ltr'><strong>neque</strong></span> <span class='ocrx_word' id='word_1_233' title='bbox 1377 2808 1429 2863; x_wconf 89' lang='lat' dir='ltr'><strong>iu</strong></span> <span class='ocrx_word' id='word_1_234' title='bbox 1460 2811 1633 2878; x_wconf 86' lang='lat' dir='ltr'><strong>scipsa</strong></span> <span class='ocrx_word' id='word_1_235' title='bbox 1658 2811 1789 2864; x_wconf 82' lang='lat' dir='ltr'><strong>dixit</strong></span> <span class='ocrx_word' id='word_1_236' title='bbox 1819 2830 1831 2865; x_wconf 92' lang='lat'><strong>:</strong></span> <span class='ocrx_word' id='word_1_237' title='bbox 1864 2812 1996 2866; x_wconf 87' lang='lat' dir='ltr'><strong>Num</strong></span> <span class='ocrx_word' id='word_1_238' title='bbox 2032 2816 2097 2868; x_wconf 88' lang='lat' dir='ltr'><strong>li-</strong></span> 
     </span>
    </p>
   </div>
   <div class='ocr_carea' id='block_1_30' title="bbox 516 2899 2093 2973">
    <p class='ocr_par' dir='ltr' id='par_1_30' title="bbox 516 2899 2093 2973">
     <span class='ocr_line' id='line_1_30' title="bbox 516 2899 2093 2973; baseline 0.006 -22"><span class='ocrx_word' id='word_1_239' title='bbox 516 2899 746 2953; x_wconf 81' lang='lat' dir='ltr'><strong>berabor</strong></span> <span class='ocrx_word' id='word_1_240' title='bbox 769 2916 797 2952; x_wconf 89' lang='lat' dir='ltr'><strong>a</strong></span> <span class='ocrx_word' id='word_1_241' title='bbox 832 2901 1035 2963; x_wconf 86' lang='lat' dir='ltr'><strong>morbo,</strong></span> <span class='ocrx_word' id='word_1_242' title='bbox 1062 2900 1263 2955; x_wconf 81' lang='lat' dir='ltr'><strong>necne?</strong></span> <span class='ocrx_word' id='word_1_243' title='bbox 1282 2900 1374 2955; x_wconf 90' lang='lat' dir='ltr'><strong>sed</strong></span> <span class='ocrx_word' id='word_1_244' title='bbox 1396 2901 1465 2955; x_wconf 89' lang='lat' dir='ltr'><strong>de</strong></span> <span class='ocrx_word' id='word_1_245' title='bbox 1482 2903 1709 2959; x_wconf 76' lang='lat' dir='ltr'><strong>sanitate</strong></span> <span class='ocrx_word' id='word_1_246' title='bbox 1731 2908 2093 2973; x_wconf 79' lang='lat' dir='ltr'><strong>recuperanda</strong></span> 
     </span>
    </p>
   </div>
   <div class='ocr_carea' id='block_1_31' title="bbox 512 2992 2095 3066">
    <p class='ocr_par' dir='ltr' id='par_1_31' title="bbox 512 2992 2095 3066">
     <span class='ocr_line' id='line_1_31' title="bbox 512 2992 2095 3066; baseline 0.007 -23"><span class='ocrx_word' id='word_1_247' title='bbox 512 2992 785 3045; x_wconf 72' lang='lat' dir='ltr'><strong>conlidens</strong></span> <span class='ocrx_word' id='word_1_248' title='bbox 816 2994 1041 3047; x_wconf 70' lang='lat' dir='ltr'><strong>acoessit</strong></span> <span class='ocrx_word' id='word_1_249' title='bbox 1074 3011 1086 3046; x_wconf 92' lang='lat'>:</span> <span class='ocrx_word' id='word_1_250' title='bbox 1118 2993 1321 3047; x_wconf 76' lang='lat' dir='ltr'><strong>Dicebat</strong></span> <span class='ocrx_word' id='word_1_251' title='bbox 1348 2995 1501 3059; x_wconf 80' lang='lat' dir='ltr'><strong>enim,</strong></span> <span class='ocrx_word' id='word_1_252' title='bbox 1534 2996 1724 3066; x_wconf 87' lang='lat' dir='ltr'><strong>inquit,</strong></span> <span class='ocrx_word' id='word_1_253' title='bbox 1752 3000 1887 3051; x_wconf 86' lang='lat' dir='ltr'><strong>intra</strong></span> <span class='ocrx_word' id='word_1_254' title='bbox 1917 3016 1969 3053; x_wconf 82' lang='lat' dir='ltr'><strong>se</strong></span> <span class='ocrx_word' id='word_1_255' title='bbox 1994 3017 2012 3052; x_wconf 92' lang='lat'><em>:</em></span> <span class='ocrx_word' id='word_1_256' title='bbox 2034 3001 2095 3055; x_wconf 82' lang='lat' dir='ltr'><strong>Si</strong></span> 
     </span>
    </p>
   </div>
   <div class='ocr_carea' id='block_1_32' title="bbox 509 3084 2096 3157">
    <p class='ocr_par' dir='ltr' id='par_1_32' title="bbox 509 3084 2096 3157">
     <span class='ocr_line' id='line_1_32' title="bbox 509 3084 2096 3157; baseline 0.007 -20"><span class='ocrx_word' id='word_1_257' title='bbox 509 3084 671 3137; x_wconf 74' lang='lat' dir='ltr'><strong>solum</strong></span> <span class='ocrx_word' id='word_1_258' title='bbox 716 3086 921 3155; x_wconf 81' lang='lat' dir='ltr'><strong>tetigero</strong></span> <span class='ocrx_word' id='word_1_259' title='bbox 963 3087 1302 3139; x_wconf 66' lang='lat' dir='ltr'><strong>vestimentum</strong></span> <span class='ocrx_word' id='word_1_260' title='bbox 1345 3088 1455 3157; x_wconf 75' lang='lat' dir='ltr'><strong>ejus</strong></span> <span class='ocrx_word' id='word_1_261' title='bbox 1481 3129 1495 3151; x_wconf 87' lang='lat'><strong>,</strong></span> <span class='ocrx_word' id='word_1_262' title='bbox 1538 3089 1678 3142; x_wconf 77' lang='lat' dir='ltr'><strong>solea</strong></span> <span class='ocrx_word' id='word_1_263' title='bbox 1725 3107 1829 3144; x_wconf 89' lang='lat' dir='ltr'><strong>ero.</strong></span> <span class='ocrx_word' id='word_1_264' title='bbox 1862 3092 2096 3150; x_wconf 78' lang='lat' dir='ltr'><strong>Noverat</strong></span> 
     </span>
    </p>
   </div>
   <div class='ocr_carea' id='block_1_33' title="bbox 511 3175 2089 3250">
    <p class='ocr_par' dir='ltr' id='par_1_33' title="bbox 511 3175 2089 3250">
     <span class='ocr_line' id='line_1_33' title="bbox 511 3175 2089 3250; baseline 0.003 -23"><span class='ocrx_word' id='word_1_265' title='bbox 511 3176 729 3228; x_wconf 75' lang='lat' dir='ltr'><strong>enimex</strong></span> <span class='ocrx_word' id='word_1_266' title='bbox 756 3192 858 3242; x_wconf 87' lang='lat' dir='ltr'><strong>qtta</strong></span> <span class='ocrx_word' id='word_1_267' title='bbox 881 3175 1225 3244; x_wconf 74' lang='lat' dir='ltr'><strong>egrederetur</strong></span> <span class='ocrx_word' id='word_1_268' title='bbox 1242 3178 1423 3242; x_wconf 89' lang='lat' dir='ltr'><strong>domo,</strong></span> <span class='ocrx_word' id='word_1_269' title='bbox 1447 3194 1637 3248; x_wconf 81' lang='lat' dir='ltr'><strong>nempe.</strong></span> <span class='ocrx_word' id='word_1_270' title='bbox 1662 3181 2089 3250; x_wconf 71' lang='lat' dir='ltr'><strong>pub!icattorum,</strong></span> 
     </span>
    </p>
   </div>
   <div class='ocr_carea' id='block_1_34' title="bbox 513 3270 2096 3345">
    <p class='ocr_par' dir='ltr' id='par_1_34' title="bbox 513 3270 2096 3345">
     <span class='ocr_line' id='line_1_34' title="bbox 513 3270 2096 3345; baseline 0.006 -25"><span class='ocrx_word' id='word_1_271' title='bbox 513 3270 806 3337; x_wconf 84' lang='lat' dir='ltr'><strong>etquinaut</strong></span> <span class='ocrx_word' id='word_1_272' title='bbox 850 3279 1226 3335; x_wconf 83' lang='lat' dir='ltr'><strong>sequerentur,</strong></span> <span class='ocrx_word' id='word_1_273' title='bbox 1280 3270 1529 3323; x_wconf 76' lang='lat' dir='ltr'><strong>nimirum</strong></span> <span class='ocrx_word' id='word_1_274' title='bbox 1579 3284 1885 3339; x_wconf 82' lang='lat' dir='ltr'><strong>peceatores</strong></span> <span class='ocrx_word' id='word_1_275' title='bbox 1920 3284 1974 3330; x_wconf 89' lang='lat' dir='ltr'><strong>et</strong></span> <span class='ocrx_word' id='word_1_276' title='bbox 2006 3292 2096 3345; x_wconf 90' lang='lat' dir='ltr'><strong>pu-</strong></span> 
     </span>
    </p>
   </div>
   <div class='ocr_carea' id='block_1_35' title="bbox 511 3357 2084 3434">
    <p class='ocr_par' dir='ltr' id='par_1_35' title="bbox 511 3357 2084 3434">
     <span class='ocr_line' id='line_1_35' title="bbox 511 3357 2084 3434; baseline 0.006 -23"><span class='ocrx_word' id='word_1_277' title='bbox 511 3357 703 3412; x_wconf 91' lang='lat' dir='ltr'><strong>blicani</strong></span> <span class='ocrx_word' id='word_1_278' title='bbox 733 3357 885 3412; x_wconf 71' lang='lat' dir='ltr'><strong>:lttec</strong></span> <span class='ocrx_word' id='word_1_279' title='bbox 914 3374 1041 3413; x_wconf 86' lang='lat' dir='ltr'><strong>vero</strong></span> <span class='ocrx_word' id='word_1_280' title='bbox 1068 3360 1247 3415; x_wconf 85' lang='lat' dir='ltr'><strong>omnia</strong></span> <span class='ocrx_word' id='word_1_281' title='bbox 1288 3360 1442 3415; x_wconf 87' lang='lat' dir='ltr'><strong>lidcnt</strong></span> <span class='ocrx_word' id='word_1_282' title='bbox 1484 3363 1579 3429; x_wconf 83' lang='lat' dir='ltr'><strong>ipsi</strong></span> <span class='ocrx_word' id='word_1_283' title='bbox 1622 3364 1893 3419; x_wconf 85' lang='lat' dir='ltr'><strong>indebant.</strong></span> <span class='ocrx_word' id='word_1_284' title='bbox 1946 3367 2084 3434; x_wconf 86' lang='lat' dir='ltr'><strong>Quid</strong></span> 
     </span>
    </p>
   </div>
   <div class='ocr_carea' id='block_1_36' title="bbox 508 3451 2090 3526">
    <p class='ocr_par' dir='ltr' id='par_1_36' title="bbox 508 3451 2090 3526">
     <span class='ocr_line' id='line_1_36' title="bbox 508 3451 2090 3526; baseline 0.009 -24"><span class='ocrx_word' id='word_1_285' title='bbox 508 3451 665 3519; x_wconf 84' lang='lat' dir='ltr'><strong>igitur</strong></span> <span class='ocrx_word' id='word_1_286' title='bbox 730 3451 1012 3505; x_wconf 76' lang='lat' dir='ltr'><strong>Christus?</strong></span> <span class='ocrx_word' id='word_1_287' title='bbox 1066 3451 1181 3507; x_wconf 81' lang='lat' dir='ltr'><strong>Non</strong></span> <span class='ocrx_word' id='word_1_288' title='bbox 1247 3456 1489 3523; x_wconf 88' lang='lat' dir='ltr'><strong>permisit</strong></span> <span class='ocrx_word' id='word_1_289' title='bbox 1556 3470 1672 3509; x_wconf 89' lang='lat' dir='ltr'><strong>eam</strong></span> <span class='ocrx_word' id='word_1_290' title='bbox 1740 3459 1943 3526; x_wconf 88' lang='lat' dir='ltr'><strong>latere,</strong></span> <span class='ocrx_word' id='word_1_291' title='bbox 1995 3462 2090 3515; x_wconf 88' lang='lat' dir='ltr'><strong>sed</strong></span> 
     </span>
    </p>
   </div>
   <div class='ocr_carea' id='block_1_37' title="bbox 508 3540 2087 3609">
    <p class='ocr_par' dir='ltr' id='par_1_37' title="bbox 508 3540 2087 3609">
     <span class='ocr_line' id='line_1_37' title="bbox 508 3540 2087 3609; baseline 0.007 -15"><span class='ocrx_word' id='word_1_292' title='bbox 508 3540 561 3595; x_wconf 88' lang='lat' dir='ltr'><strong>itt</strong></span> <span class='ocrx_word' id='word_1_293' title='bbox 602 3543 834 3597; x_wconf 90' lang='lat' dir='ltr'><strong>medmm</strong></span> <span class='ocrx_word' id='word_1_294' title='bbox 858 3543 1111 3609; x_wconf 79' lang='lat' dir='ltr'><strong>adduxit,</strong></span> <span class='ocrx_word' id='word_1_295' title='bbox 1140 3554 1195 3597; x_wconf 86' lang='lat' dir='ltr'><strong>et</strong></span> <span class='ocrx_word' id='word_1_296' title='bbox 1227 3545 1408 3599; x_wconf 87' lang='lat' dir='ltr'><strong>multis</strong></span> <span class='ocrx_word' id='word_1_297' title='bbox 1453 3546 1520 3599; x_wconf 86' lang='lat' dir='ltr'><strong>de</strong></span> <span class='ocrx_word' id='word_1_298' title='bbox 1562 3548 1737 3601; x_wconf 87' lang='lat' dir='ltr'><strong>causis</strong></span> <span class='ocrx_word' id='word_1_299' title='bbox 1784 3550 1925 3603; x_wconf 88' lang='lat' dir='ltr'><strong>illam</strong></span> <span class='ocrx_word' id='word_1_300' title='bbox 1975 3566 2087 3605; x_wconf 90' lang='lat' dir='ltr'><strong>ma-</strong></span> 
     </span>
    </p>
   </div>
   <div class='ocr_carea' id='block_1_38' title="bbox 508 3633 2089 3706">
    <p class='ocr_par' dir='ltr' id='par_1_38' title="bbox 508 3633 2089 3706">
     <span class='ocr_line' id='line_1_38' title="bbox 508 3633 2089 3706; baseline 0.006 -19"><span class='ocrx_word' id='word_1_301' title='bbox 508 3634 753 3687; x_wconf 78' lang='lat' dir='ltr'><strong>nifestam</strong></span> <span class='ocrx_word' id='word_1_302' title='bbox 780 3647 900 3687; x_wconf 85' lang='lat' dir='ltr'><strong>esse</strong></span> <span class='ocrx_word' id='word_1_303' title='bbox 943 3633 1132 3685; x_wconf 83' lang='lat' dir='ltr'><strong>voluit.</strong></span> <span class='ocrx_word' id='word_1_304' title='bbox 1161 3634 1492 3704; x_wconf 88' lang='lat' dir='ltr'><strong>Quamquam</strong></span> <span class='ocrx_word' id='word_1_305' title='bbox 1526 3638 1742 3706; x_wconf 86' lang='lat' dir='ltr'><strong>quidam</strong></span> <span class='ocrx_word' id='word_1_306' title='bbox 1784 3641 1963 3696; x_wconf 89' lang='lat' dir='ltr'><strong>stolidi</strong></span> <span class='ocrx_word' id='word_1_307' title='bbox 2008 3643 2089 3696; x_wconf 86' lang='lat' dir='ltr'><strong>di-</strong></span> 
     </span>
    </p>
   </div>
   <div class='ocr_carea' id='block_1_39' title="bbox 504 3722 2082 3797">
    <p class='ocr_par' dir='ltr' id='par_1_39' title="bbox 504 3722 2082 3797">
     <span class='ocr_line' id='line_1_39' title="bbox 504 3722 2082 3797; baseline 0.01 -23"><span class='ocrx_word' id='word_1_308' title='bbox 504 3739 648 3781; x_wconf 65' lang='lat' dir='ltr'><strong>tauit.</strong></span> <span class='ocrx_word' id='word_1_309' title='bbox 680 3722 779 3776; x_wconf 86' lang='lat' dir='ltr'><strong>ltoe</strong></span> <span class='ocrx_word' id='word_1_310' title='bbox 810 3724 983 3791; x_wconf 77' lang='lat' dir='ltr'><strong>ipsum</strong></span> <span class='ocrx_word' id='word_1_311' title='bbox 1017 3724 1140 3777; x_wconf 88' lang='lat' dir='ltr'><strong>ideo</strong></span> <span class='ocrx_word' id='word_1_312' title='bbox 1171 3724 1360 3779; x_wconf 80' lang='lat' dir='ltr'><strong>fecisse</strong></span> <span class='ocrx_word' id='word_1_313' title='bbox 1383 3766 1399 3791; x_wconf 93' lang='lat'><strong>,</strong></span> <span class='ocrx_word' id='word_1_314' title='bbox 1431 3728 1570 3796; x_wconf 86' lang='lat' dir='ltr'><strong>quod</strong></span> <span class='ocrx_word' id='word_1_315' title='bbox 1602 3729 1826 3797; x_wconf 76' lang='lat' dir='ltr'><strong>gloriam</strong></span> <span class='ocrx_word' id='word_1_316' title='bbox 1855 3745 2082 3789; x_wconf 65' lang='lat' dir='ltr'><strong>amaret.</strong></span> 
     </span>
    </p>
   </div>
   <div class='ocr_carea' id='block_1_40' title="bbox 505 3806 2085 3892">
    <p class='ocr_par' dir='ltr' id='par_1_40' title="bbox 505 3806 2085 3892">
     <span class='ocr_line' id='line_1_40' title="bbox 505 3806 2085 3892; baseline 0.007 -22"><span class='ocrx_word' id='word_1_317' title='bbox 505 3818 613 3871; x_wconf 81' lang='lat' dir='ltr'><strong>Cur</strong></span> <span class='ocrx_word' id='word_1_318' title='bbox 636 3816 801 3879; x_wconf 86' lang='lat' dir='ltr'><strong>enim,</strong></span> <span class='ocrx_word' id='word_1_319' title='bbox 832 3806 1106 3885; x_wconf 82' lang='lat' dir='ltr'><strong>inquiunt,</strong></span> <span class='ocrx_word' id='word_1_320' title='bbox 1139 3832 1242 3869; x_wconf 91' lang='lat' dir='ltr'><strong>non</strong></span> <span class='ocrx_word' id='word_1_321' title='bbox 1266 3818 1507 3886; x_wconf 86' lang='lat' dir='ltr'><strong>permisit</strong></span> <span class='ocrx_word' id='word_1_322' title='bbox 1543 3820 1683 3875; x_wconf 85' lang='lat' dir='ltr'><strong>illam</strong></span> <span class='ocrx_word' id='word_1_323' title='bbox 1711 3823 1918 3878; x_wconf 86' lang='lat' dir='ltr'><strong>latere?</strong></span> <span class='ocrx_word' id='word_1_324' title='bbox 1947 3827 2085 3892; x_wconf 86' lang='lat' dir='ltr'><strong>Quid</strong></span> 
     </span>
    </p>
   </div>
   <div class='ocr_carea' id='block_1_41' title="bbox 503 3908 2086 3980">
    <p class='ocr_par' dir='ltr' id='par_1_41' title="bbox 503 3908 2086 3980">
     <span class='ocr_line' id='line_1_41' title="bbox 503 3908 2086 3980; baseline 0.005 -17"><span class='ocrx_word' id='word_1_325' title='bbox 503 3910 670 3974; x_wconf 86' lang='lat' dir='ltr'><strong>dicis,</strong></span> <span class='ocrx_word' id='word_1_326' title='bbox 698 3908 1049 3963; x_wconf 61' lang='lat' dir='ltr'><strong>casecrande?</strong></span> <span class='ocrx_word' id='word_1_327' title='bbox 1078 3910 1166 3978; x_wconf 85' lang='lat' dir='ltr'><strong>qui</strong></span> <span class='ocrx_word' id='word_1_328' title='bbox 1190 3910 1339 3977; x_wconf 83' lang='lat' dir='ltr'><strong>jubet</strong></span> <span class='ocrx_word' id='word_1_329' title='bbox 1363 3920 1561 3974; x_wconf 85' lang='lat' dir='ltr'><strong>tacere,</strong></span> <span class='ocrx_word' id='word_1_330' title='bbox 1592 3913 1679 3980; x_wconf 82' lang='lat' dir='ltr'><strong>qui</strong></span> <span class='ocrx_word' id='word_1_331' title='bbox 1710 3926 1957 3970; x_wconf 79' lang='lat' dir='ltr'><strong>sexcenta</strong></span> <span class='ocrx_word' id='word_1_332' title='bbox 1983 3918 2086 3971; x_wconf 83' lang='lat' dir='ltr'><strong>mi-</strong></span> 
     </span>
    </p>
   </div>
   <div class='ocr_carea' id='block_1_42' title="bbox 505 3999 2084 4075">
    <p class='ocr_par' dir='ltr' id='par_1_42' title="bbox 505 3999 2084 4075">
     <span class='ocr_line' id='line_1_42' title="bbox 505 3999 2084 4075; baseline 0.006 -23"><span class='ocrx_word' id='word_1_333' title='bbox 505 4001 683 4053; x_wconf 84' lang='lat' dir='ltr'><strong>racula</strong></span> <span class='ocrx_word' id='word_1_334' title='bbox 717 3999 1107 4067; x_wconf 76' lang='lat' dir='ltr'><strong>pnetercurrit,</strong></span> <span class='ocrx_word' id='word_1_335' title='bbox 1152 4000 1374 4069; x_wconf 79' lang='lat' dir='ltr'><strong>gloriam</strong></span> <span class='ocrx_word' id='word_1_336' title='bbox 1416 4002 1607 4055; x_wconf 87' lang='lat' dir='ltr'><strong>amat?</strong></span> <span class='ocrx_word' id='word_1_337' title='bbox 1645 4002 1754 4056; x_wconf 84' lang='lat' dir='ltr'><strong>Cur</strong></span> <span class='ocrx_word' id='word_1_338' title='bbox 1784 4020 1910 4075; x_wconf 80' lang='lat' dir='ltr'><strong>ergo</strong></span> <span class='ocrx_word' id='word_1_339' title='bbox 1941 4007 2084 4062; x_wconf 85' lang='lat' dir='ltr'><strong>illam</strong></span> 
     </span>
    </p>
   </div>
   <div class='ocr_carea' id='block_1_43' title="bbox 506 4090 2078 4165">
    <p class='ocr_par' dir='ltr' id='par_1_43' title="bbox 506 4090 2078 4165">
     <span class='ocr_line' id='line_1_43' title="bbox 506 4090 2078 4165; baseline 0.004 -21"><span class='ocrx_word' id='word_1_340' title='bbox 506 4092 556 4144; x_wconf 91' lang='lat' dir='ltr'><strong>in</strong></span> <span class='ocrx_word' id='word_1_341' title='bbox 590 4090 823 4144; x_wconf 88' lang='lat' dir='ltr'><strong>medium</strong></span> <span class='ocrx_word' id='word_1_342' title='bbox 853 4090 1092 4144; x_wconf 85' lang='lat' dir='ltr'><strong>adducit?</strong></span> <span class='ocrx_word' id='word_1_343' title='bbox 1122 4090 1298 4144; x_wconf 82' lang='lat' dir='ltr'><strong>Primo</strong></span> <span class='ocrx_word' id='word_1_344' title='bbox 1326 4090 1489 4145; x_wconf 88' lang='lat' dir='ltr'><strong>solvit</strong></span> <span class='ocrx_word' id='word_1_345' title='bbox 1518 4093 1757 4148; x_wconf 90' lang='lat' dir='ltr'><strong>mulieris</strong></span> <span class='ocrx_word' id='word_1_346' title='bbox 1795 4096 2041 4151; x_wconf 89' lang='lat' dir='ltr'><strong>timorem</strong></span> <span class='ocrx_word' id='word_1_347' title='bbox 2062 4138 2078 4165; x_wconf 95' lang='lat'><strong>,</strong></span> 
     </span>
    </p>
   </div>
   <div class='ocr_carea' id='block_1_44' title="bbox 504 4182 2081 4257">
    <p class='ocr_par' dir='ltr' id='par_1_44' title="bbox 504 4182 2081 4257">
     <span class='ocr_line' id='line_1_44' title="bbox 504 4182 2081 4257; baseline 0.004 -21"><span class='ocrx_word' id='word_1_348' title='bbox 504 4200 570 4236; x_wconf 91' lang='lat' dir='ltr'><strong>ne</strong></span> <span class='ocrx_word' id='word_1_349' title='bbox 597 4184 942 4237; x_wconf 76' lang='lat' dir='ltr'><strong>conscientiae</strong></span> <span class='ocrx_word' id='word_1_350' title='bbox 969 4183 1197 4236; x_wconf 85' lang='lat' dir='ltr'><strong>stimulis</strong></span> <span class='ocrx_word' id='word_1_351' title='bbox 1218 4182 1411 4252; x_wconf 83' lang='lat' dir='ltr'><strong>agitata</strong></span> <span class='ocrx_word' id='word_1_352' title='bbox 1439 4225 1453 4245; x_wconf 91' lang='lat'><strong>,</strong></span> <span class='ocrx_word' id='word_1_353' title='bbox 1500 4193 1681 4251; x_wconf 89' lang='lat' dir='ltr'><strong>utpote</strong></span> <span class='ocrx_word' id='word_1_354' title='bbox 1710 4200 1828 4254; x_wconf 72' lang='lat' dir='ltr'><strong>qum</strong></span> <span class='ocrx_word' id='word_1_355' title='bbox 1854 4188 2081 4257; x_wconf 76' lang='lat' dir='ltr'><strong>gratiam</strong></span> 
     </span>
    </p>
   </div>
   <div class='ocr_carea' id='block_1_45' title="bbox 502 4276 2077 4347">
    <p class='ocr_par' dir='ltr' id='par_1_45' title="bbox 502 4276 2077 4347">
     <span class='ocr_line' id='line_1_45' title="bbox 502 4276 2077 4347; baseline 0.003 -18"><span class='ocrx_word' id='word_1_356' title='bbox 502 4277 645 4329; x_wconf 85' lang='lat' dir='ltr'><strong>illaut</strong></span> <span class='ocrx_word' id='word_1_357' title='bbox 673 4276 927 4329; x_wconf 78' lang='lat' dir='ltr'><strong>sutl’urata</strong></span> <span class='ocrx_word' id='word_1_358' title='bbox 959 4284 1142 4339; x_wconf 90' lang='lat' dir='ltr'><strong>esset,</strong></span> <span class='ocrx_word' id='word_1_359' title='bbox 1188 4276 1443 4345; x_wconf 91' lang='lat' dir='ltr'><strong>scrupulo</strong></span> <span class='ocrx_word' id='word_1_360' title='bbox 1469 4277 1757 4333; x_wconf 82' lang='lat' dir='ltr'><strong>laboraret.</strong></span> <span class='ocrx_word' id='word_1_361' title='bbox 1791 4278 2040 4334; x_wconf 89' lang='lat' dir='ltr'><strong>Secundo</strong></span> <span class='ocrx_word' id='word_1_362' title='bbox 2063 4324 2077 4347; x_wconf 92' lang='lat'><strong>,</strong></span> 
     </span>
    </p>
   </div>
   <div class='ocr_carea' id='block_1_46' title="bbox 501 4367 2083 4438">
    <p class='ocr_par' dir='ltr' id='par_1_46' title="bbox 501 4367 2083 4438">
     <span class='ocr_line' id='line_1_46' title="bbox 501 4367 2083 4438; baseline 0.004 -16"><span class='ocrx_word' id='word_1_363' title='bbox 501 4373 669 4438; x_wconf 69' lang='lat' dir='ltr'><strong>ipsam</strong></span> <span class='ocrx_word' id='word_1_364' title='bbox 701 4369 939 4438; x_wconf 76' lang='lat' dir='ltr'><strong>corrigit,</strong></span> <span class='ocrx_word' id='word_1_365' title='bbox 970 4368 1113 4437; x_wconf 88' lang='lat' dir='ltr'><strong>quod</strong></span> <span class='ocrx_word' id='word_1_366' title='bbox 1144 4383 1202 4421; x_wconf 88' lang='lat' dir='ltr'><strong>se</strong></span> <span class='ocrx_word' id='word_1_367' title='bbox 1230 4367 1395 4422; x_wconf 89' lang='lat' dir='ltr'><strong>latere</strong></span> <span class='ocrx_word' id='word_1_368' title='bbox 1424 4378 1653 4437; x_wconf 85' lang='lat' dir='ltr'><strong>putaret.</strong></span> <span class='ocrx_word' id='word_1_369' title='bbox 1688 4369 1889 4437; x_wconf 87' lang='lat' dir='ltr'><strong>Tertio,</strong></span> <span class='ocrx_word' id='word_1_370' title='bbox 1923 4373 2083 4428; x_wconf 82' lang='lat' dir='ltr'><strong>Iidem</strong></span> 
     </span>
    </p>
   </div>
   <div class='ocr_carea' id='block_1_47' title="bbox 498 4458 2064 4529">
    <p class='ocr_par' dir='ltr' id='par_1_47' title="bbox 498 4458 2064 4529">
     <span class='ocr_line' id='line_1_47' title="bbox 498 4458 2064 4529; baseline 0.001 -14"><span class='ocrx_word' id='word_1_371' title='bbox 498 4463 615 4529; x_wconf 84' lang='lat' dir='ltr'><strong>ejus</strong></span> <span class='ocrx_word' id='word_1_372' title='bbox 643 4460 895 4514; x_wconf 85' lang='lat' dir='ltr'><strong>omnibus</strong></span> <span class='ocrx_word' id='word_1_373' title='bbox 915 4468 1098 4512; x_wconf 83' lang='lat' dir='ltr'><strong>notam</strong></span> <span class='ocrx_word' id='word_1_374' title='bbox 1132 4458 1324 4524; x_wconf 85' lang='lat' dir='ltr'><strong>reddit,</strong></span> <span class='ocrx_word' id='word_1_375' title='bbox 1356 4468 1413 4512; x_wconf 89' lang='lat' dir='ltr'><strong>ttt</strong></span> <span class='ocrx_word' id='word_1_376' title='bbox 1436 4460 1523 4513; x_wconf 90' lang='lat' dir='ltr'><strong>alii</strong></span> <span class='ocrx_word' id='word_1_377' title='bbox 1554 4476 1670 4514; x_wconf 87' lang='lat' dir='ltr'><strong>eam</strong></span> <span class='ocrx_word' id='word_1_378' title='bbox 1696 4460 2030 4517; x_wconf 71' lang='lat' dir='ltr'><strong>imitarentur</strong></span> <span class='ocrx_word' id='word_1_379' title='bbox 2059 4519 2064 4526; x_wconf 87' lang='lat'><em>_</em></span> 
     </span>
    </p>
   </div>
   <div class='ocr_carea' id='block_1_48' title="bbox 499 4550 2082 4623">
    <p class='ocr_par' dir='ltr' id='par_1_48' title="bbox 499 4550 2082 4623">
     <span class='ocr_line' id='line_1_48' title="bbox 499 4550 2082 4623; baseline 0.002 -18"><span class='ocrx_word' id='word_1_380' title='bbox 499 4567 673 4623; x_wconf 55' lang='lat' dir='ltr'><strong>namque</strong></span> <span class='ocrx_word' id='word_1_381' title='bbox 700 4556 881 4605; x_wconf 83' lang='lat' dir='ltr'><strong>minus</strong></span> <span class='ocrx_word' id='word_1_382' title='bbox 905 4551 1114 4620; x_wconf 85' lang='lat' dir='ltr'><strong>signum</strong></span> <span class='ocrx_word' id='word_1_383' title='bbox 1167 4550 1316 4613; x_wconf 90' lang='lat' dir='ltr'><strong>edit,</strong></span> <span class='ocrx_word' id='word_1_384' title='bbox 1350 4565 1469 4602; x_wconf 90' lang='lat' dir='ltr'><strong>cum</strong></span> <span class='ocrx_word' id='word_1_385' title='bbox 1515 4551 1747 4605; x_wconf 82' lang='lat' dir='ltr'><strong>ostendit</strong></span> <span class='ocrx_word' id='word_1_386' title='bbox 1799 4568 1859 4607; x_wconf 91' lang='lat' dir='ltr'><strong>se</strong></span> <span class='ocrx_word' id='word_1_387' title='bbox 1902 4570 2082 4608; x_wconf 55' lang='lat' dir='ltr'><strong>eum...</strong></span> 
     </span>
    </p>
   </div>
   <div class='ocr_carea' id='block_1_49' title="bbox 496 4643 2081 4714">
    <p class='ocr_par' dir='ltr' id='par_1_49' title="bbox 496 4643 2081 4714">
     <span class='ocr_line' id='line_1_49' title="bbox 496 4643 2081 4714; baseline 0 -13"><span class='ocrx_word' id='word_1_388' title='bbox 496 4648 657 4709; x_wconf 84' lang='lat' dir='ltr'><strong>scire,</strong></span> <span class='ocrx_word' id='word_1_389' title='bbox 688 4659 846 4714; x_wconf 91' lang='lat' dir='ltr'><strong>quam</strong></span> <span class='ocrx_word' id='word_1_390' title='bbox 886 4659 1005 4697; x_wconf 91' lang='lat' dir='ltr'><strong>cum</strong></span> <span class='ocrx_word' id='word_1_391' title='bbox 1038 4643 1237 4697; x_wconf 79' lang='lat' dir='ltr'><strong>ﬂuxum</strong></span> <span class='ocrx_word' id='word_1_392' title='bbox 1286 4643 1559 4711; x_wconf 79' lang='lat' dir='ltr'><strong>sanguinis</strong></span> <span class='ocrx_word' id='word_1_393' title='bbox 1605 4643 1837 4698; x_wconf 79' lang='lat' dir='ltr'><strong>cohibet.</strong></span> <span class='ocrx_word' id='word_1_394' title='bbox 1881 4646 2081 4701; x_wconf 87' lang='lat' dir='ltr'><strong>Deinde</strong></span> 
     </span>
    </p>
   </div>
   <div class='ocr_carea' id='block_1_50' title="bbox 495 4733 2081 4807">
    <p class='ocr_par' dir='ltr' id='par_1_50' title="bbox 495 4733 2081 4807">
     <span class='ocr_line' id='line_1_50' title="bbox 495 4733 2081 4807; baseline 0.003 -19"><span class='ocrx_word' id='word_1_395' title='bbox 495 4736 993 4807; x_wconf 75' lang='lat' dir='ltr'><strong>arcbisynagogum,</strong></span> <span class='ocrx_word' id='word_1_396' title='bbox 1020 4735 1173 4799; x_wconf 87' lang='lat' dir='ltr'><strong>cujus</strong></span> <span class='ocrx_word' id='word_1_397' title='bbox 1194 4733 1325 4788; x_wconf 89' lang='lat' dir='ltr'><strong>lidcs</strong></span> <span class='ocrx_word' id='word_1_398' title='bbox 1351 4734 1767 4802; x_wconf 85' lang='lat' dir='ltr'><strong>periclitabatur,</strong></span> <span class='ocrx_word' id='word_1_399' title='bbox 1799 4751 1904 4804; x_wconf 89' lang='lat' dir='ltr'><strong>quo</strong></span> <span class='ocrx_word' id='word_1_400' title='bbox 1927 4748 2081 4803; x_wconf 84' lang='lat' dir='ltr'><strong>pacto</strong></span> 
     </span>
    </p>
   </div>
   <div class='ocr_carea' id='block_1_51' title="bbox 496 4826 2075 4896">
    <p class='ocr_par' dir='ltr' id='par_1_51' title="bbox 496 4826 2075 4896">
     <span class='ocr_line' id='line_1_51' title="bbox 496 4826 2075 4896; baseline 0.003 -18"><span class='ocrx_word' id='word_1_401' title='bbox 496 4827 673 4881; x_wconf 87' lang='lat' dir='ltr'><strong>onmia</strong></span> <span class='ocrx_word' id='word_1_402' title='bbox 708 4828 1063 4896; x_wconf 81' lang='lat' dir='ltr'><strong>perdidisset,</strong></span> <span class='ocrx_word' id='word_1_403' title='bbox 1099 4842 1194 4896; x_wconf 86' lang='lat' dir='ltr'><strong>per</strong></span> <span class='ocrx_word' id='word_1_404' title='bbox 1220 4826 1495 4881; x_wconf 86' lang='lat' dir='ltr'><strong>mulierem</strong></span> <span class='ocrx_word' id='word_1_405' title='bbox 1530 4827 1671 4878; x_wconf 90' lang='lat' dir='ltr'><strong>illam</strong></span> <span class='ocrx_word' id='word_1_406' title='bbox 1698 4828 2075 4881; x_wconf 80' lang='lat' dir='ltr'><strong>conﬁrmabat.</strong></span> 
     </span>
    </p>
   </div>
   <div class='ocr_carea' id='block_1_52' title="bbox 496 4918 2077 4990">
    <p class='ocr_par' dir='ltr' id='par_1_52' title="bbox 496 4918 2077 4990">
     <span class='ocr_line' id='line_1_52' title="bbox 496 4918 2077 4990; baseline 0.001 -17"><span class='ocrx_word' id='word_1_407' title='bbox 496 4918 626 4973; x_wconf 75' lang='lat' dir='ltr'><strong>Nam</strong></span> <span class='ocrx_word' id='word_1_408' title='bbox 647 4931 898 4974; x_wconf 73' lang='lat' dir='ltr'><strong>vt-tterant</strong></span> <span class='ocrx_word' id='word_1_409' title='bbox 913 4921 999 4990; x_wconf 91' lang='lat' dir='ltr'><strong>qui</strong></span> <span class='ocrx_word' id='word_1_410' title='bbox 1018 4920 1273 4973; x_wconf 86' lang='lat' dir='ltr'><strong>dicerent:</strong></span> <span class='ocrx_word' id='word_1_411' title='bbox 1288 4918 1409 4973; x_wconf 70' lang='lat' dir='ltr'><strong>Noli</strong></span> <span class='ocrx_word' id='word_1_412' title='bbox 1426 4935 1605 4973; x_wconf 73' lang='lat' dir='ltr'><strong>vexare</strong></span> <span class='ocrx_word' id='word_1_413' title='bbox 1620 4921 1944 4989; x_wconf 77' lang='lat' dir='ltr'><strong>magistrum;</strong></span> <span class='ocrx_word' id='word_1_414' title='bbox 1961 4940 2077 4975; x_wconf 76' lang='lat' dir='ltr'><strong>nam</strong></span> 
     </span>
    </p>
   </div>
   <div class='ocr_carea' id='block_1_53' title="bbox 495 5011 2077 5079">
    <p class='ocr_par' dir='ltr' id='par_1_53' title="bbox 495 5011 2077 5079">
     <span class='ocr_line' id='line_1_53' title="bbox 495 5011 2077 5079; baseline 0.003 -15"><span class='ocrx_word' id='word_1_415' title='bbox 495 5022 693 5064; x_wconf 81' lang='lat' dir='ltr'><strong>mortua</strong></span> <span class='ocrx_word' id='word_1_416' title='bbox 708 5023 779 5062; x_wconf 77' lang='lat' dir='ltr'><strong>est</strong></span> <span class='ocrx_word' id='word_1_417' title='bbox 806 5012 974 5079; x_wconf 81' lang='lat' dir='ltr'><strong>puella</strong></span> <span class='ocrx_word' id='word_1_418' title='bbox 995 5011 1146 5079; x_wconf 86' lang='lat' dir='ltr'><strong>(Luc.</strong></span> <span class='ocrx_word' id='word_1_419' title='bbox 1172 5012 1453 5079; x_wconf 62' lang='lat' dir='ltr'><strong>8..l9).Qui</strong></span> <span class='ocrx_word' id='word_1_420' title='bbox 1467 5022 1643 5065; x_wconf 88' lang='lat' dir='ltr'><strong>autem</strong></span> <span class='ocrx_word' id='word_1_421' title='bbox 1673 5012 1724 5065; x_wconf 91' lang='lat' dir='ltr'><strong>in</strong></span> <span class='ocrx_word' id='word_1_422' title='bbox 1746 5012 1908 5067; x_wconf 88' lang='lat' dir='ltr'><strong>domo</strong></span> <span class='ocrx_word' id='word_1_423' title='bbox 1922 5024 2077 5068; x_wconf 88' lang='lat' dir='ltr'><strong>erant</strong></span> 
     </span>
    </p>
   </div>
   <div class='ocr_carea' id='block_1_54' title="bbox 497 5101 2074 5171">
    <p class='ocr_par' dir='ltr' id='par_1_54' title="bbox 497 5101 2074 5171">
     <span class='ocr_line' id='line_1_54' title="bbox 497 5101 2074 5171; baseline 0.001 -14"><span class='ocrx_word' id='word_1_424' title='bbox 497 5101 787 5157; x_wconf 85' lang='lat' dir='ltr'><strong>irridebant</strong></span> <span class='ocrx_word' id='word_1_425' title='bbox 806 5118 951 5165; x_wconf 89' lang='lat' dir='ltr'><strong>eum,</strong></span> <span class='ocrx_word' id='word_1_426' title='bbox 971 5103 1112 5171; x_wconf 88' lang='lat' dir='ltr'><strong>quod</strong></span> <span class='ocrx_word' id='word_1_427' title='bbox 1130 5104 1333 5158; x_wconf 87' lang='lat' dir='ltr'><strong>diceret</strong></span> <span class='ocrx_word' id='word_1_428' title='bbox 1356 5105 1495 5157; x_wconf 79' lang='lat' dir='ltr'><strong>illam</strong></span> <span class='ocrx_word' id='word_1_429' title='bbox 1524 5104 1782 5169; x_wconf 89' lang='lat' dir='ltr'><strong>dormire;</strong></span> <span class='ocrx_word' id='word_1_430' title='bbox 1806 5106 2074 5160; x_wconf 84' lang='lat' dir='ltr'><strong>verisimi-</strong></span> 
     </span>
    </p>
   </div>
   <div class='ocr_carea' id='block_1_55' title="bbox 493 5193 2069 5265">
    <p class='ocr_par' dir='ltr' id='par_1_55' title="bbox 493 5193 2069 5265">
     <span class='ocr_line' id='line_1_55' title="bbox 493 5193 2069 5265; baseline 0 -16"><span class='ocrx_word' id='word_1_431' title='bbox 493 5196 649 5263; x_wconf 82' lang='lat' dir='ltr'><strong>leqne</strong></span> <span class='ocrx_word' id='word_1_432' title='bbox 676 5204 790 5246; x_wconf 84' lang='lat' dir='ltr'><strong>erat</strong></span> <span class='ocrx_word' id='word_1_433' title='bbox 819 5201 1022 5261; x_wconf 85' lang='lat' dir='ltr'><strong>patrem</strong></span> <span class='ocrx_word' id='word_1_434' title='bbox 1040 5193 1198 5246; x_wconf 89' lang='lat' dir='ltr'><strong>etiam</strong></span> <span class='ocrx_word' id='word_1_435' title='bbox 1218 5194 1485 5263; x_wconf 80' lang='lat' dir='ltr'><strong>quidpiam</strong></span> <span class='ocrx_word' id='word_1_436' title='bbox 1502 5195 1673 5249; x_wconf 86' lang='lat' dir='ltr'><strong>simile</strong></span> <span class='ocrx_word' id='word_1_437' title='bbox 1692 5210 1907 5265; x_wconf 85' lang='lat' dir='ltr'><strong>passum</strong></span> <span class='ocrx_word' id='word_1_438' title='bbox 1928 5211 2069 5250; x_wconf 90' lang='lat' dir='ltr'><strong>esse.</strong></span> 
     </span>
    </p>
   </div>
   <div class='ocr_carea' id='block_1_56' title="bbox 559 5283 2071 5353">
    <p class='ocr_par' dir='ltr' id='par_1_56' title="bbox 559 5283 2071 5353">
     <span class='ocr_line' id='line_1_56' title="bbox 559 5283 2071 5353; baseline 0 -13"><span class='ocrx_word' id='word_1_439' title='bbox 559 5286 611 5340; x_wconf 80' lang='grc'><strong>2.</strong></span> <span class='ocrx_word' id='word_1_440' title='bbox 644 5286 766 5339; x_wconf 90' lang='lat' dir='ltr'><strong>Ideo</strong></span> <span class='ocrx_word' id='word_1_441' title='bbox 794 5285 936 5337; x_wconf 87' lang='lat' dir='ltr'><strong>illam</strong></span> <span class='ocrx_word' id='word_1_442' title='bbox 957 5283 1317 5338; x_wconf 78' lang='lat' dir='ltr'><strong>inﬁrmitatem</strong></span> <span class='ocrx_word' id='word_1_443' title='bbox 1347 5287 1491 5353; x_wconf 85' lang='lat' dir='ltr'><strong>prius</strong></span> <span class='ocrx_word' id='word_1_444' title='bbox 1517 5287 1829 5352; x_wconf 87' lang='lat' dir='ltr'><strong>emendnns,</strong></span> <span class='ocrx_word' id='word_1_445' title='bbox 1866 5288 2071 5341; x_wconf 84' lang='lat' dir='ltr'><strong>mulier-</strong></span> 
     </span>
    </p>
   </div>
   <div class='ocr_carea' id='block_1_57' title="bbox 488 5374 2044 5442">
    <p class='ocr_par' dir='ltr' id='par_1_57' title="bbox 488 5374 2044 5442">
     <span class='ocr_line' id='line_1_57' title="bbox 488 5374 2044 5442; baseline -0.003 -7"><span class='ocrx_word' id='word_1_446' title='bbox 488 5380 664 5435; x_wconf 88' lang='lat' dir='ltr'><strong>culam</strong></span> <span class='ocrx_word' id='word_1_447' title='bbox 693 5378 905 5433; x_wconf 77' lang='lat' dir='ltr'><strong>adducit</strong></span> <span class='ocrx_word' id='word_1_448' title='bbox 927 5377 979 5430; x_wconf 94' lang='lat' dir='ltr'><strong>in</strong></span> <span class='ocrx_word' id='word_1_449' title='bbox 1013 5376 1269 5429; x_wconf 88' lang='lat' dir='ltr'><strong>medium.</strong></span> <span class='ocrx_word' id='word_1_450' title='bbox 1308 5374 1459 5442; x_wconf 82' lang='lat' dir='ltr'><strong>Quod</strong></span> <span class='ocrx_word' id='word_1_451' title='bbox 1488 5377 1629 5431; x_wconf 90' lang='lat' dir='ltr'><strong>enim</strong></span> <span class='ocrx_word' id='word_1_452' title='bbox 1663 5377 1950 5431; x_wconf 88' lang='lat' dir='ltr'><strong>admodum</strong></span> <span class='ocrx_word' id='word_1_453' title='bbox 1983 5394 2044 5430; x_wconf 88' lang='lat' dir='ltr'><strong>ru</strong></span> 
     </span>
    </p>
   </div>
   <div class='ocr_carea' id='block_1_58' title="bbox 486 5466 2053 5538">
    <p class='ocr_par' dir='ltr' id='par_1_58' title="bbox 486 5466 2053 5538">
     <span class='ocr_line' id='line_1_58' title="bbox 486 5466 2053 5538; baseline -0.006 -10"><span class='ocrx_word' id='word_1_454' title='bbox 486 5475 570 5529; x_wconf 84' lang='lat' dir='ltr'><strong>dis</strong></span> <span class='ocrx_word' id='word_1_455' title='bbox 597 5474 686 5527; x_wconf 75' lang='lat' dir='ltr'><strong>ille</strong></span> <span class='ocrx_word' id='word_1_456' title='bbox 714 5480 894 5534; x_wconf 84' lang='lat' dir='ltr'><strong>esset,</strong></span> <span class='ocrx_word' id='word_1_457' title='bbox 932 5467 1055 5522; x_wconf 88' lang='lat' dir='ltr'><strong>audi</strong></span> <span class='ocrx_word' id='word_1_458' title='bbox 1077 5467 1203 5538; x_wconf 91' lang='lat' dir='ltr'><strong>quid</strong></span> <span class='ocrx_word' id='word_1_459' title='bbox 1233 5466 1330 5535; x_wconf 79' lang='lat' dir='ltr'><strong>ipsi</strong></span> <span class='ocrx_word' id='word_1_460' title='bbox 1360 5466 1529 5521; x_wconf 88' lang='lat' dir='ltr'><strong>dicat:</strong></span> <span class='ocrx_word' id='word_1_461' title='bbox 1557 5466 1640 5521; x_wconf 86' lang='lat' dir='ltr'><strong>Ne</strong></span> <span class='ocrx_word' id='word_1_462' title='bbox 1666 5468 1861 5530; x_wconf 70' lang='lat' dir='ltr'><strong>timeas,</strong></span> <span class='ocrx_word' id='word_1_463' title='bbox 1897 5477 1952 5521; x_wconf 85' lang='lat' dir='ltr'><strong>tu</strong></span> <span class='ocrx_word' id='word_1_464' title='bbox 1981 5484 2053 5520; x_wconf 75' lang='lat' dir='ltr'><strong>so-</strong></span> 
     </span>
    </p>
   </div>
   <div class='ocr_carea' id='block_1_59' title="bbox 488 5559 2068 5631">
    <p class='ocr_par' dir='ltr' id='par_1_59' title="bbox 488 5559 2068 5631">
     <span class='ocr_line' id='line_1_59' title="bbox 488 5559 2068 5631; baseline -0.006 -12"><span class='ocrx_word' id='word_1_465' title='bbox 488 5568 591 5619; x_wconf 76' lang='lat' dir='ltr'><strong>lunt</strong></span> <span class='ocrx_word' id='word_1_466' title='bbox 615 5566 778 5627; x_wconf 76' lang='lat' dir='ltr'><strong>crede,</strong></span> <span class='ocrx_word' id='word_1_467' title='bbox 813 5575 859 5616; x_wconf 79' lang='lat' dir='ltr'><strong>ct</strong></span> <span class='ocrx_word' id='word_1_468' title='bbox 885 5563 1027 5618; x_wconf 77' lang='lat' dir='ltr'><strong>salva</strong></span> <span class='ocrx_word' id='word_1_469' title='bbox 1070 5562 1164 5615; x_wconf 81' lang='lat' dir='ltr'><strong>erit</strong></span> <span class='ocrx_word' id='word_1_470' title='bbox 1194 5562 1211 5631; x_wconf 86' lang='lat'>(</span> <span class='ocrx_word' id='word_1_471' title='bbox 1238 5559 1372 5616; x_wconf 85' lang='lat' dir='ltr'><strong>Ibid.</strong></span> <span class='ocrx_word' id='word_1_472' title='bbox 1407 5576 1453 5613; x_wconf 78' lang='lat' dir='ltr'><strong>tt.</strong></span> <span class='ocrx_word' id='word_1_473' title='bbox 1482 5560 1613 5629; x_wconf 84' lang='lat'><strong>50).</strong></span> <span class='ocrx_word' id='word_1_474' title='bbox 1644 5559 1774 5613; x_wconf 80' lang='lat' dir='ltr'><strong>Nam</strong></span> <span class='ocrx_word' id='word_1_475' title='bbox 1804 5561 1871 5613; x_wconf 86' lang='lat' dir='ltr'><strong>de</strong></span> <span class='ocrx_word' id='word_1_476' title='bbox 1915 5559 2068 5613; x_wconf 86' lang='lat' dir='ltr'><strong>indu-</strong></span> 
     </span>
    </p>
   </div>
   <div class='ocr_carea' id='block_1_60' title="bbox 491 5653 2061 5719">
    <p class='ocr_par' dir='ltr' id='par_1_60' title="bbox 491 5653 2061 5719">
     <span class='ocr_line' id='line_1_60' title="bbox 491 5653 2061 5719; baseline -0.007 -5"><span class='ocrx_word' id='word_1_477' title='bbox 491 5658 619 5715; x_wconf 86' lang='lat' dir='ltr'><strong>stria</strong></span> <span class='ocrx_word' id='word_1_478' title='bbox 660 5659 964 5715; x_wconf 84' lang='lat' dir='ltr'><strong>morabatur</strong></span> <span class='ocrx_word' id='word_1_479' title='bbox 992 5698 1008 5718; x_wconf 86' lang='lat'><strong>.</strong></span> <span class='ocrx_word' id='word_1_480' title='bbox 1042 5666 1098 5711; x_wconf 89' lang='lat' dir='ltr'><strong>ut</strong></span> <span class='ocrx_word' id='word_1_481' title='bbox 1146 5664 1271 5711; x_wconf 88' lang='lat' dir='ltr'><strong>tune</strong></span> <span class='ocrx_word' id='word_1_482' title='bbox 1324 5669 1354 5709; x_wconf 85' lang='lat' dir='ltr'><strong>a</strong></span> <span class='ocrx_word' id='word_1_483' title='bbox 1376 5653 1604 5710; x_wconf 75' lang='lat' dir='ltr'><strong>cederet</strong></span> <span class='ocrx_word' id='word_1_484' title='bbox 1634 5694 1646 5719; x_wconf 90' lang='lat'><strong>,</strong></span> <span class='ocrx_word' id='word_1_485' title='bbox 1701 5667 1821 5707; x_wconf 88' lang='lat' dir='ltr'><strong>eum</strong></span> <span class='ocrx_word' id='word_1_486' title='bbox 1854 5658 2061 5706; x_wconf 73' lang='lat' dir='ltr'><strong>mortua</strong></span> 
     </span>
    </p>
   </div>
   <div class='ocr_carea' id='block_1_61' title="bbox 633 5790 729 5817">
    <p class='ocr_par' dir='ltr' id='par_1_61' title="bbox 633 5790 729 5817">
     <span class='ocr_line' id='line_1_61' title="bbox 633 5790 729 5817; baseline 0 -17"><span class='ocrx_word' id='word_1_487' title='bbox 633 5790 729 5817; x_wconf 40' lang='lat'><strong>‘~\</strong></span> 
     </span>
    </p>
   </div>
   <div class='ocr_carea' id='block_1_62' title="bbox 3708 219 3822 278">
    <p class='ocr_par' dir='ltr' id='par_1_62' title="bbox 3708 219 3822 278">
     <span class='ocr_line' id='line_1_62' title="bbox 3708 219 3822 278; baseline -0.026 -1"><span class='ocrx_word' id='word_1_488' title='bbox 3708 219 3822 278; x_wconf 68' lang='lat'><strong>37!</strong></span> 
     </span>
    </p>
   </div>
   <div class='ocr_carea' id='block_1_63' title="bbox 2229 329 3820 393">
    <p class='ocr_par' dir='ltr' id='par_1_63' title="bbox 2229 329 3820 393">
     <span class='ocr_line' id='line_1_63' title="bbox 2229 329 3820 393; baseline 0.009 -14"><span class='ocrx_word' id='word_1_489' title='bbox 2229 337 2415 390; x_wconf 87' lang='lat' dir='ltr'><strong>esset,</strong></span> <span class='ocrx_word' id='word_1_490' title='bbox 2477 337 2537 381; x_wconf 85' lang='lat' dir='ltr'><strong>ut</strong></span> <span class='ocrx_word' id='word_1_491' title='bbox 2577 329 2719 382; x_wconf 84' lang='lat' dir='ltr'><strong>clara</strong></span> <span class='ocrx_word' id='word_1_492' title='bbox 2770 332 3094 385; x_wconf 86' lang='lat' dir='ltr'><strong>resurrectio</strong></span> <span class='ocrx_word' id='word_1_493' title='bbox 3144 340 3311 388; x_wconf 87' lang='lat' dir='ltr'><strong>esset.</strong></span> <span class='ocrx_word' id='word_1_494' title='bbox 3359 332 3560 391; x_wconf 81' lang='lat' dir='ltr'><strong>Idcirco</strong></span> <span class='ocrx_word' id='word_1_495' title='bbox 3613 346 3820 393; x_wconf 76' lang='lat' dir='ltr'><strong>tardius</strong></span> 
     </span>
    </p>
   </div>
   <div class='ocr_carea' id='block_1_64' title="bbox 2227 414 3819 494">
    <p class='ocr_par' dir='ltr' id='par_1_64' title="bbox 2227 414 3819 494">
     <span class='ocr_line' id='line_1_64' title="bbox 2227 414 3819 494; baseline 0.01 -27"><span class='ocrx_word' id='word_1_496' title='bbox 2227 414 2465 481; x_wconf 88' lang='lat' dir='ltr'><strong>itteedit,</strong></span> <span class='ocrx_word' id='word_1_497' title='bbox 2525 430 2579 471; x_wconf 88' lang='lat' dir='ltr'><strong>et</strong></span> <span class='ocrx_word' id='word_1_498' title='bbox 2652 421 2862 474; x_wconf 86' lang='lat' dir='ltr'><strong>mulieri</strong></span> <span class='ocrx_word' id='word_1_499' title='bbox 2934 423 3099 476; x_wconf 89' lang='lat' dir='ltr'><strong>multa</strong></span> <span class='ocrx_word' id='word_1_500' title='bbox 3170 422 3439 494; x_wconf 75' lang='lat' dir='ltr'><strong>loquitur,</strong></span> <span class='ocrx_word' id='word_1_501' title='bbox 3493 436 3551 480; x_wconf 86' lang='lat' dir='ltr'><strong>ut</strong></span> <span class='ocrx_word' id='word_1_502' title='bbox 3600 428 3819 483; x_wconf 80' lang='lat' dir='ltr'><strong>interim</strong></span> 
     </span>
    </p>
   </div>
   <div class='ocr_carea' id='block_1_65' title="bbox 2226 506 3818 585">
    <p class='ocr_par' dir='ltr' id='par_1_65' title="bbox 2226 506 3818 585">
     <span class='ocr_line' id='line_1_65' title="bbox 2226 506 3818 585; baseline 0.009 -26"><span class='ocrx_word' id='word_1_503' title='bbox 2226 506 2314 560; x_wconf 87' lang='lat' dir='ltr'><strong>illa</strong></span> <span class='ocrx_word' id='word_1_504' title='bbox 2348 520 2670 574; x_wconf 87' lang='lat' dir='ltr'><strong>moreretur,</strong></span> <span class='ocrx_word' id='word_1_505' title='bbox 2700 522 2756 567; x_wconf 87' lang='lat' dir='ltr'><strong>et</strong></span> <span class='ocrx_word' id='word_1_506' title='bbox 2780 512 3099 567; x_wconf 84' lang='lat' dir='ltr'><strong>accederent</strong></span> <span class='ocrx_word' id='word_1_507' title='bbox 3127 515 3216 583; x_wconf 89' lang='lat' dir='ltr'><strong>qui</strong></span> <span class='ocrx_word' id='word_1_508' title='bbox 3258 517 3372 570; x_wconf 76' lang='lat' dir='ltr'><strong>lucc</strong></span> <span class='ocrx_word' id='word_1_509' title='bbox 3395 518 3724 585; x_wconf 70' lang='lat' dir='ltr'><strong>nuntiarent,</strong></span> <span class='ocrx_word' id='word_1_510' title='bbox 3750 535 3818 575; x_wconf 82' lang='lat' dir='ltr'><strong>ac</strong></span> 
     </span>
    </p>
   </div>
   <div class='ocr_carea' id='block_1_66' title="bbox 2224 597 3814 679">
    <p class='ocr_par' dir='ltr' id='par_1_66' title="bbox 2224 597 3814 679">
     <span class='ocr_line' id='line_1_66' title="bbox 2224 597 3814 679; baseline 0.01 -28"><span class='ocrx_word' id='word_1_511' title='bbox 2224 597 2465 652; x_wconf 78' lang='lat' dir='ltr'><strong>dicereut</strong></span> <span class='ocrx_word' id='word_1_512' title='bbox 2490 619 2501 653; x_wconf 92' lang='lat'><strong>:</strong></span> <span class='ocrx_word' id='word_1_513' title='bbox 2541 600 2669 655; x_wconf 82' lang='lat' dir='ltr'><strong>Noli</strong></span> <span class='ocrx_word' id='word_1_514' title='bbox 2697 620 2878 657; x_wconf 73' lang='lat' dir='ltr'><strong>vexare</strong></span> <span class='ocrx_word' id='word_1_515' title='bbox 2900 606 3220 675; x_wconf 71' lang='lat' dir='ltr'><strong>magistrum.</strong></span> <span class='ocrx_word' id='word_1_516' title='bbox 3269 607 3380 661; x_wconf 88' lang='lat' dir='ltr'><strong>lloc</strong></span> <span class='ocrx_word' id='word_1_517' title='bbox 3405 619 3459 663; x_wconf 92' lang='lat' dir='ltr'><strong>et</strong></span> <span class='ocrx_word' id='word_1_518' title='bbox 3484 613 3814 679; x_wconf 76' lang='lat' dir='ltr'><strong>evangelista</strong></span> 
     </span>
    </p>
   </div>
   <div class='ocr_carea' id='block_1_67' title="bbox 2220 692 3808 768">
    <p class='ocr_par' dir='ltr' id='par_1_67' title="bbox 2220 692 3808 768">
     <span class='ocr_line' id='line_1_67' title="bbox 2220 692 3808 768; baseline 0.011 -26"><span class='ocrx_word' id='word_1_519' title='bbox 2220 692 2520 748; x_wconf 83' lang='lat' dir='ltr'><strong>subiudieat</strong></span> <span class='ocrx_word' id='word_1_520' title='bbox 2561 695 2789 750; x_wconf 83' lang='lat' dir='ltr'><strong>dicens:</strong></span> <span class='ocrx_word' id='word_1_521' title='bbox 2830 697 3007 750; x_wconf 68' lang='lat' dir='ltr'><strong>Adhuc</strong></span> <span class='ocrx_word' id='word_1_522' title='bbox 3038 716 3094 751; x_wconf 88' lang='lat' dir='ltr'><strong>co</strong></span> <span class='ocrx_word' id='word_1_523' title='bbox 3133 700 3365 768; x_wconf 72' lang='lat' dir='ltr'><strong>loquente</strong></span> <span class='ocrx_word' id='word_1_524' title='bbox 3389 740 3405 763; x_wconf 85' lang='lat'><strong>,</strong></span> <span class='ocrx_word' id='word_1_525' title='bbox 3446 714 3690 757; x_wconf 67' lang='lat' dir='ltr'><strong>uenerunt</strong></span> <span class='ocrx_word' id='word_1_526' title='bbox 3738 707 3808 759; x_wconf 82' lang='lat' dir='ltr'><strong>de</strong></span> 
     </span>
    </p>
   </div>
   <div class='ocr_carea' id='block_1_68' title="bbox 2220 785 3814 858">
    <p class='ocr_par' dir='ltr' id='par_1_68' title="bbox 2220 785 3814 858">
     <span class='ocr_line' id='line_1_68' title="bbox 2220 785 3814 858; baseline 0.009 -22"><span class='ocrx_word' id='word_1_527' title='bbox 2220 785 2368 839; x_wconf 89' lang='lat' dir='ltr'><strong>domo</strong></span> <span class='ocrx_word' id='word_1_528' title='bbox 2403 789 2624 843; x_wconf 75' lang='lat' dir='ltr'><strong>dicentes</strong></span> <span class='ocrx_word' id='word_1_529' title='bbox 2654 806 2673 842; x_wconf 90' lang='lat'><strong><em>:</em></strong></span> <span class='ocrx_word' id='word_1_530' title='bbox 2707 789 2911 843; x_wconf 78' lang='lat' dir='ltr'><strong>Mortua</strong></span> <span class='ocrx_word' id='word_1_531' title='bbox 2943 803 3014 844; x_wconf 78' lang='lat' dir='ltr'><strong>cst</strong></span> <span class='ocrx_word' id='word_1_532' title='bbox 3039 793 3149 858; x_wconf 78' lang='lat' dir='ltr'><strong>[ilia</strong></span> <span class='ocrx_word' id='word_1_533' title='bbox 3192 804 3281 847; x_wconf 77' lang='lat' dir='ltr'><strong>tua</strong></span> <span class='ocrx_word' id='word_1_534' title='bbox 3306 808 3325 846; x_wconf 84' lang='lat'><strong><em>:</em></strong></span> <span class='ocrx_word' id='word_1_535' title='bbox 3347 795 3453 848; x_wconf 85' lang='lat' dir='ltr'><strong>noli</strong></span> <span class='ocrx_word' id='word_1_536' title='bbox 3487 812 3673 853; x_wconf 69' lang='lat' dir='ltr'><strong>vexare</strong></span> <span class='ocrx_word' id='word_1_537' title='bbox 3701 815 3814 851; x_wconf 83' lang='lat' dir='ltr'><strong>nm-</strong></span> 
     </span>
    </p>
   </div>
   <div class='ocr_carea' id='block_1_69' title="bbox 2218 876 3813 952">
    <p class='ocr_par' dir='ltr' id='par_1_69' title="bbox 2218 876 3813 952">
     <span class='ocr_line' id='line_1_69' title="bbox 2218 876 3813 952; baseline 0.009 -25"><span class='ocrx_word' id='word_1_538' title='bbox 2218 876 2448 945; x_wconf 83' lang='lat' dir='ltr'><strong>gistrum.</strong></span> <span class='ocrx_word' id='word_1_539' title='bbox 2482 879 2698 933; x_wconf 77' lang='lat' dir='ltr'><strong>Volebat</strong></span> <span class='ocrx_word' id='word_1_540' title='bbox 2738 882 2882 937; x_wconf 88' lang='lat' dir='ltr'><strong>enim</strong></span> <span class='ocrx_word' id='word_1_541' title='bbox 2912 883 3143 952; x_wconf 75' lang='lat' dir='ltr'><strong>evulgari</strong></span> <span class='ocrx_word' id='word_1_542' title='bbox 3174 893 3228 937; x_wconf 90' lang='lat' dir='ltr'><strong>et</strong></span> <span class='ocrx_word' id='word_1_543' title='bbox 3257 883 3401 938; x_wconf 87' lang='lat' dir='ltr'><strong>credi</strong></span> <span class='ocrx_word' id='word_1_544' title='bbox 3433 897 3661 940; x_wconf 86' lang='lat' dir='ltr'><strong>mortem</strong></span> <span class='ocrx_word' id='word_1_545' title='bbox 3692 930 3707 951; x_wconf 96' lang='lat'><strong>,</strong></span> <span class='ocrx_word' id='word_1_546' title='bbox 3740 904 3813 941; x_wconf 81' lang='lat' dir='ltr'><strong>ne</strong></span> 
     </span>
    </p>
   </div>
   <div class='ocr_carea' id='block_1_70' title="bbox 2220 972 3808 1046">
    <p class='ocr_par' dir='ltr' id='par_1_70' title="bbox 2220 972 3808 1046">
     <span class='ocr_line' id='line_1_70' title="bbox 2220 972 3808 1046; baseline 0.01 -26"><span class='ocrx_word' id='word_1_547' title='bbox 2220 972 2543 1023; x_wconf 85' lang='lat' dir='ltr'><strong>resurrectio</strong></span> <span class='ocrx_word' id='word_1_548' title='bbox 2587 982 2840 1040; x_wconf 84' lang='lat' dir='ltr'><strong>suspecta</strong></span> <span class='ocrx_word' id='word_1_549' title='bbox 2874 985 3033 1027; x_wconf 80' lang='lat' dir='ltr'><strong>esset.</strong></span> <span class='ocrx_word' id='word_1_550' title='bbox 3083 975 3149 1027; x_wconf 75' lang='lat' dir='ltr'><strong>Et</strong></span> <span class='ocrx_word' id='word_1_551' title='bbox 3181 974 3279 1028; x_wconf 82' lang='lat' dir='ltr'><strong>hoc</strong></span> <span class='ocrx_word' id='word_1_552' title='bbox 3308 978 3504 1046; x_wconf 84' lang='lat' dir='ltr'><strong>ubique</strong></span> <span class='ocrx_word' id='word_1_553' title='bbox 3533 978 3681 1035; x_wconf 81' lang='lat' dir='ltr'><strong>l‘arit.</strong></span> <span class='ocrx_word' id='word_1_554' title='bbox 3712 981 3808 1035; x_wconf 83' lang='lat' dir='ltr'><strong>Sic</strong></span> 
     </span>
    </p>
   </div>
   <div class='ocr_carea' id='block_1_71' title="bbox 2216 1058 3805 1133">
    <p class='ocr_par' dir='ltr' id='par_1_71' title="bbox 2216 1058 3805 1133">
     <span class='ocr_line' id='line_1_71' title="bbox 2216 1058 3805 1133; baseline 0.012 -24"><span class='ocrx_word' id='word_1_555' title='bbox 2216 1068 2270 1110; x_wconf 89' lang='lat' dir='ltr'><strong>et</strong></span> <span class='ocrx_word' id='word_1_556' title='bbox 2301 1058 2350 1110; x_wconf 92' lang='lat' dir='ltr'><strong>in</strong></span> <span class='ocrx_word' id='word_1_557' title='bbox 2383 1071 2554 1113; x_wconf 86' lang='lat' dir='ltr'><strong>morte</strong></span> <span class='ocrx_word' id='word_1_558' title='bbox 2607 1062 2788 1115; x_wconf 82' lang='lat' dir='ltr'><strong>Lazari</strong></span> <span class='ocrx_word' id='word_1_559' title='bbox 2820 1105 2835 1125; x_wconf 91' lang='lat'><strong>,</strong></span> <span class='ocrx_word' id='word_1_560' title='bbox 2892 1076 3011 1133; x_wconf 83' lang='lat' dir='ltr'><strong>post</strong></span> <span class='ocrx_word' id='word_1_561' title='bbox 3060 1065 3283 1133; x_wconf 80' lang='lat' dir='ltr'><strong>primam</strong></span> <span class='ocrx_word' id='word_1_562' title='bbox 3306 1109 3322 1131; x_wconf 93' lang='lat'><strong>,</strong></span> <span class='ocrx_word' id='word_1_563' title='bbox 3367 1071 3569 1122; x_wconf 80' lang='lat' dir='ltr'><strong>second</strong></span> <span class='ocrx_word' id='word_1_564' title='bbox 3590 1088 3665 1123; x_wconf 76' lang='grc' dir='ltr'>ιιιι</span> <span class='ocrx_word' id='word_1_565' title='bbox 3694 1083 3805 1127; x_wconf 81' lang='lat' dir='ltr'><strong>ter-</strong></span> 
     </span>
    </p>
   </div>
   <div class='ocr_carea' id='block_1_72' title="bbox 2220 1149 3804 1226">
    <p class='ocr_par' dir='ltr' id='par_1_72' title="bbox 2220 1149 3804 1226">
     <span class='ocr_line' id='line_1_72' title="bbox 2220 1149 3804 1226; baseline 0.011 -26"><span class='ocrx_word' id='word_1_566' title='bbox 2220 1149 2451 1219; x_wconf 88' lang='lat' dir='ltr'><strong>tiantque</strong></span> <span class='ocrx_word' id='word_1_567' title='bbox 2492 1152 2631 1206; x_wconf 87' lang='lat' dir='ltr'><strong>diem</strong></span> <span class='ocrx_word' id='word_1_568' title='bbox 2679 1158 2924 1210; x_wconf 74' lang='lat' dir='ltr'><strong>acressit.</strong></span> <span class='ocrx_word' id='word_1_569' title='bbox 2988 1157 3217 1226; x_wconf 84' lang='lat' dir='ltr'><strong>Ideoque</strong></span> <span class='ocrx_word' id='word_1_570' title='bbox 3268 1160 3414 1213; x_wconf 73' lang='lat' dir='ltr'><strong>illum</strong></span> <span class='ocrx_word' id='word_1_571' title='bbox 3468 1162 3521 1214; x_wconf 84' lang='lat' dir='ltr'><strong>in</strong></span> <span class='ocrx_word' id='word_1_572' title='bbox 3565 1164 3804 1219; x_wconf 83' lang='lat' dir='ltr'><strong>mediqu</strong></span> 
     </span>
    </p>
   </div>
   <div class='ocr_carea' id='block_1_73' title="bbox 2214 1242 3805 1325">
    <p class='ocr_par' dir='ltr' id='par_1_73' title="bbox 2214 1242 3805 1325">
     <span class='ocr_line' id='line_1_73' title="bbox 2214 1242 3805 1325; baseline 0.01 -31"><span class='ocrx_word' id='word_1_573' title='bbox 2214 1242 2431 1297; x_wconf 73' lang='lat' dir='ltr'><strong>adducit,</strong></span> <span class='ocrx_word' id='word_1_574' title='bbox 2456 1254 2507 1299; x_wconf 91' lang='lat' dir='ltr'><strong>et</strong></span> <span class='ocrx_word' id='word_1_575' title='bbox 2534 1246 2607 1298; x_wconf 87' lang='lat' dir='ltr'><strong>ait</strong></span> <span class='ocrx_word' id='word_1_576' title='bbox 2642 1263 2653 1298; x_wconf 91' lang='lat'>:</span> <span class='ocrx_word' id='word_1_577' title='bbox 2681 1246 2769 1303; x_wconf 62' lang='lat'><strong>2‘2.</strong></span> <span class='ocrx_word' id='word_1_578' title='bbox 2804 1248 3034 1315; x_wconf 67' lang='lat' dir='ltr'><strong>Conﬁdo,</strong></span> <span class='ocrx_word' id='word_1_579' title='bbox 3069 1250 3177 1316; x_wconf 74' lang='lat' dir='ltr'><strong>ﬁlia</strong></span> <span class='ocrx_word' id='word_1_580' title='bbox 3202 1265 3219 1311; x_wconf 89' lang='lat'><strong><em>;</em></strong></span> <span class='ocrx_word' id='word_1_581' title='bbox 3247 1251 3382 1305; x_wconf 87' lang='lat' dir='ltr'><strong>sicut</strong></span> <span class='ocrx_word' id='word_1_582' title='bbox 3414 1262 3465 1305; x_wconf 91' lang='lat' dir='ltr'><strong>et</strong></span> <span class='ocrx_word' id='word_1_583' title='bbox 3511 1257 3805 1325; x_wconf 78' lang='lat' dir='ltr'><strong>paralytieo</strong></span> 
     </span>
    </p>
   </div>
   <div class='ocr_carea' id='block_1_74' title="bbox 2213 1332 3802 1417">
    <p class='ocr_par' dir='ltr' id='par_1_74' title="bbox 2213 1332 3802 1417">
     <span class='ocr_line' id='line_1_74' title="bbox 2213 1332 3802 1417; baseline 0.009 -32"><span class='ocrx_word' id='word_1_584' title='bbox 2213 1332 2444 1396; x_wconf 80' lang='lat' dir='ltr'><strong>dicebat,</strong></span> <span class='ocrx_word' id='word_1_585' title='bbox 2470 1334 2700 1403; x_wconf 80' lang='lat' dir='ltr'><strong>Couﬁde,</strong></span> <span class='ocrx_word' id='word_1_586' title='bbox 2727 1339 2798 1405; x_wconf 64' lang='lat' dir='ltr'><strong>{ili</strong></span> <span class='ocrx_word' id='word_1_587' title='bbox 2821 1338 3033 1405; x_wconf 61' lang='lat' dir='ltr'><strong>(Mutila.</strong></span> <span class='ocrx_word' id='word_1_588' title='bbox 3053 1342 3102 1392; x_wconf 83' lang='lat' dir='ltr'><strong>‘J.</strong></span> <span class='ocrx_word' id='word_1_589' title='bbox 3125 1341 3581 1407; x_wconf 73' lang='lat' dir='ltr'><strong>:2).Formidolosa</strong></span> <span class='ocrx_word' id='word_1_590' title='bbox 3604 1348 3802 1417; x_wconf 81' lang='lat' dir='ltr'><strong>quippe</strong></span> 
     </span>
    </p>
   </div>
   <div class='ocr_carea' id='block_1_75' title="bbox 2214 1418 3797 1500">
    <p class='ocr_par' dir='ltr' id='par_1_75' title="bbox 2214 1418 3797 1500">
     <span class='ocr_line' id='line_1_75' title="bbox 2214 1418 3797 1500; baseline 0.011 -23"><span class='ocrx_word' id='word_1_591' title='bbox 2214 1428 2400 1479; x_wconf 87' lang='lat' dir='ltr'><strong>mulier</strong></span> <span class='ocrx_word' id='word_1_592' title='bbox 2426 1437 2542 1481; x_wconf 83' lang='lat' dir='ltr'><strong>erat</strong></span> <span class='ocrx_word' id='word_1_593' title='bbox 2561 1471 2574 1490; x_wconf 88' lang='lat'><strong>,</strong></span> <span class='ocrx_word' id='word_1_594' title='bbox 2609 1430 2835 1499; x_wconf 74' lang='lat' dir='ltr'><strong>ideoque</strong></span> <span class='ocrx_word' id='word_1_595' title='bbox 2864 1431 3012 1496; x_wconf 89' lang='lat' dir='ltr'><strong>dicit,</strong></span> <span class='ocrx_word' id='word_1_596' title='bbox 3048 1432 3277 1500; x_wconf 77' lang='lat' dir='ltr'><strong>Conﬁdc,</strong></span> <span class='ocrx_word' id='word_1_597' title='bbox 3306 1444 3361 1489; x_wconf 88' lang='lat' dir='ltr'><strong>et</strong></span> <span class='ocrx_word' id='word_1_598' title='bbox 3416 1418 3577 1491; x_wconf 74' lang='lat' dir='ltr'><strong>liliatit</strong></span> <span class='ocrx_word' id='word_1_599' title='bbox 3607 1453 3797 1495; x_wconf 69' lang='lat' dir='ltr'><strong>Vocat:</strong></span> 
     </span>
    </p>
   </div>
   <div class='ocr_carea' id='block_1_76' title="bbox 2214 1518 3798 1589">
    <p class='ocr_par' dir='ltr' id='par_1_76' title="bbox 2214 1518 3798 1589">
     <span class='ocr_line' id='line_1_76' title="bbox 2214 1518 3798 1589; baseline 0.013 -21"><span class='ocrx_word' id='word_1_600' title='bbox 2214 1532 2333 1569; x_wconf 87' lang='lat' dir='ltr'><strong>nam</strong></span> <span class='ocrx_word' id='word_1_601' title='bbox 2368 1518 2496 1572; x_wconf 79' lang='lat' dir='ltr'><strong>ﬁdes</strong></span> <span class='ocrx_word' id='word_1_602' title='bbox 2548 1521 2688 1574; x_wconf 87' lang='lat' dir='ltr'><strong>illaut</strong></span> <span class='ocrx_word' id='word_1_603' title='bbox 2745 1522 2904 1575; x_wconf 70' lang='lat' dir='ltr'><strong>tiliam</strong></span> <span class='ocrx_word' id='word_1_604' title='bbox 2963 1524 3260 1589; x_wconf 76' lang='lat' dir='ltr'><strong>ell&#39;eeerat;</strong></span> <span class='ocrx_word' id='word_1_605' title='bbox 3317 1529 3439 1583; x_wconf 83' lang='lat' dir='ltr'><strong>ltit:c</strong></span> <span class='ocrx_word' id='word_1_606' title='bbox 3484 1530 3532 1582; x_wconf 88' lang='lat' dir='ltr'><strong>itt</strong></span> <span class='ocrx_word' id='word_1_607' title='bbox 3586 1532 3798 1589; x_wconf 78' lang='lat' dir='ltr'><strong>laudem</strong></span> 
     </span>
    </p>
   </div>
   <div class='ocr_carea' id='block_1_77' title="bbox 2211 1609 3795 1691">
    <p class='ocr_par' dir='ltr' id='par_1_77' title="bbox 2211 1609 3795 1691">
     <span class='ocr_line' id='line_1_77' title="bbox 2211 1609 3795 1691; baseline 0.013 -33"><span class='ocrx_word' id='word_1_608' title='bbox 2211 1609 2329 1677; x_wconf 84' lang='lat' dir='ltr'><strong>ejus</strong></span> <span class='ocrx_word' id='word_1_609' title='bbox 2347 1610 2475 1663; x_wconf 88' lang='lat' dir='ltr'><strong>dicit</strong></span> <span class='ocrx_word' id='word_1_610' title='bbox 2502 1629 2512 1663; x_wconf 95' lang='lat'>:</span> <span class='ocrx_word' id='word_1_611' title='bbox 2548 1611 2699 1665; x_wconf 73' lang='lat' dir='ltr'><strong>Fides</strong></span> <span class='ocrx_word' id='word_1_612' title='bbox 2724 1624 2811 1667; x_wconf 85' lang='lat' dir='ltr'><strong>tua</strong></span> <span class='ocrx_word' id='word_1_613' title='bbox 2836 1625 2880 1667; x_wconf 81' lang='lat' dir='ltr'><strong>te</strong></span> <span class='ocrx_word' id='word_1_614' title='bbox 2902 1616 3094 1668; x_wconf 79' lang='lat' dir='ltr'><strong>salvam</strong></span> <span class='ocrx_word' id='word_1_615' title='bbox 3122 1618 3258 1685; x_wconf 79' lang='lat' dir='ltr'><strong>fecit.</strong></span> <span class='ocrx_word' id='word_1_616' title='bbox 3292 1619 3459 1674; x_wconf 85' lang='lat' dir='ltr'><strong>Lucas</strong></span> <span class='ocrx_word' id='word_1_617' title='bbox 3484 1638 3610 1676; x_wconf 80' lang='lat' dir='ltr'><strong>vero</strong></span> <span class='ocrx_word' id='word_1_618' title='bbox 3645 1626 3795 1691; x_wconf 81' lang='lat' dir='ltr'><strong>plura</strong></span> 
     </span>
    </p>
   </div>
   <div class='ocr_carea' id='block_1_78' title="bbox 2211 1703 3792 1783">
    <p class='ocr_par' dir='ltr' id='par_1_78' title="bbox 2211 1703 3792 1783">
     <span class='ocr_line' id='line_1_78' title="bbox 2211 1703 3792 1783; baseline 0.011 -31"><span class='ocrx_word' id='word_1_619' title='bbox 2211 1703 2309 1752; x_wconf 84' lang='lat' dir='ltr'><strong>alia</strong></span> <span class='ocrx_word' id='word_1_620' title='bbox 2336 1704 2490 1756; x_wconf 87' lang='lat' dir='ltr'><strong>nobis</strong></span> <span class='ocrx_word' id='word_1_621' title='bbox 2520 1705 2586 1759; x_wconf 85' lang='lat' dir='ltr'><strong>dc</strong></span> <span class='ocrx_word' id='word_1_622' title='bbox 2620 1707 2840 1760; x_wconf 86' lang='lat' dir='ltr'><strong>muliere</strong></span> <span class='ocrx_word' id='word_1_623' title='bbox 2880 1720 3080 1763; x_wconf 88' lang='lat' dir='ltr'><strong>narrat.</strong></span> <span class='ocrx_word' id='word_1_624' title='bbox 3112 1710 3245 1764; x_wconf 86' lang='lat' dir='ltr'><strong>Cum</strong></span> <span class='ocrx_word' id='word_1_625' title='bbox 3273 1713 3419 1766; x_wconf 88' lang='lat' dir='ltr'><strong>enim</strong></span> <span class='ocrx_word' id='word_1_626' title='bbox 3450 1717 3792 1783; x_wconf 58' lang='lat' dir='ltr'><strong>aet-.essiSF-ct,</strong></span> 
     </span>
    </p>
   </div>
   <div class='ocr_carea' id='block_1_79' title="bbox 2212 1793 3787 1863">
    <p class='ocr_par' dir='ltr' id='par_1_79' title="bbox 2212 1793 3787 1863">
     <span class='ocr_line' id='line_1_79' title="bbox 2212 1793 3787 1863; baseline 0.011 -18"><span class='ocrx_word' id='word_1_627' title='bbox 2212 1793 2401 1862; x_wconf 81' lang='lat' dir='ltr'><strong>inquit,</strong></span> <span class='ocrx_word' id='word_1_628' title='bbox 2435 1807 2482 1849; x_wconf 88' lang='lat' dir='ltr'><strong>ct</strong></span> <span class='ocrx_word' id='word_1_629' title='bbox 2508 1809 2687 1849; x_wconf 86' lang='lat' dir='ltr'><strong>curata</strong></span> <span class='ocrx_word' id='word_1_630' title='bbox 2722 1799 2903 1852; x_wconf 77' lang='lat' dir='ltr'><strong>luisset</strong></span> <span class='ocrx_word' id='word_1_631' title='bbox 2928 1841 2943 1863; x_wconf 94' lang='lat'><strong>,</strong></span> <span class='ocrx_word' id='word_1_632' title='bbox 2995 1816 3099 1855; x_wconf 86' lang='lat' dir='ltr'><strong>non</strong></span> <span class='ocrx_word' id='word_1_633' title='bbox 3149 1805 3326 1858; x_wconf 87' lang='lat' dir='ltr'><strong>statim</strong></span> <span class='ocrx_word' id='word_1_634' title='bbox 3354 1805 3499 1859; x_wconf 83' lang='lat' dir='ltr'><strong>illam</strong></span> <span class='ocrx_word' id='word_1_635' title='bbox 3537 1808 3787 1862; x_wconf 69' lang='lat' dir='ltr'><strong>Christus</strong></span> 
     </span>
    </p>
   </div>
   <div class='ocr_carea' id='block_1_80' title="bbox 2210 1885 3795 1964">
    <p class='ocr_par' dir='ltr' id='par_1_80' title="bbox 2210 1885 3795 1964">
     <span class='ocr_line' id='line_1_80' title="bbox 2210 1885 3795 1964; baseline 0.012 -29"><span class='ocrx_word' id='word_1_636' title='bbox 2210 1885 2437 1949; x_wconf 81' lang='lat' dir='ltr'><strong>vocavit,</strong></span> <span class='ocrx_word' id='word_1_637' title='bbox 2463 1887 2554 1940; x_wconf 86' lang='lat' dir='ltr'><strong>sed</strong></span> <span class='ocrx_word' id='word_1_638' title='bbox 2585 1889 2728 1954; x_wconf 80' lang='lat' dir='ltr'><strong>prius</strong></span> <span class='ocrx_word' id='word_1_639' title='bbox 2757 1890 2889 1943; x_wconf 76' lang='lat' dir='ltr'><strong>dixit</strong></span> <span class='ocrx_word' id='word_1_640' title='bbox 2916 1909 2926 1941; x_wconf 92' lang='lat'>:</span> <span class='ocrx_word' id='word_1_641' title='bbox 2949 1892 3071 1955; x_wconf 78' lang='lat' dir='ltr'><strong>Quis</strong></span> <span class='ocrx_word' id='word_1_642' title='bbox 3090 1910 3166 1946; x_wconf 86' lang='lat' dir='ltr'><strong>me</strong></span> <span class='ocrx_word' id='word_1_643' title='bbox 3191 1895 3391 1964; x_wconf 75' lang='lat' dir='ltr'><strong>tetigit?</strong></span> <span class='ocrx_word' id='word_1_644' title='bbox 3418 1898 3616 1951; x_wconf 79' lang='lat' dir='ltr'><strong>Deinde</strong></span> <span class='ocrx_word' id='word_1_645' title='bbox 3637 1900 3795 1954; x_wconf 79' lang='lat' dir='ltr'><strong>Petro</strong></span> 
     </span>
    </p>
   </div>
   <div class='ocr_carea' id='block_1_81' title="bbox 2208 1978 3795 2060">
    <p class='ocr_par' dir='ltr' id='par_1_81' title="bbox 2208 1978 3795 2060">
     <span class='ocr_line' id='line_1_81' title="bbox 2208 1978 3795 2060; baseline 0.011 -31"><span class='ocrx_word' id='word_1_646' title='bbox 2208 1987 2262 2030; x_wconf 86' lang='lat' dir='ltr'><strong>et</strong></span> <span class='ocrx_word' id='word_1_647' title='bbox 2291 1978 2408 2031; x_wconf 84' lang='lat' dir='ltr'><strong>aliis</strong></span> <span class='ocrx_word' id='word_1_648' title='bbox 2434 1979 2737 2034; x_wconf 78' lang='lat' dir='ltr'><strong>dice:.tilms</strong></span> <span class='ocrx_word' id='word_1_649' title='bbox 2770 1999 2780 2033; x_wconf 92' lang='lat'><strong>:</strong></span> <span class='ocrx_word' id='word_1_650' title='bbox 2824 1982 3136 2053; x_wconf 77' lang='lat' dir='ltr'><strong>Pt&#39;tt’t‘t’ptut‘,</strong></span> <span class='ocrx_word' id='word_1_651' title='bbox 3176 1987 3333 2041; x_wconf 64' lang='lat' dir='ltr'><strong>turba!</strong></span> <span class='ocrx_word' id='word_1_652' title='bbox 3360 1999 3407 2039; x_wconf 75' lang='lat' dir='ltr'><strong>te</strong></span> <span class='ocrx_word' id='word_1_653' title='bbox 3445 1992 3795 2060; x_wconf 72' lang='lat' dir='ltr'><strong>constringunt</strong></span> 
     </span>
    </p>
   </div>
   <div class='ocr_carea' id='block_1_82' title="bbox 2207 2072 3796 2149">
    <p class='ocr_par' dir='ltr' id='par_1_82' title="bbox 2207 2072 3796 2149">
     <span class='ocr_line' id='line_1_82' title="bbox 2207 2072 3796 2149; baseline 0.01 -29"><span class='ocrx_word' id='word_1_654' title='bbox 2207 2078 2254 2120; x_wconf 76' lang='lat' dir='ltr'><strong>et</strong></span> <span class='ocrx_word' id='word_1_655' title='bbox 2284 2072 2623 2139; x_wconf 81' lang='lat' dir='ltr'><strong>comprimunt</strong></span> <span class='ocrx_word' id='word_1_656' title='bbox 2650 2112 2664 2133; x_wconf 94' lang='lat'><strong>,</strong></span> <span class='ocrx_word' id='word_1_657' title='bbox 2698 2082 2744 2125; x_wconf 85' lang='lat' dir='ltr'><strong>et</strong></span> <span class='ocrx_word' id='word_1_658' title='bbox 2772 2073 2916 2137; x_wconf 63' lang='lat' dir='ltr'><strong>dicit,</strong></span> <span class='ocrx_word' id='word_1_659' title='bbox 2951 2074 3074 2140; x_wconf 73' lang='lat' dir='ltr'><strong>Quis</strong></span> <span class='ocrx_word' id='word_1_660' title='bbox 3102 2093 3177 2127; x_wconf 82' lang='lat' dir='ltr'><strong>me</strong></span> <span class='ocrx_word' id='word_1_661' title='bbox 3203 2078 3358 2145; x_wconf 82' lang='lat' dir='ltr'><strong>tetigit</strong></span> <span class='ocrx_word' id='word_1_662' title='bbox 3393 2077 3541 2149; x_wconf 86' lang='lat' dir='ltr'><strong>(Luc.</strong></span> <span class='ocrx_word' id='word_1_663' title='bbox 3573 2082 3624 2134; x_wconf 90' lang='lat'><strong>8.</strong></span> <span class='ocrx_word' id='word_1_664' title='bbox 3654 2083 3796 2149; x_wconf 60' lang='lat'><strong>45)?</strong></span> 
     </span>
    </p>
   </div>
   <div class='ocr_carea' id='block_1_83' title="bbox 2207 2158 3795 2234">
    <p class='ocr_par' dir='ltr' id='par_1_83' title="bbox 2207 2158 3795 2234">
     <span class='ocr_line' id='line_1_83' title="bbox 2207 2158 3795 2234; baseline 0.011 -24"><span class='ocrx_word' id='word_1_665' title='bbox 2207 2158 2347 2225; x_wconf 88' lang='lat' dir='ltr'><strong>quod</strong></span> <span class='ocrx_word' id='word_1_666' title='bbox 2402 2162 2687 2215; x_wconf 77' lang='lat' dir='ltr'><strong>maximum</strong></span> <span class='ocrx_word' id='word_1_667' title='bbox 2739 2163 2949 2232; x_wconf 84' lang='lat' dir='ltr'><strong>signum</strong></span> <span class='ocrx_word' id='word_1_668' title='bbox 3005 2175 3159 2230; x_wconf 88' lang='lat' dir='ltr'><strong>erat,</strong></span> <span class='ocrx_word' id='word_1_669' title='bbox 3215 2167 3384 2234; x_wconf 87' lang='lat' dir='ltr'><strong>ipsum</strong></span> <span class='ocrx_word' id='word_1_670' title='bbox 3448 2184 3608 2224; x_wconf 86' lang='lat' dir='ltr'><strong>carne</strong></span> <span class='ocrx_word' id='word_1_671' title='bbox 3669 2186 3795 2227; x_wconf 77' lang='lat' dir='ltr'><strong>vere</strong></span> 
     </span>
    </p>
   </div>
   <div class='ocr_carea' id='block_1_84' title="bbox 2205 2250 3791 2319">
    <p class='ocr_par' dir='ltr' id='par_1_84' title="bbox 2205 2250 3791 2319">
     <span class='ocr_line' id='line_1_84' title="bbox 2205 2250 3791 2319; baseline 0.007 -14"><span class='ocrx_word' id='word_1_672' title='bbox 2205 2250 2586 2305; x_wconf 64' lang='lat' dir='ltr'><strong>circumdatum</strong></span> <span class='ocrx_word' id='word_1_673' title='bbox 2640 2253 2834 2319; x_wconf 80' lang='lat' dir='ltr'><strong>fuisse,</strong></span> <span class='ocrx_word' id='word_1_674' title='bbox 2892 2265 2945 2309; x_wconf 89' lang='lat' dir='ltr'><strong>et</strong></span> <span class='ocrx_word' id='word_1_675' title='bbox 3006 2255 3197 2310; x_wconf 69' lang='lat' dir='ltr'><strong>fastum</strong></span> <span class='ocrx_word' id='word_1_676' title='bbox 3244 2276 3456 2314; x_wconf 65' lang='lat' dir='ltr'><strong>onmem</strong></span> <span class='ocrx_word' id='word_1_677' title='bbox 3504 2262 3791 2316; x_wconf 81' lang='lat' dir='ltr'><strong>calcasse:</strong></span> 
     </span>
    </p>
   </div>
   <div class='ocr_carea' id='block_1_85' title="bbox 2208 2343 3793 2420">
    <p class='ocr_par' dir='ltr' id='par_1_85' title="bbox 2208 2343 3793 2420">
     <span class='ocr_line' id='line_1_85' title="bbox 2208 2343 3793 2420; baseline 0.011 -29"><span class='ocrx_word' id='word_1_678' title='bbox 2208 2355 2376 2408; x_wconf 86' lang='lat' dir='ltr'><strong>neque</strong></span> <span class='ocrx_word' id='word_1_679' title='bbox 2404 2343 2547 2395; x_wconf 89' lang='lat' dir='ltr'><strong>enim</strong></span> <span class='ocrx_word' id='word_1_680' title='bbox 2578 2344 2761 2411; x_wconf 88' lang='lat' dir='ltr'><strong>procul</strong></span> <span class='ocrx_word' id='word_1_681' title='bbox 2804 2347 3184 2414; x_wconf 85' lang='lat' dir='ltr'><strong>sequebantur,</strong></span> <span class='ocrx_word' id='word_1_682' title='bbox 3238 2350 3331 2403; x_wconf 89' lang='lat' dir='ltr'><strong>sed</strong></span> <span class='ocrx_word' id='word_1_683' title='bbox 3365 2352 3595 2420; x_wconf 81' lang='lat' dir='ltr'><strong>undique</strong></span> <span class='ocrx_word' id='word_1_684' title='bbox 3640 2369 3793 2408; x_wconf 85' lang='lat' dir='ltr'><strong>cotu-</strong></span> 
     </span>
    </p>
   </div>
   <div class='ocr_carea' id='block_1_86' title="bbox 2207 2432 3790 2516">
    <p class='ocr_par' dir='ltr' id='par_1_86' title="bbox 2207 2432 3790 2516">
     <span class='ocr_line' id='line_1_86' title="bbox 2207 2432 3790 2516; baseline 0.009 -33"><span class='ocrx_word' id='word_1_685' title='bbox 2207 2432 2527 2500; x_wconf 87' lang='lat' dir='ltr'><strong>primebant;</strong></span> <span class='ocrx_word' id='word_1_686' title='bbox 2563 2435 2652 2487; x_wconf 83' lang='lat' dir='ltr'><strong>ille</strong></span> <span class='ocrx_word' id='word_1_687' title='bbox 2684 2452 2830 2497; x_wconf 69' lang='grc' dir='ltr'><strong>γυνθ,</strong></span> <span class='ocrx_word' id='word_1_688' title='bbox 2865 2438 3052 2506; x_wconf 88' lang='lat' dir='ltr'><strong>inquit,</strong></span> <span class='ocrx_word' id='word_1_689' title='bbox 3083 2439 3260 2493; x_wconf 71' lang='lat' dir='ltr'><strong>dicere</strong></span> <span class='ocrx_word' id='word_1_690' title='bbox 3292 2444 3524 2508; x_wconf 68' lang='lat' dir='ltr'><strong>perstitit</strong></span> <span class='ocrx_word' id='word_1_691' title='bbox 3551 2460 3563 2496; x_wconf 90' lang='lat'><strong>:</strong></span> <span class='ocrx_word' id='word_1_692' title='bbox 3601 2444 3790 2516; x_wconf 76' lang='lat' dir='ltr'><strong>Tetigit</strong></span> 
     </span>
    </p>
   </div>
   <div class='ocr_carea' id='block_1_87' title="bbox 2204 2523 3785 2595">
    <p class='ocr_par' dir='ltr' id='par_1_87' title="bbox 2204 2523 3785 2595">
     <span class='ocr_line' id='line_1_87' title="bbox 2204 2523 3785 2595; baseline 0.013 -24"><span class='ocrx_word' id='word_1_693' title='bbox 2204 2540 2281 2575; x_wconf 85' lang='lat' dir='ltr'><strong>me</strong></span> <span class='ocrx_word' id='word_1_694' title='bbox 2297 2523 2479 2591; x_wconf 72' lang='lat' dir='ltr'><strong>aliquis</strong></span> <span class='ocrx_word' id='word_1_695' title='bbox 2506 2541 2523 2579; x_wconf 84' lang='lat'><strong>.&#39;</strong></span> <span class='ocrx_word' id='word_1_696' title='bbox 2549 2527 2664 2578; x_wconf 83' lang='lat' dir='ltr'><strong>novi</strong></span> <span class='ocrx_word' id='word_1_697' title='bbox 2684 2528 2813 2580; x_wconf 87' lang='lat' dir='ltr'><strong>enim</strong></span> <span class='ocrx_word' id='word_1_698' title='bbox 2840 2530 3069 2582; x_wconf 80' lang='lat' dir='ltr'><strong>virtutem</strong></span> <span class='ocrx_word' id='word_1_699' title='bbox 3097 2546 3157 2583; x_wconf 66' lang='lat' dir='ltr'><strong>ex</strong></span> <span class='ocrx_word' id='word_1_700' title='bbox 3194 2547 3269 2583; x_wconf 89' lang='lat' dir='ltr'><strong>me</strong></span> <span class='ocrx_word' id='word_1_701' title='bbox 3298 2532 3507 2586; x_wconf 71' lang='lat' dir='ltr'><strong>eririsse</strong></span> <span class='ocrx_word' id='word_1_702' title='bbox 3532 2532 3694 2595; x_wconf 78' lang='lat' dir='ltr'><strong>(Ibid.</strong></span> <span class='ocrx_word' id='word_1_703' title='bbox 3737 2553 3785 2590; x_wconf 72' lang='grc' dir='ltr'>ιι.</span> 
     </span>
    </p>
   </div>
   <div class='ocr_carea' id='block_1_88' title="bbox 2203 2614 3791 2694">
    <p class='ocr_par' dir='ltr' id='par_1_88' title="bbox 2203 2614 3791 2694">
     <span class='ocr_line' id='line_1_88' title="bbox 2203 2614 3791 2694; baseline 0.011 -29"><span class='ocrx_word' id='word_1_704' title='bbox 2203 2614 2330 2679; x_wconf 71' lang='lat' dir='ltr'><strong>dli);</strong></span> <span class='ocrx_word' id='word_1_705' title='bbox 2362 2615 2631 2670; x_wconf 81' lang='lat' dir='ltr'><strong>rudiorem</strong></span> <span class='ocrx_word' id='word_1_706' title='bbox 2671 2619 3073 2687; x_wconf 76' lang='lat' dir='ltr'><strong>responsionem</strong></span> <span class='ocrx_word' id='word_1_707' title='bbox 3102 2637 3195 2687; x_wconf 87' lang='lat' dir='ltr'><strong>pro</strong></span> <span class='ocrx_word' id='word_1_708' title='bbox 3216 2623 3517 2677; x_wconf 87' lang='lat' dir='ltr'><strong>auditormn</strong></span> <span class='ocrx_word' id='word_1_709' title='bbox 3552 2638 3706 2694; x_wconf 83' lang='lat' dir='ltr'><strong>captu</strong></span> <span class='ocrx_word' id='word_1_710' title='bbox 3735 2638 3791 2682; x_wconf 85' lang='lat' dir='ltr'><strong>et</strong></span> 
     </span>
    </p>
   </div>
   <div class='ocr_carea' id='block_1_89' title="bbox 2202 2708 3789 2781">
    <p class='ocr_par' dir='ltr' id='par_1_89' title="bbox 2202 2708 3789 2781">
     <span class='ocr_line' id='line_1_89' title="bbox 2202 2708 3789 2781; baseline 0.013 -25"><span class='ocrx_word' id='word_1_711' title='bbox 2202 2708 2451 2775; x_wconf 79' lang='lat' dir='ltr'><strong>opinione</strong></span> <span class='ocrx_word' id='word_1_712' title='bbox 2480 2710 2825 2764; x_wconf 85' lang='lat' dir='ltr'><strong>eottcinnans.</strong></span> <span class='ocrx_word' id='word_1_713' title='bbox 2860 2712 2983 2765; x_wconf 67' lang='lat' dir='ltr'><strong>llwc</strong></span> <span class='ocrx_word' id='word_1_714' title='bbox 3027 2725 3204 2769; x_wconf 84' lang='lat' dir='ltr'><strong>autem</strong></span> <span class='ocrx_word' id='word_1_715' title='bbox 3236 2716 3448 2769; x_wconf 83' lang='lat' dir='ltr'><strong>dicebat</strong></span> <span class='ocrx_word' id='word_1_716' title='bbox 3478 2759 3492 2781; x_wconf 88' lang='lat'><strong>,</strong></span> <span class='ocrx_word' id='word_1_717' title='bbox 3549 2729 3603 2773; x_wconf 91' lang='lat' dir='ltr'><strong>ut</strong></span> <span class='ocrx_word' id='word_1_718' title='bbox 3643 2722 3789 2777; x_wconf 83' lang='lat' dir='ltr'><strong>illaut</strong></span> 
     </span>
    </p>
   </div>
   <div class='ocr_carea' id='block_1_90' title="bbox 2201 2799 3788 2877">
    <p class='ocr_par' dir='ltr' id='par_1_90' title="bbox 2201 2799 3788 2877">
     <span class='ocr_line' id='line_1_90' title="bbox 2201 2799 3788 2877; baseline 0.01 -25"><span class='ocrx_word' id='word_1_719' title='bbox 2201 2799 2265 2852; x_wconf 88' lang='lat' dir='ltr'><strong>ad</strong></span> <span class='ocrx_word' id='word_1_720' title='bbox 2294 2802 2655 2856; x_wconf 73' lang='lat' dir='ltr'><strong>confitendum</strong></span> <span class='ocrx_word' id='word_1_721' title='bbox 2691 2803 2985 2858; x_wconf 88' lang='lat' dir='ltr'><strong>induceret.</strong></span> <span class='ocrx_word' id='word_1_722' title='bbox 3023 2806 3247 2877; x_wconf 81' lang='lat' dir='ltr'><strong>Ideoque</strong></span> <span class='ocrx_word' id='word_1_723' title='bbox 3277 2826 3380 2861; x_wconf 90' lang='lat' dir='ltr'><strong>nott</strong></span> <span class='ocrx_word' id='word_1_724' title='bbox 3405 2813 3586 2866; x_wconf 84' lang='lat' dir='ltr'><strong>statim</strong></span> <span class='ocrx_word' id='word_1_725' title='bbox 3642 2815 3788 2868; x_wconf 89' lang='lat' dir='ltr'><strong>illam</strong></span> 
     </span>
    </p>
   </div>
   <div class='ocr_carea' id='block_1_91' title="bbox 2201 2894 3790 2969">
    <p class='ocr_par' dir='ltr' id='par_1_91' title="bbox 2201 2894 3790 2969">
     <span class='ocr_line' id='line_1_91' title="bbox 2201 2894 3790 2969; baseline 0.009 -25"><span class='ocrx_word' id='word_1_726' title='bbox 2201 2894 2503 2961; x_wconf 71' lang='lat' dir='ltr'><strong>at‘gttit,quo</strong></span> <span class='ocrx_word' id='word_1_727' title='bbox 2523 2895 2832 2963; x_wconf 84' lang='lat' dir='ltr'><strong>ostendens,</strong></span> <span class='ocrx_word' id='word_1_728' title='bbox 2852 2914 2909 2951; x_wconf 89' lang='lat' dir='ltr'><strong>se</strong></span> <span class='ocrx_word' id='word_1_729' title='bbox 2921 2900 3095 2952; x_wconf 82' lang='lat' dir='ltr'><strong>omnia</strong></span> <span class='ocrx_word' id='word_1_730' title='bbox 3120 2901 3349 2966; x_wconf 62' lang='lat' dir='ltr'><strong>tea-lecte</strong></span> <span class='ocrx_word' id='word_1_731' title='bbox 3374 2904 3790 2969; x_wconf 81' lang='lat' dir='ltr'><strong>scire,suaderet</strong></span> 
     </span>
    </p>
   </div>
   <div class='ocr_carea' id='block_1_92' title="bbox 2203 2982 3787 3061">
    <p class='ocr_par' dir='ltr' id='par_1_92' title="bbox 2203 2982 3787 3061">
     <span class='ocr_line' id='line_1_92' title="bbox 2203 2982 3787 3061; baseline 0.011 -29"><span class='ocrx_word' id='word_1_732' title='bbox 2203 2982 2274 3035; x_wconf 87' lang='lat' dir='ltr'><strong>illi</strong></span> <span class='ocrx_word' id='word_1_733' title='bbox 2306 2992 2361 3036; x_wconf 87' lang='grc' dir='ltr'><strong>ιιι</strong></span> <span class='ocrx_word' id='word_1_734' title='bbox 2388 2985 2561 3037; x_wconf 84' lang='lat' dir='ltr'><strong>ontnia</strong></span> <span class='ocrx_word' id='word_1_735' title='bbox 2595 3002 2687 3038; x_wconf 87' lang='lat' dir='ltr'><strong>sua</strong></span> <span class='ocrx_word' id='word_1_736' title='bbox 2730 2998 2919 3055; x_wconf 87' lang='lat' dir='ltr'><strong>sponte</strong></span> <span class='ocrx_word' id='word_1_737' title='bbox 2959 2988 3293 3054; x_wconf 71' lang='lat' dir='ltr'><strong>declararet,</strong></span> <span class='ocrx_word' id='word_1_738' title='bbox 3338 3002 3391 3045; x_wconf 93' lang='lat' dir='ltr'><strong>et</strong></span> <span class='ocrx_word' id='word_1_739' title='bbox 3420 2994 3561 3061; x_wconf 81' lang='lat' dir='ltr'><strong>quod</strong></span> <span class='ocrx_word' id='word_1_740' title='bbox 3590 2996 3787 3050; x_wconf 81' lang='lat' dir='ltr'><strong>factum</strong></span> 
     </span>
    </p>
   </div>
   <div class='ocr_carea' id='block_1_93' title="bbox 2198 3064 3786 3149">
    <p class='ocr_par' dir='ltr' id='par_1_93' title="bbox 2198 3064 3786 3149">
     <span class='ocr_line' id='line_1_93' title="bbox 2198 3064 3786 3149; baseline 0.01 -22"><span class='ocrx_word' id='word_1_741' title='bbox 2198 3084 2311 3127; x_wconf 88' lang='lat' dir='ltr'><strong>erat</strong></span> <span class='ocrx_word' id='word_1_742' title='bbox 2333 3075 2735 3141; x_wconf 75' lang='lat' dir='ltr'><strong>przediearet,ue</strong></span> <span class='ocrx_word' id='word_1_743' title='bbox 2754 3078 2797 3130; x_wconf 88' lang='lat' dir='ltr'><strong>si</strong></span> <span class='ocrx_word' id='word_1_744' title='bbox 2822 3078 2933 3146; x_wconf 87' lang='lat' dir='ltr'><strong>ipse</strong></span> <span class='ocrx_word' id='word_1_745' title='bbox 2952 3064 3475 3149; x_wconf 72' lang='lat' dir='ltr'><strong>dixisst-t,suspeetus</strong></span> <span class='ocrx_word' id='word_1_746' title='bbox 3492 3086 3786 3143; x_wconf 86' lang='lat' dir='ltr'><strong>videretur.</strong></span> 
     </span>
    </p>
   </div>
   <div class='ocr_carea' id='block_1_94' title="bbox 2272 3165 3786 3241">
    <p class='ocr_par' dir='ltr' id='par_1_94' title="bbox 2272 3165 3786 3241">
     <span class='ocr_line' id='line_1_94' title="bbox 2272 3165 3786 3241; baseline 0.01 -23"><span class='ocrx_word' id='word_1_747' title='bbox 2272 3165 2428 3220; x_wconf 77' lang='lat' dir='ltr'><strong>Fides</strong></span> <span class='ocrx_word' id='word_1_748' title='bbox 2458 3168 2681 3221; x_wconf 82' lang='lat' dir='ltr'><strong>mulieris</strong></span> <span class='ocrx_word' id='word_1_749' title='bbox 2714 3170 2974 3237; x_wconf 77' lang='lat' dir='ltr'><strong>sanguinis</strong></span> <span class='ocrx_word' id='word_1_750' title='bbox 3002 3172 3195 3239; x_wconf 74' lang='lat' dir='ltr'><strong>[luxum</strong></span> <span class='ocrx_word' id='word_1_751' title='bbox 3246 3173 3499 3241; x_wconf 75' lang='lat' dir='ltr'><strong>patientis.</strong></span> <span class='ocrx_word' id='word_1_752' title='bbox 3524 3176 3786 3233; x_wconf 70' lang='lat' dir='ltr'><strong>—-\&#39;idcn’</strong></span> 
     </span>
    </p>
   </div>
   <div class='ocr_carea' id='block_1_95' title="bbox 2200 3260 3784 3332">
    <p class='ocr_par' dir='ltr' id='par_1_95' title="bbox 2200 3260 3784 3332">
     <span class='ocr_line' id='line_1_95' title="bbox 2200 3260 3784 3332; baseline 0.008 -21"><span class='ocrx_word' id='word_1_753' title='bbox 2200 3260 2475 3314; x_wconf 88' lang='lat' dir='ltr'><strong>mulierem</strong></span> <span class='ocrx_word' id='word_1_754' title='bbox 2530 3262 2956 3331; x_wconf 79' lang='lat' dir='ltr'><strong>arcbisyuagogo</strong></span> <span class='ocrx_word' id='word_1_755' title='bbox 2998 3266 3468 3332; x_wconf 69' lang='lat' dir='ltr'><strong>praestatttiot‘cttt?</strong></span> <span class='ocrx_word' id='word_1_756' title='bbox 3496 3267 3610 3323; x_wconf 87' lang='lat' dir='ltr'><strong>Non</strong></span> <span class='ocrx_word' id='word_1_757' title='bbox 3659 3272 3784 3323; x_wconf 71' lang='lat' dir='ltr'><strong>rezi~</strong></span> 
     </span>
    </p>
   </div>
   <div class='ocr_carea' id='block_1_96' title="bbox 2202 3354 3787 3431">
    <p class='ocr_par' dir='ltr' id='par_1_96' title="bbox 2202 3354 3787 3431">
     <span class='ocr_line' id='line_1_96' title="bbox 2202 3354 3787 3431; baseline 0.007 -25"><span class='ocrx_word' id='word_1_758' title='bbox 2202 3354 2333 3414; x_wconf 91' lang='lat' dir='ltr'><strong>nuit,</strong></span> <span class='ocrx_word' id='word_1_759' title='bbox 2389 3367 2492 3406; x_wconf 89' lang='lat' dir='ltr'><strong>non</strong></span> <span class='ocrx_word' id='word_1_760' title='bbox 2526 3354 2910 3423; x_wconf 87' lang='lat' dir='ltr'><strong>apprehendit;</strong></span> <span class='ocrx_word' id='word_1_761' title='bbox 2944 3356 3036 3408; x_wconf 90' lang='lat' dir='ltr'><strong>sed</strong></span> <span class='ocrx_word' id='word_1_762' title='bbox 3092 3357 3323 3411; x_wconf 86' lang='lat' dir='ltr'><strong>summis</strong></span> <span class='ocrx_word' id='word_1_763' title='bbox 3372 3369 3573 3414; x_wconf 86' lang='lat' dir='ltr'><strong>tantum</strong></span> <span class='ocrx_word' id='word_1_764' title='bbox 3600 3362 3787 3431; x_wconf 73' lang='lat' dir='ltr'><strong>digitis</strong></span> 
     </span>
    </p>
   </div>
   <div class='ocr_carea' id='block_1_97' title="bbox 2203 3444 3781 3515">
    <p class='ocr_par' dir='ltr' id='par_1_97' title="bbox 2203 3444 3781 3515">
     <span class='ocr_line' id='line_1_97' title="bbox 2203 3444 3781 3515; baseline 0.007 -18"><span class='ocrx_word' id='word_1_765' title='bbox 2203 3444 2394 3513; x_wconf 79' lang='lat' dir='ltr'><strong>tetigit,</strong></span> <span class='ocrx_word' id='word_1_766' title='bbox 2421 3454 2472 3499; x_wconf 89' lang='lat' dir='ltr'><strong>et</strong></span> <span class='ocrx_word' id='word_1_767' title='bbox 2502 3460 2621 3498; x_wconf 90' lang='lat' dir='ltr'><strong>cum</strong></span> <span class='ocrx_word' id='word_1_768' title='bbox 2647 3446 2829 3500; x_wconf 86' lang='lat' dir='ltr'><strong>ultima</strong></span> <span class='ocrx_word' id='word_1_769' title='bbox 2855 3448 3103 3510; x_wconf 85' lang='lat' dir='ltr'><strong>venisset,</strong></span> <span class='ocrx_word' id='word_1_770' title='bbox 3138 3450 3281 3515; x_wconf 88' lang='lat' dir='ltr'><strong>prior</strong></span> <span class='ocrx_word' id='word_1_771' title='bbox 3308 3460 3489 3505; x_wconf 82' lang='lat' dir='ltr'><strong>sanata</strong></span> <span class='ocrx_word' id='word_1_772' title='bbox 3511 3452 3781 3508; x_wconf 80' lang='lat' dir='ltr'><strong>discessit.</strong></span> 
     </span>
    </p>
   </div>
   <div class='ocr_carea' id='block_1_98' title="bbox 2200 3536 3787 3601">
    <p class='ocr_par' dir='ltr' id='par_1_98' title="bbox 2200 3536 3787 3601">
     <span class='ocr_line' id='line_1_98' title="bbox 2200 3536 3787 3601; baseline 0.006 -12"><span class='ocrx_word' id='word_1_773' title='bbox 2200 3537 2289 3591; x_wconf 91' lang='lat' dir='ltr'><strong>Ille</strong></span> <span class='ocrx_word' id='word_1_774' title='bbox 2320 3536 2579 3589; x_wconf 87' lang='lat' dir='ltr'><strong>medicum</strong></span> <span class='ocrx_word' id='word_1_775' title='bbox 2612 3537 2829 3590; x_wconf 82' lang='lat' dir='ltr'><strong>adduxit</strong></span> <span class='ocrx_word' id='word_1_776' title='bbox 2856 3539 3105 3601; x_wconf 86' lang='lat' dir='ltr'><strong>domum;</strong></span> <span class='ocrx_word' id='word_1_777' title='bbox 3138 3539 3256 3593; x_wconf 88' lang='lat' dir='ltr'><strong>lmic</strong></span> <span class='ocrx_word' id='word_1_778' title='bbox 3280 3549 3454 3595; x_wconf 87' lang='lat' dir='ltr'><strong>lactus</strong></span> <span class='ocrx_word' id='word_1_779' title='bbox 3481 3544 3631 3596; x_wconf 81' lang='lat' dir='ltr'><strong>Solus</strong></span> <span class='ocrx_word' id='word_1_780' title='bbox 3652 3546 3787 3599; x_wconf 69' lang='lat' dir='ltr'><strong>satis</strong></span> 
     </span>
    </p>
   </div>
   <div class='ocr_carea' id='block_1_99' title="bbox 2197 3627 3781 3697">
    <p class='ocr_par' dir='ltr' id='par_1_99' title="bbox 2197 3627 3781 3697">
     <span class='ocr_line' id='line_1_99' title="bbox 2197 3627 3781 3697; baseline 0.006 -18"><span class='ocrx_word' id='word_1_781' title='bbox 2197 3627 2323 3681; x_wconf 79' lang='lat' dir='ltr'><strong>fuit:</strong></span> <span class='ocrx_word' id='word_1_782' title='bbox 2353 3644 2471 3680; x_wconf 90' lang='lat' dir='ltr'><strong>ttam</strong></span> <span class='ocrx_word' id='word_1_783' title='bbox 2493 3628 2593 3681; x_wconf 82' lang='lat' dir='ltr'><strong>etsi</strong></span> <span class='ocrx_word' id='word_1_784' title='bbox 2620 3628 2929 3696; x_wconf 78' lang='lat' dir='ltr'><strong>:rgritudine</strong></span> <span class='ocrx_word' id='word_1_785' title='bbox 2961 3629 3231 3697; x_wconf 82' lang='lat' dir='ltr'><strong>ligaretur,</strong></span> <span class='ocrx_word' id='word_1_786' title='bbox 3259 3631 3359 3683; x_wconf 90' lang='lat' dir='ltr'><strong>lide</strong></span> <span class='ocrx_word' id='word_1_787' title='bbox 3383 3646 3477 3685; x_wconf 90' lang='lat' dir='ltr'><strong>ceu</strong></span> <span class='ocrx_word' id='word_1_788' title='bbox 3496 3633 3590 3685; x_wconf 85' lang='lat' dir='ltr'><strong>alis</strong></span> <span class='ocrx_word' id='word_1_789' title='bbox 3608 3636 3781 3688; x_wconf 78' lang='lat' dir='ltr'><strong>adtol-</strong></span> 
     </span>
    </p>
   </div>
   <div class='ocr_carea' id='block_1_100' title="bbox 2199 3718 3774 3789">
    <p class='ocr_par' dir='ltr' id='par_1_100' title="bbox 2199 3718 3774 3789">
     <span class='ocr_line' id='line_1_100' title="bbox 2199 3718 3774 3789; baseline 0.005 -19"><span class='ocrx_word' id='word_1_790' title='bbox 2199 3718 2425 3771; x_wconf 82' lang='lat' dir='ltr'><strong>lcbatut&#39;.</strong></span> <span class='ocrx_word' id='word_1_791' title='bbox 2459 3719 2732 3785; x_wconf 73' lang='lat' dir='ltr'><strong>Perpende</strong></span> <span class='ocrx_word' id='word_1_792' title='bbox 2766 3729 2943 3773; x_wconf 89' lang='lat' dir='ltr'><strong>autem</strong></span> <span class='ocrx_word' id='word_1_793' title='bbox 2974 3721 3242 3789; x_wconf 89' lang='lat' dir='ltr'><strong>quomodo</strong></span> <span class='ocrx_word' id='word_1_794' title='bbox 3273 3721 3418 3774; x_wconf 83' lang='lat' dir='ltr'><strong>illaut</strong></span> <span class='ocrx_word' id='word_1_795' title='bbox 3465 3725 3774 3778; x_wconf 62' lang='lat' dir='ltr'><strong>consoletur</strong></span> 
     </span>
    </p>
   </div>
   <div class='ocr_carea' id='block_1_101' title="bbox 2194 3809 3778 3883">
    <p class='ocr_par' dir='ltr' id='par_1_101' title="bbox 2194 3809 3778 3883">
     <span class='ocr_line' id='line_1_101' title="bbox 2194 3809 3778 3883; baseline 0.004 -20"><span class='ocrx_word' id='word_1_796' title='bbox 2194 3810 2414 3864; x_wconf 86' lang='lat' dir='ltr'><strong>dicens:</strong></span> <span class='ocrx_word' id='word_1_797' title='bbox 2453 3809 2606 3863; x_wconf 73' lang='lat' dir='ltr'><strong>Fides</strong></span> <span class='ocrx_word' id='word_1_798' title='bbox 2632 3822 2717 3863; x_wconf 83' lang='lat' dir='ltr'><strong>tua</strong></span> <span class='ocrx_word' id='word_1_799' title='bbox 2758 3822 2805 3863; x_wconf 87' lang='lat' dir='ltr'><strong>te</strong></span> <span class='ocrx_word' id='word_1_800' title='bbox 2847 3814 3037 3865; x_wconf 77' lang='lat' dir='ltr'><strong>salvam</strong></span> <span class='ocrx_word' id='word_1_801' title='bbox 3066 3813 3202 3881; x_wconf 76' lang='lat' dir='ltr'><strong>fecit.</strong></span> <span class='ocrx_word' id='word_1_802' title='bbox 3251 3814 3405 3883; x_wconf 76' lang='lat' dir='ltr'><strong>Atqui</strong></span> <span class='ocrx_word' id='word_1_803' title='bbox 3450 3816 3491 3867; x_wconf 89' lang='lat' dir='ltr'><strong>si</strong></span> <span class='ocrx_word' id='word_1_804' title='bbox 3534 3823 3778 3870; x_wconf 77' lang='lat' dir='ltr'><strong>ostenta-</strong></span> 
     </span>
    </p>
   </div>
   <div class='ocr_carea' id='block_1_102' title="bbox 2196 3903 3777 3977">
    <p class='ocr_par' dir='ltr' id='par_1_102' title="bbox 2196 3903 3777 3977">
     <span class='ocr_line' id='line_1_102' title="bbox 2196 3903 3777 3977; baseline 0.004 -21"><span class='ocrx_word' id='word_1_805' title='bbox 2196 3903 2355 3957; x_wconf 88' lang='lat' dir='ltr'><strong>tionis</strong></span> <span class='ocrx_word' id='word_1_806' title='bbox 2382 3917 2540 3957; x_wconf 76' lang='lat' dir='ltr'><strong>causa</strong></span> <span class='ocrx_word' id='word_1_807' title='bbox 2575 3904 2624 3956; x_wconf 93' lang='lat' dir='ltr'><strong>in</strong></span> <span class='ocrx_word' id='word_1_808' title='bbox 2658 3903 2888 3957; x_wconf 88' lang='lat' dir='ltr'><strong>medium</strong></span> <span class='ocrx_word' id='word_1_809' title='bbox 2939 3905 3081 3957; x_wconf 90' lang='lat' dir='ltr'><strong>illam</strong></span> <span class='ocrx_word' id='word_1_810' title='bbox 3130 3905 3463 3974; x_wconf 53' lang='lat' dir='ltr'><strong>produxisset</strong></span> <span class='ocrx_word' id='word_1_811' title='bbox 3494 3948 3509 3973; x_wconf 93' lang='lat'><strong>,</strong></span> <span class='ocrx_word' id='word_1_812' title='bbox 3573 3926 3777 3977; x_wconf 70' lang='grc' dir='ltr'>ιιιιιιιςι-</span> 
     </span>
    </p>
   </div>
   <div class='ocr_carea' id='block_1_103' title="bbox 2192 3995 3777 4065">
    <p class='ocr_par' dir='ltr' id='par_1_103' title="bbox 2192 3995 3777 4065">
     <span class='ocr_line' id='line_1_103' title="bbox 2192 3995 3777 4065; baseline 0.004 -17"><span class='ocrx_word' id='word_1_813' title='bbox 2192 4011 2351 4065; x_wconf 89' lang='lat' dir='ltr'><strong>quam</strong></span> <span class='ocrx_word' id='word_1_814' title='bbox 2384 3995 2511 4048; x_wconf 91' lang='lat' dir='ltr'><strong>illud</strong></span> <span class='ocrx_word' id='word_1_815' title='bbox 2550 3996 2855 4062; x_wconf 88' lang='lat' dir='ltr'><strong>adjecturns</strong></span> <span class='ocrx_word' id='word_1_816' title='bbox 2886 4005 2998 4049; x_wconf 89' lang='lat' dir='ltr'><strong>erat</strong></span> <span class='ocrx_word' id='word_1_817' title='bbox 3024 4012 3038 4056; x_wconf 86' lang='lat'><strong>;</strong></span> <span class='ocrx_word' id='word_1_818' title='bbox 3068 3997 3160 4050; x_wconf 88' lang='lat' dir='ltr'><strong>sed</strong></span> <span class='ocrx_word' id='word_1_819' title='bbox 3195 4000 3310 4051; x_wconf 76' lang='lat' dir='ltr'><strong>haec</strong></span> <span class='ocrx_word' id='word_1_820' title='bbox 3337 3998 3469 4052; x_wconf 75' lang='lat' dir='ltr'><strong>dixit</strong></span> <span class='ocrx_word' id='word_1_821' title='bbox 3496 4010 3553 4052; x_wconf 85' lang='grc' dir='ltr'><strong>ιιι</strong></span> <span class='ocrx_word' id='word_1_822' title='bbox 3592 4001 3777 4055; x_wconf 83' lang='lat' dir='ltr'><strong>archi-</strong></span> 
     </span>
    </p>
   </div>
   <div class='ocr_carea' id='block_1_104' title="bbox 2192 4086 3774 4158">
    <p class='ocr_par' dir='ltr' id='par_1_104' title="bbox 2192 4086 3774 4158">
     <span class='ocr_line' id='line_1_104' title="bbox 2192 4086 3774 4158; baseline 0.005 -18"><span class='ocrx_word' id='word_1_823' title='bbox 2192 4101 2520 4158; x_wconf 81' lang='lat' dir='ltr'><strong>synagogum</strong></span> <span class='ocrx_word' id='word_1_824' title='bbox 2559 4087 2623 4139; x_wconf 88' lang='lat' dir='ltr'><strong>ad</strong></span> <span class='ocrx_word' id='word_1_825' title='bbox 2654 4086 2979 4141; x_wconf 78' lang='lat' dir='ltr'><strong>eredeudmu</strong></span> <span class='ocrx_word' id='word_1_826' title='bbox 3028 4088 3325 4144; x_wconf 70' lang='lat' dir='ltr'><strong>institueret</strong></span> <span class='ocrx_word' id='word_1_827' title='bbox 3350 4131 3363 4153; x_wconf 93' lang='lat'><strong>,</strong></span> <span class='ocrx_word' id='word_1_828' title='bbox 3412 4101 3463 4144; x_wconf 81' lang='lat' dir='ltr'><strong>et</strong></span> <span class='ocrx_word' id='word_1_829' title='bbox 3496 4094 3774 4148; x_wconf 86' lang='lat' dir='ltr'><strong>mulierem</strong></span> 
     </span>
    </p>
   </div>
   <div class='ocr_carea' id='block_1_105' title="bbox 2192 4178 3773 4250">
    <p class='ocr_par' dir='ltr' id='par_1_105' title="bbox 2192 4178 3773 4250">
     <span class='ocr_line' id='line_1_105' title="bbox 2192 4178 3773 4250; baseline 0.004 -18"><span class='ocrx_word' id='word_1_830' title='bbox 2192 4178 2627 4242; x_wconf 84' lang='lat' dir='ltr'><strong>commendaret,</strong></span> <span class='ocrx_word' id='word_1_831' title='bbox 2660 4188 2817 4247; x_wconf 85' lang='lat' dir='ltr'><strong>atque</strong></span> <span class='ocrx_word' id='word_1_832' title='bbox 2870 4179 2949 4231; x_wconf 86' lang='lat' dir='ltr'><strong>Itis</strong></span> <span class='ocrx_word' id='word_1_833' title='bbox 2981 4180 3153 4232; x_wconf 79' lang='lat' dir='ltr'><strong>verbis</strong></span> <span class='ocrx_word' id='word_1_834' title='bbox 3185 4181 3508 4249; x_wconf 81' lang='lat' dir='ltr'><strong>Voluptatem</strong></span> <span class='ocrx_word' id='word_1_835' title='bbox 3543 4183 3638 4250; x_wconf 86' lang='lat' dir='ltr'><strong>ipsi</strong></span> <span class='ocrx_word' id='word_1_836' title='bbox 3668 4186 3773 4238; x_wconf 86' lang='lat' dir='ltr'><strong>uti-</strong></span> 
     </span>
    </p>
   </div>
   <div class='ocr_carea' id='block_1_106' title="bbox 2192 4268 3773 4338">
    <p class='ocr_par' dir='ltr' id='par_1_106' title="bbox 2192 4268 3773 4338">
     <span class='ocr_line' id='line_1_106' title="bbox 2192 4268 3773 4338; baseline 0.006 -17"><span class='ocrx_word' id='word_1_837' title='bbox 2192 4268 2500 4338; x_wconf 88' lang='lat' dir='ltr'><strong>litatemque</strong></span> <span class='ocrx_word' id='word_1_838' title='bbox 2529 4269 2791 4337; x_wconf 65' lang='lat' dir='ltr'><strong>praeberet</strong></span> <span class='ocrx_word' id='word_1_839' title='bbox 2808 4270 3047 4337; x_wconf 90' lang='lat' dir='ltr'><strong>corporis</strong></span> <span class='ocrx_word' id='word_1_840' title='bbox 3064 4271 3337 4324; x_wconf 86' lang='lat' dir='ltr'><strong>euratione</strong></span> <span class='ocrx_word' id='word_1_841' title='bbox 3361 4289 3461 4323; x_wconf 90' lang='lat' dir='ltr'><strong>non</strong></span> <span class='ocrx_word' id='word_1_842' title='bbox 3488 4274 3773 4330; x_wconf 85' lang='lat' dir='ltr'><strong>minorem.</strong></span> 
     </span>
    </p>
   </div>
   <div class='ocr_carea' id='block_1_107' title="bbox 2190 4360 3773 4434">
    <p class='ocr_par' dir='ltr' id='par_1_107' title="bbox 2190 4360 3773 4434">
     <span class='ocr_line' id='line_1_107' title="bbox 2190 4360 3773 4434; baseline 0.006 -23"><span class='ocrx_word' id='word_1_843' title='bbox 2190 4361 2338 4429; x_wconf 79' lang='lat' dir='ltr'><strong>Quod</strong></span> <span class='ocrx_word' id='word_1_844' title='bbox 2368 4370 2543 4414; x_wconf 88' lang='lat' dir='ltr'><strong>autem</strong></span> <span class='ocrx_word' id='word_1_845' title='bbox 2589 4360 2654 4414; x_wconf 85' lang='lat' dir='ltr'><strong>ad</strong></span> <span class='ocrx_word' id='word_1_846' title='bbox 2692 4361 2969 4414; x_wconf 89' lang='lat' dir='ltr'><strong>mulierem</strong></span> <span class='ocrx_word' id='word_1_847' title='bbox 3015 4361 3389 4416; x_wconf 84' lang='lat' dir='ltr'><strong>celebrandam</strong></span> <span class='ocrx_word' id='word_1_848' title='bbox 3437 4372 3773 4434; x_wconf 66' lang='lat' dir='ltr'><strong>ceterosque</strong></span> 
     </span>
    </p>
   </div>
   <div class='ocr_carea' id='block_1_108' title="bbox 2189 4452 3769 4511">
    <p class='ocr_par' dir='ltr' id='par_1_108' title="bbox 2189 4452 3769 4511">
     <span class='ocr_line' id='line_1_108' title="bbox 2189 4452 3769 4511; baseline 0.003 -4"><span class='ocrx_word' id='word_1_849' title='bbox 2189 4453 2549 4507; x_wconf 78' lang='lat' dir='ltr'><strong>emendandos</strong></span> <span class='ocrx_word' id='word_1_850' title='bbox 2594 4452 2642 4506; x_wconf 91' lang='lat' dir='ltr'><strong>id</strong></span> <span class='ocrx_word' id='word_1_851' title='bbox 2688 4452 2893 4511; x_wconf 77' lang='lat' dir='ltr'><strong>fet-erit.</strong></span> <span class='ocrx_word' id='word_1_852' title='bbox 2948 4468 3054 4506; x_wconf 89' lang='lat' dir='ltr'><strong>non</strong></span> <span class='ocrx_word' id='word_1_853' title='bbox 3102 4463 3282 4507; x_wconf 87' lang='lat' dir='ltr'><strong>autent</strong></span> <span class='ocrx_word' id='word_1_854' title='bbox 3334 4453 3417 4507; x_wconf 89' lang='lat' dir='ltr'><strong>sui</strong></span> <span class='ocrx_word' id='word_1_855' title='bbox 3467 4457 3769 4511; x_wconf 85' lang='lat' dir='ltr'><strong>ostentandi</strong></span> 
     </span>
    </p>
   </div>
   <div class='ocr_carea' id='block_1_109' title="bbox 2186 4546 3763 4615">
    <p class='ocr_par' dir='ltr' id='par_1_109' title="bbox 2186 4546 3763 4615">
     <span class='ocr_line' id='line_1_109' title="bbox 2186 4546 3763 4615; baseline 0.003 -16"><span class='ocrx_word' id='word_1_856' title='bbox 2186 4562 2366 4611; x_wconf 86' lang='lat' dir='ltr'><strong>causa,</strong></span> <span class='ocrx_word' id='word_1_857' title='bbox 2403 4547 2482 4600; x_wconf 81' lang='lat' dir='ltr'><strong>vel</strong></span> <span class='ocrx_word' id='word_1_858' title='bbox 2502 4546 2623 4601; x_wconf 89' lang='lat' dir='ltr'><strong>ltittc</strong></span> <span class='ocrx_word' id='word_1_859' title='bbox 2647 4547 2994 4614; x_wconf 84' lang='lat' dir='ltr'><strong>couSpicuum</strong></span> <span class='ocrx_word' id='word_1_860' title='bbox 3016 4555 3117 4607; x_wconf 86' lang='lat' dir='ltr'><strong>est,</strong></span> <span class='ocrx_word' id='word_1_861' title='bbox 3152 4546 3294 4613; x_wconf 85' lang='lat' dir='ltr'><strong>quod</strong></span> <span class='ocrx_word' id='word_1_862' title='bbox 3327 4547 3459 4615; x_wconf 85' lang='lat' dir='ltr'><strong>ipse,</strong></span> <span class='ocrx_word' id='word_1_863' title='bbox 3490 4546 3592 4602; x_wconf 87' lang='lat' dir='ltr'><strong>ltoc</strong></span> <span class='ocrx_word' id='word_1_864' title='bbox 3606 4551 3763 4603; x_wconf 89' lang='lat' dir='ltr'><strong>etiant</strong></span> 
     </span>
    </p>
   </div>
   <div class='ocr_carea' id='block_1_110' title="bbox 2184 4636 3767 4709">
    <p class='ocr_par' dir='ltr' id='par_1_110' title="bbox 2184 4636 3767 4709">
     <span class='ocr_line' id='line_1_110' title="bbox 2184 4636 3767 4709; baseline 0.003 -18"><span class='ocrx_word' id='word_1_865' title='bbox 2184 4638 2403 4706; x_wconf 88' lang='lat' dir='ltr'><strong>dempto</strong></span> <span class='ocrx_word' id='word_1_866' title='bbox 2422 4638 2595 4707; x_wconf 77' lang='lat' dir='ltr'><strong>signo,</strong></span> <span class='ocrx_word' id='word_1_867' title='bbox 2618 4637 2783 4691; x_wconf 88' lang='lat' dir='ltr'><strong>nihilo</strong></span> <span class='ocrx_word' id='word_1_868' title='bbox 2807 4637 2981 4691; x_wconf 90' lang='lat' dir='ltr'><strong>minus</strong></span> <span class='ocrx_word' id='word_1_869' title='bbox 2997 4636 3346 4692; x_wconf 84' lang='lat' dir='ltr'><strong>admirandus</strong></span> <span class='ocrx_word' id='word_1_870' title='bbox 3370 4638 3577 4695; x_wconf 74' lang='lat' dir='ltr'><strong>futurus</strong></span> <span class='ocrx_word' id='word_1_871' title='bbox 3603 4652 3767 4709; x_wconf 64' lang='lat' dir='ltr'><strong>escet,</strong></span> 
     </span>
    </p>
   </div>
   <div class='ocr_carea' id='block_1_111' title="bbox 2191 4723 3767 4784">
    <p class='ocr_par' dir='ltr' id='par_1_111' title="bbox 2191 4723 3767 4784">
     <span class='ocr_line' id='line_1_111' title="bbox 2191 4723 3767 4784; baseline 0.006 -10"><span class='ocrx_word' id='word_1_872' title='bbox 2191 4723 2598 4776; x_wconf 80' lang='lat' dir='ltr'><strong>cumcrebriora</strong></span> <span class='ocrx_word' id='word_1_873' title='bbox 2622 4725 2888 4779; x_wconf 77' lang='lat' dir='ltr'><strong>uittaltbus</strong></span> <span class='ocrx_word' id='word_1_874' title='bbox 2914 4727 3175 4778; x_wconf 79' lang='lat' dir='ltr'><strong>imbribus</strong></span> <span class='ocrx_word' id='word_1_875' title='bbox 3189 4726 3623 4783; x_wconf 80' lang='lat' dir='ltr'><strong>circumliuerent</strong></span> <span class='ocrx_word' id='word_1_876' title='bbox 3647 4748 3767 4784; x_wconf 88' lang='lat' dir='ltr'><strong>cum</strong></span> 
     </span>
    </p>
   </div>
   <div class='ocr_carea' id='block_1_112' title="bbox 2194 4815 3763 4894">
    <p class='ocr_par' dir='ltr' id='par_1_112' title="bbox 2194 4815 3763 4894">
     <span class='ocr_line' id='line_1_112' title="bbox 2194 4815 3763 4894; baseline 0.008 -25"><span class='ocrx_word' id='word_1_877' title='bbox 2194 4815 2475 4881; x_wconf 88' lang='lat' dir='ltr'><strong>miracula,</strong></span> <span class='ocrx_word' id='word_1_878' title='bbox 2500 4827 2552 4871; x_wconf 91' lang='lat' dir='ltr'><strong>et</strong></span> <span class='ocrx_word' id='word_1_879' title='bbox 2572 4819 2727 4887; x_wconf 77' lang='lat' dir='ltr'><strong>longe</strong></span> <span class='ocrx_word' id='word_1_880' title='bbox 2756 4821 2960 4888; x_wconf 89' lang='lat' dir='ltr'><strong>tnajora</strong></span> <span class='ocrx_word' id='word_1_881' title='bbox 2990 4820 3209 4876; x_wconf 78' lang='lat' dir='ltr'><strong>iecisset</strong></span> <span class='ocrx_word' id='word_1_882' title='bbox 3228 4821 3578 4894; x_wconf 75' lang='lat' dir='ltr'><strong>facturosque</strong></span> <span class='ocrx_word' id='word_1_883' title='bbox 3595 4841 3763 4883; x_wconf 82' lang='lat' dir='ltr'><strong>esset:</strong></span> 
     </span>
    </p>
   </div>
   <div class='ocr_carea' id='block_1_113' title="bbox 2195 4909 3769 4976">
    <p class='ocr_par' dir='ltr' id='par_1_113' title="bbox 2195 4909 3769 4976">
     <span class='ocr_line' id='line_1_113' title="bbox 2195 4909 3769 4976; baseline 0.008 -16"><span class='ocrx_word' id='word_1_884' title='bbox 2195 4909 2386 4961; x_wconf 89' lang='lat' dir='ltr'><strong>mulier</strong></span> <span class='ocrx_word' id='word_1_885' title='bbox 2402 4924 2551 4971; x_wconf 87' lang='lat' dir='ltr'><strong>vero,</strong></span> <span class='ocrx_word' id='word_1_886' title='bbox 2588 4910 2757 4963; x_wconf 83' lang='lat' dir='ltr'><strong>lllSlltl</strong></span> <span class='ocrx_word' id='word_1_887' title='bbox 2782 4912 2852 4964; x_wconf 90' lang='lat' dir='ltr'><strong>ita</strong></span> <span class='ocrx_word' id='word_1_888' title='bbox 2889 4911 3091 4966; x_wconf 79' lang='lat' dir='ltr'><strong>factum</strong></span> <span class='ocrx_word' id='word_1_889' title='bbox 3131 4925 3299 4976; x_wconf 83' lang='lat' dir='ltr'><strong>esset,</strong></span> <span class='ocrx_word' id='word_1_890' title='bbox 3325 4916 3497 4970; x_wconf 78' lang='lat' dir='ltr'><strong>latens</strong></span> <span class='ocrx_word' id='word_1_891' title='bbox 3529 4927 3583 4971; x_wconf 88' lang='lat' dir='ltr'><strong>et</strong></span> <span class='ocrx_word' id='word_1_892' title='bbox 3606 4920 3769 4973; x_wconf 85' lang='lat' dir='ltr'><strong>tantis</strong></span> 
     </span>
    </p>
   </div>
   <div class='ocr_carea' id='block_1_114' title="bbox 2194 5002 3766 5075">
    <p class='ocr_par' dir='ltr' id='par_1_114' title="bbox 2194 5002 3766 5075">
     <span class='ocr_line' id='line_1_114' title="bbox 2194 5002 3766 5075; baseline 0.006 -23"><span class='ocrx_word' id='word_1_893' title='bbox 2194 5015 2364 5055; x_wconf 82' lang='lat' dir='ltr'><strong>vacua</strong></span> <span class='ocrx_word' id='word_1_894' title='bbox 2380 5002 2627 5057; x_wconf 81' lang='lat' dir='ltr'><strong>laudibus</strong></span> <span class='ocrx_word' id='word_1_895' title='bbox 2640 5003 3257 5073; x_wconf 81' lang='lat' dir='ltr'><strong>abscessissetJdeoque</strong></span> <span class='ocrx_word' id='word_1_896' title='bbox 3274 5007 3443 5075; x_wconf 84' lang='lat' dir='ltr'><strong>ipsam</strong></span> <span class='ocrx_word' id='word_1_897' title='bbox 3460 5010 3511 5062; x_wconf 91' lang='lat' dir='ltr'><strong>in</strong></span> <span class='ocrx_word' id='word_1_898' title='bbox 3532 5012 3766 5064; x_wconf 83' lang='lat' dir='ltr'><strong>medium</strong></span> 
     </span>
    </p>
   </div>
   <div class='ocr_carea' id='block_1_115' title="bbox 2195 5096 3768 5170">
    <p class='ocr_par' dir='ltr' id='par_1_115' title="bbox 2195 5096 3768 5170">
     <span class='ocr_line' id='line_1_115' title="bbox 2195 5096 3768 5170; baseline 0.006 -22"><span class='ocrx_word' id='word_1_899' title='bbox 2195 5096 2482 5149; x_wconf 84' lang='lat' dir='ltr'><strong>adductam</strong></span> <span class='ocrx_word' id='word_1_900' title='bbox 2505 5098 2819 5160; x_wconf 84' lang='lat' dir='ltr'><strong>celebravit,</strong></span> <span class='ocrx_word' id='word_1_901' title='bbox 2840 5098 3067 5166; x_wconf 86' lang='lat' dir='ltr'><strong>ejusque</strong></span> <span class='ocrx_word' id='word_1_902' title='bbox 3100 5100 3348 5154; x_wconf 83' lang='lat' dir='ltr'><strong>timorem</strong></span> <span class='ocrx_word' id='word_1_903' title='bbox 3386 5102 3768 5170; x_wconf 80' lang='lat' dir='ltr'><strong>depulitznam</strong></span> 
     </span>
    </p>
   </div>
   <div class='ocr_carea' id='block_1_116' title="bbox 2202 5186 3771 5263">
    <p class='ocr_par' dir='ltr' id='par_1_116' title="bbox 2202 5186 3771 5263">
     <span class='ocr_line' id='line_1_116' title="bbox 2202 5186 3771 5263; baseline 0.004 -22"><span class='ocrx_word' id='word_1_904' title='bbox 2202 5191 2439 5241; x_wconf 81' lang='lat' dir='ltr'><strong>Tremens</strong></span> <span class='ocrx_word' id='word_1_905' title='bbox 2458 5190 2700 5252; x_wconf 72' lang='grc' dir='ltr'><strong>αςεθδεὶι(</strong></span> <span class='ocrx_word' id='word_1_906' title='bbox 2708 5186 2829 5240; x_wconf 82' lang='lat' dir='ltr'><strong>Ibid</strong></span> <span class='ocrx_word' id='word_1_907' title='bbox 2838 5231 2849 5243; x_wconf 92' lang='lat'><strong>.</strong></span> <span class='ocrx_word' id='word_1_908' title='bbox 2872 5207 2919 5242; x_wconf 86' lang='grc' dir='ltr'><strong>υ.</strong></span> <span class='ocrx_word' id='word_1_909' title='bbox 2941 5190 3053 5259; x_wconf 75' lang='grc'><strong>47),</strong></span> <span class='ocrx_word' id='word_1_910' title='bbox 3074 5191 3272 5260; x_wconf 84' lang='lat' dir='ltr'><strong>inquit,</strong></span> <span class='ocrx_word' id='word_1_911' title='bbox 3296 5193 3601 5263; x_wconf 80' lang='lat' dir='ltr'><strong>ipsequeilli</strong></span> <span class='ocrx_word' id='word_1_912' title='bbox 3633 5196 3771 5247; x_wconf 84' lang='lat' dir='ltr'><strong>lidu-</strong></span> 
     </span>
    </p>
   </div>
   <div class='ocr_carea' id='block_1_117' title="bbox 2179 5280 3767 5356">
    <p class='ocr_par' dir='ltr' id='par_1_117' title="bbox 2179 5280 3767 5356">
     <span class='ocr_line' id='line_1_117' title="bbox 2179 5280 3767 5356; baseline 0.006 -23"><span class='ocrx_word' id='word_1_913' title='bbox 2179 5283 2315 5335; x_wconf 89' lang='lat' dir='ltr'><strong>ciant</strong></span> <span class='ocrx_word' id='word_1_914' title='bbox 2349 5280 2559 5343; x_wconf 87' lang='lat' dir='ltr'><strong>indidit,</strong></span> <span class='ocrx_word' id='word_1_915' title='bbox 2592 5292 2643 5332; x_wconf 90' lang='lat' dir='ltr'><strong>et</strong></span> <span class='ocrx_word' id='word_1_916' title='bbox 2690 5296 2809 5333; x_wconf 87' lang='lat' dir='ltr'><strong>cum</strong></span> <span class='ocrx_word' id='word_1_917' title='bbox 2842 5282 3083 5349; x_wconf 85' lang='lat' dir='ltr'><strong>corporis</strong></span> <span class='ocrx_word' id='word_1_918' title='bbox 3133 5284 3436 5339; x_wconf 81' lang='lat' dir='ltr'><strong>valetudine</strong></span> <span class='ocrx_word' id='word_1_919' title='bbox 3464 5327 3481 5351; x_wconf 89' lang='lat'><strong>,</strong></span> <span class='ocrx_word' id='word_1_920' title='bbox 3527 5287 3632 5340; x_wconf 79' lang='lat' dir='ltr'><strong>alia</strong></span> <span class='ocrx_word' id='word_1_921' title='bbox 3668 5288 3767 5356; x_wconf 73' lang='lat' dir='ltr'><strong>ipsi</strong></span> 
     </span>
    </p>
   </div>
   <div class='ocr_carea' id='block_1_118' title="bbox 2181 5372 3761 5448">
    <p class='ocr_par' dir='ltr' id='par_1_118' title="bbox 2181 5372 3761 5448">
     <span class='ocr_line' id='line_1_118' title="bbox 2181 5372 3761 5448; baseline 0.006 -23"><span class='ocrx_word' id='word_1_922' title='bbox 2181 5374 2367 5427; x_wconf 83' lang='lat' dir='ltr'><strong>viatica</strong></span> <span class='ocrx_word' id='word_1_923' title='bbox 2398 5373 2581 5435; x_wconf 88' lang='lat' dir='ltr'><strong>dedit,</strong></span> <span class='ocrx_word' id='word_1_924' title='bbox 2615 5373 2823 5436; x_wconf 75' lang='lat' dir='ltr'><strong>tlll&#39;CtlS,</strong></span> <span class='ocrx_word' id='word_1_925' title='bbox 2862 5372 2997 5425; x_wconf 77' lang='lat' dir='ltr'><strong>Vnde</strong></span> <span class='ocrx_word' id='word_1_926' title='bbox 3021 5375 3071 5427; x_wconf 88' lang='lat' dir='ltr'><strong>in</strong></span> <span class='ocrx_word' id='word_1_927' title='bbox 3095 5392 3220 5443; x_wconf 80' lang='lat' dir='ltr'><strong>pace</strong></span> <span class='ocrx_word' id='word_1_928' title='bbox 3255 5376 3410 5445; x_wconf 84' lang='lat' dir='ltr'><strong>(Ibid.</strong></span> <span class='ocrx_word' id='word_1_929' title='bbox 3448 5395 3492 5431; x_wconf 85' lang='grc' dir='ltr'><strong><em>υ.</em></strong></span> <span class='ocrx_word' id='word_1_930' title='bbox 3526 5380 3619 5448; x_wconf 68' lang='grc'><strong>43)</strong></span> <span class='ocrx_word' id='word_1_931' title='bbox 3669 5380 3761 5435; x_wconf 72' lang='grc'><strong>25.</strong></span> 
     </span>
    </p>
   </div>
   <div class='ocr_carea' id='block_1_119' title="bbox 2190 5464 3761 5538">
    <p class='ocr_par' dir='ltr' id='par_1_119' title="bbox 2190 5464 3761 5538">
     <span class='ocr_line' id='line_1_119' title="bbox 2190 5464 3761 5538; baseline 0.006 -23"><span class='ocrx_word' id='word_1_932' title='bbox 2190 5464 2402 5517; x_wconf 80' lang='lat' dir='ltr'><strong>Veniens</strong></span> <span class='ocrx_word' id='word_1_933' title='bbox 2434 5476 2609 5517; x_wconf 90' lang='lat' dir='ltr'><strong>autem</strong></span> <span class='ocrx_word' id='word_1_934' title='bbox 2654 5466 2704 5517; x_wconf 86' lang='lat' dir='ltr'><strong>in</strong></span> <span class='ocrx_word' id='word_1_935' title='bbox 2745 5466 2948 5517; x_wconf 86' lang='lat' dir='ltr'><strong>domum</strong></span> <span class='ocrx_word' id='word_1_936' title='bbox 2976 5466 3218 5535; x_wconf 74' lang='lat' dir='ltr'><strong>principis</strong></span> <span class='ocrx_word' id='word_1_937' title='bbox 3243 5510 3257 5531; x_wconf 92' lang='lat'><strong>,</strong></span> <span class='ocrx_word' id='word_1_938' title='bbox 3291 5469 3559 5538; x_wconf 77' lang='lat' dir='ltr'><strong>vidensque</strong></span> <span class='ocrx_word' id='word_1_939' title='bbox 3598 5472 3761 5524; x_wconf 71' lang='lat' dir='ltr'><strong>tibici-</strong></span> 
     </span>
    </p>
   </div>
   <div class='ocr_carea' id='block_1_120' title="bbox 2180 5555 3761 5622">
    <p class='ocr_par' dir='ltr' id='par_1_120' title="bbox 2180 5555 3761 5622">
     <span class='ocr_line' id='line_1_120' title="bbox 2180 5555 3761 5622; baseline 0.004 -14"><span class='ocrx_word' id='word_1_940' title='bbox 2180 5572 2265 5608; x_wconf 77' lang='lat' dir='ltr'><strong>nes</strong></span> <span class='ocrx_word' id='word_1_941' title='bbox 2294 5566 2339 5608; x_wconf 77' lang='lat' dir='ltr'><strong>et</strong></span> <span class='ocrx_word' id='word_1_942' title='bbox 2382 5555 2578 5608; x_wconf 71' lang='lat' dir='ltr'><strong>tto-bam</strong></span> <span class='ocrx_word' id='word_1_943' title='bbox 2621 5557 3007 5609; x_wconf 81' lang='lat' dir='ltr'><strong>tumultuantem</strong></span> <span class='ocrx_word' id='word_1_944' title='bbox 3038 5598 3055 5622; x_wconf 91' lang='lat'><strong>,</strong></span> <span class='ocrx_word' id='word_1_945' title='bbox 3105 5558 3194 5613; x_wconf 70' lang='grc'><strong>21.</strong></span> <span class='ocrx_word' id='word_1_946' title='bbox 3227 5560 3357 5613; x_wconf 71' lang='lat' dir='ltr'><strong>dixit</strong></span> <span class='ocrx_word' id='word_1_947' title='bbox 3388 5576 3408 5613; x_wconf 88' lang='lat'><strong><em>:</em></strong></span> <span class='ocrx_word' id='word_1_948' title='bbox 3460 5561 3716 5615; x_wconf 70' lang='lat' dir='ltr'><strong>Discedite</strong></span> <span class='ocrx_word' id='word_1_949' title='bbox 3739 5577 3761 5616; x_wconf 85' lang='lat'><strong>.&#39;</strong></span> 
     </span>
    </p>
   </div>
   <div class='ocr_carea' id='block_1_121' title="bbox 2181 5648 3760 5712">
    <p class='ocr_par' dir='ltr' id='par_1_121' title="bbox 2181 5648 3760 5712">
     <span class='ocr_line' id='line_1_121' title="bbox 2181 5648 3760 5712; baseline 0.003 -10"><span class='ocrx_word' id='word_1_950' title='bbox 2181 5664 2280 5703; x_wconf 86' lang='lat' dir='ltr'><strong>non</strong></span> <span class='ocrx_word' id='word_1_951' title='bbox 2306 5658 2376 5701; x_wconf 74' lang='lat' dir='ltr'><strong>cst</strong></span> <span class='ocrx_word' id='word_1_952' title='bbox 2404 5648 2532 5701; x_wconf 76' lang='lat' dir='ltr'><strong>enim</strong></span> <span class='ocrx_word' id='word_1_953' title='bbox 2556 5660 2752 5701; x_wconf 82' lang='lat' dir='ltr'><strong>mortua</strong></span> <span class='ocrx_word' id='word_1_954' title='bbox 2782 5648 2950 5712; x_wconf 71' lang='lat' dir='ltr'><strong>puella</strong></span> <span class='ocrx_word' id='word_1_955' title='bbox 2971 5688 2986 5706; x_wconf 90' lang='lat'><strong>.</strong></span> <span class='ocrx_word' id='word_1_956' title='bbox 3023 5650 3111 5703; x_wconf 74' lang='lat' dir='ltr'><strong>sed</strong></span> <span class='ocrx_word' id='word_1_957' title='bbox 3142 5650 3349 5706; x_wconf 82' lang='lat' dir='ltr'><strong>dormit.</strong></span> <span class='ocrx_word' id='word_1_958' title='bbox 3378 5652 3443 5707; x_wconf 78' lang='lat' dir='ltr'><strong>Et</strong></span> <span class='ocrx_word' id='word_1_959' title='bbox 3467 5653 3760 5709; x_wconf 81' lang='lat' dir='ltr'><strong>deridebant</strong></span> 
     </span>
    </p>
   </div>
  </div>
