4080 6138
322 226 422 282 571

322 340 630 414 παχύτητα.
659 343 764 398 Δύο
782 344 891 416 γὰρ
907 343 1129 398 ἀπαιτεῖ
1150 360 1226 397 πα
1233 342 1303 414 9&
1319 343 1414 397 τοῦ
1439 345 1695 416 Χριστοῦ,
1716 347 1807 401 καὶ
1828 365 2006 419 παρα⁶

322 420 579 497 γενέσθμι
626 422 808 487 αὐτὸν,
852 424 947 476 καὶ
1000 423 1103 492 τὴν
1148 425 1305 494 χεῖρα
1358 422 1662 476 ἐπιθεῖναι·
1719 425 1857 496 ὅπερ
1905 444 2004 497 ση-

325 499 477 566 μεῖον
504 493 573 570 ἦν
610 500 705 553 τοῦ
735 502 1056 555 καταλιπεῖν
1083 493 1251 572 αὐτὴν
1302 500 1644 570 ἐμπνέουσαν
1685 502 1786 557 ἐτι.
1826 493 2006 556 ’Τοῦτο

325 577 420 628 καὶ
466 578 494 630 6
538 576 706 650 Σύρος
743 580 948 642 ἐκεῖνος
989 581 1018 632 6
1068 579 1289 648 Νεεμάν
1335 579 1428 631 τὸν
1463 581 1748 651 προφήτην
1779 580 2000 651 ἀπῄτει.

326 655 585 723 Ἔλεγον
618 656 746 726 γὰρ,
773 658 956 727 φησὶν,
997 657 1086 711 ὅτι
1111 657 1131 689 ⁸
1161 658 1259 710 καί
1293 657 1706 721 ἐξελεύσεται,
1743 658 1842 712 καὶ
1890 659 2006 726 τὴν

323 733 493 802 1879a
510 735 698 789 αὐτοῦ
733 737 1027 805 ἐπιθήσει.
1060 737 1167 791 Kal
1208 736 1317 805 7&9
1355 737 1447 788 καὶ
1476 735 1651 805 ὅψεως
1675 736 1884 791 δέονται
1911 739 2004 791 καὶ

322 813 600 884 αἰσθητῶν
628 817 972 886 πραγμάτων
1019 817 1069 869 οί
1111 815 1419 887 παχύτερον
1450 815 1805 886 διακείμενοι.
1842 815 1944 870 Καὶ
1973 819 2003 869 6

326 890 427 962 μὲν
459 893 685 964 Μάρκος
721 896 907 964 φησὶν,
931 895 1012 947 ὅτι
1039 897 1164 958 τοὺς
1192 896 1340 964 τρεῖς
1365 893 1522 946 ἐλαϐε
1553 893 1820 964 μαθητὰς,
1855 893 1943 948 kal
1971 894 2000 946 δ

323 971 570 1034 Λουκᾶς·
595 968 751 1036 οὗτος
774 974 829 1026 δέ
863 974 1050 1038 ἁπλῶς
1096 991 1224 1043 φησι
1265 975 1392 1035 τοὺς
1418 973 1688 1044 μαθητάς.
1729 973 1886 1036 Τίνος
1909 969 2002 1026 οὖν

321 1049 508 1104 ἐνεκεν
533 1051 622 1105 τὸν
653 1052 932 1106 Ματθαῖον
971 1054 1032 1105 οὐ
1068 1051 1368 1122 παρέλαϐε,
1408 1052 1650 1120 καίτοιγε
1681 1054 1805 1122 ἄρτι
1829 1068 1999 1121 προσ-

321 1128 578 1192 ελθόντας
615 1131 710 1196 Είς
753 1132 974 1185 πλείονα
1020 1133 1182 1184 αὐτὸν
1222 1129 1515 1201 ἐπιθυμίαν
1553 1129 1856 1201 ἐμϐάλλων,
1908 1130 2001 1182 καὶ

320 1208 412 1263 διὰ
434 1209 496 1263 τὸ
537 1212 889 1284 ἀτελέστερον
919 1213 999 1265 ἐτι
1044 1211 1368 1264 διακεῖσθαι.
1400 1204 1638 1282 Διὰγάρ
1670 1208 1829 1261 τοῦτο
1857 1207 1999 1261 ἐκεί-

319 1305 447 1352 νους
485 1292 640 1361 τιμᾷ,
670 1292 756 1345 ἵνα
785 1284 932 1344 οὗτοι
976 1292 1093 1344 κατ’
1125 1291 1366 1354 ἐκείνους
1404 1291 1690 1358 γένωνται.
1725 1289 1912 1359 Τούτῳ
1943 1287 2000 1341 δὲ

320 1369 482 1438 ῆρκει
520 1371 657 1435 τέως
688 1373 755 1425 τὰ
779 1372 801 1402 ⁸
837 1369 978 1424 κατά
1016 1370 1117 1440 τὴν
1167 1370 1567 1441 αἰμορῤοοῦσαν
1619 1370 1770 1435 ἰδεῖν,
1814 1371 1909 1422 καὶ
1939 1368 1998 1422 τὸ

319 1448 570 1524 τραπέζῃ
612 1450 932 1522 τιμηθῆναι,
989 1451 1084 1503 καὶ
1121 1449 1429 1519 κοινωνία⁷
1459 1449 1623 1502 ἀλῶν.
1680 1447 1996 1500 ’Λναστάντι

317 1525 379 1578 δέ
407 1529 733 1596 ἠκολούθουν
766 1529 971 1591 πολλοὶ,
991 1529 1069 1592 ὡς
1091 1529 1184 1582 ἐπὶ
1209 1527 1447 1598 θαύματι
1492 1526 1732 1598 μεγάλῳ,
1774 1527 1868 1579 καὶ
1907 1526 1995 1580 διὰ

319 1605 383 1657 τὸ
417 1607 710 1678 πρόσωπον
749 1607 812 1660 τὸ
859 1608 1232 1678 παραγεγονὸς
1251 1647 1266 1669 ,
1301 1607 1395 1659 καὶ
1425 1607 1508 1658 ὅτι
1538 1607 1587 1658 οἰ
1636 1604 1852 1666 πλείους
1892 1621 1996 1656 πα-

319 1683 550 1754 χύτερον
596 1685 932 1756 διακείμενοι
985 1686 1083 1754 οὐχ
1125 1685 1268 1740 οὕτω
1315 1683 1495 1754 ψυχῆς
1535 1683 1882 1754 ἐπιμέλειαν,
1919 1682 1994 1744 ὡς

321 1761 576 1832 σώματος
613 1765 856 1836 ἰατρείαν
887 1763 1111 1836 ἐζήτουν
1132 1781 1145 1795 ·
1194 1763 1290 1816 καὶ
1321 1763 1632 1833 συνέρρεον,
1676 1761 1726 1812 οί
1761 1761 1857 1828 μὲν
1889 1759 1997 1812 ὑπὸ

316 1840 426 1894 τῶν
458 1843 674 1897 οἰκείων
705 1843 1098 1914 συνωθούμενοι
1132 1843 1341 1907 παθῶν,
1391 1843 1441 1894 οἱ
1471 1841 1530 1894 δέ
1561 1841 1662 1909 τῆς
1691 1839 1800 1892 τῶν
1840 1838 1996 1892 ἀλλο-

317 1921 486 1991 τρίων
526 1921 866 1992 διορθώσεως
914 1922 1239 1986 σπεύδοντες
1269 1921 1459 1975 θεαταὶ
1484 1919 1774 1987 γενέσθαι·
1820 1917 1995 1985 λόγων

314 1999 376 2052 δέ
403 2000 587 2053 ἐνεκεν
613 2003 707 2054 καὶ
731 2001 1076 2064 διδασκαλίας
1105 2003 1532 2072 προηγουμένως
1575 1997 1748 2065 ὀλίγοι
1791 1999 1839 2050 οἱ
1864 1995 1992 2066 παρ’

317 2077 520 2132 αὐτὸν⁸
543 2080 835 2148 φοιτῶντες
859 2075 1000 2150 ἦσαν
1032 2080 1188 2143 τέως.
1216 2080 1290 2134 Οὐ
1323 2077 1430 2150 μὴν
1462 2078 1645 2131 εἴασεν
1683 2076 1881 2139 αὐτοὺς
1913 2075 1995 2136 εἰς

317 2157 419 2226 τὴν
459 2158 637 2211 οἰκίαν
679 2158 962 2222 εἰσελθεῖν,
1013 2157 1149 2212 ἀλλὰ
1187 2159 1313 2221 τοὺς
1357 2157 1606 2228 μαθητὰς
1660 2154 1840 2225 μόνον,
1900 2153 1994 2206 καὶ

316 2239 440 2292 οῦδέ
456 2238 676 2302 τούτους
704 2236 930 2302 πάντας,
957 2236 1234 2308 πανταχοῦ
1256 2237 1528 2290 παιδεύων
1548 2236 1694 2306 ἡμᾶς
1714 2234 1813 2304 τὴν
1844 2232 1994 2301 παρά

315 2317 428 2370 τῶν
456 2317 666 2371 πολλῶν
689 2318 1104 2391 διακρούεσθαι⁹
1136 2315 1314 2381 δόξαν.

387 2397 496 2451 Καὶ
518 2396 666 2460 ἰδοὺ,
701 2390 854 2468 φησὶ,
897 2396 1050 2466 γυνὴ
1077 2397 1146 2450 ἐν
1159 2397 1338 2464 ῥύσει
1367 2394 1614 2462 αἵματος
1637 2390 1867 2445 δώδεκα
1887 2391 1991 2459 ἔτη

316 2471 569 2542 ἔχουσα,
590 2475 940 2545 προσῆλθεν
962 2475 1234 2539 ὄπισθεν,
1262 2473 1361 2527 καὶ
1383 2473 1580 2540 ἥψατο
1602 2469 1708 2524 τοῦ
1731 2469 1993 2537 κρασπέ-

315 2551 428 2606 δου
467 2555 572 2609 τοῦ
598 2555 829 2624 ἱματίου
854 2555 1060 2610 αὑτοῦ.
1098 2555 1309 2622 Ἔλεγε
1339 2551 1445 2621 γὰρ
1482 2551 1551 2602 ἐν
1581 2547 1767 2618 ἑαυτῇ
1792 2565 1804 2578 ·
1853 2548 1992 2602 Ἐὰν

308 2633 505 2702 μόνον
525 2635 762 2704 ἅψωμαι
792 2635 896 2688 τοῦ
922 2632 1156 2702 ἱματίου
1183 2633 1226 2663 ¹⁰
1256 2629 1462 2694 αὑτοῦ,
1502 2629 1870 2697 σωθήσομαι.
1899 2626 1991 2679 Τί-

317 2729 407 2776 νος
432 2713 618 2767 ἕνεκεν
640 2703 700 2767 οὐ
728 2714 865 2784 μετά
891 2711 1207 2785 παρῤησίας
1235 2709 1384 2779 αὐτῷ
1407 2705 1761 2785 Απροσῆλθεν;
1799 2703 1991 2777 ᾘσχύ-

315 2810 440 2847 νετο
506 2793 594 2847 διά
654 2783 1320 2864 τδίπάθοςςάκάθαρτος
1377 2783 1515 2841 εῖναι
1558 2787 1874 2864 νομίζουσα.
1926 2787 1989 2864 Εἰ

315 2871 427 2944 γὰρ
465 2873 498 2943 ἡ
534 2874 591 2925 ἐν
637 2873 995 2943 καταμηνίοις
1043 2869 1176 2926 οὖσα
1202 2861 1308 2922 ὀὐκ
1341 2867 1513 2921 ἐδόκει
1547 2861 1687 2920 εἶναι
1735 2863 1984 2944 καθαρά,

316 2941 498 3022 πολλῷ
551 2952 750 3022 μᾶλλον
869 2952 1124 3022 τοιαύτην
1179 2947 1407 3002 νοσοῦσα
1453 2946 1606 2999 νόσον
1636 2945 1678 2976 ⁸⁸
1723 2943 1879 3023 τοῦτο
1923 2941 1989 2994 ἂν

316 3021 569 3102 ἐνόμισε·
603 3033 695 3085 καὶ
729 3021 838 3103 γάρ
872 3032 1039 3102 πολλῆ
1082 3021 1240 3099 ῦπαρά
1290 3025 1368 3097 τῷ
1413 3026 1562 3096 νόμῳ
1608 3021 1916 3094 ἀκαθαρσία
1946 3023 1988 3103 δ’

315 3100 596 3182 ἐνομίζετο
626 3108 764 3164 εἶναι
798 3100 857 3164 τὸ
902 3100 1092 3173 πάθος.
1128 3107 1228 3161 Διά
1257 3106 1416 3160 τοῦτο
1439 3103 1688 3160 λανθάνει
1729 3104 1824 3156 καὶ
1858 3100 1990 3182 29'6—

317 3180 532 3244 πτεται.
565 3191 789 3244 Οὐδέπω
834 3189 942 3259 γὰρ
964 3188 1007 3220 ⁸³
1038 3187 1158 3240 οὐδὲ
1189 3185 1326 3254 αὐτὴ
1359 3184 1460 3253 τὴν
1489 3182 1870 3252 προσήκουσαν
1896 3180 1990 3259 καὶ

315 3269 736 3341 ἀπηρτισμένην
785 3257 920 3338 περὶή
964 3265 1131 3322 αὐτοῦ
1179 3265 1336 3331 δόξαν
1393 3260 1571 3341 εῖχεν·
1608 3260 1730 3312 ἐπεὶ
1760 3259 1874 3341 ,οὐκ
1923 3257 1990 3341 ἄν

314 3334 537 3418 ἐνόμισε
567 3334 887 3400 λανθάνειν.
947 3345 1057 3398 Kal
1109 3345 1298 3416 πρώτη
1340 3340 1701 3413 προσέρχεται
1755 3334 1991 3407 δημοσίᾳ

315 3424 459 3496 αὕτη
513 3428 546 3496 ἡ
576 3427 746 3497 γυνή·
787 3426 880 3479 καὶ
912 3425 1016 3495 γάρ
1045 3423 1276 3493 ῆκουσεν
1307 3424 1390 3476 ὅτι
1419 3422 1510 3474 καὶ
1539 3419 1802 3488 γυναῖκας
1831 3419 1986 3486 θερα-

316 3505 495 3571 πεύει,
520 3507 613 3560 καὶ
639 3506 720 3558 ὅτι
751 3505 842 3557 ἐπὶ
866 3504 928 3557 τὸ
953 3503 1244 3573 θυγάτριον
1270 3503 1569 3571 ἀπέρχεται
1597 3498 1657 3550 τδ
1677 3497 1990 3565 τετελευτη-

317 3587 436 3650 κός.
468 3587 579 3640 Kal
597 3586 677 3647 είς
696 3585 795 3652 τὴν
812 3583 988 3637 οἰκίαν
1020 3583 1118 3653 μὲν
1144 3582 1305 3635 αὐτὸν
1325 3581 1552 3635 καλέσαι
1577 3579 1676 3632 οὐκ
1699 3577 1986 3647 ἐτόλμησε,

319 3666 564 3733 καίτοιγε
610 3663 839 3734 εὔπορος
891 3657 1054 3716 οὖσα·
1088 3662 1201 3715 ἀλλ’
1247 3660 1371 3714 οῦτε
1407 3659 1643 3730 δημοσίᾳ
1689 3655 1984 3728 προσῆλθε,

315 3744 493 3817 λάθρα
535 3745 593 3798 δέ
628 3744 764 3814 μετά
795 3743 1028 3806 πίστεως
1074 3740 1181 3795 τῶν
1212 3739 1443 3817 ἱματίων
1483 3737 1688 3817 ἥψατο.-
1715 3736 1849 3817 Οὐδέ
1882 3735 1990 3808 γὰρ

317 3815 664 3894 ἀμφέϐαλεν,
695 3822 814 3876 οὐδὲ
849 3817 1001 3875 εἶπεν
1035 3823 1092 3874 ἐν
1118 3822 1317 3890 ἐαυτῇ·
1351 3815 1499 3888 Ἀρα
1531 3815 1988 3894 ἀπαλλαγήσομαι

319 3892 426 3957 τοῦ
463 3904 797 3974 νοσήματοςς
849 3895 960 3970 ἆρα
1001 3899 1102 3953 οὐκ
1147 3897 1642 3974 ἀπαλλαγήσομαι)
1671 3892 1992 3974 ἀλλάηθαρ-

321 3981 538 4050 ῥήσασα
566 3970 694 4050 περὶ
723 3979 820 4047 τῆς
847 3977 1058 4046 ὑγιείας
1086 3975 1230 4029 οὓτω
1261 3974 1582 4045 προσῆλθεν.
1609 3970 1761 4043 [558]
1785 3973 1993 4040 Ἔλεγε

321 4062 452 4129 γὰρ,
474 4059 658 4131 φησὶν,
675 4059 744 4111 ἐν
764 4055 950 4125 ἑαυτῇ
969 4073 981 4086 ·
999 4056 1134 4109 Ἐὰν
1152 4055 1344 4131 μόνον
1365 4054 1604 4122 ἅψωμαι
1631 4051 1736 4106 τοῦ
1758 4052 1991 4120 ἱματίου
2011 4100 2022 4111 ,

320 4129 914 4205 αὐτοῦ,“σωθήσομαι.
973 4133 1082 4187 Kal
1128 4132 1238 4202 7&9
1293 4129 1434 4186 εἶδεν
1482 4133 1548 4184 ἐκ
1583 4131 1741 4194 ποίας
1773 4131 1991 4202 ἐξῆλθεν

321 4216 516 4280 οἰκίας,
546 4217 644 4286 τῆς
688 4215 796 4268 τῶν
841 4212 1109 4280 τελωνῶν,
1139 4213 1234 4266 καὶ
1264 4211 1407 4275 τίνες
1435 4206 1576 4282 ἦσαν
1609 4212 1659 4263 of.
1698 4210 1988 4281 ἑπόμενοι,

322 4295 635 4367 ἁμαρτωλοὶ
651 4295 745 4349 καὶ
765 4291 994 4346 τελῶναι
1010 4309 1023 4322 ·
1059 4291 1155 4346 καὶ
1176 4290 1347 4345 ταῦτα
1367 4291 1548 4344 πάντα
1571 4289 1824 4342 εὐέλπιδα
1839 4290 1882 4320 ⁸⁵
1903 4291 1994 4344 αὐ-

319 4376 420 4445 τὴν
441 4375 682 4444 ἐποίησε.
708 4371 772 4426 Τί
790 4368 882 4426 οὖν
899 4375 926 4426 6
946 4371 1179 4442 Χριστός
1197 4388 1212 4436 ;
1235 4370 1348 4424 Οὐκ
1365 4370 1575 4440 ἀφῆκεν
1594 4367 1760 4438 αὐτὴν
1786 4367 1988 4435 λαθεῖν,

320 4453 436 4507 ἀλλ’
462 4453 541 4516 εἰς
574 4451 736 4522 μέσον
759 4452 879 4518 ἄγει
903 4450 998 4503 καὶ
1019 4449 1186 4521 δήλην
1212 4449 1522 4519 καθίστησι,
1553 4446 1762 4502 πολλῶν
1781 4447 1987 4503 ἕνεκεν.

321 4531 578 4598 Καίτοιγέ
628 4545 772 4592 τινες
821 4529 929 4582 τῶν
985 4527 1327 4600 ἀναισθήτων
1390 4526 1554 4595 φασὶ,
1605 4527 1763 4597 δόξης
1825 4527 1989 4580 αὐτὸν

320 4609 532 4682 ἐρῶντα
558 4607 714 4662 τοῦτο
750 4609 944 4660 ποιεῖν.
975 4607 1125 4682 Διατί
1162 4607 1292 4679 7&9,
1320 4607 1504 4676 φησιν,
1536 4606 1636 4659 οὐκ
1665 4606 1874 4677 ἀφῆκεν
1893 4606 1991 4659 αὐ-

319 4680 421 4760 τὴν
439 4686 652 4752 nam;
673 4685 738 4736 Τί
756 4685 952 4752 λέγεις,
983 4680 1026 4738 ὧ
1046 4688 1204 4758 μιαρὲ
1235 4687 1328 4739 καὶ
1353 4685 1640 4758 παμμίαρε
1662 4703 1675 4750 ς
1704 4688 1732 4738 6
1755 4684 1991 4738 κελεύων

323 4767 506 4838 σιγᾷν,
536 4766 565 4817 6
598 4764 767 4835 μυρία
795 4765 1151 4836 παρατρέχων
1181 4765 1452 4836 θαύματα,
1493 4762 1646 4829 οὗτος
1669 4764 1827 4834 δόξης
1857 4765 1988 4833 ἐρᾷ;

320 4846 480 4910 Τίνος
523 4840 616 4898 οὖν
639 4844 823 4897 ἐνεκεν
851 4847 929 4907 εἰς
978 4845 1141 4912 μέσον
1190 4846 1348 4913 ἄγει;
1378 4848 1604 4920 Πρῶτον
1634 4845 1750 4898 λύει
1780 4845 1840 4897 τὸ
1873 4844 1991 4908 δέος

318 4924 421 4994 τῆς
466 4923 745 4993 γυναικὸς,
776 4922 862 4975 ἵνα
904 4922 976 4994 μὴ
1023 4922 1128 4976 ὑπὸ
1154 4925 1249 4978 τοῦ
1283 4927 1584 4990 συνειδότος
1628 4924 1983 4994 κεντουμένη,

318 5003 572 5074 καθάπερ
616 5002 910 5071 κεκλοφυῖα
952 5003 1051 5073 τὴν
1080 5004 1305 5074 δωρεὰν,
1352 5006 1411 5059 ἐν
1457 5005 1668 5076 ἀγωνίᾳ
1717 5002 1988 5074 διατρίϐῃ.

320 5082 604 5153 Δεύτερον,
642 5081 812 5155 αὐτὴν
852 5081 1180 5150 διορθοῦται,
1219 5084 1405 5154 ἐπειδὴ
1439 5085 1655 5154 ἐνόμισε
1686 5082 1986 5136 λανθάνειν.

321 5163 537 5232 Τρίτον,
578 5163 710 5214 πᾶσι
751 5161 852 5229 τὴν
895 5161 1074 5213 πίστιν
1103 5162 1269 5234 αὐτῆς
1296 5163 1681 5229 ἐπιδείκνυται,
1724 5161 1864 5216 ὥστε
1897 5164 1992 5215 καὶ

319 5243 447 5305 τοὺς
473 5241 663 5304 ἄλλους
707 5239 982 5310 ζηλῶσαι·
1034 5241 1131 5293 καὶ
1173 5241 1267 5294 τοῦ
1317 5243 1510 5313 στῆσαι
1539 5243 1638 5306 τὰς
1681 5243 1866 5314 πηγάς
1896 5244 1988 5297 τοῦ

321 5320 552 5388 αἵματος
584 5322 685 5374 οὐκ
728 5320 944 5373 ἐλαττον
987 5321 1212 5388 σημεῖον
1240 5322 1557 5391 παρέχεται,
1604 5322 1667 5376 τὸ
1699 5325 1868 5390 δεῖξαι
1908 5325 1990 5377 ὅτι

393 5416 414 5446 ³
440 5417 633 5489 Ἔλεγε
668 5416 776 5489 γὰρ
801 5457 834 5489 ,ί
863 5417 945 5489 ὅτι
1002 5415 1137 5489 Ειιᾲ.
1415 5418 1475 5472 τὸ
1514 5420 1646 5474 Edd.

327 5553 459 5608 ΕΜ.
519 5553 531 5557 ⁷
564 5558 605 5586 ¹²
635 5557 968 5630 ἀκαθαρσία]
1003 5553 1139 5611 οὐαί
1160 5557 1294 5610 tofm

327 5626 374 5697 ‘f
400 5623 616 5678 εὔελπιν
650 5627 708 5680 F.
737 5629 1040 5681 εὐελπίσειν
1073 5627 1198 5697 (sic)
1232 5626 1294 5683 B.

1409 5629 1461 5704 I'A
1473 5629 1833 5704 πεπονθέναι]

332 5694 512 5762 γωδ.

1405 227 1471 283 IN
1512 228 1926 288 MATTHEUM
1967 230 2200 288 HOMIL.
2241 231 2433 286 XXXI.
2475 233 2544 286 al.
2587 231 2797 288 XXXII.

1746 5421 1768 5495 ξ
1800 5423 2082 5495 κοινωνίαν
2111 5423 2172 5478 F.
2206 5424 2535 5495 κοινωνῆσαι
2569 5427 2644 5495 Α.
2690 5424 2752 5480 Ε.

322 5485 772 5568 ἱάποκρούεσθαι
803 5487 968 5568 ΕιΙᾴκ
1017 5487 1066 5568 ”'_
1090 5485 1688 5568 ’ἱματίουᾘκριασπηέδου
1727 5490 1789 5544 F.
1819 5491 2049 5568 I_Mosq.

564 5558 605 5586 ”
635 5557 968 5649 ᾗκαθμρσίμ]
1003 5557 1504 5649 οὐρητοῦξοήιὶᾎϐ.
1542 5559 1601 5612 Ε.
1643 5557 1963 5649 ἐΛνρμ.1εἴγαι
2010 5557 2166 5646 τοῦτο
2197 5557 2284 5649 16';
2303 5582 2363 5620 π.

597 5645 616 5678 ν
650 5633 708 5680 F.
737 5633 1040 5681 εὐελπίσειν
1073 5633 1198 5697 (sic)
1232 5633 1294 5683 Β.
1409 5633 1451 5660 ⁸⁵
1483 5633 1833 5704 πεπονθέναι]
1875 5633 1993 5687 ὐποτ

597 5697 636 5727 "
663 5698 1020 5778 παραλυτικῷ
1373 5700 1490 5778 tm“
1522 5703 1696 5778 είπεῐν
1972 5706 1992 5736 ²

2099 5636 2210 5688 ὅσαι
2244 5633 2306 5689 F.
2403 5636 2446 5666 ¹⁶
2476 5635 2888 5706 εὐαγγελιστὴς]

2099 5705 2402 5778 ττερωμένη
2425 5705 2564 5778 Εόιί.
2592 5704 2660 5778 ἦν
2691 5722 2798 5759 ΟΠΙ.
2836 5705 2904 5778 I".

3671 237 3781 292 372

2116 349 2295 404 πάντα
2316 349 2618 402 ἐπίσταται.
2654 349 2903 411 Ἔπειτα,
2935 347 3026 400 τὸν
3047 347 3492 420 ἀρχισυνάγωγον
3519 351 3781 422 μέλλοντα

2111 428 2434 493 διαπιστεῖν,
2475 426 2765 497 καὶταύτῃ
2791 425 2854 478 τὸ
2886 427 2994 478 πᾶν
3019 425 3369 498 διαφθείρειν,
3403 429 3656 502 κατορθοῖ
3692 430 3778 484 διά

2104 507 2203 577 τῆς
2230 506 2507 574 γυναικός.
2543 507 2652 560 Kal
2679 505 2786 576 7&9
2815 505 2864 557 οί
2894 504 3137 568 ἐλθόντες
3163 505 3346 574 ἔλεγον
3369 522 3384 536 ·
3417 507 3516 576 Μὴ
3543 511 3780 564 σκύλλε

2104 583 2212 636 τὸν
2235 584 2632 646 Διδάσκαλον,
2661 583 2750 636 ὅτι
2791 583 3040 650 τέθνηκε
3075 584 3138 637 τὸ
3166 585 3482 653 κοράσιον·
3520 590 3614 642 καὶ
3640 589 3691 642 οἰ
3720 591 3779 640 ἐν
3812 613 3814 615 >

2103 667 2168 734 τῇ
2200 665 2348 736 οἰκίᾳ
2388 664 2694 731 κατεγέλων
2735 662 2897 716 αὐτοῦ
2931 663 3194 730 εἰπόντος,
3226 666 3306 718 ὅτι
3341 668 3645 722 Καθεύδει·
3685 670 3779 722 καὶ

2103 741 2247 804 εἰκὸς
2275 737 2343 812 ἦν
2376 741 2468 794 καὶ
2494 741 2584 793 τὸν
2616 741 2822 812 πατέρα
2854 741 3086 794 τοιοῦτόν
3115 760 3167 796 τι
3202 745 3531 799 πεπονθέναι
3565 748 3632 800 ⁸⁸.

2174 819 2238 889 β’.
2279 819 2378 873 Διά
2411 819 2566 872 τοῦτο
2595 819 3076 891 προδιορθούμενος
3105 821 3310 892 ταύτην
3342 823 3440 893 τὴν
3466 825 3772 879 ἀσθένειαν.

2100 897 2224 964 ἄγει
2257 897 2320 963 τὸ
2362 897 2582 974 γύναιον
2631 900 2710 961 εἰς
2763 897 2944 968 μέσον.
2981 899 3102 954 ’Ότι
3132 901 3241 972 7&9
3273 900 3380 955 τῶν
3415 903 3624 974 σφόδρα
3667 921 3775 956 πα-

2100 977 2344 1047 χυτέρων
2383 973 2450 1045 ἦν
2478 977 2704 1039 ἐκεῖνος,
2740 975 2969 1030 ἄκουσον
3002 979 3054 1030 τί
3085 997 3216 1048 φησι
3250 980 3385 1049 πρὸς
3427 973 3588 1034 αὐτόν
3610 999 3623 1011 ·
3675 981 3772 1048 Μὴ

2099 1055 2310 1123 φοϐοῦ,
2345 1054 2428 1107 σὺ
2457 1057 2652 1124 μόνον
2696 1057 2967 1119 πίστευε,
2999 1057 3095 1110 καὶ
3124 1056 3481 1122 σωθήσεται.
3519 1059 3630 1112 Καὶ
3667 1059 3773 1130 7&9

2098 1133 2188 1185 τὸν
2219 1133 2444 1187 θάνατον
2490 1132 2738 1202 ἐπίτηδες
2764 1134 2954 1203 ἔμενεν
2989 1134 3254 1199 ἐπελθεῖν,
3298 1138 3390 1190 καὶ
3435 1138 3556 1191 τότε
3597 1154 3776 1206 παρα-

2098 1210 2373 1278 γενέσθαι,
2399 1210 2538 1264 ὦστε
2573 1212 2715 1281 σαφῆ
2746 1212 2998 1280 γενέσθαι
3027 1213 3125 1282 τῆς
3146 1215 3496 1278 ἀναστάσεως
3519 1215 3615 1286 τὴν
3639 1215 3775 1269 ἀπό-

2096 1290 2278 1354 δειξιν.
2323 1292 2420 1344 Διά
2451 1291 2609 1344 τοῦτο
2647 1293 2738 1344 καὶ
2773 1293 3147 1364 σχολαιότερον
3196 1293 3401 1364 βαδίζει
3423 1336 3437 1360 ,
3468 1294 3562 1346 καὶ
3595 1293 3773 1346 διαλέ-

2096 1385 2252 1434 γεται
2297 1370 2362 1440 τῇ
2395 1367 2613 1436 γυναικὶ
2655 1369 2907 1432 πλείονα,
2963 1370 3050 1422 ἵνα
3093 1374 3422 1443 συγχωρήσῃ
3457 1371 3774 1442 τελευτῆσαι

2095 1445 2331 1515 ἐκείνην,
2365 1448 2457 1499 καὶ
2506 1447 2912 1516 παραγενέσθαι
2949 1449 3077 1511 τοὺς
3115 1450 3289 1502 ταῦτα
3332 1450 3774 1518 ἀπαγγέλλοντας

2095 1524 2189 1576 καὶ¹
2237 1523 2492 1591 λέγοντας
2511 1540 2525 1554 ·
2578 1524 2674 1590 Μὴ
2724 1526 2961 1578 σκύλλε
3001 1525 3106 1579 τὸν
3153 1527 3553 1582 Διδάσκαλον.
3603 1527 3774 1582 Τοῦτο

2092 1600 2223 1668 γοῦν
2262 1603 2355 1655 καὶ
2387 1603 2414 1655 6
2448 1602 2841 1673 εὐαγγελιστὴς
2873 1604 2916 1634 ⁸⁸
2947 1605 3317 1674 αἰνιττόμενος
3356 1606 3772 1676 ἐπισημαίνεται

2094 1680 2287 1748 λέγων,
2318 1682 2400 1735 ὅτι
2436 1683 2564 1736 Ἔτι
2597 1682 2934 1748 λαλοῦντος
2973 1684 3182 1745 αὐτοῦ,
3223 1681 3411 1752 ἦλθον
3435 1689 3490 1739 οἱ
3518 1687 3638 1740 ἀπὸ
3665 1685 3777 1753 τῆς

2094 1761 2286 1826 οἰκίας
2300 1761 2603 1830 λέγοντες·
2627 1761 2920 1828 Τέθνηκεν
2936 1762 2974 1829 ἡ
2997 1761 3261 1832 θυγάτηρ
3278 1777 3418 1827 σου,
3437 1762 3523 1832 μὴ
3537 1765 3774 1818 σκύλλε

2095 1838 2203 1892 τὸν
2224 1839 2623 1894 Διδάσκαλον.
2666 1840 2946 1893 Ἐϐούλετο
2971 1841 3079 1910 γὰρ
3105 1838 3457 1912 πιστευθῆναι
3483 1842 3575 1895 τὸν
3607 1843 3772 1898 θάνα-

2094 1935 2206 1982 τον,
2251 1918 2338 1971 ἵνα
2383 1917 2456 1987 μὴ
2509 1918 2821 1990 ὑποπτευθῇ
2873 1921 2905 1989 ἠ
2955 1920 3270 1984 ἀνάστασις.
3309 1921 3419 1974 Καὶ
3449 1920 3608 1974 τοῦτο
3639 1939 3774 1975 παν-

2093 1997 2262 2067 ταχοῦ
2291 2000 2453 2052 ποιεῖ.
2503 1999 2659 2052 Οῦτω
2702 2000 2794 2052 καὶ
2825 1999 2917 2051 ἐπὶ
2951 1999 3044 2052 τοῦ
3081 1999 3356 2068 Λαζάρου.
3390 1999 3485 2054 καὶ
3512 2000 3642 2069 μίαν
3681 2001 3773 2054 καὶ¹

2092 2076 2352 2146 δευτέραν
2376 2076 2470 2129 καὶ
2491 2076 2682 2147 τρίτην
2705 2078 2918 2148 ἡμέραν
2947 2075 3150 2148 ἔμεινε.
3187 2077 3288 2130 Διά
3313 2078 3377 2148 δὴ
3399 2077 3573 2132 ταῦτα
3595 2079 3774 2133 πάντα

2095 2153 2220 2222 ἄγει
2274 2153 2441 2225 αὐτὴν
2491 2156 2572 2218 είς
2624 2155 2809 2226 μέσον,
2859 2155 2952 2209 καί
3001 2173 3159 2226 φησι·
3197 2155 3436 2223 Θάρσει,
3482 2157 3769 2225 θύγατερ·

2094 2232 2282 2302 ὥσπερ
2327 2236 2422 2287 καὶ
2470 2233 2547 2304 τῷ
2603 2235 2898 2306 παραλύτῳ
2923 2235 2966 2266 ¹⁷
3009 2234 3160 2304 ἔλεγε
3185 2251 3196 2262 ·
3243 2234 3490 2303 Θάρσει,
3538 2235 3769 2290 τέκνον.

2094 2309 2200 2364 Καὶ
2229 2310 2336 2384 γὰρ
2366 2313 2620 2384 περιδεὴς
2653 2309 2720 2385 ἦν
2750 2316 2784 2384 ή
2821 2315 2957 2384 γυνή
2980 2330 2995 2344 ·
3029 2314 3117 2366 διὰ
3149 2313 3307 2367 τοῦτό
3338 2330 3494 2384 φησι,
3532 2312 3772 2382 Θάρσει,

2095 2391 2189 2444 καὶ
2238 2391 2511 2460 θυγατέρα
2555 2392 2743 2446 καλεῖ·
2795 2395 2829 2464 ἡ
2879 2392 2986 2463 γὰρ
3041 2393 3223 2455 πίστις
3281 2392 3452 2464 αὐτὴν
3497 2393 3774 2464 θυγατέρα

2093 2469 2370 2540 ἐποίησεν.
2420 2467 2554 2524 Εἶτα
2609 2472 2702 2524 καὶ
2730 2471 2790 2524 τὸ
2830 2469 3105 2540 ἐγκώμιον
3133 2488 3146 2502 ·
3195 2471 3258 2525 Ἡ
3283 2471 3487 2538 πίστις
3521 2486 3637 2526 σου
3671 2471 3774 2526 σέ-

2093 2547 2253 2602 σωκέ
2281 2563 2375 2602 σε.
2419 2549 2476 2603 Ὀ
2507 2550 2564 2603 δὲ
2593 2551 2808 2614 Λουκᾶς
2841 2550 2935 2603 καὶ
2963 2549 3182 2603 πλείονα
3213 2550 3418 2603 τούτων
3452 2551 3581 2621 ἡμῖν
3609 2550 3772 2620 ἕτερα

2093 2628 2428 2698 ἀπαγγέλλει
2453 2630 2581 2697 περὶ
2606 2628 2704 2698 τῆς
2739 2629 3013 2698 γυναικός.
3061 2628 3279 2700 Ἐπειδὴ
3311 2629 3420 2698 γὰρ
3462 2628 3770 2700 προσῆλθε,

2094 2710 2247 2780 φησὶ,
2301 2707 2395 2761 καὶ
2449 2708 2548 2778 τὴν
2592 2707 2802 2775 ὑγίειαν
2857 2707 3068 2772 ἐλαϐεν,
3112 2709 3212 2762 οὐκ
3257 2708 3462 2769 εὐθέως
3510 2707 3773 2762 ἐκάλεσεν

2093 2787 2261 2858 αὐτὴν
2289 2787 2318 2839 6
2348 2786 2604 2858 Χριστὸς,
2636 2786 2769 2840 ἀλλά
2801 2787 3062 2860 πρότερόν
3100 2803 3262 2857 φησι·
3294 2785 3446 2860 {359]
3488 2788 3582 2852 Τίς
3602 2787 3776 2841 ἐστιν

2096 2870 2130 2922 ό
2157 2866 2462 2936 ἁψάμενός
2493 2884 2648 2935 μου;
2677 2864 2807 2920 Εἶτα
2830 2867 2922 2920 τοῦ
2960 2869 3168 2938 Πέτρου
3195 2867 3291 2920 καὶ
3324 2866 3431 2918 τῶν
3461 2869 3576 2936 μετ’
3606 2863 3770 2920 αὐτοῦ

2093 2945 2394 3013 λεγόντων·
2441 2945 2795 3010 Ἐπιστάτα,
2842 2949 2896 3000 οἱ
2943 2945 3116 3013 ὄχλοι
3162 2945 3502 3014 συνέχουσι
3553 2959 3627 2998 σε
3674 2943 3775 2998 καί

2096 3024 2514 3087 ἀποθλίϐουσι,
2565 3023 2661 3077 καὶ
2699 3024 2917 3095 λέγεις,
2959 3025 3052 3090 Τίς
3085 3029 3118 3079 ὁ
3165 3025 3474 3095 ἁψάμενός
3513 3041 3665 3094 μου;
3705 3029 3724 3087 (
3743 3024 3772 3076 6

2101 3103 2355 3173 μέγιστον
2397 3099 2466 3171 ῆν
2505 3106 2727 3172 σημεῖον
2758 3103 2852 3156 τοῦ
2885 3105 2978 3157 καὶ
3012 3105 3190 3176 σάρκα
3228 3105 3390 3157 αὐτὸν
3414 3105 3585 3174 ἀληθῆ
3615 3121 3771 3173 περι-

2097 3182 2343 3243 κεῖσθαι,
2381 3184 2476 3236 καὶ
2508 3184 2688 3236 πάντα
2731 3185 2899 3251 τύφον
2929 3187 3295 3237 καταπατεῖν·
3328 3185 3449 3238 οὐδὲ
3487 3185 3594 3255 γὰρ
3636 3184 3772 3254 πὸῥ-

2100 3260 2272 3330 ρωθεν
2299 3261 2515 3314 εἵποντο
2535 3299 2550 3322 ,
2589 3261 2725 3314 ἀλλὰ
2749 3265 2994 3332 συνεῖχον
3036 3263 3198 3316 αὐτὸν
3239 3262 3505 3318 πάντοθεν
3525 3262 3572 3332 ·)
3613 3262 3771 3325 αὐτὸς

2096 3341 2152 3394 δέ
2179 3341 2429 3412 ἐπέμενε,
2456 3344 2612 3412 φησὶ,
2639 3340 2835 3410 λέγων,
2857 3343 2939 3394 ὅτι
2978 3344 3206 3410 Ἠψιατό
3240 3343 3359 3412 μού
3389 3359 3497 3407 τις·
3526 3340 3641 3410 ἐγὼ
3665 3342 3772 3409 γὰρ

2097 3420 2289 3490 ἔγνων
2321 3421 2577 3488 δύναμιν
2609 3420 2678 3484 ἐξ
2719 3420 2864 3489 ἐμοῦ
2895 3421 3274 3485 ἐξελθοῦσαν
3293 3437 3304 3449 ·
3340 3421 3476 3494 πρὸς
3510 3420 3607 3491 τὴν
3641 3420 3775 3471 ὑπό-

2097 3516 2244 3554 νοιαν
2273 3499 2383 3552 τῶν
2428 3500 2731 3553 ἀκουόντων
2757 3499 3063 3572 παχύτερον
3112 3500 3559 3572 ἀποκρινόμενος.
3587 3496 3774 3552 Ταῦτα

2096 3579 2153 3632 δέ
2188 3578 2394 3648 ἔλεγεν,
2420 3579 2508 3631 ἵνα
2531 3579 2624 3632 καὶ
2651 3579 2864 3648 ἐκείνην
2885 3580 2977 3646 ἀφ’
3006 3580 3204 3648 ἐαυτῆς
3231 3579 3564 3650 ὁμολογῆσαι
3587 3578 3772 3650 πείσῃ.

2097 3655 2196 3710 Διά
2236 3657 2345 3729 7&9
2382 3657 2540 3711 τοῦτο
2571 3657 2690 3711 οὐδέ
2733 3657 2936 3722 εὐθέως
2979 3659 3148 3730 αὐτὴν
3180 3658 3426 3730 ἤλεγξεν,
3462 3659 3550 3712 ἵνα
3595 3657 3777 3723 δείξας

2097 3735 2178 3788 ὅτι
2209 3737 2385 3790 πάντα
2417 3732 2526 3790 οἶδε
2580 3736 2796 3804 σαφῶς,
2841 3736 3146 3807 αὐτόματον
3204 3737 3366 3809 πείσῃ
3419 3739 3598 3792 πάντα
3633 3735 3772 3801 ἐξει-

2098 3817 2218 3868 πεῖν
2248 3817 2384 3879 ¹’⁸·²⁰,
2420 3815 2513 3869 καὶ
2540 3815 2709 3884 αὐτὴν
2734 3813 3075 3886 ἀνακηρῦξαι
3108 3815 3170 3869 τὸ
3193 3816 3560 3886 γεγενημένον
3593 3832 3771 3886 παρα·-

2099 3903 2341 3973 σκευάσῃ
2361 3943 2376 3967 ,
2408 3904 2499 3955 καὶ
2531 3901 2605 3973 μὴ
2628 3902 2802 3969 λέγων
2828 3900 3067 3966 ὕποπτος
3092 3899 3230 3956 εῖναι
3259 3903 3407 3974 δόξῃ.

2169 3980 2320 4044 Εἶδες
2359 3979 2453 4034 τοῦ
2487 3980 2938 4051 ἀρχισυναγώγου
2987 3980 3230 4050 βελτίονα
3258 3980 3354 4051 τὴν
3382 3983 3650 4049 γυναῖκας
3695 3981 3771 4034 Οὐ

2098 4061 2382 4130 κατέσχεν,
2428 4060 2527 4113 οὐκ
2572 4060 2905 4130 ἐκράτησεν·
2935 4059 3050 4112 ἀλλ’
3097 4061 3288 4131 ἄκροις
3335 4063 3446 4124 τοῖς
3490 4059 3778 4122 δακτύλοις-

2097 4141 2274 4212 ἦψατο
2314 4140 2494 4210 μόνον,
2541 4139 2636 4192 καὶ
2683 4138 2885 4208 ὑστέρα
2918 4137 3178 4202 ἐλθοῦσα,
3219 4138 3459 4209 προτέρα
3506 4140 3775 4210 θεραπευ-

2094 4219 2248 4272 θεῖσα
2275 4217 2501 4288 ἀπῆλθε.
2530 4217 2642 4270 Kal
2674 4219 2878 4280 ἐκεῖνος
2911 4217 3008 4288 μὲν
3046 4216 3166 4269 ὅλον
3197 4217 3288 4270 τὸν
3320 4217 3500 4287 ἰατρὸν
3532 4213 3664 4288 ἦγεν
3693 4219 3774 4279 εἰς

2092 4299 2189 4371 τὴν
2213 4297 2386 4351 οἰκίαν
2407 4310 2420 4323 '
2448 4297 2622 4370 ταύτῃ
2639 4297 2696 4351 δέ
2723 4297 2926 4368 ῆρκεσε
2958 4297 3053 4350 καὶ
3080 4298 3190 4369 ἁφὴ
3230 4298 3411 4368 μόνον.
3453 4298 3514 4350 Εἰ
3542 4298 3652 4367 7&9
3678 4297 3773 4350 καὶ

2092 4378 2169 4448 τῷ
2195 4377 2356 4430 πάθει
2384 4372 2452 4448 ἦν
2478 4376 2854 4448 συνδεδεμένη,
2872 4376 3006 4430 ἀλλά
3045 4380 3110 4449 τῇ
3152 4379 3331 4432 πίστει
3357 4373 3426 4445 ἦν
3466 4380 3774 4448 ἀνεπτερω-

2096 4456 2232 4529 μένη
2250 4455 2317 4509 ²¹.
2357 4455 2557 4509 Σκόπει
2586 4454 2643 4509 δὲ
2673 4455 2788 4518 πῶς
2825 4454 2993 4526 αὐτὴν
3027 4457 3433 4528 παραμυθεῖται
3463 4456 3665 4522 λέγων·
3713 4454 3775 4511 Ἡ

2093 4535 2300 4602 πίστις
2337 4549 2455 4589 σου
2485 4532 2722 4588 σέσωκέ
2755 4548 2850 4590 σε.
2886 4533 3138 4604 Καίτοιγε
3171 4537 3220 4589 εί
3255 4535 3564 4600 ἐπιδείξεως
3588 4534 3773 4588 ἕνεκεν

2097 4613 2266 4683 αὐτὴν
2299 4613 2546 4666 εἵλκυσεν
2578 4613 2657 4677 εἰς
2688 4613 2749 4666 τὸ
2774 4613 2959 4682 μέσον,
2987 4615 3087 4667 οὐκ
3116 4615 3182 4668 ἂν
3210 4615 3367 4668 τοῦτο
3399 4614 3738 4686 προσέθηκεν
3756 4631 3767 4644 ο

2096 4692 2212 4745 ἀλλ’
2258 4691 2393 4762 ὁμοῦ
2425 4692 2468 4724 ⁸¹
2507 4692 2598 4744 τὸν
2644 4691 3092 4762 ἀρχισυνάγωγον
3141 4693 3410 4747 παιδεύων
3462 4691 3770 4753 πιστεῦσαι,

2097 4770 2269 4826 ταῦτά
2303 4787 2456 4840 φησι,
2496 4770 2591 4824 καὶ
2635 4770 2734 4841 τὴν
2782 4772 3014 4838 γυναῖκα
3061 4771 3472 4844 ἀνακηρύττων,
3525 4771 3620 4826 καὶ
3672 4772 3772 4825 οὐκ

2099 4851 2304 4905 ἐλάττω
2329 4850 2427 4920 τῆς
2455 4849 2549 4902 τοῦ
2578 4847 2830 4918 σώματος
2856 4848 3062 4916 ὑγιείας
3091 4850 3180 4904 διὰ
3207 4850 3316 4903 τῶν
3344 4853 3608 4924 ῥημάτων
3645 4851 3773 4905 τού-

2094 4949 2204 4985 των
2235 4929 2491 5001 παρέχων
2524 4929 2662 4998 αὐτῇ
2693 4927 2792 4998 τὴν
2830 4928 3020 4999 ἡδονὴν
3064 4931 3158 4984 καὶ
3189 4931 3287 5003 τὴν
3320 4931 3612 5003 ὠφέλειαν.
3651 4934 3771 4986 Ὅτι

2092 5012 2202 5082 7&9
2222 5009 2437 5080 ἐκείνην
2455 5007 2672 5072 δοξάσαι
2691 5007 3008 5080 βουλόμενος
3033 5009 3203 5064 ταῦτα
3225 5012 3421 5077 ἐποίει,
3441 5014 3534 5066 καὶ
3552 5013 3772 5082 ἐτέρους

2097 5087 2389 5159 διορθῶσαι
2410 5127 2425 5154 ,
2474 5087 2587 5140 ἀλλ’
2631 5087 2729 5156 οὐχ
2763 5087 2952 5140 ἐαυτὸν
2995 5089 3270 5160 ἀποφῆναι
3304 5093 3586 5163 λαμπρὸν,
3615 5090 3770 5159 δῆλον

2095 5166 2362 5221 ἐντεῦθεν.
2399 5167 2570 5230 Αὐτὸς
2604 5167 2702 5237 μὲν
2742 5168 2851 5238 γὰρ
2875 5169 3074 5239 ὁμοίως
3121 5171 3343 5242 ἔμελλεν
3373 5167 3512 5224 εἶναι
3557 5170 3770 5238 θαυμα-

2097 5249 2220 5312 στὸς
2245 5247 2341 5300 καὶ
2366 5247 2559 5300 τούτου
2597 5249 2765 5319 χωρὶς
2805 5251 2822 5320 (
2848 5249 2988 5322 ὑπὲρ
3027 5249 3135 5322 γὰρ
3163 5255 3262 5314 τὰς
3292 5251 3516 5319 νιφάδας
3544 5248 3704 5302 αὐτον
3720 5249 3767 5282 ³³

2093 5328 2376 5400 περιέρρει
2405 5327 2474 5382 τὰ
2499 5327 2773 5400 θαύματα,
2805 5331 2899 5384 καὶ
2925 5331 3103 5402 πολλῷ
3133 5331 3323 5384 τούτου
3350 5329 3396 5362 ’δ
3426 5327 3645 5398 μείζονα
3673 5329 3768 5380 καὶ

2858 5427 2880 5458 ⁸
2912 5427 3104 5503 αὐτῶν·
3210 5497 3222 5503 _
3241 5426 3289 5477 οἰ
3325 5424 3454 5503 περὶ
3484 5423 3764 5503 αὐτὸνλῗ.

2161 5495 2202 5526 ⁸⁸
2244 5496 2278 5566 ἡ
2312 5513 2363 5549 τ.
2393 5491 2442 5548 ν.
2472 5494 2648 5567 νόσον]
2681 5495 2774 5552 Sic
2795 5496 2892 5566 Ep.
2926 5508 2980 5552 el
3005 5497 3162 5550 codd.
3199 5497 3232 5562 ή
3274 5491 3498 5547 τοιαῦτα
3536 5491 3768 5546 νοσοῦσα

2161 5565 2258 5618 ιτὸ
2303 5582 2363 5618 π.
2407 5565 2471 5618 ι).
2577 5566 2622 5597 ⁸³
2653 5567 2876 5618 Οὐδέπω
2923 5564 3052 5618 γὰο]
3085 5563 3293 5618 Ἄλλως
3346 5580 3404 5616 τε
3439 5562 3652 5616 οὐδέπω
3703 5562 3762 5618 Ε.

2407 5565 2471 5619 ι).
2577 5564 2876 5620 ¹³Ὀύδέπω
2923 5564 3052 5634 7&9]
3085 5564 3293 5627 Ἄλλως
3346 5580 3404 5616 τε
3439 5564 3652 5616 οὐδέπω
3703 5564 3762 5618 Β.

2403 5636 2446 5666 ¹⁶
2476 5635 2888 5706 εὐαγγελιστὴς]
2938 5634 3029 5688 Sic
3081 5633 3213 5688 Edd.
3258 5633 3471 5696 Λουκᾶς
3518 5632 3678 5687 codd.
3711 5643 3768 5688 et

2433 5705 2564 5760 Edd.
2592 5704 2660 5774 ἦν
2691 5722 2798 5759 om.
2843 5705 2904 5756 ιθ.
3001 5705 3045 5735 ’³
3068 5704 3226 5774 ὁμοῦ]
3259 5704 3383 5774 add,
3419 5704 3511 5756 καὶ
3629 5702 3767 5774 ἀλλὰ

3101 5719 3226 5775 μου]
3259 5719 3384 5775 εισι]ζ
3419 5719 3511 5756 και
3539 5719 3597 5775 ι’..
3629 5719 3718 5775 αλλ

325 5763 602 5846 παιδεύων
630 5767 720 5819 τὸν
752 5763 850 5846 ’ἀρΣ
901 5763 1016 5846 πιοί.
1219 5768 1619 5846 peindejerlva
1668 5773 1760 5846 καί
1806 5774 1993 5846 τὴνγι

2099 5792 2170 5827 κα
2186 5763 2582 5846 ᾓνάκηρύττων
2609 5763 2805 5846 ξιεειιιιι
2836 5775 2909 5846 in_
2929 5763 3314 5846 (pddfpri‘ler
3350 5773 3410 5828 E.
3445 5771 3763 5846 neglexisse

327 5835 541 5889 videtur
575 5836 728 5889 Arm.
800 5835 851 5868 7"
891 5836 1074 5905 αὐτὸν]
1105 5838 1285 5891 αὐτῶν
1314 5857 1395 5907 pr.
1432 5839 1493 5895 Β.
1531 5835 1961 5909 περιέρρειΓΞῘὸ

2099 5835 2568 5903 iclBodl."‘29-I3.]
2607 5845 2777 5907 Vulgo
2812 5844 3056 5915 ὑπέρρει.
3122 5835 3180 5877 ’³⁵
3211 5844 3414 5898 τούτων
3454 5843 3590 5899 Edd.

709 5925 975 5986 pATROL.
1023 5929 1136 5989 Gn.
1189 5928 1374 5990 LVII.

3203 5939 3278 6000 19

3859 5981 3966 6079 Α
