4080 6138
349 255 463 312 5³13

349 371 651 443 εἰργάσατο
695 369 790 424 καὶ
834 370 1082 442 ποιήσειν
1133 370 1423 442 ἐμελλεν)·
1477 371 1598 442 ήδέ
1651 372 1803 443 γυνὴ,
1845 374 1892 426 εἰ
1950 373 2025 442 μὴ

351 453 514 506 τοῦτο
547 453 758 522 γέγονε,
789 452 1029 507 λαθοῦσα
1053 452 1119 508 ἀν
1151 454 1381 523 ἀπῆλθε,
1403 454 1512 508 τῶν
1546 455 1797 524 μεγάλων
1823 455 2026 509 τούτων

354 536 774 608 ἀπεστερημένη
804 536 1059 590 ἐπαίνων.
1091 536 1189 590 Διά
1211 537 1366 590 τοῦτο
1399 537 1568 607 αὐτὴν
1591 538 1670 598 είς
1699 537 1862 606 μέσον
1891 539 2027 606 ἀγα-

357 619 470 686 γὼν
498 619 822 691 ἀνεκήρυξε,
843 620 937 673 καὶ
960 620 1020 673 τὸ
1044 621 1161 684 δέος
1191 618 1411 685 ἐξέϐαλε
1447 619 1576 691 (καὶ¹
1600 619 1707 690 7&9
1727 621 2024 691 τρέμουσα,

357 702 516 773 φησὶ,
546 703 880 775 προσῆλθε),
916 703 1009 758 καὶ
1039 703 1260 775 θαρρεῖν
1291 702 1459 773 αὐτὴν
1483 704 1865 774 παρεσκεύασε
1884 743 1900 768 ,
1930 704 2026 757 καὶ

361 783 500 852 μετά
526 784 628 855 τῆς
660 785 872 854 ὑγιείας
907 784 1000 838 τοῦ
1033 784 1282 855 σώματος
1323 786 1417 838 καὶ
1443 785 1601 854 ἐτερα
1630 785 1764 857 αὐτῇ
1796 786 2025 840 δέδωκεν

358 866 566 935 ἐφόδια,
614 865 802 932 εἰπὼν,
859 867 1124 936 Πορεύου
1172 867 1243 920 ἐν
1280 866 1509 936 εἰρήνῃ.

433 947 661 1002 Ἐλθὼν
685 949 754 1002 δὲ
781 952 866 1015 είς
890 948 1003 1018 τὴν
1033 949 1228 1002 οἰκίαν
1265 949 1372 1003 τοῦ
1409 948 1699 1018 ἄρχοντος
1719 988 1733 1012 ,
1763 949 1858 1002 καὶ
1885 947 2026 1002 ἰδὼν

359 1033 502 1099 τοὺς
529 1033 813 1101 αὐλητὰς,
840 1033 938 1086 καί
963 1033 1068 1086 τὸν
1094 1033 1282 1100 ὄχλον
1309 1033 1764 1100 θορυϐούμενον,
1793 1033 2022 1100 ἐλεγενο

374 1115 768 1186 Ἀποχωρεῖτε·
806 1118 878 1171 οὐ
905 1118 1015 1186 γὰρ
1041 1115 1304 1171 ἀπέθανε
1327 1114 1393 1167 τὸ
1415 1114 1722 1181 κοράσιον,
1753 1115 1912 1169 ἀλλὰ
1930 1130 2028 1167 κα-

357 1199 572 1252 θεύδει.
605 1199 712 1253 Καὶ
729 1200 1067 1269 κατεγέλων
1093 1197 1280 1251 αὐτοῦ
1299 1199 1363 1250 ³⁵.
1385 1198 1541 1250 Καλά
1561 1214 1623 1265 γε
1641 1197 1749 1250 τῶν
1778 1199 2028 1267 ἀρχισυν-

360 1277 588 1346 αγώγων
613 1281 680 1333 τὰ
702 1283 998 1352 τεκμήρια,
1017 1283 1074 1332 ἐν
1088 1277 1166 1349 τῷ
1179 1280 1224 1310 ’⁸
1236 1279 1526 1333 ἀποθανεῖν
1543 1278 1694 1332 αὐλοὶ
1710 1281 1805 1332 καὶ
1820 1279 1886 1332 κύ
1895 1278 2029 1350 μϐα-

357 1358 424 1410 λα
449 1362 641 1431 θρῆνον
667 1364 996 1433 ἐγείροντες.
1022 1361 1086 1414 Τί
1107 1358 1515 1431 οὖνόΧριστός;
1545 1361 1684 1424 Τοὺς
1710 1362 1807 1432 μὲν
1833 1361 2027 1424 ἀλλους

357 1441 602 1508 ἅπαντας
621 1444 863 1510 ἐξέϐαλε,
885 1447 1008 1508 τοὺς
1031 1445 1088 1498 δέ
1116 1443 1510 1514 γεγεννηκότας
1534 1444 1848 1515 εἰσήγαγεν,
1885 1443 2024 1497 ὥστε

360 1524 435 1596 μὴ
457 1527 777 1596 ἐγγενέσθαι
809 1531 1003 1588 εἰπεῖν,
1033 1528 1115 1580 ὅτι
1139 1527 1310 1590 ἄλλως
1334 1527 1377 1558 ³⁷
1407 1525 1740 1598 ἐθεράπευσε
1758 1543 1772 1558 ·
1805 1527 1900 1580 καὶ
1920 1532 2026 1599 πρὸ

353 1608 455 1678 τῆς
479 1611 827 1674 ἀναστάσεως
850 1611 907 1664 δὲ
929 1610 1134 1681 ἐγείρει
1152 1608 1230 1680 τῷ
1258 1608 1422 1679 λόγῳ,
1438 1608 1610 1677 λέγων
1631 1626 1644 1638 ·
1672 1611 1754 1662 Οὐ
1777 1609 2026 1676 τέθνηκε

352 1690 423 1742 τὸ
455 1691 763 1760 κοράσιον,
801 1692 963 1747 ἀλλά
993 1690 1290 1748 καθεύδει.
1331 1693 1440 1745 Kal
1469 1691 1738 1762 πολλαχοῦ
1770 1693 1826 1746 δὲ
1870 1693 2026 1746 τοῦτο

354 1775 518 1827 ποιεῖ.
547 1774 758 1846 ’Ὠσπερ
787 1771 880 1828 οὖν
907 1775 950 1806 ³⁸
979 1775 1074 1828 καὶ
1101 1774 1194 1828 ἐπὶ
1237 1775 1337 1844 τῆς
1361 1774 1630 1844 θαλάττης
1662 1776 1890 1846 ἐπιτιμᾷ
1915 1778 2025 1839 τοῖς

357 1854 625 1926 μαθηταῖς
659 1857 867 1928 πρῶτον
886 1873 899 1887 ο
925 1856 1068 1911 οὕτω
1092 1857 1156 1927 δὴ
1184 1857 1278 1911 καὶ
1308 1857 1540 1911 ἐνταῦθα
1564 1857 1653 1909 τὸν
1677 1857 1901 1926 θόρυϐον
1931 1860 2024 1911 ἐκ·

349 1935 539 1990 ϐάλλει
563 1939 662 2007 τῆς
688 1939 928 2003 διανοίας
957 1937 1065 1993 τῶν
1107 1939 1392 2009 παρόντων
1418 1977 1432 2000 ,
1467 1937 1602 2008 όμοῦ
1629 1938 1723 1991 καὶ
1743 1940 1789 1971 ³⁸
1815 1939 2027 2002 δεικνὺς

353 2018 435 2071 ὅτι
470 2018 690 2073 εὔκολον
730 2022 879 2090 αὐτῷ
927 2022 1054 2084 τοὺς
1094 2020 1425 2090 τεθνηκότας
1473 2022 1684 2090 ἐγεῖραι
1733 2019 1782 2089 (6
1828 2022 1888 2088 δὴ
1933 2023 2028 2074 καί⁸

351 2101 448 2152 ἐπὶ
476 2101 572 2154 τοῦ
616 2104 870 2175 Λαζάρου
904 2103 1193 2175 πεποίηκε,
1242 2102 1416 2170 λέγων
1442 2118 1454 2130 ·
1499 2101 1762 2170 Λάζαρος
1789 2107 1820 2156 ό
1848 2104 2027 2172 φίλος

351 2182 520 2250 ἡμῶν
549 2183 699 2256 [560]
723 2186 1110 2258 κεκοίμηται),
1137 2185 1230 2238 καὶ
1259 2184 1377 2255 ἀμα
1409 2184 1677 2238 παιδεύων
1702 2187 1776 2255 μὴ
1798 2184 2026 2240 δεδιέναι

347 2267 440 2318 τὸν
467 2267 712 2322 θάνατον·
744 2270 806 2322 ού
837 2270 946 2341 γάρ
979 2266 1115 2322 εἶναι
1160 2267 1386 2322 θάνατον
1429 2268 1588 2320 αὐτὸν
1611 2267 1677 2330 ⁸ο,
1708 2267 1821 2322 ἀλλ’
1861 2267 2026 2324 ὕπνον

351 2349 535 2404 λοιπὸν
560 2353 906 2423 γεγενῆσθαι.
937 2350 1158 2422 Ἐπειδὴ
1195 2351 1303 2422 γὰρ
1333 2351 1428 2404 καὶ
1449 2350 1610 2413 αὐτὸς
1635 2349 1859 2421 ἔμελλεν
1887 2353 2023 2406 ἀποο

347 2433 626 2503 θνήσκειν,
663 2436 720 2488 ἐν
746 2438 857 2498 τοῖς
885 2434 1086 2506 ἐτέρων
1109 2433 1324 2505 σώμασι
1355 2433 1869 2505 προπαρασκευάζει
1900 2436 2026 2500 τοὺς

355 2517 604 2586 μαθητάς
639 2515 883 2589 θαρρεῖν,
921 2517 1016 2570 καὶ
1051 2516 1243 2588 πράως
1269 2517 1456 2586 φέρειν
1480 2517 1579 2586 τὴν
1607 2516 1886 2587 τελευτήν.
1920 2516 2027 2572 Kal

351 2598 461 2668 γάρ
485 2599 650 2652 αὐτοῦ
680 2599 1130 2670 παραγενομένου
1154 2599 1196 2630 ³⁸
1229 2597 1413 2651 λοιπὸν
1444 2597 1609 2660 ὕπνος
1635 2599 1663 2650 6
1688 2599 1914 2662 θάνατος
1935 2596 2024 2670 ἦν.

363 2682 502 2735 Ἀλλ’
534 2684 681 2755 ὅμως
711 2683 1018 2752 κατεγέλων
1050 2681 1214 2736 αὐτοῦ
1233 2698 1246 2712 ο
1287 2681 1448 2744 αὐτὸς
1475 2681 1531 2733 δὲ
1570 2681 1669 2734 οὐκ
1715 2683 2028 2754 ἠγανάκτη-

355 2779 446 2817 σεν
474 2766 871 2836 ἀπιστούμενος
909 2765 996 2835 ἐφ’
1039 2761 1120 2827 οἷς
1157 2764 1352 2835 μικρὸν
1402 2762 1625 2824 ὕστερον
1665 2763 1855 2834 ἔμελλε
1905 2766 2026 2822 θαυ-

342 2852 704 2920 ματουργεῖν·
728 2849 849 2902 οὐδὲ
891 2847 1192 2918 ἐπετίμησε
1232 2847 1311 2916 τῷ
1337 2845 1563 2914 γέλωτι,
1599 2846 1685 2900 ἵνα
1720 2848 1813 2900 καὶ
1841 2850 2022 2914 αὐτὸς,

341 2931 448 2982 καὶ
475 2934 524 2983 οἱ
553 2931 732 2995 αὐλοὶ,
769 2931 864 2984 καὶ
893 2932 962 2984 τά
995 2929 1274 3000 κύμϐαλα,
1301 2929 1396 2982 καί¹
1424 2927 1494 2982 τά
1518 2929 1652 2983 ἄλλα
1685 2930 1860 2985 πάντα
1892 2933 2024 2986 ἀπό-

342 3012 514 3078 δειξις
547 3014 772 3083 γένηται
795 3011 890 3066 τοῦ
921 3011 1176 3067 θανάτου.

420 3101 492 3162 γ’.
563 3094 776 3166 Ἐπειδὴ
820 3094 930 3164 γὰρ
979 3093 1055 3157 ὡς
1095 3092 1165 3146 τά
1197 3090 1369 3144 πολλά
1399 3090 1540 3162 μετὰ
1571 3092 1632 3146 τὸ
1676 3092 1927 3163 γενέσθαι
1958 3094 2027 3148 τά

343 3173 600 3245 θαύματα
649 3174 972 3229 ἀπιστοῦσιν
1017 3174 1312 3245 ἄνθρωποι,
1349 3175 1860 3247 προκαταλαμϐάνει
1909 3181 2027 3243 ταῖς

343 3256 575 3320 οἰκείαις
597 3257 954 3331 ἀποκρίσεσιν
993 3256 1208 3320 αὐτούς’
1235 3256 1263 3310 ὃ
1295 3256 1359 3328 δὴ
1393 3258 1488 3311 καὶ
1524 3258 1616 3311 ἐπὶ
1641 3258 1736 3312 τοῦ
1776 3260 2026 3332 Λαζάρου

344 3339 563 3408 γέγονε,
595 3341 692 3393 καὶ
731 3341 824 3394 ἐπὶ
870 3338 964 3393 τοῦ
999 3339 1297 3404 Μωῦσέως.
1334 3339 1444 3393 Kal
1487 3339 1597 3412 7&9
1630 3341 1837 3413 Μωῦσῇ
1871 3359 2022 3414 φησιο

351 3424 416 3478 Τί
435 3422 611 3477 τοῦτο
638 3422 705 3477 τιὸ
734 3423 803 3476 ἐν
834 3421 910 3491 τῇ
942 3423 1096 3491 χειρί
1123 3438 1279 3488 σου;
1314 3424 1380 3476 ἶν’
1418 3424 1549 3480 ὅταν
1575 3424 1661 3498 ιδῃ
1691 3426 1816 3496 ὅφιν
1866 3443 2029 3497 γεγε-

341 3505 601 3575 νημένον,
635 3504 714 3577 μὴ
743 3503 1064 3575 ἐπιλάθηται
1095 3505 1176 3560 ὅτι
1204 3505 1398 3577 ῥάϐδος
1421 3501 1490 3577 ἦν
1512 3507 1618 3578 πρὸ
1646 3508 1858 3576 τούτου,
1890 3510 2026 3566 ἀλλά

345 3587 447 3656 τῆς
472 3588 680 3651 οἰκείας
706 3587 1073 3658 ἀναμνησθεὶς
1093 3589 1276 3658 φωνῆς
1303 3589 1552 3662 ἐκπλαγῇ
1566 3590 1612 3622 ⁸⁸
1632 3592 1694 3644 τὸ
1718 3593 2020 3663 γινόμενον.

348 3670 459 3722 Kal
493 3670 587 3722 ἐπὶ
617 3670 711 3722 τοῦ
744 3670 993 3740 Λαζάρου
1023 3670 1155 3740 φησί
1179 3687 1195 3701 ο
1226 3671 1352 3726 Ποῦ
1375 3675 1673 3729 τεθείκατε
1699 3678 1908 3743 αὑτάν;
1939 3677 2025 3731 ἵνα

346 3753 396 3804 οἰ
425 3750 694 3815 εἰπόντες,
729 3752 946 3820 ΙἜρχου
980 3753 1080 3806 καί
1111 3752 1222 3818 τδε,
1248 3755 1342 3808 καὶ
1370 3757 1452 3810 δτι
1483 3756 1658 3822 Ὄζει,
1689 3759 2026 3828 τεταρταῖος

347 3832 459 3902 γάρ
487 3833 618 3916 ἐστι
637 3874 652 3898 ,
691 3834 890 3905 μηκέτι
924 3835 1174 3890 ἀπιστεῖν
1211 3836 1427 3908 ἐχωσιν,
1454 3839 1539 3893 ὅτι
1572 3841 1764 3912 νεκρὸν
1794 3843 2024 3916 ἀνέστη-

350 3932 463 3971 σεν.
503 3915 652 3970 Ἰδὼν
679 3916 859 3972 τοίνυν
881 3917 950 3972 τά
975 3916 1230 3991 κύμϐαλα
1254 3921 1495 3986 καὶτοὺς
1516 3923 1727 3995 δχλους,
1759 3915 2026 3997 ἐξήγαγεν

348 3999 596 4063 ἅπαντας
615 4039 630 4065 ,
664 4002 756 4055 καὶ
786 4002 1070 4074 παρόντων
1101 4003 1210 4057 τῶν
1237 4005 1439 4073 γονέων
1469 4005 1894 4080 θαυματουργεῖ,
1927 4010 2026 4079 οὐχ

341 4082 544 4154 ἁτέραν
585 4085 894 4154 ἐπεισάγων
938 4085 1136 4158 ψυχὴν.
1187 4087 1302 4141 ἀλλ’
1350 4088 1520 4159 αὐτὴν
1559 4091 1658 4161 τὴν
1705 4090 2022 4155 ἐξελθοῦσαν

343 4167 660 4234 ἐπανάγων,
700 4167 792 4220 καὶ
829 4167 1017 4240 ὥσπερ
1049 4167 1108 4233 ἐξ
1153 4168 1322 4223 ὕπνου
1351 4169 1652 4243 διεγείρων.
1693 4173 1925 4243 Κατέχει
1963 4171 2020 4225 δέ

340 4251 447 4318 τῆς
475 4249 671 4320 χειρὸς,
695 4249 1055 4322 πληροφορῶν
1079 4253 1203 4316 τοὺς
1223 4253 1486 4323 ὁρῶντας,
1511 4253 1652 4307 ὥστε
1683 4254 2023 4326 προοδοποιῆο

346 4347 440 4385 σαι
469 4333 555 4386 διὰ
586 4333 683 4403 τῆς
716 4333 897 4401 ὕψεως
942 4335 1010 4404 τῇ
1052 4335 1232 4389 πίστει
1268 4339 1367 4406 τῆς
1409 4337 1776 4402 ἀναστάσεως.
1817 4337 1878 4392 '0
1923 4339 2022 4409 μὲν

347 4417 457 4487 γάρ
490 4416 673 4488 πατὴρ
717 4415 936 4486 ἔλεγεν,
983 4418 1221 4482 Ἐπιθες
1262 4417 1378 4487 τὴν
1419 4419 1586 4488 χεῖρα
1619 4437 1632 4451 ·
1678 4421 1838 4484 αὐτὸς
1871 4419 1927 4474 δέ
1966 4437 2020 4474 τι

348 4500 510 4554 πλέον
529 4500 574 4532 ³³
602 4502 744 4553 ποιεῖ
757 4506 770 4527 ⁸
789 4500 850 4552 ού
879 4499 987 4570 γάρ
1004 4500 1330 4571 ἐπιτίθησιν,
1349 4501 1486 4555 ἀλλά
1500 4503 1593 4556 καὶ
1619 4503 1907 4573 κατασχὼν
1931 4503 2023 4556 ἀν-

351 4585 548 4654 ίστησι,
565 4582 781 4646 δεικνὺς
805 4581 888 4635 ὅτι
912 4583 1088 4636 πάντα
1106 4582 1490 4654 αὐτῷέτοιμα.
1517 4585 1628 4638 Kal
1645 4587 1744 4638 οῦκ
1768 4586 2020 4655 ἀνίστησι

351 4667 532 4737 μόνον,
569 4665 714 4720 ,ἀλλά
756 4665 851 4719 καὶ
893 4665 1100 4736 τροφὴν
1137 4665 1349 4720 κελεύει
1386 4665 1565 4720 δοῦναι
1589 4709 1603 4732 ,
1657 4667 1747 4720 ἵνα
1783 4668 1857 4739 μὴ
1897 4667 2021 4739 δόξῃ

349 4747 642 4817 φάντασμα
668 4743 804 4801 εἷναι
835 4747 892 4801 τὸ
921 4747 1306 4819 γεγενημένον.
1343 4749 1453 4802 Καὶ
1475 4750 1575 4802 ούκ
1601 4750 1761 4814 αὐτὸς
1785 4750 2019 4815 δίδωσιν,

348 4827 463 4883 ἀλλ’
512 4830 737 4894 ἐκείνοις
782 4831 1041 4884 κελεύει·
1105 4830 1295 4903 ὥσπερ
1343 4834 1437 4886 καὶ
1484 4833 1577 4884 ἐπὶ
1621 4831 1714 4885 τοῦ
1765 4833 2019 4905 Λαζάρου

345 4907 470 4965 ιίπε
488 4912 569 4944 ³⁸η
607 4915 841 4969 Λύσατε
881 4915 1086 4982 αὑτὸν,
1115 4916 1213 4970 καί
1246 4916 1428 4985 ἄφετε
1454 4916 1730 4985 ὑπάγειν,
1752 4917 1847 4970 καὶ
1882 4916 2020 4986 μετά

346 4995 524 5049 ταῦτα
559 4995 808 5048 κοινωνὸν
838 5003 981 5052 ποιεῖ
1012 4999 1110 5068 τῆς
1137 4999 1433 5070 τραπέζης.
1459 5001 1569 5054 Καὶ
1597 5002 1705 5071 γὰρ
1737 5000 2022 5072 ἀμφότερα

345 5078 436 5132 ἀεὶ
465 5077 894 5142 κατασκευάζειν
917 5080 1071 5133 εἴωθε
1089 5123 1104 5148 ,
1136 5085 1232 5136 καὶ
1256 5083 1350 5136 τοῦ
1379 5083 1608 5136 θανάτου
1635 5082 1729 5136 καὶ
1761 5081 1862 5153 τῆς
1885 5083 2020 5136 ava-

351 5158 594 5221 στάσεως
636 5157 774 5228 μετά
806 5159 1088 5230 ἀκριϐείας
1129 5162 1348 5232 ἀπάσης
1383 5163 1481 5232 τὴν
1523 5161 1796 5226 ἀπόδειξιν
1835 5163 2020 5215 ποιού-

349 5257 533 5312 μενος.
567 5241 640 5293 Σὺ
669 5239 726 5292 δέ
763 5255 852 5310 μοι
897 5240 973 5310 μὴ
1003 5239 1098 5309 τὴν
1120 5242 1422 5296 ἀνάστασιν
1469 5244 1660 5296 σκόπει
1695 5243 1874 5314 μόνον,
1907 5243 2022 5296 ἀλλ’

347 5331 431 5384 ότι
457 5330 552 5383 καὶ
573 5327 914 5400 παρήγγειλε
940 5328 1129 5399 μηδενὶ
1146 5329 1323 5382 εἰπεῖν
1341 5345 1356 5362 ο
1380 5329 1658 5383 καὶτοῦτο
1681 5331 1917 5402 μάλιστα
1934 5329 2022 5386 διὰ

425 5456 482 5490 ’δ’
508 5455 686 5511 Verba
716 5456 809 5510 καὶ
856 5470 1045 5521 κατεγ.
1085 5453 1250 5508 αὑτοῦ
1287 5453 1482 5509 desum
1530 5455 1584 5521 ἰιι
1626 5453 1688 5510 Β.
1723 5452 1784 5510 F.
1813 5453 1966 5510 Arm.

355 5544 460 5582 non
499 5526 750 5596 πιαιιέηιο
778 5525 930 5596 AArm.
962 5523 1142 5596 Vpﬁlgo
1168 5523 1352 5596 ἀλλος.

1169 257 1228 313 5.
1265 254 1548 313 JOANNIS
1585 255 2023 315 οιιῐιγεθδτοι

2128 259 2435 319 ΛΒΟΗΙΕΡ.
2473 258 3022 319 CONS‘I'ANTINOP.

3685 253 3798 313 ττι

2126 377 2343 432 πάντων
2384 378 2638 431 παιδεύου
2677 377 2722 408 ³⁵
2742 417 2759 442 ,
2799 375 2860 428 τὸ
2909 373 3113 442 ἀτυφον
3165 369 3256 424 καὶ
3303 366 3614 434 ἀκενόδοξον
3632 384 3647 401 ·
3699 371 3797 425 καὶ

2129 459 2265 527 μετά
2308 459 2497 512 τούτου
2545 461 2766 512 κάκεῖνο
2815 455 3086 527 μάνθανε,
3126 454 3206 506 ὅτι
3256 453 3380 515 τοὺς
3426 453 3798 523 κοπτομένους

2126 539 2230 606 ἐξω
2255 542 2354 611 τῆς
2375 542 2551 604 οἰκίας
2576 540 2796 605 ἐξέϐαλε
2818 579 2832 602 ,
2861 540 2956 591 καὶ
2982 535 3233 603 ἀναξίους
3253 535 3350 605 τῆς
3374 536 3628 604 τοιαύτης
3661 535 3800 588 θεω-

2128 622 2248 694 ρίας
2277 622 2544 694 ἀπέφηνε·
2571 623 2664 675 καὶ
2687 621 2762 691 μὴ
2785 618 3005 692 ἐξέλθῃς
3025 618 3159 688 μετά
3175 617 3284 668 τῶν
3305 615 3633 681 αὐλούντων,
3659 616 3797 672 ἀλλά

2129 705 2256 775 μένε
2291 706 2428 775 μετά
2462 705 2666 775 Πέτρου
2700 704 2792 756 καὶ
2831 703 3075 756 Ἰωάννου
3115 699 3210 753 καὶ
3255 697 3535 752 Ἰακώϐου.
3584 701 3648 753 Εἰ
3690 701 3797 772 γὰρ

2125 787 2244 840 τότε
2275 787 2524 852 ἐξέϐαλεν
2564 787 2803 850 ἐκείνους
2832 785 2957 851 ἐξω,
3001 783 3180 854 πολλῷ
3212 783 3413 854 μᾶλλον
3443 783 3538 838 νῦν
3565 785 3631 838 ³⁸.
3659 785 3795 837 Τότε

2129 870 2227 941 μὲν
2258 870 2367 942 γὰρ
2396 868 2548 925 οὕπω
2571 870 2728 940 δῆλος
2769 871 2797 922 6
2827 868 3054 930 θάνατος
3092 863 3161 938 ἦν
3197 866 3362 930 ὕπνος
3393 867 3759 936 γεγενημένος
3779 885 3792 897 ·

2126 952 2220 1006 νῦν
2258 952 2316 1006 δὲ
2349 952 2442 1008 καὶ
2475 951 2638 1005 αὑτοῦ
2679 951 2772 1005 τοῦ
2817 950 2966 1021 ἡλίου
3006 948 3165 1002 τοῦτο
3210 946 3608 1020 φανερώτερον.
3657 949 3796 1003 Ἀλλ’

2125 1036 2223 1089 οὐκ
2249 1035 2436 1108 ῆγειρέ
2458 1052 2550 1090 σου
2582 1035 2644 1089 τὺ
2664 1034 2954 1106 θυγάτριον
2979 1032 3108 1097 νῦν;
3153 1031 3314 1085 Ἀλλά
3344 1033 3562 1095 πάντως
3590 1033 3793 1104 ἐγερεῖ,

2125 1119 2219 1172 καὶ
2245 1118 2383 1189 μετά
2412 1119 2658 1182 πλείονος
2684 1119 2784 1188 τῆς
2813 1118 2989 1188 δόξης.
3039 1117 3247 1170 Ἐκεῖνο
3283 1117 3382 1186 μὲν
3420 1116 3530 1187 γάρ
3559 1115 3796 1169 ἀναστὰν

2127 1198 2287 1254 πάλιν
2329 1200 2565 1254 ἀπέθανε
2589 1215 2606 1232 ο
2640 1199 2703 1253 τὸ
2747 1199 2803 1252 δέ
2842 1199 2932 1252 σὺν
2977 1198 3072 1252 ἐὰν
3123 1200 3334 1270 ἀναστῇ
3357 1238 3372 1263 ,
3421 1197 3573 1269 μένει
3611 1195 3796 1250 λοιπον

2127 1281 2394 1335 ἀθάνατον
2422 1282 2463 1314 ³⁷
2497 1282 2577 1336 δν.
2606 1281 2652 1314 ⁸³
2677 1281 2882 1352 Μηδεὶς
2911 1279 3090 1334 τοίνυν
3117 1280 3401 1334 κοπτέσθω
3425 1279 3632 1342 λοιπὸν,
3663 1278 3797 1349 μηδὲ

2127 1363 2411 1436 θρηνείτω,
2454 1364 2589 1435 μηδέ
2619 1362 2773 1436 [561]
2806 1363 2867 1418 τὺ
2898 1363 3228 1434 κατόρθωμα
3273 1363 3369 1418 τοῦ
3402 1362 3640 1433 Χριστοῦ
3677 1363 3795 1417 δια-

2127 1447 2386 1501 ϐαλλέτω.
2419 1447 2527 1500 Καὶ
2563 1447 2674 1517 γὰρ
2706 1446 2924 1516 ἐνίκησε
2967 1445 3060 1498 τὸν
3091 1445 3338 1500 θάνατον.
3389 1445 3454 1499 Τί
3483 1444 3660 1498 τοίνυν
3698 1460 3796 1496 περ

2128 1530 2284 1599 ριττά
2312 1529 2559 1599 θρηνεῖς;
2585 1528 2792 1591 Ὕπνος
2815 1528 2875 1581 τὸ
2903 1529 3134 1600 πρᾶγμα
3159 1529 3371 1598 γέγονε.
3406 1529 3470 1581 Τί
3507 1527 3674 1599 ὀδύρῃ
3703 1527 3796 1580 καὶ

2128 1611 2365 1676 κλαίεις;
2395 1610 2564 1664 Τοῦτο
2595 1611 2703 1682 7&9
2733 1611 2782 1663 εί
2813 1611 2908 1664 καὶ
2939 1610 3199 1682 Ἕλληνες
3225 1612 3458 1677 ἐποίουν,
3490 1610 3796 1681 καταγελᾷν

2127 1693 2231 1746 ἔδει
2252 1711 2266 1724 ο
2300 1695 2428 1746 ὅταν
2457 1694 2514 1747 δέ
2549 1695 2578 1746 6
2611 1693 2799 1758 πιστὸς
2825 1696 2883 1746 ἐν
2913 1694 3121 1759 τούτοις
3151 1696 3457 1766 ἀσχημονῇ,
3492 1694 3623 1748 ποία
3655 1697 3796 1748 ἀπο-

2123 1776 2312 1844 λογία;
2342 1776 2427 1840 τίς
2468 1775 2620 1830 ἔσται
2652 1777 2950 1847 συγγνώμη
2995 1775 3222 1830 τοιαῦτα
3255 1777 3634 1848 ἀνοηταίνουσι
3655 1815 3669 1837 ,
3703 1775 3798 1828 καὶ

2125 1857 2296 1912 ταῦτα
2331 1857 2470 1929 μετὰ
2495 1858 2685 1929 χρόνον
2711 1858 2964 1912 τοσοῦτον
2994 1859 3087 1912 καὶ
3132 1858 3280 1928 σαφῆ
3308 1858 3406 1928 τῆς
3447 1858 3796 1920 ἀναστάσεως

2125 1940 2426 2009 ἀπόδειξιν;
2461 1942 2534 1994 Σὺ
2567 1941 2624 1994 δὲ
2666 1940 2855 2013 ὥσπερ
2897 1940 3129 2012 αὐξῆσαι
3153 1941 3214 1994 τὸ
3249 1940 3503 2012 ἔγκλημα
3531 1939 3792 2002 σπεύδων,

2127 2023 2220 2076 καὶ
2243 2023 2548 2095 θρηνῳδοὺς
2571 2024 2702 2093 ἡμῖν
2720 2023 2874 2092 ἄγεις
2903 2023 3211 2095 Ἑλληνίδας
3235 2025 3522 2093 γυναῖκας,
3550 2022 3796 2088 ἐξάπτων

2124 2107 2187 2160 τὸ
2214 2107 2384 2170 πάθος
2405 2107 2472 2171 ³⁸,
2494 2109 2590 2161 καὶ
2618 2109 2718 2179 τὴν
2738 2109 2967 2178 κάμινον
2993 2106 3295 2178 διεγείρων,
3327 2107 3423 2159 καὶ
3453 2105 3553 2159 οὐκ
3578 2103 3796 2164 ἀκούεις

2125 2189 2219 2243 τοῦ
2259 2191 2472 2244 Παύλου
2517 2191 2796 2262 λέγοντοςο
2835 2191 2930 2258 Τις
2961 2189 3355 2259 συμφώνησις
3385 2187 3616 2258 Χριστῷ
3649 2187 3796 2256 πρδς

2127 2273 2378 2341 Βελίαρ;
2405 2273 2444 2341 ἢ
2474 2275 2566 2341 τίς
2581 2274 2750 2342 μερίς
2775 2272 2966 2338 πιστῷ
2989 2271 3137 2342 μετά
3158 2273 3450 2338 ἀπίστους
3477 2271 3585 2326 Kal
3611 2269 3796 2331 παῖδες

2130 2358 2226 2428 μέν
2269 2356 2533 2428 Ἐλλήνων
2562 2359 2610 2410 οἰ
2646 2356 2815 2427 μηδὲν
2845 2357 2973 2427 περὶ
3001 2356 3349 2417 ἀναστάσεως
3375 2353 3575 2417 εἰδότες
3596 2393 3611 2419 ,
3645 2353 3796 2422 ὅμως

2125 2441 2436 2512 εὑρίσκουσι
2459 2441 2648 2509 λόγους
2670 2439 3040 2512 παραμυθίας,
3062 2438 3330 2506 λέγοντες·
3352 2435 3489 2507 Φέρε
3510 2435 3798 2503 γενναίως·

2127 2527 2219 2578 καὶ
2245 2525 2350 2595 γὰρ
2385 2524 2648 2578 ἀναλῦσαι
2678 2525 2739 2578 τὸ
2782 2522 3147 2594 γεγενημένον
3187 2521 3287 2574 οὐκ
3335 2519 3444 2585 ἔνι,
3480 2518 3601 2572 οὕδέ
3651 2517 3798 2588 διορο

2127 2609 2299 2662 θῶσαι
2319 2607 2362 2638 “
2377 2610 2490 2671 τοῖς
2510 2607 2728 2679 θρήνοις
2747 2624 2760 2636 ·
2796 2608 2860 2659 σὺ
2882 2605 2938 2659 δέ
2965 2607 2993 2659 6
3011 2601 3417 2674 φιλοσοφώτερα
3445 2601 3538 2655 καὶ
3564 2600 3798 2672 χρηστό-

2125 2707 2258 2762 τερα
2313 2690 2519 2744 τούτων
2578 2687 2812 2754 ἀκούων,
2861 2688 2968 2742 οὐκ
3019 2685 3248 2756 αἰσχύνῃ
3301 2682 3520 2756 μείζονα
3572 2682 3799 2735 ἐκείνων

2126 2772 2448 2844 ἀσχημονῶν
2471 2789 2486 2836 ;
2518 2771 2653 2825 Ούδέ
2686 2770 2793 2842 γὰρ
2821 2769 3070 2840 λέγομενο
3120 2767 3256 2838 Φέρε
3283 2765 3543 2836 γενναίως
3566 2805 3580 2830 ,
3608 2764 3797 2834 ἐπειδὴ

2125 2857 2186 2909 τὸ
2212 2854 2575 2926 γεγενημένον
2609 2853 2871 2907 ἀναλῦσαι
2889 2854 2989 2906 οὐκ
3018 2851 3096 2906 ένι
3119 2867 3133 2882 ο
3157 2850 3312 2913 ἀλλὰ,
3340 2849 3478 2922 Φέρε
3508 2847 3793 2917 γενναίως·

2127 2939 2221 2993 καὶ
2247 2939 2353 3011 γὰρ
2387 2938 2753 3008 ἀναστήσεται
2787 2937 3026 3000 πάντωςο
3061 2933 3310 2989 καθεύδει
3340 2931 3401 2986 τὸ
3432 2931 3664 2994 παιδίον,
3701 2930 3800 2984 καί⁵

2124 3021 2186 3074 ού
2225 3020 2523 3092 τέθνηκεν’
2562 3017 2844 3090 ἡσυχάζει,
2886 3018 2980 3071 καὶ
3026 3018 3126 3070 οὐκ
3173 3013 3470 3069 ἀπόλωλεν.
3535 3013 3799 3067 ’Δνάστα-

2128 3121 2209 3168 σις
2253 3103 2362 3174 γάρ
2407 3101 2538 3156 αὐτὸ
2585 3101 2906 3165 διαδέξεται,
2938 3100 3032 3153 καὶ
3065 3098 3178 3170 ζωὴ
3207 3096 3442 3164 αἰώνιος,
3477 3097 3572 3151 καὶ
3596 3095 3798 3150 ἀθανα-

2129 3187 2240 3251 σία,
2280 3186 2374 3240 καὶ
2415 3183 2566 3254 λῆξις
2605 3183 2894 3255 ἀγγελική.
2927 3183 3043 3236 υύκ
3072 3181 3291 3246 ἀκούεις
3331 3180 3428 3234 τοῦ
3459 3177 3675 3250 ψαλμοῦ
3704 3177 3798 3232 λέ-

2125 3286 2335 3338 γοντος,
2370 3268 2792 3335 Ἐπίστρεψον,
2815 3265 2984 3336 ψυχή
3013 3282 3152 3335 μου,
3182 3267 3270 3332 εἰς
3308 3264 3424 3333 τὴν
3445 3261 3800 3319 ἀνάπαυσιν

2125 3367 2264 3418 σου,
2286 3351 2375 3405 ὅτι
2411 3351 2624 3420 Κύριος
2652 3348 3010 3419 εὐεργέτησέ
3035 3363 3140 3413 σε;
3167 3348 3501 3418 Εὑεργεσίαν
3528 3348 3557 3401 ό
3576 3346 3708 3411 Θεὸς
3733 3348 3798 3403 τὸ

2127 3438 2361 3508 πρᾶγμα
2390 3432 2577 3499 καλεῖ,
2609 3433 2702 3486 καὶ
2735 3433 2799 3487 σὺ
2829 3431 3081 3503 θρηνεῖς;
3109 3433 3218 3487 Kal
3246 3432 3299 3486 τί
3333 3430 3495 3484 πλέον
3522 3429 3590 3485 ἀν
3616 3430 3802 3502 ἐποίη-

2129 3535 2226 3581 σας
2244 3557 2260 3581 ο
2295 3517 2346 3569 εί
2380 3515 2636 3585 πολέμιος
2664 3514 2758 3568 καὶ
2781 3513 2974 3585 ἐχθρὸς
3003 3513 3095 3567 τοῦ
3123 3513 3570 3584 τετελευτηκότος
3593 3509 3662 3585 ἧς
3686 3531 3702 3582 ς
3732 3515 3799 3571 Et

2125 3597 2234 3669 7&9
2259 3597 2340 3651 δεῖ
2378 3595 2616 3668 θρηνεῖν,
2651 3596 2742 3650 τὸν
2771 3594 3016 3651 διάϐολον
3045 3595 3127 3650 δεῖ
3155 3596 3394 3668 θρηνεῖν.
3433 3596 3671 3660 Ἐκεῖνος
3703 3615 3800 3653 κο-

2126 3679 2364 3746 πτέσθω,
2394 3679 2602 3743 ἐκεῖνος
2625 3677 2929 3749 όδυρέσθω,
2965 3679 3049 3732 δτι
3091 3679 3226 3751 πρὸς
3252 3679 3322 3732 τὰ
3360 3677 3586 3750 μείζονα
3616 3679 3799 3734 66:60-

2129 3779 2228 3834 μεν
2259 3762 2460 3832 ἀγαθά.
2491 3762 2605 3833 Τῆς
2632 3761 2840 3815 ἐκείνου
2873 3761 3142 3831 πονηρίας
3171 3761 3298 3826 ἀξία
3327 3760 3466 3831 αὕτη
3493 3763 3528 3832 ή
3557 3760 3796 3832 οἰμωγὴ,

2123 3845 2246 3916 οὐχὶ
2271 3843 2364 3899 σοῦ
2393 3843 2488 3898 τοῦ
2525 3843 2916 3913 στεφανοῦσθαι
2949 3843 3232 3913 μέλλοντος
3269 3845 3365 3899 καὶ
3395 3843 3795 3898 ἀναπαύεσθαι.

2125 3928 2236 3982 Kal
2264 3927 2373 3998 7&9
2410 3926 2580 3998 λιμὴν
2619 3926 2791 3989 εὕδιος
2838 3929 2867 3980 6
2910 3926 3164 3991 θάνατος.
3212 3927 3410 3980 Σκόπει
3450 3925 3584 3995 γοῦν
3614 3927 3800 3980 πόσων

2123 4010 2284 4080 γέμει
2329 4007 2517 4064 κακῶν
2564 4009 2594 4061 6
2653 4007 2840 4078 παρὼν
2893 4007 3025 4078 βίος·
3059 4009 3314 4080 ἐννόησον
3355 4009 3590 4073 ποσάκις
3635 4008 3798 4072 αὐτὸς

2124 4093 2422 4164 κατηράσω
2447 4091 2545 4162 τὴν
2577 4091 2858 4163 παροῦσαν
2893 4092 3060 4162 ζωήν.
3106 4093 3214 4146 Καὶ
3244 4091 3352 4163 7&9
3385 4093 3478 4146 ἐπὶ
3511 4092 3574 4146 τὸ
3613 4095 3798 4165 χεῖρον

2126 4174 2197 4228 τά
2237 4175 2538 4246 πράγματα
2564 4175 2808 4246 πρόεισι,
2851 4175 2945 4227 καὶ
2979 4173 3039 4239 ἐξ
3066 4174 3241 4244 ἀρχῆς
3264 4173 3319 4226 δέ
3356 4174 3417 4226 ού
3455 4176 3629 4245 μικρᾷ
3677 4191 3797 4227 συν-

2126 4254 2443 4327 εκληρώθης
2455 4255 2740 4327 καταδίκῃ.
2759 4257 2860 4311 Ἐν
2878 4255 2987 4328 γάρ
3005 4256 3226 4322 ,λύπαις
3249 4255 3388 4324 τέξῃ
3413 4255 3610 4322 τέκνα,
3637 4257 3794 4326 φησί·

2127 4339 2240 4404 καὶ,
2307 4338 2411 4392 Ἐν
2447 4335 2641 4404 ἱδρῶτι
2671 4338 2775 4392 τοῦ
2803 4337 3125 4406 προσώπου
3153 4352 3270 4392 σου
3290 4337 3450 4408 φάγῃ
3483 4339 3593 4392 τὸν
3613 4339 3798 4407 άρτον

2128 4435 2264 4474 σου·
2297 4419 2412 4484 καὶ,
2453 4419 2552 4474 Ἐν
2572 4420 2652 4486 τῷ
2691 4421 2899 4490 κόσμῳ
2927 4419 3139 4488 θλῒψιν
3162 4419 3347 4484 ἕξετε.
3401 4420 3543 4474 Ἀλλ’
3576 4421 3637 4474 οὐ
3669 4421 3796 4492 περὶ

2126 4503 2234 4556 τῶν
2264 4504 2381 4556 ἐκεῖ
2403 4501 2641 4556 τοιοῦτον
2671 4502 2821 4555 οὐδὲν
2848 4503 3085 4574 εἴρηται,
3120 4502 3256 4557 ἀλλά
3283 4502 3588 4557 τούναντίον
3624 4504 3794 4571 ἀπαν,

2127 4588 2207 4640 ὅτι
2260 4587 2502 4654 Ἁπέδρα
2541 4586 2759 4653 ὀδύνη,
2805 4587 3002 4654 λύπη,
3045 4587 3145 4640 καί
3193 4588 3548 4656 στεναγμός·
3595 4587 3688 4641 καὶ
3713 4588 3795 4641 δτι

2141 4668 2283 4722 Ἀπὸ
2316 4667 2629 4722 ἀνατολῶν
2665 4667 2762 4722 καὶ
2792 4667 3041 4737 δυσμῶν
3070 4668 3310 4736 ἥξουσι,
3346 4669 3442 4722 καί
3474 4669 3796 4740 ἀνακλιθή-

2129 4765 2340 4805 σονται
2383 4753 2469 4816 εἰς
2511 4750 2651 4816 τοὺς
2681 4751 2951 4818 κόλπους
2991 4753 3265 4821 Ἀϐραὰμ,
3296 4753 3394 4807 καί
3437 4753 3666 4819 Ἰσαὰκ,
3697 4753 3794 4808 καί

2142 4831 2352 4889 Ἰακώϐ·
2406 4834 2500 4886 καὶ
2543 4833 2621 4886 ὅτι
2672 4833 2898 4902 νυμφὼν
2949 4834 3015 4888 τὰ
3073 4837 3190 4888 ἐκεῖ
3246 4835 3612 4906 πνευματικὸς
3638 4876 3654 4901 ,
3701 4834 3796 4890 καὶ

2129 4914 2355 4986 φαιδραὶ
2380 4914 2682 4986 λαμπάδες,
2710 4916 2804 4968 καὶ
2837 4917 3165 4986 μετάστασις
3191 4917 3325 4988 πρὸς
3350 4917 3440 4972 τὸν
3474 4918 3723 4989 οὐρανόν.

2191 4995 2239 5049 δ’
2243 4997 2329 5050 ,Τί
2344 4997 2523 5050 τοίνυν
2537 4998 2914 5068 καταισχύνεις
2931 4999 3022 5051 τὸν
3039 4998 3361 5066 ἀπελθόντα;
3377 5001 3428 5053 τί
3452 5017 3526 5052 πα
3532 5000 3796 5071 ρασκευάο

2129 5076 2241 5142 ζεις
2278 5080 2402 5142 τοὺς
2429 5079 2622 5144 ἀλλους
2658 5081 2948 5135 δεδοικέναι
2996 5084 3088 5135 καὶ
3126 5085 3348 5154 τρέμειν
3393 5083 3483 5137 τὸν
3532 5083 3796 5150 θάνατονς

2127 5159 2182 5213 τί
2220 5164 2396 5224 ποιείς
2422 5162 2649 5226 πολλοὺς
2678 5167 3007 5235 κατηγορεῖν
3041 5166 3134 5219 τοῦ
3161 5165 3320 5232 Θεοῦ,
3345 5167 3421 5231 ὼς
3462 5167 3676 5238 μεγάλα
3701 5170 3796 5240 ἐρε-

2129 5243 2443 5315 γασαμένου
2486 5246 2663 5312 δεινάς
2708 5248 2908 5319 μᾶλλον
2960 5249 3018 5302 δέ
3062 5250 3117 5302 τί
3163 5250 3302 5320 μετά
3339 5251 3512 5306 ταῦτα
3553 5253 3796 5323 πένητας

2130 5327 2334 5392 καλεῖς,
2368 5329 2466 5383 καὶ
2495 5331 2832 5401 παρακαλεῖς
2864 5331 3043 5401 ίερέας
3072 5331 3366 5402 εὕξασθαι;
3399 5336 3516 5390 Ἵνα
3560 5337 3641 5400 είς
3666 5336 3794 5390 ἀνά-

1439 5465 1482 5507 ιι
1530 5455 1584 5509 in
1626 5455 1688 5510 Β.
1723 5455 1784 5510 F.
1813 5455 1966 5510 Arm.

1439 5523 1486 5555 Il
1522 5520 1617 5555 λγ...
1649 5539 1736 5555 ...ιιι
1795 5523 1835 5555 ιι
1887 5524 1928 5555 l‘
1983 5525 2023 5555 I'I

2136 5455 2505 5555 ἰτῑῷίέῑῖὲ
2525 5458 2798 5555 τὲέείίεξ,
2851 5460 3127 5555 "FZ-we]
3153 5463 3245 5555 δίε
3270 5462 3427 5555 13-}-
3449 5462 3518 5555 .F-
3533 5467 3720 5555 ξιίίιενο
3745 5477 3794 5555 εξ

1522 5523 1617 5598 οὖν
1648 5539 1768 5598 οιιιἒ
1795 5523 1856 5598 Β.
2181 5523 2291 5598 Kal
2312 5523 2507 5598 ῗῦσπερ

2549 5531 2654 5605 ἐπὶν
2683 5529 2820 5605 Εόά.
2890 5533 2944 5605 ξ’
2977 5529 3127 5605 όμορΓ
3157 5533 3250 5588 καὶ
3282 5549 3392 5605 ραι.
3417 5535 3670 5605 κΛ.ᾼόμοῦ
3691 5536 3792 5605 καὶ

351 5594 587 5679 δεικνὺς]
610 5593 732 5679 εἶτα
752 5591 1100 5679 δείκνυσιιιζξ
1232 5592 1364 5679 αρξὸ
1397 5591 1769 5679 Ειίόκλοιπδν]
1798 5594 2023 5679 αὕτδνΜΒ

2128 5601 2175 5679 ‘.1
2209 5597 2274 5679 "ﬁ
2320 5591 2755 5679 παραγινομένου
2975 5591 3046 5679 D:._
3069 5602 3133 5679 E_.
3209 5605 3253 5635 ³⁸
3289 5603 3380 5658 Sic
3409 5591 3790 5679 Eddfpodiges

353 5661 679 5745 εκπλαγέίη.
705 5734 730 5745 _
757 5665 804 5745 ξ³
831 5682 884 5718 τι
901 5663 1100 5745 ιπλέρν]
1113 5664 1240 5745 _S_i_c
1279 5661 1573 5745 E._c:fl§ri_
1591 5661 1876 5745 μειζόνως.
1952 5665 2023 5745 ³⁸,

2128 5664 2354 5745 εἶῆλέγει

356 5734 470 5788 Ειίιί
480 5773 493 5787 .

355 5802 706 5872 λευτηκότας.
755 5802 823 5861 Ᾱ.
1004 5804 1196 5871 πένθος
1221 5804 1283 5862 C.
1319 5802 1383 5862 D.

2617 5669 2969 5756 f'nzfazgiéwv
3005 5671 3230 5756 ..εστὶ
3265 5689 3316 5743 p.
3369 5689 3423 5756 ρ.
3471 5674 3610 5756 μετά
3641 5673 3790 5728 τοῦτο

598 5732 656 5766 ³⁸⁷
671 5732 791 5814 νῦν]
832 5732 1261 5814 καὶῌνῢνἘάά..
1321 5734 1378 5814 ,ξ’
1419 5732 1526 5814 δή-
1543 5732 1619 5814 «ἓν
1760 5733 1819 5785 ὃν
1859 5733 2023 5814 οπως

2128 5732 2302 5791 .BenL
2394 5737 2755 5814 _“ﬁGIKON.
2783 5741 2920 5814 _"0'n
2973 5744 3034 5794 ού
3078 5743 3162 5814 δεῖ
3204 5732 3420 5814 θρηνεῖν
3469 5732 3596 5807 τοῦς
3643 5760 3788 5814 τετε-

1505 5803 1527 5834 ⁹
1555 5801 1948 5875 διορθώσασθαι
1992 5803 2130 5865 Edd.
2167 5821 2220 5878 p.
2267 5821 2321 5878 p.
2357 5809 2420 5863 σῦ
2443 5806 2497 5861 δέ
2534 5807 2966 5882 φιλοσοφώτερος
3004 5813 3098 5867 καὶ
3149 5801 3504 5884 χρηστότερος
3549 5801 3602 5871 τ’.
3625 5815 3688 5869 ἀ.
3715 5808 3782 5868 F.
