4080 6138
347 263 454 320 315

348 394 490 431 eum.
522 373 747 431 Pulchra
774 381 922 428 certe
967 368 1512 442 arcbisynagogorum
1556 369 1751 424 indicia
1772 412 1787 436 ,
1818 385 1937 425 eum

354 479 478 539 post
501 475 729 520 mortem
759 462 902 518 tibiae
929 471 983 516 et
1032 459 1272 532 cymbala
1303 460 1370 514 ad
1400 460 1583 514 ﬂetum
1636 468 1937 518 moverent.

352 557 489 625 Quid
523 557 682 627 igitur
706 553 995 609 Christus?
1026 552 1173 605 Alios
1203 565 1391 605 omnes
1417 549 1654 620 expulit,
1692 558 1939 618 parentes

353 658 536 703 autem
558 645 870 705 introduxit,
899 658 963 697 ne
994 642 1100 697 dici
1134 651 1317 712 posset
1342 642 1506 695 alium
1538 640 1811 695 curavisse
1842 658 1856 693 :
1886 647 1942 693 et

354 752 639 812 antequam
669 738 913 803 suscitet,
943 751 1076 791 voce
1097 734 1228 790 illud
1250 734 1436 799 efﬁcit,
1466 749 1589 789 cum
1611 735 1705 800 ait,
1728 732 1849 787 Non
1866 742 1938 787 est

353 842 554 887 mortua
573 831 767 900 puella,
801 827 891 881 sed
921 826 1128 880 dormit.
1157 825 1333 880 Multis
1351 839 1563 895 quoque
1587 825 1706 878 aliis
1727 824 1778 878 in
1807 824 1941 878 locis

352 924 459 980 hoc
488 922 612 977 facit
636 940 649 976 :
669 936 733 975 ac
761 922 901 974 sicut
944 919 996 972 in
1023 917 1156 971 mari
1188 918 1417 987 primum
1440 915 1732 986 discipulos
1764 916 1943 970 incre-

353 1017 501 1088 pavit
526 1037 539 1071 :
568 1015 646 1069 sic
674 1022 728 1068 et
771 1011 874 1066 hoc
901 1012 1020 1065 loco
1053 1025 1122 1064 ex
1155 1008 1496 1078 prtcsentium
1520 1006 1788 1061 mentibus
1820 1020 1940 1074 per-

356 1108 720 1165 turbationem
748 1103 894 1173 ejicit
914 1144 929 1167 ,
975 1101 1135 1155 simul
1164 1099 1476 1164 ostendens,
1507 1097 1663 1153 facile
1692 1098 1792 1153 sibi
1819 1112 1940 1154 esse

353 1209 598 1257 mortuos
624 1198 887 1253 suscitare
914 1193 1076 1266 (quod
1097 1193 1257 1249 etiam
1284 1193 1337 1247 in
1359 1190 1559 1246 Lazaro
1582 1190 1705 1246 fecit
1729 1190 1936 1245 dicens:

354 1293 584 1349 Lazarus
610 1290 801 1344 anticus
826 1296 994 1342 noster
1017 1284 1202 1338 dormit
1219 1282 1400 1356 [Ιοαη.
1428 1283 1515 1338 il.
1544 1280 1679 1353 ll]),
1710 1296 1814 1336 una
1842 1281 1942 1336 do-

352 1400 483 1441 cens
511 1399 616 1437 non
658 1378 946 1436 timendam
988 1391 1110 1432 esse
1154 1385 1382 1430 mortem
1414 1391 1428 1427 :
1459 1388 1633 1444 neque
1657 1374 1800 1428 enim
1828 1371 1939 1441 jam

353 1491 477 1532 csse
505 1482 753 1536 mortem,
782 1470 879 1526 sed
906 1483 1177 1525 somnum.
1202 1466 1332 1521 Nam
1359 1466 1481 1536 quia
1508 1465 1625 1533 ipse
1643 1464 1940 1518 moriturus

354 1576 489 1630 erat,
519 1566 748 1621 aliorum
772 1576 1000 1633 corpora
1045 1558 1356 1616 suscitando
1405 1556 1698 1627 discipulos
1726 1571 1937 1625 praepa-

354 1659 507 1714 rabat
530 1658 596 1712 ad
620 1655 866 1710 ﬁduciam
897 1650 1211 1707 sumendam
1229 1692 1244 1715 ,
1275 1658 1613 1717 mortemque
1632 1661 1782 1701 suam
1815 1647 1944 1701 leni-

352 1762 437 1807 ter
464 1749 760 1805 ferendam.
785 1747 1075 1815 Postquam
1101 1742 1244 1797 enim
1269 1742 1382 1813 ipse
1410 1740 1707 1795 advenerat
1732 1781 1746 1805 ,
1791 1754 1941 1795 mors

348 1848 461 1916 jam
488 1843 702 1899 nonnisi
728 1854 948 1896 somnus
977 1845 1113 1892 erat.
1156 1838 1405 1890 Attamen
1430 1832 1746 1889 deridebant
1772 1848 1895 1888 eum
1923 1851 1937 1887 :

353 1941 471 2010 ipse
495 1952 625 1991 vero
650 1949 756 1990 non
803 1932 1019 1997 indigne
1049 1929 1212 1995 tulit,
1254 1943 1375 1982 cum
1425 1942 1528 1981 non
1562 1919 1844 1982 crederent
1877 1926 1941 1981 iis

350 2044 472 2100 quae
494 2042 621 2082 mox
652 2026 766 2094 ipse
816 2021 1131 2076 mirabiliter
1177 2027 1497 2088 operaturus
1539 2025 1658 2071 erat
1698 2034 1711 2072 :
1763 2031 1942 2084 neque

355 2120 651 2190 increpavit
681 2116 917 2172 ridentes
942 2157 957 2179 ,
985 2122 1043 2168 ut
1070 2121 1124 2167 et
1170 2113 1313 2167 risus
1342 2120 1398 2167 et
1420 2110 1564 2165 tibiae
1593 2118 1649 2164 et
1695 2108 1940 2181 cymbala

352 2213 563 2283 aliaque
582 2210 783 2276 omnia,
813 2207 1005 2262 mortis
1033 2213 1217 2259 essent
1252 2202 1583 2258 testimonia.

425 2307 478 2360 5.
508 2304 737 2359 Christus
765 2298 1014 2373 quomodo
1044 2295 1466 2351 resurrectiouum
1488 2308 1614 2363 quas
1641 2292 1944 2361 operabatur

352 2398 607 2453 ueritatem
636 2395 899 2450 adstruere
922 2392 1121 2446 soleret.
1156 2388 1371 2442 Fastum
1417 2397 1463 2441 et
1508 2402 1687 2440 vanam
1728 2386 1943 2455 gloriam

352 2491 558 2545 omnino
579 2487 836 2542 vitandum
852 2494 943 2539 est.
964 2482 1105 2537 Mors
1123 2499 1220 2535 non
1240 2480 1523 2533 metuenda.
1542 2478 1668 2532 Viue
1683 2480 1944 2550 prazsentis

352 2580 746 2649 malm—Quia
772 2580 913 2634 enim
959 2592 1104 2647 stupe
1146 2573 1398 2629 miracula
1446 2582 1648 2642 patrata
1693 2587 1798 2626 non
1827 2587 1944 2626 cre-

352 2676 485 2730 dunt
510 2672 778 2737 homines,
807 2685 901 2725 sua
932 2670 1168 2739 ipSnrum
1199 2666 1550 2737 responsione
1588 2665 1707 2720 illos
1737 2679 1942 2734 ιιι-ειπερ

353 2767 452 2832 nit,
483 2774 540 2819 ut
581 2772 635 2819 et
683 2764 737 2817 in
778 2761 982 2816 Lazaro
1006 2768 1059 2815 et
1092 2759 1142 2813 in
1168 2758 1349 2829 Moyse
1395 2756 1592 2811 factum
1630 2764 1734 2811 est.
1775 2755 1941 2826 Moysi

354 2872 583 2927 namque
602 2856 770 2911 dixit:
799 2853 935 2921 Quid
960 2853 1054 2906 hoc
1080 2862 1152 2905 est
1176 2851 1229 2904 in
1256 2866 1409 2904 manu
1434 2858 1521 2903 tua
1547 2848 1741 2921 (Exod.
1768 2849 1819 2903 4.
1851 2846 1943 2919 2)?

354 2959 414 3004 ut
439 2965 558 3004 cum
581 2947 796 3001 vidisset
824 2953 1125 3015 serpentem
1146 2942 1364 3007 factum,
1389 2956 1492 2996 non
1519 2941 1939 3005 oblivisceretur,

352 3042 555 3112 \irgam
578 3040 724 3110 prius
750 3037 944 3102 fuisse;
974 3034 1067 3090 sed
1096 3033 1242 3088 vocis
1267 3033 1493 3103 propria:
1522 3031 1851 3092 recordatus.
1876 3029 1944 3085 de

354 3149 414 3188 re
435 3141 582 3203 gesta
611 3130 1033 3202 obstupesceret.
1073 3126 1139 3180 Et
1166 3125 1233 3179 de
1262 3124 1463 3178 Lazaro
1490 3123 1563 3175 ait
1595 3139 1608 3175 :
1640 3120 1739 3175 Ubi
1767 3121 1941 3191 posui-

353 3228 443 3282 Stis
474 3226 629 3281 eum?
656 3223 825 3293 utqui
852 3221 1124 3284 dixerunt,
1166 3218 1311 3283 Veni,
1341 3226 1388 3269 et
1412 3215 1561 3278 vide;
1587 3224 1661 3278 et,
1692 3212 1814 3266 1am
1843 3218 1941 3283 Ite-

353 3330 441 3385 tet,
468 3316 839 3390 quatriduanus
866 3312 999 3365 enim
1027 3318 1097 3364 est
1128 3307 1309 3377 (Joan.
1341 3307 1427 3361 li.
1456 3306 1543 3361 54.
1577 3304 1691 3375 59),
1714 3319 1820 3360 non
1846 3304 1944 3359 du-

352 3414 526 3468 bitare
554 3414 794 3480 possent,
842 3405 971 3475 quin
1024 3402 1194 3472 ipsum
1242 3410 1509 3455 mortuum
1556 3397 1943 3453 suscitavisset.

355 3501 558 3556 Videas
598 3497 759 3568 igitur
796 3493 1035 3566 cymbala
1066 3500 1119 3548 et
1154 3490 1365 3557 turbas,
1396 3502 1584 3543 omnes
1618 3487 1784 3556 ejicit,
1813 3496 1864 3541 et
1891 3487 1944 3540 in

354 3592 640 3667 praesentia
680 3598 956 3660 parentum
985 3582 1298 3640 miraculum
1339 3588 1613 3651 Operatur,
1638 3594 1743 3633 non
1786 3577 1943 3632 aliam

355 3686 613 3742 inducens
637 3681 893 3747 animam,
921 3677 1014 3734 sed
1038 3676 1180 3731 illam
1209 3674 1375 3745 ipsam
1402 3688 1524 3744 qua:
1550 3671 1759 3727 exierat
1782 3670 1942 3725 redu-

354 3794 505 3847 cens,
537 3786 591 3834 et
617 3774 767 3848 quasi
795 3789 862 3830 ex
897 3785 1087 3828 somno
1111 3770 1371 3826 excitans.
1411 3764 1776 3836 Apprehendit
1816 3777 1944 3818 vero

355 3887 594 3940 manum,
614 3880 671 3925 ut
698 3874 1029 3939 spectatores
1057 3862 1316 3918 certiores
1340 3860 1549 3927 ﬁerent,
1567 3858 1740 3913 ethoc
1759 3870 1941 3910 exem-

357 3966 447 4037 plo
469 3964 609 4018 viam
636 3968 851 4032 pararet
876 3955 942 4013 ad
970 3955 1130 4010 ﬁdem
1156 3951 1582 4010 resurrectionis.
1612 3949 1771 4005 Pater
1791 3961 1942 4002 nam—

355 4073 463 4129 que
488 4053 697 4111 dicebat
727 4069 740 4104 :
769 4048 983 4119 Impone
1011 4062 1215 4101 manum
1245 4042 1455 4115 (Matth.
1489 4038 1674 4112 9.18);
1704 4040 1790 4094 ille
1818 4053 1945 4093 vero

357 4151 477 4221 plus
506 4150 661 4214 facit;
707 4162 815 4202 non
861 4142 1085 4213 imponit
1111 4139 1288 4201 enim,
1337 4136 1430 4191 sed
1476 4132 1850 4204 apprehendit,
1890 4140 1946 4186 et

356 4241 579 4297 suscitat
605 4246 894 4301 mortuam,
923 4231 1210 4290 ostendens
1241 4228 1416 4284 omnia
1447 4226 1544 4295 ipsi
1576 4235 1821 4294 prompta
1847 4238 1943 4294 pa-

358 4344 576 4405 rataque
617 4348 757 4389 esse.
807 4330 989 4399 Neque
1038 4324 1198 4381 modo
1238 4322 1479 4385 suscitat,
1520 4318 1612 4373 sed
1642 4317 1819 4372 cibum
1846 4315 1947 4385 ipsi

357 4430 487 4484 dare
509 4426 677 4496 jubet,
724 4438 791 4478 ne
817 4420 1091 4475 videretur
1136 4431 1221 4471 res
1253 4428 1375 4468 esse
1400 4409 1731 4482 phantasma.
1766 4405 1949 4476 Neque

358 4522 474 4587 ipse
502 4517 613 4580 dat,
643 4514 737 4570 sed
763 4513 896 4567 alios
921 4510 1053 4565 dare
1089 4506 1243 4579 jubet
1274 4520 1288 4558 :
1318 4500 1767 4575 quemadmodum
1804 4506 1857 4553 et
1883 4497 1950 4553 de

356 4610 562 4668 Lazaro
588 4607 661 4660 ait
692 4623 708 4661 :
741 4603 933 4659 Solvite
970 4601 1136 4666 illum,
1182 4608 1230 4653 et
1266 4596 1417 4651 sinite
1454 4593 1591 4647 abire
1636 4590 1812 4662 (Joan.
1860 4589 1947 4643 ii.

360 4702 477 4771 ιι),
509 4708 563 4754 et
593 4705 775 4767 postea
807 4707 1005 4748 mensa:
1030 4697 1334 4746 consortem
1363 4684 1544 4741 efﬁcit.
1572 4682 1782 4738 Etenim
1811 4695 1953 4735 sem-

362 4811 458 4866 per
485 4805 770 4860 utrumque
794 4784 1146 4854 comprobare
1167 4782 1322 4844 solet,
1355 4789 1407 4835 et
1440 4788 1665 4833 mortem
1695 4785 1747 4830 et
1775 4788 1955 4828 resur-

361 4865 656 4943 re¢tionem
697 4878 1093 4935 accuratissime
1119 4882 1399 4929 assertam.
1433 4869 1512 4926 Tu
1537 4884 1664 4925 vero
1694 4882 1761 4923 ne
1782 4865 1951 4922 solam

361 4979 806 5041 resurrectionem
830 4970 1129 5046 perpendas
1148 4969 1328 5034 velim,
1359 4964 1452 5022 sed
1477 4964 1636 5020 etiam
1657 4959 1797 5032 quod
1820 4974 1955 5030 prac-

359 5075 566 5147 ceperit
593 5081 652 5128 ut
682 5067 881 5126 nemini
908 5065 1181 5126 dicerent;
1221 5069 1274 5116 et
1302 5074 1398 5130 per
1438 5055 1617 5111 omnia
1646 5053 1844 5117 discas,
1876 5048 1953 5147 fa-

360 5142 504 5225 stum
532 5176 834 5233 vanamque
870 5157 1096 5230 gloriam
1126 5168 1253 5210 esse
1290 5149 1513 5206 omnino
1542 5145 1806 5203 vitandam
1832 5160 1845 5197 :
1892 5142 1955 5197 il-

364 5260 564 5332 ludque
591 5263 848 5329 pncterea
870 5251 1068 5315 discas,
1097 5247 1268 5315 ipsum
1291 5244 1532 5312 lugentes
1559 5250 1708 5332 extra
1735 5235 1953 5332 domum

364 5326 609 5423 eiecisse,
636 5357 798 5420 atque
825 5345 965 5399 velut
1012 5337 1258 5409 indignos
1305 5333 1397 5419 tali
1438 5326 1956 5423 spectaculo-declat»

366 5417 537 5500 rasse.
562 5441 644 5497 Tu
678 5417 807 5493 vero
844 5450 911 5490 ne
941 5446 1104 5488 exeas
1141 5442 1263 5483 cum
1312 5417 1645 5486 tibicinibus;
1674 5417 1771 5476 sed
1801 5432 1958 5472 mane

365 5551 487 5591 cum
518 5533 692 5598 Petro,
716 5530 925 5586 Joanne
954 5532 1011 5580 et
1033 5521 1253 5579 Jacobo.
1286 5516 1420 5574 Nam
1448 5514 1493 5570 si
1521 5525 1645 5568 tunc
1670 5511 1790 5567 illos
1814 5509 1958 5565 foras

364 5626 543 5698 eiecit,
571 5622 736 5677 multo
758 5619 926 5689 magis
952 5629 1092 5670 nunc
1119 5611 1170 5668 id
1194 5609 1370 5665 faciat.
1392 5606 1540 5661 Tunc
1559 5604 1703 5661 enim
1720 5601 1957 5658 nondum

369 5697 541 5792 palam
568 5724 682 5772 erat
720 5720 946 5769 mortem
984 5711 1092 5782 jam
1120 5719 1365 5763 somnum
1393 5713 1513 5758 esse
1558 5697 1746 5755 factam
1771 5712 1786 5752 :
1810 5706 1956 5749 nunc

1317 254 1382 309 ΙΝ
1422 253 1826 310 ΜᾹΤΤΙΙΕΟΜ
1868 254 2097 311 ιιοΜιι.
2142 256 2331 312 XXXI.
2372 260 2445 317 al.
2485 258 2702 317 XXXII.

3530 271 3635 330 375

2047 381 2226 427 autem
2253 373 2369 444 ipso
2393 376 2507 432 sole
2548 378 2743 433 clarius
2771 388 2872 436 est.
2901 380 2968 436 At
2998 397 3139 439 nunc
3173 398 3276 440 non
3300 383 3461 442 ﬁliam
3491 397 3633 445 tuam

2048 464 2360 519 suscitavit?
2396 465 2501 521 Sed
2542 469 2818 524 suscitabit
2856 471 2998 526 illam
3033 489 3155 528 cum
3198 475 3404 546 majore
3444 478 3631 549 gloria.

2049 551 2138 607 illa
2175 556 2317 610 enim
2347 573 2467 628 quae
2493 562 2745 627 surrexit,
2780 563 2970 620 iterum
3003 578 3211 623 mortua
3239 580 3354 635 est;
3389 579 3475 627 tua
3507 589 3637 628 vero

2046 658 2167 699 cum
2213 651 2541 716 surrexerit,
2588 654 2823 710 manebit
2859 656 3197 713 immortalis.
3241 660 3411 716 Nemo
3455 664 3634 732 itaque

2049 734 2304 805 deinceps
2325 737 2526 808 lugeat,
2545 755 2719 808 neque
2734 742 3084 808 lamentetur,
3106 759 3264 797 nemo
3298 747 3501 800 Chrtsti
3542 749 3623 800 vi-

2048 826 2275 881 ctoriam
2292 830 2971 887 calumnietur.Vicitenitn
2987 834 3071 888 ille
3084 844 3332 889 mortem.
3352 836 3489 902 Quid
3501 853 3629 908 ergo

2049 913 2254 973 frustra
2271 920 2491 989 ploras?
2510 921 2651 978 Mors
2670 937 2899 979 somnus
2910 923 3098 980 cliecta
3118 935 3225 980 est.
3250 924 3389 992 Quid
3417 926 3629 981 lamen-

2050 1008 2176 1061 taris
2212 1017 2266 1062 et
2296 1008 2490 1079 luges?
2534 1011 2664 1066 illud
2690 1014 2832 1068 enim
2878 1016 2923 1070 si
2967 1016 3194 1085 gentiles
3227 1017 3480 1083 facerent,
3519 1019 3637 1074 irri-

2047 1096 2209 1154 dendi
2238 1110 2419 1155 essent
2453 1121 2468 1157 :
2498 1117 2620 1157 cum
2650 1115 2828 1160 autem
2860 1106 3029 1163 ﬁdelis
3052 1107 3152 1163 hoc
3180 1108 3403 1178 turpiter
3430 1110 3634 1177 fecerit,

2046 1204 2204 1258 quam
2227 1190 2443 1247 habebit
2466 1196 2905 1251 excusationem?
2929 1214 3048 1270 qua:
3075 1201 3227 1255 venia
3248 1203 3350 1256 erit
3371 1201 3487 1258 haec
3512 1204 3637 1258 insi-

2048 1281 2256 1352 pienter
2285 1286 2567 1355 agentibus
2590 1299 2709 1358 post
2732 1298 2933 1345 tantum
2962 1293 3217 1361 temporis
3242 1305 3296 1348 et
3322 1295 3519 1349 claram
3550 1312 3607 1350 re

2048 1376 2394 1432 surrectionis
2418 1380 2827 1447 probationem?
2852 1383 2930 1437 Tu
2956 1399 3100 1450 vero,
3132 1400 3196 1441 ac
3227 1390 3270 1442 si
3298 1387 3512 1444 studeas
3538 1389 3638 1443 hoc

2049 1478 2321 1536 peccatum
2351 1470 2700 1541 ampliﬁcare,
2730 1474 2970 1543 praeﬁcas
2999 1477 3073 1544 (a)
3103 1477 3257 1532 nobis
3280 1480 3506 1549 gentiles
3543 1480 3637 1533 ad-

2048 1558 2219 1624 ducis,
2263 1561 2464 1615 iuctum
2504 1563 2742 1618 excitans
2772 1573 2826 1618 et
2858 1564 3130 1621 fornacem
3174 1567 3464 1624 incendens
3497 1587 3511 1624 :
3541 1588 3639 1627 nec

2047 1649 2201 1705 audis
2246 1652 2469 1708 Paulum
2511 1653 2823 1710 dicentem:
2862 1656 2991 1723 Qua:
3042 1659 3254 1713 societas
3296 1658 3487 1715 Christi
3523 1679 3638 1716 cum

2047 1739 2256 1796 Belial?
2279 1753 2368 1796 aut
2407 1760 2521 1814 qua:
2544 1746 2708 1815 portio
2735 1746 2902 1815 ﬁdelis
2938 1764 3054 1801 cum
3092 1749 3287 1812 inﬁdeli
3327 1748 3403 1821 (2.
3432 1750 3547 1805 Cor.
3581 1753 3635 1806 6.

2051 1832 2182 1905 l5)?
2210 1832 2370 1890 Certe
2389 1836 2637 1905 gentiles,
2664 1838 2754 1906 qui
2780 1836 2910 1893 nihil
2933 1838 2999 1894 de
3029 1841 3422 1896 resurrectione
3441 1841 3636 1909 sciunt,

2048 1927 2363 1983 consolandi
2393 1938 2569 1983 tamen
2594 1929 2830 1986 rationes
2856 1930 3151 1997 inveniunt,
3195 1933 3435 1989 dicentes
3462 1951 3476 1988 :
3507 1932 3641 1987 For-

2051 2021 2175 2075 titer
2204 2018 2375 2085 feras;
2406 2034 2580 2089 neque
2623 2021 2825 2089 poteris
2854 2020 2905 2075 id
2943 2020 3084 2091 quod
3112 2021 3308 2077 factum
3339 2030 3440 2090 est,
3478 2023 3643 2079 infec-

2051 2123 2161 2168 tum
2190 2112 2439 2178 reddere,
2470 2113 2551 2167 vel
2595 2112 2841 2168 lamentis
2872 2128 2984 2169 rem
3014 2124 3256 2181 mutare;
3298 2124 3353 2169 tu
3380 2130 3510 2171 vero
3548 2118 3640 2187 qui

2049 2206 2375 2261 sublimioris
2416 2206 2750 2276 utiliorisque
2781 2206 3137 2278 philosophia:
3174 2216 3437 2278 praecepta
3464 2209 3638 2274 audis,

2049 2312 2155 2352 non
2188 2296 2459 2351 erubescis
2503 2298 2740 2367 turpiora
2765 2312 2920 2365 quam
2953 2298 3025 2351 illi
3055 2299 3254 2368 agens?
3279 2298 3461 2369 Neque
3488 2300 3631 2355 enim

2049 2389 2277 2444 dicimus
2306 2405 2404 2444 nos
2447 2407 2460 2443 :
2515 2390 2748 2444 Fortiter
2792 2390 2966 2456 feras;
3013 2406 3117 2444 non
3166 2405 3450 2461 possumus
3495 2392 3637 2446 enim

2048 2480 2188 2551 quod
2216 2480 2412 2535 factum
2442 2490 2527 2535 est
2551 2480 2801 2535 iniectum
2840 2480 3094 2544 reddere;
3128 2479 3243 2545 sed,
3283 2480 3516 2536 Fortiter
3558 2480 3637 2536 fe-

2050 2588 2170 2635 ras;
2202 2587 2323 2627 nam
2352 2572 2571 2628 omnino
2600 2580 2875 2642 resurget;
2906 2571 3101 2625 dormit
3129 2571 3270 2627 enim
3302 2571 3498 2642 puella,
3531 2588 3637 2627 non

2049 2675 2255 2720 mortua
2283 2674 2367 2720 est
2397 2683 2408 2717 :
2440 2665 2684 2734 quiescit,
2714 2680 2814 2719 nec
2842 2665 3014 2734 periit.
3039 2662 3187 2718 Illam
3215 2664 3442 2735 excipiet
3471 2679 3641 2719 resur-

2050 2758 2247 2824 rectio,
2280 2756 2385 2810 vita
2427 2756 2773 2825 sempiterna,
2810 2755 3201 2823 immortalitas,
3233 2771 3349 2812 sors
3378 2756 3636 2826 angelica.

2048 2849 2163 2904 Non
2194 2849 2346 2905 audis
2373 2848 2640 2905 Psalmum
2668 2848 2954 2914 dicentem,
2983 2847 3298 2912 Convertere,
3318 2847 3490 2901 anima
3508 2864 3637 2912 nica,

2048 2940 2103 2994 in
2121 2940 2340 3011 requiem
2386 2950 2561 3005 tuam,
2607 2939 2724 3006 quia
2775 2938 3022 2992 Dominus
3069 2938 3311 3010 benefecit
3351 2936 3437 2991 tibi
3468 2935 3637 3006 (Psal.

2051 3033 2173 3088 114.
2204 3032 2303 3103 7)?
2327 3032 2465 3087 Deus
2489 3042 2717 3087 mortem
2745 3029 3059 3087 beneﬁcium
3095 3041 3268 3096 vocat,
3298 3040 3348 3084 et
3374 3039 3428 3085 tu
3460 3029 3640 3100 luges?

2052 3123 2118 3176 Et
2144 3121 2270 3193 quid
2299 3121 2527 3191 amplius
2547 3120 2752 3176 faceres
2781 3121 2825 3176 si
2856 3119 3087 3175 defuncti
3118 3121 3363 3175 inimicus
3392 3131 3445 3175 et
3472 3120 3642 3175 hostis

2051 3214 2233 3269 esses?
2253 3213 2309 3269 Si
2332 3213 2639 3283 lugendum,
2662 3212 2877 3268 diabolo
2898 3211 3183 3283 lugendum
3203 3221 3302 3267 est.
3330 3211 3420 3267 llic
3439 3212 3635 3281 lugeat,

2052 3305 2142 3363 ille
2163 3308 2504 3368 lamentetur,
2536 3305 2657 3374 quia
2688 3304 2755 3358 ad
2782 3306 2985 3373 majora
3009 3303 3146 3359 bona
3179 3304 3465 3374 pergimus.
3496 3302 3637 3359 illius

2053 3397 2284 3469 nequitia
2314 3396 2471 3466 digna
2502 3405 2585 3450 est
2612 3395 2872 3466 ejusmodi
2900 3396 3240 3461 lamentatio;
3265 3409 3419 3450 secus
3446 3403 3521 3460 tu,
3548 3397 3637 3466 qui

2050 3489 2116 3546 ad
2146 3503 2398 3545 coronam
2426 3495 2477 3542 et
2499 3488 2735 3557 requiem
2765 3487 2992 3542 vocaris.
3020 3484 3151 3541 Nam
3175 3497 3357 3557 portus
3385 3486 3648 3557 tranquil-

2052 3583 2136 3637 lus
2179 3595 2327 3635 mors
2367 3588 2468 3636 est.
2494 3578 2789 3648 'Perpende
2814 3579 2974 3649 igitur
3006 3586 3136 3648 quot
3184 3578 3336 3632 malis
3376 3577 3530 3649 plena
3571 3577 3641 3632 sit

2050 3674 2154 3728 vita
2187 3686 2423 3743 praesens
2448 3688 2462 3728 :
2492 3672 2663 3743 cogita
2687 3671 2895 3742 quoties
2922 3671 3021 3739 ipsi
3044 3670 3401 3727 maledixeris.
3431 3670 3562 3726 Nam
3589 3672 3639 3726 in

2051 3765 2207 3836 pejus
2231 3779 2444 3835 semper
2481 3780 2569 3820 res
2608 3772 2918 3828 vertuntur,
2963 3772 3124 3834 atque
3164 3779 3192 3818 a
3225 3764 3485 3835 principio
3532 3779 3640 3819 non

2050 3858 2313 3913 modicam
2343 3856 2738 3911 damnationem
2784 3857 3004 3910 sortitus
3032 3870 3110 3910 es.
3151 3854 3215 3908 In
3241 3856 3518 3917 doloribus.
3563 3856 3643 3911 in-

2049 3949 2185 4020 quit,
2232 3949 2400 4018 paries
2439 3948 2575 4016 ﬁlios
2602 3946 2752 4016 (Gen.
2784 3946 2838 4000 3.
2876 3946 2964 4016 16)
2998 3963 3010 3998 :
3040 3955 3115 4009 et,
3151 3944 3216 3998 In
3260 3946 3442 4000 sudore
3479 3946 3642 4000 vultus

2052 4043 2123 4094 tui
2151 4040 2376 4095 eomedes
2399 4057 2579 4111 panem
2603 4049 2745 4093 tuum
2772 4036 2874 4108 (Ib.
2908 4054 2956 4092 υ.
2985 4039 3074 4108 Π)
3100 4056 3113 4093 ;
3138 4048 3211 4104 et,
3250 4039 3311 4089 In
3338 4038 3528 4091 mundo
3555 4039 3644 4091 tri-

2051 4137 2355 4191 bulationem
2381 4132 2621 4188 habebitis
2646 4131 2821 4202 (Joan.
2846 4131 2933 4186 16.
2957 4130 3066 4201 '53).
3097 4131 3164 4184 At
3189 4130 3255 4185 de
3277 4130 3464 4184 futuris
3484 4131 3644 4185 rebus

2054 4227 2184 4282 nihil
2233 4224 2537 4294 hujusmodi
2579 4223 2794 4286 dicitur,
2843 4222 2953 4277 imo
2994 4221 3321 4275 contrarium
3369 4235 3641 4290 prorsus:

2056 4317 2250 4388 Effugit
2279 4316 2446 4381 dolor,
2470 4316 2740 4377 tristitiae!
2764 4313 2978 4384 gemitus
3008 4310 3162 4383 (lsai.
3189 4311 3279 4366 55.
3311 4309 3400 4380 10)
3426 4329 3442 4365 :
3468 4322 3542 4374 et,
3570 4311 3648 4365 Ab

2054 4411 2244 4464 oriente
2266 4419 2314 4464 et
2348 4409 2603 4464 occidente
2628 4407 2841 4470 venient,
2873 4416 2920 4460 et
2946 4404 3230 4460 rerumbent
3250 4405 3304 4460 in
3333 4406 3449 4459 sinu
3480 4404 3647 4459 Abra-

2057 4505 2153 4569 Ιιω,
2200 4513 2247 4559 et
2278 4501 2449 4567 Isaac,
2490 4512 2537 4556 et
2564 4501 2726 4555 Jacob
2757 4499 2968 4572 (Matth.
3003 4499 3055 4554 8.
3102 4496 3192 4569 li)
3223 4516 3238 4552 :
3268 4508 3323 4554 et
3352 4497 3460 4553 illic
3486 4511 3649 4565 Spon-

2058 4610 2148 4652 sus
2173 4595 2485 4667 spiritualis,
2516 4595 2747 4650 lucerna:
2789 4592 3024 4664 fulgida»,
3055 4592 3329 4646 translatio
3350 4591 3402 4646 in
3432 4589 3644 4645 cmlnm.

2131 4692 2182 4744 ι.
2212 4688 2317 4742 Cur
2344 4700 2473 4754 ergo
2501 4692 2767 4739 mortuum
2798 4682 3097 4753 deturpas?
3132 4697 3229 4737 cur
3252 4682 3371 4736 aliis
3402 4680 3645 4734 timorem

2061 4789 2452 4849 tremoremque
2477 4780 2665 4834 mortis
2689 4776 2958 4832 accersis?
2987 4791 3084 4830 cur
3102 4774 3438 4829 occasionem
3466 4772 3645 4828 multis

2062 4873 2268 4944 prtebes
2289 4871 2563 4928 incusandi
2591 4871 2781 4933 Deum,
2805 4879 2987 4938 utpote
3007 4868 3097 4938 qui
3120 4883 3308 4939 magna
3330 4867 3517 4923 fecerit
3537 4883 3649 4922 ma-

2069 4964 2150 5025 la?
2178 4964 2288 5019 lmo
2328 4976 2459 5018 vero
2491 4977 2587 5018 cur
2618 4969 2801 5031 postea
2842 4974 3106 5033 pauperes
3157 4973 3317 5015 vocas
3339 5000 3356 5028 ,
3387 4969 3442 5014 et
3466 4975 3647 5015 sacer-

2061 5059 2215 5114 dotes
2243 5070 2398 5128 rogas
2425 5054 2491 5110 ad
2523 5052 2885 5123 precandum?
2907 5052 2976 5109 Ut
2999 5054 3052 5109 in
3081 5053 3318 5124 requiem
3346 5053 3532 5119 abeat,
3559 5053 3647 5107 in-

2061 5154 2213 5225 quies
2232 5193 2247 5216 ,
2278 5150 2326 5207 is
2352 5149 2441 5219 qui
2470 5156 2712 5203 mortuus
2736 5156 2819 5202 est
2841 5189 2857 5213 ,
2888 5158 2946 5201 ut
2978 5147 3262 5218 propitium
3294 5146 3485 5201 habeat
3510 5143 3651 5213 judi-

2062 5262 2200 5303 cem.
2231 5245 2305 5300 Ea
2348 5243 2508 5314 igitur
2533 5240 2602 5297 de
2630 5255 2789 5296 causa
2832 5240 3011 5310 ploras
3038 5249 3093 5295 et
3138 5236 3479 5309 ingemiscis?
3511 5235 3652 5306 Ergo

2065 5350 2239 5396 tecum
2264 5338 2379 5408 ipse
2410 5350 2611 5407 pugnas
2631 5376 2647 5399 ,
2678 5346 2800 5388 cum
2824 5332 2899 5388 illi
2926 5341 3266 5403 tempestates
3293 5342 3446 5399 paras
3470 5326 3560 5396 qui
3582 5326 3652 5380 ad

2068 5441 2276 5503 portum
2297 5429 2446 5486 abiit.
2478 5426 2547 5483 Et
2570 5425 2697 5497 quid
2728 5426 2953 5483 faciam?
2980 5424 3220 5495 inquies:
3252 5420 3303 5474 id
3331 5426 3517 5474 natura
3540 5417 3655 5472 exi-

2064 5526 2159 5597 git.
2200 5522 2316 5578 Non
2346 5528 2430 5577 est
2466 5528 2671 5575 natura:
2708 5518 2861 5587 culpa
2902 5530 3075 5584 neque
3109 5525 3292 5568 rerum
3329 5507 3665 5572 scrie'r;sed

2128 5636 2203 5699 (a)
2225 5632 2509 5699 De‘prazﬁca
2530 5631 2645 5699 vide
2662 5620 2977 5699 Antiquiuj.
2999 5627 3120 5699 5,_p.
3138 5624 3217 5685 ll,
3241 5630 3292 5673 et
3314 5622 3388 5672 de
3403 5620 3553 5672 forma
3571 5633 3655 5671 ata-

2068 5686 2168 5749 tem
2185 5686 2393 5761 praeﬁca
2416 5686 2812 5760 Supplementuni
2832 5696 2883 5738 τ.
2907 5689 2959 5748 5,
2978 5701 3026 5750 p.
3055 5686 3132 5737 li.
