4080 6138
427 283 528 304 ρηυ

428 301 530 340 Oli)

429 415 527 456 nos
548 397 636 469 qui
663 390 840 449 omnia
863 403 954 444 sus
973 386 1148 456 deque
1169 380 1442 442 vertimus,
1471 376 1660 432 molles
1679 370 1901 469 nimium
1923 381 2014 469 suo

434 459 587 558 mus,
643 495 878 544 nostram
929 478 1205 553 prodimus
1247 471 1611 532 nobilitatem,
1665 473 1727 558 et
1737 555 1746 558 _
1772 459 2014 558 infideles

431 551 727 638 deteriores
766 551 1009 630 facimus.
1049 564 1328 637 Quomodo
1357 561 1499 617 enim
1530 572 1652 614 cum
1681 555 1788 610 alio
1813 553 1882 608 de
1909 551 2012 606 im-

432 671 756 728 mortalitate
777 659 1138 720 disseremus?
1158 672 1260 728 qua
1285 652 1493 709 ratione
1512 649 1763 721 gentilem
1782 645 1848 700 ad
1871 643 2014 698 illam

429 762 752 819 credendam
777 757 1110 818 inducemus,
1151 763 1274 804 cum
1299 744 1468 816 magis
1489 757 1646 813 quam
1673 739 1762 796 ille
1784 743 2014 792 mortem

429 858 746 912 horreamus
787 858 842 906 et
870 842 1186 903 timeamus?
1228 839 1376 895 Multi
1402 845 1549 894 certe
1574 850 1639 891 ex
1683 831 2012 904 gentilibus,

429 949 519 1016 qui
569 942 1018 1002 immortalitatem
1061 949 1166 991 non
1209 929 1534 994 credebant,
1582 925 1808 982 mortuis
1856 921 2013 989 ﬁliis,

432 1040 678 1110 imposita
701 1035 798 1091 sibi
822 1045 1017 1088 corona
1043 1028 1142 1101 (a),
1163 1033 1366 1080 vestem
1394 1019 1673 1077 candidam
1706 1017 2012 1110 induerunt,

433 1143 488 1187 ut
512 1107 835 1201 praesentem
875 1121 1100 1194 gloriam
1147 1122 1576 1184 aucuparentur;
1609 1119 1663 1165 tu
1695 1122 1822 1164 vero
1852 1122 1919 1162 ne
1947 1107 2018 1162 ob

431 1198 661 1278 futuram
701 1215 916 1288 quidem
963 1211 1186 1282 gloriam
1216 1219 1396 1263 cessas
1423 1203 1734 1260 effeminato
1755 1214 1907 1255 more
1936 1198 2014 1252 la-

433 1313 681 1380 mentari,
704 1318 758 1366 et
781 1309 1050 1380 plangere.
1075 1302 1181 1359 Sed
1209 1299 1461 1354 heredem
1496 1311 1601 1351 non
1632 1294 1814 1357 babes,
1841 1305 2018 1360 neque

433 1398 836 1462 successorem?
861 1395 995 1466 Quid
1027 1409 1153 1448 vero
1182 1391 1367 1454 malis,
1400 1389 1661 1443 bonorum
1685 1394 1897 1438 tuorum
1925 1381 2019 1434 he-

431 1497 614 1554 redem
645 1509 766 1551 esse
785 1534 799 1558 ,
832 1505 899 1546 an
929 1485 1220 1544 caelorum?
1248 1481 1374 1554 quid
1416 1480 1604 1545 malis,
1635 1493 1700 1532 an
1733 1485 1790 1530 u-t
1815 1475 1903 1530 ille
1929 1483 2016 1528 tua

433 1589 663 1656 excipiat
689 1585 844 1646 bona,
876 1595 994 1650 qua:
1026 1575 1174 1631 brevi
1205 1570 1551 1642 relinquenda
1588 1578 1765 1632 erunt,
1797 1582 1865 1620 an
1897 1579 2016 1618 ma-

436 1681 616 1734 nentia
639 1684 947 1744 aeternaque
972 1667 1149 1725 bona?
1176 1666 1329 1721 Illum
1353 1661 1604 1718 heredem
1627 1674 1732 1714 non
1760 1657 2013 1724 habuisti,

436 1771 530 1825 sed
557 1768 740 1822 habuit
784 1765 922 1820 Deus
950 1781 962 1818 :
997 1777 1101 1814 non
1126 1757 1222 1812 fuit
1249 1755 1474 1810 coheres
1497 1753 1723 1807 fratrum
1755 1763 1974 1804 suorum
1997 1789 2012 1812 ,

435 1863 528 1918 sed
561 1861 658 1916 fuit
686 1857 901 1914 Christi.
936 1856 1002 1910 Et
1024 1852 1108 1908 cui
1133 1859 1332 1917 vestes,
1363 1846 1590 1916 inquies,
1618 1843 1702 1898 cui
1729 1841 1872 1897 aedes
1891 1882 1908 1908 ,
1931 1839 2017 1895 cui

436 1970 620 2010 servos
664 1960 718 2006 et
764 1963 918 2019 agros
959 1940 1361 2014 relinquemus?
1401 1939 1502 2009 Ipsi
1535 1935 1808 2007 profecto,
1839 1943 1895 1989 et
1941 1933 2032 1989 sic'

435 2050 598 2104 tutius
628 2058 854 2114 repones
878 2083 891 2105 ,
924 2054 1080 2110 quam
1108 2036 1155 2091 si
1184 2035 1385 2089 viveret
1409 2050 1423 2098 ;
1457 2030 1590 2086 nihil
1613 2029 1814 2100 quippe
1840 2034 1891 2081 te
1914 2026 2017 2078 im-

436 2140 599 2211 pedit.
630 2136 761 2193 Nam
789 2136 831 2188 si
865 2130 1075 2187 barbari
1105 2145 1206 2184 una
1231 2141 1352 2182 cum
1376 2121 1645 2180 defunctis
1670 2136 1758 2177 res
1781 2121 2016 2192 ipsorum

432 2243 674 2286 cremare
697 2225 873 2280 solent
892 2264 906 2288 ,
934 2222 1103 2276 multo
1128 2219 1297 2289 magis
1318 2228 1369 2272 te
1390 2232 1486 2286 par
1508 2222 1591 2271 est
1615 2213 1680 2269 ad
1706 2212 2017 2268 defunctum

435 2321 646 2376 mittere
673 2333 734 2372 ea
763 2331 882 2384 qua:
911 2314 975 2368 ad
1007 2313 1182 2381 ipsum
1229 2309 1535 2378 pertinent,
1565 2321 1672 2361 non
1701 2315 1760 2360 ut
1787 2305 1838 2359 in
1864 2303 2016 2359 cine-

434 2428 546 2468 rem
579 2410 900 2466 reducantur
927 2415 984 2461 ut
1013 2407 1134 2472 illa,
1164 2403 1259 2458 sed
1285 2410 1343 2458 ut
1383 2401 1642 2469 majorem
1681 2398 1758 2453 illi
1793 2397 2018 2468 gloriam

433 2503 642 2574 pariant
666 2517 680 2566 ;
712 2508 767 2554 et
792 2499 837 2552 si
866 2505 1111 2568 peccator
1136 2493 1388 2558 decessit,
1411 2499 1469 2547 ut
1495 2498 1713 2562 peccata
1739 2488 2016 2552 cluantur;

432 2597 477 2652 si
503 2595 700 2666 justus,
731 2601 786 2647 ut
815 2591 889 2646 illi
913 2587 1175 2645 mercedis
1201 2602 1263 2642 ac
1282 2583 1648 2642 retributionis
1673 2591 2016 2652 augmentum

432 2685 670 2742 accedat.
706 2685 772 2738 At
801 2683 982 2737 videre
1009 2681 1183 2750 ipsum
1208 2676 1517 2734 desideras?
1563 2672 1820 2729 Eamdem
1861 2672 2021 2742 igitur

434 2791 595 2847 quam
625 2774 738 2844 ipse
775 2773 938 2827 vitam
971 2769 1202 2838 transige
1227 2809 1242 2836 ,
1282 2776 1336 2823 et
1365 2766 1472 2820 cito
1500 2764 1590 2820 illa
1633 2777 1784 2818 sacra
1815 2761 2018 2816 visione

433 2865 646 2921 frueris.
675 2863 805 2920 illud
835 2864 996 2917 etiam
1022 2861 1196 2930 cogita
1216 2899 1231 2924 ,
1265 2866 1318 2914 te
1341 2857 1385 2912 si
1409 2870 1507 2912 nos
1528 2869 1636 2909 non
1664 2852 1930 2914 audieris,
1967 2852 2016 2906 in

435 2960 613 3014 futuro
639 2957 688 3012 id
733 2956 950 3010 omnino
980 2962 1326 3023 experturum
1351 2964 1492 3005 esse.
1517 2947 1718 3003 Verum
1749 2945 1895 3001 nulla
1925 2944 2018 3000 tibi

434 3065 642 3106 merces
671 3050 770 3104 erit
798 3067 810 3103 :
845 3062 966 3101 nam
993 3062 1022 3100 a
1053 3041 1309 3115 temporis
1339 3040 1685 3097 diuturnitate
1722 3037 2021 3094 consolatio

437 3145 526 3200 illa
553 3144 642 3200 tibi
669 3142 906 3198 accedet.
937 3141 994 3196 Si
1018 3153 1178 3210 porro
1205 3152 1347 3192 nunc
1372 3132 1738 3206 philosophari
1763 3130 2017 3197 volueris,

433 3239 541 3294 duo
571 3237 835 3308 praecipua
878 3233 1202 3298 lucraberis;
1239 3240 1288 3285 te
1314 3229 1511 3301 quippe
1541 3243 1570 3282 a
1600 3226 1758 3282 malis
1788 3225 2018 3281 circum-

436 3332 700 3387 stantibus
725 3344 913 3395 erues,
942 3337 996 3384 et
1025 3324 1384 3397 splendidiore
1421 3337 1618 3378 corona
1649 3336 1678 3376 a
1709 3320 1821 3375 Deo
1848 3317 2018 3373 dona-

435 3425 597 3478 beris.
623 3423 1032 3492 Elecmosynam
1054 3419 1196 3473 enim
1219 3415 1522 3484 multasque
1543 3415 1677 3468 alias
1694 3415 1914 3469 virtutes
1930 3426 2021 3466 su-

436 3523 585 3584 perat
615 3513 973 3568 calamitatum
1017 3507 1316 3564 tolerantia.
1349 3507 1531 3577 Cogita
1564 3506 1734 3575 ipsum
1783 3505 1875 3560 Dei
1919 3503 2016 3558 Fi-

436 3605 563 3658 lium
595 3615 860 3658 mortuum
890 3615 1044 3665 esse;
1079 3599 1166 3653 ille
1197 3613 1296 3667 pro
1329 3606 1380 3652 te
1418 3606 1659 3651 mortuus
1688 3605 1768 3650 est
1788 3637 1804 3661 ,
1839 3605 1893 3649 tu
1925 3610 2021 3664 pro

438 3697 628 3765 teipso.
661 3695 797 3747 Dixit
819 3702 997 3746 autem
1022 3709 1032 3744 :
1068 3690 1128 3745 Si
1155 3689 1388 3760 possibile
1415 3699 1506 3754 est,
1539 3698 1759 3742 (ramea!
1780 3705 1812 3742 α
1832 3705 1910 3742 me
1932 3705 2021 3742 ca-

439 3786 513 3840 lix
537 3786 625 3838 iste
649 3785 665 3855 (
689 3783 872 3837 Matth.
895 3783 985 3837 26.
1014 3781 1122 3853 59)
1149 3800 1163 3835 :
1194 3796 1256 3836 ac
1285 3781 1496 3835 tristitia
1523 3795 1861 3851 mteroreque
1887 3781 2020 3836 affe-

438 3889 557 3932 ctus
585 3862 811 3931 mortem
844 3890 946 3932 non
993 3875 1207 3946 elTugit,
1243 3874 1336 3930 sed
1365 3876 1524 3929 etiam
1571 3875 1812 3944 plurimis
1854 3885 2024 3931 tortus

437 3971 757 4025 cruciatibus
779 4013 791 4034 ,
835 3979 1060 4024 mortem
1102 3967 1265 4022 subiit
1303 3983 1406 4021 non
1447 3967 1718 4038 vulgarem
1741 4009 1756 4033 ,
1786 3969 1877 4021 sed
1909 3983 2024 4022 om-

439 4065 586 4117 nium
627 4061 986 4130 turpissimam
1022 4080 1036 4116 :
1078 4069 1133 4116 et
1171 4068 1293 4114 ante
1344 4069 1571 4114 mortem
1618 4059 1826 4130 ﬂagella
1853 4102 1868 4126 ,
1899 4070 2024 4116 ante

439 4157 642 4227 ﬂagella
679 4171 805 4209 vero
849 4154 1087 4210 convicia
1111 4195 1125 4218 ,
1156 4153 1456 4208 derisiones
1477 4194 1490 4214 ,
1537 4153 1887 4207 contumelias
1910 4192 1926 4220 ,
1973 4163 2024 4208 te

438 4250 725 4303 instituens
759 4246 824 4300 ad
863 4247 1038 4302 omnia
1074 4244 1281 4299 fortiter
1320 4244 1557 4300 ferenda.
1589 4243 1695 4299 Sed
1732 4255 1849 4314 post
1877 4260 2022 4299 mor-

442 4352 568 4406 tem,
603 4350 881 4410 postquam
911 4353 1104 4407 corpus
1133 4337 1477 4405 deposuerat,
1510 4335 1637 4391 illud
1667 4352 1786 4391 cum
1822 4339 2024 4407 majore

439 4435 611 4506 gloria
661 4432 978 4502 resumpsit,
1025 4439 1180 4499 teque
1207 4429 1343 4483 bona
1373 4443 1468 4500 spe
1495 4427 1661 4483 fulcit.
1694 4429 1819 4484 llaec
1845 4430 1887 4484 si
1920 4445 2024 4485 non

443 4525 618 4579 fabula
667 4534 830 4589 sunt,
861 4517 927 4576 ne
957 4521 1136 4590 plores
1165 4537 1178 4574 :
1213 4519 1326 4575 lucc
1357 4520 1400 4574 si
1429 4519 1704 4575 credibilia
1734 4531 1887 4591 putas
1913 4565 1926 4587 ,
1961 4538 2028 4578 ne

443 4616 754 4691 lacrymeris
781 4633 795 4680 ;
828 4615 873 4669 si
899 4629 1026 4669 vero
1052 4612 1262 4667 ﬂeveris
1283 4653 1297 4678 ,
1327 4597 1599 4683 quomodo
1628 4613 1827 4682 poteris
1864 4616 2029 4685 genti-

441 4711 580 4764 libus
612 4707 936 4778 persuadere
973 4717 1023 4761 te
1053 4719 1177 4760 vere
1205 4696 1486 4759 credere?

515 4802 567 4854 5.
606 4801 794 4854 Mortui
821 4817 919 4854 non
951 4799 1057 4853 sine
1081 4796 1232 4851 modo
1256 4794 1481 4865 lugendi.
1512 4824 1583 4834 —-
1611 4794 1678 4848 At
1719 4793 1810 4849 tibi
1853 4795 2026 4850 adhuc

448 4890 796 4945 intolerabilis
838 4903 996 4944 casus
1025 4887 1113 4942 ille
1143 4886 1386 4942 videtur?
1432 4885 1573 4956 Ergo
1617 4901 1721 4939 non
1768 4885 2029 4956 lugendus

448 4982 569 5038 ideo
595 4979 684 5034 ille
709 4989 810 5044 est,
838 4981 925 5051 qui
953 4995 982 5034 a
1014 4989 1093 5034 tot
1116 4976 1507 5034 calamitatibus
1532 4977 1640 5048 jam
1664 4980 1742 5032 est
1772 4978 1922 5032 liber.
1953 4979 2029 5034 Ne

443 5078 626 5142 itaque
670 5070 768 5138 ipsi
818 5070 1075 5125 invideas.
1123 5069 1254 5124 Nam
1305 5069 1396 5124 tibi
1429 5070 1513 5123 ob'
1542 5070 1884 5124 immaturum
1916 5070 2031 5140 ejus

445 5163 651 5218 obitum
679 5170 906 5215 mortem
939 5169 1125 5230 optare
1148 5204 1163 5229 ,
1197 5163 1486 5233 lugereque
1506 5203 1521 5229 ,
1560 5162 1684 5232 quia
1727 5178 1833 5218 non
1860 5162 2028 5228 vivit',

446 5267 504 5312 ut
535 5256 660 5310 talia
691 5255 855 5310 multa
905 5237 1168 5333 pmtbr,
1210 5255 1370 5309 invidi
1416 5265 1564 5310 certe
1608 5265 1710 5310 est.
1755 5255 1872 5311 Noli
1905 5273 2032 5330 ergo

447 5359 684 5420 cogitare
723 5347 896 5417 ipsum
938 5327 1225 5414 nuui'q‘ubm
1263 5345 1479 5400 domum
1529 5359 1648 5400 esse
1694 5327 1988 5402 rediturum
2014 5390 2029 5414 ,

511 5503 585 5565 (a)
601 5572 604 5573 ν
620 5500 702 5573 De
719 5499 1044 5573 Xenophonte
1063 5497 1255 5573 dicitur,
1275 5499 1438 5573 ipsum
1459 5513 1572 5549 cum
1593 5509 1852 5573 coronatus
1887 5503 2036 5552 sacri-

447 5561 632 5615 ﬂcaret.
656 5570 711 5612 ut
726 5561 907 5612 audivit
928 5561 1075 5611 lilium
1097 5562 1146 5611 iu
1169 5561 1414 5624 Mantinzea
1439 5575 1597 5624 pugna
1619 5564 1872 5624 cecidisse,
1899 5577 2034 5614 coro-

449 5639 562 5675 nam
596 5625 910 5696 deposuisse,
957 5625 1042 5696 ubi
1078 5636 1198 5673 vero
1239 5623 1418 5696 acriter
1446 5623 1759 5696 pugnantem
1792 5623 2036 5677 corruisse

452 5686 705 5747 comperit,
733 5699 954 5736 coronam
970 5688 1148 5737 iterum
1170 5686 1312 5749 capiti
1335 5686 1638 5749 imposuisse.

1133 271 1191 325 S.
1232 262 1508 322 JOANNIS
1547 248 2023 315 CIIRYSOSTOMI
2070 247 2385 304 ARCIHEP.
2428 243 2965 304 CONSTANTINOP.

3602 243 3709 301 576

2119 362 2212 416 sed
2244 372 2298 418 te
2339 363 2486 418 brevi
2531 363 2596 418 ad
2629 364 2776 420 illum
2817 374 2938 420 esse
2975 363 3344 436 migraturum.
3383 363 3464 421 Ne
3500 366 3736 436 cogites

2117 456 2292 524 ipsum
2321 469 2426 510 non
2460 456 2597 512 ultra
2629 456 2733 512 huc
2760 471 2881 513 esse
2908 466 3192 513 venturum
3215 501 3231 524 ,
3261 457 3354 513 sed
3385 459 3559 528 cogita
3592 457 3709 514 huic

2120 545 2346 601 visibilia
2370 563 2473 602 non
2507 548 2576 602 ita
2601 557 2659 603 ut
2682 556 2807 604 sunt
2833 563 3083 606 mansura
3107 590 3124 616 ,
3151 551 3246 608 sed
3275 552 3706 611 transformamla

2119 652 2258 694 esse.
2288 637 2420 693 Nam
2461 640 2657 696 coelum
2681 683 2696 708 ,
2726 648 2897 706 terra,
2923 657 3072 698 mare
3115 651 3170 698 et
3213 645 3390 700 omnia
3438 656 3733 702 transmuo-

2119 737 2332 797 tantur,
2383 742 2620 804 tuncque
2654 733 2824 789 lilium
2862 745 3011 791 tuum
3048 737 3278 808 recipies
3308 739 3499 810 majori
3522 741 3696 810 gloria

2116 832 2441 878 coronatum
2463 827 2589 882 ‘.Et
2605 824 2652 880 si
2677 826 2898 896 quidem
2931 836 3186 898 peccator
3215 831 3347 886 abiit
3372 871 3388 893 ,
3434 832 3698 901 nequitiae

2120 927 2308 977 cursus
2327 913 2652 985 interceptus
2670 915 2787 982 fuit;
2808 931 2984 987 neque
3001 917 3144 972 enim
3164 917 3208 974 si
3223 919 3534 976 mutandum
3554 921 3708 978 illum

2121 1003 2236 1060 fore
2265 1004 2405 1060 Deus
2431 1006 2765 1076 prmvidisset
2786 1047 2802 1074 ,
2833 1008 2980 1062 illum
3010 1017 3134 1063 ante
3165 1011 3532 1079 penitentiam
3564 1013 3709 1068 abri-

2122 1097 2322 1167 puis‘set
2341 1113 2357 1162 ;
2376 1097 2418 1151 si
2445 1111 2571 1152 vero
2585 1097 2760 1168 justus
2781 1098 3056 1166 discessit,
3087 1100 3140 1156 in
3163 1109 3278 1156 tuto
3305 1102 3441 1158 bona
3463 1119 3558 1158 sua
3583 1119 3707 1176 pos-

2119 1188 2278 1244 sidet.
2345 1188 2500 1246 Unde
2558 1191 2896 1247 manifestum
2953 1202 3036 1249 est
3087 1194 3356 1267 lacrymas
3422 1206 3541 1254 tuas
3598 1213 3706 1256 non

2120 1295 2242 1337 esse
2292 1282 2554 1354 lacrymas
2603 1285 2823 1350 amoris,
2875 1285 2995 1341 sed»
3025 1287 3407 1346 irrationabilis
3457 1292 3705 1349 affectus.

2120 1371 2251 1428 Nam
2299 1374 2342 1428 si
2391 1374 2699 1430 defunctum
2752 1391 2962 1433 amares
2991 1420 3004 1445 ,
3051 1379 3286 1449 gaudere
3332 1391 3603 1452 oporteret
3653 1395 3728 1440 et

2122 1467 2288 1523 hctari
2316 1509 2330 1532 ,
2382 1468 2525 1540 quod
2575 1483 2605 1523 a
2644 1471 2996 1539 praesentibus
3046 1472 3293 1529 ﬂuctibus
3343 1476 3413 1530 sit
3467 1487 3731 1547 ereptus.'

2121 1560 2257 1629 Quid
2317 1561 2459 1616 enim
2519 1564 2787 1633 amplius,
2856 1581 3078 1633 quzeso,
3141 1567 3323 1623 videre
3384 1571 3510 1624 est?
3569 1571 3708 1638 Quid

2123 1657 2391 1712 insolitum
2459 1667 2514 1712 et
2577 1659 2818 1713 novum?
2881 1658 3069 1716 Nonne
3134 1662 3320 1717 eadem
3391 1665 3502 1734 ipsa
3569 1682 3706 1736 quo-

2122 1748 2250 1805 tidie
2270 1751 2469 1805 revolvi
2489 1751 2768 1806 videmus?
2793 1751 2938 1807 Diem
2967 1767 3070 1807 nox
3093 1754 3311 1824 excipit,
3335 1765 3544 1811 noctem
3567 1757 3724 1824 dies,

2122 1840 2354 1897 hiemem
2395 1849 2586 1909 mstas,
2615 1851 2855 1899 aestatem
2889 1843 3058 1900 hiems
3079 1887 3093 1909 ,
3125 1854 3181 1900 et
3207 1845 3335 1900 nihil
3366 1849 3612 1918 amplius.
3645 1849 3711 1905 Et

2121 1932 2237 1988 haec
2260 1931 2472 2004 quidem
2494 1949 2710 2004 semper
2735 1935 2920 1991 eadem
2952 1953 2966 1989 :
2997 1933 3134 1991 mala
3163 1953 3289 1993 vero
3319 1953 3533 2010 semper
3560 1942 3710 1998 inso-

2121 2025 2211 2080 lita
2253 2032 2308 2080 et
2348 2040 2504 2079 nova.
2553 2025 2680 2081 llaec
2719 2042 2851 2097 ergo
2891 2027 3106 2084 volebas
3133 2029 3280 2084 illum
3309 2033 3549 2102 quotidie
3575 2034 3728 2088 hau--

2122 2118 2228 2174 rire
2255 2121 2316 2184 ³,
2358 2129 2412 2174 et
2454 2119 2541 2176 hic
2579 2135 2824 2186 manere,
2872 2133 3163 2193 regrotare,
3217 2124 3430 2196 lugere,
3482 2129 3708 2194 timere,

2123 2219 2386 2278 tremere,
2432 2221 2489 2268 et
2531 2213 2634 2268 aiia
2683 2213 2807 2268 mali
2846 2213 2988 2285 pati,
3030 2214 3133 2270 alia
3173 2215 3502 2273 formidare?
3527 2218 3712 2288 Neque

2122 2303 2263 2358 enim
2286 2303 2463 2359 dicere
2490 2305 2652 2369 ausis,
2684 2305 2922 2375 potuisse
2947 2306 3096 2362 illum
3122 2309 3337 2378 longum
3364 2309 3466 2364 hoc
3493 2311 3711 2381 pelagus

2124 2394 2470 2464 trajicientem
2490 2436 2506 2462 ,
2537 2397 2857 2452 maeroribus
2894 2397 3440 2470 sollicitudinibueque
3483 2415 3711 2456 vacuum

2123 2501 2264 2544 esse.
2289 2486 2370 2542 Ad
2397 2488 2512 2544 [nec
2537 2489 2804 2560 perpende
2831 2497 2882 2544 te
2909 2505 3014 2545 non
3041 2491 3290 2562 genuisse
3321 2494 3706 2560 immortalem;

2122 2593 2185 2634 ac
2204 2578 2247 2633 si
2278 2595 2382 2633 non
2409 2580 2518 2649 jam
2547 2591 2785 2635 mortuus
2805 2592 2966 2646 esset,
2999 2585 3154 2653 paulo
3183 2592 3362 2654 postea
3394 2587 3711 2642 moriturmu

2124 2670 2304 2724 luisse.
2350 2673 2418 2726 At
2458 2689 2561 2727 non
2589 2674 2809 2730 satiatus
2831 2691 2953 2731 eras
2978 2675 3123 2731 illius
3148 2679 3533 2736 consuetudine
3554 2679 3578 2733 ἲ
3603 2679 3712 2736 Sed

2124 2767 2194 2822 ibi
2213 2783 2422 2839 semper
2446 2771 2534 2824 illo
2559 2769 2768 2826 frueris.
2799 2774 2865 2827 At
2897 2773 3060 2828 velles
3089 2772 3172 2829 hic
3201 2774 3369 2845 ipsum
3397 2777 3620 2832 videre?
3647 2778 3713 2833 Et

2122 2859 2247 2928 quid
2292 2862 2473 2916 vetat?
2510 2861 2658 2917 Licet
2700 2863 2794 2918 tibi
2844 2864 2992 2919 illum
3023 2866 3224 2934 videre,
3255 2867 3297 2921 si
3332 2869 3507 2937 sapias
3540 2885 3554 2923 :
3587 2883 3712 2937 spes

2123 2953 2265 3007 enim
2313 2952 2606 3011 futurorum
2655 2957 2770 3025 ipso
2811 2957 2924 3011 visu
2968 2958 3162 3014 clarior
3189 2968 3288 3014 est.
3321 2959 3398 3014 Tu
3431 2976 3557 3016 vero
3583 2962 3626 3015 si
3656 2962 3710 3016 in

2125 3046 2269 3117 regia
2313 3056 2488 3113 esset,
2541 3047 2717 3120 ibique
2763 3048 3012 3119 ﬂoreret,
3063 3067 3168 3104 non
3219 3052 3503 3122 quaesisses
3562 3053 3709 3108 illum

2127 3139 2308 3195 videre
2351 3156 2367 3194 :
2411 3154 2474 3195 ac
2519 3155 2638 3195 cum
2675 3141 2740 3195 ad
2769 3141 2924 3212 longe
2951 3143 3226 3198 meliorem
3255 3153 3453 3200 sortem
3478 3143 3667 3200 abierit
3691 3187 3708 3210 ,

2126 3239 2342 3301 propter
2371 3245 2589 3301 parvum
2619 3230 2872 3289 absentia:
2903 3242 3110 3305 tempus
3134 3235 3313 3291 animo
3339 3236 3523 3292 delicis
3541 3279 3554 3302 ,
3586 3252 3710 3292 cum

2126 3325 2360 3382 maxime
2402 3335 2702 3381 consortem
2746 3336 2917 3382 tecum
2965 3327 3202 3383 habeas?
3242 3328 3347 3385 Sed
3395 3329 3562 3385 virum
3601 3347 3710 3385 non

2128 3418 2428 3474 ll8b85?Al
2469 3419 2858 3474 consolatorem
2903 3419 3068 3476 habes
3102 3421 3312 3477 Patrem
3347 3421 3711 3493 orpbanorum

2129 3518 2183 3565 et
2209 3509 2449 3566 Judicem
2482 3511 2780 3567 viduarum.
2813 3511 2951 3566 Audi
2980 3512 3200 3567 Paulum
3234 3512 3372 3569 hanc
3399 3513 3714 3569 viduitatem

2129 3602 2335 3658 beatam
2365 3601 2747 3674 praedicantem
2773 3644 2788 3669 ,
2831 3618 2893 3658 ac
2919 3604 3182 3660 dicentem
3218 3623 3230 3659 :
3265 3606 3392 3672 Quae
3413 3617 3576 3660 autem
3601 3621 3718 3661 vero

2128 3695 2278 3748 vidua
2307 3703 2445 3749 estet
2472 3696 2700 3749 solitaria
2725 3697 2942 3764 speravit
2971 3698 3022 3752 in
3053 3696 3270 3754 Domino
3293 3701 3370 3769 (Ι.
3393 3698 3524 3753 Tim.
3541 3699 3609 3755 ‘5.
3631 3699 3711 3771 5).

2130 3785 2341 3841 Etenim
2373 3786 2486 3841 haec
2517 3787 2790 3856 probatior
2816 3788 2933 3853 erit,
2959 3805 3077 3857 quae
3109 3790 3362 3859 majorem
3389 3790 3690 3848 exhibuerit

2129 3879 2455 3948 patientiam.
2495 3877 2608 3932 Noli
2641 3878 2798 3949 igitur
2825 3878 3005 3950 lugere
3032 3880 3098 3935 de
3125 3896 3184 3935 ea
3214 3897 3271 3936 re
3295 3897 3414 3952 qua:
3440 3883 3532 3936 tibi
3561 3897 3718 3937 coro-

2130 3987 2251 4026 nam
2295 3981 2479 4042 parat,
2524 3970 2591 4026 de
2635 3988 2734 4042 qua
2783 3973 3084 4028 mercedem
3130 3975 3384 4044 postulas.
3416 3973 3716 4031 Reddidisti

2129 4063 2270 4119 enim
2316 4062 2654 4132 depositum,
2687 4063 2732 4116 si
2764 4063 2814 4117 id
2840 4064 2981 4134 quod
3015 4063 3104 4120 tibi
3133 4065 3392 4120 creditum
3415 4075 3532 4122 erat
3559 4066 3714 4122 exhi-

2128 4156 2312 4212 buistl.
2336 4153 2414 4210 Ne
2443 4155 2516 4209 sis
2547 4170 2677 4226 ergo
2701 4155 2925 4210 sollicita
2947 4197 2960 4220 ,
2991 4156 3035 4212 si
3069 4156 3120 4210 in
3145 4155 3398 4212 thesauro
3424 4157 3716 4212 inviolabili

2129 4249 2269 4322 quod
2313 4249 2627 4321 possidebas
2665 4248 2977 4318 deposuisti.
3009 4247 3064 4305 Si
3095 4263 3255 4318 porro
3283 4248 3566 4312 didiceris,
3596 4263 3720 4321 qua!

2131 4345 2198 4400 sit
2223 4357 2459 4413 praesens
2480 4341 2581 4396 vita
2607 4385 2621 4409 ,
2640 4355 2758 4412 qua:
2789 4339 2998 4406 futura;
3030 4341 3279 4411 quodque
3301 4341 3412 4395 haec
3434 4341 3502 4396 sit
3522 4357 3717 4396 aranea

2131 4443 2185 4490 et
2202 4435 2406 4502 umbra,
2425 4432 2600 4487 omnia
2620 4447 2746 4486 vero
2771 4447 2889 4502 quae
2914 4433 2965 4486 iu
2983 4431 3068 4485 illa
3087 4440 3228 4497 sunt,
3260 4431 3475 4486 immota
3500 4431 3719 4486 immor.

2135 4526 2390 4596 taliaque.
2422 4540 2527 4579 non
2573 4525 2678 4578 alio
2706 4523 2884 4594 egebis
2931 4537 3198 4579 sermone.
3227 4522 3548 4578 Nunceuim
3578 4525 3720 4577 filius

2134 4628 2252 4673 ttttts
2273 4617 2340 4672 ab
2361 4617 2506 4670 omni
2525 4615 2817 4670 mutatione
2834 4623 3047 4684 ereptus
3063 4625 3144 4669 est
3168 4632 3181 4668 :
3206 4615 3247 4670 si
3273 4623 3448 4671 autem
3467 4615 3553 4670 hic
3571 4631 3719 4670 man-

2132 4713 2306 4775 sisset,
2337 4709 2471 4764 forte
2487 4709 2677 4774 bonus,
2693 4708 2828 4764 forte
2852 4708 3021 4763 malus
3042 4708 3246 4762 futurus
3267 4717 3400 4763 erat.
3425 4711 3617 4763 Annon
3638 4710 3718 4764 vi-

2132 4804 2389 4873 des,quot
2415 4800 2656 4854 homines
2679 4800 2814 4854 filios
2842 4815 2965 4854 suos
2994 4799 3266 4854 abdicant?
3285 4808 3338 4854 et
3356 4805 3482 4871 Quot
3512 4801 3719 4870 pejores

2133 4881 2388 4953 abdicatis
2407 4901 2668 4964 coguntur
2691 4891 2832 4946 domi
2855 4892 3110 4947 retinere?
3133 4893 3148 4945 Ι
3157 4893 3256 4948 lace
3281 4894 3458 4963 itaque
3474 4893 3524 4947 iu
3539 4904 3720 4948 mente

2136 4997 2408 5046 versantes
2423 4984 2878 5056 pbilosophemur:
2899 4985 2970 5038 ita
2980 4985 3128 5040 enim
3147 4993 3198 5039 et
3215 4983 3463 5040 defuncto
3472 4986 3607 5056 grati
3624 4985 3722 5039 eri-

2137 5095 2274 5146 mus,
2291 5089 2346 5135 et
2369 5077 2506 5146 apud
2525 5076 2768 5132 homines
2783 5075 2963 5130 multis
2981 5074 3222 5131 laudibus
3241 5074 3500 5141 fruemur,
3513 5085 3671 5145 atque
3688 5089 3721 5130 a

2140 5175 2248 5228 Deo
2271 5186 2512 5243 magnam
2535 5170 2802 5240 patientia:
2829 5163 3128 5224 mercedem
3149 5168 3467 5235 referemus,
3483 5178 3720 5224 aeterna-

2137 5281 2239 5336 que
2253 5267 2390 5321 bona
2407 5277 2796 5332 consequemur
2816 5278 2829 5324 ;
2855 5277 2974 5332 quae
3005 5271 3204 5317 utinam
3227 5277 3326 5318 nos
3351 5265 3539 5318 eumes
3560 5264 3724 5334 adipi-

2138 5373 2364 5421 scamur=
2392 5358 2555 5425 gratia
2578 5363 2631 5410 et
2658 5355 2983 5426 benignitate
3010 5354 3219 5410 Domini
3238 5356 3402 5411 nostri
3417 5355 3543 5411 Jesu
3564 5355 3725 5410 Chri-

2138 5450 2203 5505 sti
2214 5492 2227 5517 ,
2242 5448 2325 5504 cui
2342 5447 2507 5518 gloria
2519 5457 2574 5503 et
2594 5447 2952 5519 imperium,in
2966 5446 3159 5502 sarcula
3175 5447 3513 5503 szeculorum.
3529 5448 3696 5503 Amen

2141 5552 2219 5678 ωδ
2247 5549 2367 5658 Mpr.
2395 5549 2541 5608 Ben.,
2557 5553 2759 5611 tuncque
2781 5546 2943 5598 omnia
2964 5562 3071 5598 cum
3114 5562 3302 5613 majore
3326 5545 3484 5612 gloria
3506 5545 3714 5610 accipiet

2200 5624 2275 5663 ms
2313 5623 2418 5660 nus.

2200 5624 2275 5663 tus
2293 5623 2418 5660 ιιιιιε.

2207 5686 2228 5718 ι
2259 5681 2366 5742 Alii,
2389 5679 2572 5734 videre.
