4010 6128
430 250 536 307 577

1321 260 1388 317 IN
1426 260 1831 321 MAT’I'HEUM
1871 264 2100 324 IIOMIL.
2142 268 2354 328 XXXII.
2396 277 2468 332 al.
2509 275 2745 339 XXXIII.

567 390 3702 468 ______.____________________________

3612 310 3712 369 571

1542 473 1889 538 HOMILIA
1936 477 2211 541 XXXII.
2258 484 2343 546 al.
2391 486 2685 557 XXXIII.

433 613 561 671 Car.
609 615 664 672 9.
711 631 764 670 ν.
802 615 895 672 27.
941 614 1007 671 Et
1060 619 1408 689 proﬁciscente
1451 621 1570 675 inde
1622 619 1783 687 Iesu,
1825 621 2019 690 sequuti

505 715 623 760 sunt
663 722 775 760 eum
802 706 905 761 duo
934 711 1049 763 circi
1069 749 1085 774 ,
1114 709 1387 764 clamantes
1416 719 1462 764 et
1487 710 1703 766 dicentes
1734 726 1752 764 :
1779 710 2021 765 Miserere

506 797 683 863 nostri,
705 797 784 864 fili
808 795 993 851 David.
1017 797 1106 853 28.
1137 797 1205 851 Et
1227 815 1340 852 cum
1363 800 1575 854 uenisset
1598 801 1648 853 in
1678 801 1903 867 domum,
1927 817 2015 854 ac—

501 896 751 943 cesserunt
770 888 838 941 ad
866 904 978 941 eum
1000 888 1099 941 duo
1116 890 1237 943 caci
1264 905 1283 944 :
1307 899 1353 943 ct
1377 890 1499 944 dicit
1519 891 1590 945 eis
1612 889 1762 945 Jesus
1792 906 1811 945 :
1836 890 2011 946 Credi-

504 982 567 1033 tis
606 981 726 1049 quia
752 980 846 1033 hoc
873 998 1073 1049 possunt
1109 982 1312 1052 facere?
1342 982 1522 1037 Dicunt
1550 984 1595 1037 ei
1614 1025 1627 1046 ,
1661 982 1870 1054 Utique,
1908 983 2015 1037 Do-

503 1073 655 1125 mine.
690 1070 780 1127 29.
826 1071 966 1126 Tunc
1004 1074 1161 1143 tetigit
1189 1073 1361 1128 oculos
1385 1090 1555 1128 eorum
1582 1075 1787 1140 dicens,
1818 1076 2011 1131 Secun-

502 1164 623 1216 dum
643 1163 795 1232 fidem
816 1174 1027 1217 uestram
1053 1163 1143 1233 ﬁat
1170 1164 1325 1219 uobis.
1351 1166 1439 1222 30.
1469 1164 1538 1219 Et
1557 1167 1717 1236 aperti
1737 1178 1853 1221 sunt
1877 1170 2012 1223 oculi

501 1271 671 1309 eorum
678 1296 692 1310 ο

500 1345 555 1399 1.
603 1343 712 1400 Cur
753 1344 870 1400 illos
906 1346 1198 1403 clamantes
1225 1347 1527 1417 protrahit?
1557 1348 1651 1403 llic
1672 1367 1879 1406 rursum
1913 1368 2010 1406 nos

429 1438 652 1493 instituit
678 1437 744 1493 ad
772 1453 959 1493 vanam
983 1440 1208 1519 gloriam
1234 1440 1556 1509 fugiendam.
1586 1442 1717 1508 Quia
1740 1446 1881 1497 enim
1907 1445 2006 1499 do-

428 1546 545 1586 mus
571 1548 603 1588 e
629 1532 803 1587 vicino
825 1540 962 1597 erat,
983 1533 1107 1587 illuc
1135 1533 1286 1589 duxit
1315 1548 1427 1599 eos,
1444 1544 1499 1588 ut
1517 1535 1741 1589 seorsim
1771 1546 2002 1591 sanaret.

426 1623 587 1693 quue
633 1624 808 1694 palam
850 1632 934 1680 est
976 1640 1044 1681 ex
1079 1641 1144 1680 eo
1171 1625 1311 1694 quod
1343 1627 1693 1696 praeceperit,
1722 1638 1778 1681 ut
1806 1632 2003 1685 nemini

420 1715 683 1771 dicerent.
730 1713 913 1785 Neque
951 1730 1138 1787 parum
1173 1715 1340 1772 Judtei
1374 1716 1494 1771 inde
1522 1717 1830 1786 culpantur,
1862 1723 2001 1790 quod

421 1806 512 1873 hi,
540 1807 733 1878 quibus
752 1806 929 1862 nullus
951 1808 1226 1863 oculorum
1257 1824 1383 1865 usus
1412 1817 1525 1866 erat
1547 1852 1563 1878 ,
1591 1827 1656 1866 ex
1682 1811 1863 1869 auditu
1886 1815 2003 1870 solo

418 1897 582 1953 ﬁdem
621 1897 850 1968 amplexi
876 1898 987 1954 sint
1015 1917 1029 1953 :
1062 1900 1135 1955 illi
1158 1908 1333 1955 autem
1358 1900 1610 1958 miracula
1640 1904 1911 1972 ridentes,
1938 1921 2002 1963 ac

421 2000 585 2044 testes
632 1988 889 2045 habentes
932 1990 1076 2061 ipsos
1119 1991 1307 2048 oculos
1326 2036 1341 2060 ,
1371 2003 1555 2049 contra
1584 2011 1744 2065 quam
1769 1998 1894 2052 caeci
1925 1998 2001 2052 fa-

416 2078 578 2135 ciant.
606 2077 740 2136 Vide
771 2090 949 2135 autem
989 2081 1199 2138 illorum
1237 2084 1399 2139 animi
1427 2084 1674 2141 ardorem
1702 2094 1812 2142 tum
1836 2103 1867 2142 a
1890 2088 2001 2143 cla-

417 2187 566 2228 more
589 2213 605 2237 ,
644 2180 753 2228 tum
782 2173 853 2229 ab
884 2174 996 2244 ipsa
1024 2175 1269 2244 precandi
1300 2177 1523 2233 ratione.
1551 2176 1668 2232 Non
1693 2180 1835 2233 enim
1865 2180 1998 2236 sim-

416 2266 623 2337 pliciter
658 2276 1032 2333 accesserunt;
1070 2269 1163 2324 sed
1195 2284 1380 2338 magna
1406 2285 1535 2326 voce
1558 2271 1884 2341 clamantes,
1917 2274 1999 2329 ni-

415 2356 489 2412 hil
525 2357 668 2414 aliud
706 2374 865 2430 quam
916 2358 1157 2415 Miserere
1195 2360 1547 2430 proferentes.
1591 2364 1784 2420 Filium
1815 2375 1994 2423 autem

412 2448 625 2506 Davidis
669 2451 1044 2523 appellabant,
1088 2454 1209 2523 quia
1237 2452 1590 2513 honoriﬁcum
1620 2474 1814 2515 nomen
1845 2460 1996 2517 vide-

412 2540 568 2598 batur
593 2557 733 2600 esse.
766 2543 922 2614 Sazpe
952 2560 1179 2617 namque
1204 2548 1477 2618 prophetae
1501 2565 1655 2621 reges
1676 2552 1797 2608 illos
1816 2593 1832 2619 ,
1858 2569 1994 2625 quos

410 2633 674 2692 honorare
722 2652 1048 2710 magnosque
1075 2640 1366 2710 praedicare
1393 2642 1644 2699 volebant
1662 2686 1678 2712 ,
1705 2646 1785 2701 sic
1811 2648 1994 2717 appel-

411 2725 592 2783 labant
637 2728 845 2798 (Eucti.
888 2730 975 2786 54.
1024 2732 1115 2786 23.
1168 2730 1328 2787 Zach.
1375 2733 1462 2788 12.
1492 2733 1567 2804 8).
1599 2737 1823 2792 Domum
1857 2753 1989 2794 vero

407 2820 685 2889 adductos,
712 2824 944 2879 secundo
964 2825 1273 2895 interrogat.
1308 2825 1373 2882 Ut
1396 2827 1678 2897 plurimum
1705 2829 1848 2885 enim
1871 2839 1988 2885 stu.

407 2914 568 2968 debat
609 2914 966 2986 supplicantes
991 2932 1214 2986 sanare,
1242 2935 1309 2977 ne
1338 2921 1458 2992 quis
1485 2932 1696 2993 putaret
1716 2924 1889 2995 ipsum
1917 2927 1984 2982 ad

404 3006 657 3063 miracula
682 3010 936 3078 patranda
967 3027 1063 3081 per
1076 3015 1497 3074 .oslentationem
1529 3016 1735 3073 insilire
1765 3036 1778 3071 :
1812 3035 1984 3090 neque

404 3112 467 3153 ea
507 3098 677 3154 solum
720 3100 788 3157 de
829 3114 1025 3168 causa,
1069 3103 1163 3157 sed
1187 3104 1345 3159 etiam
1380 3114 1436 3159 ut
1459 3107 1766 3163 ostenderet
1794 3108 1984 3179 dignos

403 3189 520 3245 illos
564 3206 684 3246 esse
721 3193 811 3261 qui
850 3202 1203 3260 curarentur;
1246 3205 1300 3249 et
1333 3211 1401 3252 ne
1426 3201 1549 3265 quis
1574 3198 1812 3266 diceret,
1841 3200 1883 3254 si
1915 3216 1981 3255 ex

401 3284 765 3338 misericordia
814 3293 1014 3338 tantum
1064 3284 1317 3350 sanabat,
1355 3288 1656 3357 oportuisse
1681 3304 1867 3345 omnes
1895 3304 1982 3344 sa-

399 3391 570 3429 nare:
606 3374 762 3428 habet
802 3376 943 3429 enim
988 3375 1352 3432 misericordia
1396 3379 1676 3449 quamdam
1716 3383 1978 3437 rationem

397 3483 463 3521 ex
514 3466 616 3520 ﬁde
650 3468 942 3537 rogantium
972 3469 1206 3536 petitam.
1236 3469 1415 3540 Neque
1443 3472 1561 3526 ideo
1591 3481 1791 3527 tantum
1818 3473 1977 3530 ﬁdem

395 3557 465 3612 ab
490 3557 594 3613 illis
620 3558 816 3629 exigit;
844 3557 937 3614 sed
966 3562 1087 3629 quia
1111 3561 1352 3617 dixerant
1372 3604 1386 3630 ,
1415 3562 1521 3617 Fili
1542 3563 1713 3618 David
1731 3606 1746 3631 ,
1774 3573 1832 3620 ut
1857 3565 1977 3622 illos

395 3651 461 3705 ad
487 3652 611 3722 quid
636 3652 911 3708 sublimius
933 3655 1192 3725 erigeret,
1218 3664 1271 3710 et
1296 3654 1514 3711 doceret
1541 3658 1666 3728 quid
1687 3659 1755 3714 de
1775 3673 1835 3715 se
1858 3660 1974 3715 exi-

395 3745 717 3800 stimandum
747 3758 922 3813 esset,
947 3747 1291 3818 interrogavit
1324 3767 1338 3803 :
1369 3750 1581 3805 Creditis
1602 3751 1722 3821 quia
1744 3753 1841 3806 hoc
1858 3769 1973 3823 pos-

394 3855 504 3893 sum
546 3838 752 3908 facere?
775 3838 889 3893 Non
917 3839 1090 3905 dixit,
1123 3842 1353 3897 Creditis
1377 3844 1518 3912 quod
1554 3844 1751 3913 possim
1785 3860 1972 3917 rogare

394 3931 602 3987 Patrem
626 3947 801 3986 meum
819 3974 833 3995 ,
865 3933 946 3988 vel
972 3974 987 3997 ,
1010 3934 1161 4002 Quod
1190 3936 1384 4004 possim
1411 3938 1615 4004 precari
1641 3954 1655 4002 ;
1688 3938 1802 4004 sed,
1824 3938 1972 4004 Quod

390 4038 492 4094 ego
530 4027 713 4094 possim
760 4025 855 4078 hoc
894 4025 1078 4094 facere.
1109 4025 1246 4092 Quid
1276 4038 1451 4082 autem
1478 4028 1597 4083 illi?
1627 4029 1840 4099 Utique,
1867 4031 1972 4087 Do-

393 4118 541 4171 mine.
582 4116 695 4171 Non
718 4117 827 4187 jam
858 4118 1004 4173 illum
1036 4118 1197 4173 lilium
1228 4119 1392 4173 David
1420 4130 1637 4186 vocant,
1665 4121 1757 4177 sed
1786 4121 1853 4177 ad
1883 4137 1971 4177 su-

389 4208 630 4264 blimiora
674 4210 891 4275 volant,
931 4216 986 4263 et
1024 4209 1302 4264 Dominum
1345 4210 1490 4265 illum
1516 4212 1857 4267 conﬁtentur.
1890 4214 1970 4268 Ac

389 4309 516 4357 tunc
553 4299 767 4357 demum
817 4316 1032 4356 manum
1064 4301 1314 4371 imposuit
1339 4301 1549 4370 dicens,
1579 4304 1870 4359 Secundum
1898 4308 1966 4375 [i-

389 4392 502 4447 dem
543 4402 757 4447 vestram
784 4393 873 4461 ﬁat
896 4393 1048 4447 vobis.
1082 4393 1135 4447 ld
1159 4409 1285 4448 vero
1312 4393 1473 4460 facit,
1506 4403 1565 4448 ut
1594 4394 1750 4450 ﬁdem
1778 4411 1964 4451 eorum

386 4484 698 4547 conﬁrmet,
751 4485 1101 4555 ostendatquc
1148 4485 1293 4554 ipsos
1340 4487 1391 4540 in
1438 4497 1642 4555 partem
1676 4490 1854 4559 operis
1876 4506 1963 4544 ve-

386 4574 531 4628 nisse
558 4615 574 4639 ,
623 4589 686 4628 ac
734 4575 1064 4643 testilicetur,
1114 4591 1220 4630 non
1272 4577 1592 4633 adulationis
1643 4576 1757 4634 haec
1803 4579 1961 4634 verba

382 4665 566 4718 fuisse.
614 4663 797 4734 Neque
841 4665 983 4720 enim
1029 4666 1188 4735 dixit,
1227 4668 1547 4738 Aperiantur
1595 4670 1965 4740 oculivestri;

380 4756 499 4821 sed,
528 4756 817 4812 Secundum
842 4758 994 4827 ﬁdem
1015 4768 1227 4814 vestram
1244 4761 1339 4829 fiat
1359 4760 1496 4817 vobis
1521 4778 1540 4816 ε
1560 4761 1617 4819 id
1629 4763 1773 4835 quod
1798 4764 1959 4821 etiam

384 4851 567 4907 multis
611 4850 987 4906 accedentibus
1030 4852 1189 4917 dicit,
1220 4864 1343 4910 ante
1367 4857 1609 4925 corporis
1629 4858 1956 4914 curationem

380 4943 540 4999 ﬁdem
571 4943 622 4996 in
650 4943 841 4997 animis
869 4951 1104 5001 statuere
1128 4945 1310 5001 volens
1334 4988 1355 5013 ,
1382 4958 1439 5001 ut
1466 4958 1521 5002 et
1548 4949 1668 5003 illos
1693 4949 1957 5005 celebrio-

378 5050 499 5099 res,
543 5042 599 5089 et
636 5034 772 5088 alios
804 5035 1161 5089 studiosiores.
1187 5037 1452 5093 redderet.-
1482 5040 1561 5094 lta
1584 5049 1636 5095 et
1666 5041 1718 5094 in
1743 5042 1956 5113 paraly-

378 5127 481 5183 tico
525 5124 651 5182 facit
699 5143 710 5179 :
757 5134 1039 5196 antequam
1081 5140 1274 5197 corpus
1321 5128 1589 5198 ﬁrmaret,
1622 5132 1852 5187 animam
1875 5134 1955 5202 ja-

372 5231 582 5276 centem
632 5218 795 5290 erigit
830 5218 1060 5277 dicens:
1093 5219 1334 5289 Confido,
1374 5224 1485 5290 ﬁli,
1522 5225 1845 5279 remittuntur
1869 5224 1956 5281 tibi

377 5323 580 5379 peccata
612 5320 736 5376 tua,
769 5310 1000 5381 puellam
1020 5325 1152 5364 vero
1188 5313 1255 5365 ab
1280 5326 1337 5365 se
1366 5316 1731 5370 resuscitatam
1759 5331 1953 5385 appre-

377 5404 559 5458 hendit
582 5445 597 5469 ,
619 5412 674 5459 et
698 5418 793 5473 per
814 5403 989 5459 cibum
1017 5402 1197 5457 docuit
1216 5404 1335 5473 quis
1361 5404 1459 5473 ipsi
1487 5405 1797 5462 beneﬁcium
1818 5422 1942 5463 con~

374 5494 610 5557 tulisset,
640 5495 693 5549 in
720 5494 1037 5555 centurione
1063 5494 1457 5551 similiter‘fecit
1476 5537 1491 5561 ,
1525 5496 1646 5553 ﬁdei
1676 5508 1841 5554 totum
1866 5509 1948 5555 at-

366 5583 611 5645 tribucns
636 5604 650 5651 ;
681 5603 800 5642 cum
831 5597 1007 5643 autem
1030 5586 1318 5655 discipulos
1346 5602 1411 5643 ex
1442 5588 1604 5643 maris
1635 5599 1950 5660 tempestate

369 5681 509 5743 eruit
531 5721 547 5749 ,
569 5679 750 5750 primo.
768 5682 883 5739 illos
918 5697 981 5739 ex
1022 5681 1141 5739 ﬁdei
1175 5682 1479 5741 inﬁrmitate
1506 5681 1763 5741 liberavit.
1799 5684 1875 5743 Ita
1896 5695 1948 5743 et

2127 621 2212 681 hic
2251 627 2397 730 fecit
2426 651 2441 730 ς
2479 640 2682 698 sciebat
2718 648 2858 703 enim
2903 664 3117 712 secreta
3140 661 3319 717 cordis
3346 681 3531 724 eorum
3558 683 3707 730 ante-

2122 734 2278 825 quam
2301 723 2406 825 ipsi
2425 727 2784 803 loquerentur;
2811 750 2863 795 ut
2890 754 3065 801 autem
3090 749 3226 806 alios
3251 768 3462 825 quoque
3478 723 3704 820 ad

2120 815 2353 921 studium
2392 820 2734 921 incenderet,
2779 831 2907 902 ipsis
2952 838 3050 893 hos
3075 815 3392 914 conspicuos
3418 815 3704 921 reddit—,‘in

2122 905 2227 963 ﬁne
2247 912 2538 971 curationis
2567 921 2826 977 occultam
2859 926 3013 983 ﬁdem
3046 905 3253 990 illorum
3278 905 3594 1009 pradicet—is:

2191 1000 2913 1108 Modestia‘Cltristi;jactantia
2926 1000 3466 1094 fugienda.--l)cinde
3486 1049 3606 1108 post
3622 1041 3701 1096 fa-

2118 1100 2257 1193 ctam
2280 1099 2610 1157 curationem
2643 1109 2900 1177 prmcipit,
2926 1124 2983 1167 ut
3011 1121 3206 1174 nemini
3231 1122 3428 1193 dicant,
3449 1099 3547 1186 nec
3568 1135 3700 1189 sim-

2117 1185 2324 1252 pliciter
2344 1193 2600 1261 prtecipit,
2622 1198 2715 1252 sed
2739 1200 3204 1267 vehementissime
3228 1224 3369 1270 vetat
3386 1236 3398 1270 :

2116 1286 2187 1331 ter
2207 1280 2311 1335 illis
2331 1282 2679 1344 interminatus
2698 1300 2789 1359 est,
2810 1293 2999 1366 inquit,
3015 1298 3054 1353 Ι
3054 1318 3191 1371 esus,
3209 1305 3407 1365 dicens:
3423 1311 3618 1379 Cavete,
3637 1334 3700 1373 ne

2111 1371 2224 1439 quis
2238 1374 2385 1427 sciat.
2404 1376 2466 1430 3i
2477 1416 2492 1431 .
2514 1376 2606 1432 Illi
2619 1397 2733 1436 vero
2750 1388 2952 1455 egressi,
2972 1394 3372 1460 prtedicarerunt
3387 1419 3501 1458 eum
3528 1407 3580 1461 in
3592 1371 3697 1464 tota

2113 1468 2249 1515 terra
2288 1464 2398 1518 illa.
2438 1466 2555 1522 Non
2586 1484 2646 1527 se
2672 1475 2949 1533 continere
2979 1479 3054 1535 illi
3086 1493 3387 1557 potuerunt,
3423 1494 3519 1549 sed
3542 1496 3694 1555 fuere

2112 1565 2387 1655 praecones
2412 1565 2467 1612 et
2486 1562 2828 1632 evangelista:
2850 1607 2865 1632 ,
2893 1567 3137 1641 jussique
3168 1584 3345 1635 tacere
3372 1581 3423 1636 id
3452 1587 3594 1655 quod
3617 1589 3697 1643 fa-

2108 1649 2251 1739 ctum
2299 1644 2504 1739 fuerat,
2552 1652 2775 1725 obsequi
2817 1672 2922 1713 non
2968 1672 3277 1731 potuerunt.
3319 1644 3540 1739 Quod-si
3568 1681 3692 1737 alibi

2106 1731 2287 1803 dicat,
2328 1734 2494 1807 Vade,
2544 1753 2594 1835 et
2626 1761 2782 1801 narra
2821 1749 3039 1820 gloriam
3082 1753 3214 1827 Dei,
3247 1731 3377 1817 illud
3400 1765 3510 1835 jam
3537 1731 3693 1827 ea};

2104 1838 2212 1881 non
2234 1839 2524 1919 repugnat,
2546 1832 2653 1891 imo
2676 1837 2781 1895 illis
2807 1840 3096 1902 admodum
3124 1832 3416 1910 consonat;
3433 1857 3524 1915 llis
3547 1863 3689 1919 enim

2106 1929 2205 1971 nos
2256 1917 2521 1993 instituit,
2574 1934 2633 1982 ut
2683 1944 2752 1986 ne
2804 1934 3157 2003 prtediccmus
3209 1959 3309 2000 nos
3358 1948 3534 2018 ipsos,
3584 1917 3692 2011 imo

2102 2026 2448 2104 coerceamus
2468 2033 2563 2075 eos
2583 2023 2675 2092 qui
2701 2038 2799 2081 nos
2824 2028 3098 2089 celebrare
3124 2034 3361 2095 vellent:
3390 2041 3436 2097 si
3464 2058 3593 2100 vero
3621 2048 3689 2104 ad

2105 2100 2283 2210 .Deum.
2316 2110 2489 2181 gloria
2512 2116 2808 2191 referatur,
2838 2138 2944 2180 non
2972 2128 3133 2184 modo
3160 2145 3264 2187 non
3298 2134 3650 2206 impediamus
3669 2185 3685 2210 ,

2103 2197 2212 2301 imo
2233 2200 2284 2256 id
2313 2217 2473 2301 agere
2492 2208 2611 2264 aliis
2634 2212 3023 2285 pmipiamus.
3053 2219 3141 2275 32.
3173 2221 3314 2293 Ipsis
3341 2197 3507 2282 autem
3524 2197 3688 2301 egros:-

2099 2294 2190 2359 sis,
2214 2299 2500 2356 obtulerunt
2531 2302 2579 2358 ei
2615 2305 2869 2363 hominem
2916 2319 3131 2378 mutum,
3164 2312 3468 2373 daemonium
3501 2294 3685 2378 haben-

2099 2396 2217 2442 tem.
2255 2389 2373 2445 Non
2419 2395 2563 2450 enim
2589 2397 2807 2454 morbus
2845 2414 2912 2455 ex
2940 2411 3127 2458 natura
3171 2408 3473 2478 prodierat,
3496 2413 3590 2468 sed
3619 2430 3682 2470 ex

2097 2479 2358 2541 da-monis
2388 2484 2613 2543 insidiis.
2642 2489 2977 2564 Quapropter
3000 2496 3119 2552 aliis
3146 2500 3234 2570 qui
3261 2501 3433 2571 ipsum
3454 2505 3684 2564 adduce-

2097 2583 2217 2628 rent
2259 2591 2395 2645 opus
2431 2577 2636 2636 habuit.
2682 2582 2866 2655 Neque
2890 2588 3033 2642 enim
3077 2589 3192 2661 ipse
3215 2608 3404 2664 rogare
3432 2605 3675 2666 poterat,

2095 2675 2272 2723 mutus
2319 2685 2441 2726 cum
2484 2683 2665 2743 esset,
2718 2692 2891 2749 neque
2919 2681 3038 2737 aliis
3065 2686 3395 2755 supplicare,
3424 2704 3546 2746 cum
3571 2691 3677 2748 da):

2092 2771 2216 2812 mon
2244 2758 2475 2831 linguam
2501 2765 2617 2834 ejus
2643 2767 2911 2839 alligasset
2934 2813 2948 2837 ,
2981 2774 3320 2848 animamque
3345 2795 3464 2835 cum
3501 2783 3677 2855 lingua

2092 2851 2367 2910 vinxisset.
2402 2855 2633 2929 Ideoque
2661 2859 2804 2919 illius
2832 2863 2989 2919 fidem
3021 2882 3125 2923 non
3152 2870 3349 2941 exigit,
3378 2874 3472 2930 sed
3498 2851 3676 2932 stalim

2090 2944 2335 3000 morbum
2373 2957 2543 3004 curat.
2568 2952 2657 3007 33.
2685 2952 2867 3024 Ejecto
2893 2966 3058 3012 autem
3078 2960 3308 3017 dwmone
3326 3006 3339 3029 ,
3371 2964 3576 3037 inquit,
3601 2970 3677 3023 lo-

2087 3046 2269 3105 quutus
2289 3049 2360 3095 est
2388 3052 2574 3098 mutus.
2597 3043 2784 3101 Turba:
2806 3058 2974 3103 autem
3000 3053 3265 3108 admirata:
3286 3066 3401 3109 sunt
3426 3058 3674 3115 dicentes:

2089 3128 2381 3199 Numquam
2422 3137 2582 3189 visum
2619 3147 2693 3191 est
2717 3139 2878 3194 simile
2896 3142 2950 3195 in
2975 3140 3159 3198 Israel.
3195 3145 3248 3200 Id
3273 3148 3414 3216 quod
3441 3152 3672 3208 maxime

2087 3220 2383 3279 Pharismos
2408 3227 2719 3295 mordebat,
2741 3232 2883 3302 quod
2910 3234 3080 3304 ipsum
3115 3238 3362 3293 omnibus
3381 3248 3671 3311 antepone-

2086 3324 2243 3381 rent,
2291 3332 2395 3371 non
2431 3320 2566 3376 vivis
2591 3322 2762 3377 solum
2781 3366 2795 3390 ,
2826 3324 2919 3379 sed
2948 3326 3107 3381 etiam
3133 3330 3220 3398 qui
3247 3339 3372 3387 ante
3401 3333 3625 3389 fuissent
3655 3354 3667 3390 :

2081 3410 2476 3476 anteponebant
2501 3427 2648 3479 vero,
2682 3431 2787 3470 non
2814 3418 2954 3487 quod
2981 3429 3193 3477 curaret
3216 3422 3395 3490 modo,
3417 3427 3510 3482 sed
3528 3431 3668 3499 quod

2081 3497 2273 3567 facile,
2322 3502 2459 3571 cito,
2508 3505 2921 3580 innumerasque
2958 3512 3299 3582 aegritudines
3324 3497 3665 3575 insanabiles.

2080 3590 2169 3645 Sic
2190 3592 2402 3663 quidem
2430 3598 2677 3667 populus.

2148 3685 2203 3739 2.
2237 3686 2387 3743 Nihil
2405 3690 2604 3747 Clu-isto
2632 3703 2679 3748 et
2707 3695 2927 3751 dtemoni
2963 3713 3228 3754 commune
3263 3701 3418 3769 fuisse
3452 3703 3663 3759 demon-

2076 3789 2284 3835 stratur.
2316 3782 2591 3838 Maledicta
2613 3802 2715 3840 non
2754 3789 3061 3858 maledictis,
3103 3792 3193 3845 sed
3225 3793 3476 3863 beneﬁciis
3508 3797 3661 3867 refel=

2077 3874 2247 3928 lenda.
2280 3904 2352 3916 —
2378 3876 2632 3932 Pharismi
2681 3891 2867 3934 contra
2916 3896 3021 3936 non
3081 3883 3243 3938 modo
3282 3883 3418 3940 facta
3458 3886 3659 3941 calum-

2076 3967 2308 4034 niantur,
2364 3968 2457 4023 sed
2487 3970 2587 4024 sibi
2637 3970 2767 4040 ipsis
2788 3972 3055 4026 contraria
3089 3972 3326 4029 dicentes
3349 4016 3365 4039 ,
3400 3990 3505 4029 non
3534 3992 3663 4032 eru~

2077 4058 2315 4115 bescunt.
2350 4059 2779 4130 Ilujusmodiest
2820 4063 3074 4133 nequitia.
3108 4064 3245 4132 Quid
3270 4067 3411 4121 enim
3439 4068 3662 4123 dicunt?
3698 4092 3699 4095 η

2072 4150 2160 4204 54.
2182 4149 2247 4203 In
2278 4152 2504 4223 principe
2532 4153 2903 4207 dmmoniorum
2919 4155 3054 4225 ejicit
3082 4155 3354 4211 dmonia.
3383 4157 3500 4226 Quo
3533 4161 3657 4231 quid

2072 4244 2286 4298 stultius
2304 4243 2515 4312 ‘iNam,
2534 4256 2589 4300 ut
2621 4257 2801 4315 postea
2823 4246 2975 4315 dicit,
3001 4264 3107 4304 non
3129 4258 3303 4319 potest
3326 4249 3536 4307 daemon
3562 4252 3658 4322 eji-

2070 4350 2196 4392 cere
2215 4335 2719 4409 dazmonemtﬂarc.
2751 4340 2801 4395 3.
2838 4338 2932 4412 23)
2949 4358 2960 4391 :
2979 4356 3098 4395 nam
3118 4341 3208 4397 ille
3221 4357 3315 4398 sua
3338 4357 3656 4401 conservare

2067 4440 2126 4484 et
2151 4430 2362 4485 ﬁrmare
2391 4431 2550 4497 solet,
2585 4447 2691 4487 non
2741 4430 3040 4489 destruere.
3073 4434 3189 4505 Ipse
3214 4450 3342 4491 vero
3363 4451 3467 4492 non
3494 4438 3654 4492 modo

2067 4518 2342 4576 daemonas
2391 4521 2656 4593 cjiciebat,
2703 4524 2796 4579 scd
2851 4525 3010 4580 etiam
3052 4526 3294 4597 leprosos
3341 4528 3651 4595 mundabat,

2066 4622 2305 4670 mortuos
2325 4615 2653 4685 suscitabat,
2680 4632 2828 4672 mare
2858 4617 3124 4684 frenabat,
3174 4629 3387 4688 peccata
3417 4620 3652 4677 dimitte-

2066 4706 2174 4769 bat,
2222 4722 2443 4779 regnum
2494 4700 2836 4779 przcdi'cabat,
2869 4710 2935 4765 ad
2984 4712 3196 4767 Patrem
3239 4713 3650 4772 adducebat:id

2064 4798 2207 4869 quod
2235 4816 2521 4871 numquam
2560 4801 2768 4857 daamon
2824 4800 3000 4857 facere
3050 4802 3198 4867 velit.
3247 4821 3419 4878 neque
3461 4811 3644 4879 possit.

2062 4893 2193 4949 Nam
2245 4895 2517 4950 dremones
2552 4892 2618 4946 ad
2647 4892 2783 4947 idola
2832 4892 3120 4959 adducunt,
3153 4910 3183 4951 a
3216 4896 3326 4952 Deo
3363 4909 3648 4970 avertunt,

2064 4985 2391 5055 Suadentque
2427 4999 2495 5039 ne
2524 4983 2713 5038 futura:
2743 4985 2863 5039 vitm
2889 4985 3158 5040 credatur.
3194 4989 3411 5047 Daemon
3462 5003 3648 5049 contu-

2060 5076 2215 5129 melia
2243 5075 2464 5131 aﬁ‘ectus
2493 5089 2597 5130 non
2642 5074 2957 5131 beneﬁcium
3009 5087 3244 5147 praestat,
3283 5081 3391 5137 imo
3430 5098 3498 5138 ne
3526 5086 3647 5152 qni-

2059 5169 2181 5224 dem
2209 5166 2429 5223 allectus
2457 5166 2647 5237 injuria
2672 5177 2826 5223 nocet
2848 5168 2912 5222 iis
2933 5170 3022 5240 qui
3064 5171 3236 5240 ipsum
3266 5174 3445 5229 colunt
3471 5186 3524 5229 et
3548 5175 3645 5229 ho-

2061 5268 2268 5315 norant.
2306 5259 2398 5314 Ille
2427 5267 2631 5324 contra,
2663 5270 2781 5329 post
2812 5269 2889 5315 tot
2915 5262 3136 5332 injurias
3162 5275 3215 5319 et
3254 5266 3604 5319 contumelias
3630 5310 3643 5331 ,

2058 5356 2145 5409 35.
2179 5353 2429 5409 Circuibat
2474 5353 2619 5407 urbes
2646 5368 2818 5408 omnes
2842 5364 2888 5408 et
2913 5355 3065 5421 vicos,
3098 5356 3282 5408 docens
3301 5355 3353 5408 in
3373 5358 3647 5426 synagogis

2058 5465 2251 5506 eorum.
2286 5458 2331 5503 et
2357 5447 2639 5517 prtedicans
2664 5449 2973 5519 evangelium
3014 5447 3173 5515 regni,
3205 5460 3388 5499 curans
3440 5462 3639 5503 omnem

2057 5543 2278 5597 morbum
2299 5553 2342 5595 et
2370 5559 2565 5596 onmem
2593 5542 2936 5611 inﬁrmitatem
2965 5541 3003 5591 ¹.
3038 5538 3146 5593 Nec
3182 5536 3342 5592 modo
3380 5537 3499 5593 illos
3530 5554 3661 5595 non.

2121 5701 2134 5733 ί
2172 5707 2277 5750 l‘ust
2294 5700 2513 5756 verbum,
2537 5695 2881 5760 inﬁrmitatem,
2904 5690 3097 5757 quidam
3121 5692 3319 5757 addunt,
3339 5696 3389 5749 iu
3411 5703 3627 5767 populo;
