4010 6128
358 291 463 346 379

355 405 613 478 puniebat
639 406 895 474 ingratos,
924 405 1017 458 sed
1048 420 1114 458 ne
1152 404 1459 474 increpabat
1495 401 1708 472 quidem
1743 419 1756 455 :
1788 401 1946 455 simul

357 496 815 553 mansuetudinem
846 511 996 551 suam
1027 494 1334 562 ostendens,
1362 505 1412 550 et
1452 493 1588 549 hanc
1619 493 1941 548 caiumniam

356 591 639 647 eonfutans
683 593 1050 661 :insuperque
1100 605 1194 660 per
1240 590 1513 660 sequentia
1557 589 1706 658 signa
1758 587 1944 642 volens

359 681 510 752 plura
540 681 781 750 praebere
830 692 1166 751 argumenta,
1196 694 1259 734 ac
1286 678 1480 734 deinde
1502 679 1676 733 verbis
1697 693 1939 748 arguere.

358 773 631 828 Circuibat
654 773 833 843 itaque
852 783 907 827 et
937 788 1032 841 per
1052 771 1316 832 civitates.
1348 780 1401 824 et
1429 784 1524 839 per
1550 769 1715 834 vicos,
1744 783 1943 838 perque

357 879 655 935 synagogas
708 880 891 919 eorum
924 863 1167 918 :docens
1211 876 1330 927 nos,
1377 862 1454 915 sic
1511 860 1789 915 maledicta
1836 873 1941 912 non

361 957 658 1011 maledictis
681 996 695 1019 ,
724 958 817 1011 sed
862 955 1132 1010 beneﬁciis
1167 954 1457 1023 majoribus
1480 952 1770 1007 refellenda
1800 966 1940 1005 esse.

357 1048 491 1105 Nam
523 1051 566 1103 si
598 1064 701 1103 non
763 1060 976 1116 propter
1024 1047 1289 1111 homines,
1338 1055 1558 1115 propter
1602 1045 1765 1099 Deum
1797 1052 1943 1098 certe

357 1141 631 1197 conservis
660 1139 914 1194 beneﬁcia
947 1148 1188 1208 priestas,
1230 1137 1482 1207 quidquid
1529 1137 1600 1191 illi
1646 1146 1821 1205 agant,
1878 1151 1943 1189 ne

358 1247 538 1287 cesses
570 1233 703 1286 bene
744 1230 937 1292 facere,
970 1239 1027 1284 ut
1062 1230 1233 1298 major
1270 1229 1337 1283 sit
1381 1242 1623 1282 merces:
1658 1227 1727 1281 ita
1776 1225 1942 1295 utqui

360 1335 479 1396 post
506 1324 827 1378 calumniam
857 1324 1052 1377 illatam
1081 1323 1217 1376 bene
1249 1321 1421 1375 facere
1455 1321 1668 1384 desinit,
1700 1319 1946 1373 ostendat

356 1433 418 1474 se
444 1433 547 1473 non
588 1426 805 1487 propter
826 1417 1016 1480 Deum,
1050 1415 1144 1470 sed
1178 1425 1396 1482 proiitcr
1419 1414 1692 1468 hominum
1732 1413 1941 1467 laudem

358 1510 499 1565 hanc
524 1524 779 1564 exercere
817 1509 1084 1561 virtutem.
1120 1506 1243 1561 ldco
1266 1506 1532 1571 Christus,
1564 1514 1623 1558 ut
1664 1519 1761 1558 nos
1780 1504 1943 1559 dorc-

358 1611 460 1663 ret,
479 1614 616 1655 seex
641 1599 752 1652 sola
773 1596 1095 1666 benignitate
1116 1598 1165 1651 id
1183 1610 1359 1666 agere,
1385 1611 1489 1649 non
1515 1597 1687 1649 solum
1717 1612 1821 1649 non
1851 1610 1945 1651 ex-

358 1690 637 1761 spectabat
666 1702 838 1756 :egros
859 1686 923 1739 ad
967 1701 1025 1740 se
1050 1686 1252 1751 venire,
1285 1686 1377 1739 sed
1403 1686 1467 1739 ad
1498 1687 1614 1740 illos
1656 1684 1945 1739 contende-

361 1780 472 1844 bat,
505 1778 612 1832 duo
635 1778 863 1831 maxima
899 1776 1027 1845 ipsis
1075 1776 1212 1829 bona
1252 1774 1566 1840 conferens,
1607 1775 1943 1845 evangelium

361 1873 549 1942 regni,
589 1881 640 1925 et
690 1869 997 1924 morborum
1040 1868 1278 1922 omnium
1324 1869 1674 1922 curationem.
1736 1866 1942 1921 Nullam

361 1965 545 2018 urbem
593 1961 949 2032 despiciebat,
999 1962 1200 2015 nullum
1248 1962 1421 2014 vicum
1464 1961 1939 2031 praitercurrebat,

310 2118 313 2119 ν
359 2054 452 2108 sed
476 2068 688 2109 onmem
718 2051 898 2106 adibat
922 2051 1118 2105 locum.
1153 2049 1256 2105 Sed
1284 2064 1455 2120 neque
1492 2051 1577 2104 hic
1604 2050 1826 2121 gradum
1872 2051 1946 2104 si-

359 2147 472 2212 stit,
505 2161 688 2201 verum
725 2146 881 2199 aliam
920 2161 1133 2214 quoque
1165 2144 1552 2212 providentiam
1582 2143 1816 2199 exhibet.
1851 2143 1940 2198 36.

359 2243 486 2295 Cum
528 2240 712 2294 videret
758 2239 890 2293 enim
939 2239 1143 2302 turbas,
1200 2240 1461 2292 miseratus
1507 2246 1580 2290 est
1626 2236 1781 2302 illos,
1826 2236 1944 2305 quia

359 2332 522 2386 vexati
552 2340 711 2391 erant,
736 2340 783 2383 et
808 2330 988 2399 objecti
1007 2331 1148 2400 quasi
1166 2346 1277 2382 oves
1293 2346 1394 2383 non
1420 2330 1652 2382 habentes
1672 2338 1941 2397 pastorem.

360 2426 449 2481 37.
476 2424 618 2479 Tunc
642 2424 769 2477 dixit
798 2422 1062 2491 discipulis
1093 2438 1111 2474 :
1160 2421 1342 2476 Messts
1370 2421 1573 2489 quidem
1607 2422 1787 2484 multa,
1820 2436 1943 2489 epe-

361 2520 488 2572 rarii
512 2525 677 2571 autem
707 2516 876 2585 pauci.
902 2515 990 2570 '58.
1024 2513 1221 2584 Rogate
1261 2530 1380 2584 ergo
1427 2512 1704 2566 Dominum
1749 2513 1941 2579 messis,

362 2620 419 2665 ut
444 2611 609 2663 mittat
631 2608 891 2676 operarios
916 2608 968 2661 in
993 2624 1199 2661 messem
1219 2623 1380 2661 suam.
1404 2606 1534 2661 Vide
1557 2620 1768 2660 rursum
1787 2622 1944 2675 quam

361 2703 431 2755 sit
458 2699 526 2755 ab
570 2700 711 2754 inani
761 2698 928 2768 gloria
957 2698 1184 2752 alienus.
1226 2695 1304 2751 Ne
1351 2697 1493 2751 enim
1538 2710 1727 2750 omnes
1778 2695 1845 2750 ad
1888 2711 1948 2751 se

364 2792 715 2862 pertraheret,
751 2789 1043 2858 discipulos
1072 2788 1283 2842 emittit.
1332 2786 1513 2856 Neque
1552 2787 1650 2841 hac
1681 2786 1851 2841 solum
1879 2786 1948 2839 de

364 2896 545 2944 causa,
593 2879 687 2933 sed
740 2880 859 2933 illos
906 2878 1210 2942 instituens,
1241 2886 1297 2931 ut
1343 2878 1395 2933 in
1440 2876 1742 2939 Palazstina,
1768 2891 1865 2930 ceu
1894 2878 1946 2929 in

364 2972 592 3043 quadam
636 2971 881 3042 palmstra
924 2984 1044 3025 sese
1078 2977 1411 3035 exercentes,
1441 2970 1521 3023 sic
1547 2968 1613 3023 ad
1653 2968 1949 3023 certamina

366 3079 463 3134 per
482 3063 669 3120 orbem
703 3061 1041 3132 suscipienda
1071 3075 1130 3116 se
1159 3070 1542 3131 praepararent.
1583 3059 1786 3115 Idcirco
1830 3074 1946 3114 ma-

362 3156 478 3225 jora
522 3154 874 3210 certaminum
926 3153 1180 3209 exercitia
1226 3153 1395 3221 ponit,
1442 3160 1498 3207 et
1538 3161 1735 3222 quanta
1781 3152 1951 3205 virtus

367 3249 602 3317 ipsorum
624 3245 763 3301 ferre
793 3253 1020 3315 poterat,
1046 3254 1103 3299 ut
1128 3243 1337 3299 facilius
1357 3243 1630 3312 sequentia
1657 3242 1947 3297 certamina

364 3339 576 3394 adirent
617 3357 631 3394 :
674 3339 817 3405 ipsos
862 3338 1011 3408 quasi
1060 3346 1272 3391 teneras
1321 3336 1553 3391 aviculas
1598 3335 1665 3389 ad
1714 3335 1950 3390 volatum

366 3444 645 3485 exercens.
680 3428 1001 3498 lnterimque
1030 3427 1148 3482 illos
1177 3426 1415 3483 medicos
1435 3441 1720 3496 corporum
1752 3426 1953 3481 consti-

368 3522 487 3587 tuit,
521 3534 801 3574 reservans
832 3519 959 3588 ipsis
988 3519 1039 3573 in
1064 3527 1334 3588 posterum
1366 3519 1625 3573 medelam
1654 3517 1952 3572 animarum

366 3628 486 3682 qua:
521 3612 785 3680 prmcipua
813 3620 915 3663 est.
954 3611 1031 3662 Ac
1058 3609 1326 3679 perpende
1369 3608 1639 3678 quomodo
1677 3624 1789 3663 rem
1816 3608 1954 3663 hanc

366 3713 424 3759 et
467 3702 672 3757 facilem
706 3710 760 3755 et
792 3700 1146 3754 necessariam
1189 3700 1454 3753 ostendat.
1482 3699 1619 3766 Quid
1648 3699 1791 3753 enim
1838 3699 1953 3752 ait?

372 3794 553 3850 Messis
580 3793 779 3864 quidem
811 3793 994 3858 multa,
1023 3793 1245 3861 operarii
1274 3801 1440 3845 autem
1467 3792 1637 3861 pauci.
1665 3791 1781 3846 Non
1808 3792 1952 3846 enim

372 3886 525 3940 mitto
546 3898 661 3948 vos,
683 3884 869 3953 inquit,
894 3883 959 3938 ad
984 3892 1301 3947 sementem,
1326 3882 1418 3937 sed
1441 3882 1508 3937 ad
1529 3898 1780 3938 messem.
1802 3882 1952 3950 Quod

370 3978 531 4033 etiam
559 3976 611 4031 in
655 3975 945 4045 Evangelio
989 3974 1209 4030 Joannis
1237 3975 1371 4031 dixit
1400 3994 1412 4027 :
1447 3976 1548 4029 Alii
1577 3976 1952 4043 laboraverunt,

368 4079 416 4122 et
449 4084 535 4123 vos
562 4068 612 4121 in
642 4067 864 4120 laborem
888 4083 1059 4121 eorum
1090 4066 1331 4121 introistis
1371 4065 1548 4135 (Joan.
1582 4068 1637 4121 4.
1669 4066 1783 4136 '58).
1832 4067 1956 4121 llatc

368 4174 536 4232 porro
560 4158 789 4222 dicebat,
820 4167 873 4213 et
897 4173 1085 4213 eorum
1132 4158 1500 4212 sublimiorem
1533 4172 1749 4212 sensum
1779 4158 1955 4227 repri-

372 4266 550 4317 mens,
575 4260 629 4306 et
655 4250 722 4304 ad
766 4250 1011 4303 ﬁduciam
1064 4249 1377 4304 sumendam
1431 4250 1723 4313 instruens,
1769 4258 1955 4305 osten-

373 4343 611 4413 densque
635 4341 891 4409 majorem
914 4341 1023 4411 jam
1051 4340 1388 4410 praecessisse
1412 4339 1667 4394 laborem.
1694 4339 1829 4396 Vide
1857 4356 1955 4393 au-

374 4446 482 4491 tem
511 4443 565 4489 et
593 4433 680 4489 hic
710 4432 858 4487 illum
890 4447 921 4486 a
949 4430 1315 4485 misericordia
1358 4430 1616 4499 incipere,
1660 4446 1764 4484 non
1791 4446 1821 4485 a
1861 4446 1958 4500 spe

375 4523 660 4583 mercedis.
712 4522 954 4576 Misertus
1000 4531 1073 4574 est
1113 4520 1276 4585 enim,
1307 4523 1441 4588 quod
1482 4530 1645 4573 essent
1688 4520 1870 4586 uexati,
1912 4529 1959 4574 et

371 4617 581 4689 proiecti
609 4615 755 4687 quasi
785 4630 896 4667 oves
932 4630 1031 4667 non
1062 4612 1295 4666 habentes
1333 4621 1605 4683 pastorem.
1650 4612 1775 4667 Haac
1806 4614 1955 4684 prin-

372 4711 551 4780 cipum
600 4708 907 4764 Judaeorutn
959 4704 1231 4759 accusatio
1279 4712 1382 4768 est,
1414 4704 1502 4772 qui
1548 4712 1789 4772 pastores
1835 4719 1957 4758 eum

375 4810 577 4866 essent,
602 4816 720 4857 sese
762 4801 916 4871 lupos
940 4796 1286 4854 exhibebant.
1315 4796 1429 4851 Non
1461 4796 1620 4851 modo
1662 4797 1804 4852 enim
1842 4799 1959 4869 ple-

376 4892 497 4947 bem
536 4907 642 4949 non
669 4892 1048 4956 emendabant,
1080 4890 1175 4947 sed
1209 4905 1275 4945 ne
1313 4888 1637 4960 proﬁcerent
1686 4890 1738 4944 in
1768 4891 1960 4948 melius

375 4983 754 5055 impediebant.
789 4985 898 5039 lllis
943 4985 1122 5055 itaque
1163 4983 1480 5039 mirantibus
1523 4998 1588 5039 ac
1634 4983 1956 5049 dicentibus,

378 5076 673 5144 Numquam
700 5074 863 5127 simile
894 5077 1051 5129 visum
1076 5084 1147 5129 est
1175 5076 1227 5129 in
1268 5073 1473 5139 Israel;
1517 5074 1589 5129 illi
1614 5085 1799 5131 contra
1838 5094 1850 5130 :
1894 5075 1960 5130 In

375 5168 604 5238 principe
645 5165 1009 5221 diemoniorum
1056 5168 1190 5235 ejicit
1232 5167 1504 5222 dwmonia.
1552 5167 1657 5223 Sed
1695 5184 1957 5240 quosnam

374 5264 461 5317 hic
487 5260 763 5334 eperarios
788 5257 952 5313 dicit?
995 5258 1282 5313 Duodecim
1313 5259 1625 5328 discipulos.
1667 5259 1803 5315 Num
1838 5277 1957 5315 cum

372 5355 589 5419 dixerit,
634 5350 870 5422 Operarii
922 5350 1092 5419 pauci,
1121 5350 1255 5404 alios
1299 5350 1530 5418 adjecit?
1580 5350 1832 5407 Minime:
1865 5353 1958 5406 sed

373 5450 495 5502 illos
523 5445 721 5501 emisit.
745 5441 853 5499 Cur
876 5457 1005 5513 ergo
1029 5441 1177 5503 dicit,
1212 5439 1407 5511 Rogate
1448 5439 1726 5495 Dominum
1761 5445 1956 5507 messis,

374 5549 423 5592 ut
455 5538 619 5591 mittat
668 5535 926 5606 operarios
969 5534 1021 5587 in
1063 5549 1271 5586 messem
1301 5548 1465 5596 suam,
1498 5541 1553 5586 et
1580 5533 1783 5587 nullum
1832 5534 1961 5604 ipsis

373 5629 603 5694 adjicit?
632 5628 765 5702 Quia
805 5641 927 5682 cum
972 5624 1253 5680 duodecim
1304 5632 1503 5687 essent,
1534 5624 1730 5678 multos
1779 5634 1956 5693 postea

379 5722 576 5790 Olfecit,
601 5738 705 5777 non
737 5731 893 5778 aucto
924 5738 1169 5789 numero,
1204 5721 1296 5777 sed
1331 5722 1582 5775 virtutem
1608 5720 1844 5788 largitus.

1096 289 1153 343 S.
1194 286 1472 345 JOANNIS
1507 285 1980 343 CllliYSOSTOMl
2020 287 2337 343 ARClllEP.
2379 288 2908 348 CONSTANTINOP.

3526 298 3635 351 380

2126 401 2181 455 3.
2225 401 2427 458 Deinde
2469 404 2758 460 ostendens
2796 414 3056 475 quantum
3102 415 3245 462 esset
3285 406 3509 472 donum,
3534 412 3632 478 ait,

2055 491 2248 562 [legate
2282 511 2401 564 ergo
2434 494 2705 550 Dominum
2746 500 2941 563 messis,
2974 498 3253 554 obscurius
3292 499 3531 556 declarat
3575 518 3636 558 se

2050 584 2416 637 auctoritatem
2446 583 2664 641 habere.
2693 584 2824 640 Cum
2854 587 2984 641 dicit
3027 588 3191 655 enim,
3220 587 3416 660 Rogate
3448 588 3635 647 Domi-

2052 689 2172 726 num
2202 674 2395 737 messis,
2420 677 2564 746 ipsos
2588 676 2716 730 nihil
2747 687 3050 746 precantes,
3076 681 3156 735 vel
3180 693 3428 752 rogantes
3456 687 3635 740 statim

2050 764 2281 830 ordinat,
2311 767 2531 822 Joannis
2560 771 2719 825 verba
2770 771 2899 840 ipsis
2942 786 3398 841 commemorans,
3432 792 3635 844 aream,

2051 859 2425 923 ventilabrum,
2458 862 2684 930 paleam,
2711 862 3054 918 frumentum.
3088 863 3241 920 Unde
3272 877 3433 935 patet,
3465 869 3637 937 ipsmn

2049 963 2171 1003 esse
2200 950 2512 1019 agricolam,
2542 953 2733 1006 messis
2762 953 3066 1018 Dominum,
3099 971 3307 1011 necnon
3353 960 3629 1028 propheta-

2052 1056 2189 1093 rum.
2220 1040 2349 1095 Nam
2373 1043 2418 1096 si
2449 1043 2514 1096 ad
2548 1044 2855 1099 metendum
2883 1046 3045 1108 misit,
3072 1048 3245 1116 palam
3275 1058 3354 1102 est
3384 1065 3505 1103 eum
3531 1067 3636 1105 non

2050 1134 2223 1187 aliena
2254 1146 2477 1200 metere,
2507 1134 2601 1190 sed
2634 1152 2694 1191 ea
2728 1154 2843 1205 qua:
2890 1153 2986 1206 per
3016 1138 3307 1207 prophetas
3332 1141 3634 1198 seminavit.

2049 1224 2231 1295 Neque
2259 1226 2385 1281 hinc
2411 1228 2584 1282 solum
2614 1229 2857 1283 liduciam
2898 1230 3001 1283 illis
3028 1230 3191 1294 dedit,
3221 1232 3361 1301 quod
3400 1235 3638 1291 ministe-

2052 1317 2189 1371 rium
2233 1333 2418 1372 eorum
2466 1334 2697 1373 messem
2732 1331 2967 1385 vocaret,
3000 1321 3093 1375 sed
3125 1322 3266 1389 quod
3311 1324 3412 1377 illis
3442 1325 3506 1379 ad
3538 1326 3636 1379 hu-

2046 1407 2278 1476 jnsmodi
2332 1410 2688 1465 ministerium
2722 1420 3036 1480 potestatem
3080 1415 3348 1470 indiderit.
3380 1417 3532 1487 (Cap.
3565 1420 3636 1491 Χ)

2052 1500 2104 1552 1.
2147 1497 2213 1551 Et
2251 1502 2555 1565 convocatis,
2589 1502 2684 1567 ait,
2719 1502 2984 1554 duodecim
3034 1504 3297 1574 discipulis
3346 1508 3469 1567 suis,
3499 1509 3636 1563 dedit

2049 1592 2119 1645 eis
2142 1600 2432 1658 potestatem
2458 1591 2725 1662 spirituum
2756 1593 3150 1659 immundorum,
3186 1606 3237 1648 ut
3268 1599 3504 1668 ejicereut
3528 1617 3633 1665 eos,

2049 1691 2096 1734 ct
2124 1692 2360 1735 curarent
2388 1698 2583 1735 onmem
2627 1682 2922 1753 languorem
2948 1696 2994 1737 et
3034 1702 3229 1740 omnem
3271 1688 3632 1755 infirmitatem.

2050 1772 2210 1840 Atqui
2243 1771 2474 1825 nondum
2524 1772 2755 1842 Spiritus
2805 1784 2921 1829 erat
2951 1774 3106 1830 datus
3142 1795 3155 1829 :
3211 1776 3456 1833 Nondum
3483 1784 3633 1847 enim,

2050 1862 2241 1932 inquit,
2276 1864 2501 1933 Spiritus
2546 1876 2650 1918 erat
2689 1866 2860 1931 datus,
2906 1867 3026 1936 quia
3071 1867 3221 1923 Jesus
3264 1872 3488 1925 nondum
3533 1886 3638 1928 erat

2049 1956 2359 2025 glori/iectus
2407 1956 2586 2028 (Joan.
2634 1959 2687 2012 7.
2717 1959 2829 2030 59).
2860 1960 3141 2028 Quomodo
3185 1978 3314 2033 ergo
3353 1966 3640 2033 ejiciebant

2049 2046 2302 2115 Spiritus?
2334 2049 2408 2103 Ex
2438 2050 2554 2119 ejus
2584 2060 2851 2121 praerepto
2870 2063 3031 2123 atque
3052 2065 3333 2123 potestate.
3360 2057 3639 2128 Perpende

2048 2150 2227 2192 autem
2260 2141 2388 2195 mihi
2420 2143 2751 2211 apostolatus
2790 2149 3262 2214 opportunitatem.
3298 2149 3411 2203 Non
3442 2153 3583 2206 enim
3608 2170 3637 2207 a

2054 2232 2313 2301 principio
2342 2233 2487 2288 misit
2516 2234 2656 2300 illos,
2680 2236 2771 2291 sed
2800 2251 2921 2292 cum
2953 2238 3060 2306 jam
3089 2241 3256 2309 ipsum
3288 2241 3480 2297 idoneo
3507 2254 3637 2299 tem-

2050 2339 2181 2393 pore
2210 2327 2420 2394 sequuti
2449 2336 2649 2389 essent,
2681 2344 2745 2383 ac
2791 2330 3049 2385 vidissent
3095 2344 3360 2387 mortuum
3410 2336 3634 2390 suscita-

2052 2424 2185 2481 tum,
2209 2432 2356 2472 mare
2387 2419 2740 2488 increpatum,
2769 2421 2948 2489 pulsos
2972 2422 3265 2488 darmonas,
3292 2425 3636 2496 paralyticum

2050 2515 2318 2571 sanatum,
2353 2517 2568 2577 peccata
2614 2511 2835 2564 remissa
2858 2552 2873 2577 ,
2904 2512 3176 2581 leprosum
3218 2515 3549 2583 mundatum,
3578 2533 3639 2574 ae

2050 2597 2364 2654 suﬁicientia
2409 2603 2687 2669 potestatis
2730 2602 2870 2657 illius
2916 2615 3229 2675 argumenta
3275 2616 3330 2661 et
3360 2624 3453 2676 per
3480 2610 3639 2664 verba

2053 2698 2109 2743 et
2135 2704 2230 2759 per
2257 2704 2420 2760 Opera
2457 2691 2827 2761 accepissent:
2863 2702 2986 2747 tunc
3032 2695 3153 2748 illos
3198 2697 3392 2761 mittit;
3439 2714 3541 2752 non
3574 2698 3638 2752 ad

2056 2795 2142 2834 res
2187 2781 2537 2849 periculosas,
2570 2782 2803 2836 nondum
2846 2784 2987 2838 enim
3020 2784 3071 2838 in
3107 2786 3384 2841 l‘alwslina
3430 2789 3641 2857 pericu-

2052 2870 2159 2925 lum
2191 2882 2337 2934 erat;
2371 2872 2463 2925 sed
2499 2882 2686 2927 contra
2726 2874 3019 2929 calumnias
3066 2884 3266 2930 tantum
3300 2879 3640 2949 pugnandum

2052 2971 2186 3017 erat.
2216 2964 2460 3017 Attamen
2492 2965 2727 3033 pericula
2759 2966 2863 3021 illis
2886 2967 3145 3044 praedicit,
3177 2979 3405 3040 anteque
3432 2981 3641 3044 tempus

2053 3053 2176 3109 illos
2203 3066 2488 3125 praeparat,
2516 3066 2570 3111 et
2599 3055 2862 3127 frequenti
2906 3042 3251 3128 praedictione
3279 3062 3399 3116 illos
3425 3064 3491 3118 ad
3519 3042 3640 3120 cer-

2056 3146 2251 3198 tamina
2282 3145 2532 3201 instituit.
2564 3148 2765 3203 Deinde
2807 3150 2926 3218 quia
2958 3149 3092 3206 duos
3140 3154 3411 3222 apostolos
3434 3155 3641 3212 dixerat

2056 3234 2231 3300 nobis,
2265 3235 2481 3290 Petrum
2510 3247 2564 3292 et
2610 3238 2894 3307 Joannem,
2920 3251 2975 3296 et
3018 3253 3138 3312 post
3168 3244 3288 3299 illos
3335 3246 3643 3304 Matthzeum

2054 3334 2299 3378 vocatum
2344 3327 2671 3396 ostenderat,
2706 3338 2761 3384 et
2788 3330 2856 3385 de
2904 3332 3127 3386 aliorum
3160 3336 3515 3403 apostolorum
3546 3354 3642 3393 vo-

2054 3418 2266 3473 catione
2302 3434 2363 3472 ac
2400 3421 2615 3475 nomine
2656 3422 2789 3476 nihil
2818 3423 3065 3479 dixerat:
3101 3425 3185 3479 hic
3221 3429 3524 3483 nereSSario
3554 3446 3639 3484 eo-

2056 3524 2173 3563 rum
2202 3511 2521 3580 catalogum,
2553 3528 2834 3569 numerum
2881 3517 3205 3587 nominaque
3249 3519 3424 3588 ponit,
3453 3520 3529 3575 sic
3565 3521 3641 3575 di-

2056 3617 2228 3658 ecus:
2271 3604 2325 3657 2.
2362 3603 2639 3659 Duodecim
2676 3617 2844 3660 autem
2890 3613 3235 3677 apostolorum
3281 3614 3483 3666 nomina
3527 3624 3647 3668 sunt

2057 3697 2203 3750 hazc:
2238 3698 2450 3767 primus,
2484 3698 2686 3764 Simon,
2719 3701 2805 3769 qui
2847 3701 3035 3753 dicitur
3083 3700 3287 3756 Petrus.
3331 3702 3461 3758 Nam
3509 3705 3646 3761 alius

2059 3786 2243 3841 Simon
2265 3798 2400 3854 erat,
2432 3790 2521 3859 qui
2544 3789 2840 3845 Cauanazus
2861 3793 3171 3847 vocabatur.
3215 3794 3277 3848 Et
3300 3794 3464 3849 Judas
3506 3795 3646 3851 lsca-

2058 3880 2255 3944 riotes,
2283 3890 2339 3935 et
2362 3881 2526 3935 .tudas
2549 3881 2757 3941 Jacobi.
2791 3884 2855 3937 Et
2887 3883 3119 3940 Jacobus
3146 3886 3376 3956 Alphtei,
3408 3899 3460 3942 et
3484 3890 3646 3944 Jaco-

2059 3973 2160 4028 bus
2187 3972 2450 4028 Zebedazi.
2478 3974 2687 4029 Marcus
2717 3991 2845 4030 vero
2876 3977 3169 4031 secundum
3211 3979 3523 4049 dignitatem
3552 3996 3647 4052 po-

2058 4063 2161 4117 suit
2204 4062 2322 4118 illos
2351 4081 2364 4117 :
2399 4065 2595 4119 etenim
2644 4074 2763 4135 post
2798 4066 2936 4120 duos
2985 4068 3340 4137 coryplneos,
3377 4071 3644 4127 Andream

2061 4166 2300 4211 numerat
2329 4154 2518 4227 (Marc.
2549 4157 2604 4213 5.
2640 4159 2748 4227 l8).
2773 4157 2870 4212 Hie
2894 4174 3019 4213 vero
3049 4174 3155 4214 non
3182 4161 3279 4225 sic,
3309 4161 3402 4216 sed
3428 4163 3532 4217 alio
3557 4179 3648 4218 or-

2059 4244 2207 4311 dine,
2240 4247 2346 4300 imo
2371 4256 2425 4300 et
2448 4247 2710 4301 Thomam
2743 4261 2802 4303 se
2831 4249 3002 4302 multo
3041 4250 3346 4305 inferiorem
3376 4252 3475 4306 sibi
3498 4263 3650 4308 ante-

2061 4341 2228 4407 ponit.
2258 4340 2366 4395 Sed
2395 4355 2580 4395 eorum
2624 4343 2925 4413 catalogum
2970 4359 3000 4397 a
3042 4346 3303 4414 principio
3351 4346 3645 4402 videamus.

2064 4428 2268 4484 Primus
2298 4431 2477 4486 Simon
2504 4474 2518 4498 ,
2566 4434 2650 4504 qui
2690 4434 2873 4487 dicitur
2903 4434 3104 4500 Petrus,
3136 4446 3182 4490 et
3222 4438 3449 4492 Andreas
3491 4442 3652 4510 frater

2062 4525 2189 4594 ejus.
2212 4523 2393 4594 Neque
2419 4540 2579 4594 parva
2612 4527 2724 4580 laus
2750 4526 2866 4581 hinc
2887 4537 2968 4581 est
2991 4546 3005 4582 :
3047 4529 3194 4583 illum
3215 4546 3245 4584 a
3268 4530 3480 4593 virtute,
3507 4533 3650 4587 hunc

2062 4632 2091 4668 a
2119 4617 2399 4671 nobilitate
2429 4632 2638 4673 morum
2680 4619 2935 4675 laudavit.
2968 4623 3021 4677 3.
3053 4620 3249 4676 Deinde
3283 4623 3506 4679 Iacobus
3547 4625 3649 4680 Ze-

2063 4706 2241 4772 bedtei,
2267 4718 2313 4759 et
2340 4707 2564 4763 Joannes
2591 4714 2750 4780 frater
2767 4713 2898 4777 ejus.
2924 4712 3114 4768 Viden‘
3135 4715 3403 4783 quamodo
3428 4733 3533 4770 non
3565 4732 3651 4770 se-

2063 4798 2294 4852 cundum
2321 4798 2630 4869 dignitatem
2662 4804 2865 4871 ponat?
2893 4803 3017 4858 Mihi
3045 4820 3276 4875 namque
3300 4806 3526 4871 videtur,
3544 4823 3649 4862 non

2064 4891 2183 4944 aliis
2218 4891 2401 4957 modo,
2430 4893 2523 4948 sed
2557 4902 2612 4949 et
2638 4893 2803 4951 fratre
2829 4911 3040 4965 quoque
3084 4911 3183 4951 suo
3226 4897 3487 4953 Joannem
3528 4914 3652 4954 esse

2064 4984 2345 5051 majorem.
2390 4983 2590 5039 Deinde
2614 5001 2737 5040 cum
2774 4986 3016 5053 dixisset,
3052 4986 3326 5056 Philippus
3351 4999 3399 5041 et
3426 4988 3649 5043 Bartho-

2067 5073 2295 5141 (animus,
2328 5075 2641 5144 subjunxit:
2676 5076 2897 5133 Thomas
2949 5087 2996 5132 et
3024 5077 3299 5134 Matthwus
3328 5080 3647 5149 publicanus.

2072 5164 2261 5220 Verum
2308 5180 2413 5221 non
2445 5168 2522 5223 sic
2547 5168 2740 5234 Lucas,
2768 5170 2862 5225 sed
2903 5171 3117 5224 inverso
3156 5171 3365 5237 ordine,
3399 5171 3651 5241 ponitque

2067 5258 2213 5311 illum
2246 5268 2371 5314 ante
2404 5259 2663 5315 Thomam
2706 5260 2859 5331 (Luc.
2906 5263 2961 5316 6.
3010 5262 3117 5332 ll).
3169 5262 3370 5317 Deinde
3410 5264 3649 5331 sequitur

2064 5348 2292 5404 Jacobus
2316 5352 2544 5420 Alphmi.
2568 5352 2695 5407 Erat
2724 5354 2888 5419 enim,
2914 5362 2972 5407 ut
3000 5354 3130 5416 dixi,
3159 5355 3294 5407 alius
3317 5353 3557 5409 Zebedzei
3586 5357 3652 5407 li-

2066 5440 2188 5494 lius.
2220 5441 2409 5497 Postea
2439 5459 2559 5497 cum
2587 5444 2808 5499 dixisset
2838 5445 3143 5507 Lebbaeum,
3162 5446 3251 5515 qui
3278 5456 3333 5500 et
3352 5445 3654 5500 Tliaddanis

2069 5534 2377 5599 vocabatur,
2407 5545 2461 5589 et
2509 5535 2781 5591 Simonem
2824 5537 3079 5603 Zeloten,
3118 5550 3278 5607 quem
3325 5535 3651 5591 Cananteum

2067 5632 2239 5688 vocat,
2268 5624 2333 5679 ad
2366 5626 2692 5695 proditorem
2721 5630 2868 5683 venit
2900 5646 2913 5681 :
2963 5643 3134 5698 neque
3164 5639 3223 5683 ut
3270 5628 3520 5683 inimicus
3565 5628 3651 5683 vel

2069 5717 2256 5783 hostis,
2290 5718 2382 5773 sed
2415 5728 2471 5773 ut
2514 5721 2793 5777 historiam
2841 5720 3088 5778 scribens
3128 5722 3207 5776 sic
3248 5723 3476 5777 vocavit.
3532 5720 3648 5777 Non
