4010 6128
306 271 414 324 379

306 379 604 443 ἀπόδειξιν,
631 379 724 432 καὶ
752 377 871 431 τότε
901 379 1105 434 καὶτὸν
1125 380 1235 434 ἀπὸ
1272 382 1382 434 τῶν
1411 382 1585 449 λόγων
1621 378 1842 449 ἔλεγχον
1878 381 1978 432 ἐπ-

304 462 537 529 αγαγεῖν
558 459 625 513 ⁸⁸.
652 458 890 528 Περιῆγε
910 459 1088 513 τοίνυν
1112 461 1205 513 καὶ
1229 462 1287 514 ἐν
1307 460 1516 521 πόλεσι,
1537 460 1633 513 καὶ
1663 462 1720 511 ἐν
1751 457 1979 529 χώραις,

304 538 401 591 καὶ
431 539 488 591 ἐν
511 538 630 600 ταῖς
680 539 1023 605 συναγωγαῖς
1062 538 1263 593 αὐτῶν⁹
1301 538 1572 592 παιδεύων
1614 536 1760 607 ἡμᾶς
1804 536 1981 600 οὕτως

304 616 631 688 ἀμείϐεσθαι
676 616 802 679 τοὺς
837 618 1199 689 κακηγόρους,
1244 620 1304 670 οὐ
1352 617 1710 688 κακηγορίαις
1745 616 1973 686 ἑτέραις.

303 699 421 752 ἀλλ’
466 696 806 767 εὐεργεσίαις
852 697 1114 769 μείζοσιν.
1146 699 1207 752 Et
1258 700 1369 769 7&9
1419 698 1493 769 μὴ
1539 698 1604 751 δι’
1636 696 1979 768 ἀνθρώπους,

303 776 443 829 ἀλλά
490 775 578 827 διὰ
610 774 700 827 τὸν
727 774 861 827 Θεὸν
907 777 1213 847 εὐεργετεῖς
1249 777 1376 839 τοὺς
1410 774 1751 847 ὁμοδούλους,
1782 775 1883 827 ὅσα
1914 774 1981 827 ἂν

304 854 523 919 ποιῶσι,
557 854 633 924 μὴ
675 854 920 925 ἀποστῇς
950 855 1273 926 εὐεργετῶν,
1310 856 1397 907 ἵνα
1426 854 1625 925 μείζων
1646 857 1674 907 6
1702 853 1889 925 μισθὸς

302 936 378 999 ώς
404 934 433 987 ὅ
466 949 530 1000 γε
567 933 706 1002 μετά
738 932 835 1002 τὴν
870 933 1208 1004 κακηγορίαν
1247 933 1614 1002 ἀφιστάμενος
1646 931 1746 1001 τῆς
1768 932 1982 1001 εὐεργε-

304 1011 737 1077 σίας,δείκνυσιν
758 1011 838 1063 ὃτι
882 1010 972 1064 διὰ
1002 1012 1091 1064 τὸν
1119 1012 1340 1065 ἐκείνων
1387 1011 1628 1075 ἔπαινον,
1659 1009 1774 1062 ἀλλ’
1804 1010 1865 1062 οὐ
1893 1009 1981 1062 διά

301 1092 395 1145 τὸν
434 1091 584 1150 Θεὸν,
616 1089 716 1158 τῆς
743 1088 999 1157 τοιαύτης
1033 1089 1463 1159 ἐπιλαμϐάνεται
1499 1089 1715 1159 ἀρετῆς.
1737 1086 1837 1140 Διά
1858 1086 1980 1138 τοῦ-

301 1188 364 1222 το
381 1171 408 1222 ὁ
430 1167 664 1239 Χριστὸς
681 1164 953 1220 παιδεύων
972 1167 1138 1237 ἡμᾶς,
1157 1169 1238 1221 ὃτι
1264 1167 1324 1231 ἐξ
1342 1166 1676 1237 ἀγαθότητος
1702 1166 1870 1236 μόνης
1887 1165 1980 1216 ἐπὶ

302 1245 636 1317 τοῦτοῇει⁹¹,
664 1244 724 1298 οὐ
746 1244 904 1315 μόνον
931 1246 1029 1297 οὐκ
1047 1246 1277 1316 ἀνέμενε
1306 1246 1411 1316 πρὸ
1422 1265 1436 1307 _:
1459 1244 1611 1318 [567]
1629 1245 1788 1297 αὐτὸν
1806 1243 1980 1297 ἐλθεῖν

300 1326 431 1388 τοὺς
470 1325 799 1394 κάμνοντας,
828 1322 961 1375 ἀλλά
984 1325 1077 1376 καὶ
1090 1325 1250 1388 αὐτὸς
1270 1324 1406 1396 πρὸς
1434 1324 1673 1386 ἐκείνους
1697 1323 1977 1391 ἠπείγετο,

301 1402 397 1455 δύο
434 1402 504 1454 τά
539 1402 769 1470 μέγιστα
800 1402 985 1464 αὐτοῖς
1017 1403 1258 1471 κομίζων
1296 1401 1494 1471 ἀγαθά·
1528 1402 1587 1453 ἓν
1610 1400 1727 1471 μὲν,
1756 1401 1854 1469 τῆς
1883 1399 1979 1468 βα-

304 1481 513 1544 σιλείας
537 1481 596 1532 τὸ
630 1478 981 1547 Εὐαγγέλιονσ
1009 1480 1196 1551 ἕτερον
1220 1482 1297 1544 δὲ,
1334 1482 1432 1552 τὴν
1454 1480 1672 1532 πάντων
1694 1478 1800 1531 τῶν
1819 1494 1979 1547 νοση-

308 1560 495 1627 μάτων
522 1557 827 1629 διόρθωσιν.
860 1557 969 1609 Kal
994 1557 1116 1611 οὐδὲ
1145 1558 1298 1611 πόλιν
1321 1555 1604 1626 παρεώρα,
1627 1556 1687 1607 οὐ
1712 1556 1759 1587 θ’
1784 1553 1977 1623 κώμην

305 1636 672 1706 παρέτρεχεν,
724 1634 861 1687 ἀλλά
910 1636 1087 1689 πάντα
1118 1636 1276 1707 ἐπῄει
1307 1636 1488 1690 τόπον.
1525 1633 1770 1689 Καὶούδέ
1816 1634 1977 1703 μέχρι

301 1716 497 1767 τούτου
526 1715 765 1775 ἵσταται,
799 1713 934 1764 ἀλλά
958 1716 1050 1766 καὶ
1080 1715 1274 1786 ἐτέραν
1304 1714 1558 1785 πρόνοιαν
1585 1712 1977 1765 ἐπιδείκνυται.

316 1793 478 1847 Ἰδὼν
499 1794 629 1863 γὰρ,
660 1793 815 1862 φησὶ,
856 1793 996 1859 τοὺς
1029 1793 1272 1861 ὄχλους,
1330 1792 1791 1862 ἐσπλαγχνίσθη
1847 1791 1979 1857 περὶ

300 1870 507 1926 αὐτῶν
554 1871 645 1925 ὅτι
691 1868 858 1940 ἦσαν
907 1872 1270 1940 ἐσκυλμένοι
1342 1870 1439 1925 καὶ
1500 1867 1856 1938 ἐρριμμένοι,
1899 1868 1981 1936 ὡς

302 1952 571 2020 πρόϐατα
592 1950 679 2019 μὴ
710 1951 933 2018 έχοντα
977 1951 1250 2019 ποιμένα.
1289 1952 1427 2005 Τότε
1454 1951 1617 2019 λέγει
1645 1947 1770 2013 τοῖς
1792 1952 1981 2016 μαθη-

304 2029 436 2095 ταῖς
462 2027 653 2083 αὐτοῦ
683 2029 729 2060 ⁸³
754 2045 768 2060 °
810 2029 872 2081 '0
922 2028 1040 2097 μὲν
1072 2029 1355 2099 θερισμὸς
1387 2029 1602 2092 πολὺς,
1638 2031 1691 2082 οι
1719 2028 1789 2079 δέ
1811 2027 1982 2095 ἐργά-

306 2125 403 2162 ται
435 2108 646 2177 ὀλίγοι.
676 2106 934 2175 Δεήθητε
960 2103 1075 2162 οὖν
1102 2108 1210 2162 τοῦ
1241 2109 1466 2175 Κυρίου
1512 2106 1620 2159 τοῦ
1654 2104 1939 2174 θερισμοῦ
1964 2142 1980 2169 ,

306 2185 469 2251 ὅπως
489 2187 533 2218 ⁸⁸
548 2185 776 2253 ἐκϐάλῃ
797 2185 1050 2254 ἐργάτας
1069 2188 1157 2251 είς
1179 2186 1285 2238 τὸν
1300 2183 1584 2254 θερισμὸν
1602 2183 1809 2237 αὑτοῦ.
1842 2185 1983 2252 Ὅρα

309 2266 471 2319 πάλιν
502 2265 561 2318 τὸ
603 2265 936 2328 ἁκενόδοξον.
996 2265 1113 2318 Ἵνα
1141 2265 1188 2296 ’⁸
1215 2264 1290 2335 μὴ
1328 2265 1576 2328 ἅπαντας
1620 2264 1754 2333 πρὸς
1790 2262 1980 2314 ἐαυτὸν

306 2345 656 2417 ἐπισύρηται,
697 2346 974 2412 ἐκπέμπει
1012 2346 1139 2408 τοὺς
1190 2344 1456 2415 μαθητάς.
1487 2347 1561 2397 Οὐ
1594 2344 1681 2396 διά
1723 2341 1880 2396 τοῦτο
1923 2339 1981 2393 δὲ

311 2426 493 2495 μόνον,
533 2423 755 2477 ἀλλ’ἵνα
786 2424 985 2486 αὐτοὺς
1028 2423 1124 2477 καὶ
1168 2422 1458 2495 παιδεύσῃ,
1499 2422 1752 2491 καθάπερ
1794 2420 1848 2471 ἐν
1875 2435 1981 2470 τινι

308 2504 617 2574 παλαίστρᾳ
638 2507 702 2571 τῇ
726 2502 1058 2573 Παλαιστίνῃ
1083 2501 1663 2573 μελετήσαντας,οὗτω
1689 2500 1822 2571 πρὸς
1855 2498 1982 2561 τοὺς

308 2584 526 2650 ἀγῶνας
554 2582 651 2651 τῆς
672 2581 997 2651 οἰκουμένης
1030 2579 1422 2633 ἀποδύσασθαι.
1458 2582 1558 2633 Διά
1591 2581 1655 2650 δὴ
1679 2578 1838 2632 τοῦτο
1888 2577 1981 2630 καὶ

309 2660 535 2733 μείζονα
558 2663 625 2713 τά
652 2661 925 2730 γυμνάσια
944 2659 1053 2713 τῶν
1076 2659 1302 2728 ἀγώνων
1323 2659 1525 2729 τίθησι,
1552 2660 1674 2713 ὅσον
1704 2659 1749 2691 ⁸⁸
1776 2660 1855 2720 εἰς
1882 2657 1982 2727 τὴν

309 2740 491 2794 αὐτῶν
517 2734 650 2811 ἦκεν
699 2740 918 2810 ἀρετὴν,
964 2740 1050 2792 ἵνα
1077 2737 1456 2809 εὐκοπώτερον
1485 2739 1595 2792 τῶν
1637 2738 1774 2808 μετὰ
1814 2736 1983 2790 ταῦτα

309 2819 538 2887 ἀγώνων
562 2816 823 2886 ἅψωνται,
851 2818 1103 2889 καθάπερ
1120 2817 1271 2882 τινὰς
1298 2820 1553 2881 νεοσσοὺς
1582 2817 1822 2880 ἁπαλοὺς
1847 2816 1983 2888 πρὸς

307 2898 370 2949 τὸ
400 2898 598 2968 πτῆναι
648 2897 901 2967 προάγων
925 2896 1045 2966 ἤδη.
1080 2898 1188 2949 Καὶ
1214 2897 1351 2959 τέως
1398 2897 1591 2959 αὐτοὺς
1627 2896 1843 2968 ἰατροὺς
1873 2912 1980 2948 σω-

311 2977 499 3046 μάτων
518 2978 681 3042 ποιεῖ,
709 2974 931 3046 ὕστερον
953 2976 1346 3046 ταμιευόμενος
1375 2975 1472 3044 τὴν
1496 2978 1594 3046 τῆς
1626 2974 1801 3045 ψυχῆς
1833 2974 1979 3046 διόρ-

310 3054 479 3106 θωσιν
506 3054 604 3126 τὴν
636 3054 1071 3124 προηγουμένην.
1108 3053 1218 3105 Καὶ
1278 3055 1467 3104 σκόπει
1507 3052 1623 3116 πῶς
1671 3051 1889 3104 εὔκολον
1922 3052 1982 3104 τὸ

312 3132 545 3202 πρᾶγμα
572 3131 808 3184 δείκνυσι
844 3134 939 3183 καὶ
962 3133 1276 3199 ἀναγκαῖον.
1306 3132 1370 3183 Τί
1407 3133 1515 3200 γάρ
1547 3147 1739 3200 φησιν;
1784 3131 1839 3182 '0
1866 3131 1983 3198 μὲν

311 3208 590 3278 θερισμὸς
616 3209 830 3272 πολὺς.
854 3212 907 3261 οὶ
931 3208 999 3260 δὲ
1025 3208 1266 3275 ἐργάται
1305 3209 1515 3277 ὀλίγοι.
1548 3208 1623 3259 Οὐ
1652 3208 1758 3278 γὰρ
1776 3210 1868 3260 ἐπὶ
1892 3208 1982 3259 τὸν

312 3286 513 3357 σπόρον
543 3287 708 3356 ὑμᾶς,
743 3287 927 3355 φησὶν,
948 3285 1061 3339 ἀλλ’
1098 3287 1189 3338 ἐπὶ
1212 3286 1303 3337 τὸν
1345 3286 1553 3354 ἀμητὸν
1568 3285 1791 3347 πέμπω.
1808 3286 1983 3357 Ὅπερ

311 3364 462 3434 ἐντῴ
499 3364 718 3433 Ἰωάννῃ
756 3363 957 3431 ἐλεγεν·
982 3364 1185 3416 Ἄλλοι
1226 3362 1644 3427 κεκοπιάκασι,
1692 3362 1788 3416 καί
1818 3362 1984 3431 ὑμεῖς

310 3446 398 3508 εὶς
426 3443 532 3495 τὸν
566 3444 756 3497 κόπον
788 3441 986 3496 αὐτῶν
1010 3442 1462 3509 εἰσεληλύθατε.
1490 3440 1677 3495 Ταῦτα
1715 3440 1771 3492 δὲ
1807 3441 1981 3510 ἔλεγε,

313 3520 408 3575 καὶ
433 3522 494 3573 τὸ
532 3521 787 3592 φρόνημα
836 3519 1016 3573 αὐτῶν
1048 3519 1449 3586 καταστέλλων,
1484 3522 1580 3574 καὶ
1619 3521 1842 3591 θαρρεῖν
1882 3539 1985 3574 πα-

314 3603 687 3674 ρασκευάζων,
724 3601 820 3654 καὶ
857 3600 1069 3665 δεικνὺς
1103 3600 1185 3653 ὅτι
1214 3602 1243 3653 6
1275 3600 1475 3670 μείζων
1505 3599 1772 3671 προέλαϐε
1798 3599 1978 3662 πόνος.

314 3682 424 3734 Θέα
446 3680 502 3732 δέ
545 3680 640 3733 καὶ
665 3679 900 3733 ἐνταῦθα
925 3679 1036 3733 ἀπὸ
1075 3679 1489 3751 φιλανθρωπίας
1530 3679 1851 3749 ἀρχόμενον,
1883 3679 1985 3732 οὐκ

314 3760 376 3824 ἐξ
420 3758 657 3829 ἀμοιϐῆς
695 3775 859 3821 τινος.
926 3759 1417 3827 Ἐσπλατχνίσθη
1480 3758 1624 3827 7&9,
1682 3757 1773 3810 ὅτι
1821 3755 1986 3827 ἦσαν

313 3836 675 3906 ἐσκυλμένοι
701 3837 801 3891 καὶ
828 3837 1187 3906 ἐρριμμένοι,
1213 3838 1296 3903 ὡς
1330 3838 1598 3905 πρόϐατα
1646 3835 1732 3904 μὴ
1764 3836 1985 3905 ἔχοντα

315 3916 587 3984 ποιμένα.
628 3914 777 3986 Αὕτη
798 3916 908 3968 τῶν
938 3917 1214 3987 ἀρχόντων
1238 3916 1349 3968 τῶν
1388 3914 1660 3969 Ἰουδαίων
1684 3916 1718 3986 η
1755 3932 1985 3985 κατηγο-

318 3994 431 4066 ρία,
454 3996 534 4048 ὅτι
557 3994 813 4063 ποιμένες
859 3993 1007 4057 ὄντες
1033 3994 1101 4045 τὰ
1125 3994 1232 4047 τῶν
1266 3994 1444 4048 λύκων
1474 3994 1872 4048 ἐπεδείκνυντο.
1906 3996 1982 4049 Οὐ

315 4073 423 4142 7&9
454 4073 612 4143 μόνον
641 4072 700 4124 οὐ
726 4069 987 4141 διώρθουν
1014 4068 1057 4101 ⁸⁷
1095 4071 1157 4123 τὸ
1186 4071 1407 4141 πλῆθος,
1451 4071 1587 4123 ἀλλὰ
1622 4072 1719 4123 καὶ
1755 4071 1983 4141 ἐλυμαί-

316 4168 466 4205 νοντο
488 4151 665 4205 αὐτῶν
688 4151 787 4221 τὴν
802 4150 1107 4221 προκοπήν.
1137 4150 1391 4204 Ἐκείνων
1415 4149 1545 4217 γοῦν
1574 4150 1981 4219 θαυμαζόντων,

317 4234 410 4283 καὶ
437 4231 720 4300 λεγόντων,
750 4230 1047 4285 Οὐδέποτε
1074 4230 1266 4298 ἐφάνη
1298 4230 1484 4296 οὕτως
1524 4230 1593 4281 ἐν
1628 4227 1708 4293 τῷ
1722 4230 1979 4298 Ἰσραήλ·

315 4306 461 4365 οὗτοι
481 4316 550 4365 τά
575 4311 794 4365 ἐναντία
840 4311 1047 4380 ἔλεγον,
1082 4312 1163 4364 ὅτι
1210 4312 1313 4365 Ἐν
1340 4310 1420 4375 τῷ
1456 4310 1699 4378 ἄρχοντι
1723 4309 1839 4364 τῶν
1859 4312 1981 4365 δαι-

310 4390 539 4460 μονίων
584 4389 864 4444 ἐκϐάλλει
914 4390 987 4444 τὰ
1023 4390 1320 4460 δαιμόνια.
1356 4389 1516 4442 Ἀλλά
1556 4390 1708 4453 τίνας
1742 4391 1983 4462 ἐργάτας

318 4468 552 4524 ἐνταῦθά
586 4486 754 4539 φησι;
796 4471 935 4533 Τοὺς
969 4470 1179 4525 δώδεκα
1221 4470 1490 4541 μαθητάς.
1526 4470 1591 4522 Τί
1620 4465 1744 4536 οὗν;
1787 4470 1981 4537 εἰπὼν,

317 4551 383 4603 Ol
419 4548 487 4601 δὲ
533 4547 771 4616 ἐργάται
819 4550 1032 4618 ὀλίγοι,
1080 4548 1418 4620 προσέθηκεν
1449 4548 1662 4615 αὐτοῖς;
1696 4549 1979 4620 Οὐδαμῶς⁸

313 4629 430 4684 ἀλλ’
474 4629 671 4691 αὐτοὺς
706 4628 941 4698 έπεμψε.
977 4630 1133 4693 Τίνος
1180 4626 1273 4685 οὖν
1305 4630 1489 4683 ’ένεκεν
1519 4627 1693 4696 ἔλεγε,
1725 4630 1983 4699 Δεήθητε

313 4710 423 4764 τοῦ
453 4708 672 4774 Κυρίου
701 4706 807 4760 τοῦ
836 4710 1137 4779 θερισμοῦ,
1183 4711 1285 4763 ἵνα
1336 4708 1563 4777 ἐκϐάλῃ
1593 4708 1843 4778 ἐργάτας
1900 4711 1983 4774 είς

317 4789 428 4844 τὸν
477 4785 761 4853 θερισμὸν
785 4788 992 4853 αὑτοῦ,
1024 4790 1117 4842 καὶ
1147 4789 1338 4844 οὐδένα
1388 4789 1571 4852 αὐτοῖς
1602 4790 1979 4859 προσέθηκεν;

318 4869 439 4923 Ὅτι
464 4865 559 4918 καὶ
583 4864 791 4919 δώδεκα
813 4865 970 4929 δντας
1003 4866 1230 4930 πολλοὺς
1257 4869 1478 4937 ἐποίησε
1509 4867 1713 4933 λοιπὸν,
1747 4868 1867 4939 οὐχὶ
1901 4868 1981 4940 τῷ

314 4946 533 5018 ἀριθμῷ
555 4943 829 5013 προσθεὶς,
855 4946 990 4999 ἀλλά
1017 4945 1241 5015 δύναμιν
1261 4948 1647 5018 χαρισάμενος.

386 5032 457 5094 7'.
473 5020 606 5078 Εῐτα
626 5023 837 5088 δεικνὺς
857 5024 1045 5094 ἡλίκον
1060 5025 1121 5078 τὸ
1139 5025 1309 5097 δῶρόν
1324 5029 1461 5090 ἐστι,
1489 5028 1643 5098 φησι,
1661 5026 1917 5095 Δεήθητε
1928 5028 1976 5060 ’⁸

314 5105 421 5159 τοῦ
458 5104 680 5172 Κυρίου
727 5104 833 5159 τοῦ
872 5104 1154 5172 θερισμοῦ
1178 5120 1194 5136 ο
1231 5106 1325 5158 καὶ
1367 5106 1738 5170 λανθανόντως
1785 5107 1978 5160 ἑαυτὸν

316 5184 567 5253 ἐμφαίνει
599 5182 689 5237 τὸν
719 5182 779 5236 τὸ
810 5183 974 5254 κῦρος
1008 5182 1415 5253 ἐχοντα.Είπὼν
1435 5186 1564 5259 7&9,
1594 5185 1849 5254 Δεήθητε
1872 5186 1979 5241 τσῦ

1357 269 1423 323 IN
1461 264 1880 323 MATTIIA‘ZUM
1914 264 2148 323 ιιοιιιι..
2190 266 2402 321 XXXII.
2439 267 2508 321 al.
2554 265 2791 320 XXXIII.

3656 270 3765 329 380

2089 381 2311 448 Κυρίου
2340 379 2447 433 τοῦ
2472 377 2778 446 θερισμοῦ,
2804 377 2956 432 οὐδὲν
2976 376 3275 448 δεηθέντων
3299 379 3499 446 αὐτῶν,
3530 380 3651 436 οὐδὶ
3667 382 3763 436 εὐ-

2089 457 2360 529 ξαμένων,
2395 457 2547 529 [568]
2574 459 2737 521 αὐτὸς
2781 458 2977 521 αὐτοὺς
3023 458 3225 523 εὐθέως
3272 461 3589 529 χειροτονεῖ,
3630 461 3761 514 ἀνα-

2091 540 2413 610 μιμνήσκων
2440 539 2637 602 αὐτοὺς
2666 538 2759 591 καὶ
2799 537 2906 591 τῶν
2949 536 3194 589 Ἰωάννου
3222 537 3503 607 ῥημάτων,
3539 539 3633 591 καὶ
3666 540 3765 608 τῆς

2087 617 2221 680 ἅλω,
2249 620 2342 669 aut
2357 617 2449 670 τοῦ
2467 616 2767 686 λικμῶντος
2785 618 2853 680 ⁹⁹,
2871 614 2963 668 καὶ
2991 613 3084 667 τοῦ
3112 614 3339 685 άχύρου,
3362 617 3450 668 καὶ
3475 616 3567 669 τοῦ
3591 618 3760 674 σίτου.

2088 696 2251 749 Ὅθεν
2280 697 2457 766 δῃλον,
2488 698 2568 749 ὅτι
2596 695 2755 757 αὐτός
2786 694 2931 746 ἐστιν
2961 694 2989 745 6
3015 694 3279 765 γεωργὸς,
3313 695 3471 758 αὐτὸς
3496 697 3523 747 6
3556 695 3649 748 τοῦ
3675 695 3756 747 θε·

2089 776 2283 847 ρισμοῦ
2314 776 2535 847 Κύριος,
2565 775 2724 835 αὐτὸς
2746 776 2773 827 6
2801 772 2908 825 τῶν
2938 773 3229 844 προφητῶν
3257 773 3533 843 δεσπότης
3568 770 3630 826 El
3657 775 3764 844 7&9

2088 854 2323 926 θερίζειν
2366 854 2599 924 έπεμψε,
2631 853 2789 923 δῆλον
2820 854 2899 905 ὅτι
2930 854 2992 905 οὐ
3022 852 3091 905 τά
3129 853 3406 922 ἀλλότρια,
3456 851 3570 904 ἀλλ’
3594 852 3629 905 ἃ
3674 852 3763 905 διά

2086 934 2193 987 τῶν
2253 934 2543 1005 προφητῶν
2589 934 2863 1001 ἔσπειρεν.
2906 931 2981 983 Οὐ
3027 930 3198 1001 ταύτῃ
3252 931 3309 984 δέ
3357 930 3553 994 αὐτοὺς
3605 931 3764 1000 μόνον

2087 1013 2486 1083 παρεθάρρυνε,
2521 1011 2631 1081 τῷ¹
2668 1010 2925 1080 θερισμὸν
2955 1008 3181 1063 καλέσαι
3221 1009 3321 1079 τὴν
3362 1010 3540 1062 αὐτῶν
3582 1009 3765 1062 διακο-

2084 1091 2227 1150 νίαν.
2261 1090 2398 1144 ἀλλά
2431 1091 2524 1143 καὶ
2550 1089 2629 1159 τῷ
2656 1090 2878 1157 ποιῆσαι
2904 1088 3162 1149 δυνατοὺς
3187 1086 3321 1157 πρὸς
3345 1089 3443 1158 τὴν
3465 1087 3758 1142 διακονίαν.

2085 1170 2189 1226 Καὶ
2231 1168 2821 1238 προσκαλεσάμενος,
2849 1167 3008 1237 φησὶ,
3036 1165 3180 1232 τοὺς
3226 1165 3456 1220 δώδεκα
3496 1165 3764 1236 μαθητὰς

2085 1248 2293 1310 αὐτοῦ,
2320 1248 2540 1303 ἔδωκεν
2568 1246 2773 1313 αὐτοῖς
2802 1245 3095 1310 ἐξουσίαν
3124 1244 3478 1314 πνευμάτων
3504 1244 3763 1312 άκαθάρο

2086 1346 2220 1392 των,
2262 1327 2417 1381 ὥστε
2448 1327 2770 1381 ἐκϐάλλειν
2810 1325 2983 1391 αὐτὰ,
3008 1325 3105 1379 καὶ
3160 1327 3511 1393 θεραπεύειν
3556 1323 3766 1379 πᾶσαν

2084 1409 2275 1461 νόσον
2303 1407 2402 1459 καί
2445 1405 2653 1459 πᾶσαν
2676 1403 3000 1473 μαλακίαν.
3038 1403 3228 1457 Καίτοι
3256 1402 3410 1456 οῡπω
3445 1398 3513 1474 ἦν
3540 1403 3765 1473 Πνεῦμα

2084 1486 2365 1557 δεδομένον
2384 1503 2399 1517 ο
2438 1486 2613 1539 Οὔπω
2640 1484 2752 1553 γὰρ
2782 1480 2881 1552 ἦν,
2914 1483 3070 1552 φησὶ,
3100 1482 3402 1551 Πνεῦμα¹,
3430 1482 3637 1549 ἐπειδὴ
3654 1483 3764 1548 ἰη-

2084 1566 2238 1631 σοῦς
2262 1565 2494 1619 οὐδέπω
2521 1562 2846 1629 ἐδοξάσθη.
2877 1561 3001 1624 Πῶς
3032 1558 3125 1613 οὖν
3155 1560 3435 1625 ἐξέϐαλλον
3455 1563 3475 1593 ³
3502 1560 3570 1614 τά
3599 1560 3764 1613 πνεύ-

2085 1659 2266 1712 ματα;
2312 1642 2445 1695 Ἀπὸ
2476 1642 2575 1709 τῆς
2606 1642 2873 1706 ἐπιταγῆς
2894 1639 2995 1708 τῆς
3017 1636 3205 1703 αὐτοῦ,
3236 1638 3344 1691 ἀπὸ
3370 1640 3467 1707 τῆς
3492 1638 3759 1703 ἐξουσίας.

2081 1722 2282 1775 Σκόπει
2312 1719 2364 1774 δέ
2407 1736 2497 1790 μοι
2543 1719 2634 1772 καὶ
2669 1717 2728 1770 τὸ
2764 1714 3020 1787 εὐκαιρον
3046 1715 3145 1787 τῆς
3176 1715 3498 1783 ἀποστολῆς.
3533 1717 3606 1768 Οὐ
3652 1716 3765 1786 γὰρ

2082 1802 2146 1854 ἐκ
2183 1799 2484 1871 προοιμίων
2516 1797 2714 1859 αὐτοὺς
2742 1794 3008 1865 ἐπεμψεν,
3032 1793 3146 1848 ἀλλ’
3168 1794 3255 1847 ὅτε
3275 1792 3486 1871 ⁸ἱκανῶς
3514 1793 3613 1863 τῆς
3634 1794 3763 1846 ἀκο-

2081 1868 2388 1949 λουθήσεως
2420 1873 2561 1948 ἦσαν
2614 1874 3066 1938 ἀπολελαυκότες,
3113 1874 3207 1927 καὶ
3247 1868 3384 1925 εἶδον
3430 1872 3523 1925 καλ¹
3570 1872 3765 1943 νεκρὸν

2081 1958 2390 2029 ἐγερθέντα,
2432 1956 2526 2009 καὶ
2573 1954 2844 2008 θάλατταν
2891 1952 3333 2022 ἐπιτιμηθεῖσαν,
3364 1951 3458 2003 καὶ
3503 1951 3762 2020 δαίμονας

2081 2036 2389 2098 ἐλαθέντας,
2408 2033 2501 2087 καὶ
2520 2032 2887 2104 παραλυτικὸν
2906 2029 3264 2099 σφιγένταδδ,
3283 2031 3375 2084 καὶ
3392 2031 3608 2102 ἀμαρτή
3618 2048 3761 2100 ματα

2080 2114 2330 2177 λυθέντα,
2366 2114 2457 2167 καὶ
2490 2113 2690 2183 λεπρὸν
2741 2112 3101 2182 καθαρθέντα,
3132 2112 3225 2165 καὶ
3271 2111 3547 2181 ἀρκοῦσαν
3594 2110 3758 2164 αὐτοῦ

2080 2194 2181 2263 τῆς
2234 2193 2515 2261 δυνάμεως
2559 2191 2749 2244 ἔλαϐον
2797 2190 3088 2254 ἀπόδειξιν,
3122 2192 3214 2243 καὶ
3242 2192 3307 2245 δι’
3340 2191 3515 2261 ἔργων
3550 2193 3643 2245 καὶ
3671 2189 3761 2245 διά

2080 2273 2273 2341 λόγων,
2318 2273 2437 2324 τότε
2470 2272 2666 2333 αὐτοὺς
2719 2270 2991 2339 ἐκπέμπει
3015 2285 3027 2298 °
3062 2271 3156 2324 καὶ
3197 2271 3296 2323 οὐκ
3328 2273 3407 2333 είς
3448 2270 3759 2324 ἐπικίνδυνα

2083 2353 2384 2422 πράγματα
2409 2351 2603 2420 (οὐδεὶς
2628 2350 2735 2421 7&9
2764 2352 2820 2403 ἐν
2851 2348 3181 2419 Παλαιστίνῃ
3210 2349 3346 2412 τέως
3378 2349 3619 2413 κίνδυνος
3643 2346 3754 2420 ἦν),

2080 2432 2215 2485 άλλά
2272 2432 2408 2500 πρὸς
2455 2429 2795 2499 κακηγορίας
2838 2429 2942 2481 ἔδει
2993 2428 3242 2481 ἵστασθαι
3276 2429 3454 2498 μόνον.
3490 2428 3635 2501 Πλὴν
3666 2431 3758 2481 καὶ

2081 2511 2237 2564 τοῦτο
2268 2512 2449 2573 αὐτοῖς
2474 2508 2747 2579 προλέγει,
2779 2509 2840 2561 τὸ
2873 2508 3000 2576 περὶ
3027 2507 3134 2559 τῶν
3163 2508 3443 2567 κινδύνων,
3467 2526 3759 2581 προπαρα-

2084 2591 2362 2656 σκευάζων
2391 2590 2589 2651 αὐτοὺς
2618 2590 2712 2641 καὶ
2759 2588 2866 2660 πρὸ
2908 2587 3003 2641 τοῦ
3053 2588 3269 2657 καιροῦ,
3308 2588 3401 2640 καὶ
3434 2589 3761 2657 ἐναγωνίους

2084 2670 2254 2725 ποιῶν
2285 2673 2350 2741 τῇ
2383 2672 2597 2739 συνεχεῖ
2623 2669 2750 2739 περὶ
2779 2667 2983 2721 τούτων
3014 2669 3335 2740 προρρήσει.
3370 2663 3526 2733 Εἶτα,
3571 2668 3757 2739 ἐπειδὴ

2081 2751 2174 2804 δύο
2194 2749 2450 2817 συζυγίας
2475 2744 2625 2801 εἶπεν
2653 2749 2784 2818 ἡμῖν
2807 2746 3140 2809 ἀποστόλων,
3166 2746 3262 2815 τὴν
3289 2748 3495 2818 Πέτρου
3518 2748 3611 2802 καὶ
3642 2748 3759 2801 Ἰω-

2082 2832 2261 2889 άννου,
2280 2829 2375 2882 καὶ
2406 2828 2522 2900 μετ’
2536 2827 2747 2889 ἐκείνας
2780 2828 2847 2857 ⁶’⁷
2863 2826 2955 2879 τὸν
2981 2825 3257 2879 Ματθαῖον
3282 2826 3446 2891 ἔδειξε
3470 2825 3756 2895 κληθέντα,

2086 2910 2213 2980 περὶ
2242 2908 2299 2962 δέ
2326 2908 2426 2977 τῆς
2450 2909 2556 2961 τῶν
2589 2906 2764 2960 ἄλλων
2787 2904 3098 2959 ἀποστόλων
3123 2905 3366 2974 κλήσεώς
3396 2922 3454 2958 τε
3477 2907 3570 2958 καὶ
3590 2921 3761 2976 προσ-

2083 2988 2313 3062 ηγορίας
2356 2986 2507 3039 οὐδὲν
2551 2986 2687 3055 ἡμῖν
2734 2984 3002 3062 διελέχθη,
3035 2983 3269 3037 ἐνταῦθα
3311 2985 3625 3053 ἀναγκαίως
3668 2984 3761 3037 τὸν

2083 3061 2382 3133 κατάλογον
2403 3062 2579 3117 αὐτῶν
2607 3063 2698 3115 καὶ
2719 3063 2808 3115 τὸν
2829 3061 3061 3132 ἀριθμὸν
3083 3062 3285 3131 τίθησι,
3316 3064 3410 3116 καὶ
3434 3063 3503 3115 τά
3522 3063 3761 3133 ὀνόματα

2082 3145 2220 3213 δῆλα
2266 3144 2429 3205 ποιεῖ,
2463 3142 2640 3207 λέγων
2690 3138 2865 3202 οὕτως
2888 3156 2902 3171 ο
2936 3137 3097 3191 Τῶν⁸
3127 3139 3357 3193 δώδεκα
3401 3141 3761 3194 ἀποστόλων

2084 3226 2157 3280 τὰ
2182 3224 2443 3289 ὀνόματά
2484 3224 2617 3275 ἐστι
2654 3220 2841 3274 ταῦτα
2860 3236 2874 3249 ·
2922 3217 3179 3286 Πρῶτος,
3216 3221 3412 3287 Σίμων
3450 3223 3483 3273 ό
3518 3220 3761 3289 λεγόμε-

2084 3320 2192 3368 νος
2223 3301 2460 3367 Πέτρος.
2496 3300 2607 3352 Καὶ
2641 3298 2749 3367 γὰρ
2776 3298 2961 3366 ἔτερος
2985 3297 3168 3365 Σίμων
3197 3293 3288 3367 ἦν,
3322 3300 3350 3351 ό
3382 3297 3720 3367 Κανανίτηςο
3742 3314 3757 3329 ο

2085 3382 2181 3434 καὶ
2226 3377 2423 3441 Ἰούδας
2452 3379 2482 3431 6
2524 3375 2894 3446 Ἰσκαριώτης,
2929 3374 3024 3426 καὶ
3058 3373 3255 3438 Ἰούδας
3284 3378 3313 3429 6
3347 3374 3637 3428 Ἰακώϐουο
3666 3375 3760 3429 καὶ

2097 3456 2351 3521 Ἰάκωϐος
2383 3458 2411 3510 6
2435 3454 2528 3508 τοῦ
2564 3454 2838 3521 Ἀλφαίου,
2863 3452 2957 3505 καὶ
2996 3452 3250 3516 Ἰάκωϐος
3282 3454 3310 3506 6
3336 3452 3427 3505 τοῦ
3452 3452 3757 3508 Ζεϐεδαίου.

2098 3539 2155 3593 Ὀ
2183 3536 2280 3608 μὲν
2312 3531 2404 3589 οὖν
2435 3534 2653 3605 Μάρκος
2676 3533 2769 3586 καὶ
2797 3531 2938 3586 κατὰ
2964 3530 3063 3603 τὴν
3082 3531 3125 3561 ¹⁶
3144 3529 3303 3595 ἀξίαν
3325 3531 3520 3594 αὐτοὺς
3543 3531 3725 3600 τίθησι
3741 3549 3755 3562 ·

2089 3616 2228 3688 μετά
2254 3615 2364 3688 7&9
2397 3615 2522 3676 τούς
2553 3610 2646 3664 δύο
2673 3612 3005 3681 κορυφαίους
3039 3611 3159 3663 τότε
3194 3610 3282 3664 τὸν
3324 3610 3575 3681 Ἀνδρέαν
3605 3611 3757 3681 ἀριθο

2089 3686 2210 3766 μεῖ·
2243 3686 2398 3756 οὗτος
2432 3692 2489 3744 δὲ
2522 3691 2618 3759 οὐχ
2656 3689 2850 3752 οὕτως.
2898 3688 3011 3743 ἀλλ’
3045 3689 3430 3761 ἀδιαφόρωςίί,
3468 3688 3666 3760 μᾶλλον
3703 3689 3757 3744 δέ

2086 3775 2180 3826 καὶ
2204 3773 2404 3842 Θωμᾶν
2432 3770 2523 3823 τὸν
2545 3770 2678 3822 πολύ
2706 3768 3123 3838 καταδεέστερον
3145 3767 3333 3820 ἑαυτού
3355 3768 3396 3800 ¹²
3419 3768 3755 3840 προτίθησιν.

2099 3853 2237 3906 Ἀλλ’
2269 3852 2465 3921 ἴδωμεν
2520 3848 2701 3902 αὐτῶν
2752 3847 2957 3900 ἀνωθεν
3006 3847 3097 3899 τὸν
3147 3848 3464 3914 κατάλογον.
3502 3846 3757 3914 Πρῶτος.

2086 3931 2284 3998 Σίμων
2308 3932 2340 3981 ό
2360 3928 2683 3997 λεγόμενος
2719 3924 2961 3990 Πέτρος,
2988 3926 3081 3977 καὶ
3124 3924 3391 3991 Ἀνδρέας
3425 3928 3457 3978 ὀ
3496 3926 3758 3994 ἀδελφὸς

2085 4007 2291 4062 αὑτοῦ.
2323 4006 2396 4059 Οὐ
2444 4005 2637 4075 μικρὸν
2667 4005 2761 4056 καὶ
2790 4001 2946 4055 τοῦτο
2969 4003 3012 4033 ⁸³
3043 4002 3341 4071 ἐγκώμιονο
3377 4003 3467 4057 τὴν
3514 4003 3612 4072 μὲν
3649 4003 3758 4075 γάρ

2086 4085 2194 4138 ἀπὸ
2222 4085 2322 4152 τῆς
2352 4083 2573 4154 ἀρετῆς,
2608 4082 2699 4135 τὸν
2725 4082 2781 4135 δὲ
2817 4079 2925 4134 ἀπὸ
2958 4079 3059 4148 τῆς
3103 4081 3376 4147 εὐγενείας
3398 4081 3440 4112 ’⁸
3472 4080 3568 4149 τῆς
3619 4083 3758 4135 κατά

2086 4165 2176 4219 τὸν
2201 4165 2396 4234 τρόπον
2421 4163 2720 4231 ὠνόμασεν.
2750 4157 2892 4214 Εἶτα
2932 4159 3203 4224 Ἰάκωϐος
3232 4163 3263 4211 ὀ
3288 4160 3395 4214 τοῦ
3419 4160 3755 4224 Ζεϐεδαίου,

2088 4243 2186 4297 καί
2228 4241 2500 4307 Ἰωάννης
2528 4244 2561 4295 ὀ
2580 4239 2841 4308 ἀδελφὸς
2863 4238 3069 4292 αὐτοῦ.
3090 4238 3250 4309 Ὁρᾷς
3275 4237 3391 4301 πῶς
3418 4241 3478 4291 οὐ
3502 4239 3641 4292 κατὰ
3658 4239 3758 4309 την

2087 4322 2244 4386 ἀξίαν
2291 4320 2535 4386 τίθησιν;
2582 4318 2736 4389 Ἐμοὶ
2784 4319 2893 4389 7&9
2943 4318 3091 4371 δοκεῖ
3132 4320 3160 4370 6
3196 4318 3446 4389 Ἰωάννης
3488 4319 3608 4388 οὐχὶ
3649 4319 3757 4371 τῶν

2087 4401 2261 4456 ἄλλων
2297 4399 2475 4469 μόνον,
2509 4397 2644 4451 ἀλλά
2690 4398 2783 4450 καὶ
2815 4396 2908 4451 τοῦ
2942 4396 3171 4465 ἀδελφοῦ
3206 4397 3406 4467 μείζων
3437 4395 3594 4451 εἶναι.
3625 4394 3759 4451 Εἶτα

2088 4477 2277 4542 εἰπὼν,
2299 4479 2596 4543 Φίλιππος
2613 4477 2713 4531 καί
2732 4476 3194 4546 Βαρθολομαῖος,
3220 4478 3466 4546 ἐπήγαγε
3488 4495 3503 4506 ⁸
3531 4478 3756 4547 Θωμᾶς.

2090 4555 2241 4628 [369]
2267 4556 2365 4610 καὶ
2397 4555 2695 4622 Ματθαῖος
2716 4559 2749 4611 ὁ
2777 4555 3061 4622 τελώνης.
3082 4556 3219 4609 Ἀλλ’
3247 4557 3343 4626 οὐχ
3370 4558 3398 4609 6
3427 4556 3639 4621 Λουκᾶς
3668 4557 3760 4609 οὖ-

2087 4653 2223 4701 τωςο
2250 4636 2364 4689 ἀλλ’
2385 4635 2774 4705 ἀντιστρόφως,
2800 4636 2894 4689 καὶ
2919 4635 3239 4706 προτίθησιν
3267 4636 3428 4688 αὐτὸν
3447 4635 3540 4689 τοῦ
3563 4635 3754 4705 Θωμᾶ.

2086 4712 2218 4770 Εἶτα
2263 4715 2517 4779 Ἰάκωϐος
2566 4718 2595 4768 6
2644 4714 2735 4768 τοῦ
2783 4714 3174 4784 ἈλφαίουΪΗν
3213 4714 3340 4784 7&9,
3370 4714 3445 4779 ώς
3475 4715 3645 4785 ἔφθην
3676 4717 3757 4769 εί-

2085 4794 2224 4858 πὼν,
2254 4794 2349 4848 καὶ
2380 4797 2408 4848 6
2437 4793 2531 4847 τοῦ
2580 4794 2884 4846 Ζεϐεδαίου.
2935 4789 3067 4845 Εἶτα
3127 4791 3297 4845 εἰπὼν
3346 4792 3611 4847 Λεϐϐαῖον
3660 4794 3757 4847 τδν

2082 4873 2441 4945 ἐπικληθέντα
2470 4870 2726 4925 Θαδδαῖον
2748 4872 2815 4933 ¹⁵,
2850 4872 2945 4923 καὶ
2989 4870 3208 4939 Σίμωνα
3250 4870 3344 4924 τὸν
3389 4869 3659 4942 ζηλωτὴν,
3696 4872 3759 4925 ὃν

2081 4953 2175 5005 καὶ
2204 4951 2506 5020 Κανανίτην
2528 4950 2700 5015 καλεῖ,
2737 4950 2829 5004 ἐπὶ
2849 4949 2940 5003 τὸν
2960 4949 3221 5020 προδότην
3258 4948 3476 5020 ἐρχεται
3494 4965 3509 4983 ο
3546 4952 3639 5004 καὶ
3655 4952 3756 5021 οὐχ

2082 5030 2156 5093 ώς
2204 5030 2394 5101 ἐχθρός
2425 5047 2507 5093 τις
2540 5032 2635 5083 καὶ
2668 5028 2945 5099 πολέμιος,
2987 5030 3099 5082 ἀλλ’
3125 5031 3200 5093 ὼς
3248 5030 3488 5101 ἱστορίαν
3528 5030 3756 5100 γράφων

2083 5108 2225 5162 οὕτω
2264 5109 2581 5179 διηγήσατο.
2615 5109 2729 5163 Οὐκ
2776 5104 3022 5175 sim-:va
3054 5107 3248 5179 μιαρὸς
3277 5109 3371 5161 καὶ
3412 5107 3754 5177 παμμίαρος,

2085 5188 2199 5241 ἀλλ’
2224 5187 2334 5241 ἀπὸ
2380 5187 2481 5258 τῆς
2508 5187 2718 5251 πόλεως
2752 5187 2912 5241 αὐτὸν
2946 5186 3222 5253 ἐκάλεσεν,
3241 5185 3461 5251 Ἰούδας
3492 5187 3526 5238 ὀ
3570 5186 3755 5239 Ἰσκα-

397 5329 446 5361 ⁸⁰
472 5328 699 5397 ἐπάγειν
727 5328 865 5386 Edd.
938 5330 983 5361 ⁹¹
1014 5328 1124 5453 ﬂag
1158 5328 1245 5399 εῐη
1278 5329 1341 5383 B.
1373 5331 1432 5384 D.
1460 5338 1513 5386 et
1541 5347 1627 5400 pr.
1664 5330 1724 5386 C.
1754 5330 1936 5387 exteri
1962 5332 1977 5384 ί

399 5398 454 5453 d.
542 5400 587 5431 "
614 5398 754 5453 ’Ἰναῖ
798 5400 922 5453 add.
947 5401 1055 5453 γὰρ
1124 5438 1140 5453 .
1217 5401 1263 5431 ’⁸
1282 5400 1429 5453 ὅσον]
1460 5403 1554 5453 καὶ
1583 5403 1707 5453 ὅσον
1733 5400 1799 5453 Ε.
1873 5402 1917 5434 ⁸⁷
1940 5400 1977 5453 δι

2107 5372 2110 5384 .
2186 5332 2233 5369 ⁸⁸
2264 5332 2385 5385 οὐδὲ
2415 5330 2551 5387 Edd.
2628 5332 2674 5364 ”
2703 5332 2866 5386 αὐτοῦ
2899 5334 3049 5388 deest
3090 5334 3142 5386 in
3178 5332 3316 5386 Edd.
3392 5330 3438 5363 “
3465 5329 3637 5402 ὅπως]
3667 5331 3755 5385 ἵνα

2108 5399 2268 5453 οὖντο
2302 5400 2435 5453 Edd.
2512 5402 2557 5434 ’⁸
2582 5402 2831 5453 δεήθητεῖ
2864 5404 2990 5453 add.
3016 5401 3110 5453 οὖν
3139 5401 3276 5453 Edd.
3354 5400 3399 5432 ”
3422 5400 3753 5453 λικμῶντοςἸ

542 5400 594 5472 ’ξ
614 5398 755 5472 Ἵνα]
798 5400 922 5455 add.
947 5398 1055 5472 γὰρ

319 5468 413 5522 Sic
446 5466 619 5539 A.7c.
654 5470 715 5526 E.
740 5466 808 5525 "et
855 5466 1000 5525 cori.
1026 5466 1110 5525 Ἰ).
1148 5466 1477 5539 ηυίοιιεειῐιιι
1524 5472 1790 5526 conmmit
1827 5470 1981 5525 Arm.

320 5542 336 5569 '
380 5537 789 5612 παρεθάρρυνεν
820 5539 983 5612 ἐντῷ
1030 5537 1246 5612 οοόίρεε
1293 5539 1589 5612 Εηιιέτε.
1663 5549 1687 5571 ’
1717 5539 1961 5612 Πνεῦμα]

1217 5401 1263 5431 ’⁸
1282 5400 1430 5470 ὅσον]
1460 5403 1554 5455 καὶ
1583 5403 1707 5455 ὅσον
1733 5400 1799 5456 Ε.
1873 5402 1917 5434 ⁸⁷
1940 5400 1990 5454 δι

1991 5399 2268 5526 ωργθοῦντο
2302 5400 2435 5457 Edd.
2512 5402 2557 5434 ’⁸
2582 5402 2831 5475 δεήθητε]
2864 5404 2990 5458 add.
3016 5401 3110 5456 οὖν
3139 5401 3276 5455 Edd.
3354 5400 3399 5432 ”
3422 5399 3753 5474 λικμῶντος]

2062 5472 2213 5543 Διιιίςρ
2266 5471 2537 5543 λικμῶνος
2595 5474 2897 5543 (ventilabri
2939 5471 3077 5543 Ge.)
3120 5486 3243 5543 quin;
3299 5471 3622 5543 v_ox__mllla_
3642 5479 3749 5543 est.

320 5542 336 5569 '
380 5541 789 5610 παρεθάρρυνεν
820 5542 879 5593 ἐν
906 5541 983 5610 τῷ
1030 5541 1246 5594 codices
1293 5550 1489 5609 prater
1524 5541 1589 5593 Ε.
1663 5549 1687 5571 ⁵
1717 5541 1961 5612 Πνεῦμα]
2009 5541 2134 5596 add.
2154 5541 2323 5610 ίάγιον
2363 5541 2505 5600 Edd.
2542 5545 2693 5595 ἐπειδ
2733 5542 2753 5614 ]
2790 5545 2872 5596 ὄτι
2925 5542 3056 5593 Edd.
3134 5541 3154 5568 ³
3184 5541 3276 5593 Sic
3310 5541 3373 5591 A.

315 5608 499 5689 επιετί
528 5592 803 5689 ἐξέϐαλον.
824 5609 948 5689 “ff
977 5609 1278 5689 σφιγγέντα
1305 5609 1365 5664 F.
1439 5610 1505 5689 ’ξ’
1535 5612 1651 5689 ἐκεί
1666 5627 1777 5674 μους
1954 5613 1977 5644 ⁸
1998 5610 2130 5689 τῶν]
2155 5612 2282 5667 add.
2602 5612 2648 5689 "
2669 5545 3193 5689 6h)e767_:.s_vo§__Kav.
3235 5608 3373 5689 Edg.

317 5610 499 5663 caeleri
532 5610 803 5672 ἐξέϐαλον.
878 5610 948 5641 δ”
980 5610 1278 5679 σφιγγέντα
1305 5610 1365 5664 F.
1439 5610 1505 5642 ⁶·⁷
1535 5612 1651 5664 ἐκεί
1666 5627 1777 5674 ρους
1814 5610 1879 5664 Α.
1950 5610 1977 5644 ³

317 5677 503 5765 8181‘an
527 5677 667 5765 Edd..
731 5681 781 5765 "‘
813 5680 927 5735 ἀλλ’
965 5677 1193 5765 ιίιιδιαφίι]¹
1216 5679 1307 5736 Sic
1323 5697 1445 5765 ἰιτεὶ
1459 5680 1523 5735 Α.
1552 5688 1611 5759 ει,
1634 5695 1777 5765 c_orr.
1818 5679 1879 5733 Β.
1903 5696 1977 5765 _p_r

2112 5610 2282 5735 }add.
2305 5612 2361 5665 δὲ
2393 5618 2457 5671 Α.
2489 5613 2549 5667 F.
2626 5612 2648 5643 ’
2669 5610 3022 5694 ὀλεγόμεγος
3058 5611 3193 5661 Καν.
3235 5610 3373 5664 Edd.

2107 5694 2261 5765 μεειο
2294 5680 2748 5765 ἀλλάδιαφόρως.
2782 5679 3272 5765 τεάλιηέιξενειιιες
3310 5677 3376 5759 ϐε

321 5746 679 5823 ἁπλῶς-κατά
700 5750 757 5803 τὸ
791 5746 1376 5823 παραπέσοντιρεοριί.
1408 5750 1480 5804 De
1508 5752 1778 5823 scriptura
1817 5746 1976 5823 90511].

2107 5746 2163 5805 ίθῖ
2196 5768 2397 5823 aqqeps
2423 5746 2689 5823 judiﬁéiu'm
2714 5760 2821 5823 est.
2857 5821 2865 5823 Α
2891 5753 2932 5781 ¹¹
2954 5746 3184 5823 Οοιιίυεβ
3213 5747 3401 5823 αὐτοῦ.

2595 5471 2897 5541 (υεηιίίιιῦνί
2939 5471 3077 5537 Ge.)
3120 5486 3243 5541 quin
3299 5471 3621 5541 yox__nlllla_
3642 5471 3749 5526 est.

3184 5538 3276 5593 Sic
3310 5540 3373 5591 Α.
3402 5538 3462 5592 Ε.
3490 5538 3551 5593 F.
3584 5539 3748 5596 Eulh.

2155 5612 2282 5667 add.
2305 5612 2361 5665 δὲ
2393 5618 2457 5671 Α.
2489 5613 2549 5667 F.
2626 5612 2648 5643 ’
2669 5615 2698 5665 6
2718 5611 3012 5680 λεγόμενος
3058 5611 3193 5661 Καν.
3235 5611 3373 5664 Edd.
3455 5611 3496 5640 “
3526 5611 3625 5682 τὴν
3653 5611 3751 5665 de—

2136 5694 2261 5751 gato
2294 5683 2430 5736 ἀλλά
2456 5680 2748 5751 διαφόρως.
2785 5682 2875 5735 sed
2910 5679 3271 5747 indifferenter
3310 5677 3407 5733 Ge.
3448 5679 3599 5734 Arm.
3635 5680 3752 5733 ἀλλ’

2136 5753 2156 5805 ’.
2196 5768 2397 5820 anceps
2423 5752 2689 5820 judicium
2714 5760 2821 5806 est.
2891 5753 2932 5781 "
2954 5749 3184 5820 Codices
3213 5747 3401 5820 αὐτοῦ.
3498 5751 3540 5782 ⁸⁸
3567 5747 3752 5820 τοῦτο]

2790 5545 2872 5596 ὄτι
2925 5542 3056 5593 Edd.

322 5816 446 5872 add.
478 5815 538 5872 τὸ
568 5818 702 5874 Edd.
781 5822 823 5853 “
853 5815 1167 5890 ἐυγγενείας
1190 5815 1327 5878 MOE.
1350 5822 1499 5877 Arm.
1534 5815 1843 5893 ὠνόμασεν]
1873 5820 1964 5877 Sic

2107 5825 2147 5879 I.
2172 5833 2225 5897 εἰ
2253 5815 2440 5880 Vei'ss:
2473 5820 2749 5879 Edebaxur
2772 5821 3051 5893 ἐπῄνεσεν.
3132 5818 3173 5851 ¹³
3207 5818 3296 5874 τὸν
3332 5822 3425 5874 καὶ
3455 5820 3582 5877 Θαδ.
3610 5815 3745 5876 ΞΜ.
