4010 6128
419 249 523 307 381

423 366 587 434 dixit,
632 363 1005 420 Exsecrandus
1047 364 1132 421 vel
1175 364 1607 429 seelestissimus,
1638 360 1732 416 sed
1772 375 1843 416 ex
1873 358 2005 414 urbe

430 465 605 531 ipsum
629 458 1048 529 cognominavit,
1080 459 1133 513 ι.
1162 456 1331 512 ludas
1366 454 1654 511 Iscariotes.
1688 452 1820 507 Erat
1862 451 2006 506 enim

428 552 565 605 alius
585 549 755 605 ludas
774 549 1053 615 Lebbteus,
1071 550 1160 620 qui
1182 546 1660 620 cognominabatur
1684 542 2006 605 Thaddzrns,

424 656 587 712 quem
626 640 808 697 Jacobi
839 656 961 696 esse
990 640 1155 695 ﬁlium
1185 640 1257 694 ait
1294 639 1464 694 Lucas
1488 638 1694 701 dicens,
1720 633 1887 688 ludas
1911 631 2010 685 Ja-

423 731 536 786 cobi
563 730 718 801 (Lac.
748 733 803 787 6.
836 731 951 802 16).
983 733 1065 787 Ab
1110 731 1213 786 hoc
1258 730 1417 801 igitur
1464 729 1610 783 illum
1653 725 2006 796 distinguens,

424 826 539 879 ait:
567 824 738 880 ludas
758 823 1048 887 [και-ὅσια.
1079 825 1167 895 qui
1200 822 1407 876 tradidit
1436 838 1568 875 eum.
1617 818 1800 890 Neque
1848 816 2009 886 pudet

424 916 601 986 ipsum
640 915 843 979 dicere,
873 914 971 983 Qui
1002 914 1231 984 prodidit
1270 914 1461 984 ipsum.
1502 910 1577 965 lla
1608 923 1894 978 numquam
1920 922 2006 972 ea,

424 1025 544 1076 quze
586 1007 955 1076 vituperabilia
984 1005 1298 1060 videbantur
1340 1018 1483 1067 esse,
1527 1000 2006 1072 praetermiserunt.

427 1097 644 1152 Primus
687 1098 926 1151 omnium
955 1105 1033 1151 est
1067 1095 1384 1166 coryphreus
1414 1094 1697 1149 illiteratus
1724 1100 1780 1146 et
1822 1090 2008 1145 idiota.

428 1187 533 1243 Sed
565 1188 839 1243 videamus
862 1203 969 1258 quo
996 1196 1051 1242 et
1082 1186 1146 1240 ad
1174 1201 1434 1255 quosnam
1466 1185 1639 1239 mittat
1678 1184 1795 1238 illos
1831 1181 2009 1237 Jesus.

430 1280 484 1335 5.
520 1280 627 1334 llos
657 1280 941 1344 duodecim,
972 1279 1162 1348 inquit,
1195 1278 1326 1331 misit
1366 1275 1537 1330 Jesus.
1569 1275 1839 1342 Quosuam
1875 1288 2010 1341 qua-

430 1372 613 1427 lesve?
661 1371 975 1435 Piscatores,
1025 1369 1382 1439 publicanos:
1424 1382 1545 1421 nam
1591 1375 1819 1436 quatuor
1860 1372 2014 1418 erant

430 1464 751 1534 piscatores,
781 1472 837 1518 et
880 1462 990 1517 duo
1032 1461 1323 1532 publicani,
1354 1459 1636 1514 Matthzeus
1657 1467 1714 1514 et
1742 1456 2010 1521 Jacobus;

430 1570 675 1625 mnusque
706 1553 964 1623 proditor.
999 1555 1065 1608 Et
1092 1552 1219 1624 quid
1253 1552 1359 1607 illis
1396 1552 1513 1606 ait?
1541 1550 1733 1606 Statim
1776 1550 2016 1620 praecipit

431 1643 516 1701 bis
545 1644 725 1701 verbis
756 1663 771 1699 :
804 1642 870 1698 In
898 1644 1029 1697 riam
1069 1643 1293 1715 gentium
1326 1659 1389 1697 ne
1413 1642 1654 1706 abieritis,
1682 1651 1729 1695 et
1753 1642 1807 1695 in
1832 1642 2012 1695 ciuita-

432 1746 532 1790 tem
560 1735 1002 1790 Samaritanorum
1044 1751 1106 1789 ne
1134 1734 1437 1789 intraveritis
1466 1749 1485 1787 :
1526 1734 1578 1787 6.
1620 1732 1711 1788 sed
1757 1732 1923 1801 potius
1949 1733 2018 1787 ite

431 1828 501 1881 ad
540 1842 656 1881 oves
695 1841 811 1896 qua:
852 1827 1109 1896 petierunt
1135 1827 1313 1880 domas
1358 1823 1542 1878 Israrl.
1573 1823 1651 1878 Ne
1679 1823 1895 1894 putetis,
1931 1823 2015 1877 in-

430 1916 569 1988 quit,
607 1915 729 1985 quia
779 1916 910 1969 mihi
958 1916 1349 1982 conviciantur,
1389 1924 1445 1970 et
1488 1913 1875 1969 daemoniacum
1923 1927 2018 1967 vo-

432 2014 580 2072 cant,
609 2020 696 2061 me
723 2004 843 2060 ideo
868 2004 994 2060 illos
1016 2005 1142 2059 odio
1174 2004 1372 2060 habere
1398 2013 1454 2060 et
1487 2005 1721 2059 aversari
1753 2005 1854 2075 (a).
1886 2003 2017 2058 Nam

435 2099 642 2172 priores
667 2098 786 2153 illos
812 2097 1103 2153 emendare
1124 2097 1326 2163 studui,
1345 2107 1400 2153 et
1419 2112 1515 2151 vos
1538 2098 1608 2151 ab
1632 2096 1752 2151 aliis
1771 2095 2020 2151 omnibus

433 2192 652 2245 abactos
680 2190 748 2245 ad
791 2191 913 2245 illos
951 2191 1105 2244 mitto
1144 2190 1395 2244 doctores
1431 2203 1495 2243 ac
1538 2188 1794 2243 medicos.
1835 2187 2021 2258 Neque

435 2281 595 2337 modo
622 2290 743 2335 veto
771 2296 839 2336 ne
858 2281 977 2335 aliis
997 2289 1122 2336 ante
1148 2279 1270 2333 illos
1299 2278 1638 2348 praedicetur,
1659 2277 1753 2332 sed
1785 2293 1855 2332 ne
1879 2278 2019 2331 viam

437 2374 651 2442 quidem
697 2373 965 2443 attingere
1007 2388 1126 2441 qua:
1170 2371 1277 2426 alio
1312 2370 1497 2436 ducat,
1524 2384 1623 2425 nec
1666 2370 1717 2424 in
1750 2370 2019 2425 civitatem

443 2465 621 2519 illam‘
650 2465 850 2519 intrare
880 2463 1151 2533 permitto.

506 2559 561 2611 Α.
590 2556 905 2612 Samaritani
955 2555 1097 2611 enim
1139 2554 1445 2611 Judaeorum
1495 2563 1648 2609 erant
1684 2553 1975 2609 adversarii
2006 2571 2019 2606 :

438 2659 671 2704 attamen
699 2648 901 2703 facilior
939 2656 1057 2702 erat
1099 2647 1167 2703 ibi
1201 2646 1541 2716 praedicatio;
1588 2646 1757 2701 multo
1783 2646 1923 2700 enim
1956 2645 2021 2699 ad

442 2738 599 2794 ﬁdem
626 2737 1020 2809 suscipiendam
1051 2739 1343 2807 paratiores
1371 2746 1525 2793 erant
1553 2755 1566 2791 :
1597 2737 1650 2791 hi
1680 2751 1810 2792 vero
1836 2736 2021 2791 durio-

442 2848 567 2898 res;
595 2844 958 2887 verumtamen
983 2832 1050 2886 ad
1078 2830 1375 2886 difﬁciliora
1406 2830 1565 2885 mittit
1589 2830 1738 2895 illos,
1768 2830 1845 2884 sic
1875 2844 2024 2884 suam

440 2939 566 2995 erga
594 2922 711 2978 illos
741 2923 1124 2993 providentiam
1151 2921 1440 2977 ostendens
1465 2962 1481 2988 ,
1509 2935 1573 2975 ac
1594 2920 1901 2976 Iudaeorum
1932 2934 2025 2973 ora

440 3013 691 3079 claudens
712 3054 729 3079 ,
755 3022 919 3084 atque
939 3012 1005 3068 ad
1037 3013 1401 3084 apostolorum
1425 3011 1860 3084 praedicationem
1888 3012 2025 3065 viam

442 3123 636 3178 parans
660 3149 675 3170 .
705 3124 772 3163 ne
794 3122 979 3162 rursus
1010 3117 1325 3162 accusarent
1346 3147 1361 3172 ,
1392 3106 1536 3176 quod
1579 3106 1644 3160 ad
1672 3105 1923 3175 Assyrios
1949 3105 2029 3158 in-

441 3203 783 3259 circumcisus
812 3201 1039 3271 ingressi
1068 3210 1285 3265 essent,
1314 3207 1367 3253 et
1389 3200 1586 3268 justam
1609 3197 1918 3252 viderentur
1938 3197 2033 3249 lia-

443 3294 572 3349 bere
607 3306 823 3348 causam
873 3291 1016 3360 ipsos
1051 3289 1283 3360 fugiendi
1330 3298 1385 3344 et
1412 3289 1712 3344 aversandi.
1747 3288 1895 3357 Ipsos
1933 3303 2030 3341 au-

446 3393 551 3439 tem
578 3396 706 3436 oves
727 3380 960 3452 perditas
989 3390 1173 3445 vocat,
1198 3395 1304 3434 non
1330 3395 1450 3451 qua:
1479 3378 1654 3449 fugam
1676 3378 2028 3448 Susceperint,

445 3477 683 3545 undique
710 3475 815 3529 illis
844 3475 1012 3530 venia:
1048 3473 1267 3529 modum
1309 3472 1655 3542 excogitatas,
1691 3471 2033 3541 ipsorumque

445 3568 655 3623 animos
683 3565 1032 3636 pertrahens,
1060 3579 1125 3620 ac
1158 3564 1343 3621 dicens
1368 3582 1381 3618 :
1408 3564 1459 3618 7.
1493 3562 1685 3618 Euntes
1724 3564 2029 3633 praedicare,

446 3660 682 3731 quoniam
707 3657 1130 3729 appropinquavit
1176 3673 1387 3728 regnum
1417 3656 1675 3710 calorum.
1716 3656 1901 3710 Vidcn‘
1928 3656 2030 3708 mi—

448 3752 652 3808 nisterii
702 3749 1154 3822 magnitudinem?
1183 3749 1357 3804 viden'
1402 3748 1763 3818 apostolorum
1799 3747 2030 3817 dignita—

449 3843 598 3897 tem?
628 3840 768 3896 Nihil
802 3842 999 3896 sensile
1023 3841 1278 3909 jubentur
1300 3839 1508 3905 dicere;
1537 3854 1636 3895 nec
1660 3839 1797 3894 sicut
1823 3839 2033 3910 Moyses

448 3946 501 3991 et
527 3934 798 4006 proldieta:
820 3934 1178 4004 priores;sed
1231 3947 1368 3987 nova
1410 3933 1655 4003 quautam
1684 3941 1737 3987 et
1783 3932 2033 4002 inexspe-

448 4035 605 4081 ctata.
631 4025 812 4096 Neque
834 4024 977 4079 enim
1002 4024 1122 4077 talia
1152 4023 1250 4093 ipsi
1275 4023 1660 4092 praedicabant,
1690 4022 1784 4077 sed
1812 4033 2030 4086 terram,

450 4126 505 4173 et
532 4128 741 4172 terrena
769 4115 905 4170 bona
938 4133 954 4168 :
990 4115 1040 4169 hi
1070 4123 1248 4169 autem
1271 4129 1491 4185 regnum
1523 4116 1775 4169 caelorum
1795 4156 1811 4181 ,
1840 4123 1889 4169 et
1915 4129 2035 4183 qua:

452 4208 522 4263 ibi
542 4217 666 4262 sunt
693 4207 892 4262 omnia.
930 4205 1114 4278 Neque
1157 4205 1280 4261 inde
1308 4206 1485 4261 solum
1518 4205 1569 4260 bi
1617 4206 1848 4276 majores
1873 4215 2031 4271 sunt,

451 4297 547 4354 sed
572 4299 729 4353 etiam
759 4313 826 4355 ex
869 4296 1190 4354 obalientia.
1222 4295 1405 4367 Neque
1444 4296 1585 4351 enim
1625 4305 1908 4364 recusant,
1937 4312 2032 4351 ne-

452 4406 555 4462 que
582 4398 897 4446 cunctantur
938 4389 1078 4445 sicut
1105 4396 1315 4445 veteres
1341 4388 1412 4443 illi
1438 4390 1459 4420 ²
1488 4406 1501 4443 :
1531 4387 1623 4443 sed
1653 4388 1860 4444 etiamsi
1891 4388 2033 4457 peri-

452 4484 568 4537 cula
594 4524 610 4549 ,
651 4482 789 4538 bella
817 4492 873 4537 et
900 4480 1251 4537 intolerabilia
1284 4480 1421 4535 mala
1448 4480 1695 4545 audiant,
1722 4494 1842 4534 cum
1874 4480 2033 4536 obse-

452 4577 666 4646 quentia
695 4576 858 4630 multa
904 4576 1158 4645 imperata
1199 4574 1530 4644 suscipiunt,
1556 4583 1738 4643 utpote
1765 4574 1854 4643 qui
1886 4574 2030 4643 regni

454 4667 560 4719 sint
587 4679 881 4735 praecones.
914 4664 982 4719 Et
1008 4665 1135 4736 quid
1169 4665 1360 4719 mirum
1382 4707 1397 4732 ,
1430 4665 1636 4735 inquies
1656 4708 1669 4730 ,
1702 4666 1745 4719 si
1777 4665 1905 4719 nihil
1937 4664 2034 4718 titt-

455 4774 573 4814 rum
603 4767 659 4813 et
682 4772 929 4827 asperum
953 4757 1285 4827 prtrdicaturi
1308 4799 1323 4823 ,
1348 4757 1525 4812 subito
1546 4757 1872 4827 paruerunt?
1894 4756 2031 4823 Quid

456 4847 629 4905 dicis?
659 4847 791 4902 nibil
819 4847 1011 4903 durum
1045 4847 1334 4916 praedicare
1361 4848 1496 4917 iussi
1545 4848 1703 4903 sunt?
1730 4862 1834 4901 non
1884 4848 2033 4901 audis

455 4953 702 4994 carceres
724 4980 740 5001 .
767 4937 1112 4993 abductioues
1132 4937 1197 4991 ad
1229 4948 1455 4992 mortem
1476 4979 1492 5005 ,
1521 4938 1656 4993 bella
1677 4938 1854 4994 civilia
1877 4975 1891 5000 ,
1918 4937 2037 4992 uni-

451 5045 734 5087 versorum
754 5028 955 5094 odium,
978 5044 1097 5099 qua:
1125 5030 1302 5083 omnia
1317 5027 1445 5098 ipsis
1463 5028 1621 5099 paulo
1643 5035 1763 5098 post
1781 5037 2034 5083 eventura

456 5139 577 5179 esse
604 5121 854 5177 dicebat?
899 5120 1022 5175 Illos
1046 5135 1275 5190 namque
1305 5120 1466 5174 mittit
1502 5134 1805 5189 praecones,
1836 5131 1892 5175 ut
1917 5120 2036 5178 aliis

459 5231 735 5271 innumera
784 5214 920 5268 bona
969 5212 1292 5277 concilient;
1336 5212 1455 5267 illos
1500 5228 1629 5269 vero
1680 5213 2033 5270 intotcrabilia

459 5297 595 5353 mala
629 5308 882 5367 passuros
910 5311 1030 5355 esse
1053 5298 1181 5354 dicit
1209 5306 1263 5353 et
1291 5301 1630 5367 prmnuntiat.
1664 5302 1864 5359 Deinde
1890 5311 1945 5356 ut
1973 5298 2033 5354 il-

516 5392 533 5423 ¹
570 5390 672 5443 Alii.
700 5388 750 5439 in
768 5384 1003 5438 civitatem
1025 5384 1450 5436 Samaritanorwn.

518 5452 539 5483 ²
572 5450 754 5510 Morel.,
771 5449 895 5501 sicut
913 5446 1095 5499 caeteri.

515 5515 587 5581 ta)
620 5509 758 5581 Apud
781 5510 1312 5581 storel._verb_a_textus
1332 5509 1478 5581 βαξρί
1502 5522 1611 5572 qua:
1642 5513 1939 5581 respondent
1957 5513 2034 5562 his

452 5568 651 5625 vocibus
666 5568 851 5629 latinis.
874 5570 988 5633 quia
1018 5568 1141 5621 mihi
1161 5568 1585 5633 contaminati...
1627 5568 1740 5622 odio
1777 5573 1953 5623 habere
1983 5580 2030 5624 et

452 5635 686 5691 aversari.
709 5633 843 5698 lapsu
866 5632 1097 5698 graphice
1118 5632 1420 5698 exciderant.
1445 5633 1535 5680 Sed
1561 5635 1607 5681 in
1648 5633 1755 5684 aliis
1776 5647 1937 5697 exeml
1959 5635 2029 5684 la-

457 5700 589 5747 ribus
613 5694 944 5757 habenturfct
962 5694 1024 5744 ad
1046 5695 1227 5745 seriem
1248 5696 1577 5756 requiruntur.

1371 243 1438 301 IN
1476 243 1885 302 MATTIIAEUM
1927 238 2157 298 ιιοωι.
2199 232 2413 299 XXXII.
2453 246 2526 303 al.
2564 246 2805 305 XXXIII.

2115 351 2197 406 los
2211 350 2315 408 ﬁde
2332 353 2522 424 dignos
2538 356 2744 423 reddat,
2764 357 2838 414 ait
2862 375 2877 413 :
2900 357 2954 416 8.
2988 358 3229 431 Inﬁrmus
3248 375 3440 435 curate,
3469 369 3694 439 lepmsos

2113 444 2348 498 mandate
2366 446 2381 475 ‘
2391 486 2407 509 ,
2427 445 2679 501 dmonia
2692 450 2856 520 ejicite
2871 466 2890 504 :
2905 453 3063 522 gratis
3077 457 3361 526 accepistis,
3380 463 3535 529 gratis
3554 459 3689 514 datr.

2111 531 2243 588 Vide
2267 537 2536 606 quomodo
2564 554 2773 595 morum
2802 556 2984 596 curam
3014 542 3210 601 habeat
3230 588 3245 612 ,
3286 550 3508 618 perinde
3530 559 3693 621 atque

2107 623 2381 695 signorum
2408 669 2423 693 ,
2453 630 2742 686 ostendens
2768 632 2915 702 signa
2941 634 3059 689 sine
3103 638 3339 692 moribus
3367 640 3497 695 nihil
3548 658 3689 698 esse.

2108 714 2242 771 Nam
2292 733 2361 773 ne
2413 719 2577 774 altum
2651 723 2905 791 sapiant,
2959 728 3102 795 ipsos
3150 730 3395 796 reprimit
3458 730 3689 787 dicens:

2110 805 2280 862 Gratis
2307 811 2571 879 accepistis
2592 852 2608 878 ,
2635 814 2791 883 gratis
2818 814 2966 880 date;
2993 824 3047 870 et
3074 825 3130 871 ut
3154 817 3222 872 ab
3242 834 3424 875 amore
3453 824 3693 890 pecunia:

2108 897 2431 966 abstineant,
2462 903 2723 972 providet.
2750 905 2953 962 Deinde
2980 924 3045 961 ne
3075 918 3388 978 putarentur
3410 912 3524 969 lucc
3546 923 3690 971 tanta

2108 1005 2269 1061 opera
2295 994 2363 1045 ab
2389 994 2494 1048 illis
2523 995 2821 1064 proﬁcisci,
2854 1014 2987 1054 neve
3019 1001 3086 1056 de
3126 1002 3290 1071 signis
3318 1007 3691 1076 superbirent,

2107 1084 2179 1136 ait
2207 1098 2221 1135 :
2251 1083 2420 1139 Gratis
2456 1088 2737 1157 accepistis.
2764 1089 2905 1145 Nihil
2932 1091 3193 1161 largimini
3225 1095 3290 1150 iis
3315 1098 3405 1165 qui
3431 1113 3526 1153 vos
3551 1101 3695 1156 reci-

2110 1175 2260 1245 piunt
2289 1195 2303 1231 :
2334 1193 2507 1247 neque
2560 1180 2701 1234 enim
2756 1182 2809 1235 in
2841 1184 3144 1239 mercedem
3174 1186 3254 1240 vel
3304 1202 3400 1255 pro
3421 1188 3694 1248 laboribus

2110 1268 2195 1321 illa
2226 1269 2507 1338 accepistis
2537 1288 2551 1325 :
2580 1287 2695 1326 mea
2721 1274 2917 1344 quippe
2946 1283 3028 1329 est
3055 1278 3244 1346 gratia.
3278 1278 3478 1335 Eodem
3516 1282 3693 1351 itaque

2110 1363 2269 1417 modo
2315 1363 2420 1418 illis
2462 1363 2624 1419 date:
2652 1381 2825 1436 neque
2852 1367 2993 1422 enim
3047 1369 3366 1440 condignum
3419 1373 3547 1441 ipsis
3575 1391 3695 1443 pre-

2112 1454 2240 1509 tium
2272 1456 2509 1526 reperire
2536 1467 2639 1512 est.
2685 1457 2887 1513 Deinde
2934 1461 3195 1516 malorum
3249 1464 3481 1521 radicem
3511 1468 3690 1522 statim

2108 1548 2377 1616 evelleus,
2412 1549 2487 1603 ait
2515 1570 2529 1604 :
2558 1549 2611 1605 9.
2644 1549 2818 1606 Nolite
2845 1552 3102 1622 possidere
3142 1571 3323 1608 aurum
3346 1598 3361 1620 ,
3413 1575 3570 1626 neque
3606 1576 3695 1614 ar-

2107 1647 2312 1709 gentum
2344 1680 2359 1704 ,
2402 1656 2563 1708 neque
2600 1642 2862 1710 pecuniam
2911 1644 2963 1697 in
3009 1660 3152 1699 zonis
3192 1647 3402 1711 vestris,
3449 1650 3536 1704 10.
3591 1667 3694 1706 non

2110 1746 2281 1799 peram
2308 1730 2377 1784 ad
2409 1731 2563 1798 uiam,
2592 1747 2750 1802 neque
2768 1732 2896 1786 duas
2922 1735 3136 1801 tunicas,
3158 1753 3315 1806 neque
3333 1739 3693 1806 calceamenta,

2109 1837 2270 1890 neque
2293 1822 2505 1893 uirgam.
2527 1821 2642 1877 Non
2667 1823 2822 1889 dixit,
2848 1822 2962 1880 Non
2985 1826 3260 1894 accipiatis
3284 1828 3581 1895 vobiscum;
3600 1832 3694 1886 sed

2109 1913 2319 1969 etiamsi
2345 1913 2562 1969 aliunde
2587 1915 2760 1984 possis
2785 1916 3046 1986 accipere,
3066 1916 3187 1987 fuge
3206 1917 3402 1971 malum
3426 1921 3687 1977 morbum.

2111 2002 2223 2057 lloc
2245 2003 2388 2058 enim
2416 2014 2687 2075 pra~cepto
2713 2004 2878 2059 multa
2920 2006 3196 2060 commoda
3237 2008 3510 2064 obtinebat
3536 2026 3552 2063 :
3581 2014 3694 2082 pri-

2112 2107 2221 2156 mo,
2254 2102 2313 2147 ut
2337 2094 2479 2148 nulla
2508 2094 2578 2149 sit
2603 2096 2671 2151 de
2693 2095 2969 2165 discipulis
2998 2098 3259 2166 suspicio;
3288 2100 3527 2154 secundo
3547 2142 3563 2166 ,
3590 2102 3696 2157 illis

2116 2195 2304 2237 curam
2324 2194 2540 2236 omnem
2564 2180 2773 2245 adimit,
2793 2181 2863 2235 ita
2882 2190 2941 2236 ut
2964 2181 3135 2237 otium
3148 2197 3312 2241 omne
3326 2185 3379 2241 in
3394 2189 3692 2257 pnediean-

2116 2272 2188 2323 do
2224 2271 2393 2326 verbo
2435 2279 2790 2334 consumant;
2827 2270 3005 2334 tertio,
3030 2285 3182 2324 suam
3220 2272 3337 2328 illos
3366 2286 3686 2343 potestatem

2111 2365 2289 2421 docet.
2320 2367 2432 2421 lloc
2456 2368 2617 2422 etiam
2649 2380 2835 2438 postea
2867 2368 2994 2423 dicit
3037 2370 3140 2423 illis
3170 2387 3183 2421 :
3217 2370 3349 2424 Num
3378 2371 3503 2440 quid
3530 2372 3697 2427 dvt'uit

2114 2458 2289 2523 vobis,
2316 2459 2531 2529 quando
2556 2476 2653 2516 vos
2686 2461 2805 2516 misi
2855 2461 3027 2516 nudos
3070 2472 3122 2516 et
3167 2463 3284 2518 sine
3323 2464 3562 2519 calceis?
3586 2465 3696 2523 Ne-

2113 2566 2217 2619 que
2245 2551 2423 2605 statim
2477 2552 2644 2620 dicit,
2703 2552 2877 2607 Nolite
2941 2554 3235 2624 possidere;
3277 2556 3369 2610 sed
3418 2565 3695 2627 postquam

2114 2644 2287 2699 dixit:
2332 2644 2583 2715 Leprosos
2612 2648 2883 2714 mandate,
2911 2648 3161 2702 «immania
3208 2650 3404 2721 ejicite,
3456 2660 3581 2706 tunc
3624 2652 3696 2706 ita

2117 2736 2351 2805 loquitur
2372 2777 2388 2802 ,
2433 2736 2610 2791 Nolite
2645 2739 2940 2807 possidere;
2970 2750 3129 2810 atque
3160 2741 3378 2810 adjicit,
3410 2739 3582 2795 Gratis
3608 2759 3697 2797 ac-

2116 2828 2318 2897 cepistis
2343 2870 2359 2894 ,
2387 2829 2545 2899 gratis
2568 2829 2723 2896 date;
2755 2830 2988 2900 ipsisque
3018 2832 3233 2901 etquod
3279 2842 3697 2887 consentaneum

2114 2921 2418 2993 decensque
2440 2931 2576 2989 erat,
2597 2932 2647 2978 et
2677 2923 2818 2993 quod
2851 2923 3100 2993 possibile
3144 2926 3317 2995 reipsa
3350 2926 3551 2981 tribuit.
3593 2925 3698 2982 Sed

2115 3013 2308 3068 dixerit
2341 3014 2477 3070 forte
2504 3016 2799 3086 quispiam,
2833 3024 3026 3070 cratera
3057 3017 3269 3087 quidem
3320 3020 3513 3075 rationi
3561 3035 3692 3075 con-

2116 3114 2369 3160 sentanea
2414 3120 2573 3169 esse,
2602 3105 2695 3160 sed
2747 3120 2852 3159 non
2896 3121 3077 3176 peram
3123 3106 3173 3161 in
3203 3110 3285 3161 via
3336 3108 3564 3175 habere,
3593 3127 3699 3166 non

2117 3196 2248 3249 duas
2276 3196 2500 3260 tunicas,
2530 3211 2635 3249 non
2663 3196 2885 3266 virgam,
2917 3212 3021 3250 non
3047 3197 3404 3252 calceamenta
3434 3216 3530 3255 cur
3561 3217 3702 3269 pra:—

2116 3288 2300 3357 cepit‘!
2338 3286 2406 3343 Ut
2436 3288 2555 3343 illos
2584 3288 2650 3342 ad
2685 3299 2989 3343 accuratam
3038 3290 3159 3344 vita:
3198 3293 3456 3347 rationem
3482 3294 3702 3348 omnino

2118 3389 2398 3435 exerceret
2426 3398 2439 3433 :
2473 3380 2733 3450 siquidem
2760 3380 3005 3449 superius
3030 3396 3098 3436 ne
3122 3381 3190 3438 de
3215 3385 3455 3453 sequenti
3484 3386 3699 3455 quidem

2117 3469 2207 3525 die
2230 3485 2417 3525 curare
2443 3468 2704 3541 permisit.
2728 3469 2858 3524 Nam
2881 3470 2997 3525 orbi
3018 3471 3263 3528 doctores
3285 3472 3542 3528 missurus
3564 3484 3699 3536 erat,

2120 3563 2348 3633 ideoque
2373 3580 2437 3619 ex
2466 3563 2771 3618 hominibus
2798 3564 3015 3633 angelos
3035 3607 3053 3633 ,
3086 3574 3143 3620 ut
3170 3566 3240 3620 ita
3270 3565 3443 3621 dicam
3468 3609 3484 3633 ,
3516 3566 3697 3632 efﬁcit,

2119 3654 2187 3709 ab
2201 3655 2347 3709 omni
2363 3656 2485 3710 vita:
2500 3669 2626 3709 cura
2646 3655 2877 3719 solvens,
2899 3664 2954 3711 ut
2978 3672 3135 3711 unam
3156 3657 3227 3711 illi
3244 3656 3539 3713 doctrinam
3561 3674 3705 3713 cura-

2120 3755 2276 3802 rent:
2306 3746 2413 3799 imo
2440 3755 2494 3801 et
2539 3746 2638 3800 hac
2682 3746 2800 3800 illos
2838 3760 2966 3800 cura
3017 3748 3242 3814 liberat,
3281 3748 3465 3805 dicens
3491 3768 3505 3804 :
3531 3748 3705 3806 Nolite

2121 3838 2338 3907 cogitare
2361 3838 2609 3905 quomodo
2637 3847 2725 3890 aut
2768 3836 2891 3909 quid
2927 3837 3205 3906 loquamini
3235 3838 3448 3906 (Matth.
3469 3840 3556 3896 ιθ.
3589 3842 3700 3912 l9).

2124 3926 2198 3982 Ita
2225 3936 2281 3981 ut
2309 3928 2451 3997 quod
2481 3927 2691 3982 videtur
2715 3927 2908 3983 durum
2934 3943 3330 3998 onerosnmque
3357 3944 3496 3994 esse,
3521 3930 3569 3984 id
3599 3931 3705 3985 illis

2123 4020 2278 4076 facile
2317 4020 2731 4091 expeditumque
2776 4020 2864 4073 sit.
2911 4018 3050 4073 Nibil
3080 4020 3222 4074 enim
3270 4019 3705 4088 tranquillitatem

2122 4113 2285 4168 animi
2331 4113 2498 4183 magis
2538 4113 2714 4182 parit,
2747 4126 2906 4181 quam
2951 4125 2981 4164 a
3027 4125 3153 4166 cura
3200 4109 3447 4176 liberari;
3479 4112 3710 4167 maxime

2122 4221 2243 4261 cum
2266 4206 2364 4260 hac
2386 4206 2615 4270 liberati,
2639 4212 2855 4274 possent
2876 4203 3022 4257 nullo
3042 4217 3175 4273 opus
3200 4201 3416 4269 habere,
3440 4202 3551 4258 Deo
3572 4218 3709 4271 pra:-

2124 4306 2277 4353 sente
2299 4338 2316 4363 ,
2346 4296 2434 4366 qui
2467 4297 2704 4350 omnimn
2731 4296 2846 4350 vice
2882 4294 3011 4365 ipsis
3036 4309 3157 4349 esse
3196 4294 3384 4363 possit.
3416 4292 3616 4348 Deinde
3642 4308 3711 4347 ne

2125 4388 2336 4452 dicent,
2372 4386 2522 4442 Unde
2553 4402 2681 4457 ergo
2710 4387 3017 4441 necessario
3046 4383 3169 4440 cibo
3198 4385 3475 4439 fruemur?
3502 4399 3608 4438 non
3628 4384 3713 4438 di-

2123 4481 2196 4535 cit
2225 4480 2331 4535 illis
2362 4496 2375 4533 :
2400 4479 2633 4534 Audistis
2660 4479 2781 4545 quia
2803 4478 2912 4533 dixi
2940 4478 3091 4532 vobis
3122 4477 3264 4547 prius
3295 4492 3310 4530 :
3343 4476 3594 4545 Respicite
3620 4494 3710 4530 uo—

2127 4576 2287 4630 latilia
2313 4575 2422 4629 ca-li
2448 4572 2658 4643 (Matth.
2688 4573 2740 4627 6.
2765 4572 2857 4642 26)
2911 4571 3144 4627 nondum
3166 4570 3307 4625 enim
3336 4578 3579 4639 poterant
3608 4570 3713 4624 tale

2128 4677 2449 4739 praeceptum
2481 4666 2735 4735 Operibus
2762 4663 3052 4729 exhibere,
3097 4662 3190 4717 sed
3222 4661 3323 4717 hoc
3352 4662 3507 4731 longe
3534 4662 3711 4718 minus

2130 4761 2337 4816 induxit
2380 4778 2394 4814 :
2442 4759 2640 4830 Dignus
2677 4769 2749 4812 est
2798 4758 3060 4829 aperarius
3104 4755 3216 4809 cibo
3256 4771 3350 4808 suo
3385 4771 3405 4809 :
3432 4754 3713 4811 declarans

2131 4852 2275 4923 ipsos
2303 4869 2331 4905 a
2364 4852 2637 4922 discipulis
2663 4866 2784 4906 esse
2830 4849 3084 4913 alendus,
3117 4858 3173 4903 ut
3218 4864 3285 4904 ne
3315 4848 3410 4918 ipsi
3451 4849 3713 4905 adversus

2130 4942 2419 5015 discipulos
2459 4943 2623 4997 altum
2651 4949 2934 5011 saperent,
2975 4940 3126 5010 quasi
3170 4938 3347 4994 omnia
3376 4939 3674 5009 praebentes
3695 4981 3711 5003 ,

2132 5036 2368 5106 nihilque
2406 5034 2731 5103 accipientes
2758 5031 2826 5086 ab
2855 5031 2990 5098 illis;
3021 5045 3194 5102 neque
3242 5029 3489 5103 discipuli
3530 5030 3708 5086 disce-

2131 5128 2317 5183 derent
2340 5126 2408 5182 ab
2439 5127 2540 5181 illis
2566 5123 2826 5194 despecti.

2200 5223 2255 5276 5.
2287 5217 2487 5275 Deinde
2512 5260 2527 5284 ,
2557 5232 2624 5272 ne
2652 5218 2896 5272 dicerent
2927 5234 2942 5271 :
2973 5216 3113 5287 Ergo
3143 5231 3243 5271 nos
3273 5230 3369 5286 pro
3397 5213 3534 5265 victu
3563 5226 3709 5264 men-

2134 5314 2309 5371 dicare
2333 5311 2532 5382 jubes?
2559 5311 2755 5379 illaque
2802 5326 2890 5364 res
2929 5308 3058 5379 ipsis
3089 5306 3276 5377 pudori
3322 5312 3506 5359 esset:
3551 5315 3700 5355 mun—

2135 5416 2260 5462 sitat
2300 5405 2348 5459 id
2372 5422 2399 5458 a
2432 5402 2707 5471 discipulis
2737 5401 2943 5467 deberi,
2974 5400 3101 5453 dum
3132 5399 3285 5461 illos,
3318 5392 3625 5465 operarios,
3654 5403 3709 5448 et

2197 5516 2212 5547 ι
2250 5510 2466 5562 Nonnulli
2512 5514 2617 5572 post
2648 5510 2753 5560 haec
2783 5508 2951 5565 verba,
2986 5504 3196 5566 leprosos
3221 5497 3461 5557 ummlatc,
3499 5500 3706 5563 habent,

2135 5582 2337 5629 mortuos
2358 5572 2595 5623 suscitate.
3048 5626 3069 5629 _
3294 5623 3303 5629 _

2191 5621 2551 5691 nullum—e500
2576 5640 2713 5687 t'crl'c
2749 5633 2913 5681 Montf’.
2965 5635 3015 5675 et
3042 5626 3243 5682 Gauine,
3269 5621 3505 5683 singulari
3537 5622 3692 5682 lapsu.

2134 5705 2269 5754 Eutr.
