4010 6128
322 245 430 305 383

318 359 462 430 quod
504 360 661 416 datur
681 402 697 428 ,
722 360 1024 417 mercedem
1052 403 1069 428 ,
1095 372 1269 417 vocat.
1312 362 1393 420 Ne
1425 366 1621 434 putetis
1642 408 1657 432 ,
1687 364 1857 436 inquit
1879 405 1896 430 ,

318 453 440 519 quia
466 466 627 521 opera
657 451 746 506 illa
776 461 882 507 tota
912 453 963 508 in
985 453 1162 509 verbis
1182 456 1464 522 consistit,
1490 473 1709 526 parvum
1738 473 1770 513 a
1800 472 1897 513 vo-

318 540 399 595 bis
415 542 726 597 beneficium
756 546 1001 613 przeberi;
1030 546 1179 601 multi
1204 562 1432 618 namque
1452 548 1648 603 laboris
1673 563 1761 603 res
1786 558 1889 605 est:

319 635 568 704 quodque
598 636 729 691 dant
762 637 796 691 ii
825 640 913 707 qui
945 638 1224 705 docentur,
1250 655 1354 694 non
1384 640 1550 711 gratis
1580 640 1893 711 largiuntur,

315 725 408 777 sed
443 725 491 779 id
520 728 780 782 mercedis
808 728 925 784 loco
952 729 1271 796 habendum;
1300 729 1492 801 Dignus
1519 742 1590 787 est
1614 734 1746 786 enim
1775 749 1898 801 ope-

321 817 488 870 rarius
516 819 738 871 mercede
764 836 874 872 sua.
910 819 1022 872 Hoc
1062 829 1238 873 autem
1273 821 1430 887 dicit,
1464 838 1568 876 non
1598 822 1738 891 quod
1768 823 1894 876 tanti

317 905 488 958 Solum
539 909 814 975 apostolici
876 909 1087 964 labores
1133 910 1362 966 habendi
1402 913 1543 979 siut,
1595 914 1767 977 absit;
1799 914 1893 968 sed

313 998 452 1064 quod
487 999 586 1051 illis
602 1001 906 1065 constituat,
932 1018 998 1056 ne
1026 1003 1144 1072 plus
1170 1004 1365 1074 aliquid
1395 1014 1653 1075 quaerant,
1678 1014 1732 1060 et
1762 1023 1895 1077 prte-

318 1087 567 1142 bentibus
595 1090 835 1153 suadeat,
869 1107 929 1147 se
958 1108 1061 1147 non
1084 1109 1150 1148 ex
1184 1094 1503 1151 liberalitate
1528 1096 1656 1151 illud
1688 1112 1887 1167 suppe-

310 1178 503 1245 ditare,
533 1183 623 1235 sed
655 1198 723 1236 ex
747 1183 948 1239 debito.
974 1186 1060 1240 11.
1090 1184 1156 1240 In
1176 1204 1538 1257 quamcumque
1554 1190 1801 1244 civitatem
1817 1191 1894 1245 vel

307 1273 469 1325 uicum
496 1275 820 1341 iutraveritis,
846 1278 1153 1349 interrogate
1176 1280 1288 1350 quis
1318 1280 1503 1351 dignus
1531 1282 1583 1335 iu
1600 1282 1694 1335 illa
1722 1284 1810 1347 sit,
1842 1294 1888 1337 et

304 1363 410 1415 illic
440 1375 632 1418 manete
659 1366 817 1421 donec
865 1370 1102 1424 exieritis.
1126 1371 1308 1441 Neque
1336 1372 1507 1439 enim,
1537 1373 1739 1442 inquit,
1767 1375 1888 1445 quia

302 1449 407 1504 dixi
432 1495 444 1513 ,
475 1451 673 1521 Dignus
699 1465 770 1508 est
800 1458 1063 1527 aperarius
1150 1459 1259 1513 cibo
1314 1477 1408 1515 suo
1462 1463 1479 1494 ¹
1501 1504 1517 1529 ,
1545 1464 1781 1519 omnium
1799 1463 1886 1533 ja-

305 1558 437 1597 nuas
460 1545 606 1600 vobis
636 1548 849 1614 aperui;
881 1548 973 1601 sed
1004 1548 1089 1603 hic
1118 1566 1327 1620 quoque
1348 1554 1567 1608 multam
1593 1556 1890 1611 accuratio-

304 1646 425 1685 nem
458 1645 669 1703 expeto.
718 1636 847 1691 Illud
893 1640 1035 1691 enim
1079 1640 1230 1695 vobis
1270 1643 1410 1697 laudi
1444 1643 1738 1714 honorique
1760 1647 1883 1712 erit,

306 1722 466 1776 etiam
501 1725 552 1777 in
580 1726 752 1780 victus
783 1728 1011 1783 ratione.
1035 1729 1090 1783 Si
1136 1731 1279 1785 enim
1315 1733 1502 1803 digitus
1531 1735 1619 1789 ille
1649 1736 1738 1801 sit,
1768 1753 1883 1792 ont—

302 1814 428 1868 niuo
456 1815 629 1870 cibum
670 1820 1026 1888 suppeditabit
1053 1839 1068 1886 ;
1101 1824 1437 1893 maximeque
1469 1827 1513 1879 si
1545 1828 1752 1882 nonnisi
1783 1844 1882 1884 ne-

298 1907 525 1959 cessaria
559 1909 769 1975 petatis.
820 1910 935 1965 Non
987 1912 1147 1968 modo
1190 1923 1369 1972 autem
1406 1916 1596 1987 dignos
1640 1935 1881 1991 quazrere

298 1999 555 2067 prarcipit,
572 1999 664 2053 sed
690 2004 1001 2059 vetatetiam
1029 2020 1095 2059 ne
1121 2005 1190 2061 de
1207 2008 1369 2062 domo
1394 2010 1445 2063 in
1468 2010 1686 2065 domum
1716 2022 1878 2067 trans-

299 2096 446 2152 eant,
479 2103 545 2142 ne
571 2105 629 2145 se
653 2094 1005 2161 excipientem
1033 2095 1322 2166 oll'endant,
1355 2117 1487 2157 neve
1516 2103 1613 2172 ipsi
1646 2104 1796 2160 leves
1825 2116 1877 2160 et

295 2179 462 2231 ventri
492 2179 655 2236 dediti
688 2182 1003 2240 habeantur.
1036 2187 1089 2240 ld
1110 2190 1250 2243 enim
1272 2191 1561 2247 declaravit
1582 2196 1663 2250 his
1679 2194 1874 2262 verbis,

293 2267 375 2323 lbi
403 2284 597 2328 manete
625 2275 782 2330 donec
811 2279 1049 2332 exieritis.
1076 2281 1227 2347 Quod
1258 2284 1417 2338 etiam
1457 2301 1525 2339 ex
1552 2287 1672 2341 aliis
1710 2304 1874 2343 evan-

290 2363 493 2432 gelistis
521 2365 724 2437 (Marc.
753 2370 805 2425 6.
839 2370 963 2425 Luc.
1013 2372 1114 2442 10)
1146 2373 1279 2429 disci
1328 2386 1520 2445 potest.
1553 2378 1742 2433 Videu’
1767 2397 1873 2450 quo

292 2464 445 2523 pacto
470 2457 589 2513 illos
617 2459 1016 2529 honoratiores,
1048 2473 1102 2519 et
1126 2480 1219 2520 eos
1240 2468 1329 2536 qui
1358 2470 1587 2539 hospitio
1613 2474 1875 2542 recipiunt

288 2548 655 2618 diligentiores
681 2552 871 2621 faciat,
907 2557 1198 2612 ostendens
1228 2560 1344 2614 illos
1370 2564 1604 2619 maxime
1644 2565 1869 2634 lucrari,

285 2652 339 2696 et
370 2642 434 2696 ad
461 2644 708 2714 gloriam,
746 2656 800 2701 et
837 2649 902 2701 ad
933 2649 1246 2704 utilitatem?
1294 2653 1495 2709 Deinde
1519 2656 1585 2711 de
1628 2657 1727 2712 hac
1756 2659 1867 2728 ipsa

286 2746 345 2787 re
387 2734 466 2788 sic
509 2736 847 2806 prosequitur
882 2756 895 2790 :
934 2739 1021 2792 12.
1052 2740 1313 2797 latrantes
1359 2755 1527 2799 autem
1551 2748 1603 2801 in
1628 2752 1865 2817 domum,

282 2823 495 2878 salutate
535 2827 698 2880 illam.
734 2829 817 2882 15.
853 2828 917 2882 Et
956 2832 1003 2884 si
1037 2832 1239 2900 quidem
1276 2838 1428 2906 fuerit
1458 2837 1637 2894 domus
1679 2841 1862 2910 digna,

281 2916 444 2969 veniat
468 2932 572 2984 pax
598 2926 759 2971 vestra
787 2935 941 2989 super
969 2923 1112 2976 illam
1139 2940 1157 2977 .'
1185 2925 1229 2978 si
1268 2938 1437 2981 autem
1479 2946 1579 2982 non
1605 2933 1759 2998 fuerit
1785 2934 1866 2987 di-

280 3020 381 3073 gna
404 3045 419 3068 ,
448 3023 553 3072 paa:
582 3019 743 3063 vestra
770 3011 838 3063 ad
862 3028 946 3066 vos
966 3024 1262 3070 revertatur.
1295 3017 1478 3074 Viden‘
1501 3037 1658 3091 quam
1684 3025 1863 3082 minu-

280 3096 427 3149 tatim
484 3097 595 3153 haec
645 3102 963 3170 praecipiat?
1030 3104 1097 3158 Et
1145 3106 1269 3175 jure
1320 3111 1554 3180 quidem.
1620 3115 1862 3174 Athletas

278 3188 469 3257 quippe
501 3190 770 3259 religionis
809 3202 863 3247 et
898 3211 1170 3263 praecones
1197 3200 1342 3256 orbis
1392 3201 1637 3272 instruit,
1666 3216 1721 3262 et
1762 3207 1863 3265 bac

278 3279 483 3335 ratione
514 3281 635 3337 illos
663 3294 716 3337 et
746 3284 1130 3344 moderatiores
1161 3290 1336 3346 reddit
1373 3302 1428 3349 et
1472 3298 1853 3366 Optabiliores,

274 3370 560 3443 adjicitque
594 3394 608 3429 :
645 3375 731 3430 H.
769 3375 835 3430 Et
864 3380 1161 3450 quicumque
1190 3399 1290 3436 non
1319 3389 1591 3456 susceperit
1618 3405 1730 3454 vos,
1764 3408 1857 3445 ne-

273 3480 369 3531 que
412 3466 626 3520 audierit
669 3485 920 3525 sermones
966 3483 1192 3541 uestros,
1233 3490 1465 3533 arcuum
1513 3497 1576 3534 ea:
1604 3483 1754 3537 domo
1779 3485 1856 3539 vel

271 3555 470 3609 civitate
508 3558 633 3622 illa,
667 3562 881 3614 excutitc
919 3564 1173 3632 pulverem
1216 3568 1401 3635 pcdum
1429 3580 1722 3628 vestrorum.
1766 3576 1853 3629 15.

274 3645 433 3698 Amen
460 3646 573 3700 dico
601 3648 734 3702 vobis
757 3690 771 3714 ,
801 3651 1111 3707 tolerabilius
1141 3658 1232 3706 erit
1262 3665 1407 3711 terra:
1436 3658 1776 3716 Sodomorum
1810 3675 1856 3719 et

268 3734 570 3791 Gomorrlue
621 3740 671 3792 iu
713 3740 794 3793 die
814 3742 1035 3810 judicii,
1076 3762 1230 3817 quam
1274 3748 1464 3802 civitati
1505 3752 1598 3805 illi.
1631 3753 1709 3810 Ne
1732 3757 1854 3825 quia

270 3827 504 3891 docetis,
537 3830 707 3900 inquit
726 3874 738 3893 ,
764 3832 883 3888 ideo
906 3840 1235 3908 exspectetis
1259 3842 1484 3899 salutem
1511 3847 1578 3901 ab
1604 3849 1724 3904 aliis
1749 3850 1852 3907 dici

270 3920 453 3980 vobis.
499 3922 592 3976 sed
638 3924 793 3993 primi
844 3926 983 3983 hunc
1043 3929 1298 3987 honorem
1340 3935 1606 3992 exhibete.
1656 3940 1853 3999 Deinde

268 4015 558 4072 ostendens
587 4033 702 4072 eam
734 4036 838 4075 non
865 4037 982 4076 esse
1006 4024 1303 4095 simplicem
1331 4030 1724 4098 salutationem,
1755 4036 1850 4091 sed

269 4106 696 4164 benedictionem
721 4153 735 4173 ,
768 4113 841 4166 ait
865 4155 880 4179 ,
930 4114 983 4170 Si
1028 4116 1184 4187 digna
1218 4117 1379 4174 fuerit
1421 4121 1644 4190 domus,
1674 4128 1854 4183 veniet

268 4214 429 4267 super
456 4201 597 4254 illam
629 4219 747 4257 :s.n
781 4208 1163 4262 cootumeliosa
1211 4210 1275 4264 sit
1305 4253 1321 4277 ,
1353 4214 1519 4281 prima
1550 4231 1707 4285 paena
1748 4222 1850 4275 erit

267 4290 407 4359 quod
452 4307 580 4361 pace
625 4310 728 4348 non
781 4294 1022 4360 fruatur;
1073 4300 1338 4366 secunda,
1370 4305 1511 4372 quod
1559 4307 1848 4366 Sodomitis

268 4384 411 4452 paria
444 4385 688 4453 patiatur.
721 4386 787 4440 Et
810 4389 934 4457 quid
966 4389 1032 4444 ad
1060 4406 1177 4454 nos,
1204 4394 1460 4464 inquient.
1488 4397 1695 4454 illorum
1722 4418 1853 4471 snp-

267 4475 460 4544 plicia?
488 4476 683 4531 Domos
706 4478 983 4548 dignorum
1011 4482 1292 4539 habebitis.
1323 4486 1458 4551 Quid
1488 4504 1613 4544 vero
1639 4492 1846 4561 signifi-

262 4575 349 4620 cat
377 4566 502 4621 illud
521 4609 537 4633 ,
572 4566 806 4622 Excutite
831 4572 1082 4640 pulverem
1112 4575 1293 4644 pedum
1321 4582 1638 4635 uestrorum?
1673 4583 1763 4637 Vel
1792 4594 1848 4639 ut

267 4657 617 4714 testificantur
651 4675 711 4714 se
741 4660 868 4715 nihil
899 4664 966 4717 ah
998 4664 1125 4733 ipsis
1167 4669 1467 4737 recepisse;
1502 4673 1583 4726 vel
1612 4673 1663 4727 in
1696 4674 1846 4729 testi-

266 4752 502 4803 monium
552 4752 691 4821 longi
745 4755 976 4824 suscepti
1024 4756 1229 4812 itineris
1269 4759 1320 4813 in
1360 4761 1569 4815 illorqu
1597 4764 1842 4832 gratiam.

263 4838 345 4893 Tu
389 4855 516 4895 vero
564 4844 690 4898 mihi
719 4847 999 4902 considera
1040 4849 1210 4918 ipsum
1258 4868 1363 4907 non
1392 4862 1560 4909 totum
1596 4857 1706 4926 jam
1739 4859 1843 4916 iliis

1052 248 1109 304 S.
1149 244 1425 304 JOANNIS
1459 246 1931 304 CIIRYSOSTOMI
1971 250 2285 311 ARCHIEP.
2326 256 2865 322 CONSTANTINOP.

3494 283 3600 341 384

2010 366 2393 474 ipgrediantur.
2426 375 2538 435 Hoc
2555 381 2697 441 enim
2729 395 2884 453 pacto
2903 391 3047 446 omni
3074 408 3204 450 cura
3233 398 3387 455 liberi
3416 416 3592 474 erant,

2007 459 2234 557 illisque
2263 467 2595 539 suadebant,
2645 488 2703 530 se
2744 478 2811 533 ad
2859 481 3095 551 ipsorum
3126 498 3330 549 tantum
3365 459 3590 557 salutem

2005 548 2096 603 illo
2117 554 2345 623 venisse,
2373 566 2484 614 tum
2513 564 2636 633 quia
2665 567 2795 623 nihil
2822 548 3108 632 altu-lerant
3128 620 3142 645 ,
3169 588 3277 637 tum
3307 591 3428 657 quia
3460 595 3589 651 nihil

2005 643 2124 711 plus
2147 662 2303 715 quam
2336 657 2633 711 necessaria
2667 669 2944 731 peterent,
2979 677 3089 723 tum
3113 643 3273 731 etiam
3308 643 3452 749 quod
3484 704 3588 743 non

2001 738 2140 804 apud
2182 755 2373 797 omnes
2420 746 2878 812 indiscriminatim
2929 738 3356 830 ingrederentur.
3402 738 3587 848 Neque

2002 829 2141 884 enim
2173 848 2240 887 ex
2269 835 2434 906 signis
2462 851 2663 901 tantum
2690 848 2900 907 volebat
2943 854 3063 912 illos
3091 860 3401 929 splendidos
3427 829 3580 937 esse,

2000 919 2092 973 sed
2123 937 2188 977 ex
2214 925 2406 982 virtute
2433 935 2628 1003 magis,
2660 953 2817 1007 quam
2846 959 2911 997 ex
2952 919 3136 1016 signis:
3160 951 3300 1009 Nihil
3340 960 3480 1014 enim
3508 919 3582 1019 ita

2000 1011 2387 1115 pliiloSOpbiam
2409 1025 2679 1094 exprimit,
2703 1042 2760 1085 ut
2785 1035 2830 1088 si
2862 1011 3576 1119 nihilsuperlluum

1998 1110 2052 1156 et
2079 1104 2123 1158 si
2162 1110 2337 1176 quoad
2383 1112 2507 1169 licet
2533 1118 2676 1172 nulla
2713 1136 2774 1178 re
2802 1125 3061 1198 indigeas.
3108 1133 3235 1190 lllud
3264 1155 3392 1195 vero
3419 1159 3580 1199 nove-

1999 1203 2117 1249 rant
2143 1205 2198 1251 et
2228 1198 2323 1290 ipsi
2357 1205 2803 1277 pseudoapostoli.
2841 1216 2963 1271 Ideo
2992 1221 3184 1280 Paulus
3213 1228 3422 1286 dicebat
3456 1251 3468 1286 :
3506 1198 3576 1290 lit

1996 1285 2168 1354 inquo
2203 1288 2508 1362 gloriantur,
2546 1298 2867 1359 inveniantur
2894 1321 2944 1363 ut
2972 1328 3063 1366 nos
3096 1315 3169 1385 (2.
3196 1317 3312 1373 Cor.
3342 1322 3428 1376 11.
3460 1324 3573 1397 12).

3101 1375 3111 1385 1
3390 1375 3398 1376 ,
3465 1375 3570 1397 --Γ

1993 1375 2144 1444 Quod
2173 1381 2216 1436 si
2242 1398 2363 1439 cum
2392 1387 2442 1441 in
2471 1394 2744 1460 peregrina
2769 1400 2987 1468 regione
3014 1420 3228 1477 sumus,
3251 1422 3306 1468 et
3330 1416 3395 1469 ad
3426 1417 3576 1487 igno-

1995 1476 2076 1523 tos
2116 1472 2537 1546 proﬁciscimur,
2588 1485 2719 1541 nihil
2769 1489 2884 1557 plus
2928 1472 3272 1563 qua-rendam
3301 1516 3384 1559 est
3413 1472 3572 1576 qimiu

1991 1562 2331 1664 quotidianus
2376 1571 2566 1641 cibus,
2611 1578 2780 1635 multo
2823 1562 2991 1656 magis
3039 1589 3116 1646 sic
3145 1597 3406 1664 agendum
3431 1562 3570 1657 Icum

1989 1650 2133 1707 domi
2174 1671 2471 1718 manemus.

2059 1744 2112 1851 6..
2155 1747 2272 1803 Paa:
2296 1752 2393 1807 Dei
2416 1773 2515 1812 non
2537 1761 2634 1816 nisi
2659 1763 2805 1820 bona:
2827 1771 3072 1828 uoluntati
3098 1776 3286 1846 datur;
3313 1782 3405 1837 illa
3425 1788 3567 1857 frau-

1987 1837 2119 1904 dari,
2162 1854 2408 1910 quantum
2436 1851 2646 1908 malum.
2679 1855 2974 1916 Reverentia
3010 1866 3063 1920 in
3084 1871 3293 1926 ecclesia
3319 1837 3568 1935 conimen—

1986 1927 2173 1996 datur;
2218 1934 2517 1994 describitur
2543 1947 2764 2003 ecclesia:
2787 1956 3050 2011 sanctitas.
3083 1988 3155 2001 —-
3184 1962 3309 2021 Hice
3334 1983 3440 2024 non
3466 1985 3567 2027 au-

1983 2017 2191 2077 diamus
2223 2035 2445 2094 tantum,
2475 2034 2568 2087 sed
2598 2038 2757 2092 etiam
2789 2042 3076 2103 imitemur.
3116 2050 3231 2106 Non
3259 2056 3403 2111 enim
3434 2061 3568 2118 solis

1983 2115 2237 2216 apostolis
2274 2118 2411 2174 dicta
2440 2134 2581 2192 sunt,
2622 2129 2717 2183 sed
2759 2138 2957 2189 sanctis
2985 2141 3234 2198 omnibus
3272 2159 3455 2216 postea
3484 2115 3565 2206 fu:-

1983 2203 2132 2258 turis.
2171 2206 2350 2265 Simus
2376 2228 2504 2284 ergo
2531 2233 2627 2274 nos
2652 2221 2742 2276 illa
2771 2230 3113 2288 successione
3139 2203 3306 2305 digni.
3333 2238 3464 2296 Nam
3495 2259 3562 2299 ex

1980 2296 2379 2364 suscipientium
2424 2306 2689 2366 voluntate
2733 2330 2835 2382 pax
2867 2318 2964 2373 ista
2994 2323 3157 2379 modo
3182 2329 3344 2392 venit,
3400 2335 3563 2391 modo

1977 2387 2170 2442 avolat.
2200 2389 2381 2462 Neque
2409 2400 2550 2453 enim
2578 2417 2641 2457 ex
2672 2404 2972 2466 docentium
2998 2414 3187 2473 fiducia
3219 2430 3272 2474 et
3303 2434 3563 2490 potestate

1980 2485 2204 2547 tantum,
2236 2485 2328 2539 sed
2357 2489 2514 2544 etiam
2541 2508 2603 2547 ex
2636 2499 3007 2569 accipientium
3040 2485 3448 2579 dignitate-illud
3476 2521 3553 2574 ef-

1978 2567 2168 2626 ﬁcitur.
2197 2574 2381 2646 Neque
2409 2591 2655 2649 putemus
2682 2567 2805 2645 inde
2830 2608 3013 2662 parum
3041 2567 3221 2656 davmni
3248 2622 3554 2678 emergere,

1972 2666 2015 2720 si
2045 2668 2342 2740 bujusmodi
2379 2694 2509 2748 pace
2534 2698 2637 2736 non
2670 2684 2923 2745 fruamur.
2957 2692 3102 2749 Hanc
3125 2699 3267 2753 enim
3299 2666 3557 2773 propheta

1971 2757 2097 2812 olim
2130 2768 2516 2828 przenuutiabat
2536 2771 2717 2831 dicens
2748 2795 2763 2832 :
2798 2778 2962 2846 Quam
2994 2790 3207 2855 speciosi
3247 2757 3363 2846 su'nt

1971 2854 2417 2921 euangelizandum
2460 2879 2632 2931 pacem
2664 2869 2897 2940 (Nalmm
2929 2876 2980 2929 1.
3009 2879 3117 2950 15).
3156 2881 3355 2939 Deinde
3385 2854 3550 2957 ipsius

1970 2943 2278 3012 dignitatem
2359 2952 2712 3017 interpretans
2782 2965 2998 3035 adjicit,
3078 2943 3550 3047 linangelismitiuni

1969 3036 2098 3091 bona
2153 3039 2345 3107 (Rom.
2383 3046 2472 3100 10.
2507 3050 2630 3122 15).
2677 3052 2824 3112 Hane
2860 3043 3103 3129 magnam
3145 3036 3267 3122 esse
3304 3069 3553 3129 Christus

1966 3130 2324 3194 pronuntiavit
2376 3134 2561 3193 dicens
2596 3159 2611 3197 ε
2654 3141 2842 3199 Pacem
2880 3150 3107 3222 relinquo
3154 3156 3319 3224 vobis,
3369 3177 3545 3231 pacem

1965 3232 2127 3271 meam
2152 3220 2385 3320 dii-vobis
2406 3227 2585 3298 (Joau.
2614 3233 2701 3288 ﬂ.
2734 3234 2848 3306 27).
2876 3220 3124 3312 Nihilque
3148 3260 3253 3301 non
3284 3220 3543 3320 agendum

1963 3316 2047 3361 est
2088 3318 2146 3364 ut
2188 3311 2276 3367 illa
2318 3313 2576 3387 fruamur,
2607 3331 2664 3378 et
2688 3324 2833 3382 domi
2867 3338 2922 3385 et
2951 3332 3004 3386 in
3033 3311 3280 3392 ecclesia.
3316 3311 3453 3397 Nam
3487 3354 3544 3400 et

1963 3397 2017 3452 in
2064 3401 2289 3459 ecclesia
2338 3408 2430 3478 qui
2475 3414 2743 3483 praesidet,
2791 3434 2976 3489 pacem
3008 3424 3118 3480 dat.
3146 3426 3258 3485 Hoc
3289 3431 3428 3488 illius

1963 3500 2118 3563 typus
2148 3497 2224 3568 (a)
2253 3507 2309 3554 et
2332 3509 2554 3573 tessera,
2577 3517 2735 3578 atque
2763 3522 2977 3582 oportet
3000 3532 3193 3591 magno
3219 3537 3337 3578 cum
3363 3527 3545 3581 studio

1966 3595 2145 3665 ipsum
2184 3605 2461 3672 suscipere
2483 3644 2498 3669 ,
2528 3623 2855 3678 propensum
2883 3616 3122 3669 animum
3158 3619 3337 3686 potius
3372 3634 3539 3689 quam

1964 3708 2206 3749 mensam
2221 3698 2546 3767 prtebentes.
2566 3702 2700 3758 Nam
2728 3707 2771 3760 si
2798 3721 2825 3758 a
2843 3723 3027 3763 mensa
3049 3726 3155 3765 non
3183 3727 3302 3767 sese
3317 3714 3541 3783 partici-

1963 3794 2081 3848 pem
2101 3782 2298 3839 oﬁ‘erre
2314 3801 2605 3844 onerosum
2624 3802 2933 3862 est,quanto
2947 3799 3230 3855 onerosius
3253 3782 3337 3855 est
3349 3801 3528 3855 dicen-

1965 3875 2069 3922 tem
2110 3873 2369 3939 repellere
2390 3875 2415 3929 ?
2433 3875 2659 3947 Propter
2684 3889 2735 3935 te
2749 3882 2899 3936 sedet
2919 3886 3214 3955 presbyter,
3243 3899 3462 3958 propter
3478 3900 3531 3946 te

1962 3966 2068 4013 Stat
2088 3962 2347 4029 magister
2367 3967 2521 4028 ‘,non
2538 3970 2658 4023 sine
2673 3970 2856 4028 labore
2867 3974 3331 4046 etdefatigatione.
3352 3979 3524 4046 Quam

1959 4046 2124 4117 igitur
2139 4055 2543 4111 excusationem
2566 4058 2812 4126 habebis,
2832 4064 2922 4131 qui
2942 4081 3009 4119 ne
3028 4068 3244 4136 quidem
3261 4069 3409 4124 illum
3427 4086 3530 4125 au-

1957 4136 2074 4189 dire
2093 4140 2354 4196 sustines?
2373 4145 2690 4206 Communis
2707 4161 2851 4206 certe
2867 4153 3062 4211 domus
3077 4159 3302 4213 ecclesia
3322 4171 3527 4225 est,vo—

1957 4220 2147 4293 bisque
2176 4230 2609 4294 praecedentibus
2648 4251 2746 4292 nos
2776 4238 3126 4310 ingredimur,
3164 4243 3380 4300 illorum
3413 4220 3527 4303 for-

1957 4326 2098 4365 mam
2115 4323 2168 4367 et
2184 4318 2490 4387 exemplum
2509 4335 2812 4383 servantes.
2834 4327 3069 4399 Ideoque
3081 4334 3264 4387 statim
3289 4334 3523 4406 ingressi

1955 4412 2139 4464 pacem
2160 4404 2415 4460 omnibus
2432 4408 2593 4462 simul
2606 4410 2834 4467 dicimus
2850 4417 3144 4473 secundum
3163 4420 3331 4490 legem
3350 4404 3518 4477 illam.

1953 4487 2123 4545 Nemo
2146 4494 2310 4562 igitur
2326 4498 2599 4571 negligens
2616 4504 2700 4558 vel
2715 4507 2952 4563 oscitans
2965 4511 3054 4575 sit,
3071 4511 3199 4566 dum
3214 4487 3524 4572 sacerdotes

1954 4579 2180 4649 ingressi
2200 4583 2329 4638 illud
2345 4587 2534 4642 dicunt
2550 4607 2563 4643 :
2583 4607 2690 4646 non
2708 4608 2930 4661 parvum
2962 4600 3105 4653 enim
3121 4600 3235 4656 haec
3250 4605 3523 4674 negligen-

1957 4670 2097 4725 tibus
2119 4672 2365 4729 imminet
2380 4681 2730 4749 supplicium.
2749 4685 2960 4743 Mallem
2982 4690 3123 4745 enim
3145 4670 3523 4751 millicsvin'do-

1954 4779 2100 4817 mum
2122 4765 2206 4835 ευ]
2216 4767 2422 4835 uspiam
2438 4781 2676 4829 vestrum
2696 4776 2979 4848 ingressus
2998 4782 3230 4851 despici,
3248 4799 3411 4854 quam
3433 4786 3523 4841 hic

1951 4854 2179 4922 loquens
2211 4873 2318 4911 non
2355 4861 2552 4916 audiri.
2592 4862 2706 4921 Hoc
2732 4868 2865 4923 mihi
2888 4873 3175 4929 onerosius
3207 4874 3301 4931 illo
3335 4885 3517 4934 esset:

263 4930 414 4984 dare.
446 4929 630 5001 Neque
673 4935 815 4990 enim
859 4939 1035 4994 adhuc
1090 4941 1192 4997 illis
1236 4946 1623 5011 pnescieutiam
1672 4950 1839 5016 indit,

261 5038 363 5092 qua
409 5036 569 5076 nosse
618 5027 820 5092 possint
858 5031 946 5096 qui
978 5031 1152 5100 digni,
1181 5036 1267 5101 qui
1314 5036 1512 5108 indigni
1561 5040 1699 5106 sint;
1748 5042 1842 5097 sed

262 5113 545 5181 explorare
569 5123 624 5168 et
649 5117 1073 5182 experimentum
1102 5139 1313 5178 sumere
1339 5126 1508 5195 jubet.
1538 5131 1643 5185 Cur
1684 5147 1841 5201 porro

261 5205 347 5259 ille
376 5204 516 5274 apud
563 5203 897 5274 publicanum
947 5212 1232 5266 manebat?
1260 5215 1391 5281 Quia
1427 5218 1517 5273 ille
1559 5234 1622 5274 ex
1664 5233 1838 5276 muta-

261 5297 404 5351 tione
435 5297 624 5367 dignus
665 5307 927 5354 evaserat.
966 5300 1044 5354 Tu
1085 5317 1211 5357 vero
1258 5309 1524 5375 perpende
1570 5314 1839 5380 quomodo

260 5389 508 5445 Omnibus
554 5389 765 5445 nudatis
809 5393 987 5446 omnia
1034 5393 1317 5463 largiatur,
1349 5399 1474 5453 dum
1506 5403 1744 5472 principit
1782 5415 1839 5460 ut

260 5478 311 5533 in
341 5480 723 5553 discipulorum
751 5482 997 5542 domibus
1027 5499 1311 5557 maneant,
1342 5500 1397 5547 et
1424 5492 1555 5549 nihil
1584 5494 1841 5554 habentes

1946 4966 2372 5037 quandoquidem
2414 4968 2623 5040 dignior
2660 4971 2774 5026 hare
2817 4975 3007 5029 domus
3049 4986 3151 5033 est.
3199 4979 3408 5037 Etenim
3440 4983 3526 5039 hic

1948 5056 2177 5127 majores
2208 5067 2403 5112 nostrae
2430 5062 2795 5129 possessiOnes
2823 5064 3077 5134 deposita:
3105 5079 3259 5138 sunt,
3293 5071 3376 5127 hic
3400 5088 3525 5142 spes

1947 5157 2127 5203 nostra
2151 5148 2346 5204 omnis.
2373 5149 2507 5218 Quid
2538 5153 2678 5206 enim
2709 5152 2796 5209 hic
2832 5171 2937 5210 non
2981 5173 3251 5229 magnum,
3283 5178 3387 5218 non
3420 5175 3524 5219 tre—

1946 5240 2195 5295 mendum
2234 5242 2361 5297 est?
2405 5240 2680 5313 Siquidem
2712 5243 2827 5301 haec
2852 5263 3033 5303 tnensa
3058 5251 3213 5321 longe
3240 5251 3521 5309 honorabi-

2002 5421 2016 5450 ¹
2045 5416 2143 5467 Alii
2164 5418 2367 5477 habent,
2388 5418 2637 5469 diaconus.

2009 5486 2083 5561 (α)
2116 5485 2169 5533 Id
2189 5492 2301 5561 est:
2327 5487 2524 5561 quod
2546 5487 2645 5550 agit
2672 5504 2858 5561 praeses
2888 5488 2936 5561 i_n
2961 5496 3197 5561 ecclesia,
3222 5509 3333 5547 cum
3355 5509 3528 5559 pacem

1944 5548 2042 5607 dat,
2069 5554 2218 5619 typus
2231 5554 2308 5596 est
2338 5547 2513 5618 tibi-imi
2535 5547 2706 5631 pacem
2729 5553 2948 5631 dantisiu
2970 5547 3236 5631 liv-augebo
3261 5574 3275 5609 :
3302 5547 3527 5631 ty-

1946 5622 2063 5671 pus,
2090 5621 2175 5682 pro
2206 5609 2684 5682 hnagineaeeipitur
2711 5616 2785 5661 rei
2824 5617 3028 5682 agenda:
3062 5609 3132 5669 etv
3145 5619 3399 5681 aliquando

324 5648 347 5679 κ
378 5659 493 5709 Edd.
521 5698 536 5723 ,
610 5659 833 5709 mercede
851 5672 955 5711 sua.
1947 5648 2685 5737 ﬁnisﬁnis}?eam
2711 5648 2960 5742 ’ρέιέῗὲἓὲξ
