4010 6128
424 231 529 287 387

425 356 553 412 tatis
579 353 738 409 etiam
765 343 994 405 societas
1023 347 1155 401 satis
1191 345 1287 399 fuit
1310 343 1377 399 ad
1402 343 1688 398 amicitiam
1716 358 1728 394 :
1762 356 1860 395 nos
1885 354 2010 393 vero

423 448 513 517 qui
540 444 783 502 eamdem
811 442 1066 496 habemus
1089 438 1378 501 civitatem,
1411 436 1653 500 domtnn,
1694 436 1854 497 viam,
1884 448 2011 503 por-

427 550 555 603 tam,
605 536 861 595 radicem,
905 535 1088 591 vitam.
1136 532 1269 586 idem
1318 538 1497 597 caput,
1537 527 1782 581 eumdem
1829 534 2008 594 pasto-

424 644 559 690 rem,
612 642 821 695 regem,
872 624 1178 685 doctorem,
1220 620 1491 689 judicent,
1539 627 1872 679 creatorem,
1913 629 2008 684 pa-

426 728 585 783 trem,
624 717 905 784 omniaque
942 711 1264 774 communia,
1298 724 1399 778 qua
1426 710 1623 762 erimus
1657 707 1806 761 venia
1842 706 2008 775 digni,

422 812 467 865 si
497 812 723 865 invicem
747 805 1140 863 dissideamus?
1173 803 1364 856 Verum
1395 801 1542 870 signa
1588 799 1847 867 quaeritis.
1890 812 2011 865 qnze

425 904 498 957 illi
540 901 762 971 ingressi
807 897 1090 961 faciebam,
1136 895 1376 963 leprosos
1423 891 1768 955 mundabanl,
1813 888 2014 941 (Ianno-

426 1008 520 1044 nas
548 990 851 1059 ejiciebant.
902 993 1143 1041 mortuos
1167 980 1530 1036 suscitabant?
1574 978 1677 1034 Sed
1705 990 1759 1033 et
1787 978 1885 1031 hoc
1917 993 2014 1030 no-

425 1083 637 1138 bilitatis
659 1091 848 1136 vestra:
870 1079 1159 1132 maximum
1189 1076 1439 1129 indicium
1470 1081 1570 1134 est,
1597 1072 1899 1140 amorisque
1922 1085 2017 1121 ve-

426 1174 543 1236 stri,
583 1172 723 1242 quod
774 1171 888 1224 sine
936 1168 1243 1237 pignoribus
1280 1164 1578 1234 huiusmodi
1614 1164 1721 1217 Deo
1759 1160 2009 1215 credatis.

427 1264 499 1318 Ea
528 1264 669 1317 enim
699 1260 767 1315 de
796 1276 954 1313 causa
1000 1258 1228 1313 cessavit
1255 1257 1394 1309 Deus
1420 1255 1567 1324 signa
1592 1256 1751 1307 edere
1770 1294 1783 1315 ,
1827 1252 2015 1305 aliam-

425 1370 530 1426 que
558 1368 775 1409 causam
808 1352 1041 1422 profero.
1079 1349 1207 1403 Nam
1243 1349 1310 1415 si,
1337 1347 1667 1401 cessantibus
1693 1346 1879 1415 signis,
1924 1343 2016 1412 qui

425 1446 545 1499 aliis
594 1444 805 1499 dotibus
841 1451 963 1496 sunt
1005 1439 1270 1503 instructi,
1326 1446 1380 1489 ut
1426 1437 1571 1491 verbi
1619 1436 1897 1507 sapientia,
1931 1435 2016 1490 vel

429 1538 639 1607 pietatis
672 1534 1001 1604 praestantia,
1031 1548 1181 1585 vanm
1207 1530 1389 1599 gloriae
1424 1540 1547 1582 sunt
1572 1528 1761 1590 dediti,
1792 1543 1910 1581 sese.
1939 1527 2018 1581 ef-

430 1628 629 1690 ferunt,
674 1639 901 1693 seseque
946 1624 1014 1675 ab
1059 1622 1179 1675 aliis
1220 1620 1504 1689 sejungunt
1542 1637 1555 1670 :
1600 1620 1643 1671 si
1674 1619 1833 1673 etiam
1866 1618 2014 1684 signa

429 1718 698 1776 adessent,
742 1729 849 1783 quo
875 1729 979 1767 non
1007 1718 1358 1780 erumperent
1386 1708 1711 1762 schismata?
1747 1707 1898 1772 Quid
1924 1722 2018 1759 au-

431 1817 537 1862 tem
584 1806 698 1859 haec
740 1821 844 1858 non
892 1821 954 1858 ex
1008 1802 1312 1870 conjectura
1345 1800 1610 1860 dit-antur,
1668 1798 2018 1851 testificantur

426 1898 710 1959 Corinthii,
756 1898 843 1967 qui
896 1895 1018 1950 inde
1061 1895 1257 1948 multas
1300 1894 1351 1946 in
1400 1902 1582 1960 partes
1607 1891 1846 1943 distracti
1891 1898 2016 1942 sunt

430 1991 508 2059 (1.
536 1987 654 2044 Cor.
690 1989 764 2055 l).
819 1984 897 2041 Nc
936 1986 1083 2055 signa
1108 1998 1338 2053 quaeras,
1381 1981 1473 2036 sed
1512 1981 1706 2033 animm
1734 1978 2013 2033 incolumi-

432 2089 619 2134 tatem.
665 2078 743 2134 Ne
784 2093 994 2149 quaeras
1021 2086 1289 2131 mortuum
1317 2076 1631 2128 suscitatum
1660 2072 1862 2133 videre,
1894 2086 2017 2125 cum

426 2172 677 2229 didiceris
705 2181 870 2226 totum
905 2171 1090 2225 orbem
1121 2176 1547 2222 resurrecturum
1577 2179 1719 2220 esse.
1765 2164 1841 2219 Ne
1867 2178 2017 2233 quie-

427 2279 517 2319 ras
558 2280 759 2319 ca-cum
800 2272 1044 2317 sanatum
1082 2260 1301 2324 videre;
1350 2258 1445 2311 sed
1476 2257 1595 2310 vide
1620 2272 1762 2310 nunc
1791 2268 2014 2319 omnes,

428 2355 648 2409 meliore
697 2363 753 2407 et
800 2352 1011 2406 utiliore
1058 2352 1246 2404 intuitu
1310 2350 1658 2419 respicientes
1707 2365 1722 2401 :
1775 2361 1836 2399 ac
1870 2346 2019 2400 disce

428 2454 790 2513 temperanter
837 2442 1145 2511 respicere,
1210 2449 1266 2493 et
1313 2440 1528 2492 oculum
1580 2448 1728 2491 tuum
1785 2437 2012 2505 corrige.

431 2534 563 2590 Nam
619 2536 661 2588 si
704 2535 941 2587 omnium
993 2542 1230 2585 nostrum
1286 2533 1389 2585 vita
1445 2530 1561 2583 talis
1596 2538 1759 2593 esset,
1804 2527 2014 2598 qualem

431 2641 553 2679 esse
584 2634 877 2695 oporteret,
907 2624 1132 2692 gentiles
1178 2624 1299 2693 plus
1346 2636 1442 2677 nos
1484 2622 1827 2684 mirarentur,
1857 2634 2015 2689 quam

433 2716 479 2770 si
508 2716 762 2771 miracula
794 2727 1143 2785 patiaremus.
1193 2714 1350 2783 Signa
1380 2712 1577 2781 quippe
1602 2712 1783 2780 specie
1810 2720 2015 2765 tantum

430 2810 553 2863 talia
606 2824 727 2863 esse
774 2817 1043 2877 putantur,
1091 2821 1263 2875 neque
1311 2814 1437 2858 sunt
1466 2819 1495 2857 a
1525 2819 1685 2873 prava
1713 2804 2017 2873 suspicione

432 2902 621 2966 libera,
686 2900 890 2954 etiamsi
937 2901 1083 2968 signa
1133 2907 1312 2951 nostra
1356 2913 1460 2951 non
1513 2897 1816 2966 huiusmodi
1861 2897 2012 2952 sint:

432 2993 537 3047 vita
576 3002 750 3046 autem
796 3008 923 3063 pura
958 2991 1048 3045 tali
1079 2991 1365 3059 suspicioni
1394 2990 1623 3045 obnoxia
1653 3006 1771 3045 esse
1800 2992 2014 3061 nequit;

431 3086 522 3140 sed
565 3084 771 3138 virtutis
800 3083 1065 3153 possessio
1095 3085 1330 3136 «nimium
1359 3082 1585 3137 obstruit
1617 3098 1730 3138 ora.

498 3178 552 3231 8.
592 3175 803 3229 Virtutis
831 3176 1140 3243 prtcstantia.
1167 3204 1236 3213 —-
1264 3173 1458 3228 Virtuti
1490 3189 1619 3245 ergo
1649 3175 1959 3231 studeamus
1988 3194 2003 3231 :

433 3269 614 3323 multa:
639 3268 836 3337 quippe
862 3277 987 3320 sunt
1012 3267 1152 3320 illius
1181 3266 1399 3330 divitiae,
1434 3282 1748 3336 magnaeque
1778 3267 2016 3321 admira-

431 3359 557 3412 tioni
610 3358 888 3412 habentur.
920 3358 1008 3411 Illa
1042 3372 1222 3411 veram
1266 3357 1465 3424 pnebet
1496 3357 1823 3423 libertatem,
1860 3359 1928 3412 ita
1962 3369 2019 3414 ut

433 3449 594 3505 etiam
628 3447 681 3501 in
712 3451 967 3503 servitute
992 3449 1297 3518 spectaculo
1326 3451 1392 3501 sit
1424 3467 1436 3501 :
1468 3464 1575 3502 non
1604 3451 1742 3519 quod
1783 3466 1811 3504 a
1844 3453 2016 3506 servi-

434 3552 546 3597 tute
574 3542 781 3607 liberet,
813 3542 905 3597 sed
934 3542 1075 3611 quod
1106 3558 1295 3596 servos
1326 3542 1511 3596 reddat
1545 3543 1724 3597 liberis
1755 3553 2015 3612 prmstan-

433 3637 617 3695 tiores,
649 3633 698 3685 id
729 3633 870 3702 quod
902 3635 1149 3687 libertate
1177 3634 1343 3686 multo
1366 3635 1535 3702 majus
1563 3645 1648 3689 est
1682 3652 1697 3688 :
1731 3652 2018 3707 pauperem

432 3738 537 3778 non
587 3721 762 3774 reddit
800 3721 1042 3786 divitem,
1078 3722 1172 3776 sed
1215 3725 1314 3775 etsi
1358 3738 1558 3791 pauper
1603 3735 1833 3789 maneat,
1868 3727 2015 3781 illum

431 3813 593 3867 divite
621 3810 745 3863 facit
774 3812 1181 3880 opuletttiorem.
1208 3814 1358 3880 Quod
1400 3816 1442 3867 si
1476 3815 1609 3869 velis
1638 3816 1787 3885 signa
1820 3817 2014 3884 facere,

433 3921 463 3958 a
484 3902 710 3968 peceatis
738 3911 788 3955 te
813 3902 1022 3970 expedi,
1053 3913 1289 3957 ettotmn
1317 3904 1603 3970 pet-fecisti.
1634 3907 1765 3961 Nant
1795 3925 2018 3978 magnus

427 3992 639 4047 da-tnon
685 4003 767 4047 est
806 4003 1112 4062 peccatum,
1147 3994 1381 4060 dilecte;
1414 4005 1467 4050 et
1511 3997 1553 4049 si
1597 3998 1722 4051 illud
1767 3999 2013 4068 cjeceris,

1153 231 1209 283 S.
1250 226 1526 283 JOANNIS
1563 221 2038 282 CIIIIYSOSTOIII
2071 220 2382 279 ARCIIIEP.
2422 218 2953 278 CONSTANTINOP.

3592 212 3702 268 388

2116 337 2287 406 majus
2328 336 2597 407 quidpiam
2646 335 2858 399 fecisti,
2898 347 3057 402 quam
3102 330 3189 402 qui
3242 328 3389 385 mille
3425 327 3703 384 damonas

2114 428 2395 495 expulerit.
2429 425 2565 480 Audi
2599 425 2817 480 Paulum
2848 423 3149 485 dicentem,
3176 429 3230 474 et
3254 419 3506 473 virtutem
3535 419 3701 471 mira-

2113 520 2247 572 culis
2267 526 2677 587 anteponentem
2707 534 2721 570 :
2751 513 3094 569 Aimutamini
3117 520 3281 565 autem
3302 553 3316 577 ,
3352 512 3553 580 inquit,
3579 510 3704 562 cha-

2111 610 2322 662 rismata
2348 610 2635 678 spiritualia
2665 623 2683 660 :
2709 616 2758 661 et
2784 607 2950 659 adhuc
2978 604 3378 659 excellentiorem
3405 604 3537 655 uiam
3563 601 3705 654 vobis

2112 700 2321 753 ostendo
2351 698 2425 770 (l.
2452 699 2569 751 Cor.
2604 697 2687 751 12.
2718 696 2810 767 5t)
2837 715 2851 758 ;
2879 705 2934 749 et
2972 695 3107 748 hanc
3134 695 3271 747 viam
3309 702 3493 763 postea
3535 707 3706 759 extm—

2115 804 2281 849 nens.
2329 805 2433 849 non
2484 797 2723 843 mortuos
2774 786 3059 841 suscitatus
3111 784 3260 848 dicit,
3303 800 3408 838 non
3459 783 3705 851 leprosos

2115 878 2431 939 mundulos,
2464 893 2566 931 non
2603 876 2746 931 aliud
2790 876 2963 930 simile
2990 872 3300 944 quidpiam;
3342 873 3437 928 sed
3480 888 3578 943 pro
3620 872 3705 925 his

2114 970 2363 1025 omnibus
2386 971 2663 1023 caritatem
2693 970 2887 1037 posuit.
2913 966 3049 1022 Audi
3077 982 3285 1035 quoque
3314 964 3584 1019 Christum
3612 966 3700 1018 di-

2116 1072 2327 1116 centem
2359 1080 2372 1115 :
2405 1060 2580 1115 Nolite
2604 1061 2784 1123 laetari,
2820 1060 3057 1129 quoniam
3087 1057 3333 1110 daemonia
3362 1057 3498 1110 vobis
3531 1056 3703 1126 subji-

2116 1155 2342 1218 ciuntur,
2383 1152 2471 1206 sed
2499 1153 2618 1218 quia
2656 1152 2859 1204 nomina
2890 1159 3053 1204 vestra
3088 1148 3277 1217 scripta
3314 1156 3430 1200 sunt
3473 1147 3525 1200 in
3564 1146 3703 1200 aclis

2119 1244 2271 1307 (an.
2307 1243 2391 1298 10.
2422 1242 2534 1313 20).
2567 1243 2631 1296 Et
2653 1250 2805 1295 antea
2831 1241 3037 1295 dixerat
3066 1256 3079 1290 τ
3112 1238 3265 1292 Multi
3295 1238 3459 1291 dicent
3488 1238 3611 1291 mihi
3646 1240 3701 1290 in

2113 1339 2198 1389 dte
2220 1335 2311 1388 illa
2343 1350 2361 1387 :
2392 1333 2576 1387 Nonne
2598 1334 2649 1385 in
2679 1332 2878 1384 nomine
2916 1342 3000 1383 tuo
3049 1329 3486 1398 prop/ietavimtts,
3518 1338 3563 1381 et
3590 1329 3703 1381 da!-

2119 1426 2286 1479 monia
2323 1425 2617 1495 ejecimns‘,
2645 1433 2691 1475 et
2713 1424 2915 1476 virtutes
2959 1421 3143 1473 multas
3188 1418 3435 1489 fecimus?
3468 1418 3534 1472 Et
3582 1428 3704 1472 tunc

2117 1517 2390 1584 conﬁtebor
2415 1517 2520 1581 eis,
2563 1514 2747 1568 Nescio
2796 1529 2880 1567 vos
2928 1511 3157 1580 (Matth.
3206 1513 3256 1563 7.
3307 1510 3395 1564 22.
3445 1511 3569 1579 25).
3619 1508 3702 1564 Ad

2116 1624 2331 1664 crucem
2353 1608 2512 1662 etiam
2540 1608 2710 1661 iturus
2732 1648 2747 1671 ,
2778 1605 2981 1659 voratis
3011 1603 3283 1672 discipulis
3311 1603 3445 1656 dixit
3470 1620 3484 1655 :
3511 1600 3579 1654 In
3607 1602 3704 1654 hoc

2118 1709 2414 1770 cognoscent
2434 1716 2605 1752 onum
2628 1698 2745 1767 quia
2764 1697 2858 1749 mei
2873 1695 3110 1763 discipuli
3130 1695 3267 1760 estis,
3299 1709 3403 1746 non
3431 1694 3473 1746 si
3504 1694 3706 1747 daemo-

2120 1793 2205 1844 nia
2255 1790 2503 1859 ejiciatis,
2544 1789 2637 1844 scd
2681 1788 2741 1842 Si
2767 1787 3079 1841 dilectionem
3106 1785 3378 1838 habueritis
3400 1784 3469 1837 ad
3497 1786 3706 1838 invicem

2120 1879 2299 1951 (Joan.
2322 1880 2409 1934 13.
2432 1878 2545 1951 55).
2574 1881 2650 1932 Ac
2676 1893 2885 1931 rursum
2920 1894 2934 1929 :
2968 1873 3030 1928 In
3062 1876 3154 1928 hoc
3183 1886 3478 1944 cognoscent
3508 1890 3705 1939 omnes,

2117 1971 2235 2040 quia
2273 1980 2327 2023 tu
2367 1986 2445 2023 me
2484 1970 2697 2031 misisti;
2738 1984 2843 2021 non
2874 1967 2917 2021 si
2949 1976 3186 2020 mortuos
3217 1965 3267 2018 hi
3298 1964 3706 2027 suscitaverint,

2120 2060 2212 2115 sed
2241 2060 2301 2116 Si
2331 2077 2485 2114 unum
2513 2060 2700 2129 fuerint
2727 2057 2907 2129 (Joan.
2934 2058 3021 2111 Π.
3048 2056 3162 2128 25).
3203 2056 3333 2110 Nam
3374 2072 3516 2124 smpe
3555 2056 3705 2126 signa

2119 2152 2344 2206 alterum
2379 2149 2593 2221 quidem
2620 2150 2876 2217 juvarunt
2904 2164 2917 2199 :
2947 2147 2994 2201 ei
3039 2162 3167 2200 vero
3204 2144 3293 2217 qui
3336 2147 3546 2216 signum
3584 2146 3711 2200 fecit

2122 2253 2439 2307 nocuerunt,
2462 2240 2588 2295 dum
2617 2241 2668 2293 in
2692 2248 2956 2293 tumorem
2979 2238 3295 2306 inanemque
3311 2236 3529 2307 gloriam
3560 2236 3707 2290 i'lum

2119 2332 2463 2402 coniecerunt
2489 2372 2505 2397 ,
2551 2330 2636 2385 vel
2673 2329 2778 2383 alio
2818 2330 2976 2383 modo
3022 2327 3275 2381 lalserunt
3307 2345 3319 2378 :
3356 2327 3408 2379 in
3448 2326 3705 2395 omnibus

2121 2441 2248 2480 vero
2288 2424 2417 2479 nihil
2457 2424 2561 2477 tale
2610 2421 2866 2491 suSpicari
2921 2421 3065 2485 licet,
3108 2420 3201 2473 sed
3245 2426 3301 2473 et
3340 2434 3453 2482 eos,
3486 2419 3573 2487 qui
3619 2418 3706 2471 illa

2119 2527 2403 2579 exercent,
2448 2526 2499 2569 et
2540 2516 2671 2569 alios
2719 2515 2915 2568 multos
2957 2513 3167 2582 juvant.
3208 2511 3329 2566 Ilzec
3365 2512 3541 2580 itaque
3580 2527 3701 2566 cum

2121 2622 2311 2677 magna
2358 2606 2632 2676 diligentia
2677 2605 2919 2660 edamus.
2962 2603 3091 2658 Nam
3138 2603 3181 2656 si
3224 2618 3289 2656 ex
3318 2603 3709 2657 inhumanitate

2120 2699 2187 2753 ad
2218 2700 2613 2771 eleemosynam
2641 2697 2868 2753 dandam
2895 2706 2946 2750 te
2972 2695 3321 2763 converteris,
3349 2711 3561 2749 manum
3584 2705 3710 2749 ante

2120 2789 2324 2844 aridam
2352 2788 2658 2844 extendisti.
2684 2786 2740 2842 Si
2773 2804 2801 2840 a
2832 2788 3042 2842 theatro
3059 2786 3322 2841 absistens
3347 2786 3400 2839 in
3423 2786 3706 2841 ecclesiam

2122 2880 2405 2935 intraveris
2427 2922 2441 2945 ,
2465 2879 2851 2934 claudieantem
2879 2877 3066 2947 pedem
3094 2876 3390 2931 restituisti.
3416 2878 3471 2932 Si
3497 2888 3711 2934 avertas

2122 2973 2306 3027 oculos
2345 2981 2464 3026 tuos
2510 2986 2538 3024 a
2589 2971 2870 3026 meretrice
2907 2980 2960 3025 et
3002 2987 3032 3021 a
3078 2970 3469 3038 pulchritudine
3511 2971 3707 3041 aliena,

2124 3062 2242 3116 illos
2276 3072 2430 3117 antea
2469 3076 2641 3116 execos
2681 3062 2953 3133 aperuisti.
2985 3060 3041 3114 Si
3087 3076 3183 3131 pro
3209 3061 3458 3115 satanicis
3489 3062 3714 3117 canticis

2124 3154 2358 3224 psalmos
2388 3153 2656 3225 spiritales
2682 3152 2953 3215 didiceris,
2979 3167 3099 3206 cum
3129 3161 3310 3206 mutus
3337 3162 3461 3206 ante
3491 3151 3707 3218 fuisses,

2124 3246 2371 3315 loquutus
2402 3260 2482 3300 es.
2526 3244 2649 3298 llmc
2678 3245 2905 3298 maxima
2952 3244 3205 3299 miracula
3234 3252 3390 3307 sunt;
3421 3243 3535 3298 hcce
3562 3246 3711 3313 signa

2124 3338 2337 3391 eximia.
2380 3336 2435 3391 Si
2483 3336 2598 3390 hinc
2628 3339 2773 3405 signa
2818 3335 3041 3391 edentes
3069 3350 3473 3406 perseveremus
3493 3378 3508 3399 ,
3533 3336 3710 3405 magni

2125 3441 2179 3481 et
2221 3428 2515 3482 admirandi
2562 3442 2654 3496 per
2698 3427 2810 3480 hinc
2841 3428 3073 3489 erimus,
3108 3427 3385 3496 malosque
3415 3442 3600 3480 omnes
3644 3426 3711 3479 ad

2126 3517 2371 3571 virtutem
2400 3517 2753 3580 attrahetnus,
2772 3532 2833 3569 ac
2862 3516 3031 3571 futura
3053 3516 3216 3586 gloria
3247 3515 3486 3571 fruentur
3511 3535 3523 3570 :
3553 3532 3713 3587 quam

2128 3611 2325 3663 utinam
2377 3624 2473 3661 nos
2513 3622 2698 3662 omnes
2743 3623 3153 3677 consequamur,
3200 3608 3367 3677 gratia
3410 3618 3463 3661 et
3506 3608 3714 3662 miseri-

2125 3701 2308 3755 cordia
2338 3699 2547 3754 Domini
2583 3701 2747 3753 nostri
2777 3699 2903 3754 Jesu
2942 3699 3137 3754 Christi
3159 3741 3174 3762 .
3203 3700 3290 3753 cui
3319 3700 3488 3769 gloria
3521 3710 3576 3754 ct
3611 3701 3713 3755 im-

2127 3793 2355 3862 perium,
2387 3791 2436 3845 in
2469 3789 2670 3843 infinita
2694 3791 2885 3844 smcula
2917 3791 3253 3845 saeculorum.
3288 3792 3480 3843 Amen.

2191 3950 2208 3982 ι
2248 3949 2319 3997 sic
2337 3948 2659 4008 Manuscripti.
2680 3945 2820 3994 Savil.
2844 3952 3005 3995 autem
3031 3951 3082 4008 et
3103 3943 3292 4008 Mo_rel.,
3319 3951 3439 3994 Ecce
3455 3943 3506 3994 in
3529 3943 3717 3995 nomine

2136 4018 2218 4061 tuo
2239 4008 2479 4060 dwmonia
2494 4006 2741 4069 ejecimus,
2766 4009 2956 4056 omissis
2977 4006 3281 4069 quihusdam.

1508 4204 1850 4266 HOMILIA
1896 4208 2204 4269 XXXIII.
2250 4209 2335 4270 al.
2382 4208 2681 4268 XXXIV.

434 4349 563 4406 Car.
598 4347 682 4401 10.
716 4362 767 4399 v.
801 4345 885 4399 l6.
914 4344 1044 4398 Ecce
1071 4362 1161 4416 ego
1191 4346 1332 4398 mitto
1359 4362 1443 4399 vos
1484 4347 1614 4401 sicut
1639 4364 1751 4403 oues
1780 4351 1830 4403 in
1859 4352 2023 4405 medio

507 4440 766 4507 luporum.
812 4435 983 4490 Estote
1021 4453 1138 4506 ergo
1172 4436 1445 4507 prudentes
1488 4439 1616 4492 sicut
1659 4454 1943 4509 serpentes,
1976 4454 2023 4497 et

504 4528 757 4596 simplices
782 4527 909 4580 sicut
935 4525 1196 4579 columbar.

507 4622 559 4674 ‘l.
595 4619 881 4688 Postquam
911 4619 1029 4671 illos
1059 4632 1126 4669 eo
1154 4616 1483 4681 deduxerat,
1519 4628 1573 4671 ut
1599 4619 1668 4674 de
1702 4625 2021 4679 necessariis

437 4711 503 4765 ad
526 4712 721 4766 victum
749 4709 847 4764 sibi
877 4708 1279 4780 suppeditandis
1306 4708 1639 4763 confiderent
1663 4752 1678 4776 ,
1706 4720 1760 4765 et
1786 4715 2021 4769 nuntium

436 4804 625 4857 domos
665 4804 794 4871 ipsis
819 4811 1129 4872 aperuerat,
1174 4801 1714 4873 honestissimamque
1756 4808 2024 4875 ingressus

438 4892 662 4946 formam
687 4894 929 4959 dederat,
956 4910 1060 4947 non
1086 4903 1141 4946 ut
1165 4909 1388 4948 errones
1415 4904 1468 4947 et
1494 4896 1769 4949 mendicos
1795 4912 1915 4953 esse
1940 4899 2026 4966 ju-

438 4984 608 5048 hens,
647 4984 739 5037 sed
786 4995 840 5037 nt
875 4999 934 5037 se
977 4985 1388 5053 suscipientibus
1433 4984 1587 5054 longe
1630 4989 2027 5054 praestantiorcs

439 5073 569 5140 (hoc
588 5072 729 5125 enim
761 5072 1210 5141 significavitcum
1232 5075 1366 5128 dixit
1394 5093 1405 5128 :
1439 5075 1633 5145 Dignus
1659 5086 1730 5129 est
1763 5080 2027 5146 operarius

440 5161 668 5216 mercede
692 5176 818 5222 sua;
844 5168 898 5213 et
934 5175 1054 5213 cmn
1085 5164 1335 5231 prmcepil
1359 5164 1660 5231 explorare,
1688 5168 1808 5235 quis
1835 5167 2030 5237 dignus

438 5262 623 5317 esset,
668 5251 844 5319 ibique
887 5265 1144 5309 manere.
1183 5261 1343 5321 atque
1388 5255 1714 5321 excipientes
1762 5258 2017 5320 salutare.

438 5357 669 5411 cumque
704 5355 808 5394 non
846 5339 1259 5407 suscipientibus
1290 5341 1635 5396 intolerabilia
1677 5347 2031 5401 comminatus

443 5442 587 5488 esset
625 5431 796 5501 mala)
828 5448 842 5484 :
875 5438 1150 5500 postquam
1197 5432 1354 5501 igitur
1381 5432 1457 5485 sic
1490 5448 1705 5488 omnem
1739 5451 1922 5490 curam
1964 5438 2032 5491 ab

443 5524 575 5594 ipsus
614 5522 867 5592 eiecerat,
904 5536 968 5575 ac
991 5521 1285 5590 signorum
1307 5522 1612 5590 spectaculo
1639 5527 1945 5591 munierat,
1977 5538 2033 5582 et

443 5616 595 5685 quasi
626 5616 831 5669 ferreos
852 5611 1326 5685 adamantinosque
1343 5612 1663 5681 reddiderat,
1688 5617 2035 5674 saecularibus

2128 4350 2377 4405 omnibus
2407 4353 2712 4422 superiores
2735 4392 2750 4416 ,
2774 4359 2826 4404 et
2854 4349 2921 4403 ab
2959 4349 3104 4404 omni
3148 4359 3492 4417 temporanea
3521 4348 3719 4405 sollici-

2138 4440 2323 4495 tudine
2375 4440 2669 4497 liberatos:
2704 4441 2917 4495 demum
2948 4440 3034 4494 illa
3087 4440 3327 4510 praedicit
3373 4440 3509 4495 mala
3533 4482 3548 4504 ,
3601 4456 3719 4509 qua-

2132 4533 2276 4601 ipsos
2316 4533 2561 4586 invasnra
2594 4545 2745 4587 erant
2776 4549 2788 4584 :
2824 4548 2929 4585 non
2965 4533 3135 4586 solum
3181 4548 3243 4587 ea
3288 4548 3409 4603 qua:
3438 4534 3715 4603 paulopost

2132 4622 2331 4685 futura,
2383 4622 2477 4676 sed
2531 4623 2690 4676 etiam
2744 4638 2805 4677 ea
2856 4638 2975 4692 qua;
3026 4631 3146 4693 post
3192 4623 3419 4678 multum
3466 4624 3721 4693 temporis

2132 4722 2286 4767 erant
2314 4722 2568 4767 eventura
2593 4752 2606 4775 ,
2642 4713 2731 4767 ditt
2762 4725 2887 4767 ante
2928 4714 3045 4767 illos
3084 4713 3148 4768 ad
3187 4713 3385 4768 bellum
3416 4728 3720 4783 praeparans

2132 4812 2317 4857 contra
2340 4802 2607 4857 diabolum
2635 4803 3055 4873 suscipiendum.
3086 4803 3241 4857 Multa
3271 4804 3414 4858 enim
3442 4805 3566 4857 hinc
3587 4804 3721 4857 bona

2134 4891 2482 4961 emergebant
2526 4908 2538 4945 :
2588 4892 2780 4961 pritno,
2831 4893 2972 4962 quod
3026 4892 3191 4963 ipsius
3231 4893 3582 4961 pra‘scientia:
3619 4892 3722 4945 vim

2135 4992 2485 5052 agnoscerent
2517 4999 2531 5047 ;
2576 4982 2842 5049 secundo,
2874 4984 3016 5053 quod
3050 5000 3206 5037 nemo
3235 4985 3493 5054 suspicari
3525 4994 3726 5053 posset,

2137 5073 2253 5127 hmc
2279 5074 2415 5127 mala
2447 5073 2516 5126 ob
2543 5073 2776 5127 doctoris
2805 5075 3221 5128 imbecillitatem
3249 5076 3505 5139 evenire;
3542 5075 3722 5140 tertio,

2140 5180 2208 5219 ne
2252 5166 2286 5219 ii
2327 5166 2415 5235 qui
2459 5164 2571 5220 [nec
2622 5166 2826 5234 passuri
2852 5175 3035 5231 erant,
3068 5165 3508 5237 percellerentur,
3537 5165 3584 5219 si
3616 5164 3730 5219 haec

2141 5256 2501 5325 inexspectata
2523 5265 2579 5310 et
2600 5265 2794 5325 praeter
2829 5271 2982 5326 spem
3010 5258 3368 5321 accidissent;
3408 5266 3602 5327 quat-to
3621 5299 3636 5320 ,
3666 5271 3734 5310 ne

2146 5348 2258 5401 hate
2278 5348 2455 5403 crucis
2474 5357 2713 5416 tempore
2740 5347 3019 5403 audientes
3046 5348 3427 5414 turbarentur;
3460 5365 3581 5402 nam
3606 5357 3734 5401 tunc

2145 5437 2335 5491 turbati
2366 5446 2510 5503 sunt,
2538 5452 2657 5492 cum
2678 5440 3009 5507 exprobrans
3030 5439 3161 5507 ipsis
3186 5439 3389 5493 diceret
3414 5458 3426 5491 :
3456 5440 3592 5506 Quia
3619 5442 3727 5492 nec

2146 5529 2384 5598 loquutus
2426 5546 2537 5583 sum
2580 5530 2749 5595 vobis,
2779 5531 2985 5584 tristitia
3015 5531 3238 5601 implevit
3280 5548 3367 5584 cor
3393 5541 3612 5585 vestrum
3636 5570 3652 5592 ,
3688 5539 3734 5582 et

2145 5636 2289 5673 nemo
2312 5636 2374 5673 ex
2393 5621 2528 5675 vobis
2548 5620 2822 5689 interrogat
2849 5636 2947 5688 me,
2970 5620 3083 5688 Quo
3096 5618 3241 5675 vadis
3261 5618 3437 5687 (Joan.
3470 5618 3551 5673 lli.
3578 5617 3628 5671 ti.
3656 5614 3735 5670 5'?
