4010 6128
359 287 461 339 589

352 403 418 456 06
454 400 742 471 προϐάτων
769 395 1079 467 ἡμερότητα
1117 393 1275 474 μόνον
1309 392 1453 464 ἔχειν
1487 389 1718 448 κελεύει.
1761 389 1898 443 ἀλλά
1936 389 2029 442 καὶ

355 490 454 560 τῆς
477 485 822 558 περιστερᾶς
863 482 923 535 τὸ
970 483 1247 553 ἀκέραιον.
1309 479 1466 532 Οὕτω
1508 479 1616 548 γὰρ
1653 477 1888 547 μάλιστα
1927 475 2029 546 τὴν

348 574 495 644 ἐμὴν
529 571 829 641 ἐνδείξομαι
865 570 1037 640 ἰσχὺν,
1068 561 1197 623 ὅταν
1229 567 1480 638 πρόϐατα
1511 565 1690 618 λύκων
1735 563 2026 635 περιγένη-

354 680 468 726 ται,
491 661 585 715 καὶ
610 662 668 714 ἐν
698 659 848 730 μέσῳ
880 657 988 710 τῶν
1009 655 1187 711 λύκων
1203 656 1352 719 ὄντα,
1373 653 1464 706 καὶ
1495 653 1663 726 μυρία
1681 652 2028 722 λαμϐάνοντα

336 751 630 822 αδήγματα,
685 747 758 820 μὴ
804 745 962 818 μόνον
1013 745 1086 816 μὴ
1133 744 1181 777 ’⁸
1225 741 1708 812 καταναλίσκηται,
1751 738 1890 794 ἀλλά
1933 739 2029 793 καὶ

345 841 598 904 ’ἐκείνους
626 835 965 910 μεταϐάλλῃο
1007 835 1035 887 ὃ
1070 831 1246 903 πολλῷ
1285 830 1728 902 θαυμαστότερόν
1769 830 1886 882 ἐστι
1932 828 2030 883 κα)⁵

362 930 546 1000 μεῖζον
574 926 665 981 τοῦ
700 924 928 988 ἀνελεῖν,
958 922 1020 975 τὸ
1052 919 1361 992 μεταθεῖναι
1389 919 1487 992 τὴν
1518 918 1767 989 γνώμην,
1801 918 1897 971 καὶ
1931 934 2029 989 με-

343 1015 724 1090 ·ταρρυθμίσαι
751 1012 849 1084 τὴν
893 1011 1164 1065 διάνοιαν
1201 1009 1296 1062 καὶ
1329 1005 1499 1062 ταῦτα
1549 1007 1757 1061 δώδεκα
1794 1006 1944 1070 ὄντες
1979 1006 2026 1039 ’⁸

340 1107 540 1176 μόνον,
581 1104 677 1174 τῆς
701 1099 1022 1170 οἰκουμένης
1047 1097 1157 1150 τῶν
1175 1094 1352 1149 λύκων
1378 1094 1862 1166 ἐμπεπλησμένης.

427 1189 818 1263 Αἰσχυνώμεθα
831 1187 1009 1241 τοίνυν
1033 1185 1084 1237 οῖ
1108 1182 1362 1239 τάναντία
1391 1181 1688 1246 ποιοῦντες,
1711 1183 1759 1235 οί
1779 1182 1855 1246 ὡς
1873 1181 2028 1238 λύκοι

353 1283 468 1346 τοῖς
501 1279 712 1350 ἐχθροῖς
750 1273 1134 1344 ἐπιτιθέμενοι.
1169 1271 1312 1334 Ἕως
1335 1270 1445 1342 7&9
1470 1269 1535 1324 ἀν
1567 1263 1718 1339 ῶμεν
1757 1270 2024 1340 πρόϐατα,

348 1369 625 1438 νικῶμεν·
671 1363 774 1418 κᾶν
818 1361 1000 1432 μυρίοι
1035 1358 1542 1430 περιστοιχίσωνται
1591 1357 1767 1419 λύκοι,
1818 1373 2030 1428 περιγι-

356 1455 558 1527 νόμεθα
601 1452 694 1506 καὶ
723 1449 1063 1523 κρατοῦμεν·
1106 1447 1172 1501 ἂν
1219 1447 1276 1500 δὲ
1308 1445 1595 1516 γενώμεθα
1632 1443 1808 1506 λύκοι,
1856 1444 2030 1516 ήττώο

347 1541 499 1613 Δμεθει
520 1557 534 1570 ·
571 1537 861 1608 ἀφίσταται
889 1534 998 1605 γὰρ
1019 1531 1176 1604 ήμῶν
1205 1533 1239 1602 ἡ
1267 1529 1362 1585 τοῦ
1394 1533 1650 1602 ποιμένος
1678 1531 1917 1603 βοήθεια.
1949 1529 2026 1586 Οὐ

347 1629 466 1700 γὰρ
491 1626 708 1688 λύκους,
748 1622 881 1677 ἀλλά
926 1620 1176 1692 πρόϐατα
1209 1619 1509 1689 ποιμαίνει,
1563 1619 1657 1671 καὶ
1689 1620 1703 1649 ¹
1759 1617 2027 1688 καταλιμ-

349 1716 520 1771 quive:
570 1729 629 1765 σε
670 1712 765 1764 καὶ
806 1709 1120 1780 ἀναχωρεῖο
1175 1705 1297 1759 οὐδὲ
1345 1706 1456 1776 γὰρ
1511 1707 1811 1776 συγχωρεῖς
1860 1704 2024 1760 αὑτοῦ

346 1803 634 1876 ’δειχθῆναι
682 1803 779 1872 τὴν
823 1799 1073 1869 δύναμιν.
1114 1797 1213 1849 “Av
1252 1795 1350 1865 μὲν
1399 1795 1509 1865 γὰρ
1564 1795 1789 1864 πάσχων
1841 1794 2027 1859 κακῶς

343 1891 669 1962 ἡμερότητα
705 1887 960 1957 ἐπιδείξῃ,
995 1883 1145 1955 αὐτῷ
1173 1881 1443 1950 λογίζεται
1474 1881 1618 1934 ἆπαν
1640 1881 1701 1934 τὸ
1729 1880 1988 1952 τρόπαιον
2009 1895 2024 1911 ·

348 1981 425 2036 ,ἀν
452 1981 509 2034 δὲ
532 1978 751 2049 ἐπεξίῃς
776 1976 871 2030 καὶ
899 1971 1194 2045 πυκτεύῃς,
1230 1970 1567 2034 ἐπισκιάζεις
1595 1971 1662 2040 τῇ
1697 1969 1843 2043 νίκῃ.
1876 1970 1948 2022 Σὺ
1969 1969 2026 2023 δέ

355 2087 450 2139 μοι
483 2067 673 2121 σκόπει
721 2065 865 2126 τίνες
913 2061 1050 2114 εἰσὶν
1091 2061 1140 2113 οί
1187 2059 1297 2113 τῶν
1345 2057 1782 2130 προσταγμάτων
1821 2055 2026 2111 τούτων

355 2155 644 2218 ἀκούοντες
684 2151 792 2206 τῶν
835 2146 1085 2219 σκληρῶν
1111 2146 1208 2201 καὶ
1261 2145 1566 2199 ἐπιπόνωνο
1621 2145 1670 2198 οί
1714 2143 1879 2198 δειλοὶ
1929 2144 2026 2198 καὶ

357 2243 594 2297 ἰδιῶται·
642 2242 691 2294 οί
739 2237 1094 2308 ἀγράμματοι
1140 2234 1233 2287 καὶ
1279 2231 1511 2304 ἀμαθεῖς
1537 2249 1552 2263 ο
1597 2232 1645 2284 οί
1690 2231 1955 2285 πάντοθεν
2004 2233 2024 2262 ¹

354 2332 587 2402 ἄσημοι·
628 2328 678 2380 οἱ
711 2325 979 2396 μηδέποτε
1016 2323 1129 2386 τοῖς
1173 2319 1373 2384 ἔξωθεν
1416 2317 1774 2389 ἐντραφέντες
1802 2319 2021 2388 νόμοις*

352 2420 401 2471 οἱ
422 2419 497 2489 μὴ
518 2413 725 2486 ταχέως
751 2411 828 2474 είς
849 2406 1052 2489 ἀγορὰς
1075 2404 1433 2477 ἐμϐάλλοντες
1461 2402 1686 2466 ἑαυτούς
1705 2420 1720 2432 ο
1753 2405 1803 2456 οἱ
1832 2403 2022 2466 ἁλιεῖς,

353 2509 402 2560 οί
423 2485 681 2568 τελῶναι,
712 2502 761 2554 οί
800 2485 1007 2571 μυρίων
1033 2497 1296 2566 γέμοντες
1319 2493 1733 2563 ἐλαττωμάτων.
1758 2491 1820 2544 Εἰ
1847 2491 1905 2544 δὲ
1928 2493 2024 2544 καὶ

351 2595 477 2658 τοὺς
506 2589 744 2662 ὑψηλοὺς
769 2587 865 2641 καὶ
897 2584 1168 2657 μεγάλους
1201 2581 1362 2637 ίκανά
1405 2579 1579 2635 ταῦτα
1604 2577 1901 2650 θορυϐῆσαι
1930 2573 2019 2648 ἦν,

353 2681 477 2743 τοὺς
500 2676 761 2733 πάντοθεν
785 2673 1045 2744 ἀπείρους
1065 2670 1160 2724 καὶ
1175 2669 1326 2722 οὐδὲν
1346 2668 1600 2722 οὐδέποτε
1622 2665 2024 2736 φαντασθέντας

349 2769 596 2834 γενναῖον
630 2764 742 2826 πῶς
773 2762 872 2814 οὐκ
917 2756 986 2831 ἦν
1031 2757 1192 2812 ίκανά
1222 2754 1548 2809 καταϐαλεῖν
1586 2756 1680 2807 καὶ
1718 2753 2018 2825 ὲκπλῆξαι;

361 2852 500 2905 Ἀλλ’
529 2852 588 2903 06
619 2847 902 2902 κατέϐαλε.
938 2847 1046 2898 Καὶ
1073 2843 1217 2915 μάλα
1251 2841 1494 2904 εἰκότως,
1534 2840 1663 2903 ίσως
1693 2840 1716 2872 ⁸
1755 2842 1897 2893 εῐποι
1938 2856 2022 2904 τις

351 2940 415 2993 ἄν
437 2955 452 2970 ο
481 2937 646 2991 ἔδωκε
669 2936 775 3005 γάρ
814 2934 999 2996 αὐτοῖς
1033 2931 1281 2999 ἐξουσίαν
1311 2929 1544 3000 λεπροὺς
1573 2926 1880 3000 καθαίρειν,
1905 2927 2019 2981 δαί-

355 3041 520 3095 μονας
568 3021 830 3076 ἐλαύνειν.
887 3017 1028 3087 Ἐγὼ
1061 3019 1118 3072 δὲ
1151 3018 1328 3071 ἐκεῖνο
1371 3015 1438 3069 ἀν
1470 3015 1702 3085 είποιμι,
1755 3015 1837 3069 ὅτι
1887 3013 2018 3069 αὐτὸ

352 3111 453 3183 μὲν
501 3106 594 3163 οὖν
645 3107 804 3161 τοῦτο
843 3106 1075 3176 μάλιστα
1127 3105 1324 3167 αὐτοὺς
1365 3103 1545 3156 ἱκανὸν
1592 3098 1660 3174 ἦν
1695 3100 2014 3173 θορυϐῆσαι,

348 3199 430 3251 ὅτι
459 3199 481 3230 ⁸
501 3199 593 3252 καὶ
623 3195 848 3267 νεκροὺς
871 3195 1172 3264 ἐγείροντες
1193 3191 1262 3246 τά
1288 3192 1562 3262 ἀνήκεστα
1595 3188 1772 3242 ταῦτα
1795 3187 2017 3260 ἔμελλον

350 3286 663 3356 ὑπομένειν,
706 3285 799 3338 καὶ
835 3283 1181 3354 δικαστήρια,
1222 3280 1318 3333 καὶ
1371 3277 1695 3346 ἀπαγωγὰς,
1752 3277 1848 3330 καὶ
1890 3277 2017 3341 τοὺς

349 3374 501 3446 παρά
521 3373 736 3427 πάντων
771 3371 1058 3442 πολέμους,
1101 3368 1197 3422 καὶ
1237 3367 1298 3422 τὸ
1342 3364 1519 3420 κοινὸν
1555 3365 1657 3435 τῆς
1693 3364 2016 3435 οἰκουμένης

352 3465 526 3531 μῖσος,
555 3462 646 3515 καὶ
671 3461 893 3514 τοιαῦτα
919 3460 1113 3519 αὐτοὺς
1139 3453 1686 3527 θαυματουργοῦντας
1724 3451 2016 3522 ἀναμένειν

347 3550 515 3604 δεινά.
551 3549 647 3612 Τίς
671 3544 763 3602 οῦν
795 3549 830 3619 ή
858 3547 1060 3600 τούτων
1111 3545 1327 3597 πάντων
1374 3541 1758 3613 παράκλησις;
1816 3541 1879 3593 Ἦ
1921 3539 2014 3592 τοῦ

348 3636 654 3706 πέμποντος
682 3633 930 3703 δύναμις.
963 3631 1053 3684 Διὸ
1079 3632 1171 3682 καὶ
1201 3629 1356 3682 τοῦτο
1392 3628 1496 3698 πρὸ
1529 3628 1744 3680 πάντων
1776 3625 2012 3692 τέθεικε,

348 3723 552 3790 λέγων·
595 3718 750 3774 Ἰδοὺ
777 3718 891 3787 ἐγὼ
921 3714 1277 3772 ἀποστέλλω
1311 3712 1484 3783 ὑμῶς.
1538 3714 1722 3783 Ἀρκεῖ
1754 3711 1910 3765 τοῦτο
1935 3715 2015 3777 εἰς

349 3806 702 3880 παραμυθίαν
756 3806 913 3876 ὑμῖνο
969 3804 1130 3873 ἀρκεῖ
1171 3801 1330 3856 τοῦτο
1376 3803 1456 3864 είς
1493 3800 1555 3854 τὸ
1611 3800 1865 3873 θαρῤεἴν,
1921 3799 2014 3854 καὶ

350 3895 554 3970 μηδένα
583 3897 605 3928 ⁸
639 3893 932 3948 δεδοικέναι
955 3891 1061 3946 τῶν
1089 3891 1370 3945 ἐπιόντων.

421 3982 485 4055 β’.
527 3979 676 4045 Εἶδες
722 3979 1040 4046 αὐθεντίανς
1091 3973 1232 4044 εῖδες
1280 3977 1568 4044 ἐξουσίαν;
1608 3973 1747 4040 εἶδες
1782 3975 2012 4048 δύναμιν

347 4072 592 4144 ἀμαχονς
635 4069 701 4126 Ὃ
733 4071 789 4124 δὲ
816 4069 985 4139 λέγει,
1035 4068 1274 4122 τοιοῦτόν
1324 4069 1479 4122 ἐστι’
1527 4066 1618 4138 Μὴ
1652 4065 2009 4138 θορυϐηθῆτε,

347 4165 531 4233 φησὶν,
559 4161 639 4214 ὅτι
662 4157 863 4229 μεταξὺ
888 4157 1064 4212 λύκων
1108 4157 1359 4228 πέμπων,
1409 4155 1485 4220 ὡς
1526 4154 1773 4227 πρόϐατα
1809 4156 1905 4210 καὶ
1935 4156 2012 4220 ὡς

345 4248 672 4322 περιστερὰς
710 4243 847 4300 εἶναι
884 4246 1108 4299 κελεύω.
1154 4245 1460 4315 Ἦδυνάμην
1503 4244 1599 4315 μὲν
1636 4244 1744 4316 7&9
1792 4247 2012 4316 ποιῆσαι

344 4335 672 4399 τούναντίον,
703 4334 795 4389 καὶ
815 4333 981 4404 μηδὲν
1009 4331 1158 4404 [379]
1193 4332 1337 4402 ὑμᾶς
1364 4332 1578 4399 ἀφεῖναι
1606 4331 1776 4386 δεινὸν
1809 4332 2013 4402 ὑπομέ-

344 4440 477 4487 νειν,
512 4421 646 4494 μηδὲ
662 4420 738 4484 ὼς
758 4419 1004 4492 πρόϐατα
1033 4417 1361 4488 ὁποτεθῆναι
1387 4417 1592 4482 λύκοις,
1614 4417 1751 4472 ἀλλά
1782 4418 2012 4473 λεόντων

345 4507 682 4582 ἐργάσασθαι
713 4506 1148 4578 φοϐερωτέρους⁶
1196 4505 1308 4559 ἀλλ’
1348 4504 1488 4557 οὕτω
1536 4505 1804 4576 συμφέρει
1856 4506 2010 4574 γενέ-

347 4597 489 4651 σθαι.
509 4595 678 4650 Τοῦτο
698 4596 792 4649 καὶ
822 4594 964 4665 ὑμᾶς
993 4591 1406 4664 λαμπροτέρους
1429 4595 1573 4645 ποιεῖ
1593 4607 1606 4620 ⁸
1630 4592 1786 4645 τοῦτο
1805 4594 1895 4646 καὶ
1910 4593 2010 4665 τὴν

345 4685 481 4754 ἐμὴν
531 4683 893 4756 ἀνακηρύττει
955 4680 1200 4749 δύναμιν.
1251 4679 1423 4734 Τοῦτο
1475 4680 1569 4733 καὶ
1612 4680 1748 4750 πρὸς
1799 4681 2009 4735 Παῦλον

346 4771 528 4838 ἔλεγεν
548 4787 560 4801 ·
602 4770 788 4839 Ἀρκεῖ
818 4783 916 4823 σοι
949 4768 986 4835 ἡ
1019 4766 1192 4839 χάρις
1209 4783 1362 4837 μουο
1394 4766 1434 4836 ἠ
1469 4766 1579 4836 γὰρ
1614 4765 1867 4836 δύναμίς
1888 4785 2008 4836 μου

343 4857 415 4910 ἐν
459 4856 740 4921 ἀσθενείᾳ
793 4855 1140 4910 τελειοῦται.
1218 4851 1359 4922 Ἐγὼ
1411 4853 1590 4907 τοίνυν
1652 4852 1824 4917 οὕτως
1865 4855 2007 4924 ὑμᾶς

347 4942 577 5013 ἐποίησα
609 4939 766 4997 εῖναι.
798 4944 969 4997 Ὅταν
999 4943 1105 5014 γὰρ
1129 4943 1280 5015 εἴπῃ,
1322 4942 1463 5012 Ἐγὼ
1483 4943 1834 4996 ἀποστέλλω
1854 4943 2008 5012 ὑμᾶς

343 5033 425 5099 ὡς
445 5031 725 5100 πρόϐατα,
753 5029 907 5083 τοῦτο
938 5031 1230 5085 αἰνίττεται
1250 5049 1264 5062 ο
1293 5029 1384 5102 Μὴ
1409 5030 1589 5084 τοίνυν
1620 5031 1962 5102 καταπέσητε
1989 5050 2002 5064 ·

341 5117 459 5174 οἶδα
489 5116 616 5188 7&9,
645 5113 762 5169 οῖδα
785 5117 991 5186 σαφῶς,
1018 5119 1099 5172 ὃτι
1129 5119 1300 5190 ταύτῃ
1327 5118 1560 5189 μάλιστα
1586 5119 1751 5172 πᾶσιν
1779 5119 2006 5190 ἀχείρω-

339 5227 424 5264 τοι
460 5206 668 5261 ἔσεσθε.
704 5201 857 5269 Εῐτα,
910 5204 998 5258 ῖνα
1033 5223 1085 5258 τι
1119 5207 1210 5258 καὶ
1251 5207 1381 5276 παρ’
1427 5205 1636 5260 ἐαυτῶν
1685 5207 2001 5278 εἰσφέρωσι,

340 5298 432 5352 καὶ
465 5295 539 5368 μὴ
581 5293 758 5348 πάντα
801 5291 898 5364 τῆς
931 5291 1152 5362 χάριτος
1198 5287 1334 5346 εῖναι
1383 5293 1531 5364 δοκῇ.
1583 5293 1717 5363 μηδέ
1761 5297 1881 5366 εικῆ
1912 5296 2006 5348 καὶ

343 5387 517 5459 μάτην
555 5378 944 5456 στεφανοῦσθαι
990 5378 1336 5451 νομίζωνται,
1382 5381 1550 5453 φησί·
1602 5383 1856 5462 Γίνεσθε
1892 5378 2005 5438 οὖν

1187 278 1247 334 S.
1285 275 1572 332 JOANNIS
1608 271 2099 328 CIIRYSOSTOHI
2139 270 2458 331 ARCHIEP.
2489 273 3037 330 CONSTANTINOP.

3695 282 3806 338 390

2131 389 2401 456 φρόνιμοι
2432 390 2513 454 ὠς
2541 393 2594 443 οἱ
2629 391 2815 458 ὄφεις,
2845 391 2944 444 καὶ
2971 390 3229 459 ἀκέραιοι
3255 393 3413 458 (bc-al
3437 412 3748 470 περιστερι.
3763 406 3782 454 ί
3788 443 3803 460 .

2131 475 2241 527 Καὶ
2271 476 2323 528 τί
2349 475 2548 529 δύναιτ’
2579 477 2643 531 ἀν
2673 479 2706 548 ή
2741 478 2985 549 ἡμετέρα
3008 478 3284 549 φρόνησις,
3317 483 3504 552 φησὶν,
3527 485 3585 540 ἐν
3615 491 3805 544 τοσού-

2127 577 2242 626 τοις
2276 563 2538 628 κινδύνοις
2561 581 2576 630 ;
2614 564 2727 628 πῶς
2742 564 2797 616 δὲ
2825 565 2962 627 δλως
2985 565 3323 637 δυνησόμεθα
3352 571 3614 643 φρόνησιν
3633 575 3801 646 ἔχειν,

2129 651 2235 705 61:0
2269 653 2538 706 τοσούτων
2582 653 3060 726 περιαντλούμενοι
3099 656 3389 726 κυμάτωνς
3441 661 3602 716 ’Όσον
3639 666 3748 736 γὰρ
3779 669 3801 699 ⁸

2129 738 2198 792 ἂν
2236 739 2463 810 γένηται
2503 740 2762 810 φρόνιμον
2809 741 3078 812 πρόϐατον
3126 743 3330 812 μεταξὺ
3375 744 3555 801 λύκων
3591 748 3673 810 ὃν,
3707 754 3802 807 καὶ

2127 824 2307 880 λύκων
2344 826 2632 893 τοσούτων,
2663 828 2717 882 τί
2753 827 3040 898 δυνήσεται
3066 828 3227 883 πλέον
3273 831 3468 886 ἀνύσαι
3495 851 3510 898 ;
3534 837 3659 889 ὅσον
3686 841 3706 870 ⁷
3734 841 3799 894 ἂν

2128 913 2356 984 γένηται
2383 915 2640 987 ἀκέραιος
2681 916 2714 987 ή
2743 917 3064 988 περιστερὰ,
3107 917 3163 970 τί
3195 917 3490 990 ὠφελήσει,
3528 927 3792 980 τοσούτων

2126 1003 2488 1072 ἐπικειμένων
2513 1002 2782 1075 ίεράκων;
2824 1002 2945 1057 Ἐπὶ
2978 1004 3078 1075 μὲν
3106 1005 3131 1037 ⁸
3174 1006 3283 1061 τῶν
3322 1008 3555 1076 ἀλόγων,
3606 1013 3759 1066 οὐδέν
3780 1031 3793 1044 ο

2097 1099 2101 1105 ·
2128 1089 2221 1142 ἐπὶ
2245 1089 2304 1142 δέ
2327 1088 2501 1160 ὑμῶν,
2535 1089 2604 1144 τά
2631 1091 2882 1162 μέγιστα.
2927 1090 3066 1146 Ἀλλ’
3112 1092 3310 1164 ἴδωμεν
3346 1096 3504 1148 ποίαν
3539 1100 3801 1171 φρόνησιν

2126 1176 2359 1230 ἐνταῦθα
2393 1179 2632 1233 ἀπαιτεῖ.
2684 1179 2794 1249 Τὴν
2831 1179 2924 1234 τοῦ
2954 1181 3150 1250 ὄφεως,
3193 1183 3345 1253 φησί.
3398 1184 3658 1260 Καθάπερ
3689 1190 3804 1262 7&9

2127 1266 2335 1329 ἐκεῖνος
2379 1267 2447 1320 τὰ
2498 1267 2674 1320 πάντα
2709 1268 2974 1339 προΐεται,
3036 1269 3138 1322 κᾶν
3187 1269 3320 1323 αὐτὸ
3376 1271 3468 1343 δέῃ
3519 1275 3580 1326 τὸ
3635 1275 3802 1346 σῶμα

2128 1352 2533 1423 ἀποτμηθῆναι,
2591 1354 2652 1407 06
2704 1355 2906 1426 σφόδρα
2944 1357 3226 1426 ἀντέχεται
3273 1358 3460 1423 αὐτοῦ,
3510 1360 3653 1416 ὥστε
3696 1363 3796 1434 τὴν

2127 1439 2369 1512 κεφαλὴν
2417 1440 2775 1512 διατηρῆσαιο
2833 1441 2974 1496 οὕτω
3019 1444 3115 1496 καὶ
3167 1444 3254 1508 σὺ,
3312 1445 3465 1516 φησὶ,
3522 1447 3660 1520 πλὴν
3697 1451 3799 1519 τῆς

2129 1527 2364 1590 πίστεως
2399 1527 2574 1581 πάντα
2621 1528 2849 1596 ἐκδίδου,
2898 1530 3003 1583 κᾶν
3047 1531 3323 1602 χρήματα,
3365 1533 3467 1586 κᾶν
3506 1534 3566 1588 τὸ
3610 1536 3793 1608 σῶμα.

2130 1613 2232 1669 κᾶν
2287 1614 2456 1686 αὐτὴν
2504 1615 2604 1687 τὴν
2640 1616 2816 1688 ψυχὴν
2854 1615 3101 1671 ἐκδοῦναι
3156 1618 3271 1691 δέῃ.
3313 1620 3555 1675 Ἑκεῖνο⁹
3599 1623 3707 1696 γὰρ
3761 1627 3797 1695 ἡ

2129 1702 2337 1774 κεφαλὴ
2366 1704 2460 1757 καὶ
2487 1705 2519 1776 ή
2547 1705 2672 1776 ῥίζα
2695 1723 2709 1738 ο
2742 1705 2999 1776 κάκείνης
3018 1706 3465 1779 διατηρουμένης,
3494 1709 3593 1764 κάν
3617 1712 3798 1765 πάντα

2129 1791 2419 1863 ἀπολέσῃς,
2463 1792 2677 1846 ἅπαντα
2719 1793 2997 1864 ἀνακτήσῃ
3039 1793 3199 1848 πάλιν
3218 1796 3374 1864 μετὰ
3417 1795 3662 1860 πλείονος
3693 1799 3798 1869 τῆς

2129 1878 2506 1948 περιφανείας.
2543 1879 2642 1933 Διά
2668 1879 2731 1949 δὴ
2764 1878 2922 1933 τοῦτο
2949 1879 3072 1933 οῦτε
3103 1881 3304 1934 ἁπλοῦν
3353 1899 3476 1936 τινα
3519 1878 3659 1937 εἷναι
3699 1887 3797 1938 καὶ

2128 1965 2300 2036 ἀφελῆ
2327 1965 2679 2038 προσέταξεν,
2719 1965 2842 2020 οὔτε
2871 1967 3132 2038 φρόνιμον
3171 1969 3351 2038 μόνον,
3403 1969 3520 2022 ἀλλ’
3559 1971 3794 2042 ἐκέρασε

2125 2053 2297 2107 ταῦτα
2329 2054 2634 2125 ἀμφότερα,
2668 2053 2808 2106 ὥστε
2840 2053 3090 2124 γενέσθαι
3119 2055 3255 2108 αὐτὰ
3283 2057 3484 2130 ἀρετήν
3507 2075 3519 2089 ·
3564 2059 3660 2130 τὴν
3694 2060 3798 2129 μὲν

2127 2139 2386 2212 φρόνησιν
2417 2139 2510 2193 τοῦ
2541 2140 2717 2210 ὄφεως
2749 2142 2827 2204 είς
2867 2141 2927 2194 τὸ
2968 2141 3042 2212 μὴ
3074 2142 3400 2214 πλήττεσθαι
3443 2146 3499 2198 ἐν
3528 2149 3639 2209 τοῖς
3672 2164 3797 2202 και-

2127 2230 2264 2298 ρίοις
2297 2227 2655 2298 παραλαϐών·
2707 2228 2766 2282 τὸ
2805 2227 2862 2282 δὲ
2907 2228 3161 2300 ἀκέραιον
3187 2230 3284 2300 τῆς
3316 2235 3661 2304 περιστερᾶς,
3711 2237 3795 2298 εἰς

2124 2318 2186 2370 τὸ
2220 2316 2295 2388 μή
2325 2316 2624 2386 ἀμύνεσθαι
2654 2317 2698 2349 ¹⁰
2731 2317 2856 2379 τοὺς
2884 2315 3222 2379 ἀδικοῦντας,
3268 2318 3402 2388 μηδέ
3431 2321 3794 2391 τιμωρεῖσθαι

2123 2404 2248 2467 τοὺς
2273 2403 2718 2467 ἐπιϐουλεύοντας
2740 2420 2756 2434 ·
2791 2403 2913 2456 ἐπεὶ
2940 2403 3100 2458 πάλιν
3124 2404 3274 2458 οὐδὲν
3312 2405 3503 2474 ὄφελος
3523 2407 3622 2478 τῆς
3652 2424 3791 2478 @90-

2122 2491 2348 2561 νήσεως,
2383 2491 2448 2544 ἂν
2482 2491 2554 2562 μὴ
2587 2490 2744 2544 τοῦτο
2772 2493 2970 2562 προσῇ.
3005 2491 3070 2545 Τί
3100 2491 3277 2545 τοίνυν
3315 2493 3521 2546 τούτων
3563 2495 3797 2548 εὐτονώ-

2123 2598 2278 2652 τερον
2319 2581 2512 2650 γένοιτ⁹
2545 2580 2612 2635 ἂν
2648 2581 2757 2634 τῶν
2804 2581 3228 2654 ἐπιταγμάτωνς
3279 2583 3353 2636 06
3390 2583 3499 2654 7&9
3526 2584 3684 2655 ἧρκει
3730 2585 3796 2639 τὸ

2124 2667 2316 2722 παθεῖν
2349 2667 2568 2733 κακῶς;
2611 2668 2766 2739 Οὐχὶ,
2796 2669 2990 2738 φησίν·
3027 2670 3142 2723 ἀλλ’
3185 2671 3306 2723 οὐδὲ
3343 2672 3666 2740 ἀγανακτεῖν
3708 2690 3797 2727 σοι

2124 2755 2412 2828 συγχωρῶ.
2448 2756 2618 2810 Τοῦτο
2641 2757 2748 2827 γάρ
2769 2757 2913 2809 ἐστιν
2937 2757 2970 2827 ή
2995 2757 3310 2828 περιστερά.
3344 2757 3554 2830 Ὥσπερ
3575 2758 3641 2812 ἂν
3667 2761 3718 2812 εἰ
3745 2761 3791 2794 ⁸⁸

2120 2863 2204 2909 τις
2227 2847 2468 2916 κάλαμον
2501 2848 2578 2911 είς
2608 2846 2719 2918 πῦρ
2746 2847 3017 2919 ἐμϐαλὼν,
3048 2848 3258 2902 κελεύοι
3299 2849 3374 2921 μὴ
3404 2851 3653 2905 καίεσθαι
3686 2851 3796 2906 ὑπὸ

2122 2935 2217 2990 τοῦ
2243 2937 2434 3008 πυρὸς,
2460 2936 2596 2991 ἀλλά
2617 2937 2898 2992 σϐεννύναι
2946 2937 3006 2992 τὸ
3043 2939 3172 3009 πῦρ.
3230 2939 3390 2992 Ἀλλά
3429 2941 3502 3011 μὴ
3545 2941 3793 3012 θορυϐὠο

2126 3024 2300 3092 μεθα·
2360 3024 2455 3077 καὶ
2499 3023 2608 3096 γὰρ
2646 3026 2688 3058 ⁸⁸
2718 3024 2880 3096 ἐξέϐη
2926 3024 3119 3091 ταῦτα,
3160 3027 3255 3079 καὶ
3283 3027 3434 3092 τέλος
3484 3027 3664 3094 ἔλαϐε,
3695 3029 3794 3082 καὶ

2124 3111 2210 3164 ἐπ’
2235 3110 2412 3164 αὐτῶν
2443 3111 2655 3183 ἐδείχθη
2685 3112 2794 3166 τῶν
2820 3112 3017 3184 ἔργων,
3070 3115 3163 3168 καὶ
3207 3115 3460 3186 φρόνιμοι
3500 3117 3792 3185 γεγόνασιν

2121 3195 2196 3258 ὡς
2219 3197 2269 3249 οἱ
2304 3196 2476 3264 ὄφεις,
2513 3198 2607 3251 καὶ
2625 3197 2872 3267 ἀκέραιοι
2909 3197 2984 3261 ὡς
3012 3199 3069 3252 αῖ
3107 3199 3428 3270 περιστεραί
3451 3216 3465 3230 ⁸
3493 3201 3592 3253 οὐκ
3620 3200 3791 3272 ἄλλης

2122 3284 2272 3348 ὄντες
2305 3285 2536 3355 φύσεως,
2567 3285 2704 3340 ἀλλά
2729 3289 2827 3358 τῆς
2856 3288 3023 3358 αὐτῆς
3047 3289 3202 3358 ἡμῖν.
3231 3289 3322 3359 Μὴ
3347 3289 3524 3342 τοίνυν
3553 3289 3792 3346 ἀδύνατα

2121 3373 2387 3445 νομιζέτω
2416 3390 2500 3437 τις
2538 3369 2677 3448 εἶναι
2702 3375 2770 3427 τά
2795 3375 3164 3444 ἐπιτάγματα.
3194 3375 3305 3444 Πρὸ
3334 3375 3443 3448 7&9
3480 3377 3590 3430 τῶν
3613 3378 3791 3434 ἄλλων

2121 3462 2377 3516 ἁπάντων
2415 3461 2577 3526 αὐτὸς
2618 3435 2725 3515 ἃδε
2763 3461 2862 3533 τὴν
2899 3463 3007 3515 τῶν
3043 3465 3382 3533 πραγμάτων
3412 3466 3600 3534 φύσινο
3647 3466 3789 3523 οἶδεν

2121 3550 2202 3604 ὃτι
2236 3549 2509 3621 θρασύτης
2539 3551 2598 3604 06
2631 3549 2928 3623 θρασύτητι
2964 3549 3137 3623 [380],
3176 3553 3292 3606 ἀλλ’
3329 3555 3599 3627 ἐπιεικείᾳ
3631 3556 3783 3610 σϐένο

2121 3655 2296 3691 νυται.
2347 3639 2410 3691 Εί
2445 3638 2503 3692 δέ
2533 3639 2625 3693 καὶ
2668 3639 2759 3692 ἐπί
2789 3638 2897 3692 τῶν
2923 3639 3262 3710 πραγμάτων
3305 3639 3462 3694 τοῦτο
3504 3642 3788 3712 γινόμενον

2124 3723 2248 3777 ίδεῖν
2269 3724 2493 3790 ἐθέλοις,
2530 3725 2803 3794 ἀνάγνωθι
2824 3725 2932 3778 τῶν
2967 3727 3225 3797 Πράξεων
3247 3726 3354 3779 τῶν
3382 3728 3697 3783 ἀποστόλων
3719 3729 3787 3784 τὸ

2122 3811 2341 3882 βιϐλίον,
2401 3813 2495 3866 καὶ
2537 3813 2658 3884 ὄψει
2709 3814 2942 3878 ποσάκις
2991 3814 3085 3868 τοῦ
3125 3815 3297 3885 δήμου
3342 3815 3452 3870 τῶν
3518 3818 3784 3872 Ἰουδαίων

2119 3899 2614 3964 κατεξαναπάντος
2643 3902 2736 3953 καὶ
2773 3901 2897 3965 τοὺς
2936 3901 3154 3964 ὀδόντας
3185 3903 3462 3973 θήγοντος,
3497 3905 3595 3974 τὴν
3629 3923 3784 3977 περι-

2119 3984 2316 4056 στερὰν
2337 3979 2478 4038 οὗτοι
2507 3985 2852 4056 μιμούμενοι,
2882 3986 2974 4039 καὶ
2998 3986 3134 4056 μετά
3149 3987 3247 4056 τῆς
3273 3987 3586 4059 πρεπούσης
3609 3990 3784 4043 ἐπιει-

2116 4072 2272 4136 κείας
2327 4072 2768 4143 ἀποκρινόμενοι,
2823 4072 3123 4126 κατέλυσαν
3180 4073 3272 4126 τὸν
3322 4073 3544 4130 ἐκείνων
3585 4074 3778 4145 θυμὸν,

2116 4159 2346 4214 ἔσϐεσαν
2367 4159 2466 4231 τὴν
2499 4159 2714 4231 μανίαν,
2748 4158 3006 4225 ἐξέλυσαν
3053 4158 3152 4230 τὴν
3180 4161 3380 4232 ὁρμήν.
3425 4160 3642 4233 Ἐπειδὴ
3669 4162 3779 4234 γὰρ

2113 4247 2297 4315 ἔλεγον
2319 4265 2333 4278 ·
2367 4250 2448 4302 οὐ
2477 4248 2846 4317 παραγγελία
2879 4249 3360 4318 παρηγγείλαμεν
3387 4249 3529 4317 ὑμῖν
3552 4247 3638 4317 μὴ
3667 4253 3778 4304 λα-

2111 4333 2244 4388 λεῖν
2279 4334 2350 4388 ὲν
2382 4333 2463 4399 τῷ
2499 4335 2740 4402 ὀνόματι
2785 4336 3010 4399 τούτφ;
3053 4333 3228 4389 καίτοι
3287 4334 3456 4406 μυρία
3489 4335 3775 4406 δυνάμενοι

2112 4419 2561 4493 θαυματουργεῖν,
2583 4423 2754 4492 τραχὺ
2788 4421 2887 4492 μὲν
2907 4421 3060 4475 οὐδὲν
3087 4419 3208 4474 οὔτε
3237 4415 3409 4484 εἷπον,
3443 4419 3566 4474 οὔτε
3595 4421 3776 4494 ἐποίη-

2112 4524 2230 4576 σαν,
2266 4508 2403 4578 μετὰ
2431 4509 2734 4581 πραότητος
2763 4508 2823 4562 δὲ
2868 4509 3049 4578 πάσης
3087 4506 3450 4575 ἀπελογοῦντο
3487 4507 3735 4575 λέγοντες
3755 4525 3770 4540 ’

2109 4598 2180 4650 El
2197 4594 2434 4650 δίκαιόν
2457 4595 2630 4649 ἐστιν
2653 4594 2821 4664 ὑμῶν
2851 4596 3096 4650 ἀκούειν
3114 4593 3357 4663 μᾶλλον
3381 4594 3418 4662 ἣ
3456 4595 3564 4649 τοῦ
3601 4595 3770 4659 Θεοῦ,

2109 4683 2369 4752 κρίνατε.
2398 4678 2552 4744 Εἶδες
2575 4683 2635 4736 τὸ
2660 4681 2918 4754 ἀκέραιον
2959 4683 3058 4752 τῆς
3088 4683 3448 4754 περιστερᾶςς
3504 4681 3669 4752 βλέπε
3710 4682 3770 4736 τὸ

2109 4769 2371 4840 φρόνιμον
2425 4769 2518 4821 τοῦ
2583 4769 2758 4838 ὄφεως
2777 4786 2790 4800 ·
2863 4768 3050 4838 Ἡμεῖς
3099 4769 3208 4838 γὰρ
3258 4770 3330 4822 οὐ
3373 4768 3674 4836 δυνάμεθα
3730 4770 3769 4823 ἆ

2107 4857 2353 4927 οῖδαμεν
2366 4857 2409 4889 ¹³
2428 4857 2526 4910 καὶ
2543 4857 2896 4924 ἠκούσαμεν
2912 4857 2999 4926 μὴ
3013 4857 3243 4911 λαλεῖν.
3269 4853 3422 4916 Εἶδες
3435 4856 3551 4920 πῶς
3567 4873 3768 4910 παντα-

2107 4945 2262 5016 χόθεν
2304 4943 2715 5016 ἠκριϐωμένους
2755 4939 2894 4996 εἶναι
2940 4943 3068 5013 χρὴ,
3107 4942 3246 4996 ὥστε
3297 4941 3372 5014 μὴ
3405 4945 3452 4974 ¹⁶
3505 4943 3609 4996 ὑπὸ
3655 4960 3768 4996 κιν-

2107 5032 2278 5086 δύνων
2321 5030 2730 5098 ταπεινοῦσθαι,
2787 5031 2921 5102 μηδὲ
2965 5030 3070 5083 ὑπὸ
3117 5029 3290 5101 θυμοῦ
3327 5029 3764 5099 παροξύνεσθαις

2106 5119 2206 5174 Διὰ
2227 5119 2380 5174 τοῦτο
2413 5119 2508 5174 καὶ
2549 5119 2730 5188 ἔλεγε⁸
2766 5119 3096 5188 Προσέχετε
3128 5119 3244 5174 ἀπὸ
3271 5117 3389 5173 τῶν
3409 5121 3764 5186 ἀνθρώπων

2106 5207 2529 5276 παραδώσουσι
2572 5207 2682 5276 γὰρ
2719 5205 2874 5275 ὑμᾶς
2913 5207 3001 5272 εὶς
3040 5205 3345 5276 συνέδρια,
3389 5205 3482 5260 καὶ
3523 5207 3594 5259 ὲν
3638 5205 3766 5270 ταῖς

2104 5294 2480 5365 συναγωγαῖς
2515 5293 2713 5348 αὐτῶν
2745 5291 3234 5363 μαστιγώσουσιν
3286 5292 3472 5362 ὑμᾶς·
3512 5293 3613 5347 καὶ
3665 5293 3761 5346 ἐπὶ

2103 5381 2403 5452 ἡγεμόνας
2426 5383 2523 5436 καί
2545 5379 2821 5447 βασιλεῖς
2847 5377 3190 5448 ἀχθήσεσθε
3223 5378 3431 5433 ἕνεκεν
3470 5378 3643 5448 ἐμοῦ,
3678 5380 3763 5443 εις

399 5515 455 5552 ⁸⁸
483 5517 556 5588 μή
590 5531 702 5590 «nl.
729 5515 794 5590 ᾗ.
819 5513 882 5569 F.
958 5513 1194 5590 ”_0w_a;
1218 5508 1353 5565 Edd.
1432 5513 1567 5590 ’.καί
1595 5511 1792 5590 οιηίΒ.
1822 5512 1911 5590 F._
1959 5516 1980 5590 ξ

2111 5511 2292 5590 ποθεν]
2315 5513 2438 5590 add.
2468 5511 2705 5590 §w_e;_F.
2783 5514 2804 5547 ³
2835 5515 2987 5590 ἴσως]
3018 5516 3112 5570 καὶ
3145 5511 3360 5590 ἴσως-Ε.
3397 5512 3513 5590 ἀλλ’
3535 5510 3757 5590 ἔσως’-Ρ.

337 5581 615 5651 ῖσωςόἱη.
649 5584 713 5641 Β.
737 5583 988 5654 Nostram
1017 5583 1299 5654 lectionem
1328 5582 1498 5654 ivferljt
1523 5581 1617 5654 Ge.
1663 5581 1797 5654 Mog
1829 5585 1923 5654 καὶ
1955 5583 1999 5638 δι

2111 5602 2211 5643 Na;
2241 5581 2304 5637 Ε.

1023 5655 1042 5685 ’1
1067 5651 1221 5725 ὅσον-1
1239 5651 1297 5716 ὃς
1323 5653 1416 5725 ἐάν
1447 5651 1522 5725 Β.
1543 5653 1615 5725 ὡς
1643 5653 1737 5706 ὲάν
1757 5651 1818 5725 1³.
1853 5651 2058 5725 Πείιιιίέ
2078 5653 2343 5725 ,ἀκέραιος
2368 5653 2444 5718 ὡς
2475 5657 2508 5725 ἡ

1229 5761 1242 5792 ε
1270 5731 1324 5778 ει
1355 5724 1550 5792 εἱονθιί.
1579 5723 1706 5778 Sav.
1784 5724 1826 5754 ¹⁰
1849 5723 2156 5792 ἀμύνασθαι
2189 5723 2320 5781 Edd.
2350 5733 2403 5779 et

1205 5791 1496 5866 β-κελεύῃ
1523 5791 1584 5850 C.
1620 5794 1682 5848 Ι).
1763 5793 1804 5825 ⁸¹
1845 5791 1953 5864 γάρ
1986 5809 2096 5852 om.
2131 5792 2196 5851 Ε.

337 5657 359 5688 ⁶
382 5659 489 5724 γάρ
508 5655 657 5708 deest
692 5655 744 5708 in
779 5653 910 5708 Edd.

337 5726 404 5756 ιλ.
443 5724 643 5756 "Quin;-
668 5723 778 5756 ῺιΙιΙ
875 5726 896 5756 ο
941 5725 954 5745 ‘

335 5723 407 5777 τά
443 5723 506 5793 με
548 5724 649 5776 ἀλα
668 5723 802 5776 Edd.
875 5726 896 5756 ’
941 5723 1117 5777 Ἐκείν

339 5792 407 5845 ἂν
435 5795 483 5844 εί
603 5808 655 5861 p.
767 5790 974 5845 κελεύει
1004 5795 1066 5847 Α.

344 5862 390 5892 ³⁸
424 5862 565 5925 μὴ...
599 5876 672 5925 μη
711 5860 756 5925 έΙ
788 5864 986 5925 μήτε...
1024 5863 1157 5925 μήτε

424 5831 570 5934 £3,3:
599 5831 986 5928 ἕὲεὲἐιᾟῆἓέῗῖ.
1004 5831 1368 5933 ’ῐὶήέιέὶεἶῖὶ

2414 5586 2436 5616 ⁸
2465 5584 2568 5656 ὅτι]
2613 5584 2740 5656 ὅταν
2778 5580 2995 5656 qodicéé
3041 5582 3326 5656 prglclj‘E.
3375 5587 3424 5656 _'
3451 5582 3622 5656 μηδέν
3661 5580 3758 5651 Ep.

2540 5600 2568 5656 ,ι
2613 5601 2740 5636 οταν
2778 5600 2995 5644 coalces
3041 5600 3232 5655 pmwr
3262 5600 3326 5641 ιιι.
3401 5600 3424 5618 ο
3451 5600 3622 5706 tuo“
3661 5600 3758 5651 np.

2540 5671 2665 5729 τεερο
2699 5653 2852 5729 ᾼομβ.
2954 5659 2976 5691 ι
3011 5653 3134 5729 μιν]
3161 5654 3284 5729 at”:
3322 5653 3431 5729 γᾴρ
3459 5653 3590 5729 ,τςοιι-
3621 5667 3673 5721 ρο
3701 5667 3758 5729 ρο

2435 5722 2518 5800 μ’.
2558 5722 2984 5800 Βζ-¹¹“”Ὢσπερ
3012 5722 3217 5800 ’γὰρ-εί
3258 5724 3322 5778 Α.
3365 5722 3760 5800 Καθάπερλγὰρ

2306 5795 2350 5827 ⁸³
2389 5790 2598 5865 εἴδομεν
2641 5793 2706 5851 F.
2744 5794 2910 5855 Paulo
2943 5790 3066 5855 infe
3099 5790 3264 5867 βλέπε
3304 5791 3497 5869 καίητό
3535 5790 3610 5848 1³⁸.
3631 5790 3756 5847 επ.
