  <div class='ocr_page' id='page_1' title='image "/cluster/home/n/w/nwhite01/storage/ocr_20150623/57/mdp.39015008622600/318.png"; bbox 0 0 4010 6128; ppageno 0'>
   <div class='ocr_carea' id='block_1_1' title="bbox 500 283 604 341">
    <p class='ocr_par' dir='ltr' id='par_1_1' title="bbox 500 283 604 341">
     <span class='ocr_line' id='line_1_1' title="bbox 500 283 604 341; baseline 0.01 -1"><span class='ocrx_word' id='word_1_1' title='bbox 500 283 604 341; x_wconf 65' lang='lat'><strong>5‘59</strong></span> 
     </span>
    </p>
   </div>
   <div class='ocr_carea' id='block_1_2' title="bbox 494 402 2071 496">
    <p class='ocr_par' dir='ltr' id='par_1_2' title="bbox 494 402 2071 496">
     <span class='ocr_line' id='line_1_2' title="bbox 494 402 2071 496; baseline 0.023 -45"><span class='ocrx_word' id='word_1_2' title='bbox 494 402 741 456; x_wconf 85' lang='lat' dir='ltr'><strong>Attamen</strong></span> <span class='ocrx_word' id='word_1_3' title='bbox 776 402 845 457; x_wconf 90' lang='lat' dir='ltr'><strong>de</strong></span> <span class='ocrx_word' id='word_1_4' title='bbox 886 417 946 459; x_wconf 88' lang='lat' dir='ltr'><strong>se</strong></span> <span class='ocrx_word' id='word_1_5' title='bbox 981 406 1111 461; x_wconf 85' lang='lat' dir='ltr'><strong>nihil</strong></span> <span class='ocrx_word' id='word_1_6' title='bbox 1154 410 1327 469; x_wconf 86' lang='lat' dir='ltr'><strong>adhuc</strong></span> <span class='ocrx_word' id='word_1_7' title='bbox 1363 415 1530 483; x_wconf 92' lang='lat' dir='ltr'><strong>dicit,</strong></span> <span class='ocrx_word' id='word_1_8' title='bbox 1561 435 1752 493; x_wconf 80' lang='lat' dir='ltr'><strong>nempe</strong></span> <span class='ocrx_word' id='word_1_9' title='bbox 1780 431 1923 496; x_wconf 91' lang='lat' dir='ltr'><strong>quod</strong></span> <span class='ocrx_word' id='word_1_10' title='bbox 1957 432 2071 486; x_wconf 89' lang='lat' dir='ltr'><strong>vin-</strong></span> 
     </span>
    </p>
   </div>
   <div class='ocr_carea' id='block_1_3' title="bbox 492 491 2071 582">
    <p class='ocr_par' dir='ltr' id='par_1_3' title="bbox 492 491 2071 582">
     <span class='ocr_line' id='line_1_3' title="bbox 492 491 2071 582; baseline 0.023 -38"><span class='ocrx_word' id='word_1_11' title='bbox 492 491 713 547; x_wconf 82' lang='lat' dir='ltr'><strong>ciendos</strong></span> <span class='ocrx_word' id='word_1_12' title='bbox 737 503 908 563; x_wconf 89' lang='lat' dir='ltr'><strong>esset,</strong></span> <span class='ocrx_word' id='word_1_13' title='bbox 937 496 1282 569; x_wconf 78' lang='lat' dir='ltr'><strong>fiagcllandus</strong></span> <span class='ocrx_word' id='word_1_14' title='bbox 1307 546 1321 568; x_wconf 92' lang='lat'><strong>,</strong></span> <span class='ocrx_word' id='word_1_15' title='bbox 1355 509 1678 569; x_wconf 85' lang='lat' dir='ltr'><strong>occidendus</strong></span> <span class='ocrx_word' id='word_1_16' title='bbox 1699 554 1714 582; x_wconf 92' lang='lat'><strong>,</strong></span> <span class='ocrx_word' id='word_1_17' title='bbox 1759 535 1825 573; x_wconf 91' lang='lat' dir='ltr'><strong>ne</strong></span> <span class='ocrx_word' id='word_1_18' title='bbox 1866 521 1943 576; x_wconf 90' lang='lat' dir='ltr'><strong>sic</strong></span> <span class='ocrx_word' id='word_1_19' title='bbox 1978 540 2071 580; x_wconf 85' lang='lat' dir='ltr'><strong>eo-</strong></span> 
     </span>
    </p>
   </div>
   <div class='ocr_carea' id='block_1_4' title="bbox 490 587 2068 678">
    <p class='ocr_par' dir='ltr' id='par_1_4' title="bbox 490 587 2068 678">
     <span class='ocr_line' id='line_1_4' title="bbox 490 587 2068 678; baseline 0.022 -42"><span class='ocrx_word' id='word_1_20' title='bbox 490 598 609 638; x_wconf 87' lang='lat' dir='ltr'><strong>rum</strong></span> <span class='ocrx_word' id='word_1_21' title='bbox 635 587 967 655; x_wconf 90' lang='lat' dir='ltr'><strong>perturbaret</strong></span> <span class='ocrx_word' id='word_1_22' title='bbox 990 593 1217 660; x_wconf 86' lang='lat' dir='ltr'><strong>animos,</strong></span> <span class='ocrx_word' id='word_1_23' title='bbox 1245 598 1340 652; x_wconf 89' lang='lat' dir='ltr'><strong>sed</strong></span> <span class='ocrx_word' id='word_1_24' title='bbox 1367 600 1576 658; x_wconf 91' lang='lat' dir='ltr'><strong>interim</strong></span> <span class='ocrx_word' id='word_1_25' title='bbox 1600 621 1718 676; x_wconf 68' lang='lat' dir='ltr'><strong>quas</strong></span> <span class='ocrx_word' id='word_1_26' title='bbox 1748 610 1878 678; x_wconf 83' lang='lat' dir='ltr'><strong>ipsis</strong></span> <span class='ocrx_word' id='word_1_27' title='bbox 1904 630 2068 672; x_wconf 89' lang='lat' dir='ltr'><strong>even-</strong></span> 
     </span>
    </p>
   </div>
   <div class='ocr_carea' id='block_1_5' title="bbox 490 677 2071 764">
    <p class='ocr_par' dir='ltr' id='par_1_5' title="bbox 490 677 2071 764">
     <span class='ocr_line' id='line_1_5' title="bbox 490 677 2071 764; baseline 0.023 -37"><span class='ocrx_word' id='word_1_28' title='bbox 490 682 604 729; x_wconf 82' lang='lat' dir='ltr'><strong>tura</strong></span> <span class='ocrx_word' id='word_1_29' title='bbox 639 677 747 731; x_wconf 89' lang='lat' dir='ltr'><strong>sint</strong></span> <span class='ocrx_word' id='word_1_30' title='bbox 785 683 1124 748; x_wconf 75' lang='lat' dir='ltr'><strong>przenuntiat.</strong></span> <span class='ocrx_word' id='word_1_31' title='bbox 1156 686 1356 744; x_wconf 88' lang='lat' dir='ltr'><strong>Deinde</strong></span> <span class='ocrx_word' id='word_1_32' title='bbox 1382 700 1442 747; x_wconf 93' lang='lat' dir='ltr'><strong>ut</strong></span> <span class='ocrx_word' id='word_1_33' title='bbox 1469 693 1698 763; x_wconf 87' lang='lat' dir='ltr'><strong>discant,</strong></span> <span class='ocrx_word' id='word_1_34' title='bbox 1728 677 1917 757; x_wconf 78' lang='lat' dir='ltr'><strong>novam</strong></span> <span class='ocrx_word' id='word_1_35' title='bbox 1949 721 2071 764; x_wconf 61' lang='grc' dir='ltr'><strong>βεδε</strong></span> 
     </span>
    </p>
   </div>
   <div class='ocr_carea' id='block_1_6' title="bbox 488 763 2066 855">
    <p class='ocr_par' dir='ltr' id='par_1_6' title="bbox 488 763 2066 855">
     <span class='ocr_line' id='line_1_6' title="bbox 488 763 2066 855; baseline 0.025 -39"><span class='ocrx_word' id='word_1_36' title='bbox 488 763 622 821; x_wconf 90' lang='lat' dir='ltr'><strong>hanc</strong></span> <span class='ocrx_word' id='word_1_37' title='bbox 646 767 875 824; x_wconf 89' lang='lat' dir='ltr'><strong>bellandi</strong></span> <span class='ocrx_word' id='word_1_38' title='bbox 900 772 1091 844; x_wconf 87' lang='lat' dir='ltr'><strong>legem,</strong></span> <span class='ocrx_word' id='word_1_39' title='bbox 1116 785 1169 831; x_wconf 92' lang='lat' dir='ltr'><strong>et</strong></span> <span class='ocrx_word' id='word_1_40' title='bbox 1196 778 1489 838; x_wconf 88' lang='lat' dir='ltr'><strong>inauditum</strong></span> <span class='ocrx_word' id='word_1_41' title='bbox 1518 787 1649 842; x_wconf 91' lang='lat' dir='ltr'><strong>aciei</strong></span> <span class='ocrx_word' id='word_1_42' title='bbox 1679 791 1914 850; x_wconf 90' lang='lat' dir='ltr'><strong>modum.</strong></span> <span class='ocrx_word' id='word_1_43' title='bbox 1943 812 2066 855; x_wconf 89' lang='lat' dir='ltr'><strong>cum</strong></span> 
     </span>
    </p>
   </div>
   <div class='ocr_carea' id='block_1_7' title="bbox 430 857 2066 952">
    <p class='ocr_par' dir='ltr' id='par_1_7' title="bbox 430 857 2066 952">
     <span class='ocr_line' id='line_1_7' title="bbox 430 857 2066 952; baseline 0.021 -43"><span class='ocrx_word' id='word_1_44' title='bbox 430 926 431 929; x_wconf 17' lang='grc' dir='ltr'><strong>η</strong></span> <span class='ocrx_word' id='word_1_45' title='bbox 485 857 656 912; x_wconf 89' lang='lat' dir='ltr'><strong>nudos</strong></span> <span class='ocrx_word' id='word_1_46' title='bbox 684 861 887 928; x_wconf 85' lang='lat' dir='ltr'><strong>mittat,</strong></span> <span class='ocrx_word' id='word_1_47' title='bbox 918 880 1019 919; x_wconf 92' lang='lat' dir='ltr'><strong>una</strong></span> <span class='ocrx_word' id='word_1_48' title='bbox 1049 867 1263 925; x_wconf 87' lang='lat' dir='ltr'><strong>indutos</strong></span> <span class='ocrx_word' id='word_1_49' title='bbox 1291 874 1464 930; x_wconf 89' lang='lat' dir='ltr'><strong>tunica</strong></span> <span class='ocrx_word' id='word_1_50' title='bbox 1492 918 1505 940; x_wconf 93' lang='lat'><strong>,</strong></span> <span class='ocrx_word' id='word_1_51' title='bbox 1542 879 1660 935; x_wconf 86' lang='lat' dir='ltr'><strong>sine</strong></span> <span class='ocrx_word' id='word_1_52' title='bbox 1690 884 1883 941; x_wconf 82' lang='lat' dir='ltr'><strong>calceis</strong></span> <span class='ocrx_word' id='word_1_53' title='bbox 1904 926 1918 952; x_wconf 92' lang='lat'><strong>,</strong></span> <span class='ocrx_word' id='word_1_54' title='bbox 1952 889 2066 945; x_wconf 92' lang='lat' dir='ltr'><strong>sine</strong></span> 
     </span>
    </p>
   </div>
   <div class='ocr_carea' id='block_1_8' title="bbox 428 932 2065 1042">
    <p class='ocr_par' dir='ltr' id='par_1_8' title="bbox 428 932 2065 1042">
     <span class='ocr_line' id='line_1_8' title="bbox 1494 932 2065 952; baseline 0.025 -21"><span class='ocrx_word' id='word_1_55' title='bbox 1494 932 1503 940; x_wconf 83' lang='grc'>,</span> <span class='ocrx_word' id='word_1_56' title='bbox 1640 932 1655 935; x_wconf 75' lang='grc'>,</span> <span class='ocrx_word' id='word_1_57' title='bbox 1698 932 1882 941; x_wconf 47' lang='grc' dir='ltr'><strong>πη-.-</strong></span> <span class='ocrx_word' id='word_1_58' title='bbox 1904 932 1918 952; x_wconf 84' lang='grc'>,</span> <span class='ocrx_word' id='word_1_59' title='bbox 1952 932 2065 945; x_wconf 65' lang='grc' dir='ltr'><strong>υ...ν</strong></span> 
     </span>
     <span class='ocr_line' id='line_1_9' title="bbox 428 932 2065 1042; baseline 0.021 -40"><span class='ocrx_word' id='word_1_60' title='bbox 428 932 437 979; x_wconf 62' lang='grc' dir='ltr'><strong>ἶ</strong></span> <span class='ocrx_word' id='word_1_61' title='bbox 483 951 647 1021; x_wconf 81' lang='lat' dir='ltr'><strong>virga,</strong></span> <span class='ocrx_word' id='word_1_62' title='bbox 694 954 809 1010; x_wconf 86' lang='lat' dir='ltr'><strong>sine</strong></span> <span class='ocrx_word' id='word_1_63' title='bbox 848 956 1059 1027; x_wconf 83' lang='lat' dir='ltr'><strong>cingulo</strong></span> <span class='ocrx_word' id='word_1_64' title='bbox 1089 961 1170 1016; x_wconf 91' lang='lat' dir='ltr'><strong>vel</strong></span> <span class='ocrx_word' id='word_1_65' title='bbox 1202 976 1357 1031; x_wconf 86' lang='lat' dir='ltr'><strong>pera,</strong></span> <span class='ocrx_word' id='word_1_66' title='bbox 1392 982 1523 1037; x_wconf 75' lang='lat' dir='ltr'><strong>quos</strong></span> <span class='ocrx_word' id='word_1_67' title='bbox 1555 972 1624 1025; x_wconf 90' lang='lat' dir='ltr'><strong>ali</strong></span> <span class='ocrx_word' id='word_1_68' title='bbox 1648 973 1799 1042; x_wconf 85' lang='lat' dir='ltr'><strong>jubet</strong></span> <span class='ocrx_word' id='word_1_69' title='bbox 1823 978 1891 1030; x_wconf 91' lang='lat' dir='ltr'><strong>ab</strong></span> <span class='ocrx_word' id='word_1_70' title='bbox 1923 983 2065 1037; x_wconf 68' lang='lat' dir='ltr'><strong>esci-</strong></span> 
     </span>
    </p>
   </div>
   <div class='ocr_carea' id='block_1_9' title="bbox 408 1018 2061 1127">
    <p class='ocr_par' dir='ltr' id='par_1_9' title="bbox 408 1018 2061 1127">
     <span class='ocr_line' id='line_1_10' title="bbox 571 1018 2061 1042; baseline 0.001 -21"><span class='ocrx_word' id='word_1_71' title='bbox 571 1018 586 1021; x_wconf 90' lang='lat'><strong>_</strong></span> <span class='ocrx_word' id='word_1_72' title='bbox 937 1018 964 1027; x_wconf 62' lang='grc' dir='ltr'><strong><em>ν</em></strong></span> <span class='ocrx_word' id='word_1_73' title='bbox 1202 1018 1218 1031; x_wconf 87' lang='grc'><em>,</em></span> <span class='ocrx_word' id='word_1_74' title='bbox 1339 1018 1354 1028; x_wconf 83' lang='grc'><strong><em>,</em></strong></span> <span class='ocrx_word' id='word_1_75' title='bbox 1407 1018 1520 1037; x_wconf 51' lang='grc' dir='ltr'><strong>ιη-</strong></span> <span class='ocrx_word' id='word_1_76' title='bbox 1648 1018 1891 1042; x_wconf 43' lang='lat' dir='ltr'><strong>rw...&quot;</strong></span> <span class='ocrx_word' id='word_1_77' title='bbox 1923 1018 2061 1037; x_wconf 37' lang='lat' dir='ltr'><strong>um-</strong></span> 
     </span>
     <span class='ocr_line' id='line_1_11' title="bbox 408 1018 2061 1127; baseline 0.02 -34"><span class='ocrx_word' id='word_1_78' title='bbox 408 1018 417 1031; x_wconf 60' lang='grc'><strong>’</strong></span> <span class='ocrx_word' id='word_1_79' title='bbox 480 1041 777 1110; x_wconf 87' lang='lat' dir='ltr'><strong>pientibus,</strong></span> <span class='ocrx_word' id='word_1_80' title='bbox 808 1062 912 1101; x_wconf 93' lang='lat' dir='ltr'><strong>non</strong></span> <span class='ocrx_word' id='word_1_81' title='bbox 937 1048 1021 1104; x_wconf 87' lang='lat' dir='ltr'><strong>hic</strong></span> <span class='ocrx_word' id='word_1_82' title='bbox 1044 1050 1203 1107; x_wconf 84' lang='lat' dir='ltr'><strong>finem</strong></span> <span class='ocrx_word' id='word_1_83' title='bbox 1231 1052 1440 1111; x_wconf 72' lang='lat' dir='ltr'><strong>dicendi</strong></span> <span class='ocrx_word' id='word_1_84' title='bbox 1477 1059 1635 1127; x_wconf 91' lang='lat' dir='ltr'><strong>facit,</strong></span> <span class='ocrx_word' id='word_1_85' title='bbox 1668 1065 1759 1119; x_wconf 91' lang='lat' dir='ltr'><strong>sed</strong></span> <span class='ocrx_word' id='word_1_86' title='bbox 1791 1082 1939 1124; x_wconf 88' lang='lat' dir='ltr'><strong>suam</strong></span> <span class='ocrx_word' id='word_1_87' title='bbox 1971 1088 2061 1127; x_wconf 89' lang='lat' dir='ltr'><strong>os-</strong></span> 
     </span>
    </p>
   </div>
   <div class='ocr_carea' id='block_1_10' title="bbox 478 1135 2061 1221">
    <p class='ocr_par' dir='ltr' id='par_1_10' title="bbox 478 1135 2061 1221">
     <span class='ocr_line' id='line_1_12' title="bbox 478 1135 2061 1221; baseline 0.023 -36"><span class='ocrx_word' id='word_1_88' title='bbox 478 1135 707 1191; x_wconf 87' lang='lat' dir='ltr'><strong>tendens</strong></span> <span class='ocrx_word' id='word_1_89' title='bbox 740 1138 1059 1197; x_wconf 75' lang='lat' dir='ltr'><strong>ineffabilem</strong></span> <span class='ocrx_word' id='word_1_90' title='bbox 1102 1148 1393 1212; x_wconf 87' lang='lat' dir='ltr'><strong>potentiam</strong></span> <span class='ocrx_word' id='word_1_91' title='bbox 1440 1152 1567 1207; x_wconf 84' lang='lat' dir='ltr'><strong>dicit</strong></span> <span class='ocrx_word' id='word_1_92' title='bbox 1610 1174 1621 1209; x_wconf 91' lang='lat'>:</span> <span class='ocrx_word' id='word_1_93' title='bbox 1666 1156 1754 1213; x_wconf 88' lang='lat' dir='ltr'><strong>Sic</strong></span> <span class='ocrx_word' id='word_1_94' title='bbox 1802 1160 2061 1221; x_wconf 89' lang='lat' dir='ltr'><strong>abeuntes</strong></span> 
     </span>
    </p>
   </div>
   <div class='ocr_carea' id='block_1_11' title="bbox 473 1228 2058 1313">
    <p class='ocr_par' dir='ltr' id='par_1_11' title="bbox 473 1228 2058 1313">
     <span class='ocr_line' id='line_1_13' title="bbox 473 1228 2058 1313; baseline 0.022 -34"><span class='ocrx_word' id='word_1_95' title='bbox 473 1228 659 1282; x_wconf 29' lang='lat' dir='ltr'><strong>ovium!</strong></span> <span class='ocrx_word' id='word_1_96' title='bbox 688 1233 1146 1291; x_wconf 86' lang='lat' dir='ltr'><strong>mansuetudinem</strong></span> <span class='ocrx_word' id='word_1_97' title='bbox 1194 1240 1462 1309; x_wconf 74' lang='lat' dir='ltr'><strong>exhibete,</strong></span> <span class='ocrx_word' id='word_1_98' title='bbox 1493 1248 1702 1305; x_wconf 88' lang='lat' dir='ltr'><strong>etiamsi</strong></span> <span class='ocrx_word' id='word_1_99' title='bbox 1739 1264 1923 1310; x_wconf 90' lang='lat' dir='ltr'><strong>contra</strong></span> <span class='ocrx_word' id='word_1_100' title='bbox 1972 1258 2058 1313; x_wconf 86' lang='lat' dir='ltr'><strong>lu-</strong></span> 
     </span>
    </p>
   </div>
   <div class='ocr_carea' id='block_1_12' title="bbox 474 1320 2057 1408">
    <p class='ocr_par' dir='ltr' id='par_1_12' title="bbox 474 1320 2057 1408">
     <span class='ocr_line' id='line_1_14' title="bbox 474 1320 2057 1408; baseline 0.023 -38"><span class='ocrx_word' id='word_1_101' title='bbox 474 1335 567 1386; x_wconf 86' lang='lat' dir='ltr'><strong>pos</strong></span> <span class='ocrx_word' id='word_1_102' title='bbox 599 1320 755 1388; x_wconf 87' lang='lat' dir='ltr'><strong>ituri;</strong></span> <span class='ocrx_word' id='word_1_103' title='bbox 784 1340 882 1380; x_wconf 89' lang='lat' dir='ltr'><strong>nec</strong></span> <span class='ocrx_word' id='word_1_104' title='bbox 898 1328 1057 1382; x_wconf 89' lang='lat' dir='ltr'><strong>modo</strong></span> <span class='ocrx_word' id='word_1_105' title='bbox 1078 1340 1263 1388; x_wconf 88' lang='lat' dir='ltr'><strong>contra</strong></span> <span class='ocrx_word' id='word_1_106' title='bbox 1293 1334 1468 1407; x_wconf 92' lang='lat' dir='ltr'><strong>lupos,</strong></span> <span class='ocrx_word' id='word_1_107' title='bbox 1499 1341 1592 1396; x_wconf 84' lang='lat' dir='ltr'><strong>sed</strong></span> <span class='ocrx_word' id='word_1_108' title='bbox 1619 1343 1780 1401; x_wconf 87' lang='lat' dir='ltr'><strong>etiam</strong></span> <span class='ocrx_word' id='word_1_109' title='bbox 1807 1347 1873 1403; x_wconf 84' lang='lat' dir='ltr'><strong>In</strong></span> <span class='ocrx_word' id='word_1_110' title='bbox 1895 1353 2057 1408; x_wconf 85' lang='lat' dir='ltr'><strong>medio</strong></span> 
     </span>
    </p>
   </div>
   <div class='ocr_carea' id='block_1_13' title="bbox 469 1411 2057 1512">
    <p class='ocr_par' dir='ltr' id='par_1_13' title="bbox 469 1411 2057 1512">
     <span class='ocr_line' id='line_1_15' title="bbox 469 1411 2057 1512; baseline 0.025 -51"><span class='ocrx_word' id='word_1_111' title='bbox 469 1411 720 1479; x_wconf 85' lang='lat' dir='ltr'><strong>luporum.</strong></span> <span class='ocrx_word' id='word_1_112' title='bbox 752 1415 936 1487; x_wconf 86' lang='lat' dir='ltr'><strong>Neque</strong></span> <span class='ocrx_word' id='word_1_113' title='bbox 974 1428 1176 1478; x_wconf 89' lang='lat' dir='ltr'><strong>tantum</strong></span> <span class='ocrx_word' id='word_1_114' title='bbox 1213 1426 1389 1482; x_wconf 88' lang='lat' dir='ltr'><strong>ovium</strong></span> <span class='ocrx_word' id='word_1_115' title='bbox 1422 1437 1881 1495; x_wconf 87' lang='lat' dir='ltr'><strong>mansuetudinem</strong></span> <span class='ocrx_word' id='word_1_116' title='bbox 1904 1442 2057 1512; x_wconf 86' lang='lat' dir='ltr'><strong>jubet</strong></span> 
     </span>
    </p>
   </div>
   <div class='ocr_carea' id='block_1_14' title="bbox 468 1501 2053 1605">
    <p class='ocr_par' dir='ltr' id='par_1_14' title="bbox 468 1501 2053 1605">
     <span class='ocr_line' id='line_1_16' title="bbox 468 1501 2053 1605; baseline 0.026 -52"><span class='ocrx_word' id='word_1_117' title='bbox 468 1501 696 1572; x_wconf 88' lang='lat' dir='ltr'><strong>habere,</strong></span> <span class='ocrx_word' id='word_1_118' title='bbox 729 1509 823 1563; x_wconf 91' lang='lat' dir='ltr'><strong>sed</strong></span> <span class='ocrx_word' id='word_1_119' title='bbox 853 1512 1015 1567; x_wconf 91' lang='lat' dir='ltr'><strong>etiam</strong></span> <span class='ocrx_word' id='word_1_120' title='bbox 1044 1515 1438 1586; x_wconf 88' lang='lat' dir='ltr'><strong>simplicitatem</strong></span> <span class='ocrx_word' id='word_1_121' title='bbox 1474 1526 1756 1585; x_wconf 67' lang='lat' dir='ltr'><strong>columbae.</strong></span> <span class='ocrx_word' id='word_1_122' title='bbox 1795 1531 1884 1590; x_wconf 90' lang='lat' dir='ltr'><strong>Sic</strong></span> <span class='ocrx_word' id='word_1_123' title='bbox 1904 1501 2053 1605; x_wconf 67' lang='lat' dir='ltr'><strong>pra:-</strong></span> 
     </span>
    </p>
   </div>
   <div class='ocr_carea' id='block_1_15' title="bbox 462 1595 2051 1698">
    <p class='ocr_par' dir='ltr' id='par_1_15' title="bbox 462 1595 2051 1698">
     <span class='ocr_line' id='line_1_17' title="bbox 462 1595 2051 1698; baseline 0.025 -53"><span class='ocrx_word' id='word_1_124' title='bbox 462 1595 646 1649; x_wconf 90' lang='lat' dir='ltr'><strong>sertim</strong></span> <span class='ocrx_word' id='word_1_125' title='bbox 687 1612 860 1652; x_wconf 89' lang='lat' dir='ltr'><strong>meam</strong></span> <span class='ocrx_word' id='word_1_126' title='bbox 900 1605 1176 1660; x_wconf 83' lang='lat' dir='ltr'><strong>ostendam</strong></span> <span class='ocrx_word' id='word_1_127' title='bbox 1197 1608 1589 1683; x_wconf 88' lang='lat' dir='ltr'><strong>fortitudinem,</strong></span> <span class='ocrx_word' id='word_1_128' title='bbox 1611 1633 1729 1676; x_wconf 90' lang='lat' dir='ltr'><strong>cum</strong></span> <span class='ocrx_word' id='word_1_129' title='bbox 1752 1637 1881 1680; x_wconf 87' lang='lat' dir='ltr'><strong>oves</strong></span> <span class='ocrx_word' id='word_1_130' title='bbox 1899 1595 2051 1698; x_wconf 74' lang='lat' dir='ltr'><strong>lupos</strong></span> 
     </span>
    </p>
   </div>
   <div class='ocr_carea' id='block_1_16' title="bbox 461 1683 2048 1777">
    <p class='ocr_par' dir='ltr' id='par_1_16' title="bbox 461 1683 2048 1777">
     <span class='ocr_line' id='line_1_18' title="bbox 461 1683 2048 1777; baseline 0.026 -42"><span class='ocrx_word' id='word_1_131' title='bbox 461 1683 703 1751; x_wconf 87' lang='lat' dir='ltr'><strong>vicerint,</strong></span> <span class='ocrx_word' id='word_1_132' title='bbox 738 1690 947 1746; x_wconf 78' lang='lat' dir='ltr'><strong>etiamsi</strong></span> <span class='ocrx_word' id='word_1_133' title='bbox 976 1695 1029 1747; x_wconf 93' lang='lat' dir='ltr'><strong>in</strong></span> <span class='ocrx_word' id='word_1_134' title='bbox 1054 1697 1230 1752; x_wconf 89' lang='lat' dir='ltr'><strong>medio</strong></span> <span class='ocrx_word' id='word_1_135' title='bbox 1259 1700 1504 1772; x_wconf 89' lang='lat' dir='ltr'><strong>luporum</strong></span> <span class='ocrx_word' id='word_1_136' title='bbox 1528 1709 1655 1777; x_wconf 90' lang='lat' dir='ltr'><strong>sint,</strong></span> <span class='ocrx_word' id='word_1_137' title='bbox 1678 1721 1730 1767; x_wconf 91' lang='lat' dir='ltr'><strong>et</strong></span> <span class='ocrx_word' id='word_1_138' title='bbox 1754 1714 2048 1775; x_wconf 89' lang='lat' dir='ltr'><strong>innumeris</strong></span> 
     </span>
    </p>
   </div>
   <div class='ocr_carea' id='block_1_17' title="bbox 460 1775 2043 1874">
    <p class='ocr_par' dir='ltr' id='par_1_17' title="bbox 460 1775 2043 1874">
     <span class='ocr_line' id='line_1_19' title="bbox 460 1775 2043 1874; baseline 0.027 -50"><span class='ocrx_word' id='word_1_139' title='bbox 460 1775 731 1830; x_wconf 88' lang='lat' dir='ltr'><strong>morsibus</strong></span> <span class='ocrx_word' id='word_1_140' title='bbox 769 1778 1091 1851; x_wconf 77' lang='lat' dir='ltr'><strong>lacerentur,</strong></span> <span class='ocrx_word' id='word_1_141' title='bbox 1126 1802 1226 1843; x_wconf 90' lang='lat' dir='ltr'><strong>nec</strong></span> <span class='ocrx_word' id='word_1_142' title='bbox 1272 1792 1431 1848; x_wconf 90' lang='lat' dir='ltr'><strong>modo</strong></span> <span class='ocrx_word' id='word_1_143' title='bbox 1472 1812 1578 1853; x_wconf 87' lang='lat' dir='ltr'><strong>non</strong></span> <span class='ocrx_word' id='word_1_144' title='bbox 1617 1799 1914 1874; x_wconf 81' lang='lat' dir='ltr'><strong>deleantur,</strong></span> <span class='ocrx_word' id='word_1_145' title='bbox 1946 1809 2043 1865; x_wconf 91' lang='lat' dir='ltr'><strong>sed</strong></span> 
     </span>
    </p>
   </div>
   <div class='ocr_carea' id='block_1_18' title="bbox 458 1865 2038 1970">
    <p class='ocr_par' dir='ltr' id='par_1_18' title="bbox 458 1865 2038 1970">
     <span class='ocr_line' id='line_1_20' title="bbox 458 1865 2038 1970; baseline 0.023 -51"><span class='ocrx_word' id='word_1_146' title='bbox 458 1865 619 1919; x_wconf 87' lang='lat' dir='ltr'><strong>etiam</strong></span> <span class='ocrx_word' id='word_1_147' title='bbox 651 1868 806 1938; x_wconf 86' lang='lat' dir='ltr'><strong>lupos</strong></span> <span class='ocrx_word' id='word_1_148' title='bbox 846 1885 1189 1944; x_wconf 82' lang='lat' dir='ltr'><strong>convertant;</strong></span> <span class='ocrx_word' id='word_1_149' title='bbox 1222 1884 1363 1951; x_wconf 93' lang='lat' dir='ltr'><strong>quod</strong></span> <span class='ocrx_word' id='word_1_150' title='bbox 1396 1886 1554 1958; x_wconf 91' lang='lat' dir='ltr'><strong>longe</strong></span> <span class='ocrx_word' id='word_1_151' title='bbox 1593 1893 1890 1954; x_wconf 87' lang='lat' dir='ltr'><strong>mirabilius</strong></span> <span class='ocrx_word' id='word_1_152' title='bbox 1934 1912 2038 1970; x_wconf 88' lang='lat' dir='ltr'><strong>est,</strong></span> 
     </span>
    </p>
   </div>
   <div class='ocr_carea' id='block_1_19' title="bbox 454 1957 2039 2052">
    <p class='ocr_par' dir='ltr' id='par_1_19' title="bbox 454 1957 2039 2052">
     <span class='ocr_line' id='line_1_21' title="bbox 454 1957 2039 2052; baseline 0.026 -46"><span class='ocrx_word' id='word_1_153' title='bbox 454 1964 509 2008; x_wconf 91' lang='lat' dir='ltr'><strong>et</strong></span> <span class='ocrx_word' id='word_1_154' title='bbox 541 1957 712 2027; x_wconf 86' lang='lat' dir='ltr'><strong>majus</strong></span> <span class='ocrx_word' id='word_1_155' title='bbox 740 1975 897 2030; x_wconf 91' lang='lat' dir='ltr'><strong>quam</strong></span> <span class='ocrx_word' id='word_1_156' title='bbox 937 1964 983 2019; x_wconf 89' lang='lat' dir='ltr'><strong>si</strong></span> <span class='ocrx_word' id='word_1_157' title='bbox 1012 1969 1345 2041; x_wconf 89' lang='lat' dir='ltr'><strong>occiderent,</strong></span> <span class='ocrx_word' id='word_1_158' title='bbox 1373 1976 1417 2031; x_wconf 93' lang='lat' dir='ltr'><strong>si</strong></span> <span class='ocrx_word' id='word_1_159' title='bbox 1446 1957 1639 2052; x_wconf 79' lang='lat' dir='ltr'><strong>nempe</strong></span> <span class='ocrx_word' id='word_1_160' title='bbox 1676 1984 1889 2043; x_wconf 90' lang='lat' dir='ltr'><strong>illorum</strong></span> <span class='ocrx_word' id='word_1_161' title='bbox 1918 2006 2039 2045; x_wconf 85' lang='lat' dir='ltr'><strong>mu-</strong></span> 
     </span>
    </p>
   </div>
   <div class='ocr_carea' id='block_1_20' title="bbox 453 2049 2039 2136">
    <p class='ocr_par' dir='ltr' id='par_1_20' title="bbox 453 2049 2039 2136">
     <span class='ocr_line' id='line_1_22' title="bbox 453 2049 2039 2136; baseline 0.024 -38"><span class='ocrx_word' id='word_1_162' title='bbox 453 2054 568 2101; x_wconf 91' lang='lat' dir='ltr'><strong>tent</strong></span> <span class='ocrx_word' id='word_1_163' title='bbox 596 2049 920 2109; x_wconf 81' lang='lat' dir='ltr'><strong>voluntatem</strong></span> <span class='ocrx_word' id='word_1_164' title='bbox 947 2096 961 2121; x_wconf 93' lang='lat'><strong>,</strong></span> <span class='ocrx_word' id='word_1_165' title='bbox 992 2059 1336 2133; x_wconf 88' lang='lat' dir='ltr'><strong>animumque</strong></span> <span class='ocrx_word' id='word_1_166' title='bbox 1377 2049 1762 2131; x_wconf 24' lang='lat' dir='ltr'><strong>transfovrment</strong></span> <span class='ocrx_word' id='word_1_167' title='bbox 1789 2095 1801 2131; x_wconf 94' lang='lat'>:</span> <span class='ocrx_word' id='word_1_168' title='bbox 1833 2087 1889 2133; x_wconf 93' lang='lat' dir='ltr'><strong>et</strong></span> <span class='ocrx_word' id='word_1_169' title='bbox 1924 2080 2039 2136; x_wconf 82' lang='lat' dir='ltr'><strong>ha-c</strong></span> 
     </span>
    </p>
   </div>
   <div class='ocr_carea' id='block_1_21' title="bbox 450 2139 2038 2242">
    <p class='ocr_par' dir='ltr' id='par_1_21' title="bbox 450 2139 2038 2242">
     <span class='ocr_line' id='line_1_23' title="bbox 450 2139 2038 2242; baseline 0.025 -53"><span class='ocrx_word' id='word_1_170' title='bbox 450 2152 571 2192; x_wconf 92' lang='lat' dir='ltr'><strong>cum</strong></span> <span class='ocrx_word' id='word_1_171' title='bbox 594 2139 668 2194; x_wconf 92' lang='lat' dir='ltr'><strong>illi</strong></span> <span class='ocrx_word' id='word_1_172' title='bbox 694 2142 974 2201; x_wconf 92' lang='lat' dir='ltr'><strong>duodecim</strong></span> <span class='ocrx_word' id='word_1_173' title='bbox 1004 2161 1185 2206; x_wconf 89' lang='lat' dir='ltr'><strong>essent</strong></span> <span class='ocrx_word' id='word_1_174' title='bbox 1212 2162 1416 2212; x_wconf 89' lang='lat' dir='ltr'><strong>tantum</strong></span> <span class='ocrx_word' id='word_1_175' title='bbox 1441 2200 1456 2225; x_wconf 96' lang='lat'><strong>,</strong></span> <span class='ocrx_word' id='word_1_176' title='bbox 1485 2169 1540 2216; x_wconf 88' lang='lat' dir='ltr'><strong>et</strong></span> <span class='ocrx_word' id='word_1_177' title='bbox 1563 2172 1705 2219; x_wconf 86' lang='lat' dir='ltr'><strong>totus</strong></span> <span class='ocrx_word' id='word_1_178' title='bbox 1726 2168 1871 2224; x_wconf 91' lang='lat' dir='ltr'><strong>orbis</strong></span> <span class='ocrx_word' id='word_1_179' title='bbox 1900 2172 2038 2242; x_wconf 89' lang='lat' dir='ltr'><strong>lupis</strong></span> 
     </span>
    </p>
   </div>
   <div class='ocr_carea' id='block_1_22' title="bbox 447 2233 825 2301">
    <p class='ocr_par' dir='ltr' id='par_1_22' title="bbox 447 2233 825 2301">
     <span class='ocr_line' id='line_1_24' title="bbox 447 2233 825 2301; baseline 0.021 -19"><span class='ocrx_word' id='word_1_180' title='bbox 447 2239 591 2284; x_wconf 84' lang='lat' dir='ltr'><strong>esset</strong></span> <span class='ocrx_word' id='word_1_181' title='bbox 617 2233 825 2301; x_wconf 90' lang='lat' dir='ltr'><strong>plenus.</strong></span> 
     </span>
    </p>
   </div>
   <div class='ocr_carea' id='block_1_23' title="bbox 520 2320 2033 2410">
    <p class='ocr_par' dir='ltr' id='par_1_23' title="bbox 520 2320 2033 2410">
     <span class='ocr_line' id='line_1_25' title="bbox 520 2320 2033 2410; baseline 0.025 -37"><span class='ocrx_word' id='word_1_182' title='bbox 520 2320 650 2377; x_wconf 84' lang='lat' dir='ltr'><strong>Oves</strong></span> <span class='ocrx_word' id='word_1_183' title='bbox 690 2324 877 2381; x_wconf 81' lang='lat' dir='ltr'><strong>Christi</strong></span> <span class='ocrx_word' id='word_1_184' title='bbox 909 2331 1144 2399; x_wconf 82' lang='lat' dir='ltr'><strong>vincunt,</strong></span> <span class='ocrx_word' id='word_1_185' title='bbox 1191 2338 1301 2407; x_wconf 85' lang='lat' dir='ltr'><strong>lupi</strong></span> <span class='ocrx_word' id='word_1_186' title='bbox 1330 2341 1615 2399; x_wconf 76' lang='lat' dir='ltr'><strong>vincuntur.</strong></span> <span class='ocrx_word' id='word_1_187' title='bbox 1642 2376 1711 2388; x_wconf 91' lang='lat'><strong>--</strong></span> <span class='ocrx_word' id='word_1_188' title='bbox 1740 2349 2033 2410; x_wconf 88' lang='lat' dir='ltr'><strong>Erubesca-</strong></span> 
     </span>
    </p>
   </div>
   <div class='ocr_carea' id='block_1_24' title="bbox 444 2413 2028 2510">
    <p class='ocr_par' dir='ltr' id='par_1_24' title="bbox 444 2413 2028 2510">
     <span class='ocr_line' id='line_1_26' title="bbox 444 2413 2028 2510; baseline 0.025 -48"><span class='ocrx_word' id='word_1_189' title='bbox 444 2425 563 2465; x_wconf 87' lang='lat' dir='ltr'><strong>mus</strong></span> <span class='ocrx_word' id='word_1_190' title='bbox 593 2413 773 2484; x_wconf 91' lang='lat' dir='ltr'><strong>igitur,</strong></span> <span class='ocrx_word' id='word_1_191' title='bbox 800 2420 887 2489; x_wconf 92' lang='lat' dir='ltr'><strong>qui</strong></span> <span class='ocrx_word' id='word_1_192' title='bbox 921 2434 1104 2477; x_wconf 87' lang='lat' dir='ltr'><strong>contra</strong></span> <span class='ocrx_word' id='word_1_193' title='bbox 1135 2424 1425 2499; x_wconf 85' lang='lat' dir='ltr'><strong>facientes,</strong></span> <span class='ocrx_word' id='word_1_194' title='bbox 1458 2438 1607 2504; x_wconf 89' lang='lat' dir='ltr'><strong>quasi</strong></span> <span class='ocrx_word' id='word_1_195' title='bbox 1640 2439 1745 2510; x_wconf 91' lang='lat' dir='ltr'><strong>lupi</strong></span> <span class='ocrx_word' id='word_1_196' title='bbox 1780 2443 2028 2502; x_wconf 89' lang='lat' dir='ltr'><strong>inimicos</strong></span> 
     </span>
    </p>
   </div>
   <div class='ocr_carea' id='block_1_25' title="bbox 442 2494 2026 2596">
    <p class='ocr_par' dir='ltr' id='par_1_25' title="bbox 442 2494 2026 2596">
     <span class='ocr_line' id='line_1_27' title="bbox 442 2494 2026 2596; baseline 0.024 -50"><span class='ocrx_word' id='word_1_197' title='bbox 442 2494 759 2554; x_wconf 85' lang='lat' dir='ltr'><strong>invadimus.</strong></span> <span class='ocrx_word' id='word_1_198' title='bbox 815 2502 1078 2569; x_wconf 86' lang='lat' dir='ltr'><strong>Quamdiu</strong></span> <span class='ocrx_word' id='word_1_199' title='bbox 1131 2512 1271 2566; x_wconf 91' lang='lat' dir='ltr'><strong>enim</strong></span> <span class='ocrx_word' id='word_1_200' title='bbox 1303 2530 1435 2571; x_wconf 89' lang='lat' dir='ltr'><strong>oves</strong></span> <span class='ocrx_word' id='word_1_201' title='bbox 1473 2494 1710 2588; x_wconf 52' lang='lat' dir='ltr'><strong>sumus:</strong></span> <span class='ocrx_word' id='word_1_202' title='bbox 1742 2526 2026 2596; x_wconf 84' lang='lat' dir='ltr'><strong>vincimus,</strong></span> 
     </span>
    </p>
   </div>
   <div class='ocr_carea' id='block_1_26' title="bbox 438 2592 2023 2686">
    <p class='ocr_par' dir='ltr' id='par_1_26' title="bbox 438 2592 2023 2686">
     <span class='ocr_line' id='line_1_28' title="bbox 438 2592 2023 2686; baseline 0.023 -46"><span class='ocrx_word' id='word_1_203' title='bbox 438 2596 597 2658; x_wconf 86' lang='lat' dir='ltr'><strong>atque</strong></span> <span class='ocrx_word' id='word_1_204' title='bbox 637 2592 736 2647; x_wconf 91' lang='lat' dir='ltr'><strong>etsi</strong></span> <span class='ocrx_word' id='word_1_205' title='bbox 758 2593 1052 2654; x_wconf 90' lang='lat' dir='ltr'><strong>innumeris</strong></span> <span class='ocrx_word' id='word_1_206' title='bbox 1073 2602 1386 2662; x_wconf 90' lang='lat' dir='ltr'><strong>circumdati</strong></span> <span class='ocrx_word' id='word_1_207' title='bbox 1434 2610 1569 2679; x_wconf 88' lang='lat' dir='ltr'><strong>lupis</strong></span> <span class='ocrx_word' id='word_1_208' title='bbox 1594 2628 1947 2686; x_wconf 83' lang='lat' dir='ltr'><strong>superamus;</strong></span> <span class='ocrx_word' id='word_1_209' title='bbox 1979 2622 2023 2677; x_wconf 93' lang='lat' dir='ltr'><strong>si</strong></span> 
     </span>
    </p>
   </div>
   <div class='ocr_carea' id='block_1_27' title="bbox 437 2681 2020 2778">
    <p class='ocr_par' dir='ltr' id='par_1_27' title="bbox 437 2681 2020 2778">
     <span class='ocr_line' id='line_1_29' title="bbox 437 2681 2020 2778; baseline 0.024 -48"><span class='ocrx_word' id='word_1_210' title='bbox 437 2691 567 2734; x_wconf 85' lang='lat' dir='ltr'><strong>vero</strong></span> <span class='ocrx_word' id='word_1_211' title='bbox 591 2681 699 2750; x_wconf 89' lang='lat' dir='ltr'><strong>lupi</strong></span> <span class='ocrx_word' id='word_1_212' title='bbox 719 2682 1034 2755; x_wconf 81' lang='lat' dir='ltr'><strong>eftieiamur,</strong></span> <span class='ocrx_word' id='word_1_213' title='bbox 1058 2692 1321 2751; x_wconf 86' lang='lat' dir='ltr'><strong>vincimur</strong></span> <span class='ocrx_word' id='word_1_214' title='bbox 1346 2716 1359 2752; x_wconf 91' lang='lat'><strong>:</strong></span> <span class='ocrx_word' id='word_1_215' title='bbox 1391 2702 1617 2768; x_wconf 90' lang='lat' dir='ltr'><strong>pastoris</strong></span> <span class='ocrx_word' id='word_1_216' title='bbox 1644 2681 1841 2778; x_wconf 83' lang='lat' dir='ltr'><strong>quippe</strong></span> <span class='ocrx_word' id='word_1_217' title='bbox 1870 2681 2020 2767; x_wconf 80' lang='lat' dir='ltr'><strong>auxi-</strong></span> 
     </span>
    </p>
   </div>
   <div class='ocr_carea' id='block_1_28' title="bbox 436 2767 2017 2871">
    <p class='ocr_par' dir='ltr' id='par_1_28' title="bbox 436 2767 2017 2871">
     <span class='ocr_line' id='line_1_30' title="bbox 436 2767 2017 2871; baseline 0.025 -51"><span class='ocrx_word' id='word_1_218' title='bbox 436 2767 507 2821; x_wconf 91' lang='lat' dir='ltr'><strong>lio</strong></span> <span class='ocrx_word' id='word_1_219' title='bbox 533 2768 893 2831; x_wconf 88' lang='lat' dir='ltr'><strong>destituimur.</strong></span> <span class='ocrx_word' id='word_1_220' title='bbox 913 2776 1193 2839; x_wconf 39' lang='lat' dir='ltr'><strong>Non&#39;enim</strong></span> <span class='ocrx_word' id='word_1_221' title='bbox 1226 2786 1312 2842; x_wconf 92' lang='lat' dir='ltr'><strong>ille</strong></span> <span class='ocrx_word' id='word_1_222' title='bbox 1337 2767 1510 2859; x_wconf 81' lang='lat' dir='ltr'><strong>lupos,</strong></span> <span class='ocrx_word' id='word_1_223' title='bbox 1538 2794 1632 2848; x_wconf 87' lang='lat' dir='ltr'><strong>sed</strong></span> <span class='ocrx_word' id='word_1_224' title='bbox 1662 2810 1788 2854; x_wconf 90' lang='lat' dir='ltr'><strong>oves</strong></span> <span class='ocrx_word' id='word_1_225' title='bbox 1808 2800 2017 2871; x_wconf 86' lang='lat' dir='ltr'><strong>pascit;</strong></span> 
     </span>
    </p>
   </div>
   <div class='ocr_carea' id='block_1_29' title="bbox 434 2865 2020 2956">
    <p class='ocr_par' dir='ltr' id='par_1_29' title="bbox 434 2865 2020 2956">
     <span class='ocr_line' id='line_1_31' title="bbox 434 2865 2020 2956; baseline 0.026 -46"><span class='ocrx_word' id='word_1_226' title='bbox 434 2865 561 2914; x_wconf 92' lang='lat' dir='ltr'><strong>tunc</strong></span> <span class='ocrx_word' id='word_1_227' title='bbox 598 2870 774 2919; x_wconf 88' lang='lat' dir='ltr'><strong>autem</strong></span> <span class='ocrx_word' id='word_1_228' title='bbox 819 2875 872 2923; x_wconf 90' lang='lat' dir='ltr'><strong>te</strong></span> <span class='ocrx_word' id='word_1_229' title='bbox 918 2871 1172 2944; x_wconf 87' lang='lat' dir='ltr'><strong>relinquit</strong></span> <span class='ocrx_word' id='word_1_230' title='bbox 1196 2890 1261 2933; x_wconf 90' lang='lat' dir='ltr'><strong>ac</strong></span> <span class='ocrx_word' id='word_1_231' title='bbox 1297 2878 1564 2938; x_wconf 88' lang='lat' dir='ltr'><strong>discedit:</strong></span> <span class='ocrx_word' id='word_1_232' title='bbox 1593 2887 1718 2956; x_wconf 89' lang='lat' dir='ltr'><strong>quia</strong></span> <span class='ocrx_word' id='word_1_233' title='bbox 1751 2865 1856 2947; x_wconf 80' lang='lat' dir='ltr'><strong>non</strong></span> <span class='ocrx_word' id='word_1_234' title='bbox 1886 2865 2020 2953; x_wconf 73' lang='lat' dir='ltr'><strong>sinis</strong></span> 
     </span>
    </p>
   </div>
   <div class='ocr_carea' id='block_1_30' title="bbox 433 2948 2016 3044">
    <p class='ocr_par' dir='ltr' id='par_1_30' title="bbox 433 2948 2016 3044">
     <span class='ocr_line' id='line_1_32' title="bbox 433 2948 2016 3044; baseline 0.027 -42"><span class='ocrx_word' id='word_1_235' title='bbox 433 2948 578 3005; x_wconf 89' lang='lat' dir='ltr'><strong>illum</strong></span> <span class='ocrx_word' id='word_1_236' title='bbox 606 2952 850 3013; x_wconf 84' lang='lat' dir='ltr'><strong>virtutem</strong></span> <span class='ocrx_word' id='word_1_237' title='bbox 878 2973 1025 3018; x_wconf 90' lang='lat' dir='ltr'><strong>suam</strong></span> <span class='ocrx_word' id='word_1_238' title='bbox 1052 2968 1353 3027; x_wconf 84' lang='lat' dir='ltr'><strong>ostendere.</strong></span> <span class='ocrx_word' id='word_1_239' title='bbox 1377 2972 1432 3028; x_wconf 86' lang='lat' dir='ltr'><strong>Si</strong></span> <span class='ocrx_word' id='word_1_240' title='bbox 1459 2976 1600 3032; x_wconf 90' lang='lat' dir='ltr'><strong>enim</strong></span> <span class='ocrx_word' id='word_1_241' title='bbox 1628 2991 1847 3039; x_wconf 84' lang='lat' dir='ltr'><strong>vexatus</strong></span> <span class='ocrx_word' id='word_1_242' title='bbox 1862 3000 2016 3044; x_wconf 86' lang='lat' dir='ltr'><strong>man-</strong></span> 
     </span>
    </p>
   </div>
   <div class='ocr_carea' id='block_1_31' title="bbox 428 3043 2012 3149">
    <p class='ocr_par' dir='ltr' id='par_1_31' title="bbox 428 3043 2012 3149">
     <span class='ocr_line' id='line_1_33' title="bbox 428 3043 2012 3149; baseline 0.027 -55"><span class='ocrx_word' id='word_1_243' title='bbox 428 3043 763 3103; x_wconf 89' lang='lat' dir='ltr'><strong>suetudinem</strong></span> <span class='ocrx_word' id='word_1_244' title='bbox 792 3051 1069 3121; x_wconf 87' lang='lat' dir='ltr'><strong>exhibeas,</strong></span> <span class='ocrx_word' id='word_1_245' title='bbox 1091 3058 1188 3129; x_wconf 91' lang='lat' dir='ltr'><strong>ipsi</strong></span> <span class='ocrx_word' id='word_1_246' title='bbox 1214 3070 1380 3119; x_wconf 92' lang='lat' dir='ltr'><strong>totum</strong></span> <span class='ocrx_word' id='word_1_247' title='bbox 1405 3069 1711 3128; x_wconf 87' lang='lat' dir='ltr'><strong>attribuitur</strong></span> <span class='ocrx_word' id='word_1_248' title='bbox 1732 3084 2012 3149; x_wconf 70' lang='lat' dir='ltr'><strong>trop&#39;rum;</strong></span> 
     </span>
    </p>
   </div>
   <div class='ocr_carea' id='block_1_32' title="bbox 428 3132 2012 3227">
    <p class='ocr_par' dir='ltr' id='par_1_32' title="bbox 428 3132 2012 3227">
     <span class='ocr_line' id='line_1_34' title="bbox 428 3132 2012 3227; baseline 0.026 -43"><span class='ocrx_word' id='word_1_249' title='bbox 428 3132 510 3187; x_wconf 90' lang='lat' dir='ltr'><strong>sin</strong></span> <span class='ocrx_word' id='word_1_250' title='bbox 538 3136 731 3193; x_wconf 89' lang='lat' dir='ltr'><strong>exieris</strong></span> <span class='ocrx_word' id='word_1_251' title='bbox 772 3149 1227 3218; x_wconf 87' lang='lat' dir='ltr'><strong>pugnaverisquc,</strong></span> <span class='ocrx_word' id='word_1_252' title='bbox 1279 3155 1558 3214; x_wconf 87' lang='lat' dir='ltr'><strong>victoriam</strong></span> <span class='ocrx_word' id='word_1_253' title='bbox 1608 3160 1883 3221; x_wconf 87' lang='lat' dir='ltr'><strong>obscuras.</strong></span> <span class='ocrx_word' id='word_1_254' title='bbox 1934 3170 2012 3227; x_wconf 89' lang='lat' dir='ltr'><strong>Tu</strong></span> 
     </span>
    </p>
   </div>
   <div class='ocr_carea' id='block_1_33' title="bbox 425 3227 2006 3318">
    <p class='ocr_par' dir='ltr' id='par_1_33' title="bbox 425 3227 2006 3318">
     <span class='ocr_line' id='line_1_35' title="bbox 425 3227 2006 3318; baseline 0.025 -45"><span class='ocrx_word' id='word_1_255' title='bbox 425 3235 552 3277; x_wconf 90' lang='lat' dir='ltr'><strong>vero</strong></span> <span class='ocrx_word' id='word_1_256' title='bbox 593 3227 721 3282; x_wconf 90' lang='lat' dir='ltr'><strong>mihi</strong></span> <span class='ocrx_word' id='word_1_257' title='bbox 767 3233 1045 3289; x_wconf 87' lang='lat' dir='ltr'><strong>considera</strong></span> <span class='ocrx_word' id='word_1_258' title='bbox 1089 3241 1303 3306; x_wconf 89' lang='lat' dir='ltr'><strong>quinam</strong></span> <span class='ocrx_word' id='word_1_259' title='bbox 1350 3243 1457 3297; x_wconf 92' lang='lat' dir='ltr'><strong>sint</strong></span> <span class='ocrx_word' id='word_1_260' title='bbox 1500 3246 1557 3311; x_wconf 92' lang='lat' dir='ltr'><strong>ii,</strong></span> <span class='ocrx_word' id='word_1_261' title='bbox 1598 3251 1689 3318; x_wconf 92' lang='lat' dir='ltr'><strong>qui</strong></span> <span class='ocrx_word' id='word_1_262' title='bbox 1732 3251 1847 3309; x_wconf 82' lang='lat' dir='ltr'><strong>haec</strong></span> <span class='ocrx_word' id='word_1_263' title='bbox 1873 3255 2006 3314; x_wconf 89' lang='lat' dir='ltr'><strong>dura</strong></span> 
     </span>
    </p>
   </div>
   <div class='ocr_carea' id='block_1_34' title="bbox 424 3313 2004 3414">
    <p class='ocr_par' dir='ltr' id='par_1_34' title="bbox 424 3313 2004 3414">
     <span class='ocr_line' id='line_1_36' title="bbox 424 3313 2004 3414; baseline 0.023 -47"><span class='ocrx_word' id='word_1_264' title='bbox 424 3313 794 3387; x_wconf 86' lang='lat' dir='ltr'><strong>laboriosaquc</strong></span> <span class='ocrx_word' id='word_1_265' title='bbox 817 3333 1078 3394; x_wconf 62' lang='lat' dir='ltr'><strong>princepta</strong></span> <span class='ocrx_word' id='word_1_266' title='bbox 1096 3328 1315 3386; x_wconf 90' lang='lat' dir='ltr'><strong>audiunt</strong></span> <span class='ocrx_word' id='word_1_267' title='bbox 1338 3350 1350 3386; x_wconf 90' lang='lat'><strong>:</strong></span> <span class='ocrx_word' id='word_1_268' title='bbox 1376 3313 1705 3395; x_wconf 84' lang='lat' dir='ltr'><strong>formidolosi</strong></span> <span class='ocrx_word' id='word_1_269' title='bbox 1737 3341 2004 3414; x_wconf 88' lang='lat' dir='ltr'><strong>homines,</strong></span> 
     </span>
    </p>
   </div>
   <div class='ocr_carea' id='block_1_35' title="bbox 422 3406 1995 3509">
    <p class='ocr_par' dir='ltr' id='par_1_35' title="bbox 422 3406 1995 3509">
     <span class='ocr_line' id='line_1_37' title="bbox 422 3406 1995 3509; baseline 0.024 -52"><span class='ocrx_word' id='word_1_270' title='bbox 422 3406 641 3473; x_wconf 74' lang='lat' dir='ltr'><strong>idiotas;</strong></span> <span class='ocrx_word' id='word_1_271' title='bbox 691 3410 923 3467; x_wconf 88' lang='lat' dir='ltr'><strong>illiterati</strong></span> <span class='ocrx_word' id='word_1_272' title='bbox 944 3457 958 3481; x_wconf 93' lang='lat'><strong>,</strong></span> <span class='ocrx_word' id='word_1_273' title='bbox 990 3425 1046 3472; x_wconf 91' lang='lat' dir='ltr'><strong>et</strong></span> <span class='ocrx_word' id='word_1_274' title='bbox 1084 3418 1282 3477; x_wconf 89' lang='lat' dir='ltr'><strong>indocti</strong></span> <span class='ocrx_word' id='word_1_275' title='bbox 1313 3439 1329 3489; x_wconf 86' lang='lat'><strong>;</strong></span> <span class='ocrx_word' id='word_1_276' title='bbox 1377 3440 1595 3495; x_wconf 88' lang='lat' dir='ltr'><strong>prorsus</strong></span> <span class='ocrx_word' id='word_1_277' title='bbox 1624 3432 1877 3501; x_wconf 90' lang='lat' dir='ltr'><strong>obscuri;</strong></span> <span class='ocrx_word' id='word_1_278' title='bbox 1906 3441 1995 3509; x_wconf 91' lang='lat' dir='ltr'><strong>qui</strong></span> 
     </span>
    </p>
   </div>
   <div class='ocr_carea' id='block_1_36' title="bbox 423 3504 2005 3585">
    <p class='ocr_par' dir='ltr' id='par_1_36' title="bbox 423 3504 2005 3585">
     <span class='ocr_line' id='line_1_38' title="bbox 423 3504 2005 3585; baseline 0.023 -35"><span class='ocrx_word' id='word_1_279' title='bbox 423 3506 738 3555; x_wconf 90' lang='lat' dir='ltr'><strong>exterorum</strong></span> <span class='ocrx_word' id='word_1_280' title='bbox 783 3504 929 3574; x_wconf 80' lang='lat' dir='ltr'><strong>leges</strong></span> <span class='ocrx_word' id='word_1_281' title='bbox 967 3507 1315 3578; x_wconf 74' lang='lat' dir='ltr'><strong>ignorabant,</strong></span> <span class='ocrx_word' id='word_1_282' title='bbox 1348 3516 1436 3585; x_wconf 91' lang='lat' dir='ltr'><strong>qui</strong></span> <span class='ocrx_word' id='word_1_283' title='bbox 1464 3533 1569 3573; x_wconf 93' lang='lat' dir='ltr'><strong>non</strong></span> <span class='ocrx_word' id='word_1_284' title='bbox 1610 3521 1663 3576; x_wconf 91' lang='lat' dir='ltr'><strong>in</strong></span> <span class='ocrx_word' id='word_1_285' title='bbox 1703 3523 1878 3581; x_wconf 87' lang='lat' dir='ltr'><strong>forum</strong></span> <span class='ocrx_word' id='word_1_286' title='bbox 1910 3504 2005 3585; x_wconf 85' lang='lat' dir='ltr'><strong>de-</strong></span> 
     </span>
    </p>
   </div>
   <div class='ocr_carea' id='block_1_37' title="bbox 418 3590 2002 3675">
    <p class='ocr_par' dir='ltr' id='par_1_37' title="bbox 418 3590 2002 3675">
     <span class='ocr_line' id='line_1_39' title="bbox 418 3590 2002 3675; baseline 0.021 -34"><span class='ocrx_word' id='word_1_287' title='bbox 418 3590 777 3659; x_wconf 88' lang='lat' dir='ltr'><strong>scenderant;</strong></span> <span class='ocrx_word' id='word_1_288' title='bbox 809 3595 1122 3666; x_wconf 87' lang='lat' dir='ltr'><strong>piscatores,</strong></span> <span class='ocrx_word' id='word_1_289' title='bbox 1153 3602 1439 3675; x_wconf 83' lang='lat' dir='ltr'><strong>publicani,</strong></span> <span class='ocrx_word' id='word_1_290' title='bbox 1478 3608 1530 3663; x_wconf 93' lang='lat' dir='ltr'><strong>in</strong></span> <span class='ocrx_word' id='word_1_291' title='bbox 1559 3614 1808 3669; x_wconf 89' lang='lat' dir='ltr'><strong>omnibus</strong></span> <span class='ocrx_word' id='word_1_292' title='bbox 1835 3617 2002 3674; x_wconf 83' lang='lat' dir='ltr'><strong>imbe-</strong></span> 
     </span>
    </p>
   </div>
   <div class='ocr_carea' id='block_1_38' title="bbox 417 3679 2000 3777">
    <p class='ocr_par' dir='ltr' id='par_1_38' title="bbox 417 3679 2000 3777">
     <span class='ocr_line' id='line_1_40' title="bbox 417 3679 2000 3777; baseline 0.023 -47"><span class='ocrx_word' id='word_1_293' title='bbox 417 3679 588 3734; x_wconf 86' lang='lat' dir='ltr'><strong>cillcs.</strong></span> <span class='ocrx_word' id='word_1_294' title='bbox 617 3681 768 3748; x_wconf 89' lang='lat' dir='ltr'><strong>Quod</strong></span> <span class='ocrx_word' id='word_1_295' title='bbox 805 3687 848 3740; x_wconf 92' lang='lat' dir='ltr'><strong>si</strong></span> <span class='ocrx_word' id='word_1_296' title='bbox 895 3687 1010 3744; x_wconf 68' lang='lat' dir='ltr'><strong>haec</strong></span> <span class='ocrx_word' id='word_1_297' title='bbox 1052 3692 1135 3747; x_wconf 89' lang='lat' dir='ltr'><strong>vel</strong></span> <span class='ocrx_word' id='word_1_298' title='bbox 1178 3708 1371 3767; x_wconf 81' lang='lat' dir='ltr'><strong>magno</strong></span> <span class='ocrx_word' id='word_1_299' title='bbox 1403 3699 1654 3768; x_wconf 84' lang='lat' dir='ltr'><strong>praeditos</strong></span> <span class='ocrx_word' id='word_1_300' title='bbox 1696 3705 1909 3777; x_wconf 90' lang='lat' dir='ltr'><strong>ingenio</strong></span> <span class='ocrx_word' id='word_1_301' title='bbox 1944 3720 2000 3767; x_wconf 90' lang='lat' dir='ltr'><strong>et</strong></span> 
     </span>
    </p>
   </div>
   <div class='ocr_carea' id='block_1_39' title="bbox 415 3768 1994 3865">
    <p class='ocr_par' dir='ltr' id='par_1_39' title="bbox 415 3768 1994 3865">
     <span class='ocr_line' id='line_1_41' title="bbox 415 3768 1994 3865; baseline 0.023 -45"><span class='ocrx_word' id='word_1_302' title='bbox 415 3768 594 3822; x_wconf 88' lang='lat' dir='ltr'><strong>animo</strong></span> <span class='ocrx_word' id='word_1_303' title='bbox 616 3772 757 3828; x_wconf 87' lang='lat' dir='ltr'><strong>viros</strong></span> <span class='ocrx_word' id='word_1_304' title='bbox 778 3776 990 3834; x_wconf 87' lang='lat' dir='ltr'><strong>turbare</strong></span> <span class='ocrx_word' id='word_1_305' title='bbox 1009 3792 1253 3850; x_wconf 90' lang='lat' dir='ltr'><strong>possunt,</strong></span> <span class='ocrx_word' id='word_1_306' title='bbox 1276 3789 1546 3855; x_wconf 91' lang='lat' dir='ltr'><strong>quomodo</strong></span> <span class='ocrx_word' id='word_1_307' title='bbox 1568 3807 1673 3848; x_wconf 90' lang='lat' dir='ltr'><strong>non</strong></span> <span class='ocrx_word' id='word_1_308' title='bbox 1697 3798 1994 3865; x_wconf 84' lang='lat' dir='ltr'><strong>potuissent</strong></span> 
     </span>
    </p>
   </div>
   <div class='ocr_carea' id='block_1_40' title="bbox 414 3858 1995 3955">
    <p class='ocr_par' dir='ltr' id='par_1_40' title="bbox 414 3858 1995 3955">
     <span class='ocr_line' id='line_1_42' title="bbox 414 3858 1995 3955; baseline 0.022 -42"><span class='ocrx_word' id='word_1_309' title='bbox 414 3858 689 3931; x_wconf 89' lang='lat' dir='ltr'><strong>imperitos</strong></span> <span class='ocrx_word' id='word_1_310' title='bbox 717 3865 978 3937; x_wconf 90' lang='lat' dir='ltr'><strong>homines,</strong></span> <span class='ocrx_word' id='word_1_311' title='bbox 994 3873 1084 3942; x_wconf 90' lang='lat' dir='ltr'><strong>qui</strong></span> <span class='ocrx_word' id='word_1_312' title='bbox 1112 3875 1244 3930; x_wconf 88' lang='lat' dir='ltr'><strong>nihil</strong></span> <span class='ocrx_word' id='word_1_313' title='bbox 1264 3882 1511 3947; x_wconf 80' lang='lat' dir='ltr'><strong>generosi</strong></span> <span class='ocrx_word' id='word_1_314' title='bbox 1539 3899 1788 3955; x_wconf 87' lang='lat' dir='ltr'><strong>umquam</strong></span> <span class='ocrx_word' id='word_1_315' title='bbox 1816 3891 1995 3948; x_wconf 85' lang='lat' dir='ltr'><strong>animo</strong></span> 
     </span>
    </p>
   </div>
   <div class='ocr_carea' id='block_1_41' title="bbox 411 3958 1991 4049">
    <p class='ocr_par' dir='ltr' id='par_1_41' title="bbox 411 3958 1991 4049">
     <span class='ocr_line' id='line_1_43' title="bbox 411 3958 1991 4049; baseline 0.022 -45"><span class='ocrx_word' id='word_1_316' title='bbox 411 3964 783 4023; x_wconf 84' lang='lat' dir='ltr'><strong>conceperant,</strong></span> <span class='ocrx_word' id='word_1_317' title='bbox 807 3958 1041 4028; x_wconf 89' lang='lat' dir='ltr'><strong>dejicere</strong></span> <span class='ocrx_word' id='word_1_318' title='bbox 1069 3974 1227 4036; x_wconf 86' lang='lat' dir='ltr'><strong>atque</strong></span> <span class='ocrx_word' id='word_1_319' title='bbox 1255 3970 1547 4038; x_wconf 87' lang='lat' dir='ltr'><strong>percellere</strong></span> <span class='ocrx_word' id='word_1_320' title='bbox 1568 3973 1591 4027; x_wconf 91' lang='lat'><strong>?</strong></span> <span class='ocrx_word' id='word_1_321' title='bbox 1615 3975 1683 4030; x_wconf 86' lang='lat' dir='ltr'><strong>At</strong></span> <span class='ocrx_word' id='word_1_322' title='bbox 1710 3992 1814 4033; x_wconf 89' lang='lat' dir='ltr'><strong>non</strong></span> <span class='ocrx_word' id='word_1_323' title='bbox 1839 3979 1991 4049; x_wconf 88' lang='lat' dir='ltr'><strong>deje-</strong></span> 
     </span>
    </p>
   </div>
   <div class='ocr_carea' id='block_1_42' title="bbox 409 4044 1993 4137">
    <p class='ocr_par' dir='ltr' id='par_1_42' title="bbox 409 4044 1993 4137">
     <span class='ocr_line' id='line_1_44' title="bbox 409 4044 1993 4137; baseline 0.022 -42"><span class='ocrx_word' id='word_1_324' title='bbox 409 4058 555 4099; x_wconf 91' lang='lat' dir='ltr'><strong>cere.</strong></span> <span class='ocrx_word' id='word_1_325' title='bbox 582 4044 745 4114; x_wconf 87' lang='lat' dir='ltr'><strong>idque</strong></span> <span class='ocrx_word' id='word_1_326' title='bbox 764 4048 885 4118; x_wconf 88' lang='lat' dir='ltr'><strong>jure</strong></span> <span class='ocrx_word' id='word_1_327' title='bbox 918 4053 1141 4124; x_wconf 90' lang='lat' dir='ltr'><strong>merito,</strong></span> <span class='ocrx_word' id='word_1_328' title='bbox 1166 4057 1309 4115; x_wconf 91' lang='lat' dir='ltr'><strong>dicet</strong></span> <span class='ocrx_word' id='word_1_329' title='bbox 1336 4061 1474 4118; x_wconf 89' lang='lat' dir='ltr'><strong>forte</strong></span> <span class='ocrx_word' id='word_1_330' title='bbox 1500 4065 1761 4137; x_wconf 82' lang='lat' dir='ltr'><strong>quispiam</strong></span> <span class='ocrx_word' id='word_1_331' title='bbox 1793 4090 1807 4125; x_wconf 88' lang='lat'><strong>:</strong></span> <span class='ocrx_word' id='word_1_332' title='bbox 1840 4044 1993 4131; x_wconf 75' lang='lat' dir='ltr'><strong>dedit</strong></span> 
     </span>
    </p>
   </div>
   <div class='ocr_carea' id='block_1_43' title="bbox 410 4134 1988 4231">
    <p class='ocr_par' dir='ltr' id='par_1_43' title="bbox 410 4134 1988 4231">
     <span class='ocr_line' id='line_1_45' title="bbox 410 4134 1988 4231; baseline 0.021 -45"><span class='ocrx_word' id='word_1_333' title='bbox 410 4134 547 4189; x_wconf 89' lang='lat' dir='ltr'><strong>enim</strong></span> <span class='ocrx_word' id='word_1_334' title='bbox 575 4134 678 4191; x_wconf 89' lang='lat' dir='ltr'><strong>illis</strong></span> <span class='ocrx_word' id='word_1_335' title='bbox 705 4148 1018 4207; x_wconf 77' lang='lat' dir='ltr'><strong>poteStatem</strong></span> <span class='ocrx_word' id='word_1_336' title='bbox 1049 4144 1323 4204; x_wconf 66' lang='lat' dir='ltr'><strong>daemonas</strong></span> <span class='ocrx_word' id='word_1_337' title='bbox 1343 4134 1714 4222; x_wconf 44' lang='lat' dir='ltr'><strong>ejiciendi,_ac</strong></span> <span class='ocrx_word' id='word_1_338' title='bbox 1745 4161 1988 4231; x_wconf 86' lang='lat' dir='ltr'><strong>leprosos</strong></span> 
     </span>
    </p>
   </div>
   <div class='ocr_carea' id='block_1_44' title="bbox 408 4228 1988 4315">
    <p class='ocr_par' dir='ltr' id='par_1_44' title="bbox 408 4228 1988 4315">
     <span class='ocr_line' id='line_1_46' title="bbox 408 4228 1988 4315; baseline 0.02 -37"><span class='ocrx_word' id='word_1_339' title='bbox 408 4228 713 4285; x_wconf 89' lang='lat' dir='ltr'><strong>mundandi.</strong></span> <span class='ocrx_word' id='word_1_340' title='bbox 749 4231 863 4303; x_wconf 88' lang='lat' dir='ltr'><strong>Ego</strong></span> <span class='ocrx_word' id='word_1_341' title='bbox 890 4246 1067 4292; x_wconf 89' lang='lat' dir='ltr'><strong>autem</strong></span> <span class='ocrx_word' id='word_1_342' title='bbox 1110 4237 1335 4295; x_wconf 79' lang='lat' dir='ltr'><strong>dixerim</strong></span> <span class='ocrx_word' id='word_1_343' title='bbox 1356 4282 1372 4309; x_wconf 95' lang='lat'><strong>,</strong></span> <span class='ocrx_word' id='word_1_344' title='bbox 1410 4243 1514 4299; x_wconf 90' lang='lat' dir='ltr'><strong>hoc</strong></span> <span class='ocrx_word' id='word_1_345' title='bbox 1549 4246 1723 4315; x_wconf 87' lang='lat' dir='ltr'><strong>ipsum</strong></span> <span class='ocrx_word' id='word_1_346' title='bbox 1752 4254 1988 4311; x_wconf 86' lang='lat' dir='ltr'><strong>maxime</strong></span> 
     </span>
    </p>
   </div>
   <div class='ocr_carea' id='block_1_45' title="bbox 405 4315 1980 4413">
    <p class='ocr_par' dir='ltr' id='par_1_45' title="bbox 405 4315 1980 4413">
     <span class='ocr_line' id='line_1_47' title="bbox 405 4315 1980 4413; baseline 0.019 -45"><span class='ocrx_word' id='word_1_347' title='bbox 405 4315 521 4371; x_wconf 86' lang='lat' dir='ltr'><strong>illos</strong></span> <span class='ocrx_word' id='word_1_348' title='bbox 549 4319 763 4376; x_wconf 87' lang='lat' dir='ltr'><strong>turbare</strong></span> <span class='ocrx_word' id='word_1_349' title='bbox 794 4324 1051 4393; x_wconf 89' lang='lat' dir='ltr'><strong>potuisse,</strong></span> <span class='ocrx_word' id='word_1_350' title='bbox 1075 4329 1216 4398; x_wconf 91' lang='lat' dir='ltr'><strong>quod</strong></span> <span class='ocrx_word' id='word_1_351' title='bbox 1244 4331 1346 4385; x_wconf 88' lang='lat' dir='ltr'><strong>etsi</strong></span> <span class='ocrx_word' id='word_1_352' title='bbox 1368 4344 1610 4391; x_wconf 90' lang='lat' dir='ltr'><strong>mortuos</strong></span> <span class='ocrx_word' id='word_1_353' title='bbox 1638 4339 1980 4413; x_wconf 89' lang='lat' dir='ltr'><strong>suscitarent,</strong></span> 
     </span>
    </p>
   </div>
   <div class='ocr_carea' id='block_1_46' title="bbox 402 4405 1979 4501">
    <p class='ocr_par' dir='ltr' id='par_1_46' title="bbox 402 4405 1979 4501">
     <span class='ocr_line' id='line_1_48' title="bbox 402 4405 1979 4501; baseline 0.017 -41"><span class='ocrx_word' id='word_1_354' title='bbox 402 4405 518 4463; x_wconf 74' lang='lat' dir='ltr'><strong>lucc</strong></span> <span class='ocrx_word' id='word_1_355' title='bbox 566 4420 743 4468; x_wconf 88' lang='lat' dir='ltr'><strong>tamen</strong></span> <span class='ocrx_word' id='word_1_356' title='bbox 789 4415 1141 4473; x_wconf 89' lang='lat' dir='ltr'><strong>intolerabilia</strong></span> <span class='ocrx_word' id='word_1_357' title='bbox 1185 4423 1396 4489; x_wconf 87' lang='lat' dir='ltr'><strong>passuri</strong></span> <span class='ocrx_word' id='word_1_358' title='bbox 1442 4427 1637 4491; x_wconf 84' lang='lat' dir='ltr'><strong>erant;</strong></span> <span class='ocrx_word' id='word_1_359' title='bbox 1679 4429 1979 4501; x_wconf 89' lang='lat' dir='ltr'><strong>tribunalia,</strong></span> 
     </span>
    </p>
   </div>
   <div class='ocr_carea' id='block_1_47' title="bbox 396 4498 1977 4587">
    <p class='ocr_par' dir='ltr' id='par_1_47' title="bbox 396 4498 1977 4587">
     <span class='ocr_line' id='line_1_49' title="bbox 396 4498 1977 4587; baseline 0.018 -37"><span class='ocrx_word' id='word_1_360' title='bbox 396 4498 745 4558; x_wconf 88' lang='lat' dir='ltr'><strong>abductiones</strong></span> <span class='ocrx_word' id='word_1_361' title='bbox 764 4504 831 4559; x_wconf 91' lang='lat' dir='ltr'><strong>ad</strong></span> <span class='ocrx_word' id='word_1_362' title='bbox 858 4522 1066 4576; x_wconf 89' lang='lat' dir='ltr'><strong>necem,</strong></span> <span class='ocrx_word' id='word_1_363' title='bbox 1090 4508 1287 4566; x_wconf 88' lang='lat' dir='ltr'><strong>bellum</strong></span> <span class='ocrx_word' id='word_1_364' title='bbox 1314 4512 1570 4571; x_wconf 89' lang='lat' dir='ltr'><strong>adversus</strong></span> <span class='ocrx_word' id='word_1_365' title='bbox 1589 4533 1800 4587; x_wconf 82' lang='lat' dir='ltr'><strong>omnes,</strong></span> <span class='ocrx_word' id='word_1_366' title='bbox 1831 4538 1977 4578; x_wconf 89' lang='lat' dir='ltr'><strong>com-</strong></span> 
     </span>
    </p>
   </div>
   <div class='ocr_carea' id='block_1_48' title="bbox 370 4594 1979 4685">
    <p class='ocr_par' dir='ltr' id='par_1_48' title="bbox 370 4594 1979 4685">
     <span class='ocr_line' id='line_1_50' title="bbox 370 4594 1979 4685; baseline 0.021 -48"><span class='ocrx_word' id='word_1_367' title='bbox 370 4605 556 4646; x_wconf 76' lang='lat' dir='ltr'><strong>.snune</strong></span> <span class='ocrx_word' id='word_1_368' title='bbox 587 4594 750 4648; x_wconf 88' lang='lat' dir='ltr'><strong>totius</strong></span> <span class='ocrx_word' id='word_1_369' title='bbox 777 4596 923 4654; x_wconf 88' lang='lat' dir='ltr'><strong>orbis</strong></span> <span class='ocrx_word' id='word_1_370' title='bbox 960 4600 1141 4656; x_wconf 91' lang='lat' dir='ltr'><strong>odium</strong></span> <span class='ocrx_word' id='word_1_371' title='bbox 1162 4643 1177 4667; x_wconf 91' lang='lat'><strong>,</strong></span> <span class='ocrx_word' id='word_1_372' title='bbox 1199 4612 1255 4660; x_wconf 92' lang='lat' dir='ltr'><strong>et</strong></span> <span class='ocrx_word' id='word_1_373' title='bbox 1284 4605 1399 4661; x_wconf 74' lang='lat' dir='ltr'><strong>haec</strong></span> <span class='ocrx_word' id='word_1_374' title='bbox 1434 4607 1559 4663; x_wconf 91' lang='lat' dir='ltr'><strong>dum</strong></span> <span class='ocrx_word' id='word_1_375' title='bbox 1591 4612 1844 4669; x_wconf 90' lang='lat' dir='ltr'><strong>miracula</strong></span> <span class='ocrx_word' id='word_1_376' title='bbox 1887 4632 1979 4685; x_wconf 86' lang='lat' dir='ltr'><strong>pa-</strong></span> 
     </span>
    </p>
   </div>
   <div class='ocr_carea' id='block_1_49' title="bbox 398 4684 1975 4773">
    <p class='ocr_par' dir='ltr' id='par_1_49' title="bbox 398 4684 1975 4773">
     <span class='ocr_line' id='line_1_51' title="bbox 398 4684 1975 4773; baseline 0.02 -41"><span class='ocrx_word' id='word_1_377' title='bbox 398 4690 619 4737; x_wconf 88' lang='lat' dir='ltr'><strong>trarcnt.</strong></span> <span class='ocrx_word' id='word_1_378' title='bbox 651 4684 781 4751; x_wconf 63' lang='lat' dir='ltr'><strong>Quae</strong></span> <span class='ocrx_word' id='word_1_379' title='bbox 822 4690 1119 4748; x_wconf 88' lang='lat' dir='ltr'><strong>consolatio</strong></span> <span class='ocrx_word' id='word_1_380' title='bbox 1166 4694 1305 4750; x_wconf 90' lang='lat' dir='ltr'><strong>inter</strong></span> <span class='ocrx_word' id='word_1_381' title='bbox 1355 4706 1435 4753; x_wconf 92' lang='lat' dir='ltr'><strong>tot</strong></span> <span class='ocrx_word' id='word_1_382' title='bbox 1483 4710 1736 4773; x_wconf 87' lang='lat' dir='ltr'><strong>tantaque</strong></span> <span class='ocrx_word' id='word_1_383' title='bbox 1790 4707 1975 4762; x_wconf 77' lang='lat' dir='ltr'><strong>maia?</strong></span> 
     </span>
    </p>
   </div>
   <div class='ocr_carea' id='block_1_50' title="bbox 394 4771 1969 4863">
    <p class='ocr_par' dir='ltr' id='par_1_50' title="bbox 394 4771 1969 4863">
     <span class='ocr_line' id='line_1_52' title="bbox 394 4771 1969 4863; baseline 0.02 -40"><span class='ocrx_word' id='word_1_384' title='bbox 394 4771 652 4829; x_wconf 82' lang='lat' dir='ltr'><strong>Mittentis</strong></span> <span class='ocrx_word' id='word_1_385' title='bbox 684 4779 934 4844; x_wconf 86' lang='lat' dir='ltr'><strong>potentia.</strong></span> <span class='ocrx_word' id='word_1_386' title='bbox 966 4781 1169 4839; x_wconf 86' lang='lat' dir='ltr'><strong>idcirco</strong></span> <span class='ocrx_word' id='word_1_387' title='bbox 1198 4785 1313 4842; x_wconf 64' lang='lat' dir='ltr'><strong>hac</strong></span> <span class='ocrx_word' id='word_1_388' title='bbox 1337 4791 1597 4857; x_wconf 57' lang='lat' dir='ltr'><strong>praemisit</strong></span> <span class='ocrx_word' id='word_1_389' title='bbox 1624 4771 1742 4849; x_wconf 80' lang='lat' dir='ltr'><strong>aliis</strong></span> <span class='ocrx_word' id='word_1_390' title='bbox 1762 4795 1969 4863; x_wconf 84' lang='lat' dir='ltr'><strong>dicens,</strong></span> 
     </span>
    </p>
   </div>
   <div class='ocr_carea' id='block_1_51' title="bbox 394 4862 1971 4946">
    <p class='ocr_par' dir='ltr' id='par_1_51' title="bbox 394 4862 1971 4946">
     <span class='ocr_line' id='line_1_53' title="bbox 394 4862 1971 4946; baseline 0.019 -30"><span class='ocrx_word' id='word_1_391' title='bbox 394 4862 528 4919; x_wconf 86' lang='lat' dir='ltr'><strong>Ecce</strong></span> <span class='ocrx_word' id='word_1_392' title='bbox 546 4882 637 4934; x_wconf 88' lang='lat' dir='ltr'><strong>ego</strong></span> <span class='ocrx_word' id='word_1_393' title='bbox 666 4867 807 4922; x_wconf 86' lang='lat' dir='ltr'><strong>mitto</strong></span> <span class='ocrx_word' id='word_1_394' title='bbox 833 4884 940 4927; x_wconf 76' lang='lat' dir='ltr'><strong>vos.</strong></span> <span class='ocrx_word' id='word_1_395' title='bbox 972 4872 1086 4928; x_wconf 83' lang='lat' dir='ltr'><strong>Hoc</strong></span> <span class='ocrx_word' id='word_1_396' title='bbox 1113 4877 1263 4933; x_wconf 89' lang='lat' dir='ltr'><strong>vobis</strong></span> <span class='ocrx_word' id='word_1_397' title='bbox 1292 4878 1358 4934; x_wconf 91' lang='lat' dir='ltr'><strong>ad</strong></span> <span class='ocrx_word' id='word_1_398' title='bbox 1386 4884 1810 4943; x_wconf 88' lang='lat' dir='ltr'><strong>consolationem</strong></span> <span class='ocrx_word' id='word_1_399' title='bbox 1839 4891 1971 4946; x_wconf 88' lang='lat' dir='ltr'><strong>satis</strong></span> 
     </span>
    </p>
   </div>
   <div class='ocr_carea' id='block_1_52' title="bbox 391 4956 1970 5050">
    <p class='ocr_par' dir='ltr' id='par_1_52' title="bbox 391 4956 1970 5050">
     <span class='ocr_line' id='line_1_54' title="bbox 391 4956 1970 5050; baseline 0.018 -40"><span class='ocrx_word' id='word_1_400' title='bbox 391 4965 475 5011; x_wconf 86' lang='lat' dir='ltr'><strong>est</strong></span> <span class='ocrx_word' id='word_1_401' title='bbox 496 4997 511 5019; x_wconf 92' lang='lat'><strong>,</strong></span> <span class='ocrx_word' id='word_1_402' title='bbox 549 4956 851 5029; x_wconf 84' lang='lat' dir='ltr'><strong>snfticitque</strong></span> <span class='ocrx_word' id='word_1_403' title='bbox 874 4962 942 5017; x_wconf 89' lang='lat' dir='ltr'><strong>ad</strong></span> <span class='ocrx_word' id='word_1_404' title='bbox 970 4962 1214 5023; x_wconf 86' lang='lat' dir='ltr'><strong>fiduciam</strong></span> <span class='ocrx_word' id='word_1_405' title='bbox 1239 4973 1551 5029; x_wconf 87' lang='lat' dir='ltr'><strong>sumendam</strong></span> <span class='ocrx_word' id='word_1_406' title='bbox 1597 4980 1970 5050; x_wconf 87' lang='lat' dir='ltr'><strong>neminemque</strong></span> 
     </span>
    </p>
   </div>
   <div class='ocr_carea' id='block_1_53' title="bbox 388 5046 1293 5114">
    <p class='ocr_par' dir='ltr' id='par_1_53' title="bbox 388 5046 1293 5114">
     <span class='ocr_line' id='line_1_55' title="bbox 388 5046 1293 5114; baseline 0.019 -16"><span class='ocrx_word' id='word_1_407' title='bbox 388 5046 817 5105; x_wconf 84' lang='lat' dir='ltr'><strong>adversariorum</strong></span> <span class='ocrx_word' id='word_1_408' title='bbox 846 5051 1235 5114; x_wconf 87' lang='lat' dir='ltr'><strong>formidandum</strong></span> <span class='ocrx_word' id='word_1_409' title='bbox 1254 5062 1293 5114; x_wconf 87' lang='grc'><strong>¹.</strong></span> 
     </span>
    </p>
   </div>
   <div class='ocr_carea' id='block_1_54' title="bbox 458 5137 1962 5234">
    <p class='ocr_par' dir='ltr' id='par_1_54' title="bbox 458 5137 1962 5234">
     <span class='ocr_line' id='line_1_56' title="bbox 458 5137 1962 5234; baseline 0.02 -44"><span class='ocrx_word' id='word_1_410' title='bbox 458 5137 513 5192; x_wconf 70' lang='lat'><strong>2.</strong></span> <span class='ocrx_word' id='word_1_411' title='bbox 535 5139 703 5206; x_wconf 82' lang='lat' dir='ltr'><strong>Quare</strong></span> <span class='ocrx_word' id='word_1_412' title='bbox 714 5140 939 5197; x_wconf 80' lang='lat' dir='ltr'><strong>Christus</strong></span> <span class='ocrx_word' id='word_1_413' title='bbox 954 5149 1196 5214; x_wconf 76' lang='lat' dir='ltr'><strong>apostolis</strong></span> <span class='ocrx_word' id='word_1_414' title='bbox 1206 5151 1370 5205; x_wconf 84' lang='lat' dir='ltr'><strong>ouium</strong></span> <span class='ocrx_word' id='word_1_415' title='bbox 1382 5154 1724 5224; x_wconf 76' lang='lat' dir='ltr'><strong>infirmitatem</strong></span> <span class='ocrx_word' id='word_1_416' title='bbox 1745 5164 1962 5234; x_wconf 77' lang='lat' dir='ltr'><strong>reliquit.</strong></span> 
     </span>
    </p>
   </div>
   <div class='ocr_carea' id='block_1_55' title="bbox 388 5228 1966 5312">
    <p class='ocr_par' dir='ltr' id='par_1_55' title="bbox 388 5228 1966 5312">
     <span class='ocr_line' id='line_1_57' title="bbox 388 5228 1966 5312; baseline 0.019 -29"><span class='ocrx_word' id='word_1_417' title='bbox 388 5228 672 5283; x_wconf 79' lang='lat' dir='ltr'><strong>Prudentia</strong></span> <span class='ocrx_word' id='word_1_418' title='bbox 696 5234 938 5299; x_wconf 83' lang='lat' dir='ltr'><strong>serpentis</strong></span> <span class='ocrx_word' id='word_1_419' title='bbox 956 5252 1086 5304; x_wconf 69' lang='lat' dir='ltr'><strong>qum.</strong></span> <span class='ocrx_word' id='word_1_420' title='bbox 1109 5267 1180 5278; x_wconf 92' lang='lat'><strong>-—</strong></span> <span class='ocrx_word' id='word_1_421' title='bbox 1199 5239 1360 5297; x_wconf 88' lang='lat' dir='ltr'><strong>Vides</strong></span> <span class='ocrx_word' id='word_1_422' title='bbox 1386 5249 1793 5305; x_wconf 85' lang='lat' dir='ltr'><strong>auctoritatem?</strong></span> <span class='ocrx_word' id='word_1_423' title='bbox 1816 5228 1966 5312; x_wconf 86' lang='lat' dir='ltr'><strong>vides</strong></span> 
     </span>
    </p>
   </div>
   <div class='ocr_carea' id='block_1_56' title="bbox 388 5321 1964 5412">
    <p class='ocr_par' dir='ltr' id='par_1_56' title="bbox 388 5321 1964 5412">
     <span class='ocr_line' id='line_1_58' title="bbox 388 5321 1964 5412; baseline 0.018 -38"><span class='ocrx_word' id='word_1_424' title='bbox 388 5321 721 5388; x_wconf 82' lang='lat' dir='ltr'><strong>potentiam?</strong></span> <span class='ocrx_word' id='word_1_425' title='bbox 767 5322 914 5379; x_wconf 89' lang='lat' dir='ltr'><strong>vides</strong></span> <span class='ocrx_word' id='word_1_426' title='bbox 953 5325 1200 5384; x_wconf 89' lang='lat' dir='ltr'><strong>virtutem</strong></span> <span class='ocrx_word' id='word_1_427' title='bbox 1251 5332 1710 5405; x_wconf 83' lang='lat' dir='ltr'><strong>inexpugnabilem</strong></span> <span class='ocrx_word' id='word_1_428' title='bbox 1736 5341 1761 5393; x_wconf 87' lang='lat'><strong>?</strong></span> <span class='ocrx_word' id='word_1_429' title='bbox 1810 5344 1964 5412; x_wconf 83' lang='lat' dir='ltr'><strong>Quod</strong></span> 
     </span>
    </p>
   </div>
   <div class='ocr_carea' id='block_1_57' title="bbox 382 5411 1957 5505">
    <p class='ocr_par' dir='ltr' id='par_1_57' title="bbox 382 5411 1957 5505">
     <span class='ocr_line' id='line_1_59' title="bbox 382 5411 1957 5505; baseline 0.018 -42"><span class='ocrx_word' id='word_1_430' title='bbox 382 5419 559 5466; x_wconf 90' lang='lat' dir='ltr'><strong>autem</strong></span> <span class='ocrx_word' id='word_1_431' title='bbox 604 5411 761 5478; x_wconf 87' lang='lat' dir='ltr'><strong>dicit,</strong></span> <span class='ocrx_word' id='word_1_432' title='bbox 798 5413 1100 5484; x_wconf 89' lang='lat' dir='ltr'><strong>hujusmodi</strong></span> <span class='ocrx_word' id='word_1_433' title='bbox 1143 5429 1224 5475; x_wconf 87' lang='lat' dir='ltr'><strong>est</strong></span> <span class='ocrx_word' id='word_1_434' title='bbox 1253 5439 1266 5474; x_wconf 93' lang='lat'>:</span> <span class='ocrx_word' id='word_1_435' title='bbox 1298 5422 1383 5479; x_wconf 79' lang='lat' dir='ltr'><strong>Ne</strong></span> <span class='ocrx_word' id='word_1_436' title='bbox 1411 5427 1696 5485; x_wconf 88' lang='lat' dir='ltr'><strong>turbemini</strong></span> <span class='ocrx_word' id='word_1_437' title='bbox 1717 5474 1732 5499; x_wconf 93' lang='lat'><strong>,</strong></span> <span class='ocrx_word' id='word_1_438' title='bbox 1764 5411 1957 5505; x_wconf 91' lang='lat' dir='ltr'><strong>inquit,</strong></span> 
     </span>
    </p>
   </div>
   <div class='ocr_carea' id='block_1_58' title="bbox 380 5501 1959 5582">
    <p class='ocr_par' dir='ltr' id='par_1_58' title="bbox 380 5501 1959 5582">
     <span class='ocr_line' id='line_1_60' title="bbox 380 5501 1959 5582; baseline 0.018 -28"><span class='ocrx_word' id='word_1_439' title='bbox 380 5501 522 5570; x_wconf 91' lang='lat' dir='ltr'><strong>quod</strong></span> <span class='ocrx_word' id='word_1_440' title='bbox 542 5516 662 5559; x_wconf 89' lang='lat' dir='ltr'><strong>cum</strong></span> <span class='ocrx_word' id='word_1_441' title='bbox 681 5520 774 5561; x_wconf 78' lang='lat' dir='ltr'><strong>vos</strong></span> <span class='ocrx_word' id='word_1_442' title='bbox 793 5507 932 5563; x_wconf 87' lang='lat' dir='ltr'><strong>inter</strong></span> <span class='ocrx_word' id='word_1_443' title='bbox 954 5510 1105 5580; x_wconf 87' lang='lat' dir='ltr'><strong>lupos</strong></span> <span class='ocrx_word' id='word_1_444' title='bbox 1128 5512 1356 5577; x_wconf 87' lang='lat' dir='ltr'><strong>mittam,</strong></span> <span class='ocrx_word' id='word_1_445' title='bbox 1376 5526 1434 5570; x_wconf 92' lang='lat' dir='ltr'><strong>ut</strong></span> <span class='ocrx_word' id='word_1_446' title='bbox 1448 5533 1574 5574; x_wconf 85' lang='lat' dir='ltr'><strong>oves</strong></span> <span class='ocrx_word' id='word_1_447' title='bbox 1603 5532 1655 5576; x_wconf 89' lang='lat' dir='ltr'><strong>et</strong></span> <span class='ocrx_word' id='word_1_448' title='bbox 1676 5531 1731 5577; x_wconf 93' lang='lat' dir='ltr'><strong>ut</strong></span> <span class='ocrx_word' id='word_1_449' title='bbox 1751 5501 1959 5582; x_wconf 43' lang='lat' dir='ltr'><strong>colum;</strong></span> 
     </span>
    </p>
   </div>
   <div class='ocr_carea' id='block_1_59' title="bbox 380 5593 1955 5686">
    <p class='ocr_par' dir='ltr' id='par_1_59' title="bbox 380 5593 1955 5686">
     <span class='ocr_line' id='line_1_61' title="bbox 380 5593 1955 5686; baseline 0.017 -37"><span class='ocrx_word' id='word_1_450' title='bbox 380 5593 476 5650; x_wconf 89' lang='lat' dir='ltr'><strong>bas</strong></span> <span class='ocrx_word' id='word_1_451' title='bbox 499 5608 617 5652; x_wconf 85' lang='lat' dir='ltr'><strong>esse</strong></span> <span class='ocrx_word' id='word_1_452' title='bbox 632 5597 867 5667; x_wconf 88' lang='lat' dir='ltr'><strong>jubeam.</strong></span> <span class='ocrx_word' id='word_1_453' title='bbox 897 5600 1235 5661; x_wconf 88' lang='lat' dir='ltr'><strong>Contrarium</strong></span> <span class='ocrx_word' id='word_1_454' title='bbox 1266 5619 1519 5677; x_wconf 72' lang='lat' dir='ltr'><strong>praestare</strong></span> <span class='ocrx_word' id='word_1_455' title='bbox 1541 5622 1805 5686; x_wconf 67' lang='lat' dir='ltr'><strong>poteram;</strong></span> <span class='ocrx_word' id='word_1_456' title='bbox 1830 5633 1955 5676; x_wconf 84' lang='lat' dir='ltr'><strong>vos-</strong></span> 
     </span>
    </p>
   </div>
   <div class='ocr_carea' id='block_1_60' title="bbox 443 5749 1947 5842">
    <p class='ocr_par' dir='ltr' id='par_1_60' title="bbox 443 5749 1947 5842">
     <span class='ocr_line' id='line_1_62' title="bbox 443 5749 1947 5842; baseline 0.027 -58"><span class='ocrx_word' id='word_1_457' title='bbox 443 5749 462 5783; x_wconf 80' lang='lat' dir='ltr'><strong>s</strong></span> <span class='ocrx_word' id='word_1_458' title='bbox 490 5750 686 5810; x_wconf 54' lang='lat' dir='ltr'><strong>quidam</strong></span> <span class='ocrx_word' id='word_1_459' title='bbox 703 5752 912 5842; x_wconf 51' lang='lat' dir='ltr'><strong>habent,</strong></span> <span class='ocrx_word' id='word_1_460' title='bbox 916 5757 1129 5825; x_wconf 75' lang='lat' dir='ltr'><strong>nihilque</strong></span> <span class='ocrx_word' id='word_1_461' title='bbox 1151 5762 1460 5817; x_wconf 82' lang='lat' dir='ltr'><strong>adversorum</strong></span> <span class='ocrx_word' id='word_1_462' title='bbox 1477 5767 1858 5833; x_wconf 72' lang='lat' dir='ltr'><strong>formidandum.</strong></span> <span class='ocrx_word' id='word_1_463' title='bbox 1928 5774 1947 5781; x_wconf 72' lang='lat'><strong>‘</strong></span> 
     </span>
    </p>
   </div>
   <div class='ocr_carea' id='block_1_61' title="bbox 1371 299 2820 394">
    <p class='ocr_par' dir='ltr' id='par_1_61' title="bbox 1371 299 2820 394">
     <span class='ocr_line' id='line_1_63' title="bbox 1371 299 2820 394; baseline 0.027 -39"><span class='ocrx_word' id='word_1_464' title='bbox 1371 299 1437 356; x_wconf 84' lang='lat' dir='ltr'><strong>IN</strong></span> <span class='ocrx_word' id='word_1_465' title='bbox 1472 302 1877 369; x_wconf 65' lang='lat' dir='ltr'><strong>MATTHIEUM</strong></span> <span class='ocrx_word' id='word_1_466' title='bbox 1918 316 2145 376; x_wconf 73' lang='lat' dir='ltr'><strong>IIOMIL.</strong></span> <span class='ocrx_word' id='word_1_467' title='bbox 2190 323 2428 389; x_wconf 75' lang='lat' dir='ltr'><strong>XXXIII.</strong></span> <span class='ocrx_word' id='word_1_468' title='bbox 2466 332 2536 388; x_wconf 84' lang='lat' dir='ltr'><strong>al.</strong></span> <span class='ocrx_word' id='word_1_469' title='bbox 2580 333 2820 394; x_wconf 74' lang='lat' dir='ltr'><strong>XXXIV.</strong></span> 
     </span>
    </p>
   </div>
   <div class='ocr_carea' id='block_1_62' title="bbox 3665 361 3766 415">
    <p class='ocr_par' dir='ltr' id='par_1_62' title="bbox 3665 361 3766 415">
     <span class='ocr_line' id='line_1_64' title="bbox 3665 361 3766 415; baseline 0.01 0"><span class='ocrx_word' id='word_1_470' title='bbox 3665 361 3766 415; x_wconf 74' lang='lat'><strong>590</strong></span> 
     </span>
    </p>
   </div>
   <div class='ocr_carea' id='block_1_63' title="bbox 2187 444 3768 552">
    <p class='ocr_par' dir='ltr' id='par_1_63' title="bbox 2187 444 3768 552">
     <span class='ocr_line' id='line_1_65' title="bbox 2187 444 3768 552; baseline 0.03 -61"><span class='ocrx_word' id='word_1_471' title='bbox 2187 454 2290 508; x_wconf 90' lang='lat' dir='ltr'><strong>que</strong></span> <span class='ocrx_word' id='word_1_472' title='bbox 2326 444 2534 502; x_wconf 89' lang='lat' dir='ltr'><strong>mittere</strong></span> <span class='ocrx_word' id='word_1_473' title='bbox 2571 449 2711 506; x_wconf 88' lang='lat' dir='ltr'><strong>nihil</strong></span> <span class='ocrx_word' id='word_1_474' title='bbox 2745 468 2999 523; x_wconf 82' lang='lat' dir='ltr'><strong>passuros</strong></span> <span class='ocrx_word' id='word_1_475' title='bbox 3036 463 3200 528; x_wconf 91' lang='lat' dir='ltr'><strong>mali,</strong></span> <span class='ocrx_word' id='word_1_476' title='bbox 3232 483 3328 525; x_wconf 87' lang='lat' dir='ltr'><strong>nee</strong></span> <span class='ocrx_word' id='word_1_477' title='bbox 3369 482 3424 527; x_wconf 95' lang='grc' dir='ltr'><strong>ιιι</strong></span> <span class='ocrx_word' id='word_1_478' title='bbox 3461 489 3590 533; x_wconf 89' lang='lat' dir='ltr'><strong>oves</strong></span> <span class='ocrx_word' id='word_1_479' title='bbox 3629 479 3768 552; x_wconf 83' lang='lat' dir='ltr'><strong>lupis</strong></span> 
     </span>
    </p>
   </div>
   <div class='ocr_carea' id='block_1_64' title="bbox 2182 533 3763 641">
    <p class='ocr_par' dir='ltr' id='par_1_64' title="bbox 2182 533 3763 641">
     <span class='ocr_line' id='line_1_66' title="bbox 2182 533 3763 641; baseline 0.031 -57"><span class='ocrx_word' id='word_1_480' title='bbox 2182 533 2444 603; x_wconf 82' lang='lat' dir='ltr'><strong>subjicere</strong></span> <span class='ocrx_word' id='word_1_481' title='bbox 2464 580 2480 605; x_wconf 96' lang='lat'><strong>,</strong></span> <span class='ocrx_word' id='word_1_482' title='bbox 2509 542 2603 595; x_wconf 59' lang='lat' dir='ltr'><strong>st-d</strong></span> <span class='ocrx_word' id='word_1_483' title='bbox 2637 544 2876 603; x_wconf 90' lang='lat' dir='ltr'><strong>leonibus</strong></span> <span class='ocrx_word' id='word_1_484' title='bbox 2905 549 3355 617; x_wconf 89' lang='lat' dir='ltr'><strong>formidabiliorcs</strong></span> <span class='ocrx_word' id='word_1_485' title='bbox 3383 533 3763 641; x_wconf 89' lang='lat' dir='ltr'><strong>reddere</strong></span> 
     </span>
    </p>
   </div>
   <div class='ocr_carea' id='block_1_65' title="bbox 2181 623 3760 731">
    <p class='ocr_par' dir='ltr' id='par_1_65' title="bbox 2181 623 3760 731">
     <span class='ocr_line' id='line_1_67' title="bbox 2181 623 3760 731; baseline 0.031 -56"><span class='ocrx_word' id='word_1_486' title='bbox 2181 623 2248 677; x_wconf 92' lang='lat' dir='ltr'><strong>ita</strong></span> <span class='ocrx_word' id='word_1_487' title='bbox 2280 627 2391 682; x_wconf 81' lang='lat' dir='ltr'><strong>fieri</strong></span> <span class='ocrx_word' id='word_1_488' title='bbox 2434 646 2527 700; x_wconf 87' lang='lat' dir='ltr'><strong>par</strong></span> <span class='ocrx_word' id='word_1_489' title='bbox 2555 644 2637 688; x_wconf 87' lang='lat' dir='ltr'><strong>est</strong></span> <span class='ocrx_word' id='word_1_490' title='bbox 2667 654 2680 689; x_wconf 89' lang='lat'><strong>:</strong></span> <span class='ocrx_word' id='word_1_491' title='bbox 2716 636 2816 693; x_wconf 91' lang='lat' dir='ltr'><strong>hoc</strong></span> <span class='ocrx_word' id='word_1_492' title='bbox 2842 649 2896 695; x_wconf 91' lang='lat' dir='ltr'><strong>et</strong></span> <span class='ocrx_word' id='word_1_493' title='bbox 2927 658 3021 699; x_wconf 88' lang='lat' dir='ltr'><strong>vos</strong></span> <span class='ocrx_word' id='word_1_494' title='bbox 3056 649 3449 716; x_wconf 84' lang='lat' dir='ltr'><strong>splendidiores</strong></span> <span class='ocrx_word' id='word_1_495' title='bbox 3474 623 3672 731; x_wconf 60' lang='lat' dir='ltr'><strong>efficii,</strong></span> <span class='ocrx_word' id='word_1_496' title='bbox 3705 681 3760 724; x_wconf 90' lang='lat' dir='ltr'><strong>et</strong></span> 
     </span>
    </p>
   </div>
   <div class='ocr_carea' id='block_1_66' title="bbox 2177 717 3760 817">
    <p class='ocr_par' dir='ltr' id='par_1_66' title="bbox 2177 717 3760 817">
     <span class='ocr_line' id='line_1_68' title="bbox 2177 717 3760 817; baseline 0.031 -52"><span class='ocrx_word' id='word_1_497' title='bbox 2177 717 2466 781; x_wconf 82' lang='lat' dir='ltr'><strong>pmentiam</strong></span> <span class='ocrx_word' id='word_1_498' title='bbox 2512 737 2686 779; x_wconf 91' lang='lat' dir='ltr'><strong>meam</strong></span> <span class='ocrx_word' id='word_1_499' title='bbox 2724 729 2995 797; x_wconf 61' lang='lat' dir='ltr'><strong>praedicat.</strong></span> <span class='ocrx_word' id='word_1_500' title='bbox 3043 734 3157 793; x_wconf 84' lang='lat' dir='ltr'><strong>Hoc</strong></span> <span class='ocrx_word' id='word_1_501' title='bbox 3195 750 3249 795; x_wconf 90' lang='lat' dir='ltr'><strong>et</strong></span> <span class='ocrx_word' id='word_1_502' title='bbox 3292 743 3455 801; x_wconf 73' lang='lat' dir='ltr'><strong>Paulo</strong></span> <span class='ocrx_word' id='word_1_503' title='bbox 3501 717 3760 817; x_wconf 70' lang='lat' dir='ltr'><strong>dicebat:</strong></span> 
     </span>
    </p>
   </div>
   <div class='ocr_carea' id='block_1_67' title="bbox 2174 806 3762 912">
    <p class='ocr_par' dir='ltr' id='par_1_67' title="bbox 2174 806 3762 912">
     <span class='ocr_line' id='line_1_69' title="bbox 2174 806 3762 912; baseline 0.029 -54"><span class='ocrx_word' id='word_1_504' title='bbox 2174 806 2369 877; x_wconf 69' lang='lat' dir='ltr'><strong>Suﬂicit</strong></span> <span class='ocrx_word' id='word_1_505' title='bbox 2399 813 2486 865; x_wconf 87' lang='lat' dir='ltr'><strong>tibi</strong></span> <span class='ocrx_word' id='word_1_506' title='bbox 2508 818 2673 883; x_wconf 88' lang='lat' dir='ltr'><strong>gratia</strong></span> <span class='ocrx_word' id='word_1_507' title='bbox 2696 836 2848 887; x_wconf 86' lang='lat' dir='ltr'><strong>mea;</strong></span> <span class='ocrx_word' id='word_1_508' title='bbox 2872 841 2990 880; x_wconf 89' lang='lat' dir='ltr'><strong>nam</strong></span> <span class='ocrx_word' id='word_1_509' title='bbox 3024 829 3181 886; x_wconf 80' lang='lat' dir='ltr'><strong>virtus</strong></span> <span class='ocrx_word' id='word_1_510' title='bbox 3222 849 3332 889; x_wconf 86' lang='lat' dir='ltr'><strong>mea</strong></span> <span class='ocrx_word' id='word_1_511' title='bbox 3376 839 3428 893; x_wconf 86' lang='lat' dir='ltr'><strong>in</strong></span> <span class='ocrx_word' id='word_1_512' title='bbox 3468 843 3762 912; x_wconf 77' lang='lat' dir='ltr'><strong>inﬁrmitate</strong></span> 
     </span>
    </p>
   </div>
   <div class='ocr_carea' id='block_1_68' title="bbox 2173 900 3754 998">
    <p class='ocr_par' dir='ltr' id='par_1_68' title="bbox 2173 900 3754 998">
     <span class='ocr_line' id='line_1_70' title="bbox 2173 900 3754 998; baseline 0.031 -49"><span class='ocrx_word' id='word_1_513' title='bbox 2173 900 2431 968; x_wconf 81' lang='lat' dir='ltr'><strong>per/icitur</strong></span> <span class='ocrx_word' id='word_1_514' title='bbox 2449 904 2523 975; x_wconf 74' lang='lat'><strong>(2.</strong></span> <span class='ocrx_word' id='word_1_515' title='bbox 2554 905 2672 965; x_wconf 83' lang='lat' dir='ltr'><strong>Cor.</strong></span> <span class='ocrx_word' id='word_1_516' title='bbox 2705 911 2791 967; x_wconf 74' lang='grc'><strong>12.</strong></span> <span class='ocrx_word' id='word_1_517' title='bbox 2813 913 2891 987; x_wconf 89' lang='grc'><strong>9).</strong></span> <span class='ocrx_word' id='word_1_518' title='bbox 2920 917 3030 989; x_wconf 84' lang='lat' dir='ltr'><strong>Ego</strong></span> <span class='ocrx_word' id='word_1_519' title='bbox 3056 922 3235 993; x_wconf 88' lang='lat' dir='ltr'><strong>itaque</strong></span> <span class='ocrx_word' id='word_1_520' title='bbox 3261 928 3338 983; x_wconf 91' lang='lat' dir='ltr'><strong>sic</strong></span> <span class='ocrx_word' id='word_1_521' title='bbox 3366 946 3460 987; x_wconf 87' lang='lat' dir='ltr'><strong>vos</strong></span> <span class='ocrx_word' id='word_1_522' title='bbox 3480 900 3754 998; x_wconf 58' lang='lat' dir='ltr'><strong>constitui:</strong></span> 
     </span>
    </p>
   </div>
   <div class='ocr_carea' id='block_1_69' title="bbox 2170 987 3749 1087">
    <p class='ocr_par' dir='ltr' id='par_1_69' title="bbox 2170 987 3749 1087">
     <span class='ocr_line' id='line_1_71' title="bbox 2170 987 3749 1087; baseline 0.029 -46"><span class='ocrx_word' id='word_1_523' title='bbox 2170 987 2300 1044; x_wconf 88' lang='lat' dir='ltr'><strong>Cum</strong></span> <span class='ocrx_word' id='word_1_524' title='bbox 2332 995 2471 1049; x_wconf 91' lang='lat' dir='ltr'><strong>enim</strong></span> <span class='ocrx_word' id='word_1_525' title='bbox 2502 996 2650 1066; x_wconf 91' lang='lat' dir='ltr'><strong>dicit,</strong></span> <span class='ocrx_word' id='word_1_526' title='bbox 2686 1000 2795 1074; x_wconf 76' lang='lat' dir='ltr'><strong>Ego</strong></span> <span class='ocrx_word' id='word_1_527' title='bbox 2827 987 3083 1066; x_wconf 37' lang='lat' dir='ltr'><strong>mitto—vos</strong></span> <span class='ocrx_word' id='word_1_528' title='bbox 3108 1014 3238 1069; x_wconf 83' lang='lat' dir='ltr'><strong>sicut</strong></span> <span class='ocrx_word' id='word_1_529' title='bbox 3263 1034 3394 1087; x_wconf 84' lang='lat' dir='ltr'><strong>oves,</strong></span> <span class='ocrx_word' id='word_1_530' title='bbox 3432 1022 3535 1081; x_wconf 89' lang='lat' dir='ltr'><strong>hoc</strong></span> <span class='ocrx_word' id='word_1_531' title='bbox 3558 1029 3749 1086; x_wconf 89' lang='lat' dir='ltr'><strong>subin-</strong></span> 
     </span>
    </p>
   </div>
   <div class='ocr_carea' id='block_1_70' title="bbox 2168 1077 3754 1185">
    <p class='ocr_par' dir='ltr' id='par_1_70' title="bbox 2168 1077 3754 1185">
     <span class='ocr_line' id='line_1_72' title="bbox 2168 1077 3754 1185; baseline 0.03 -53"><span class='ocrx_word' id='word_1_532' title='bbox 2168 1077 2309 1135; x_wconf 90' lang='lat' dir='ltr'><strong>dicat</strong></span> <span class='ocrx_word' id='word_1_533' title='bbox 2339 1100 2354 1138; x_wconf 90' lang='lat'>:</span> <span class='ocrx_word' id='word_1_534' title='bbox 2395 1083 2473 1140; x_wconf 79' lang='lat' dir='ltr'><strong>No</strong></span> <span class='ocrx_word' id='word_1_535' title='bbox 2519 1088 2696 1159; x_wconf 90' lang='lat' dir='ltr'><strong>itaque</strong></span> <span class='ocrx_word' id='word_1_536' title='bbox 2724 1093 2905 1151; x_wconf 89' lang='lat' dir='ltr'><strong>animo</strong></span> <span class='ocrx_word' id='word_1_537' title='bbox 2930 1098 3187 1159; x_wconf 74' lang='lat' dir='ltr'><strong>deficiatis</strong></span> <span class='ocrx_word' id='word_1_538' title='bbox 3215 1124 3228 1160; x_wconf 87' lang='lat'><strong>:</strong></span> <span class='ocrx_word' id='word_1_539' title='bbox 3259 1112 3379 1165; x_wconf 86' lang='lat' dir='ltr'><strong>novi</strong></span> <span class='ocrx_word' id='word_1_540' title='bbox 3415 1115 3556 1171; x_wconf 90' lang='lat' dir='ltr'><strong>enim</strong></span> <span class='ocrx_word' id='word_1_541' title='bbox 3581 1157 3600 1185; x_wconf 89' lang='lat'><strong>,</strong></span> <span class='ocrx_word' id='word_1_542' title='bbox 3629 1124 3754 1178; x_wconf 90' lang='lat' dir='ltr'><strong>novi</strong></span> 
     </span>
    </p>
   </div>
   <div class='ocr_carea' id='block_1_71' title="bbox 2167 1173 3750 1282">
    <p class='ocr_par' dir='ltr' id='par_1_71' title="bbox 2167 1173 3750 1282">
     <span class='ocr_line' id='line_1_73' title="bbox 2167 1173 3750 1282; baseline 0.03 -58"><span class='ocrx_word' id='word_1_543' title='bbox 2167 1173 2368 1244; x_wconf 90' lang='lat' dir='ltr'><strong>utique,</strong></span> <span class='ocrx_word' id='word_1_544' title='bbox 2404 1190 2499 1233; x_wconf 88' lang='lat' dir='ltr'><strong>vos</strong></span> <span class='ocrx_word' id='word_1_545' title='bbox 2523 1181 2600 1235; x_wconf 91' lang='lat' dir='ltr'><strong>sic</strong></span> <span class='ocrx_word' id='word_1_546' title='bbox 2633 1186 2878 1242; x_wconf 91' lang='lat' dir='ltr'><strong>omnibus</strong></span> <span class='ocrx_word' id='word_1_547' title='bbox 2909 1190 3343 1265; x_wconf 78' lang='lat' dir='ltr'><strong>inexpugnabiles</strong></span> <span class='ocrx_word' id='word_1_548' title='bbox 3363 1203 3493 1261; x_wconf 85' lang='lat' dir='ltr'><strong>fore.</strong></span> <span class='ocrx_word' id='word_1_549' title='bbox 3527 1209 3750 1282; x_wconf 90' lang='lat' dir='ltr'><strong>Deinde,</strong></span> 
     </span>
    </p>
   </div>
   <div class='ocr_carea' id='block_1_72' title="bbox 2165 1264 3747 1372">
    <p class='ocr_par' dir='ltr' id='par_1_72' title="bbox 2165 1264 3747 1372">
     <span class='ocr_line' id='line_1_74' title="bbox 2165 1264 3747 1372; baseline 0.03 -59"><span class='ocrx_word' id='word_1_550' title='bbox 2165 1270 2221 1315; x_wconf 91' lang='lat' dir='ltr'><strong>ut</strong></span> <span class='ocrx_word' id='word_1_551' title='bbox 2248 1264 2517 1335; x_wconf 88' lang='lat' dir='ltr'><strong>quidpiam</strong></span> <span class='ocrx_word' id='word_1_552' title='bbox 2547 1270 2645 1341; x_wconf 89' lang='lat' dir='ltr'><strong>ipsi</strong></span> <span class='ocrx_word' id='word_1_553' title='bbox 2668 1288 2733 1328; x_wconf 80' lang='lat' dir='ltr'><strong>ex</strong></span> <span class='ocrx_word' id='word_1_554' title='bbox 2764 1291 2824 1332; x_wconf 91' lang='lat' dir='ltr'><strong>se</strong></span> <span class='ocrx_word' id='word_1_555' title='bbox 2850 1264 3169 1353; x_wconf 86' lang='lat' dir='ltr'><strong>proferrent,</strong></span> <span class='ocrx_word' id='word_1_556' title='bbox 3201 1304 3301 1345; x_wconf 84' lang='lat' dir='ltr'><strong>nec</strong></span> <span class='ocrx_word' id='word_1_557' title='bbox 3326 1298 3503 1352; x_wconf 86' lang='lat' dir='ltr'><strong>omnia</strong></span> <span class='ocrx_word' id='word_1_558' title='bbox 3526 1316 3593 1355; x_wconf 87' lang='lat' dir='ltr'><strong>ex</strong></span> <span class='ocrx_word' id='word_1_559' title='bbox 3621 1319 3747 1372; x_wconf 86' lang='lat' dir='ltr'><strong>gra-</strong></span> 
     </span>
    </p>
   </div>
   <div class='ocr_carea' id='block_1_73' title="bbox 2163 1354 3747 1452">
    <p class='ocr_par' dir='ltr' id='par_1_73' title="bbox 2163 1354 3747 1452">
     <span class='ocr_line' id='line_1_75' title="bbox 2163 1354 3747 1452; baseline 0.03 -46"><span class='ocrx_word' id='word_1_560' title='bbox 2163 1354 2233 1407; x_wconf 89' lang='lat' dir='ltr'><strong>tia</strong></span> <span class='ocrx_word' id='word_1_561' title='bbox 2263 1358 2523 1424; x_wconf 85' lang='lat' dir='ltr'><strong>proficisci</strong></span> <span class='ocrx_word' id='word_1_562' title='bbox 2555 1363 2863 1424; x_wconf 86' lang='lat' dir='ltr'><strong>viderentur</strong></span> <span class='ocrx_word' id='word_1_563' title='bbox 2884 1414 2897 1437; x_wconf 96' lang='lat'><strong>,</strong></span> <span class='ocrx_word' id='word_1_564' title='bbox 2933 1389 3105 1445; x_wconf 90' lang='lat' dir='ltr'><strong>neque</strong></span> <span class='ocrx_word' id='word_1_565' title='bbox 3148 1381 3263 1435; x_wconf 88' lang='lat' dir='ltr'><strong>sine</strong></span> <span class='ocrx_word' id='word_1_566' title='bbox 3292 1399 3450 1441; x_wconf 83' lang='lat' dir='ltr'><strong>causa</strong></span> <span class='ocrx_word' id='word_1_567' title='bbox 3496 1398 3747 1452; x_wconf 84' lang='lat' dir='ltr'><strong>coronari</strong></span> 
     </span>
    </p>
   </div>
   <div class='ocr_carea' id='block_1_74' title="bbox 2161 1454 3743 1556">
    <p class='ocr_par' dir='ltr' id='par_1_74' title="bbox 2161 1454 3743 1556">
     <span class='ocr_line' id='line_1_76' title="bbox 2161 1454 3743 1556; baseline 0.029 -59"><span class='ocrx_word' id='word_1_568' title='bbox 2161 1454 2489 1518; x_wconf 89' lang='lat' dir='ltr'><strong>putarentur,</strong></span> <span class='ocrx_word' id='word_1_569' title='bbox 2521 1454 2594 1509; x_wconf 91' lang='lat' dir='ltr'><strong>ait</strong></span> <span class='ocrx_word' id='word_1_570' title='bbox 2618 1477 2630 1512; x_wconf 88' lang='lat'>:</span> <span class='ocrx_word' id='word_1_571' title='bbox 2657 1456 2831 1514; x_wconf 87' lang='lat' dir='ltr'><strong>Estote</strong></span> <span class='ocrx_word' id='word_1_572' title='bbox 2858 1481 2977 1534; x_wconf 85' lang='lat' dir='ltr'><strong>ergo</strong></span> <span class='ocrx_word' id='word_1_573' title='bbox 3004 1471 3273 1536; x_wconf 85' lang='lat' dir='ltr'><strong>prudentes</strong></span> <span class='ocrx_word' id='word_1_574' title='bbox 3298 1477 3427 1532; x_wconf 85' lang='lat' dir='ltr'><strong>sicut</strong></span> <span class='ocrx_word' id='word_1_575' title='bbox 3455 1496 3706 1552; x_wconf 81' lang='lat' dir='ltr'><strong>serpentes</strong></span> <span class='ocrx_word' id='word_1_576' title='bbox 3726 1531 3743 1556; x_wconf 92' lang='lat'><strong>,</strong></span> 
     </span>
    </p>
   </div>
   <div class='ocr_carea' id='block_1_75' title="bbox 2157 1538 3741 1643">
    <p class='ocr_par' dir='ltr' id='par_1_75' title="bbox 2157 1538 3741 1643">
     <span class='ocr_line' id='line_1_77' title="bbox 2157 1538 3741 1643; baseline 0.03 -56"><span class='ocrx_word' id='word_1_577' title='bbox 2157 1545 2202 1588; x_wconf 84' lang='lat' dir='ltr'><strong>et</strong></span> <span class='ocrx_word' id='word_1_578' title='bbox 2240 1538 2495 1609; x_wconf 85' lang='lat' dir='ltr'><strong>simplices</strong></span> <span class='ocrx_word' id='word_1_579' title='bbox 2521 1545 2653 1601; x_wconf 81' lang='lat' dir='ltr'><strong>sicut</strong></span> <span class='ocrx_word' id='word_1_580' title='bbox 2683 1550 2945 1608; x_wconf 80' lang='lat' dir='ltr'><strong>colitmbte.</strong></span> <span class='ocrx_word' id='word_1_581' title='bbox 2978 1558 3043 1612; x_wconf 85' lang='lat' dir='ltr'><strong>Et</strong></span> <span class='ocrx_word' id='word_1_582' title='bbox 3075 1562 3200 1630; x_wconf 90' lang='lat' dir='ltr'><strong>quid</strong></span> <span class='ocrx_word' id='word_1_583' title='bbox 3238 1569 3517 1635; x_wconf 90' lang='lat' dir='ltr'><strong>prudentia</strong></span> <span class='ocrx_word' id='word_1_584' title='bbox 3537 1538 3741 1643; x_wconf 50' lang='lat' dir='ltr'><strong>&#39;nostra</strong></span> 
     </span>
    </p>
   </div>
   <div class='ocr_carea' id='block_1_76' title="bbox 2155 1628 3741 1735">
    <p class='ocr_par' dir='ltr' id='par_1_76' title="bbox 2155 1628 3741 1735">
     <span class='ocr_line' id='line_1_78' title="bbox 2155 1628 3741 1735; baseline 0.032 -58"><span class='ocrx_word' id='word_1_585' title='bbox 2155 1628 2355 1694; x_wconf 87' lang='lat' dir='ltr'><strong>possit,</strong></span> <span class='ocrx_word' id='word_1_586' title='bbox 2389 1631 2631 1702; x_wconf 90' lang='lat' dir='ltr'><strong>inquiunt</strong></span> <span class='ocrx_word' id='word_1_587' title='bbox 2656 1678 2672 1703; x_wconf 95' lang='lat'><strong>,</strong></span> <span class='ocrx_word' id='word_1_588' title='bbox 2702 1639 2753 1694; x_wconf 94' lang='lat' dir='ltr'><strong>in</strong></span> <span class='ocrx_word' id='word_1_589' title='bbox 2786 1652 2859 1698; x_wconf 91' lang='lat' dir='ltr'><strong>tot</strong></span> <span class='ocrx_word' id='word_1_590' title='bbox 2901 1628 3189 1714; x_wconf 79' lang='lat' dir='ltr'><strong>periculis?</strong></span> <span class='ocrx_word' id='word_1_591' title='bbox 3213 1628 3480 1725; x_wconf 75' lang='lat' dir='ltr'><strong>quomodo</strong></span> <span class='ocrx_word' id='word_1_592' title='bbox 3507 1638 3741 1735; x_wconf 82' lang='lat' dir='ltr'><strong>pruden-</strong></span> 
     </span>
    </p>
   </div>
   <div class='ocr_carea' id='block_1_77' title="bbox 2154 1717 3745 1825">
    <p class='ocr_par' dir='ltr' id='par_1_77' title="bbox 2154 1717 3745 1825">
     <span class='ocr_line' id='line_1_79' title="bbox 2154 1717 3745 1825; baseline 0.031 -54"><span class='ocrx_word' id='word_1_593' title='bbox 2154 1717 2277 1773; x_wconf 89' lang='lat' dir='ltr'><strong>tiam</strong></span> <span class='ocrx_word' id='word_1_594' title='bbox 2304 1719 2501 1781; x_wconf 88' lang='lat' dir='ltr'><strong>habere</strong></span> <span class='ocrx_word' id='word_1_595' title='bbox 2527 1732 2840 1799; x_wconf 88' lang='lat' dir='ltr'><strong>poterimus,</strong></span> <span class='ocrx_word' id='word_1_596' title='bbox 2866 1744 2944 1792; x_wconf 90' lang='lat' dir='ltr'><strong>tot</strong></span> <span class='ocrx_word' id='word_1_597' title='bbox 2972 1742 3153 1810; x_wconf 83' lang='lat' dir='ltr'><strong>agitati</strong></span> <span class='ocrx_word' id='word_1_598' title='bbox 3185 1717 3432 1809; x_wconf 80' lang='lat' dir='ltr'><strong>ﬂuctibus</strong></span> <span class='ocrx_word' id='word_1_599' title='bbox 3455 1755 3480 1807; x_wconf 68' lang='grc' dir='ltr'><em>Υ</em></span> <span class='ocrx_word' id='word_1_600' title='bbox 3505 1717 3745 1825; x_wconf 72' lang='lat' dir='ltr'><strong>Quanta-</strong></span> 
     </span>
    </p>
   </div>
   <div class='ocr_carea' id='block_1_78' title="bbox 2150 1818 3739 1924">
    <p class='ocr_par' dir='ltr' id='par_1_78' title="bbox 2150 1818 3739 1924">
     <span class='ocr_line' id='line_1_80' title="bbox 2150 1818 3739 1924; baseline 0.03 -61"><span class='ocrx_word' id='word_1_601' title='bbox 2150 1823 2378 1882; x_wconf 89' lang='lat' dir='ltr'><strong>cumque</strong></span> <span class='ocrx_word' id='word_1_602' title='bbox 2416 1818 2693 1886; x_wconf 87' lang='lat' dir='ltr'><strong>prudentia</strong></span> <span class='ocrx_word' id='word_1_603' title='bbox 2736 1826 2805 1880; x_wconf 92' lang='lat' dir='ltr'><strong>sit</strong></span> <span class='ocrx_word' id='word_1_604' title='bbox 2849 1832 3068 1897; x_wconf 66' lang='lat' dir='ltr'><strong>praedita</strong></span> <span class='ocrx_word' id='word_1_605' title='bbox 3091 1836 3241 1905; x_wconf 83' lang='lat' dir='ltr'><strong>ovis,</strong></span> <span class='ocrx_word' id='word_1_606' title='bbox 3271 1855 3391 1897; x_wconf 92' lang='lat' dir='ltr'><strong>cum</strong></span> <span class='ocrx_word' id='word_1_607' title='bbox 3420 1818 3560 1903; x_wconf 51' lang='lat' dir='ltr'><strong>inter</strong></span> <span class='ocrx_word' id='word_1_608' title='bbox 3583 1852 3739 1924; x_wconf 85' lang='lat' dir='ltr'><strong>lupos</strong></span> 
     </span>
    </p>
   </div>
   <div class='ocr_carea' id='block_1_79' title="bbox 2147 1902 3735 2012">
    <p class='ocr_par' dir='ltr' id='par_1_79' title="bbox 2147 1902 3735 2012">
     <span class='ocr_line' id='line_1_81' title="bbox 2147 1902 3735 2012; baseline 0.029 -58"><span class='ocrx_word' id='word_1_609' title='bbox 2147 1902 2235 1971; x_wconf 86' lang='lat' dir='ltr'><strong>sit,</strong></span> <span class='ocrx_word' id='word_1_610' title='bbox 2263 1914 2319 1959; x_wconf 89' lang='lat' dir='ltr'><strong>et</strong></span> <span class='ocrx_word' id='word_1_611' title='bbox 2348 1916 2547 1964; x_wconf 90' lang='lat' dir='ltr'><strong>tantum</strong></span> <span class='ocrx_word' id='word_1_612' title='bbox 2579 1912 2826 1982; x_wconf 89' lang='lat' dir='ltr'><strong>luporum</strong></span> <span class='ocrx_word' id='word_1_613' title='bbox 2862 1930 3171 1991; x_wconf 84' lang='lat' dir='ltr'><strong>numerum,</strong></span> <span class='ocrx_word' id='word_1_614' title='bbox 3199 1902 3325 1999; x_wconf 88' lang='lat' dir='ltr'><strong>quid</strong></span> <span class='ocrx_word' id='word_1_615' title='bbox 3356 1940 3547 2003; x_wconf 87' lang='lat' dir='ltr'><strong>poterit</strong></span> <span class='ocrx_word' id='word_1_616' title='bbox 3574 1902 3735 2012; x_wconf 64' lang='grc' dir='ltr'><strong>ι)θῖιί-</strong></span> 
     </span>
    </p>
   </div>
   <div class='ocr_carea' id='block_1_80' title="bbox 2146 1997 3732 2104">
    <p class='ocr_par' dir='ltr' id='par_1_80' title="bbox 2146 1997 3732 2104">
     <span class='ocr_line' id='line_1_82' title="bbox 2146 1997 3732 2104; baseline 0.029 -58"><span class='ocrx_word' id='word_1_617' title='bbox 2146 1997 2306 2050; x_wconf 85' lang='lat' dir='ltr'><strong>cere?</strong></span> <span class='ocrx_word' id='word_1_618' title='bbox 2345 2010 2772 2076; x_wconf 86' lang='lat' dir='ltr'><strong>quantacumque</strong></span> <span class='ocrx_word' id='word_1_619' title='bbox 2814 2010 2883 2065; x_wconf 92' lang='lat' dir='ltr'><strong>sit</strong></span> <span class='ocrx_word' id='word_1_620' title='bbox 2923 2013 3186 2072; x_wconf 71' lang='lat' dir='ltr'><strong>columba:</strong></span> <span class='ocrx_word' id='word_1_621' title='bbox 3216 1997 3537 2094; x_wconf 26' lang='lat' dir='ltr'><strong>“simplicitas</strong></span> <span class='ocrx_word' id='word_1_622' title='bbox 3559 1997 3590 2099; x_wconf 51' lang='lat' dir='ltr'><strong>,l</strong></span> <span class='ocrx_word' id='word_1_623' title='bbox 3605 2037 3732 2104; x_wconf 92' lang='lat' dir='ltr'><strong>quid</strong></span> 
     </span>
    </p>
   </div>
   <div class='ocr_carea' id='block_1_81' title="bbox 2145 2082 3733 2183">
    <p class='ocr_par' dir='ltr' id='par_1_81' title="bbox 2145 2082 3733 2183">
     <span class='ocr_line' id='line_1_83' title="bbox 2145 2082 3733 2183; baseline 0.03 -48"><span class='ocrx_word' id='word_1_624' title='bbox 2145 2082 2217 2137; x_wconf 93' lang='lat' dir='ltr'><strong>illi</strong></span> <span class='ocrx_word' id='word_1_625' title='bbox 2240 2084 2481 2156; x_wconf 89' lang='lat' dir='ltr'><strong>juvabit,</strong></span> <span class='ocrx_word' id='word_1_626' title='bbox 2518 2102 2593 2147; x_wconf 93' lang='lat' dir='ltr'><strong>tot</strong></span> <span class='ocrx_word' id='word_1_627' title='bbox 2630 2096 2948 2157; x_wconf 88' lang='lat' dir='ltr'><strong>instantibus</strong></span> <span class='ocrx_word' id='word_1_628' title='bbox 2988 2082 3370 2179; x_wconf 63' lang='lat' dir='ltr'><strong>accipitribus?</strong></span> <span class='ocrx_word' id='word_1_629' title='bbox 3398 2116 3453 2172; x_wconf 89' lang='lat' dir='ltr'><strong>ln</strong></span> <span class='ocrx_word' id='word_1_630' title='bbox 3483 2082 3733 2183; x_wconf 49' lang='lat' dir='ltr'><strong>his&#39;eerte</strong></span> 
     </span>
    </p>
   </div>
   <div class='ocr_carea' id='block_1_82' title="bbox 2143 2171 3725 2282">
    <p class='ocr_par' dir='ltr' id='par_1_82' title="bbox 2143 2171 3725 2282">
     <span class='ocr_line' id='line_1_84' title="bbox 2143 2171 3725 2282; baseline 0.028 -55"><span class='ocrx_word' id='word_1_631' title='bbox 2143 2171 2595 2239; x_wconf 89' lang='lat' dir='ltr'><strong>irrationabilibus</strong></span> <span class='ocrx_word' id='word_1_632' title='bbox 2623 2187 2777 2255; x_wconf 88' lang='lat' dir='ltr'><strong>nihil,</strong></span> <span class='ocrx_word' id='word_1_633' title='bbox 2808 2190 2857 2246; x_wconf 90' lang='lat' dir='ltr'><strong>in</strong></span> <span class='ocrx_word' id='word_1_634' title='bbox 2883 2194 3031 2250; x_wconf 90' lang='lat' dir='ltr'><strong>vobis</strong></span> <span class='ocrx_word' id='word_1_635' title='bbox 3059 2209 3235 2256; x_wconf 89' lang='lat' dir='ltr'><strong>autem</strong></span> <span class='ocrx_word' id='word_1_636' title='bbox 3263 2207 3484 2264; x_wconf 87' lang='lat' dir='ltr'><strong>multum</strong></span> <span class='ocrx_word' id='word_1_637' title='bbox 3499 2212 3725 2282; x_wconf 88' lang='lat' dir='ltr'><strong>juvabit.</strong></span> 
     </span>
    </p>
   </div>
   <div class='ocr_carea' id='block_1_83' title="bbox 2139 2262 3720 2373">
    <p class='ocr_par' dir='ltr' id='par_1_83' title="bbox 2139 2262 3720 2373">
     <span class='ocr_line' id='line_1_85' title="bbox 3412 2262 3720 2282; baseline 0.029 -19"><span class='ocrx_word' id='word_1_638' title='bbox 3412 2262 3720 2282; x_wconf 12' lang='lat'><strong>.7,_,-_._.,.-.</strong></span> 
     </span>
     <span class='ocr_line' id='line_1_86' title="bbox 2139 2262 3720 2373; baseline 0.03 -56"><span class='ocrx_word' id='word_1_639' title='bbox 2139 2262 2243 2319; x_wconf 90' lang='lat' dir='ltr'><strong>Sed</strong></span> <span class='ocrx_word' id='word_1_640' title='bbox 2267 2268 2541 2328; x_wconf 89' lang='lat' dir='ltr'><strong>videamus</strong></span> <span class='ocrx_word' id='word_1_641' title='bbox 2570 2292 2727 2344; x_wconf 89' lang='lat' dir='ltr'><strong>quam</strong></span> <span class='ocrx_word' id='word_1_642' title='bbox 2755 2280 2839 2335; x_wconf 90' lang='lat' dir='ltr'><strong>hic</strong></span> <span class='ocrx_word' id='word_1_643' title='bbox 2859 2286 3192 2353; x_wconf 90' lang='lat' dir='ltr'><strong>prudentiam</strong></span> <span class='ocrx_word' id='word_1_644' title='bbox 3211 2295 3406 2367; x_wconf 77' lang='lat' dir='ltr'><strong>exigat.</strong></span> <span class='ocrx_word' id='word_1_645' title='bbox 3429 2300 3720 2373; x_wconf 89' lang='lat' dir='ltr'><strong>Serpentis.</strong></span> 
     </span>
    </p>
   </div>
   <div class='ocr_carea' id='block_1_84' title="bbox 2139 2354 3726 2454">
    <p class='ocr_par' dir='ltr' id='par_1_84' title="bbox 2139 2354 3726 2454">
     <span class='ocr_line' id='line_1_87' title="bbox 2139 2354 3726 2454; baseline 0.03 -46"><span class='ocrx_word' id='word_1_646' title='bbox 2139 2354 2325 2427; x_wconf 88' lang='lat' dir='ltr'><strong>inquit.</strong></span> <span class='ocrx_word' id='word_1_647' title='bbox 2352 2361 2809 2428; x_wconf 88' lang='lat' dir='ltr'><strong>Quemadmodum</strong></span> <span class='ocrx_word' id='word_1_648' title='bbox 2841 2373 2931 2429; x_wconf 91' lang='lat' dir='ltr'><strong>ille</strong></span> <span class='ocrx_word' id='word_1_649' title='bbox 2958 2380 3134 2434; x_wconf 89' lang='lat' dir='ltr'><strong>omnia</strong></span> <span class='ocrx_word' id='word_1_650' title='bbox 3166 2354 3344 2451; x_wconf 57' lang='lat' dir='ltr'><strong>tradii,</strong></span> <span class='ocrx_word' id='word_1_651' title='bbox 3374 2354 3580 2450; x_wconf 60' lang='lat' dir='ltr'><strong>etiamsi</strong></span> <span class='ocrx_word' id='word_1_652' title='bbox 3600 2412 3726 2454; x_wconf 87' lang='lat' dir='ltr'><strong>cor-</strong></span> 
     </span>
    </p>
   </div>
   <div class='ocr_carea' id='block_1_85' title="bbox 2136 2451 3722 2551">
    <p class='ocr_par' dir='ltr' id='par_1_85' title="bbox 2136 2451 3722 2551">
     <span class='ocr_line' id='line_1_88' title="bbox 2136 2451 3722 2551; baseline 0.029 -52"><span class='ocrx_word' id='word_1_653' title='bbox 2136 2462 2235 2516; x_wconf 89' lang='lat' dir='ltr'><strong>pus</strong></span> <span class='ocrx_word' id='word_1_654' title='bbox 2278 2451 2435 2506; x_wconf 88' lang='lat' dir='ltr'><strong>incidi</strong></span> <span class='ocrx_word' id='word_1_655' title='bbox 2480 2467 2760 2527; x_wconf 86' lang='lat' dir='ltr'><strong>oporteat,</strong></span> <span class='ocrx_word' id='word_1_656' title='bbox 2811 2478 2918 2520; x_wconf 94' lang='lat' dir='ltr'><strong>non</strong></span> <span class='ocrx_word' id='word_1_657' title='bbox 2961 2468 3247 2529; x_wconf 89' lang='lat' dir='ltr'><strong>admodum</strong></span> <span class='ocrx_word' id='word_1_658' title='bbox 3276 2451 3722 2551; x_wconf 73' lang='lat' dir='ltr'><strong>repugnat,duin</strong></span> 
     </span>
    </p>
   </div>
   <div class='ocr_carea' id='block_1_86' title="bbox 2132 2549 3718 2639">
    <p class='ocr_par' dir='ltr' id='par_1_86' title="bbox 2132 2549 3718 2639">
     <span class='ocr_line' id='line_1_89' title="bbox 2132 2549 3718 2639; baseline 0.027 -47"><span class='ocrx_word' id='word_1_659' title='bbox 2132 2549 2291 2610; x_wconf 88' lang='lat' dir='ltr'><strong>caput</strong></span> <span class='ocrx_word' id='word_1_660' title='bbox 2315 2554 2565 2601; x_wconf 86' lang='lat' dir='ltr'><strong>servetur</strong></span> <span class='ocrx_word' id='word_1_661' title='bbox 2595 2567 2608 2603; x_wconf 89' lang='lat'><strong>:</strong></span> <span class='ocrx_word' id='word_1_662' title='bbox 2639 2551 2719 2606; x_wconf 91' lang='lat' dir='ltr'><strong>sic</strong></span> <span class='ocrx_word' id='word_1_663' title='bbox 2739 2562 2792 2608; x_wconf 92' lang='lat' dir='ltr'><strong>et</strong></span> <span class='ocrx_word' id='word_1_664' title='bbox 2822 2562 2901 2622; x_wconf 91' lang='lat' dir='ltr'><strong>tu,</strong></span> <span class='ocrx_word' id='word_1_665' title='bbox 2932 2556 3121 2629; x_wconf 91' lang='lat' dir='ltr'><strong>inquit,</strong></span> <span class='ocrx_word' id='word_1_666' title='bbox 3152 2577 3370 2637; x_wconf 77' lang='lat' dir='ltr'><strong>excepta</strong></span> <span class='ocrx_word' id='word_1_667' title='bbox 3394 2549 3518 2639; x_wconf 77' lang='lat' dir='ltr'><strong>fide,</strong></span> <span class='ocrx_word' id='word_1_668' title='bbox 3542 2549 3718 2636; x_wconf 81' lang='lat' dir='ltr'><strong>omnis</strong></span> 
     </span>
    </p>
   </div>
   <div class='ocr_carea' id='block_1_87' title="bbox 2132 2634 3719 2727">
    <p class='ocr_par' dir='ltr' id='par_1_87' title="bbox 2132 2634 3719 2727">
     <span class='ocr_line' id='line_1_90' title="bbox 2132 2634 3719 2727; baseline 0.025 -41"><span class='ocrx_word' id='word_1_669' title='bbox 2132 2634 2281 2690; x_wconf 88' lang='lat' dir='ltr'><strong>trade</strong></span> <span class='ocrx_word' id='word_1_670' title='bbox 2303 2676 2318 2701; x_wconf 95' lang='lat'><strong>,</strong></span> <span class='ocrx_word' id='word_1_671' title='bbox 2365 2641 2652 2709; x_wconf 87' lang='lat' dir='ltr'><strong>pecunias,</strong></span> <span class='ocrx_word' id='word_1_672' title='bbox 2695 2658 2925 2715; x_wconf 90' lang='lat' dir='ltr'><strong>corpus,</strong></span> <span class='ocrx_word' id='word_1_673' title='bbox 2953 2650 3058 2706; x_wconf 93' lang='lat' dir='ltr'><strong>imo</strong></span> <span class='ocrx_word' id='word_1_674' title='bbox 3082 2654 3248 2723; x_wconf 90' lang='lat' dir='ltr'><strong>ipsam</strong></span> <span class='ocrx_word' id='word_1_675' title='bbox 3275 2634 3526 2719; x_wconf 77' lang='lat' dir='ltr'><strong>animam.</strong></span> <span class='ocrx_word' id='word_1_676' title='bbox 3562 2668 3719 2727; x_wconf 88' lang='lat' dir='ltr'><strong>Fides</strong></span> 
     </span>
    </p>
   </div>
   <div class='ocr_carea' id='block_1_88' title="bbox 2127 2724 3707 2822">
    <p class='ocr_par' dir='ltr' id='par_1_88' title="bbox 2127 2724 3707 2822">
     <span class='ocr_line' id='line_1_91' title="bbox 2127 2724 3707 2822; baseline 0.025 -45"><span class='ocrx_word' id='word_1_677' title='bbox 2127 2724 2271 2780; x_wconf 90' lang='lat' dir='ltr'><strong>enim</strong></span> <span class='ocrx_word' id='word_1_678' title='bbox 2314 2739 2474 2798; x_wconf 90' lang='lat' dir='ltr'><strong>caput</strong></span> <span class='ocrx_word' id='word_1_679' title='bbox 2520 2741 2602 2786; x_wconf 89' lang='lat' dir='ltr'><strong>est</strong></span> <span class='ocrx_word' id='word_1_680' title='bbox 2645 2743 2699 2790; x_wconf 90' lang='lat' dir='ltr'><strong>et</strong></span> <span class='ocrx_word' id='word_1_681' title='bbox 2742 2738 2934 2793; x_wconf 82' lang='lat' dir='ltr'><strong>radix:</strong></span> <span class='ocrx_word' id='word_1_682' title='bbox 2966 2742 3160 2815; x_wconf 90' lang='lat' dir='ltr'><strong>illaque</strong></span> <span class='ocrx_word' id='word_1_683' title='bbox 3203 2763 3408 2807; x_wconf 81' lang='lat' dir='ltr'><strong>servata</strong></span> <span class='ocrx_word' id='word_1_684' title='bbox 3433 2796 3449 2822; x_wconf 93' lang='lat'><strong>,</strong></span> <span class='ocrx_word' id='word_1_685' title='bbox 3498 2759 3707 2818; x_wconf 89' lang='lat' dir='ltr'><strong>etiamsi</strong></span> 
     </span>
    </p>
   </div>
   <div class='ocr_carea' id='block_1_89' title="bbox 2124 2817 3710 2923">
    <p class='ocr_par' dir='ltr' id='par_1_89' title="bbox 2124 2817 3710 2923">
     <span class='ocr_line' id='line_1_92' title="bbox 2124 2817 3710 2923; baseline 0.026 -55"><span class='ocrx_word' id='word_1_686' title='bbox 2124 2817 2304 2871; x_wconf 88' lang='lat' dir='ltr'><strong>omnia</strong></span> <span class='ocrx_word' id='word_1_687' title='bbox 2346 2820 2591 2879; x_wconf 90' lang='lat' dir='ltr'><strong>amiseris</strong></span> <span class='ocrx_word' id='word_1_688' title='bbox 2616 2867 2630 2892; x_wconf 94' lang='lat'><strong>,</strong></span> <span class='ocrx_word' id='word_1_689' title='bbox 2676 2829 2852 2883; x_wconf 90' lang='lat' dir='ltr'><strong>omnia</strong></span> <span class='ocrx_word' id='word_1_690' title='bbox 2884 2842 3068 2902; x_wconf 89' lang='lat' dir='ltr'><strong>postea</strong></span> <span class='ocrx_word' id='word_1_691' title='bbox 3099 2836 3455 2902; x_wconf 81' lang='lat' dir='ltr'><strong>abundantius</strong></span> <span class='ocrx_word' id='word_1_692' title='bbox 3484 2864 3710 2923; x_wconf 84' lang='lat' dir='ltr'><strong>recupe-</strong></span> 
     </span>
    </p>
   </div>
   <div class='ocr_carea' id='block_1_90' title="bbox 2124 2907 3705 3008">
    <p class='ocr_par' dir='ltr' id='par_1_90' title="bbox 2124 2907 3705 3008">
     <span class='ocr_line' id='line_1_93' title="bbox 2124 2907 3705 3008; baseline 0.025 -49"><span class='ocrx_word' id='word_1_693' title='bbox 2124 2907 2286 2963; x_wconf 87' lang='lat' dir='ltr'><strong>rahis.</strong></span> <span class='ocrx_word' id='word_1_694' title='bbox 2336 2908 2460 2967; x_wconf 85' lang='lat' dir='ltr'><strong>Ideo</strong></span> <span class='ocrx_word' id='word_1_695' title='bbox 2491 2930 2595 2969; x_wconf 93' lang='lat' dir='ltr'><strong>non</strong></span> <span class='ocrx_word' id='word_1_696' title='bbox 2624 2917 2918 2988; x_wconf 91' lang='lat' dir='ltr'><strong>simplicem</strong></span> <span class='ocrx_word' id='word_1_697' title='bbox 2968 2934 3169 2983; x_wconf 88' lang='lat' dir='ltr'><strong>tantum</strong></span> <span class='ocrx_word' id='word_1_698' title='bbox 3196 2973 3211 2998; x_wconf 96' lang='lat'><strong>,</strong></span> <span class='ocrx_word' id='word_1_699' title='bbox 3246 2948 3345 2990; x_wconf 90' lang='lat' dir='ltr'><strong>nec</strong></span> <span class='ocrx_word' id='word_1_700' title='bbox 3390 2907 3705 3008; x_wconf 67' lang='lat' dir='ltr'><strong>prudentem</strong></span> 
     </span>
    </p>
   </div>
   <div class='ocr_carea' id='block_1_91' title="bbox 2121 2998 3708 3099">
    <p class='ocr_par' dir='ltr' id='par_1_91' title="bbox 2121 2998 3708 3099">
     <span class='ocr_line' id='line_1_94' title="bbox 2121 2998 3708 3099; baseline 0.028 -48"><span class='ocrx_word' id='word_1_701' title='bbox 2121 2998 2295 3054; x_wconf 88' lang='lat' dir='ltr'><strong>solum</strong></span> <span class='ocrx_word' id='word_1_702' title='bbox 2324 3015 2443 3058; x_wconf 87' lang='lat' dir='ltr'><strong>esse</strong></span> <span class='ocrx_word' id='word_1_703' title='bbox 2471 3008 2723 3078; x_wconf 71' lang='lat' dir='ltr'><strong>prmcepit</strong></span> <span class='ocrx_word' id='word_1_704' title='bbox 2746 3052 2762 3076; x_wconf 96' lang='lat'><strong>,</strong></span> <span class='ocrx_word' id='word_1_705' title='bbox 2808 3013 2902 3068; x_wconf 92' lang='lat' dir='ltr'><strong>sed</strong></span> <span class='ocrx_word' id='word_1_706' title='bbox 2935 3014 3047 3073; x_wconf 84' lang='lat' dir='ltr'><strong>haec</strong></span> <span class='ocrx_word' id='word_1_707' title='bbox 3078 3020 3233 3078; x_wconf 88' lang='lat' dir='ltr'><strong>ambo</strong></span> <span class='ocrx_word' id='word_1_708' title='bbox 3261 2998 3513 3099; x_wconf 73' lang='lat' dir='ltr'><strong>miscuit;</strong></span> <span class='ocrx_word' id='word_1_709' title='bbox 3546 3036 3616 3091; x_wconf 86' lang='lat' dir='ltr'><strong>ita</strong></span> <span class='ocrx_word' id='word_1_710' title='bbox 3649 3050 3708 3095; x_wconf 88' lang='lat' dir='ltr'><strong>nt</strong></span> 
     </span>
    </p>
   </div>
   <div class='ocr_carea' id='block_1_92' title="bbox 2118 3087 3702 3195">
    <p class='ocr_par' dir='ltr' id='par_1_92' title="bbox 2118 3087 3702 3195">
     <span class='ocr_line' id='line_1_95' title="bbox 2118 3087 3702 3195; baseline 0.027 -53"><span class='ocrx_word' id='word_1_711' title='bbox 2118 3087 2235 3146; x_wconf 67' lang='grc' dir='ltr'><strong>ιιωο</strong></span> <span class='ocrx_word' id='word_1_712' title='bbox 2282 3092 2452 3149; x_wconf 87' lang='lat' dir='ltr'><strong>virtus</strong></span> <span class='ocrx_word' id='word_1_713' title='bbox 2519 3112 2647 3153; x_wconf 90' lang='lat' dir='ltr'><strong>vere</strong></span> <span class='ocrx_word' id='word_1_714' title='bbox 2715 3100 2874 3168; x_wconf 89' lang='lat' dir='ltr'><strong>sint;</strong></span> <span class='ocrx_word' id='word_1_715' title='bbox 2940 3109 3382 3187; x_wconf 86' lang='lat' dir='ltr'><strong>prudentiamque</strong></span> <span class='ocrx_word' id='word_1_716' title='bbox 3443 3087 3702 3195; x_wconf 69' lang='lat' dir='ltr'><strong>serpentis</strong></span> 
     </span>
    </p>
   </div>
   <div class='ocr_carea' id='block_1_93' title="bbox 2116 3187 3702 3285">
    <p class='ocr_par' dir='ltr' id='par_1_93' title="bbox 2116 3187 3702 3285">
     <span class='ocr_line' id='line_1_96' title="bbox 2116 3187 3702 3285; baseline 0.025 -50"><span class='ocrx_word' id='word_1_717' title='bbox 2116 3187 2423 3255; x_wconf 87' lang='lat' dir='ltr'><strong>assumpsit,</strong></span> <span class='ocrx_word' id='word_1_718' title='bbox 2457 3198 2513 3243; x_wconf 91' lang='lat' dir='ltr'><strong>ut</strong></span> <span class='ocrx_word' id='word_1_719' title='bbox 2543 3204 2610 3244; x_wconf 89' lang='lat' dir='ltr'><strong>ne</strong></span> <span class='ocrx_word' id='word_1_720' title='bbox 2637 3190 2810 3248; x_wconf 89' lang='lat' dir='ltr'><strong>letalia</strong></span> <span class='ocrx_word' id='word_1_721' title='bbox 2842 3196 3063 3254; x_wconf 90' lang='lat' dir='ltr'><strong>vulnera</strong></span> <span class='ocrx_word' id='word_1_722' title='bbox 3089 3204 3320 3275; x_wconf 85' lang='lat' dir='ltr'><strong>accipias</strong></span> <span class='ocrx_word' id='word_1_723' title='bbox 3344 3225 3359 3276; x_wconf 90' lang='lat'><strong>;</strong></span> <span class='ocrx_word' id='word_1_724' title='bbox 3390 3187 3702 3285; x_wconf 80' lang='lat' dir='ltr'><strong>simplicita-</strong></span> 
     </span>
    </p>
   </div>
   <div class='ocr_carea' id='block_1_94' title="bbox 2115 3279 3700 3373">
    <p class='ocr_par' dir='ltr' id='par_1_94' title="bbox 2115 3279 3700 3373">
     <span class='ocr_line' id='line_1_97' title="bbox 2115 3279 3700 3373; baseline 0.026 -47"><span class='ocrx_word' id='word_1_725' title='bbox 2115 3281 2221 3329; x_wconf 86' lang='lat' dir='ltr'><strong>tem</strong></span> <span class='ocrx_word' id='word_1_726' title='bbox 2251 3290 2383 3331; x_wconf 87' lang='lat' dir='ltr'><strong>vero</strong></span> <span class='ocrx_word' id='word_1_727' title='bbox 2405 3279 2686 3349; x_wconf 82' lang='lat' dir='ltr'><strong>columbae,</strong></span> <span class='ocrx_word' id='word_1_728' title='bbox 2721 3293 2789 3339; x_wconf 83' lang='grc' dir='ltr'>ιιι·</span> <span class='ocrx_word' id='word_1_729' title='bbox 2808 3301 2875 3341; x_wconf 91' lang='lat' dir='ltr'><strong>ne</strong></span> <span class='ocrx_word' id='word_1_730' title='bbox 2903 3288 3156 3348; x_wconf 64' lang='lat' dir='ltr'><strong>laedentes</strong></span> <span class='ocrx_word' id='word_1_731' title='bbox 3179 3304 3230 3351; x_wconf 91' lang='lat' dir='ltr'><strong>te</strong></span> <span class='ocrx_word' id='word_1_732' title='bbox 3251 3298 3540 3373; x_wconf 85' lang='lat' dir='ltr'><strong>ulciscaris,</strong></span> <span class='ocrx_word' id='word_1_733' title='bbox 3566 3324 3700 3367; x_wconf 89' lang='lat' dir='ltr'><strong>ncve</strong></span> 
     </span>
    </p>
   </div>
   <div class='ocr_carea' id='block_1_95' title="bbox 2113 3363 3696 3467">
    <p class='ocr_par' dir='ltr' id='par_1_95' title="bbox 2113 3363 3696 3467">
     <span class='ocr_line' id='line_1_98' title="bbox 2113 3363 3696 3467; baseline 0.024 -50"><span class='ocrx_word' id='word_1_734' title='bbox 2113 3363 2425 3421; x_wconf 84' lang='lat' dir='ltr'><strong>insidiantes</strong></span> <span class='ocrx_word' id='word_1_735' title='bbox 2447 3383 2543 3438; x_wconf 88' lang='lat' dir='ltr'><strong>per</strong></span> <span class='ocrx_word' id='word_1_736' title='bbox 2572 3372 2855 3430; x_wconf 88' lang='lat' dir='ltr'><strong>vindictam</strong></span> <span class='ocrx_word' id='word_1_737' title='bbox 2882 3392 3176 3440; x_wconf 79' lang='lat' dir='ltr'><strong>amoveas:</strong></span> <span class='ocrx_word' id='word_1_738' title='bbox 3204 3387 3337 3444; x_wconf 89' lang='lat' dir='ltr'><strong>nihil</strong></span> <span class='ocrx_word' id='word_1_739' title='bbox 3366 3394 3507 3449; x_wconf 90' lang='lat' dir='ltr'><strong>enim</strong></span> <span class='ocrx_word' id='word_1_740' title='bbox 3528 3363 3696 3467; x_wconf 41' lang='lat' dir='ltr'><strong>&#39;prod-</strong></span> 
     </span>
    </p>
   </div>
   <div class='ocr_carea' id='block_1_96' title="bbox 2108 3458 3691 3551">
    <p class='ocr_par' dir='ltr' id='par_1_96' title="bbox 2108 3458 3691 3551">
     <span class='ocr_line' id='line_1_99' title="bbox 2108 3458 3691 3551; baseline 0.022 -42"><span class='ocrx_word' id='word_1_741' title='bbox 2108 3465 2191 3511; x_wconf 90' lang='lat' dir='ltr'><strong>est</strong></span> <span class='ocrx_word' id='word_1_742' title='bbox 2215 3458 2513 3526; x_wconf 89' lang='lat' dir='ltr'><strong>prudentia,</strong></span> <span class='ocrx_word' id='word_1_743' title='bbox 2538 3462 2638 3518; x_wconf 89' lang='lat' dir='ltr'><strong>nisi</strong></span> <span class='ocrx_word' id='word_1_744' title='bbox 2660 3463 2761 3521; x_wconf 89' lang='lat' dir='ltr'><strong>hoc</strong></span> <span class='ocrx_word' id='word_1_745' title='bbox 2782 3467 2938 3523; x_wconf 89' lang='lat' dir='ltr'><strong>adsit.</strong></span> <span class='ocrx_word' id='word_1_746' title='bbox 2963 3469 3100 3538; x_wconf 90' lang='lat' dir='ltr'><strong>Quid</strong></span> <span class='ocrx_word' id='word_1_747' title='bbox 3126 3489 3251 3546; x_wconf 89' lang='lat' dir='ltr'><strong>ergo</strong></span> <span class='ocrx_word' id='word_1_748' title='bbox 3277 3481 3444 3551; x_wconf 84' lang='lat' dir='ltr'><strong>magis</strong></span> <span class='ocrx_word' id='word_1_749' title='bbox 3469 3458 3691 3544; x_wconf 79' lang='lat' dir='ltr'><strong>arduum</strong></span> 
     </span>
    </p>
   </div>
   <div class='ocr_carea' id='block_1_97' title="bbox 2107 3543 3693 3635">
    <p class='ocr_par' dir='ltr' id='par_1_97' title="bbox 2107 3543 3693 3635">
     <span class='ocr_line' id='line_1_100' title="bbox 2107 3543 3693 3635; baseline 0.024 -37"><span class='ocrx_word' id='word_1_750' title='bbox 2107 3543 2191 3600; x_wconf 89' lang='lat' dir='ltr'><strong>his</strong></span> <span class='ocrx_word' id='word_1_751' title='bbox 2240 3552 2558 3620; x_wconf 64' lang='lat' dir='ltr'><strong>praeceptis?</strong></span> <span class='ocrx_word' id='word_1_752' title='bbox 2609 3552 2723 3610; x_wconf 86' lang='lat' dir='ltr'><strong>Non</strong></span> <span class='ocrx_word' id='word_1_753' title='bbox 2774 3559 2917 3614; x_wconf 90' lang='lat' dir='ltr'><strong>enim</strong></span> <span class='ocrx_word' id='word_1_754' title='bbox 2970 3564 3101 3619; x_wconf 89' lang='lat' dir='ltr'><strong>satis</strong></span> <span class='ocrx_word' id='word_1_755' title='bbox 3143 3577 3258 3623; x_wconf 88' lang='lat' dir='ltr'><strong>erat</strong></span> <span class='ocrx_word' id='word_1_756' title='bbox 3302 3574 3439 3626; x_wconf 89' lang='lat' dir='ltr'><strong>mala</strong></span> <span class='ocrx_word' id='word_1_757' title='bbox 3468 3579 3693 3635; x_wconf 82' lang='lat' dir='ltr'><strong>subire?</strong></span> 
     </span>
    </p>
   </div>
   <div class='ocr_carea' id='block_1_98' title="bbox 2104 3640 3690 3732">
    <p class='ocr_par' dir='ltr' id='par_1_98' title="bbox 2104 3640 3690 3732">
     <span class='ocr_line' id='line_1_101' title="bbox 2104 3640 3690 3732; baseline 0.023 -37"><span class='ocrx_word' id='word_1_758' title='bbox 2104 3640 2257 3711; x_wconf 83' lang='lat' dir='ltr'><strong>Non,</strong></span> <span class='ocrx_word' id='word_1_759' title='bbox 2287 3644 2457 3715; x_wconf 90' lang='lat' dir='ltr'><strong>inquit</strong></span> <span class='ocrx_word' id='word_1_760' title='bbox 2478 3648 2603 3717; x_wconf 88' lang='lat' dir='ltr'><strong>ille;</strong></span> <span class='ocrx_word' id='word_1_761' title='bbox 2643 3651 2739 3707; x_wconf 90' lang='lat' dir='ltr'><strong>sed</strong></span> <span class='ocrx_word' id='word_1_762' title='bbox 2768 3654 2926 3710; x_wconf 90' lang='lat' dir='ltr'><strong>etiam</strong></span> <span class='ocrx_word' id='word_1_763' title='bbox 2958 3672 3025 3713; x_wconf 90' lang='lat' dir='ltr'><strong>ne</strong></span> <span class='ocrx_word' id='word_1_764' title='bbox 3051 3658 3340 3732; x_wconf 82' lang='lat' dir='ltr'><strong>indigneris</strong></span> <span class='ocrx_word' id='word_1_765' title='bbox 3383 3677 3524 3723; x_wconf 87' lang='lat' dir='ltr'><strong>veto.</strong></span> <span class='ocrx_word' id='word_1_766' title='bbox 3575 3673 3690 3731; x_wconf 74' lang='lat' dir='ltr'><strong>Hoc</strong></span> 
     </span>
    </p>
   </div>
   <div class='ocr_carea' id='block_1_99' title="bbox 2103 3735 3685 3827">
    <p class='ocr_par' dir='ltr' id='par_1_99' title="bbox 2103 3735 3685 3827">
     <span class='ocr_line' id='line_1_102' title="bbox 2103 3735 3685 3827; baseline 0.021 -38"><span class='ocrx_word' id='word_1_767' title='bbox 2103 3735 2247 3791; x_wconf 87' lang='lat' dir='ltr'><strong>enim</strong></span> <span class='ocrx_word' id='word_1_768' title='bbox 2277 3736 2344 3792; x_wconf 92' lang='lat' dir='ltr'><strong>ad</strong></span> <span class='ocrx_word' id='word_1_769' title='bbox 2373 3739 2672 3799; x_wconf 89' lang='lat' dir='ltr'><strong>columbam</strong></span> <span class='ocrx_word' id='word_1_770' title='bbox 2701 3747 2952 3814; x_wconf 90' lang='lat' dir='ltr'><strong>pertinet.</strong></span> <span class='ocrx_word' id='word_1_771' title='bbox 2999 3752 3078 3807; x_wconf 83' lang='lat' dir='ltr'><strong>Ac</strong></span> <span class='ocrx_word' id='word_1_772' title='bbox 3121 3753 3168 3809; x_wconf 90' lang='lat' dir='ltr'><strong>si</strong></span> <span class='ocrx_word' id='word_1_773' title='bbox 3197 3758 3316 3827; x_wconf 90' lang='lat' dir='ltr'><strong>quis</strong></span> <span class='ocrx_word' id='word_1_774' title='bbox 3341 3760 3602 3819; x_wconf 90' lang='lat' dir='ltr'><strong>calamum</strong></span> <span class='ocrx_word' id='word_1_775' title='bbox 3632 3768 3685 3823; x_wconf 93' lang='lat' dir='ltr'><strong>in</strong></span> 
     </span>
    </p>
   </div>
   <div class='ocr_carea' id='block_1_100' title="bbox 2101 3831 3679 3927">
    <p class='ocr_par' dir='ltr' id='par_1_100' title="bbox 2101 3831 3679 3927">
     <span class='ocr_line' id='line_1_103' title="bbox 2101 3831 3679 3927; baseline 0.018 -42"><span class='ocrx_word' id='word_1_776' title='bbox 2101 3832 2275 3898; x_wconf 87' lang='lat' dir='ltr'><strong>ignem</strong></span> <span class='ocrx_word' id='word_1_777' title='bbox 2314 3831 2534 3888; x_wconf 89' lang='lat' dir='ltr'><strong>mittens</strong></span> <span class='ocrx_word' id='word_1_778' title='bbox 2557 3874 2575 3903; x_wconf 92' lang='lat'><strong>,</strong></span> <span class='ocrx_word' id='word_1_779' title='bbox 2615 3835 2826 3907; x_wconf 90' lang='lat' dir='ltr'><strong>juberet</strong></span> <span class='ocrx_word' id='word_1_780' title='bbox 2871 3858 2973 3897; x_wconf 90' lang='lat' dir='ltr'><strong>non</strong></span> <span class='ocrx_word' id='word_1_781' title='bbox 3003 3845 3082 3899; x_wconf 92' lang='lat' dir='ltr'><strong>uri</strong></span> <span class='ocrx_word' id='word_1_782' title='bbox 3109 3846 3178 3901; x_wconf 92' lang='lat' dir='ltr'><strong>ab</strong></span> <span class='ocrx_word' id='word_1_783' title='bbox 3204 3849 3346 3918; x_wconf 89' lang='lat' dir='ltr'><strong>igne,</strong></span> <span class='ocrx_word' id='word_1_784' title='bbox 3379 3854 3473 3909; x_wconf 91' lang='lat' dir='ltr'><strong>sed</strong></span> <span class='ocrx_word' id='word_1_785' title='bbox 3503 3857 3679 3927; x_wconf 89' lang='lat' dir='ltr'><strong>ignem</strong></span> 
     </span>
    </p>
   </div>
   <div class='ocr_carea' id='block_1_101' title="bbox 2098 3919 3681 4014">
    <p class='ocr_par' dir='ltr' id='par_1_101' title="bbox 2098 3919 3681 4014">
     <span class='ocr_line' id='line_1_104' title="bbox 2098 3919 3681 4014; baseline 0.02 -42"><span class='ocrx_word' id='word_1_786' title='bbox 2098 3919 2455 3990; x_wconf 84' lang='lat' dir='ltr'><strong>exstinguere.</strong></span> <span class='ocrx_word' id='word_1_787' title='bbox 2485 3923 2681 3979; x_wconf 91' lang='lat' dir='ltr'><strong>Verum</strong></span> <span class='ocrx_word' id='word_1_788' title='bbox 2709 3942 2775 3982; x_wconf 91' lang='lat' dir='ltr'><strong>ne</strong></span> <span class='ocrx_word' id='word_1_789' title='bbox 2806 3930 3081 3987; x_wconf 87' lang='lat' dir='ltr'><strong>turbemur</strong></span> <span class='ocrx_word' id='word_1_790' title='bbox 3107 3951 3120 3987; x_wconf 91' lang='lat'><strong>:</strong></span> <span class='ocrx_word' id='word_1_791' title='bbox 3152 3935 3266 3992; x_wconf 66' lang='lat' dir='ltr'><strong>haec</strong></span> <span class='ocrx_word' id='word_1_792' title='bbox 3290 3948 3338 3992; x_wconf 89' lang='lat' dir='ltr'><strong>et</strong></span> <span class='ocrx_word' id='word_1_793' title='bbox 3371 3956 3681 4014; x_wconf 85' lang='lat' dir='ltr'><strong>evenerunt,</strong></span> 
     </span>
    </p>
   </div>
   <div class='ocr_carea' id='block_1_102' title="bbox 2096 4012 3681 4096">
    <p class='ocr_par' dir='ltr' id='par_1_102' title="bbox 2096 4012 3681 4096">
     <span class='ocr_line' id='line_1_105' title="bbox 2096 4012 3681 4096; baseline 0.02 -32"><span class='ocrx_word' id='word_1_794' title='bbox 2096 4021 2150 4065; x_wconf 92' lang='lat' dir='ltr'><strong>et</strong></span> <span class='ocrx_word' id='word_1_795' title='bbox 2172 4012 2330 4067; x_wconf 80' lang='lat' dir='ltr'><strong>tinem</strong></span> <span class='ocrx_word' id='word_1_796' title='bbox 2356 4028 2698 4084; x_wconf 80' lang='lat' dir='ltr'><strong>acceperunt,</strong></span> <span class='ocrx_word' id='word_1_797' title='bbox 2729 4020 2961 4092; x_wconf 91' lang='lat' dir='ltr'><strong>ipsisque</strong></span> <span class='ocrx_word' id='word_1_798' title='bbox 2982 4026 3231 4093; x_wconf 87' lang='lat' dir='ltr'><strong>operibus</strong></span> <span class='ocrx_word' id='word_1_799' title='bbox 3254 4031 3493 4089; x_wconf 86' lang='lat' dir='ltr'><strong>exhibita</strong></span> <span class='ocrx_word' id='word_1_800' title='bbox 3516 4048 3640 4094; x_wconf 83' lang='lat' dir='ltr'><strong>sunt</strong></span> 
     </span>
    </p>
   </div>
   <div class='ocr_carea' id='block_1_103' title="bbox 2098 4101 3683 4197">
    <p class='ocr_par' dir='ltr' id='par_1_103' title="bbox 2098 4101 3683 4197">
     <span class='ocr_line' id='line_1_106' title="bbox 2098 4101 3683 4197; baseline 0.02 -42"><span class='ocrx_word' id='word_1_801' title='bbox 2098 4101 2388 4170; x_wconf 89' lang='lat' dir='ltr'><strong>prudentes</strong></span> <span class='ocrx_word' id='word_1_802' title='bbox 2414 4107 2556 4160; x_wconf 86' lang='lat' dir='ltr'><strong>enim</strong></span> <span class='ocrx_word' id='word_1_803' title='bbox 2580 4106 2795 4164; x_wconf 90' lang='lat' dir='ltr'><strong>fuerunt</strong></span> <span class='ocrx_word' id='word_1_804' title='bbox 2823 4113 2963 4168; x_wconf 90' lang='lat' dir='ltr'><strong>sicut</strong></span> <span class='ocrx_word' id='word_1_805' title='bbox 2990 4127 3270 4186; x_wconf 87' lang='lat' dir='ltr'><strong>serpentes</strong></span> <span class='ocrx_word' id='word_1_806' title='bbox 3293 4162 3308 4186; x_wconf 95' lang='lat'><strong>,</strong></span> <span class='ocrx_word' id='word_1_807' title='bbox 3340 4133 3393 4176; x_wconf 90' lang='lat' dir='ltr'><strong>et</strong></span> <span class='ocrx_word' id='word_1_808' title='bbox 3413 4125 3683 4197; x_wconf 89' lang='lat' dir='ltr'><strong>simplices</strong></span> 
     </span>
    </p>
   </div>
   <div class='ocr_carea' id='block_1_104' title="bbox 2094 4198 3674 4289">
    <p class='ocr_par' dir='ltr' id='par_1_104' title="bbox 2094 4198 3674 4289">
     <span class='ocr_line' id='line_1_107' title="bbox 2094 4198 3674 4289; baseline 0.02 -39"><span class='ocrx_word' id='word_1_809' title='bbox 2094 4198 2231 4251; x_wconf 90' lang='lat' dir='ltr'><strong>sicut</strong></span> <span class='ocrx_word' id='word_1_810' title='bbox 2257 4200 2515 4257; x_wconf 72' lang='lat' dir='ltr'><strong>columbae</strong></span> <span class='ocrx_word' id='word_1_811' title='bbox 2546 4222 2559 4256; x_wconf 89' lang='lat'><strong><em>:</em></strong></span> <span class='ocrx_word' id='word_1_812' title='bbox 2592 4220 2696 4259; x_wconf 94' lang='lat' dir='ltr'><strong>non</strong></span> <span class='ocrx_word' id='word_1_813' title='bbox 2724 4208 2864 4277; x_wconf 90' lang='lat' dir='ltr'><strong>quod</strong></span> <span class='ocrx_word' id='word_1_814' title='bbox 2893 4226 2957 4265; x_wconf 86' lang='lat' dir='ltr'><strong>ex</strong></span> <span class='ocrx_word' id='word_1_815' title='bbox 2984 4213 3083 4266; x_wconf 88' lang='lat' dir='ltr'><strong>alia</strong></span> <span class='ocrx_word' id='word_1_816' title='bbox 3114 4223 3299 4270; x_wconf 90' lang='lat' dir='ltr'><strong>natura</strong></span> <span class='ocrx_word' id='word_1_817' title='bbox 3332 4233 3546 4289; x_wconf 90' lang='lat' dir='ltr'><strong>essent,</strong></span> <span class='ocrx_word' id='word_1_818' title='bbox 3578 4230 3674 4283; x_wconf 91' lang='lat' dir='ltr'><strong>sed</strong></span> 
     </span>
    </p>
   </div>
   <div class='ocr_carea' id='block_1_105' title="bbox 2092 4292 3677 4384">
    <p class='ocr_par' dir='ltr' id='par_1_105' title="bbox 2092 4292 3677 4384">
     <span class='ocr_line' id='line_1_108' title="bbox 2092 4292 3677 4384; baseline 0.021 -41"><span class='ocrx_word' id='word_1_819' title='bbox 2092 4304 2158 4345; x_wconf 85' lang='lat' dir='ltr'><strong>ex</strong></span> <span class='ocrx_word' id='word_1_820' title='bbox 2203 4292 2388 4348; x_wconf 87' lang='lat' dir='ltr'><strong>eadem</strong></span> <span class='ocrx_word' id='word_1_821' title='bbox 2442 4310 2543 4365; x_wconf 90' lang='lat' dir='ltr'><strong>qua</strong></span> <span class='ocrx_word' id='word_1_822' title='bbox 2588 4314 2686 4355; x_wconf 91' lang='lat' dir='ltr'><strong>nos</strong></span> <span class='ocrx_word' id='word_1_823' title='bbox 2730 4312 2901 4359; x_wconf 87' lang='lat' dir='ltr'><strong>erant.</strong></span> <span class='ocrx_word' id='word_1_824' title='bbox 2942 4305 3020 4361; x_wconf 89' lang='lat' dir='ltr'><strong>Ne</strong></span> <span class='ocrx_word' id='word_1_825' title='bbox 3069 4309 3188 4378; x_wconf 92' lang='lat' dir='ltr'><strong>quis</strong></span> <span class='ocrx_word' id='word_1_826' title='bbox 3230 4326 3358 4383; x_wconf 85' lang='lat' dir='ltr'><strong>ergo</strong></span> <span class='ocrx_word' id='word_1_827' title='bbox 3384 4327 3532 4384; x_wconf 87' lang='lat' dir='ltr'><strong>putet</strong></span> <span class='ocrx_word' id='word_1_828' title='bbox 3561 4319 3677 4379; x_wconf 64' lang='lat' dir='ltr'><strong>haec</strong></span> 
     </span>
    </p>
   </div>
   <div class='ocr_carea' id='block_1_106' title="bbox 2090 4385 3674 4466">
    <p class='ocr_par' dir='ltr' id='par_1_106' title="bbox 2090 4385 3674 4466">
     <span class='ocr_line' id='line_1_109' title="bbox 2090 4385 3674 4466; baseline 0.021 -33"><span class='ocrx_word' id='word_1_829' title='bbox 2090 4392 2352 4453; x_wconf 75' lang='lat' dir='ltr'><strong>pra-cepta</strong></span> <span class='ocrx_word' id='word_1_830' title='bbox 2380 4385 2585 4455; x_wconf 91' lang='lat' dir='ltr'><strong>impleri</strong></span> <span class='ocrx_word' id='word_1_831' title='bbox 2614 4403 2717 4443; x_wconf 93' lang='lat' dir='ltr'><strong>non</strong></span> <span class='ocrx_word' id='word_1_832' title='bbox 2747 4405 2920 4460; x_wconf 87' lang='lat' dir='ltr'><strong>posse.</strong></span> <span class='ocrx_word' id='word_1_833' title='bbox 2952 4394 3067 4450; x_wconf 71' lang='lat' dir='ltr'><strong>Prae</strong></span> <span class='ocrx_word' id='word_1_834' title='bbox 3093 4401 3340 4455; x_wconf 89' lang='lat' dir='ltr'><strong>omnibus</strong></span> <span class='ocrx_word' id='word_1_835' title='bbox 3368 4406 3511 4460; x_wconf 90' lang='lat' dir='ltr'><strong>enim</strong></span> <span class='ocrx_word' id='word_1_836' title='bbox 3553 4411 3674 4466; x_wconf 88' lang='lat' dir='ltr'><strong>aliis</strong></span> 
     </span>
    </p>
   </div>
   <div class='ocr_carea' id='block_1_107' title="bbox 2088 4473 3676 4556">
    <p class='ocr_par' dir='ltr' id='par_1_107' title="bbox 2088 4473 3676 4556">
     <span class='ocr_line' id='line_1_110' title="bbox 2088 4473 3676 4556; baseline 0.019 -29"><span class='ocrx_word' id='word_1_837' title='bbox 2088 4473 2202 4542; x_wconf 88' lang='lat' dir='ltr'><strong>ipse</strong></span> <span class='ocrx_word' id='word_1_838' title='bbox 2228 4475 2374 4531; x_wconf 89' lang='lat' dir='ltr'><strong>novit</strong></span> <span class='ocrx_word' id='word_1_839' title='bbox 2401 4491 2578 4533; x_wconf 89' lang='lat' dir='ltr'><strong>rerum</strong></span> <span class='ocrx_word' id='word_1_840' title='bbox 2610 4490 2852 4536; x_wconf 88' lang='lat' dir='ltr'><strong>naturam</strong></span> <span class='ocrx_word' id='word_1_841' title='bbox 2886 4502 2899 4537; x_wconf 91' lang='lat'><strong>:</strong></span> <span class='ocrx_word' id='word_1_842' title='bbox 2940 4489 3084 4541; x_wconf 91' lang='lat' dir='ltr'><strong>novit</strong></span> <span class='ocrx_word' id='word_1_843' title='bbox 3110 4489 3362 4548; x_wconf 90' lang='lat' dir='ltr'><strong>ferociam</strong></span> <span class='ocrx_word' id='word_1_844' title='bbox 3399 4511 3506 4553; x_wconf 92' lang='lat' dir='ltr'><strong>non</strong></span> <span class='ocrx_word' id='word_1_845' title='bbox 3535 4500 3676 4556; x_wconf 57' lang='lat' dir='ltr'><strong>fero.</strong></span> 
     </span>
    </p>
   </div>
   <div class='ocr_carea' id='block_1_108' title="bbox 2085 4565 3676 4659">
    <p class='ocr_par' dir='ltr' id='par_1_108' title="bbox 2085 4565 3676 4659">
     <span class='ocr_line' id='line_1_111' title="bbox 2085 4565 3676 4659; baseline 0.018 -40"><span class='ocrx_word' id='word_1_846' title='bbox 2085 4565 2187 4629; x_wconf 90' lang='lat' dir='ltr'><strong>cia,</strong></span> <span class='ocrx_word' id='word_1_847' title='bbox 2239 4566 2333 4621; x_wconf 89' lang='lat' dir='ltr'><strong>sed</strong></span> <span class='ocrx_word' id='word_1_848' title='bbox 2380 4568 2745 4627; x_wconf 88' lang='lat' dir='ltr'><strong>moderatione</strong></span> <span class='ocrx_word' id='word_1_849' title='bbox 2798 4577 3073 4649; x_wconf 89' lang='lat' dir='ltr'><strong>restingui.</strong></span> <span class='ocrx_word' id='word_1_850' title='bbox 3125 4580 3276 4647; x_wconf 91' lang='lat' dir='ltr'><strong>Quod</strong></span> <span class='ocrx_word' id='word_1_851' title='bbox 3321 4586 3364 4639; x_wconf 90' lang='lat' dir='ltr'><strong>si</strong></span> <span class='ocrx_word' id='word_1_852' title='bbox 3408 4588 3581 4659; x_wconf 85' lang='lat' dir='ltr'><strong>reipsa</strong></span> <span class='ocrx_word' id='word_1_853' title='bbox 3621 4602 3676 4648; x_wconf 91' lang='lat' dir='ltr'><strong>et</strong></span> 
     </span>
    </p>
   </div>
   <div class='ocr_carea' id='block_1_109' title="bbox 2083 4662 3673 4757">
    <p class='ocr_par' dir='ltr' id='par_1_109' title="bbox 2083 4662 3673 4757">
     <span class='ocr_line' id='line_1_112' title="bbox 2083 4662 3673 4757; baseline 0.02 -44"><span class='ocrx_word' id='word_1_854' title='bbox 2083 4674 2247 4729; x_wconf 89' lang='lat' dir='ltr'><strong>opere</strong></span> <span class='ocrx_word' id='word_1_855' title='bbox 2292 4662 2343 4717; x_wconf 90' lang='lat' dir='ltr'><strong>id</strong></span> <span class='ocrx_word' id='word_1_856' title='bbox 2370 4664 2552 4722; x_wconf 89' lang='lat' dir='ltr'><strong>videre</strong></span> <span class='ocrx_word' id='word_1_857' title='bbox 2579 4670 2731 4734; x_wconf 86' lang='lat' dir='ltr'><strong>velis,</strong></span> <span class='ocrx_word' id='word_1_858' title='bbox 2763 4671 2877 4742; x_wconf 86' lang='lat' dir='ltr'><strong>lege</strong></span> <span class='ocrx_word' id='word_1_859' title='bbox 2919 4674 3113 4732; x_wconf 86' lang='lat' dir='ltr'><strong>librum</strong></span> <span class='ocrx_word' id='word_1_860' title='bbox 3143 4680 3368 4737; x_wconf 83' lang='lat' dir='ltr'><strong>Actuum</strong></span> <span class='ocrx_word' id='word_1_861' title='bbox 3399 4692 3673 4757; x_wconf 85' lang='lat' dir='ltr'><strong>apostolu-</strong></span> 
     </span>
    </p>
   </div>
   <div class='ocr_carea' id='block_1_110' title="bbox 2080 4756 3670 4853">
    <p class='ocr_par' dir='ltr' id='par_1_110' title="bbox 2080 4756 3670 4853">
     <span class='ocr_line' id='line_1_113' title="bbox 2080 4756 3670 4853; baseline 0.021 -50"><span class='ocrx_word' id='word_1_862' title='bbox 2080 4765 2233 4818; x_wconf 88' lang='lat' dir='ltr'><strong>rum,</strong></span> <span class='ocrx_word' id='word_1_863' title='bbox 2285 4756 2596 4828; x_wconf 88' lang='lat' dir='ltr'><strong>videbisque</strong></span> <span class='ocrx_word' id='word_1_864' title='bbox 2642 4763 2854 4832; x_wconf 89' lang='lat' dir='ltr'><strong>quoties</strong></span> <span class='ocrx_word' id='word_1_865' title='bbox 2901 4765 3099 4822; x_wconf 81' lang='lat' dir='ltr'><strong>Judaeis</strong></span> <span class='ocrx_word' id='word_1_866' title='bbox 3149 4770 3559 4853; x_wconf 71' lang='lat' dir='ltr'><strong>insurgentibus,</strong></span> <span class='ocrx_word' id='word_1_867' title='bbox 3619 4794 3670 4837; x_wconf 75' lang='lat' dir='ltr'><strong>et</strong></span> 
     </span>
    </p>
   </div>
   <div class='ocr_carea' id='block_1_111' title="bbox 2079 4840 3665 4933">
    <p class='ocr_par' dir='ltr' id='par_1_111' title="bbox 2079 4840 3665 4933">
     <span class='ocr_line' id='line_1_114' title="bbox 2079 4840 3665 4933; baseline 0.02 -38"><span class='ocrx_word' id='word_1_868' title='bbox 2079 4840 2267 4899; x_wconf 88' lang='lat' dir='ltr'><strong>dentes</strong></span> <span class='ocrx_word' id='word_1_869' title='bbox 2310 4852 2625 4905; x_wconf 89' lang='lat' dir='ltr'><strong>acuentibus</strong></span> <span class='ocrx_word' id='word_1_870' title='bbox 2648 4892 2663 4919; x_wconf 92' lang='lat'><strong>,</strong></span> <span class='ocrx_word' id='word_1_871' title='bbox 2705 4851 2759 4907; x_wconf 90' lang='lat' dir='ltr'><strong>hi</strong></span> <span class='ocrx_word' id='word_1_872' title='bbox 2797 4854 3095 4912; x_wconf 88' lang='lat' dir='ltr'><strong>columbam</strong></span> <span class='ocrx_word' id='word_1_873' title='bbox 3129 4840 3429 4933; x_wconf 67' lang='lat' dir='ltr'><strong>imitantes,</strong></span> <span class='ocrx_word' id='word_1_874' title='bbox 3462 4880 3516 4924; x_wconf 91' lang='lat' dir='ltr'><strong>et</strong></span> <span class='ocrx_word' id='word_1_875' title='bbox 3544 4840 3665 4927; x_wconf 72' lang='lat' dir='ltr'><strong>cum</strong></span> 
     </span>
    </p>
   </div>
   <div class='ocr_carea' id='block_1_112' title="bbox 2078 4935 3659 5019">
    <p class='ocr_par' dir='ltr' id='par_1_112' title="bbox 2078 4935 3659 5019">
     <span class='ocr_line' id='line_1_115' title="bbox 2078 4935 3659 5019; baseline 0.02 -32"><span class='ocrx_word' id='word_1_876' title='bbox 2078 4935 2445 4996; x_wconf 88' lang='lat' dir='ltr'><strong>moderatione</strong></span> <span class='ocrx_word' id='word_1_877' title='bbox 2485 4940 2666 4997; x_wconf 87' lang='lat' dir='ltr'><strong>debita</strong></span> <span class='ocrx_word' id='word_1_878' title='bbox 2707 4943 3007 5013; x_wconf 89' lang='lat' dir='ltr'><strong>loquentes,</strong></span> <span class='ocrx_word' id='word_1_879' title='bbox 3042 4950 3253 5008; x_wconf 84' lang='lat' dir='ltr'><strong>illorum</strong></span> <span class='ocrx_word' id='word_1_880' title='bbox 3285 4956 3516 5015; x_wconf 88' lang='lat' dir='ltr'><strong>furorem</strong></span> <span class='ocrx_word' id='word_1_881' title='bbox 3565 4980 3659 5019; x_wconf 82' lang='lat' dir='ltr'><strong>ex-</strong></span> 
     </span>
    </p>
   </div>
   <div class='ocr_carea' id='block_1_113' title="bbox 2074 5028 3657 5111">
    <p class='ocr_par' dir='ltr' id='par_1_113' title="bbox 2074 5028 3657 5111">
     <span class='ocr_line' id='line_1_116' title="bbox 2074 5028 3657 5111; baseline 0.019 -29"><span class='ocrx_word' id='word_1_882' title='bbox 2074 5028 2379 5096; x_wconf 83' lang='lat' dir='ltr'><strong>stinxeriut,</strong></span> <span class='ocrx_word' id='word_1_883' title='bbox 2427 5033 2561 5087; x_wconf 89' lang='lat' dir='ltr'><strong>iram</strong></span> <span class='ocrx_word' id='word_1_884' title='bbox 2604 5036 2901 5104; x_wconf 90' lang='lat' dir='ltr'><strong>placarint,</strong></span> <span class='ocrx_word' id='word_1_885' title='bbox 2952 5041 3205 5111; x_wconf 85' lang='lat' dir='ltr'><strong>impetum</strong></span> <span class='ocrx_word' id='word_1_886' title='bbox 3237 5048 3492 5108; x_wconf 81' lang='lat' dir='ltr'><strong>sedarint.</strong></span> <span class='ocrx_word' id='word_1_887' title='bbox 3526 5055 3657 5111; x_wconf 80' lang='lat' dir='ltr'><strong>Nam</strong></span> 
     </span>
    </p>
   </div>
   <div class='ocr_carea' id='block_1_114' title="bbox 2073 5120 3662 5215">
    <p class='ocr_par' dir='ltr' id='par_1_114' title="bbox 2073 5120 3662 5215">
     <span class='ocr_line' id='line_1_117' title="bbox 2073 5120 3662 5215; baseline 0.019 -42"><span class='ocrx_word' id='word_1_888' title='bbox 2073 5134 2195 5174; x_wconf 89' lang='lat' dir='ltr'><strong>cum</strong></span> <span class='ocrx_word' id='word_1_889' title='bbox 2221 5120 2460 5178; x_wconf 88' lang='lat' dir='ltr'><strong>dicerent</strong></span> <span class='ocrx_word' id='word_1_890' title='bbox 2484 5141 2497 5176; x_wconf 90' lang='lat'><strong>:</strong></span> <span class='ocrx_word' id='word_1_891' title='bbox 2529 5125 2715 5182; x_wconf 85' lang='lat' dir='ltr'><strong>Nonne</strong></span> <span class='ocrx_word' id='word_1_892' title='bbox 2743 5134 3070 5204; x_wconf 66' lang='lat' dir='ltr'><strong>praecepimus</strong></span> <span class='ocrx_word' id='word_1_893' title='bbox 3094 5139 3230 5193; x_wconf 83' lang='lat' dir='ltr'><strong>vobis</strong></span> <span class='ocrx_word' id='word_1_894' title='bbox 3256 5158 3317 5195; x_wconf 89' lang='lat' dir='ltr'><strong>ne</strong></span> <span class='ocrx_word' id='word_1_895' title='bbox 3337 5145 3662 5215; x_wconf 83' lang='lat' dir='ltr'><strong>loqueremini</strong></span> 
     </span>
    </p>
   </div>
   <div class='ocr_carea' id='block_1_115' title="bbox 2072 5212 3657 5293">
    <p class='ocr_par' dir='ltr' id='par_1_115' title="bbox 2072 5212 3657 5293">
     <span class='ocr_line' id='line_1_118' title="bbox 2072 5212 3657 5293; baseline 0.018 -30"><span class='ocrx_word' id='word_1_896' title='bbox 2072 5212 2125 5264; x_wconf 89' lang='lat' dir='ltr'><strong>in</strong></span> <span class='ocrx_word' id='word_1_897' title='bbox 2171 5213 2370 5268; x_wconf 86' lang='lat' dir='ltr'><strong>nomine</strong></span> <span class='ocrx_word' id='word_1_898' title='bbox 2408 5214 2502 5269; x_wconf 89' lang='lat' dir='ltr'><strong>isto</strong></span> <span class='ocrx_word' id='word_1_899' title='bbox 2533 5217 2670 5287; x_wconf 75' lang='lat' dir='ltr'><strong>(Act.</strong></span> <span class='ocrx_word' id='word_1_900' title='bbox 2717 5219 2773 5275; x_wconf 84' lang='lat'><strong>5.</strong></span> <span class='ocrx_word' id='word_1_901' title='bbox 2801 5220 2950 5293; x_wconf 76' lang='lat'><strong>28)?</strong></span> <span class='ocrx_word' id='word_1_902' title='bbox 2973 5226 3072 5281; x_wconf 87' lang='lat' dir='ltr'><strong>etsi</strong></span> <span class='ocrx_word' id='word_1_903' title='bbox 3102 5230 3354 5287; x_wconf 85' lang='lat' dir='ltr'><strong>miracula</strong></span> <span class='ocrx_word' id='word_1_904' title='bbox 3380 5212 3657 5291; x_wconf 78' lang='lat' dir='ltr'><strong>innumera</strong></span> 
     </span>
    </p>
   </div>
   <div class='ocr_carea' id='block_1_116' title="bbox 2071 5307 3653 5381">
    <p class='ocr_par' dir='ltr' id='par_1_116' title="bbox 2071 5307 3653 5381">
     <span class='ocr_line' id='line_1_119' title="bbox 2071 5307 3653 5381; baseline 0.014 -24"><span class='ocrx_word' id='word_1_905' title='bbox 2071 5314 2285 5374; x_wconf 89' lang='lat' dir='ltr'><strong>patrare</strong></span> <span class='ocrx_word' id='word_1_906' title='bbox 2312 5314 2547 5375; x_wconf 90' lang='lat' dir='ltr'><strong>possent,</strong></span> <span class='ocrx_word' id='word_1_907' title='bbox 2582 5307 2714 5364; x_wconf 89' lang='lat' dir='ltr'><strong>nihil</strong></span> <span class='ocrx_word' id='word_1_908' title='bbox 2738 5325 2987 5381; x_wconf 87' lang='lat' dir='ltr'><strong>asperum</strong></span> <span class='ocrx_word' id='word_1_909' title='bbox 3014 5317 3095 5372; x_wconf 86' lang='lat' dir='ltr'><strong>vel</strong></span> <span class='ocrx_word' id='word_1_910' title='bbox 3121 5318 3368 5375; x_wconf 90' lang='lat' dir='ltr'><strong>dixerunt</strong></span> <span class='ocrx_word' id='word_1_911' title='bbox 3394 5322 3475 5376; x_wconf 87' lang='lat' dir='ltr'><strong>vel</strong></span> <span class='ocrx_word' id='word_1_912' title='bbox 3504 5322 3653 5378; x_wconf 87' lang='lat' dir='ltr'><strong>fece-</strong></span> 
     </span>
    </p>
   </div>
   <div class='ocr_carea' id='block_1_117' title="bbox 2069 5395 3651 5479">
    <p class='ocr_par' dir='ltr' id='par_1_117' title="bbox 2069 5395 3651 5479">
     <span class='ocr_line' id='line_1_120' title="bbox 2069 5395 3651 5479; baseline 0.011 -29"><span class='ocrx_word' id='word_1_913' title='bbox 2069 5403 2214 5462; x_wconf 90' lang='lat' dir='ltr'><strong>runt,</strong></span> <span class='ocrx_word' id='word_1_914' title='bbox 2242 5395 2335 5451; x_wconf 88' lang='lat' dir='ltr'><strong>sed</strong></span> <span class='ocrx_word' id='word_1_915' title='bbox 2360 5411 2480 5452; x_wconf 92' lang='lat' dir='ltr'><strong>cum</strong></span> <span class='ocrx_word' id='word_1_916' title='bbox 2507 5399 2650 5454; x_wconf 92' lang='lat' dir='ltr'><strong>omni</strong></span> <span class='ocrx_word' id='word_1_917' title='bbox 2681 5416 2804 5458; x_wconf 89' lang='lat' dir='ltr'><strong>sese</strong></span> <span class='ocrx_word' id='word_1_918' title='bbox 2828 5407 3236 5463; x_wconf 89' lang='lat' dir='ltr'><strong>mansuetudine</strong></span> <span class='ocrx_word' id='word_1_919' title='bbox 3259 5421 3553 5479; x_wconf 86' lang='lat' dir='ltr'><strong>purgarunt</strong></span> <span class='ocrx_word' id='word_1_920' title='bbox 3572 5414 3651 5468; x_wconf 90' lang='lat' dir='ltr'><strong>di-</strong></span> 
     </span>
    </p>
   </div>
   <div class='ocr_carea' id='block_1_118' title="bbox 2068 5487 3652 5569">
    <p class='ocr_par' dir='ltr' id='par_1_118' title="bbox 2068 5487 3652 5569">
     <span class='ocr_line' id='line_1_121' title="bbox 2068 5487 3652 5569; baseline 0.011 -28"><span class='ocrx_word' id='word_1_921' title='bbox 2068 5495 2251 5541; x_wconf 89' lang='lat' dir='ltr'><strong>centes</strong></span> <span class='ocrx_word' id='word_1_922' title='bbox 2288 5504 2302 5541; x_wconf 88' lang='lat'>:</span> <span class='ocrx_word' id='word_1_923' title='bbox 2334 5487 2395 5544; x_wconf 84' lang='lat' dir='ltr'><strong>Si</strong></span> <span class='ocrx_word' id='word_1_924' title='bbox 2425 5489 2623 5557; x_wconf 87' lang='lat' dir='ltr'><strong>justum</strong></span> <span class='ocrx_word' id='word_1_925' title='bbox 2648 5501 2719 5546; x_wconf 83' lang='lat' dir='ltr'><strong>est</strong></span> <span class='ocrx_word' id='word_1_926' title='bbox 2755 5510 2840 5549; x_wconf 82' lang='lat' dir='ltr'><strong>vos</strong></span> <span class='ocrx_word' id='word_1_927' title='bbox 2869 5496 3045 5550; x_wconf 87' lang='lat' dir='ltr'><strong>audire</strong></span> <span class='ocrx_word' id='word_1_928' title='bbox 3073 5507 3241 5566; x_wconf 78' lang='lat' dir='ltr'><strong>potius</strong></span> <span class='ocrx_word' id='word_1_929' title='bbox 3272 5515 3422 5568; x_wconf 81' lang='lat' dir='ltr'><strong>quant</strong></span> <span class='ocrx_word' id='word_1_930' title='bbox 3450 5500 3614 5559; x_wconf 83' lang='lat' dir='ltr'><strong>Deum</strong></span> <span class='ocrx_word' id='word_1_931' title='bbox 3635 5545 3652 5569; x_wconf 92' lang='lat'><strong>,</strong></span> 
     </span>
    </p>
   </div>
   <div class='ocr_carea' id='block_1_119' title="bbox 2057 5578 3648 5654">
    <p class='ocr_par' dir='ltr' id='par_1_119' title="bbox 2057 5578 3648 5654">
     <span class='ocr_line' id='line_1_122' title="bbox 2057 5578 3648 5654; baseline 0.012 -24"><span class='ocrx_word' id='word_1_932' title='bbox 2057 5578 2284 5648; x_wconf 85' lang='lat' dir='ltr'><strong>judicate</strong></span> <span class='ocrx_word' id='word_1_933' title='bbox 2312 5578 2471 5649; x_wconf 86' lang='lat' dir='ltr'><strong>(Ibid.</strong></span> <span class='ocrx_word' id='word_1_934' title='bbox 2492 5581 2542 5637; x_wconf 74' lang='grc'><strong>4.</strong></span> <span class='ocrx_word' id='word_1_935' title='bbox 2566 5581 2677 5651; x_wconf 78' lang='grc'><strong>19).</strong></span> <span class='ocrx_word' id='word_1_936' title='bbox 2706 5582 2895 5638; x_wconf 86' lang='lat' dir='ltr'><strong>Vidisti</strong></span> <span class='ocrx_word' id='word_1_937' title='bbox 2918 5586 3313 5654; x_wconf 90' lang='lat' dir='ltr'><strong>simplicitatem</strong></span> <span class='ocrx_word' id='word_1_938' title='bbox 3336 5589 3599 5648; x_wconf 72' lang='lat' dir='ltr'><strong>columba:</strong></span> <span class='ocrx_word' id='word_1_939' title='bbox 3623 5596 3648 5648; x_wconf 73' lang='grc'><strong><em>2</em></strong></span> 
     </span>
    </p>
   </div>
   <div class='ocr_carea' id='block_1_120' title="bbox 2066 5668 3645 5751">
    <p class='ocr_par' dir='ltr' id='par_1_120' title="bbox 2066 5668 3645 5751">
     <span class='ocr_line' id='line_1_123' title="bbox 2066 5668 3645 5751; baseline 0.012 -29"><span class='ocrx_word' id='word_1_940' title='bbox 2066 5668 2196 5724; x_wconf 84' lang='lat' dir='ltr'><strong>Vide</strong></span> <span class='ocrx_word' id='word_1_941' title='bbox 2227 5668 2556 5739; x_wconf 87' lang='lat' dir='ltr'><strong>prudentiam</strong></span> <span class='ocrx_word' id='word_1_942' title='bbox 2597 5674 2884 5744; x_wconf 87' lang='lat' dir='ltr'><strong>serpentis.</strong></span> <span class='ocrx_word' id='word_1_943' title='bbox 2927 5674 3048 5729; x_wconf 86' lang='lat' dir='ltr'><strong>Non</strong></span> <span class='ocrx_word' id='word_1_944' title='bbox 3070 5678 3201 5731; x_wconf 84' lang='lat' dir='ltr'><strong>enim</strong></span> <span class='ocrx_word' id='word_1_945' title='bbox 3227 5696 3529 5751; x_wconf 84' lang='lat' dir='ltr'><strong>possumus,</strong></span> <span class='ocrx_word' id='word_1_946' title='bbox 3562 5685 3645 5741; x_wconf 78' lang='lat' dir='ltr'><strong>in—</strong></span> 
     </span>
    </p>
   </div>
   <div class='ocr_carea' id='block_1_121' title="bbox 2065 5761 3644 5851">
    <p class='ocr_par' dir='ltr' id='par_1_121' title="bbox 2065 5761 3644 5851">
     <span class='ocr_line' id='line_1_124' title="bbox 2065 5761 3644 5851; baseline 0.013 -33"><span class='ocrx_word' id='word_1_947' title='bbox 2065 5761 2270 5832; x_wconf 85' lang='lat' dir='ltr'><strong>quiunt,</strong></span> <span class='ocrx_word' id='word_1_948' title='bbox 2289 5777 2399 5835; x_wconf 66' lang='lat' dir='ltr'><strong>qui?</strong></span> <span class='ocrx_word' id='word_1_949' title='bbox 2419 5763 2629 5821; x_wconf 81' lang='lat' dir='ltr'><strong>vtdimus</strong></span> <span class='ocrx_word' id='word_1_950' title='bbox 2644 5775 2689 5820; x_wconf 82' lang='lat' dir='ltr'><strong>et</strong></span> <span class='ocrx_word' id='word_1_951' title='bbox 2705 5766 2985 5822; x_wconf 76' lang='lat' dir='ltr'><strong>audivimus</strong></span> <span class='ocrx_word' id='word_1_952' title='bbox 3002 5785 3101 5824; x_wconf 84' lang='lat' dir='ltr'><strong>non</strong></span> <span class='ocrx_word' id='word_1_953' title='bbox 3119 5770 3255 5842; x_wconf 82' lang='lat' dir='ltr'><strong>loqui</strong></span> <span class='ocrx_word' id='word_1_954' title='bbox 3276 5772 3330 5845; x_wconf 88' lang='grc' dir='ltr'><strong>(Ι</strong></span> <span class='ocrx_word' id='word_1_955' title='bbox 3335 5775 3436 5831; x_wconf 82' lang='lat' dir='ltr'><strong>bid.</strong></span> <span class='ocrx_word' id='word_1_956' title='bbox 3461 5792 3508 5833; x_wconf 72' lang='grc' dir='ltr'><strong>υ.</strong></span> <span class='ocrx_word' id='word_1_957' title='bbox 3526 5777 3644 5851; x_wconf 76' lang='lat'><strong>20).</strong></span> 
     </span>
    </p>
   </div>
  </div>
