4010 6128
341 306 440 358 391

351 395 533 452 \‘iden'
559 391 828 466 quomodo
859 403 957 445 nos
988 388 1222 458 undique
1248 394 1494 441 accurate
1529 381 1736 437 munire
1764 394 1924 450 opor-

342 498 477 554 teat,
509 498 560 542 ut
592 502 658 541 ne
684 485 770 540 vel
800 482 1052 554 periculis
1070 479 1383 550 dejiclamur
1407 518 1422 540 ,
1451 475 1532 529 vel
1564 473 1640 528 ira
1671 469 1925 526 incenda-

339 581 504 635 ‘mur?
525 578 723 633 Idcirco
744 575 952 631 dicebat
972 591 984 627 :
1006 573 1092 627 17.
1113 570 1290 626 Cavete
1305 557 1373 621 'ab
1396 565 1676 620 hominibus
1695 580 1713 616 :
1735 563 1930 616 tradent

347 673 481 725 enim
510 687 595 724 vos
622 671 674 722 in
704 665 929 722 conciliis
954 705 968 728 ,
1000 673 1046 719 et
1074 664 1127 716 in
1156 659 1425 732 synagogis
1459 657 1563 711 suis
1599 653 1930 725 ﬂagellabant

347 782 435 820 vos
468 781 488 820 :
518 763 606 819 18.
638 771 683 817 et
713 760 781 814 ad
811 757 1050 830 prmities
1077 764 1123 809 et
1161 769 1301 824 reges
1328 750 1578 805 ducemini
1614 751 1668 802 in
1708 747 1931 801 testimo-

337 858 493 910 ‘nium
534 853 643 907 illis
692 861 739 906 et
782 848 1026 921 gentibus.
1076 843 1279 900 Rursus
1331 843 1449 897 illos
1493 840 1564 894 ad
1608 835 1931 909 vigilandum

335 953 636 1017 ‘prarpa'rat,
662 941 852 1011 ubique
869 937 1129 998 indicens,
1150 944 1208 990 ut
1228 934 1366 989 mala
1387 932 1676 1004 patiantur,
1697 929 1934 998 aliosque

353 1040 493 1094 mala
539 1036 735 1091 inferre
787 1033 990 1096 sinens,
1037 1037 1097 1084 ut
1120 1027 1316 1091 discas,
1369 1024 1511 1080 male
1556 1020 1806 1094 patiendo
1851 1020 1934 1074 vi-

353 1129 577 1184 etoriam
625 1122 925 1195 reportari,
969 1117 1204 1190 hincque
1233 1125 1432 1187 tropaea
1462 1114 1615 1184 erigi.
1647 1111 1765 1167 Non
1791 1111 1935 1166 enim

355 1220 509 1283 dixit,
536 1217 773 1286 Pugnate
801 1229 919 1280 vos,
951 1223 1004 1268 et
1031 1209 1263 1266 resistite
1293 1208 1357 1263 iis
1378 1207 1465 1278 qui
1496 1219 1590 1261 vos
1618 1203 1817 1259 laedere
1839 1215 1928 1257 vo-

357 1315 472 1366 lunt
497 1328 510 1375 ;
539 1304 632 1364 sed
661 1308 763 1361 hoc
789 1315 1014 1369 tantum,
1045 1303 1296 1358 Extrema
1328 1299 1534 1371 passuri
1561 1297 1712 1353 estis.

426 1405 480 1459 5.
523 1402 677 1470 Papae
701 1402 714 1454 ι
744 1407 937 1469 quanta
962 1394 1226 1466 loquentis
1252 1393 1365 1447 vis!
1394 1398 1588 1461 quanta
1612 1386 1938 1443 audientittm

359 1495 728 1570 philosophia!
762 1494 918 1549 Certe
945 1489 1097 1544 valde
1123 1486 1420 1542 mirandum
1445 1491 1527 1540 est
1556 1483 1676 1537 illos
1703 1480 1823 1535 talia
1847 1494 1940 1533 au-

359 1591 587 1651 dientes,
617 1601 721 1640 non
754 1584 931 1638 statim
971 1579 1259 1650 aufugisse,
1284 1576 1427 1631 viros
1457 1573 1820 1636 meticulosos,
1850 1571 1940 1640 qui

361 1699 466 1738 non
493 1682 630 1735 ultra
661 1689 930 1746 stagnum,
959 1674 1010 1728 itt
1039 1687 1145 1743 quo
1181 1669 1372 1740 piscari
1397 1667 1662 1732 solebant,
1689 1677 1944 1736 peragra-

360 1782 564 1830 verant.
603 1769 882 1839 Quomodo
911 1781 1016 1820 non
1056 1763 1374 1834 cogitarunt,
1415 1774 1516 1814 nec
1543 1759 1681 1812 intra
1707 1771 1765 1810 se
1793 1755 1945 1809 dixe-

363 1875 487 1920 runt
521 1883 532 1916 :
562 1861 678 1928 Quo
709 1858 920 1915 tandem
959 1853 1257 1925 fugiemus?
1290 1848 1595 1906 Tribunalia
1625 1855 1808 1902 contra
1847 1859 1945 1899 nos

363 1965 528 2022 stant,
574 1967 748 2023 reges,
783 1947 1059 2019 praesides,
1091 1957 1373 2015 synagogze
1397 1939 1726 2003 .ludzeorum,
1770 1936 1944 2005 genti-

353 2047 494 2104 lium
530 2046 703 2110 turba,
736 2041 1002 2113 principes
1029 2047 1081 2093 et
1125 2035 1344 2090 subditi.
1371 2032 1502 2087 Nam
1554 2045 1658 2085 non
1705 2027 1946 2083 Palaesti-

366 2156 488 2195 nam
535 2137 717 2203 modo,
769 2147 865 2188 nec
896 2130 1052 2193 mala,
1095 2143 1214 2199 qua:
1254 2127 1324 2181 ibi
1357 2123 1562 2194 passuri
1607 2130 1780 2186 erant,
1811 2134 1951 2189 pra:-

367 2230 653 2296 nuntiavit,
696 2224 791 2280 sed
819 2222 952 2278 bella
985 2235 1080 2290 per
1122 2217 1306 2273 orbem
1349 2216 1520 2270 futura
1548 2211 1794 2282 prmdixit
1824 2227 1836 2262 :
1871 2209 1948 2262 Ad

364 2341 528 2395 reges,
569 2319 758 2389 inquit,
809 2325 855 2370 et
886 2312 1124 2384 prazsides
1159 2308 1447 2374 ducemini;
1493 2304 1784 2362 ostendens
1830 2301 1950 2356 illos

365 2417 436 2472 ad
463 2420 650 2486 gentes
688 2405 882 2465 deinde
919 2420 1038 2462 esse
1062 2401 1369 2458 mittendos.
1400 2400 1596 2454 Orbem
1625 2405 1810 2454 contra
1849 2409 1950 2452 nos

364 2503 610 2569 armasti,
648 2501 794 2555 orbis
821 2509 978 2552 terrae
1001 2495 1330 2549 habitatores
1352 2504 1542 2545 omnes
1567 2489 1730 2543 armis
1762 2497 1948 2544 contra

371 2612 469 2652 nos
495 2592 788 2658 munivisti,
819 2587 1058 2660 populos,
1085 2595 1359 2656 tyrannos,
1389 2595 1564 2652 reges.
1596 2579 1746 2647 Quod
1774 2579 1955 2645 sequi-

373 2703 457 2745 tur
480 2703 606 2744 vcro
635 2687 791 2755 longe
817 2680 1124 2736 horribilius
1160 2686 1264 2742 est,
1295 2673 1508 2746 quando
1547 2672 1771 2727 fratrum
1815 2671 1952 2725 tilio-

374 2797 597 2851 rumqne
629 2775 998 2833 interfectores
1039 2780 1093 2826 et
1119 2768 1396 2838 parricida:
1422 2773 1639 2836 propter
1661 2779 1758 2819 nos
1789 2762 1954 2819 futuri

360 2885 496 2930 sunt
522 2872 786 2929 homines.
839 2867 970 2922 Nam
995 2865 1084 2919 21.
1115 2863 1302 2916 Tradet
1332 2863 1490 2932 frater
1514 2863 1720 2931 fratrem
1745 2858 1799 2912 in
1819 2872 1955 2912 mor-

373 2979 493 3030 tem,
522 2972 662 3033 pater
686 2959 870 3029 ﬁlium,
893 2966 939 3010 et
962 2956 1222 3024 insurgent
1247 2952 1341 3021 ﬁlii
1368 2952 1422 3004 in
1448 2959 1698 3021 parentes,
1730 2959 1775 3004 et
1797 2957 1956 3003 morte

371 3067 456 3110 'cos
484 3053 716 3124 aﬂicient.
741 3046 1040 3116 Quomodo,
1071 3044 1296 3115 inquies,
1338 3042 1530 3112 reliqui
1561 3040 1800 3106 credent,
1833 3054 1955 3095 cum

365 3145 606 3202 viderint
635 3143 770 3198 ﬁlios
801 3147 1014 3210 propter
1042 3153 1142 3192 nos
1161 3152 1191 3191 a
1220 3134 1460 3206 patribus
1485 3135 1712 3201 occisos,
1740 3132 1958 3188 fratres-

367 3251 477 3307 que
503 3252 532 3290 a
559 3234 828 3297 fratribus,
858 3231 1167 3300 sceleraqne
1191 3228 1369 3283 omnia
1399 3225 1640 3296 patrata?
1669 3227 1859 3279 Annon
1899 3231 1958 3279 ut

371 3329 729 3400 nequissimos
754 3325 1047 3390 dtemonas,
1072 3336 1248 3376 annon
1274 3328 1332 3374 ut
1356 3315 1711 3374 exsecrandos
1739 3324 1793 3371 et
1811 3314 1957 3372 orbis

371 3427 734 3490 corruptores,
760 3430 857 3471 nos
879 3414 1112 3485 undique
1137 3409 1426 3482 expellent,
1455 3417 1800 3480 cognatorum
1829 3421 1954 3461 san-

371 3512 530 3584 guine
555 3518 609 3566 et
631 3506 890 3579 ejusmodi
912 3505 1151 3561 caedibus
1181 3512 1376 3558 terram
1401 3502 1658 3572 repletam
1683 3497 1957 3555 videntes?

373 3603 634 3670 Equidem
671 3597 935 3668 (nonne?)
975 3610 1166 3664 pacem
1197 3594 1251 3647 in
1277 3594 1470 3646 domos
1515 3592 1942 3650 introducemus,

373 3703 454 3746 tot
482 3691 603 3744 illas
631 3687 869 3743 caedibus
901 3685 1206 3755 implentes.
1236 3681 1373 3736 Nam
1397 3681 1442 3735 si
1472 3695 1665 3750 magno
1701 3691 1946 3733 essemus

375 3794 628 3846 numero,
679 3793 779 3835 nec
833 3776 1120 3833 duodecim
1163 3783 1396 3838 tantum,
1437 3772 1484 3829 si
1525 3785 1633 3826 non
1684 3769 1864 3825 idiota:
1895 3775 1950 3822 et

377 3871 618 3928 illiterati
649 3912 666 3938 ,
725 3869 820 3926 sed
859 3868 1133 3938 sapientes
1179 3865 1427 3920 rhetores
1453 3906 1469 3930 ,
1516 3869 1798 3926 oratores;
1833 3859 1944 3914 imo

373 3969 539 4022 etiam
588 3979 743 4035 reges
785 3959 1057 4017 exercitus
1105 3958 1364 4014 habentes
1395 3968 1449 4012 et
1474 3955 1720 4026 pecuniis
1747 3953 1952 4007 instru-

376 4057 470 4121 cti,
510 4054 780 4127 quomodo
819 4050 1087 4124 quidpiam
1128 4047 1446 4119 persuadere
1478 4046 1789 4115 poterimus,
1829 4043 1958 4100 dum

382 4147 520 4202 bella
549 4145 722 4200 civilia
750 4153 800 4200 ct
842 4143 1086 4200 civilibus
1118 4141 1359 4211 graviora
1388 4137 1796 4194 succendimus?
1825 4134 1958 4190 Nam

381 4231 484 4286 etsi
505 4233 732 4286 salutem
753 4241 992 4286 nostram
1023 4245 1216 4302 parum
1242 4244 1518 4293 curemus,
1546 4229 1668 4299 quis
1700 4229 1856 4284 nobis
1888 4244 1958 4284 ex

383 4322 502 4376 aliis
531 4331 768 4376 mentem
797 4321 1110 4376 adhibebit?
1139 4320 1247 4375 Sed
1268 4316 1405 4373 nihil
1426 4316 1623 4374 horum
1646 4319 1732 4376 vel
1759 4319 1956 4389 cogita-

382 4425 514 4469 runt
537 4416 622 4469 vel
641 4415 912 4480 dixerunt,
943 4428 1047 4468 nec
1069 4422 1461 4482 praeceptorum
1485 4412 1746 4466 rationem
1765 4426 1958 4482 exege-

383 4515 542 4571 runt;
577 4506 673 4561 sed
693 4512 978 4561 cesserunt
1006 4512 1061 4557 ct
1085 4502 1532 4572 obtemperarunt
1558 4519 1571 4555 :
1602 4501 1654 4556 id
1676 4502 1820 4571 quod
1846 4517 1956 4556 non

383 4612 448 4650 ex
478 4599 718 4666 ipsorum
762 4597 964 4650 virtute
995 4601 1230 4656 tantum,
1275 4592 1370 4647 sed
1404 4591 1567 4646 etiam
1614 4607 1681 4645 ex
1718 4591 1958 4646 Doctoris

384 4689 645 4756 sapientia
669 4686 1129 4758 proficiscebatur.
1150 4684 1282 4738 Vide
1307 4682 1452 4737 enim
1473 4682 1743 4752 quomodo
1770 4697 1960 4736 terum-

384 4779 472 4832 nis
510 4781 732 4850 singulis
773 4778 1195 4835 consolationem
1231 4775 1475 4846 adjunxit
1505 4792 1517 4827 :
1549 4775 1617 4829 de
1651 4790 1759 4830 non
1787 4775 1959 4830 susci-

385 4869 658 4938 pientibus
687 4871 804 4925 illos
837 4872 989 4937 dixit,
1029 4868 1368 4924 Tolerabilius
1397 4868 1494 4921 erit
1532 4875 1684 4921 terra:
1707 4866 1959 4921 Sodomo-

384 4977 505 5015 rum
545 4971 590 5012 et
627 4961 926 5016 Gomorrltte
957 4962 1012 5015 in
1050 4962 1133 5014 die
1167 4960 1378 5030 judicii,
1421 4975 1581 5030 quam
1631 4958 1832 5012 civitati
1879 4958 1960 5012 illi

388 5050 597 5123 (Matth.
632 5050 720 5103 10.
743 5051 829 5118 15)
853 5067 868 5115 ;
894 5060 947 5105 et
969 5050 1058 5106 hic
1082 5066 1297 5105 rursum
1323 5065 1446 5104 cum
1465 5049 1619 5114 dixit,
1651 5048 1716 5102 Et
1737 5049 1806 5102 ad
1826 5064 1962 5118 prte-

383 5146 520 5199 sitles
544 5152 591 5197 et
610 5157 752 5214 reges
769 5143 1048 5204 ducemini,
1069 5143 1289 5206 addidit,
1310 5141 1530 5209 Propter
1548 5157 1628 5194 me
1654 5141 1710 5193 in
1727 5142 1960 5194 testimo-

386 5239 532 5290 nium
553 5234 658 5288 illis
680 5243 728 5288 ct
743 5231 1137 5304 gentibuleaac
1157 5243 1334 5286 autem
1356 5248 1463 5287 non
1481 5248 1640 5302 parva
1663 5232 1960 5287 consolatio

385 5343 488 5396 cst,
537 5331 640 5385 hoc
683 5337 900 5400 propter
943 5327 1218 5381 Christum
1261 5328 1390 5396 pati,
1424 5336 1480 5382 et
1520 5328 1587 5382 ad
1622 5327 1740 5381 illos
1775 5327 1960 5382 redar-

386 5425 629 5497 guendos
661 5421 909 5478 conduci.
951 5419 1095 5474 Deus
1125 5419 1291 5484 enim,
1335 5419 1437 5473 etsi
1484 5419 1666 5473 nullus
1697 5420 1957 5482 attendat,

390 5518 589 5586 ubique
607 5531 668 5571 ca
692 5531 808 5586 quae
827 5530 922 5568 sua
939 5520 1067 5568 sunt
1088 5521 1362 5582 operatur.
1387 5511 1477 5566 Sic
1495 5520 1675 5566 autem
1696 5511 1812 5565 illos
1833 5527 1962 5566 con-

389 5608 680 5669 solabatur,
730 5621 837 5659 non
879 5605 1022 5674 quod
1067 5605 1168 5675 ipsi
1214 5603 1281 5659 dc
1314 5603 1518 5657 ultione
1546 5612 1816 5667 curarent,
1868 5604 1963 5658 sed

391 5698 514 5767 quia
538 5698 662 5751 hinc
696 5696 1061 5762 conﬁdebant,
1101 5697 1275 5767 ipsum
1304 5695 1406 5753 sibi
1444 5695 1640 5766 ubique
1666 5694 1962 5751 alfuturum

1084 297 1140 350 S.
1181 291 1459 350 JOANNIS
1495 282 1968 345 CHRYSOSTOMI
2009 281 2323 338 ARCHIEP.
2365 276 2896 334 CONSTAN'HNOP.

1985 2723 2029 2743 ιθ

3481 267 3485 272 ’
3503 271 3612 331 δῦὲ

2037 391 2177 439 esse,
2207 373 2295 444 qui
2327 373 2441 426 havc
2463 380 2517 426 et
2537 369 2854 440 prmdixerat
2883 378 2936 423 ct
2961 365 3296 438 pra-viderat,
3324 376 3378 422 et
3403 380 3467 424 se
3504 382 3618 422 non

2038 475 2095 519 ut
2122 465 2290 519 malos
2322 473 2376 519 et
2408 471 2748 531 corruptores
2776 460 2891 514 haec
2917 473 3036 514 esse
3063 473 3331 528 passuros.
3378 459 3460 512 Ad
3497 457 3614 512 haec

2037 570 2164 611 vero
2202 569 2306 609 non
2347 567 2560 622 parvam
2602 551 2760 605 aliam
2795 548 3212 605 consolationem
3243 549 3446 617 adjicit,
3485 548 3613 604 dum

2036 649 2109 700 ait
2137 663 2150 700 :
2185 645 2271 700 19.
2298 643 2425 699 Cum
2461 651 2624 697 autem
2667 641 2864 695 tradent
2908 655 3016 706 vos,
3046 639 3202 694 nolite
3237 640 3456 710 cogitare
3489 656 3618 710 quo-

2038 737 2186 792 modo
2224 745 2313 790 aut
2353 734 2474 806 quid
2512 733 2834 801 loquamini:
2857 731 3059 786 dabitur
3095 731 3226 785 enim
3265 731 3403 784 vobis
3443 730 3498 784 in
3525 729 3618 784 illa

2036 830 2166 882 liora
2191 827 2311 896 quid
2331 824 2625 895 loquamini.
2660 822 2752 878 20.
2783 821 2904 876 Νοη
2927 823 3060 876 enim
3096 837 3182 875 vos
3210 822 3325 875 estis
3345 822 3431 890 qui
3457 821 3618 890 loqui-

2039 921 2184 985 mini,
2207 918 2297 972 sed
2321 917 2542 987 Spiritus
2569 914 2740 969 Patris
2768 914 2916 968 vestri
2935 914 3021 983 qui
3040 913 3263 982 loquitur
3281 912 3332 965 in
3359 912 3516 966 vobis.
3541 910 3620 965 Ne
3691 931 3698 942 ·

2041 1013 2282 1066 dicerent
2329 1008 2492 1073 enim,
2549 1004 2828 1072 Quomodo
2865 1003 3188 1074 persuadere
3228 1003 3522 1072 poterimus
3565 1003 3618 1057 in

2045 1103 2204 1156 tantis
2244 1100 2436 1156 rebus?
2458 1099 2611 1170 jubet
2654 1097 2926 1153 conﬁdere
2967 1097 3038 1152 Ade
3081 1095 3411 1166 suggerenda
3437 1094 3622 1150 defen-

2043 1195 2213 1249 sione.
2248 1192 2384 1248 Alibi
2412 1205 2622 1263 quoque
2645 1191 2717 1245 ait
2746 1208 2759 1244 :
2794 1189 2904 1262 Ego
2934 1189 3065 1244 dabo
3094 1189 3230 1243 vobis
3259 1206 3314 1243 os
3340 1199 3386 1242 et
3413 1188 3619 1258 sapien-

2046 1290 2166 1341 tiam
2194 1285 2345 1358 (Luc.
2385 1285 2477 1338 21.
2513 1285 2640 1354 15);
2690 1283 2776 1338 hic
2802 1297 2950 1345 vero,
2994 1281 3222 1352 Spiritus
3256 1279 3430 1334 Patris
3477 1280 3623 1333 vestri

2044 1388 2128 1436 est
2148 1379 2234 1450 qui
2261 1378 2483 1448 loquitur
2509 1378 2563 1430 in
2589 1375 2744 1440 vobis,
2789 1375 2855 1430 ad
2900 1374 3278 1445 prophetarum
3312 1372 3619 1443 dignitatem

2046 1473 2190 1542 ipsos
2239 1471 2528 1526 adducens.
2583 1469 2937 1539 QuaprOptcr,
2985 1483 3106 1524 cum
3151 1467 3328 1522 datam
3373 1469 3624 1521 virtutem

2047 1563 2284 1632 exponit,
2315 1571 2440 1616 tunc
2467 1569 2520 1616 et
2546 1561 2684 1614 mala
2719 1559 2979 1630 adjungit,
3010 1557 3186 1614 etedes
3210 1569 3264 1613 et
3291 1558 3572 1613 homicidia
3605 1576 3621 1614 :

2045 1655 2134 1706 21.
2167 1649 2353 1705 Tradat
2379 1651 2510 1706 enim
2539 1651 2697 1720 frater
2726 1653 2934 1720 fratrem
2969 1649 3023 1702 in
3053 1658 3284 1714 mortem,
3321 1659 3366 1702 et
3398 1659 3537 1718 pater
3563 1649 3627 1717 ﬁ-

2047 1748 2191 1811 lium,
2211 1755 2256 1798 et
2281 1746 2538 1814 insurgent
2563 1745 2656 1813 ﬁlii
2681 1743 2733 1796 in
2760 1753 3008 1813 parentes,
3036 1752 3081 1795 et
3103 1751 3259 1796 morte
3281 1743 3497 1812 aﬂicient
3519 1758 3621 1796 eos.

2050 1837 2230 1908 Neque
2257 1837 2342 1892 hic
2371 1838 2538 1904 stetit,
2569 1836 2663 1891 sed
2684 1836 2844 1906 longe
2886 1834 3221 1890 horribiliora
3249 1835 3467 1903 adjecit,
3507 1850 3628 1904 qua:

2054 1930 2256 1999 possint
2276 1930 2361 1984 vel
2379 1937 2584 2000 petram
2603 1942 2960 1983 commovere.
2977 1926 3068 1980 22.
3092 1925 3152 1980 Ει
3173 1928 3311 1981 eritis
3328 1927 3446 1980 odio
3465 1928 3629 1980 omni-

2051 2021 2161 2075 bus.
2205 2021 2301 2075 llic
2327 2021 2488 2076 etiam
2513 2021 2809 2077 consolatio
2835 2020 3176 2090 adjungitur;
3207 2018 3428 2088 Ρνοριεν
3450 2035 3630 2074 nomen

2053 2131 2240 2182 meum,
2269 2115 2460 2185 inquit,
2488 2113 2605 2168 haec
2626 2113 2931 2184 patiemini;
2960 2121 3013 2166 et
3033 2126 3219 2166 rursus
3242 2111 3342 2165 alia
3373 2128 3388 2164 :
3417 2110 3518 2175 Qui
3536 2129 3632 2164 au-

2053 2218 2150 2262 tem
2178 2208 2561 2276 perseveraverit
2586 2222 2742 2277 usque
2772 2207 2825 2260 in
2851 2207 3024 2273 ﬁnem,
3057 2206 3138 2258 hic
3161 2205 3331 2258 salvus
3359 2206 3473 2258 erit.
3507 2205 3632 2260 Ilaec

2052 2300 2214 2354 etiam
2256 2298 2364 2353 alio
2402 2297 2564 2354 modo
2599 2313 2782 2352 corum
2828 2297 3036 2352 animos
3073 2295 3280 2365 erigere
3320 2304 3554 2365 possent,
3587 2297 3633 2350 si

2057 2401 2200 2446 tanta
2238 2391 2411 2446 futura
2467 2399 2585 2446 erat
2631 2387 3022 2459 praedicationis
3064 2395 3318 2456 potestas,
3358 2397 3412 2442 ut
3442 2397 3634 2441 natura

2055 2483 2488 2549 inhonorarctur,
2537 2480 2785 2552 cognatio
2829 2488 2884 2534 et
2922 2477 3158 2534 afﬁnitas
3197 2478 3537 2547 abjiceretur.
3581 2487 3636 2532 et

2055 2576 2276 2631 verbum
2321 2576 2415 2631 Dei
2458 2574 2706 2630 omnibus
2753 2580 3191 2642 anteponeretur,
3235 2571 3379 2642 quod
3425 2569 3638 2624 fortiter

2055 2669 2234 2723 omnia
2262 2666 2590 2736 dispelleret.
2617 2664 2748 2719 Nam
2775 2665 2820 2718 si
2842 2673 3045 2719 natura:
3071 2663 3151 2718 vis
3175 2677 3281 2718 non
3311 2669 3486 2732 potest
3510 2659 3638 2718 huic

2055 2760 2292 2816 sermoni
2322 2758 2594 2823 resistere,
2625 2757 2719 2812 sed
2748 2755 2836 2810 illa
2862 2755 3169 2811 dissolvitur
3191 2764 3246 2810 et
3267 2753 3634 2818 conculcatur,

2056 2851 2184 2922 quid
2223 2850 2367 2905 aliud
2404 2864 2499 2904 vos
2545 2862 2800 2918 superare
2838 2846 3070 2916 poterit?
3113 2845 3226 2900 Non
3273 2853 3471 2910 tamen,
3511 2846 3636 2915 quia

2058 2943 2176 2998 lucc
2203 2942 2274 2997 ita
2314 2957 2374 2998 se
2417 2940 2705 3008 habebunt,
2749 2951 2846 2994 vos
2875 2938 2927 2992 in
2967 2938 3254 2992 securitate
3290 2936 3497 3001 vivetis,
3538 2936 3635 2990 sed

2059 3049 2374 3090 communes
2404 3031 2667 3089 habebitis
2711 3029 2953 3086 inimicos
2995 3038 3050 3085 et
3083 3029 3265 3084 hostes
3289 3041 3384 3084 cos
3411 3028 3498 3098 qni
3530 3039 3637 3083 ter-

2061 3140 2238 3180 rarum
2265 3125 2448 3180 orbem
2481 3123 2737 3178 habitant.

2123 3211 2179 3266 4.
2217 3211 2521 3277 Philosophi
2553 3221 2740 3264 veteres
2795 3212 2971 3282 quales
3025 3215 3234 3284 fuerint.
3262 3213 3456 3270 —Ubi
3488 3234 3634 3273 nunc

2055 3307 2244 3362 Plato?
2273 3307 2361 3361 ubi
2391 3305 2760 3377 Pythagoras?
2791 3305 2880 3360 ubi
2913 3307 3223 3362 Stoicorum
3255 3308 3408 3363 turba
3435 3309 3458 3363 ?
3486 3309 3635 3366 Plato

2053 3410 2218 3461 certe,
2253 3398 2374 3453 licet
2403 3412 2652 3467 magnum
2680 3408 3045 3466 consequutus
3097 3397 3379 3465 honorem,
3409 3416 3475 3455 co
3515 3403 3638 3456 red-

2061 3499 2212 3544 actus
2238 3488 2335 3542 fuit
2354 3488 2579 3542 utetiam
2603 3487 2926 3542 venderetur
2956 3489 3052 3558 (a),
3077 3488 3208 3543 nihil
3235 3503 3420 3544 eorum
3442 3506 3560 3561 qua!
3583 3492 3639 3545 in

2055 3589 2238 3637 mente
2256 3580 2487 3635 habebat
2506 3578 2725 3635 efﬁcere
2738 3588 2939 3649 posset,
2961 3579 3195 3650 nihilque
3211 3595 3399 3636 eorum
3416 3598 3533 3651 qua:
3551 3598 3637 3635 vo-

2059 3674 2201 3729 lebat
2222 3674 2310 3728 uni
2339 3682 2565 3744 tyranno
2590 3673 2816 3728 suadere
2847 3674 3112 3743 potuerit;
3145 3673 3232 3729 hic
3248 3685 3426 3729 autem
3452 3676 3637 3745 prodi-

2060 3768 2128 3822 tis
2147 3767 2440 3837 discipulis,
2462 3765 2840 3822 miserabiliter
2857 3769 3017 3821 vitam
3042 3767 3254 3823 clausit.
3283 3767 3480 3839 Cynica
3510 3785 3638 3822 vero

2059 3860 2175 3916 lues
2202 3861 2354 3931 quasi
2382 3859 2650 3915 somnium
2678 3867 2733 3914 et
2754 3858 2940 3914 umbra
2971 3860 3246 3929 praeteriit.
3279 3859 3503 3914 Etiamsi
3531 3860 3638 3916 illis

2058 3954 2193 4009 nihil
2215 3954 2390 4008 simile
2415 3953 2692 4020 acciderit,
2719 3955 2827 4009 imo
2850 3967 2949 4023 per
2977 3966 3255 4009 externam
3283 3955 3428 4009 illam
3459 3954 3638 4025 philo-

2058 4046 2301 4117 sophiam
2330 4044 2461 4099 clari
2495 4044 2819 4112 viderentur,
2842 4046 3049 4102 etiamsi
3068 4045 3425 4102 Athenienses
3444 4047 3644 4115 episto-

2060 4139 2140 4192 las
2162 4136 2399 4192 Platonis
2428 4151 2524 4205 per
2554 4136 2777 4193 Dionem
2805 4138 2997 4191 missas
3023 4137 3234 4206 publice
3260 4139 3642 4209 exposuerint:

2059 4241 2293 4287 attamen
2335 4240 2447 4286 toto
2475 4243 2717 4304 tempore
2761 4230 2813 4284 in
2839 4232 3221 4302 tranquillitate
3261 4232 3561 4303 degebant,
3589 4242 3646 4288 et

2062 4324 2252 4393 opibus
2298 4338 2404 4377 non
2445 4323 2630 4393 paucis
2681 4321 2992 4379 afﬂuebant.
3025 4322 3114 4378 Sic
3150 4325 3295 4379 enim
3342 4326 3645 4395 Aristippus

2062 4430 2256 4485 magno
2274 4415 2448 4484 pretio
2477 4423 2655 4470 scorta
2682 4415 2937 4470 conduxit
2966 4415 3070 4488 (b);
3100 4417 3233 4471 alius
3264 4425 3647 4473 testamentum

2064 4506 2319 4575 scripsit,
2348 4522 2452 4562 non
2483 4521 2699 4576 parvam
2750 4507 3060 4578 relinquens
3090 4507 3442 4564 hereditatem
3469 4527 3484 4575 ;
3513 4511 3651 4564 alius

2065 4612 2227 4667 supra
2256 4597 2546 4668 discipulos
2571 4598 2750 4668 pontis
2779 4600 2950 4654 instar
2973 4601 3275 4655 substratos
3299 4602 3644 4671 pertransiit;

2065 4689 2420 4760 Sinopensem
2440 4697 2616 4744 autem
2633 4687 2778 4744 illum
2792 4688 2969 4745 ferunt
2997 4691 3049 4745 in
3063 4689 3182 4746 foro
3198 4693 3426 4762 turpiter
3446 4694 3644 4763 egisse.

2068 4784 2194 4838 lltec
2218 4794 2342 4839 sunt
2371 4785 2584 4838 illorum
2635 4787 2887 4854 prmclara
2920 4785 3179 4842 facinora.
3207 4788 3275 4842 At
3295 4788 3427 4844 nihil
3460 4790 3649 4843 horum

2079 4873 2170 4930 hic
2197 4874 2536 4936 observatur,
2570 4874 2664 4931 sed
2699 4875 3050 4945 temperantia
3074 4890 3441 4945 perseverans,
3469 4879 3650 4936 mode-

2063 4970 2162 5024 stia
2190 4967 2448 5038 exquisita
2469 5007 2483 5030 ,
2517 4964 2712 5019 bellum
2742 4973 2926 5018 contra
2957 4969 3128 5016 totum
3155 4960 3340 5015 orbem
3379 4974 3476 5026 pro
3505 4961 3645 5013 veri-

2063 5069 2170 5115 tate
2194 5074 2256 5114 ac
2279 5073 2373 5128 pro
2394 5057 2671 5126 religione,
2702 5055 2825 5109 hinc
2847 5055 3084 5123 ipsOrnm
3104 5051 3426 5123 quotidianae
3446 5049 3637 5112 czedes,

2063 5162 2116 5206 et
2145 5161 2262 5221 post
2289 5153 2403 5204 haec
2432 5147 2710 5218 splendida
2735 5156 2953 5216 tropaea.
2984 5147 3052 5199 At
3072 5155 3215 5210 sunt,
3243 5143 3503 5213 inquiunt,
3526 5141 3642 5210 qui-

2064 5244 2187 5299 dam
2217 5241 2354 5314 apud
2381 5242 2499 5296 illos
2527 5241 2688 5296 duces
2715 5238 2980 5308 praeclari,
3015 5245 3070 5289 ut
3098 5233 3512 5297 Themistocles,
3542 5232 3645 5286 Pc-

2123 5383 2197 5446 (a)
2229 5380 2359 5446 quod
2380 5378 2649 5446 hic_dicit,ur
2667 5376 2732 5425 de
2764 5374 2975 5446 Platone,
3007 5369 3302 5446 quomodos
3321 5365 3644 5446 Qiouysioty-

2060 5434 2212 5495 rann'o
2241 5434 2443 5492 traditus
2463 5440 2628 5498 fuerit,
2653 5446 2709 5488 ut
2731 5435 3125 5491 venumdaretur,
3144 5434 3441 5498 deque__eju_s
3465 5434 3645 5498 episto-

2059 5489 2205 5578 lis-ad
2223 5489 2450 5578 Dionem,
2477 5502 2585 5551 vide
2608 5489 2734 5564 apud
2755 5498 3032 5562 Diogenem
3052 5489 3291 5544 uernum
3311 5489 3392 5540 lib.
3408 5492 3459 5551 3,
3477 5491 3525 5537 in
3545 5489 3644 5537 vita

2058 5569 2304 5694 “igniti;
2331 5626 2547 5694 Aristippi
2571 5624 2760 5694 luxuria
2785 5622 2894 5674 vide
2926 5621 3051 5684 apud
3090 5617 3366 5681 Diogenem
3402 5613 3644 5663 uestium

2058 5693 2092 5743 l.
2111 5689 2160 5755 ‘3,
2174 5689 2228 5742 in
2249 5693 2346 5741 vita
2369 5689 2606 5751 aristippi.
