4010 6128
360 258 464 315 393

362 374 539 427 ricles.
569 371 767 426 Verum
788 368 904 423 haec
933 380 1220 437 puerorum
1244 364 1409 434 inepti
1434 362 1544 418 ludi
1570 373 1715 429 sunt,
1746 362 1790 417 si
1810 375 1930 416 cum

366 464 682 534 piscatorum
721 458 885 531 gestis
922 465 1317 525 comparentur.
1361 453 1498 523 Quid
1524 454 1666 509 enim
1695 453 1763 508 de
1793 452 1933 507 The-

362 552 605 607 mistocle
630 548 864 605 dixeris?
903 546 1062 615 Quod.
1094 545 1505 599 Atheniensibus
1532 551 1589 598 ut
1618 557 1781 599 naves
1807 558 1937 598 con-,-

365 640 683 696 scenderent
713 637 970 701 suaserit,
1006 651 1126 691 cum
1159 634 1363 689 Xerxes
1392 632 1648 689 Graeciam
1675 632 1815 688 bello
1842 636 1940 685 im-

365 729 605 801 peteret?
637 726 730 782 Hic
754 741 913 796 porro
940 740 1042 778 non
1068 724 1243 779 Xerxe
1273 723 1592 792 impotente,
1607 721 1699 775 sed
1729 720 1941 775 diabolo

287 835 294 847 ‘
366 835 487 874 cum
522 818 650 872 orbe
694 824 806 871 toto
839 823 892 869 et
930 813 1082 868 turba
1122 812 1423 866 daemonum
1450 811 1726 865 innumera
1756 818 1955 864 contra.

366 910 648 966 duodecim
679 908 799 963 illos
825 907 1094 969 irruente;
1124 920 1228 958 non
1254 903 1399 958 brevi
1427 912 1697 970 tempore,
1730 900 1823 956 sed
1851 915 1945 970 per

370 1013 538 1057 totum
562 1001 682 1055 vita:
704 998 931 1069 spatium
952 997 1191 1052 vicerunt
1218 994 1294 1049 illi
1318 1003 1371 1049 et
1390 1002 1708 1063 superarunt
1736 1009 1749 1045 :
1777 991 1953 1062 quod-

368 1110 473 1164 que
521 1094 712 1146 mirum
750 1098 852 1155 est,
881 1104 987 1142 non
1025 1088 1177 1141 caesis
1217 1084 1477 1150 hostibus,
1514 1083 1607 1139 sed
1652 1083 1870 1137 mutatis
1892 1089 1948 1138 et

371 1183 666 1239 conversis.
712 1181 843 1235 Illud
886 1180 1027 1235 enim
1069 1177 1299 1233 maxime
1337 1177 1529 1247 ubique
1558 1174 1946 1231 observandum

372 1286 487 1343 est,
535 1276 679 1345 ipsos
722 1287 820 1327 nec
862 1270 1120 1326 occidisse
1163 1284 1262 1324 nec
1305 1267 1568 1323 delevisse
1613 1266 1951 1322 insidiatores

374 1384 532 1435 suos,
563 1366 655 1423 sed
684 1382 803 1422 cum
834 1365 954 1419 illos
977 1364 1308 1419 daemonibus
1341 1375 1494 1427 pares
1524 1361 1822 1429 cepissent,
1856 1373 1950 1411 an-

376 1464 506 1534 gelis
532 1462 759 1532 aequales
786 1459 994 1523 fecisse,
1016 1457 1302 1511 humanam
1327 1462 1566 1509 naturam
1591 1453 1688 1506 hac
1712 1451 1951 1521 improba

380 1552 655 1624 tyrannide
686 1550 995 1615 liberantes,
1025 1548 1144 1602 illos
1169 1554 1345 1601 autem
1376 1545 1631 1600 scelestos
1657 1541 1949 1608 daemones,

376 1643 465 1712 qui
493 1643 670 1697 omnia
700 1640 1119 1704 conturbabant,
1146 1653 1174 1691 a
1202 1636 1377 1691 medio
1407 1635 1522 1690 foro
1545 1643 1599 1690 et
1617 1648 1647 1687 a
1674 1632 1951 1698 domibus,

379 1735 489 1789 imo
524 1735 687 1789 etiam
727 1748 756 1786 a
805 1732 1019 1787 deserto
1059 1730 1393 1801 expulerunt.
1421 1726 1799 1781 Testilicantur
1827 1721 1957 1777 illud

379 1825 536 1880 chori
565 1821 970 1884 monachorum,
998 1821 1087 1891 qui
1118 1816 1309 1888 ubique
1340 1816 1556 1888 plantati
1582 1828 1736 1882 sunt,
1770 1826 1824 1869 et
1850 1828 1955 1867 non

382 1916 539 1972 modo
564 1915 850 1971 habitatam
883 1923 1097 1978 terram,
1128 1913 1221 1967 sed
1243 1922 1295 1969 et
1318 1928 1422 1967 non
1451 1910 1737 1979 babitatam
1760 1923 1957 1977 expur-

379 2017 590 2079 garunt.
632 2007 890 2079 Quodque
936 2005 1227 2060 mirabilius
1265 2012 1367 2070 est,
1400 2019 1507 2059 non
1545 2003 1801 2058 instructa
1846 2000 1960 2054 acie

382 2099 484 2155 hoc
509 2099 796 2166 faciebant,
822 2097 917 2153 sed
950 2098 1088 2153 male
1111 2096 1277 2152 habiti
1306 2094 1598 2165 implebant
1625 2092 1823 2147 omnia.
1855 2089 1960 2143 Ila-

383 2190 582 2245 bcbant
605 2191 746 2244 enim
776 2190 828 2243 in
855 2187 1032 2243 medio
1061 2187 1263 2257 positos
1285 2185 1404 2241 illos
1425 2183 1619 2238 inﬁma:
1640 2178 1960 2236 conditionis

384 2283 549 2348 viros,
572 2296 706 2354 quos
728 2279 980 2351 ligabant,
996 2278 1367 2345 verberabant,
1392 2273 1842 2345 circumagebant,
1863 2284 1962 2325 nec

385 2383 633 2445 poterant
656 2388 838 2429 eorum
861 2386 952 2428 ora
981 2370 1229 2427 claudere
1255 2386 1269 2422 :
1300 2367 1393 2425 sed
1420 2369 1560 2423 sicut
1587 2366 1794 2421 radium
1832 2362 1963 2417 solis

387 2468 588 2522 vincire
627 2481 785 2523 nemo
828 2474 1036 2535 potest,
1074 2465 1151 2519 sic
1177 2478 1283 2518 non
1314 2468 1556 2533 poterant
1594 2460 1827 2528 ipsorum
1860 2456 1964 2509 lin-

388 2574 542 2629 guam
569 2557 806 2626 alligare.
847 2554 1010 2625 Cujus
1040 2554 1116 2608 rei
1144 2567 1302 2608 causa
1334 2560 1448 2608 erat
1472 2591 1487 2615 ,
1511 2566 1615 2604 non
1648 2549 1722 2603 illi
1748 2546 1964 2618 quidem

390 2649 479 2718 qui
522 2647 909 2718 loquebantur,
954 2643 1051 2701 sed
1094 2642 1321 2712 Spiritus
1363 2641 1552 2695 virtus.
1597 2638 1685 2695 Sic
1722 2638 1881 2707 igitur
1911 2643 1967 2691 et

392 2740 584 2796 Paulus
616 2740 738 2794 vicit
759 2738 1046 2809 Agrippam
1069 2777 1084 2801 ,
1108 2743 1163 2790 et
1186 2733 1274 2805 qui
1299 2732 1499 2789 scelere
1525 2729 1768 2785 vincebat
1794 2726 1971 2782 humi-

392 2846 488 2885 nes
511 2845 694 2885 omnes
720 2829 982 2883 Neronem
1016 2845 1028 2881 :
1057 2825 1308 2880 Dominus
1330 2824 1463 2878 enim
1492 2821 1613 2876 mihi
1638 2820 1849 2885 adstitit,
1881 2817 1965 2873 in-

393 2923 545 2990 quit,
586 2931 631 2975 et
674 2920 970 2989 confortavit
1026 2934 1141 2985 me,
1188 2926 1235 2971 et
1281 2916 1410 2971 eruit
1453 2930 1531 2969 me
1571 2913 1634 2968 de
1674 2929 1760 2968 ore
1810 2910 1970 2965 leonis

397 3016 473 3085 (2.
507 3013 638 3069 Tim.
668 3016 720 3069 4.
747 3015 858 3083 17).
885 3012 964 3068 'I‘n
988 3026 1114 3065 vero
1143 3009 1356 3073 mirare,
1379 3004 1646 3079 quomodo
1668 3003 1965 3069 audientes,

397 3106 573 3160 Nolite
598 3105 802 3160 solliciti
827 3121 949 3169 esse,
975 3112 1029 3157 et
1052 3100 1413 3164 crediderunt,
1440 3106 1493 3152 et
1513 3098 1973 3164 obtemperarunt,

395 3199 632 3268 nihilque
661 3213 730 3253 ex
763 3193 1086 3250 terribilibus
1109 3199 1367 3245 terrorem
1396 3188 1526 3256 ipsis
1548 3185 1788 3240 incussit.
1816 3181 1977 3249 Quod

396 3293 442 3348 si
470 3292 617 3347 dicas
640 3331 655 3356 ,
693 3289 938 3342 idoneam
967 3283 1095 3352 ipsis
1116 3278 1533 3337 consolationem
1568 3275 1779 3331 dedisse
1813 3273 1975 3330 Chri-

396 3393 538 3439 stum
559 3394 680 3436 cum
702 3377 853 3444 dixit,
879 3374 1103 3446 Spiritus
1127 3370 1297 3425 Patris
1320 3368 1465 3423 vestri
1485 3369 1578 3422 erit
1605 3367 1689 3437 qui
1711 3366 1936 3436 loquetur
1952 3378 1975 3421 :

399 3482 454 3528 et
483 3471 603 3526 ideo
629 3464 859 3523 maxime
886 3473 1075 3534 stupeo
1098 3502 1114 3529 ,
1155 3459 1295 3532 quod
1324 3474 1424 3517 nec
1451 3456 1842 3523 dubitaverint,
1873 3470 1973 3512 nec

400 3562 612 3620 liberari
637 3578 669 3618 a
689 3560 842 3616 malis
868 3555 1170 3628 rogaverint
1199 3570 1212 3607 :
1238 3561 1293 3610 et
1312 3552 1446 3617 haec,
1479 3565 1584 3605 non
1615 3547 1822 3604 duobus
1844 3588 1858 3614 ,
1884 3546 1973 3604 vel

401 3658 570 3714 tritus
594 3656 747 3710 annis
771 3656 869 3709 ista
899 3651 1125 3723 passuri,
1168 3646 1261 3703 sed
1299 3662 1394 3717 per
1433 3654 1592 3701 telam
1615 3644 1797 3699 vitam.
1839 3641 1974 3697 Illud

403 3752 543 3805 enim
569 3746 790 3811 dictum,
820 3742 919 3810 Qui
943 3750 1108 3795 autent
1133 3724 1516 3810 perseveraverit
1541 3749 1696 3803 usque
1719 3734 1772 3787 in
1799 3732 1971 3802 ﬁnem,

403 3842 483 3893 hic
525 3838 691 3893 salvus
731 3835 857 3901 erit,
897 3831 999 3887 hoc
1040 3828 1359 3886 subindicat.
1390 3826 1512 3881 Vult
1535 3824 1676 3880 enim
1709 3825 1848 3879 Deus
1868 3836 1976 3877 non

403 3945 498 3986 sua
527 3936 727 3983 tantum
755 3940 887 3994 ope,
932 3921 1026 3977 sed
1065 3922 1297 3990 ipsorum
1334 3917 1605 3989 proposito
1643 3930 1804 3986 opera
1837 3913 1976 3969 bona

405 4020 540 4075 fieri.
571 4016 848 4086 Perpende
874 4016 1049 4083 itaque
1078 4013 1130 4067 in
1151 4009 1515 4082 superioribus
1535 4051 1550 4073 ,
1583 4007 1849 4078 quomodo
1874 4006 1976 4062 alia

406 4115 534 4177 Dei,
563 4111 664 4166 alia
693 4107 1073 4176 discipulorum
1102 4104 1223 4158 sint.
1258 4102 1389 4157 Nam
1418 4101 1568 4172 signa
1593 4099 1771 4155 facere
1790 4139 1805 4165 ,
1836 4098 1979 4153 illius

406 4217 555 4274 sunt;
589 4205 718 4261 nihil
748 4202 1038 4273 possidere,
1063 4198 1463 4269 discipulorum.
1496 4197 1723 4250 Rursum
1746 4238 1761 4263 ,
1790 4195 1980 4251 domos

406 4313 593 4353 omnes
618 4295 858 4366 aperire,
886 4306 1129 4361 superna:
1155 4289 1339 4360 gratia:
1367 4297 1476 4354 est;
1510 4286 1637 4340 nihil
1665 4293 1857 4357 printer
1885 4300 1981 4341 ne-

407 4388 636 4444 cessaria
659 4395 857 4457 petere,
875 4381 1252 4451 discipulorum
1280 4378 1659 4449 philosophiae;
1689 4378 1881 4447 Dignus
1911 4384 1980 4431 est

409 4483 541 4536 enim
568 4479 828 4552 operarius
851 4476 1077 4532 mercede
1096 4490 1210 4529 sua.
1244 4473 1432 4528 Pacem
1458 4471 1586 4527 dare
1604 4513 1620 4538 ,
1664 4471 1755 4526 Dei
1782 4470 1978 4525 donum

408 4579 521 4637 est;
548 4570 736 4639 dignos
759 4581 1029 4637 qurerere,
1058 4580 1160 4645 nec
1184 4577 1371 4637 omnes
1400 4561 1859 4618 indiscriminatim
1888 4560 1982 4615 ad-

411 4662 509 4727 ire,
534 4661 765 4729 ipsorum
794 4657 1157 4727 temperantia:
1176 4665 1276 4711 est.
1308 4654 1432 4710 Illos
1452 4653 1541 4725 qui
1561 4653 1847 4724 discipulos
1872 4667 1978 4708 non

410 4750 676 4820 recipiunt
708 4747 925 4811 ulcisci,
958 4747 1052 4801 Dei
1079 4756 1158 4802 est
1191 4765 1203 4801 :
1236 4740 1354 4802 cum
1384 4746 1642 4801 modestia
1666 4745 1939 4801 discedere
1962 4787 1977 4811 ,

412 4842 560 4897 nullo
588 4840 781 4909 injecto
803 4839 1018 4907 probro,
1040 4837 1123 4892 vel
1148 4838 1487 4903 contumelia,
1509 4837 1814 4907 apostolica:
1835 4852 1984 4891 man-
2004 4839 2058 4892 Ρ

413 4933 730 4991 suetudinis.
759 4930 1009 4999 Spiritum
1040 4930 1185 4995 dare,
1216 4938 1271 4984 et
1295 4929 1704 4984 sollicitudinem
1727 4929 1981 4993 adimere,

415 5025 670 5082 mittentis
708 5029 822 5077 erat
849 5038 863 5077 :
891 5035 1017 5076 oves
1046 5031 1099 5076 et
1139 5020 1410 5075 columbas
1449 5020 1675 5083 imitari,
1717 5028 1771 5073 ct
1809 5021 1982 5074 omnia

416 5118 623 5172 fortiter
653 5112 790 5168 ferre
809 5154 824 5178 ,
860 5111 925 5165 ad
967 5111 1174 5165 illorum
1200 5112 1549 5165 constantiam
1571 5121 1624 5165 et
1654 5110 1984 5181 prudentiam

417 5205 736 5279 pertinebat.
783 5202 917 5258 0dio
959 5201 1137 5256 haberi
1158 5243 1171 5267 ,
1216 5216 1312 5256 nec
1339 5202 1516 5255 animo
1543 5201 1824 5257 concidere
1847 5243 1861 5268 ,
1892 5203 1986 5256 sed

419 5310 781 5369 perseverare,
812 5294 1045 5363 ipsorum
1075 5300 1219 5356 erat;
1250 5302 1653 5362 perseverantes
1690 5293 1867 5347 salvos
1904 5291 1986 5347 fa-

419 5405 561 5454 cere,
592 5388 865 5442 mittentis.
891 5384 1013 5438 Ideo
1040 5382 1266 5447 dicebat,
1302 5383 1402 5450 Qui
1420 5392 1586 5437 autem
1607 5386 1989 5456 perseveraverit

419 5497 575 5552 usque
591 5480 644 5533 in
672 5479 842 5548 ﬁnem,
865 5476 946 5529 hic
968 5475 1137 5529 salvus
1156 5476 1269 5529 erit.

490 5573 542 5628 5.
577 5567 696 5626 Non
718 5574 882 5643 fervor
908 5567 1164 5639 fugitivus,
1192 5565 1280 5621 sed
1308 5568 1671 5636 perseverantia
1698 5567 1992 5637 prodest.~

423 5663 557 5721 Nam
594 5661 715 5731 quia
756 5660 927 5717 solent
954 5658 1105 5717 multi
1137 5657 1286 5715 initio
1315 5656 1578 5716 ferventes
1619 5674 1771 5727 esse,
1802 5668 1989 5730 postea

1313 250 1387 305 IN-
1415 246 1833 306 MAT'I‘Ht‘EUM?
1860 245 2093 303 ΗΟΜΙΕ.
2133 245 2376 304 XXXIII.
2410 248 2487 304 al‘.
2528 243 2767 303 XXXIV.

3524 249 3627 306 594

2058 374 2186 413 vero
2213 358 2406 414 resolvi
2448 373 2511 413 ac
2545 357 2721 428 dejici,
2750 357 2870 413 ideo
2899 359 3004 426 ait,
3037 360 3226 416 Finem
3254 378 3450 432 quaero.
3495 367 3629 432 Qnul

2049 451 2192 504 enim
2229 465 2361 520 Opus
2400 460 2482 504 est
2519 449 2808 505 seminibus
2838 449 2988 505 initio
3013 450 3213 508 ﬂoridis
3233 496 3249 520 ,
3275 456 3642 515 ὺιιυνὶπεωιαηη

2051 547 2235 606 postea
2262 538 2657 594 arescentibus?
2681 538 2805 594 Ideo
2831 552 3257 609 perseverantem
3285 546 3352 600 ab
3380 547 3509 617 ipsis
3534 564 3624 617 pa-

2053 629 2291 685 tientiam
2320 630 2499 699 exigit.
2531 630 2608 686 Ne
2634 632 2751 700 quis
2779 631 2918 686 enim
2949 632 3149 687 diceret
3173 675 3187 696 ,
3214 635 3281 688 ab
3314 635 3429 705 ipso
3463 646 3630 694 totum

2052 721 2245 777 factum
2271 736 2389 777 esse
2410 763 2424 789 ,
2456 721 2691 793 nihilque
2717 722 2908 777 mirum
2932 738 3049 778 esse
3070 764 3084 789 ,
3116 725 3246 779 tales
3276 726 3438 783 fuisse
3467 730 3589 784 illos
3608 770 3626 797 ,

2053 814 2141 884 qui
2169 813 2297 867 nihil
2325 813 2534 868 onerosi
2558 812 2849 882 passisint,
2882 814 3078 869 idcirco
3105 815 3232 869 dicit
3259 816 3382 881 illis,
3408 816 3622 873 Patien-

2055 904 2125 958 tia
2154 903 2301 957 vobis
2339 918 2470 972 opus
2499 912 2597 957 est.
2640 904 2858 958 Etiamsi
2891 905 3033 959 enim
3061 921 3152 961 vos
3181 922 3211 961 a
3242 906 3506 976 prioribus
3528 925 3626 978 pe-

2056 994 2237 1049 riculis
2263 1009 2467 1059 eruam,
2489 993 2821 1063 gravioribus
2853 1009 2943 1048 vos
2969 1010 3203 1061 reservo,
3232 1013 3348 1066 qua:
3373 999 3535 1052 etiam
3559 1001 3630 1053 ah

2056 1086 2185 1145 aliis
2209 1087 2536 1156 excipientur
2563 1105 2577 1141 :
2605 1102 2703 1141 nec
2738 1087 2856 1141 linis
2894 1089 2995 1143 erit
3032 1090 3337 1144 insidiarum
3369 1108 3534 1163 usque
3562 1094 3629 1149 ad

2057 1189 2353 1234 extremum
2376 1178 2615 1233 halitum.
2640 1178 2903 1234 lloeenim
2929 1181 3296 1249 subindicavit,
3317 1199 3435 1238 cum
3460 1184 3629 1239 dixit:

2061 1268 2161 1334 Qui
2178 1279 2353 1324 autem»
2369 1271 2748 1339 perseveraverit
2777 1287 2930 1341 usque
2956 1273 3007 1325 iu
3026 1274 3198 1341 ﬁnem,
3223 1275 3304 1327 hic
3328 1276 3630 1330 saluuserit.

2059 1359 2180 1415 Ideo
2210 1360 2301 1431 qui
2330 1360 2477 1422 dicit,
2510 1360 2593 1414 Ne
2633 1360 2839 1415 solliciti
2881 1362 2987 1415 sitis
3025 1364 3146 1431 quid
3184 1364 3477 1433 loquamini,
3506 1367 3634 1421 alibi

2058 1452 2132 1507 ait
2163 1470 2176 1506 :
2205 1450 2386 1505 Parati
2414 1461 2566 1506 estote
2589 1453 3083 1522 advresportdendum
3107 1458 3245 1510 omni
3276 1458 3520 1525 petentia
3544 1474 3635 1512 uo-

2061 1545 2134 1599 bls
2158 1545 2403 1599 rationem
2428 1545 2491 1599 de
2512 1562 2601 1615 spe
2624 1555 2784 1600 uestra
2814 1545 2834 1618 (
2855 1547 2905 1602 L
2935 1546 3076 1601 Petr.
3100 1550 3153 1604 5.
3188 1547 3315 1607 151.
3346 1551 3479 1606 Nam
3513 1567 3636 1609 cum

2061 1649 2233 1705 pugna
2259 1634 2398 1691 inter
2424 1637 2624 1692 amicos
2648 1645 2749 1704 est,
2772 1652 2870 1691 nos
2887 1637 3039 1707 jubet
3061 1640 3316 1696 sollicitos
3340 1658 3488 1709 esse;
3512 1659 3633 1698 cum

2061 1734 2238 1780 autem
2263 1726 2511 1794 tribunal,
2535 1727 2768 1782 furentes
2796 1730 2994 1798 populi,
3024 1730 3182 1785 timor
3203 1732 3457 1804 undique,
3484 1749 3647 1791 suam

2062 1815 2266 1886 przebet
2291 1817 2537 1887 gratiam,
2554 1828 2610 1872 ut
2633 1819 2856 1875 ﬁdenter
2875 1820 3173 1891 loquamur,
3198 1838 3297 1879 nec
3321 1833 3635 1893 terreamur,

2064 1905 2145 1960 vel
2188 1905 2445 1975 justitiam
2490 1908 2794 1976 prodamus.
2840 1910 2945 1964 Res
2987 1913 3167 1981 utique
3214 1929 3421 1984 magna,
3466 1918 3639 1972 virum

2063 1994 2205 2051 circa
2245 2005 2431 2065 stagna
2460 1998 2662 2051 versari
2704 1999 2915 2054 solitum
2940 2041 2956 2066 ,
2993 2002 3132 2057 circa
3171 2004 3340 2074 pelles
3367 2015 3423 2059 et
3456 2007 3655 2065 telonii.

2065 2104 2325 2154 mensam,
2355 2089 2660 2145 sedentibus
2685 2092 2939 2162 tyrannis,
2970 2102 3027 2149 et
3060 2096 3283 2166 satrapis
3309 2097 3643 2157 adstantibus

2066 2187 2121 2235 et
2148 2180 2464 2234 satellitibus
2487 2221 2503 2246 ,
2534 2182 2729 2236 strictis
2766 2184 2953 2253 gladiis
2974 2227 2990 2253 ,
3019 2187 3499 2261 assistentibusque
3524 2193 3643 2248 aliis

2067 2271 2313 2328 omnibus
2338 2286 2459 2327 cum
2487 2273 2611 2341 illis,
2636 2276 2806 2330 solum
2836 2276 3152 2347 ingressum,
3186 2280 3443 2351 ligatum,
3476 2301 3644 2354 prono

2068 2365 2261 2434 Capite,
2293 2365 2529 2434 potuisse
2559 2367 2644 2422 vel
2669 2382 2729 2422 os
2755 2369 2984 2436 aperire.
3010 2370 3219 2426 Etenim
3244 2373 3502 2429 doctrina:
3530 2392 3644 2432 suae

2068 2469 2227 2510 causa
2258 2471 2325 2511 ne
2353 2455 2648 2511 defensioni
2677 2458 2891 2527 quidem
2920 2460 3101 2515 locum
3128 2463 3471 2532 dabant,.scd
3502 2468 3645 2537 ipsos

2069 2545 2218 2618 quasi
2244 2561 2555 2604 communes
2580 2550 2725 2604 orbis
2750 2563 3091 2621 corruptores
3117 2557 3394 2612 tormentis
3421 2557 3645 2629 deputa-

2070 2637 2215 2693 bant.
2238 2637 2387 2695 Nunc
2419 2639 2972 2707 Quiarbemtere'arwu
2992 2646 3301 2714 perturbant,
3334 2649 3389 2702 Isi
3407 2661 3542 2717 sunt,
3566 2653 3647 2706 in-

2070 2730 2273 2799 quit,.et
2302 2730 2382 2784 hic
2405 2732 2589 2786 adsunt
2612 2741 2705 2788 :et
2744 2748 2946 2799 rursus,
2972 2735 3223 2791 Adversus
3241 2740 3405 2794 edicta
3432 2741 3663 2797 Cesaris.

2070 2821 2125 2875 lsi
2151 2822 2449 2893 praedicant,
2472 2823 2688 2878 dicentes
2710 2823 2968 2880 Christum
2990 2825 3170 2882 Jesum
3193 2846 3299 2887 esse
3322 2846 3487 2902 regem
3510 2833 3642 2904 (Act.

2073 2910 2160 2967 17.
2191 2910 2337 2982 6.7).
2378 2912 2581 2984 Ubique
2628 2915 2909 2971 tribunalia
2957 2916 3262 2988 hujusmodi
3308 2924 3646 2993 opinionibus

2072 3010 2440 3073 praeoccupata
2482 3012 2654 3069 erant,
2683 3015 2730 3059 et
2764 3006 2962 3061 auxilio
2996 3023 3228 3077 superno
3257 3013 3479 3067 multum
3511 3030 3649 3085 ege—

2072 3090 2221 3159 bant,
2249 3100 2309 3147 ut
2354 3093 2456 3149 hoc
2495 3103 2781 3165 utrumque
2818 3097 3126 3165 probarent,
3168 3108 3220 3155 et
3258 3101 3663 3175 dogma,un

2076 3183 2449 3255 praedicabant,
2471 3201 2654 3241 verum
2681 3201 2820 3251 esse,
2846 3196 2899 3243 et
2921 3191 3291 3246 communibus
3316 3193 3520 3264 legibus
3545 3211 3649 3251 non

2076 3274 2368 3343 adversari,
2384 3286 2547 3347 utque
2566 3278 2690 3333 dum
2711 3278 3051 3350 loquerentur
3066 3282 3131 3338 de
3144 3282 3406 3354 dogmate,
3422 3300 3489 3340 ne
3507 3287 3652 3342 vide-

2077 3375 2262 3422 rentur
2289 3367 2430 3439 leges
2456 3368 2766 3425 subvertere
2789 3412 2804 3439 ,
2837 3386 2901 3426 ac
2928 3388 3111 3429 rursus
3136 3375 3259 3430 dum
3286 3377 3653 3437 demonstrare

2078 3467 2438 3523 conarentur,
2480 3472 2539 3514 se
2580 3461 2883 3516 communia
2930 3470 3264 3520 statutanon
3292 3467 3524 3534 violare,
3556 3470 3653 3525 do-

2077 3558 2311 3619 gmatum
2342 3551 2625 3619 puritatem
2658 3566 2723 3607 ne
2747 3538 3144 3623 corrumperent
3175 3573 3188 3612 :
3221 3573 3338 3627 quae
3366 3559 3543 3614 omnia
3573 3562 3661 3616 vi-

2079 3639 2230 3695 debis
2267 3649 2322 3695 et
2358 3657 2388 3696 a
2429 3642 2608 3709 Petro,
2640 3652 2692 3698 et
2732 3660 2763 3698 a
2810 3645 3005 3713 Paulo,
3031 3656 3084 3702 et
3110 3664 3139 3701 a
3171 3650 3376 3706 caeteris
3409 3652 3655 3709 omnibus

2080 3732 2368 3804 prudenter
2388 3735 2657 3791 observari
2677 3746 2728 3792 et
2749 3737 2908 3793 effici.
2942 3738 3149 3796 Etenim
3172 3752 3229 3797 ut
3257 3744 3458 3799 factiosi
3480 3755 3532 3801 et
3553 3762 3653 3801 no-

2081 3831 2291 3879 valores
2316 3822 2509 3894 ubique
2529 3833 2814 3881 terrrarum
2832 3829 3213 3884 accusabantur
3233 3851 3245 3886 :
3264 3842 3499 3889 attamen
3518 3835 3655 3890 hanc

2081 3912 2157 3967 illi
2184 3914 2537 3983 suspicionem
2568 3916 2893 3984 repulerunt,
2918 3928 2969 3973 et
2998 3924 3316 3976 contrariam
3347 3924 3447 3978 sabi
3473 3928 3656 3981 conci-

2084 4004 2280 4059 Iiarunt
2302 4007 2496 4076 ,quasi
2524 4016 2823 4062 servatores
2848 4048 2863 4073 ,
2892 4018 3167 4065 curatores
3187 4027 3247 4067 ac
3273 4013 3492 4069 benefici
3514 4018 3661 4085 apud

2084 4116 2271 4155 omnes
2299 4098 2568 4154 celebrati.
2600 4098 2723 4154 Ilazc
2751 4109 2926 4156 autem
2947 4102 3123 4157 omnia
3151 4120 3213 4158 ex
3245 4105 3438 4175 ingenti
3463 4110 3656 4176 patien.

2084 4192 2154 4246 tia
2190 4188 2566 4259 Operabantur.
2598 4188 2951 4257 Quamobrem
2979 4191 3184 4247 dicebat
3214 4193 3446 4251 Paulus:
3473 4196 3656 4263 Quoti-

2085 4283 2167 4335 die
2191 4281 2377 4335 morior
2406 4280 2483 4353 (I.
2510 4278 2628 4334 Cor.
2664 4282 2751 4336 15.
2780 4282 2899 4351 5i);
2929 4292 2983 4337 et
3012 4298 3179 4353 usque
3205 4286 3255 4339 in
3286 4286 3447 4343 finem
3476 4290 3527 4344 in
3558 4307 3646 4360 pet

2085 4373 2266 4429 riculis
2308 4373 2682 4443 perseveravit.
2723 4372 2834 4441 Qua
2880 4374 3037 4445 igitur
3064 4378 3216 4431 venia
3254 4378 3401 4451 digni
3449 4399 3656 4446 sumus.

2085 4468 2174 4539 qui
2202 4474 2278 4522 tot
2302 4467 2542 4535 exempla
2573 4465 2828 4521 habentes
2848 4468 3006 4523 etiam
3033 4469 3084 4523 in
3115 4485 3245 4540 pace
3264 4473 3495 4529 molliter
3520 4478 3655 4533 vivi-

2086 4574 2204 4613 mus
2229 4572 2291 4611 ac
2314 4556 2624 4625 dejieimur?
2651 4556 2872 4611 Nemiue
2887 4559 3082 4628 quippe
3099 4559 3326 4617 bellante
3342 4564 3655 4635 occidimur,

2087 4651 2297 4706 nemine
2314 4658 2663 4720 persequente
2680 4650 3017 4705 dissolvimur
3031 4670 3047 4707 :
3062 4652 3114 4706 in
3133 4669 3261 4722 pace
3279 4657 3433 4711 saluti
3451 4658 3658 4731 advigi-

2088 4741 2457 4809 larejubemur
2468 4748 2520 4795 et
2534 4740 2833 4815 nequimus.
2850 4740 2953 4808 Illi,
2968 4743 3185 4798 incenso
3201 4745 3348 4811 orbe,
3362 4756 3414 4802 et
3426 4764 3554 4820 rogo
3565 4768 3661 4823 per

2090 4843 2251 4889 totam
2280 4842 2476 4888 terram
2503 4832 2720 4886 ardente
2739 4872 2755 4898 ,
2785 4832 2837 4885 in
2868 4831 3137 4889 ﬂammam
3163 4837 3420 4906 ingressi,
3448 4857 3540 4897 eos
3566 4847 3681 4915 qui.

2088 4921 2537 4978 comburebantur
2558 4920 2679 4974 inde
2703 4920 3081 4988 extrahebant;
3114 4931 3169 4979 tu
3186 4941 3313 4982 vero
3338 4944 3405 4985 ne
3433 4932 3657 5001 lcipsum
3674 4980 3682 4988 η

2089 5016 2305 5088 quidem
2333 5028 2547 5069 servare
2575 5021 2741 5081 potes.
2776 5012 2903 5077 Qua:
2943 5013 3099 5083 igitur
3125 5017 3276 5073 nobis
3304 5022 3405 5076 erit
3432 5024 3662 5079 ﬁducia?

2090 5126 2207 5179 qua:
2234 5106 2430 5161 venia?
2479 5105 2593 5159 Non
2636 5105 2855 5160 verbera
2896 5106 3191 5173 imminent,
3232 5126 3337 5165 non
3376 5128 3660 5179 carceres,

2093 5216 2196 5255 non
2243 5197 2529 5267 principes,
2570 5210 2674 5249 non
2718 5209 3018 5267 synagogaa,
3064 5214 3168 5254 non
3208 5202 3352 5257 aliud
3388 5205 3661 5272 quidpiam

2095 5286 2397 5361 hujusmodi
2417 5326 2434 5353 ,
2475 5285 2567 5341 sed
2599 5295 2785 5341 contra
2817 5302 3032 5356 prorsus
3056 5331 3071 5355 ,
3113 5306 3213 5345 nos
3249 5292 3584 5347 dominamur
3612 5303 3678 5351 et.

2093 5382 2432 5452 imperamus.
2479 5379 2831 5449 Imperatores
2869 5382 3008 5434 enim
3053 5382 3189 5449 piam
3226 5382 3406 5435 colunt
3451 5385 3665 5453 religio—

2095 5488 2235 5537 nem,
2259 5470 2541 5526 Christiani
2570 5470 2747 5525 multis
2773 5471 3018 5525 fruuntur
3045 5470 3356 5535 honoribus,
3388 5475 3666 5540 praefectu-

2095 5566 2190 5631 ris,
2230 5564 2394 5635 gloria
2420 5604 2437 5629 ,
2484 5561 2860 5634 tranquillitate
2890 5581 2903 5615 :
2934 5576 3106 5629 neque
3134 5562 3212 5615 sic
3236 5571 3411 5619 tamen
3445 5582 3673 5637 supera~

2098 5670 2236 5712 mus.
2264 5654 2369 5713 Sed
2399 5655 2473 5711 illi
2496 5655 2709 5726 quidem
2731 5669 2850 5710 cum
2872 5653 2938 5709 ad
2959 5652 3249 5709 cruciatum
3271 5672 3391 5713 cum
3417 5660 3523 5717 reis
3538 5677 3668 5733 quoe
