4010 6128
370 210 476 267 395

371 324 500 379 tidie
524 321 863 380 ducerentur,
889 328 994 371 tam
1019 318 1288 383 doctores,
1316 331 1475 387 quam
1503 314 1773 385 discipuli,
1804 311 1952 367 mille

369 417 633 473 vibicibus
659 422 713 469 et
741 412 922 468 multis
946 412 1124 469 onusti
1152 410 1483 477 vulneribus,
1503 408 1706 479 majore
1725 420 1884 477 quam
1917 405 1951 460 ii

369 510 461 581 qui
492 511 545 565 in
575 507 824 579 paradiso
866 515 991 562 sunt
1015 507 1287 578 voluptate
1320 503 1632 559 fruebantur
1660 524 1673 558 :
1700 514 1800 556 nos
1827 512 1955 554 vero

368 602 460 672 qui
488 616 556 658 ne
578 602 631 656 in
662 601 866 656 somnis
889 599 1106 671 quidem
1138 598 1245 652 tale
1273 594 1544 667 quidpiam
1570 592 1919 649 sustinuimus
1937 631 1954 658 ,

368 712 496 753 cera
523 695 799 751 molliores
829 708 1032 750 sumus.
1075 693 1143 746 At
1184 689 1283 757 illi,
1311 688 1541 759 inquies,
1571 685 1829 742 miracula
1858 697 1956 755 pa-

373 789 609 844 trahant.
652 789 734 842 An
776 785 897 841 ideo
932 800 1036 838 non
1074 780 1530 838 verberabantur?
1555 794 1624 833 an
1651 793 1758 833 non
1786 775 1956 847 pelle-

370 879 602 934 bantur?
631 877 840 933 Etenim
867 885 922 931 et
947 874 1073 929 illud
1097 887 1310 945 quoque
1339 868 1658 942 stupendum
1679 877 1782 934 est,
1813 866 1956 938 quod

371 984 517 1040 saepe
543 969 611 1025 ab
635 969 702 1023 iis
726 982 861 1039 quos
889 965 1151 1022 beneficio
1171 963 1458 1020 affecerant
1478 962 1601 1018 talia
1624 969 1953 1032 paterentur,

371 1075 472 1115 nec
497 1060 574 1116 sic
596 1069 774 1114 tamen
801 1057 1162 1123 turbarentur,
1188 1054 1316 1111 dum
1340 1054 1479 1110 mala
1510 1067 1607 1124 pro
1630 1051 1787 1107 bonis
1810 1050 1955 1107 rcci-

370 1162 558 1222 perent
588 1170 601 1206 :
635 1160 692 1208 tu
723 1166 870 1219 vero,
902 1150 948 1205 si
969 1165 1127 1221 quem
1158 1147 1370 1203 modico
1399 1144 1662 1202 beneficio
1689 1142 1953 1209 alleceris,

368 1243 670 1314 deindeque
697 1241 959 1298 molestia:
984 1239 1255 1311 quidpiam
1291 1237 1360 1293 ab
1388 1237 1479 1291 illo
1508 1235 1779 1306 acceperis
1800 1276 1813 1303 ,
1844 1243 1952 1289 tur-

367 1336 537 1403 baris,
567 1351 630 1392 ac
658 1344 710 1391 te
738 1334 918 1390 collati
950 1331 1192 1389 beneficii
1219 1329 1459 1401 paenitet.

440 1427 493 1482 6.
533 1426 589 1483 Si
634 1426 810 1495 itaque
855 1424 1128 1488 acciderit,
1177 1419 1321 1491 quod
1374 1435 1442 1474 ne
1486 1418 1692 1473 accidat
1744 1430 1953 1487 precor,

370 1519 566 1575 bellum
596 1518 651 1572 in
684 1516 937 1571 Ecclesiis
965 1512 1167 1569 moveri
1196 1520 1250 1567 et
1272 1510 1759 1581 persequutionem,
1784 1506 1955 1577 cogita

368 1610 488 1680 quis
514 1610 722 1664 futurus
742 1607 812 1661 sit
848 1606 1010 1673 risus,
1038 1618 1157 1675 qua:
1186 1601 1492 1673 opprobria.
1518 1600 1588 1655 Et
1614 1599 1806 1653 merito
1840 1597 1959 1668 qui-

369 1705 494 1759 dem
533 1721 547 1757 :
576 1716 698 1757 cum
725 1700 868 1756 enim
885 1698 939 1753 in
974 1698 1216 1769 palmstra
1260 1709 1418 1750 nemo
1438 1703 1771 1759 exerceatur,
1819 1705 1957 1764 quo-

372 1794 533 1851 modo
572 1792 767 1863 aliquis
817 1791 871 1846 in
925 1785 1305 1843 certaminibus
1352 1784 1456 1841 erit
1509 1782 1775 1853 insignis?
1825 1780 1957 1849 Quis

369 1887 512 1942 enim
561 1884 791 1950 athleta,
849 1881 939 1951 qui
991 1877 1339 1948 pmdotribam
1389 1874 1596 1929 nullum
1640 1872 1873 1940 noverit,
1899 1871 1955 1929 in

368 1974 752 2032 certaminibus
803 1969 1097 2043 Olympicis
1168 1966 1364 2038 poterit
1419 1964 1675 2019 adversus
1732 1961 1957 2017 alterum

368 2069 642 2142 quidpiam
693 2080 943 2137 magnum
988 2063 1074 2118 vel
1114 2070 1389 2117 strenuum
1430 2058 1727 2114 exhibere?
1764 2057 1957 2111 Annon

372 2170 644 2234 oporteret
675 2174 774 2215 nos
822 2155 1060 2229 quotidie
1105 2168 1343 2226 pugnare
1362 2194 1378 2219 ,
1421 2160 1629 2209 certare
1653 2191 1669 2217 ,
1700 2150 1959 2205 currere?

367 2254 556 2310 Nonne
582 2250 778 2306 videtis
799 2248 852 2304 in
882 2247 1117 2318 quinque
1142 2242 1527 2300 certaminibus
1552 2241 1631 2312 (a)
1648 2280 1663 2305 ,
1690 2256 1815 2296 cum
1834 2240 1957 2295 nul-

370 2347 480 2401 lum
507 2343 667 2398 habet
692 2343 811 2410 quis
837 2337 1200 2394 adversarium
1228 2376 1242 2400 ,
1269 2333 1537 2405 quomodo
1557 2346 1771 2388 saccum
1797 2345 1958 2386 arena

372 2437 539 2492 multa
573 2434 835 2504 repletum
889 2427 1252 2501 suspendant,
1298 2426 1512 2495 illicque
1560 2423 1725 2479 robur
1790 2432 1959 2480 totum

370 2532 659 2583 exerceant
686 2542 698 2578 :
718 2521 956 2593 iuniores
979 2528 1158 2575 autem
1178 2532 1300 2573 cum
1326 2515 1629 2586 junioribus
1653 2529 1774 2571 sese
1797 2530 1957 2570 exer-

373 2626 534 2674 ceant
578 2615 645 2671 ad
691 2628 921 2685 pugnam
948 2626 1069 2667 cum
1116 2608 1435 2665 adversariis
1486 2606 1960 2663 committendam?

372 2711 485 2766 llos
514 2718 571 2765 et
609 2718 665 2763 tu
693 2708 918 2772 imitare,
948 2713 1003 2760 et
1032 2705 1086 2759 in
1123 2701 1471 2773 philosophia:
1506 2699 1886 2756 certaminibus
1907 2709 1961 2756 te

372 2817 584 2861 exerce.
610 2800 760 2855 Multi
800 2808 947 2853 certe
970 2794 1035 2851 ad
1066 2796 1199 2850 iram
1226 2794 1523 2859 concitant,
1544 2791 1697 2847 multi
1740 2791 1807 2847 ad
1834 2807 1961 2848 con-

372 2894 754 2967 cupiscentiam
780 2890 1044 2961 injiciunt,
1078 2901 1431 2958 magnamque
1452 2885 1781 2941 succendunt
1807 2885 1959 2940 ﬂam-

373 3004 539 3045 mam.
571 2985 664 3042 Sta
693 2984 854 3057 igitur
891 2991 1076 3038 contra
1106 2993 1407 3051 mrumnas,
1441 2977 1519 3033 fer
1548 2987 1767 3035 strenue
1795 2978 1958 3033 animi

372 3081 611 3146 dolores,
633 3087 693 3134 ut
715 3075 956 3147 corporis
979 3087 1192 3145 quoque
1215 3071 1425 3127 labores
1447 3071 1588 3127 ferre
1609 3071 1801 3143 possis.
1820 3071 1957 3126 Bea-

372 3184 457 3229 tus
482 3172 677 3244 quippe
690 3168 812 3237 lob,
845 3166 947 3222 nisi
968 3165 1133 3237 probe
1157 3174 1282 3219 ante
1305 3163 1597 3223 certamina
1627 3165 1958 3219 exercitatus

373 3266 579 3331 fuisset,
629 3276 736 3317 non
785 3268 889 3315 tam
919 3256 1278 3337 splenduisset
1312 3254 1364 3309 in
1403 3254 1782 3311 certaminibus
1813 3270 1827 3307 :
1857 3253 1960 3311 nisi

373 3358 661 3414 meditatus
715 3352 903 3408 fuisset
940 3366 1044 3427 qua
1079 3350 1287 3406 ratione
1332 3363 1621 3404 mmrorcm
1667 3363 1884 3405 omnem
1938 3348 1954 3378 ⁸

371 3450 628 3521 abigeret,
644 3445 821 3502 audita
839 3443 1067 3499 filiorum
1089 3448 1279 3505 morte,
1300 3439 1499 3511 aliquid
1522 3438 1772 3494 audacter
1798 3438 1961 3494 dixis-

373 3553 458 3600 set
482 3562 494 3597 :
523 3541 618 3597 sed
639 3540 705 3596 ad
731 3538 913 3594 omnia
937 3534 1228 3591 certamina
1250 3533 1399 3588 stetit
1444 3532 1670 3598 fortiter,
1697 3531 1765 3587 ad
1799 3546 1960 3600 pecu-

380 3634 587 3689 niarum
613 3641 987 3695 tantorumque
1016 3625 1277 3680 bonorum
1303 3622 1565 3693 iacturam
1590 3663 1607 3691 ,
1636 3623 1701 3677 ad
1730 3623 1961 3678 filiorum

392 3725 689 3790 interitum,
729 3721 797 3776 ad
841 3720 1020 3774 uxoris
1059 3717 1306 3771 affectum
1355 3730 1597 3789 pravum,
1630 3715 1696 3774 ad
1724 3717 1962 3786 corporis

374 3820 620 3883 vulnera,
661 3814 728 3870 ad
748 3811 1040 3873 amicorum
1068 3807 1350 3884 Opprohria
1372 3849 1388 3876 ,
1418 3807 1485 3863 ad
1510 3808 1747 3864 convicia
1770 3808 1958 3866 dome-

377 3913 655 3973 sticorum.
701 3907 754 3964 Si
787 3918 947 3977 porro
992 3902 1120 3957 velis
1158 3900 1565 3956 exercitationes
1592 3901 1707 3971 ejus
1741 3901 1958 3972 conspi-

375 4021 520 4070 cere,
541 4002 664 4059 audi
690 4002 862 4071 ipsum
886 3997 1173 4061 dicentem,
1198 4003 1453 4065 quantum
1470 3995 1747 4065 pecuniam
1775 3995 1959 4066 despi-

370 4107 519 4153 ceret
547 4112 561 4147 :
593 4093 656 4151 Si
691 4092 844 4146 etiam
872 4090 1075 4143 lwtatus
1104 4102 1215 4140 sum
1236 4126 1251 4152 ,
1283 4086 1452 4139 multis
1481 4086 1604 4139 mihi
1647 4086 1958 4157 afﬂuentibus

371 4188 561 4245 divitiis
589 4186 665 4241 :si
686 4201 785 4239 non
801 4181 971 4254 putavi
991 4192 1173 4232 aurum
1192 4177 1469 4246 pulverem,
1496 4179 1611 4235 siin
1641 4180 1809 4249 lapide
1837 4196 1955 4251 pre.

368 4283 497 4336 tioso
523 4277 764 4347 ﬁduciam
807 4274 959 4330 habui
1011 4270 1132 4347 (Job
1167 4270 1258 4325 51.
1285 4269 1375 4332 25.
1404 4267 1531 4340 24).
1578 4270 1702 4332 ideo
1732 4287 1799 4325 ne
1828 4272 1958 4342 ipsis

371 4372 588 4443 quidem
626 4368 861 4439 abreptis
886 4366 1200 4422 turbabatur
1221 4405 1237 4431 ,
1265 4365 1355 4436 qui
1387 4365 1726 4435 praesentium
1752 4366 1957 4435 cupidi-

372 4474 481 4521 tale
519 4478 625 4519 non
657 4460 955 4519 tenebatur.
1002 4458 1141 4513 Audi
1183 4457 1341 4513 etiam
1369 4456 1635 4526 quomodo
1660 4472 1720 4511 ea
1747 4472 1865 4525 quae
1889 4456 1955 4511 ad

372 4557 514 4612 filios
535 4552 846 4625 spectabant
871 4557 1139 4616 tractaret,
1169 4564 1276 4603 non
1305 4547 1532 4602 molliter
1547 4547 1663 4618 plus
1688 4564 1846 4617 quam
1876 4548 1956 4605 fas

371 4650 443 4705 sit
463 4661 646 4718 agens,
679 4653 737 4701 ut
760 4659 877 4711 nos,
909 4641 1004 4699 sed
1031 4654 1244 4701 omnem
1261 4638 1329 4695 ab
1354 4638 1460 4697 illis
1482 4638 1811 4708 diligentiam
1840 4640 1954 4695 exi.

371 4755 523 4810 gens.
558 4738 692 4793 Nam
720 4736 808 4812 qui
831 4748 930 4811 pro
957 4731 1184 4791 occultis
1208 4729 1526 4790 sacriﬁcium
1558 4729 1837 4798 offerebat,
1864 4746 1953 4785 co-

368 4832 477 4901 gita
521 4844 679 4899 quam
727 4835 918 4883 exacte
959 4824 1027 4880 de
1065 4821 1364 4879 manifestis
1398 4820 1681 4891 judicarct.
1728 4820 1879 4887 Quod
1908 4821 1954 4877 si

369 4920 508 4977 velis
533 4918 649 4989 ejus
676 4917 744 4973 de
773 4917 1015 4973 castitate
1051 4927 1326 4971 sermones
1352 4911 1539 4968 audire
1562 4953 1578 4979 ,
1628 4910 1753 4966 audi
1802 4910 1951 4972 illum

370 5017 639 5073 dicentem
665 5029 677 5064 :
702 5010 885 5082 Pepigi
911 5010 1074 5080 [cadus
1100 5024 1215 5062 cum
1235 5005 1395 5063 oculis
1430 5006 1571 5073 meis,
1605 5013 1659 5063 ut
1683 5021 1745 5062 ne
1764 5004 1955 5075 cogita-

366 5124 474 5162 rem
511 5102 715 5176 quidem
743 5099 806 5153 de
829 5101 1018 5175 virgine
1043 5098 1201 5167 (Ibid.
1230 5114 1277 5153 v.
1310 5098 1334 5152 1
1359 5094 1399 5168 ).
1428 5096 1631 5153 Idcirco
1667 5096 1814 5157 illum
1845 5113 1949 5158 non

274 5200 275 5203 “
367 5197 526 5269 fregit
552 5209 688 5250 uxor
719 5209 734 5246 :
761 5190 907 5245 illam
930 5188 1127 5259 quippe
1150 5197 1302 5242 antea
1332 5187 1564 5255 amabat,
1593 5195 1649 5241 et
1679 5202 1781 5246 non
1811 5187 1948 5243 ultra

368 5291 608 5357 modum,
631 5286 724 5342 sed
748 5280 1070 5340 utconvenit
1086 5295 1305 5336 uxorem
1328 5280 1570 5350 diligere.
1592 5282 1947 5348 Quamobrem

367 5382 498 5439 mihi
522 5379 704 5436 mirari
743 5376 907 5441 subit,
939 5388 1033 5429 cur
1062 5372 1113 5427 in
1144 5386 1381 5425 ammum
1412 5371 1678 5426 induxerit
1703 5371 1949 5429 diabolus

724 5474 762 5487 ,Α

428 5526 442 5556 ι
477 5521 594 5579 Alii,
618 5520 927 5584 cupiditatem
950 5529 1154 5584 munem.

429 5584 497 5641 (a)
546 5576 617 5633 De
656 5576 1421 5644 p'entathlomslverquinquertiu
1469 5582 1628 5628 actum
1678 5582 1755 5627 est
1796 5576 1937 5628 Anti-

370 5638 570 5706 quitatis
610 5638 886 5708 eiplanauﬁ
910 5642 963 5694 '1'.
992 5642 1051 5702 γ,
1079 5638 1193 5701 ι.“5,
1225 5638 1270 5703 ιὶ.
1306 5638 1412 5689 ‘29].

1112 204 1168 256 S.
1207 198 1485 256 JOANNIS
1508 191 1983 255 CHRYSOSTOSII
2036 191 2353 251 ARCHIEP.
2386 197 2922 256 CONSTANTINOP.

3538 206 3642 263 396

2061 316 2356 371 certamina
2384 325 2569 372 contra
2594 318 2766 383 ipsum
2789 331 3025 383 movere,
3050 318 3137 388 qui
3163 320 3279 389 ejus
3308 322 3643 379 exercitatio-

2061 420 2157 461 nes
2191 418 2437 463 noverat.
2480 409 2589 464 Cur
2615 423 2743 480 ergo
2768 409 2820 464 id
2856 410 2929 464 illi
2960 410 3013 465 in
3041 419 3274 467 mentem
3300 414 3486 468 venit?
3511 414 3645 471 Mala

2060 508 2143 554 est
2185 498 2356 555 bestia
2400 516 2499 557 nec
2524 516 2777 573 umquam
2815 502 3104 573 desperat;
3134 503 3185 559 id
3212 505 3355 576 quod
3381 516 3525 562 certe
3548 524 3649 563 nos

2062 593 2293 648 maxime
2318 592 2575 661 damnat,
2624 594 2764 665 quod
2792 609 2914 650 cum
2959 595 3049 653 ille
3080 612 3368 669 numquam
3396 598 3649 669 desperet

2062 685 2129 740 de
2150 686 2384 756 pernicie
2413 687 2567 742 nobis
2605 688 2879 743 inferenda
2905 730 2921 756 ,
2948 703 3046 743 nos
3070 688 3426 761 desperemus
3451 690 3519 747 de
3540 708 3643 747 no-

2061 789 2172 832 stra
2194 778 2385 833 salute.
2415 778 2521 835 Sed
2544 778 2664 835 vide
2692 779 2854 835 etiam
2896 781 3164 851 quomodo
3190 784 3433 853 corporis
3472 784 3646 840 labem

2061 878 2117 923 et
2140 870 2343 925 saniem
2363 879 2487 926 ante
2508 870 2795 927 meditatus
2812 873 2903 927 sit.
2926 872 3061 941 Quia
3084 873 3226 929 enim
3246 874 3379 929 nihil
3394 888 3645 947 umquam

2065 959 2170 1015 tale
2190 974 2381 1031 passus
2409 960 2601 1026 fuerat,
2642 960 2735 1018 sed
2762 961 2815 1017 in
2841 961 3061 1029 divitiis,
3089 962 3359 1034 voluptate
3385 980 3448 1020 ac
3467 966 3650 1035 splen-

2061 1050 2192 1107 dore
2228 1051 2389 1107 vitam
2417 1060 2769 1121 transegerat,
2822 1052 3026 1109 alienas
3055 1054 3386 1111 calamitates
3408 1056 3647 1126 quotidie

2062 1144 2241 1199 animo
2269 1143 2534 1200 versabat.
2584 1144 2653 1199 Et
2681 1144 2784 1200 hoc
2802 1144 3085 1201 declarans
3114 1145 3327 1202 dicebat
3356 1165 3371 1202 :
3400 1146 3539 1202 Nam
3583 1149 3648 1202 ti—

2061 1251 2192 1301 mor,
2220 1251 2369 1304 quem
2415 1234 2671 1303 timebam,
2700 1238 2860 1291 evenit
2894 1237 3038 1303 mihi,
3066 1246 3116 1291 et
3140 1255 3286 1309 quem
3308 1238 3645 1308 trepidabant,

2062 1330 2279 1383 occurrit
2299 1329 2423 1383 mihi
2458 1327 2577 1399 (Job
2604 1329 2658 1384 5.
2687 1329 2757 1385 25
2777 1331 2816 1399 ).
2850 1330 2915 1385 Ει
2939 1346 3124 1386 rursus
3155 1351 3170 1386 :
3195 1330 3306 1402 Ego
3337 1349 3453 1386 vero
3492 1350 3649 1403 super

2062 1421 2199 1476 omni
2226 1421 2476 1476 imbecillo
2512 1421 2709 1492 ploravi
2727 1463 2740 1485 ,
2771 1431 2818 1476 et
2842 1422 3061 1493 ingemui
3097 1423 3270 1477 videns
3297 1424 3455 1477 virum
3476 1424 3529 1477 in
3557 1441 3650 1478 ne-

2062 1513 2373 1570 cessitatibus
2415 1513 2542 1585 (Id.
2577 1513 2666 1570 30.
2693 1513 2764 1569 25
2782 1512 2822 1584 ).
2859 1514 2984 1569 Ideo
3008 1515 3150 1569 nulla
3176 1530 3241 1569 ex
3268 1515 3372 1569 illis
3399 1514 3651 1569 intolera-

2063 1607 2262 1663 bilibus
2286 1606 2678 1662 calamitatibus
2728 1606 2878 1660 illum
2906 1605 3266 1675 perturbabat.
3297 1604 3377 1660 Ne
3403 1604 3528 1658 mihi
3556 1621 3650 1660 rc-

2062 1700 2257 1771 Spicias
2307 1699 2651 1770 pecuniarum
2696 1701 2957 1768 jacturam
2986 1740 3002 1764 ,
3056 1698 3282 1753 ﬁliorum
3348 1698 3647 1765 interitum,

2064 1794 2273 1864 plagam
2322 1791 2467 1848 illam
2497 1790 2842 1847 incurabilem
2863 1831 2877 1855 ,
2912 1790 3093 1845 uxoris
3138 1789 3395 1855 insidias;
3429 1790 3521 1844 sed
3566 1791 3652 1845 his

2064 1884 2221 1956 longe
2241 1884 2508 1955 graviora.
2535 1882 2604 1937 Et
2623 1882 2746 1953 quid
2767 1881 3005 1951 gravius,
3035 1881 3260 1951 inquies,
3284 1878 3384 1936 Job
3407 1883 3611 1950 accepit
3626 1883 3653 1935 ἲ

2068 1976 2140 2031 ab
2166 1974 2387 2032 historia
2414 1983 2565 2031 certe
2590 1974 2720 2031 nihil
2749 1973 2895 2031 aliud
2920 1973 3195 2029 discimus.
3228 1972 3358 2039 Quia
3382 1973 3647 2027 dormita-

2065 2082 2185 2122 mus
2212 2107 2227 2133 ,
2257 2081 2363 2121 non
2391 2065 2646 2121 discimus
2697 2082 2710 2117 :
2741 2065 2836 2119 sed
2881 2064 2970 2135 qui
3001 2064 3282 2135 diligenter
3309 2064 3572 2134 eaplorat,
3595 2074 3652 2119 et

2066 2159 2403 2230 margaritam
2426 2158 2592 2233 probe
2617 2156 2827 2228 qna-rit,
2862 2155 3026 2211 multo
3043 2155 3192 2226 plura
3209 2155 3361 2211 sciet.
3391 2154 3648 2211 Graviora

2066 2250 2287 2322 quippe,
2313 2264 2433 2321 qua:
2473 2248 2731 2319 majorem
2771 2246 3223 2318 perturbationem
3255 2246 3452 2302 inferre
3495 2256 3649 2316 pole-

2066 2352 2209 2411 rant,
2238 2342 2343 2398 alia
2385 2350 2561 2397 erant.
2594 2340 2795 2403 Primo,
2822 2338 2963 2409 quod
3004 2338 3132 2393 nihil
3178 2338 3340 2397 sciret
3384 2337 3453 2393 de
3482 2353 3651 2408 regno

2066 2436 2323 2492 caelorum
2351 2434 2498 2490 etde
2532 2432 2926 2489 resurrectione
2951 2430 3028 2504 (a)
3062 2432 3238 2501 :quod
3269 2432 3429 2488 etiam
3457 2433 3648 2502 lugens

2066 2526 2276 2584 dicebat
2303 2544 2318 2582 :
2346 2524 2470 2581 Nan
2523 2526 2655 2584 enim
2683 2525 2736 2579 in
2764 2534 3006 2579 (etei-num
3037 2523 3219 2592 vivam,
3248 2533 3304 2577 ut
3344 2524 3651 2594 longanimis

2067 2621 2163 2674 sim
2191 2618 2315 2690 (Id.
2354 2619 2406 2673 'l.
2446 2616 2572 2689 l6).
2612 2615 2880 2684 Secundo,
2919 2615 3061 2685 quod
3100 2616 3389 2671 multorum
3415 2616 3515 2671 sibi
3547 2614 3650 2670 bo-

2068 2727 2259 2768 norum
2285 2711 2531 2767 conscius
2551 2720 2712 2766 esset.
2737 2710 2939 2768 Tertio.
2969 2707 3109 2780 quod
3138 2707 3333 2763 nullius
3354 2718 3495 2764 esset
3512 2723 3650 2764 con-

2068 2805 2210 2860 scius
2237 2802 2383 2858 mali.
2413 2802 2636 2870 Quarto,
2660 2800 2804 2872 quod
2842 2801 2943 2855 sibi
2972 2815 3000 2853 a
3042 2800 3151 2855 Deo
3179 2809 3390 2871 putaret
3420 2800 3533 2854 haec
3562 2800 3650 2854 in-

2068 2893 2194 2949 ferri
2219 2894 2355 2948 mala
2382 2911 2395 2947 :
2438 2891 2580 2963 quod
2612 2893 2655 2947 si
2680 2892 2840 2948 etiam
2878 2907 2907 2945 a
2939 2890 3152 2947 diabolo
3176 2932 3190 2955 ,
3217 2892 3319 2946 hoc
3345 2891 3418 2945 illi
3445 2900 3652 2962 peterat

2069 2986 2390 3043 offendiculo
2435 2999 2572 3041 esse.
2619 2984 2844 3051 Quinto,
2878 2983 3018 3054 quod
3042 2982 3250 3038 audiret
3268 2982 3469 3038 amicos
3496 2997 3554 3037 se
3579 2980 3652 3037 dc

2068 3078 2302 3149 nequitia
2330 3077 2632 3132 incusantes
2657 3092 2670 3129 :
2697 3076 2818 3129 Non
2855 3076 2986 3129 enim
3020 3075 3295 3146 condignas
3318 3115 3333 3139 ,
3363 3073 3648 3141 dicebant,

2069 3170 2286 3243 peccatis
2308 3171 2406 3224 tuis
2424 3170 2602 3241 plagas
2619 3169 2806 3239 accipis
2826 3165 2938 3238 (Id.
2964 3168 3048 3222 11.
3076 3169 3109 3222 6
3132 3169 3172 3238 ).
3212 3166 3395 3233 Sexto,
3422 3167 3562 3238 quod
3592 3167 3650 3223 in

2070 3262 2301 3333 nequitia
2313 3261 2549 3317 viventes
2564 3260 2765 3315 videret
2782 3274 3034 3329 prospere
3050 3273 3229 3330 agere,
3241 3268 3363 3315 etse
3380 3258 3646 3316 deridere.

2069 3353 2327 3423 Septimo,
2342 3351 2482 3423 quod
2503 3351 2768 3407 neminem
2783 3350 2987 3406 videret
3002 3350 3123 3405 talia
3143 3365 3391 3421 umquam
3411 3364 3645 3420 passum.

2139 3445 2195 3500 7.
2222 3443 2307 3503 Ea:
2325 3443 2600 3515 pusillitate
2622 3451 2792 3497 nostra
2811 3451 3054 3513 quantum
3086 3440 3345 3512 splendeat
3362 3440 3479 3496 labi
3500 3443 3650 3513 [orti-

2069 3536 2211 3593 tudo.
2238 3566 2311 3575 —
2340 3534 2409 3590 Et
2426 3534 2471 3589 si
2497 3534 2707 3589 discere
2736 3533 2871 3588 velis
2896 3540 3091 3603 quanta
3117 3531 3231 3588 hinc
3257 3534 3384 3599 sint,
3406 3546 3650 3602 prmsen-

2069 3630 2141 3684 tia
2169 3628 2469 3689 considera.
2501 3627 2632 3682 Nam
2661 3626 2704 3682 si
2736 3642 2878 3682 nunc
2904 3667 2919 3694 ,
2948 3641 3071 3681 cum
3101 3640 3321 3696 regnum
3363 3636 3645 3696 exspecta-

2068 3734 2173 3794 tur,
2198 3739 2320 3783 cum
2364 3723 2682 3780 resurrectio
2708 3730 2971 3795 speratur,
3000 3735 3208 3778 necnon
3243 3719 3528 3777 inen‘ahilia
3556 3720 3646 3775 illa

2066 3821 2225 3885 bona,
2250 3835 2372 3876 cum
2403 3817 2660 3874 malorum
2689 3816 2834 3872 mille
2861 3815 3013 3871 nobis
3040 3815 3240 3871 conscii
3272 3829 3456 3869 sumus
3478 3855 3493 3880 ,
3522 3829 3645 3868 cum

2066 3922 2144 3969 tot
2170 3913 2429 3968 habemus
2453 3909 2698 3980 exempla
2720 3951 2735 3976 ,
2766 3916 2822 3963 et
2858 3916 3056 3962 tantam
3087 3915 3374 3961 tractamus
3402 3904 3645 3975 philoso-

2063 4006 2268 4079 phiam,
2297 4004 2341 4059 si
2368 4002 2581 4074 quidam
2608 4018 2673 4058 ex
2716 4000 2873 4057 nobis
2901 3999 3113 4071 paulum
3142 4000 3260 4054 auri
3283 3998 3643 4069 perdiderint,

2065 4114 2209 4170 sa'pe
2227 4099 2411 4171 rapina
2436 4104 2665 4169 partum,
2694 4111 2801 4151 non
2830 4094 3043 4150 vitalem
3066 4093 3167 4148 sibi
3194 4092 3353 4147 vitam
3380 4107 3501 4148 esse
3522 4092 3646 4147 exi-

2064 4192 2320 4257 stimant;
2352 4204 2458 4246 non
2492 4198 2713 4259 urgente
2750 4201 2915 4242 uxore
2937 4227 2953 4254 ,
3002 4200 3109 4240 non
3160 4184 3395 4255 abreptis
3439 4183 3642 4249 liberis,

2064 4300 2172 4342 non
2193 4282 2380 4340 amicis
2406 4279 2851 4352 exprobrantibus
2874 4319 2889 4343 ,
2918 4292 3024 4333 non
3049 4275 3354 4331 domesticis
3381 4274 3643 4330 insultan-

2064 4380 2238 4444 tibus;
2269 4376 2363 4433 sed
2411 4376 2592 4431 multis
2638 4375 2808 4444 ipsum
2838 4369 3259 4437 consolantibus,
3287 4368 3405 4425 sive
3429 4367 3641 4431 verbis,

2063 4470 2176 4527 sive
2197 4470 2356 4524 rebus
2374 4467 2530 4537 ipsis:
2554 4473 2685 4536 quot
2696 4463 2907 4519 coronis
2917 4461 3107 4532 dignus
3122 4461 3211 4516 ille
3234 4475 3340 4515 non
3360 4458 3536 4525 fuerit,
3553 4458 3646 4529 qui

2057 4560 2217 4631 justis
2259 4558 2479 4615 collecta
2526 4555 2627 4611 sibi
2655 4554 2928 4609 laboribus
2946 4552 3079 4607 vidit
3103 4551 3221 4607 sine
3245 4564 3405 4605 causa
3428 4548 3643 4618 abripi,

2060 4663 2116 4708 et
2137 4659 2257 4722 post
2297 4649 2385 4704 illa
2414 4646 2593 4704 omnia
2618 4646 2767 4701 mille
2792 4645 3146 4701 tentationum
3169 4656 3364 4713 genera
3389 4648 3643 4711 expertus

2061 4752 2167 4813 est,
2198 4753 2517 4811 semperque
2558 4748 2736 4794 tamen
2768 4739 3023 4793 immotus
3061 4735 3279 4799 mansit,
3332 4743 3388 4789 et
3431 4733 3643 4789 debitas

2061 4836 2161 4893 hac
2180 4836 2249 4892 de
2277 4851 2336 4891 re
2360 4834 2648 4905 gratiarum
2671 4833 2910 4888 actiones
2932 4830 3158 4885 Domino
3177 4827 3358 4885 retulit
3377 4828 3402 4881 ?
3418 4824 3643 4882 Etiamsi

2059 4931 2202 4987 enim
2232 4928 2407 4983 nullus
2435 4926 2572 4982 alius
2599 4924 2702 4995 ipsi
2750 4924 2939 4979 fuisset
2982 4923 3254 4994 loquutus,
3307 4921 3491 4976 uxoris
3520 4928 3641 4973 tan-

2059 5031 2171 5078 tum
2195 5020 2355 5075 verba
2386 5026 2633 5088 poterant
2662 5014 2748 5071 vel
2777 5022 2957 5084 petras
2987 5027 3346 5069 commovere.
3376 5010 3510 5067 Vide
3538 5011 3641 5081 igi—

2057 5124 2143 5171 tur
2161 5113 2301 5169 illius
2328 5110 2599 5167 astutiam.
2626 5107 2745 5164 Non
2769 5114 3032 5165 memorat
3055 5105 3293 5171 divitias,
3322 5118 3427 5159 non
3455 5117 3641 5158 came-

2055 5211 2159 5277 los,
2185 5221 2291 5263 non
2319 5218 2509 5276 greges
2528 5245 2544 5269 ,
2572 5218 2679 5258 non
2721 5210 2962 5257 armenta
3004 5197 3230 5271 (sciebat
3254 5198 3398 5254 enim
3427 5196 3523 5251 viri
3552 5196 3639 5251 sui

2054 5302 2139 5357 his
2164 5301 2217 5355 in
2235 5300 2398 5356 rebus
2419 5295 2808 5368 phil050phiam
2830 5295 2881 5364 ),
2913 5292 3007 5349 sed
3046 5290 3188 5362 quod
3207 5291 3453 5347 acerbius
3498 5299 3638 5355 erat,

2056 5392 2282 5447 filiorum
2310 5389 2606 5455 interitum,
2631 5385 3049 5458 tragoediamque
3075 5383 3335 5449 extendit,
3364 5393 3525 5453 atque
3541 5397 3641 5436 sua

2115 5525 2188 5585 (a)
2219 5522 2349 5582 Quod
2382 5523 2499 5573 dicit
2537 5522 2931 5587 Chrysostomus,
2967 5520 3135 5587 lolium
3166 5519 3229 5587 de
3258 5527 3643 5587 resurrectione

2052 5581 2180 5657 nihil
2205 5581 2425 5647 novisse,
2464 5600 2559 5636 non
2599 5581 2828 5635 consonat
2872 5597 2979 5633 cum
3018 5581 3205 5645 vulgari
3242 5583 3493 5633 doctorum
3532 5592 3643 5642 Opl-

2053 5663 2216 5701 ωυιιρ.
