4010 6128
296 305 400 360 597

296 408 693 479 addidit.—Quod
719 408 761 462 si
791 408 875 472 iis,
897 407 987 477 qui
1015 419 1269 476 prospere
1294 419 1405 459 rem
1436 402 1679 473 mebaut,
1710 397 1874 455 nihil-

296 517 403 571 que
440 501 700 572 ingratum
730 499 1079 568 patiebantur,
1114 495 1278 549 multa
1299 508 1441 565 sirpe
1467 508 1659 548 uxores
1688 506 1873 546 suase-

300 601 470 647 runt:
514 591 686 661 cogita
717 604 872 658 quam
930 598 1144 641 strenua
1199 586 1283 641 illa
1330 596 1472 641 esset
1516 585 1715 647 anima,
1756 598 1875 653 qua:

302 696 522 736 uxorem
554 688 631 734 tot
650 679 811 732 annis
836 679 1146 732 instructam
1175 677 1344 745 potuit
1369 675 1645 745 repellere,
1670 684 1722 727 et
1742 675 1876 728 duos

299 772 593 827 acerrimos
617 769 835 824 affectus
858 768 1102 832 calcavit,
1130 767 1474 837 cupiditatem
1499 773 1558 821 et
1576 765 1876 819 misericor-

298 863 462 917 diam.
492 861 637 915 Multi
660 861 802 915 enim
829 860 921 929 qui
949 859 1437 928 concupiscentiam
1479 859 1743 923 vicerant,
1776 855 1877 910 mi-

300 951 591 1007 sericordia
619 950 801 1006 inﬂexi
855 959 998 1006 sunt.
1030 949 1163 1005 Nam
1211 949 1529 1003 fortissimus
1550 948 1645 1003 ille
1674 946 1874 1016 Ioseph

303 1044 624 1113 voluptatem
654 1043 799 1097 illam
844 1043 1171 1112 tyrannicam
1220 1041 1463 1107 calcavit,
1490 1049 1545 1096 et
1586 1039 1872 1094 barbaram

303 1133 445 1186 illam
475 1132 749 1187 mulierem
794 1133 988 1187 multas
1016 1130 1386 1186 admoventem
1410 1130 1684 1185 machinas
1719 1143 1879 1198 repu-

302 1223 385 1289 lit,
412 1222 674 1293 lacrymas
703 1237 834 1279 vero
886 1223 1163 1277 continere
1190 1237 1296 1275 non
1324 1222 1515 1292 potuit,
1545 1220 1639 1276 sed
1692 1219 1879 1273 videns

305 1317 496 1371 fratres
523 1330 648 1371 suos
695 1316 784 1385 qui
834 1329 1014 1369 secum
1067 1314 1246 1383 inique
1272 1321 1512 1383 egerant,
1543 1311 1645 1367 hoc
1688 1310 1879 1365 affectu

301 1415 488 1475 captus
512 1413 610 1470 est,
644 1415 699 1459 et
726 1407 928 1459 vultum
946 1405 1052 1460 cito
1078 1404 1326 1475 lacrymis
1354 1404 1618 1472 aperiens,
1651 1417 1765 1457 rem
1794 1409 1878 1455 to-

305 1506 412 1551 tam
461 1497 724 1566 patefecit.
754 1496 888 1549 Cum
918 1505 1096 1549 autem
1142 1502 1198 1547 et
1243 1509 1374 1548 uxor
1396 1501 1500 1557 est,
1537 1491 1879 1546 commisera-

304 1591 451 1645 tione
475 1589 634 1659 digna
660 1588 925 1652 referens,
977 1602 1135 1657 quam
1167 1594 1462 1655 opportune
1487 1584 1677 1652 juvant
1716 1585 1880 1637 etiam

303 1690 513 1751 tempus
532 1723 549 1746 ,
574 1680 795 1734 vulnera
817 1719 833 1744 ,
862 1679 1058 1747 plagae,
1090 1685 1146 1730 et
1186 1675 1330 1730 mille
1361 1676 1721 1729 calamitatum
1764 1672 1876 1726 llu-

298 1785 421 1826 ctus
449 1788 463 1826 :
491 1786 596 1840 quo
625 1779 779 1839 pacto
804 1784 907 1823 non
934 1768 1053 1837 jure
1081 1767 1282 1821 dixeris
1306 1766 1539 1820 animam
1570 1780 1688 1834 qure
1713 1778 1879 1834 gene-

301 1882 426 1921 rose
448 1873 644 1920 tatitzim
678 1863 780 1919 fert
806 1870 1172 1931 tempestatem
1193 1902 1207 1921 .
1236 1875 1355 1915 esse
1374 1859 1655 1913 adamante
1676 1857 1882 1912 ﬁrmio-

300 1958 454 2013 rem?
483 1957 660 2011 Liceat
690 1955 816 2011 mihi
853 1954 1032 2009 dicere
1070 1953 1220 2008 vobis
1246 1994 1261 2018 ,
1294 1952 1507 2006 beatum
1530 1951 1673 2003 illum
1701 1950 1745 2003 si
1775 1964 1880 2003 non

299 2051 580 2120 majorem,
607 2064 710 2103 non
730 2049 989 2103 minorem
999 2056 1145 2101 certe
1161 2046 1289 2115 ipsis
1302 2043 1555 2113 apostolis
1572 2042 1753 2097 fui>se.
1772 2040 1879 2096 Illis

302 2158 532 2212 traxitque
550 2142 846 2197 consolatio
870 2149 1006 2205 erat,
1034 2138 1175 2209 quod
1207 2145 1419 2207 propter
1445 2135 1711 2189 Christum
1736 2145 1883 2202 pate-

302 2245 520 2289 reutnr:
541 2246 592 2288 et
609 2234 710 2288 hoc
729 2234 978 2289 idoneum
1000 2240 1116 2285 erat
1140 2229 1432 2285 remedium
1445 2226 1583 2298 quod
1602 2226 1721 2280 illos
1745 2239 1881 2294 quo-

298 2326 430 2379 tidie
451 2327 679 2395 erigeret
694 2323 852 2394 ,quod
867 2324 1026 2377 etiam
1046 2320 1238 2390 ubique
1255 2318 1582 2390 proponebat
1603 2317 1878 2382 Dominus,

305 2418 524 2488 Propter
548 2434 628 2470 me
654 2458 669 2482 ,
701 2416 881 2470 dicens
904 2457 919 2477 ,
944 2424 998 2469 et
1022 2456 1034 2476 ,
1061 2413 1123 2468 Si
1144 2429 1223 2465 me
1242 2409 1657 2481 patremfamilias
1688 2406 1881 2460 Beelze-

301 2511 399 2564 bub
414 2507 1044 2579 vocaverunt(Hatth.-10.
1066 2505 1158 2577 25)
1196 2505 1291 2559 Ille
1308 2519 1431 2557 vero
1448 2503 1544 2555 ista
1559 2514 1752 2555 vacuus
1769 2506 1882 2553 erat

297 2601 668 2655 consolatione
688 2640 704 2663 ,
729 2614 827 2653 nec
858 2614 962 2651 non
990 2597 1079 2650 illa
1105 2611 1223 2665 qua:
1250 2611 1316 2649 ex
1345 2593 1527 2664 signis,
1556 2590 1642 2645 vel
1670 2606 1786 2659 qua:
1814 2603 1880 2645 ex

298 2691 469 2761 gratia
496 2689 944 2761 proficiscebatur.
972 2687 1153 2755 Neque
1179 2686 1319 2740 enim
1348 2694 1549 2738 tantam
1572 2682 1752 2735 habuit
1775 2681 1879 2734 vim

298 2781 552 2851 Spiritus.
574 2779 833 2849 Quodque
852 2778 1023 2847 majus
1046 2787 1148 2840 est,
1172 2777 1223 2830 in
1250 2774 1458 2830 deliciis
1480 2771 1662 2827 multis
1677 2770 1874 2826 educa-

304 2883 409 2935 tus,
436 2887 543 2925 non
563 2887 628 2925 ex
656 2872 995 2939 piscatorum,
1030 2868 1114 2922 vel
1142 2866 1566 2936 publicanorum,
1588 2862 1667 2916 vel
1698 2860 1876 2915 vilium

302 2976 649 3033 personarum
677 2976 897 3014 IIIIIIICI‘O
918 2968 1050 3023 erat,
1083 2958 1174 3012 sed
1203 2971 1323 3011 cum
1351 2966 1554 3010 tantum
1581 2966 1879 3021 consequu-

303 3063 390 3106 tus
418 3050 600 3106 fuisset
627 3050 903 3115 honorem,
950 3048 1065 3102 haec
1094 3047 1407 3116 patiebatur.
1437 3044 1694 3114 Quodque
1738 3041 1879 3112 apud

1208 293 1281 350 IN
1315 288 1720 349 MATTIIIEUSI
1757 282 1989 345 HOMIL.
2027 284 2270 346 XXXIV,
2305 286 2375 341 sl.
2417 285 2637 342 XXXV.

3435 286 3539 347 598

1968 399 2239 471 apostolos
2275 400 2554 455 onerosius
2606 398 2816 453 videtur
2863 397 3059 462 fuisse.
3087 399 3140 455 id
3188 400 3278 454 ille
3331 416 3542 471 quoque

1968 489 2240 557 sustinuit,
2268 490 2337 547 ab
2380 489 2591 551 amicis,
2622 503 2651 543 a
2696 488 3025 557 domesticis,
3057 490 3126 544 ab
3155 491 3385 545 inimicis
3418 493 3545 548 odio

1972 582 2206 645 habitus,
2236 597 2442 638 necnon
2473 584 2541 638 ab
2570 584 2636 638 iis
2679 583 2872 653 quibus
2919 583 3057 639 bene
3093 586 3309 653 fecerat,
3341 601 3440 641 nec
3470 597 3547 642 ta-

1971 690 2091 729 men
2139 674 2229 729 ille
2272 690 2480 729 sacram
2506 689 2780 741 auem-am,
2812 684 2868 729 et
2913 676 3257 744 tranquillum
3298 691 3543 746 portum,

1968 781 2160 834 nempe
2184 765 2285 820 hoc
2304 766 2445 836 quod
2467 766 2724 834 apostolis
2745 764 2943 820 dictum
2973 768 3168 831 fuerat,
3198 767 3416 835 Propter
3443 787 3543 833 me,
3615 780 3621 789 '

1971 858 2150 911 videre
2180 859 2371 926 potuit.
2397 856 2557 913 Miror
2582 858 2740 912 etiam
2771 864 2880 911 tres
2908 872 3122 926 pueros,
3152 862 3240 929 qui
3266 857 3543 912 fornacem

1972 949 2179 1003 fortiter
2206 948 2520 1017 adierunt‘,
2548 949 2640 1018 qui
2662 960 2894 1019 tyranno
2924 949 3258 1004 resisterunt.
3286 949 3389 1005 Sed
3422 948 3545 1006 audi

1967 1038 2092 1108 quid
2123 1038 2298 1093 dicant
2326 1055 2339 1091 :
2365 1038 2500 1095 Deos
2528 1048 2640 1093 tuos
2670 1056 2771 1093 non
2797 1038 3033 1103 colimus,
3057 1049 3104 1092 et
3125 1047 3347 1092 statuam
3378 1051 3540 1103 tuam,

1967 1146 2121 1199 quam
2146 1130 2366 1194 nexisti,
2396 1146 2499 1185 non
2517 1131 2795 1184 adoramus
2818 1130 2981 1202 (Dan.
3016 1132 3069 1186 5.
3104 1130 3214 1198 18).
3245 1130 3394 1197 Quod
3419 1130 3549 1199 ipsis

1968 1236 2157 1290 magna
2207 1231 2325 1276 erat
2374 1222 2703 1285 consolatio,
2737 1221 2877 1290 quod
2910 1223 3076 1290 probe
3103 1225 3303 1277 scirent
3330 1238 3390 1277 se
3412 1239 3549 1291 pro-

1970 1321 2087 1379 pter
2118 1312 2280 1367 Deum
2309 1312 2489 1367 omnia
2522 1313 2649 1381 pati.
2683 1313 2779 1368 llic
2806 1328 2937 1367 vero
2965 1314 3253 1378 nesciebat,
3286 1313 3398 1369 hinc
3420 1329 3549 1371 esse

1968 1403 2261 1455 certamina
2277 1412 2329 1456 et
2343 1402 2536 1457 luctum
2557 1419 2572 1469 ;
2596 1401 2643 1457 si
2661 1406 2804 1459 enim
2821 1404 3089 1472 scivisset,
3107 1406 3369 1460 malorum
3387 1421 3550 1463 sensu

1970 1508 2074 1547 non
2107 1494 2176 1546 ita
2208 1492 2427 1548 allectus
2456 1494 2663 1549 fuisset.
2703 1495 2838 1550 Cum
2869 1511 2997 1566 ergo
3039 1497 3304 1567 audisset,
3336 1499 3415 1551 An
3442 1500 3549 1553 alia

1968 1585 2165 1638 ratione
2193 1602 2272 1638 me
2304 1595 2454 1655 putas
2495 1588 2583 1640 tibi
2610 1588 2952 1656 respondisse,
2993 1605 3143 1656 quam
3174 1601 3228 1644 ut
3247 1593 3423 1660 justus
3452 1607 3549 1657 ap-

1969 1691 2169 1741 pareres
2197 1673 2340 1745 (Job.
2362 1677 2452 1731 40.
2481 1677 2573 1746 5)?
2604 1676 2969 1731 animadverte
2996 1679 3227 1745 qualiter
3248 1681 3552 1748 respirave—

1967 1766 2057 1829 rit,
2088 1767 2185 1819 hac
2212 1766 2443 1836 simplici
2473 1768 2655 1823 audita
2708 1783 2859 1835 voce,
2885 1786 3045 1837 quam
3077 1772 3312 1841 seipsum
3356 1772 3553 1841 despe-

1968 1858 2105 1910 xerit
2129 1873 2142 1910 :
2166 1857 2436 1926 quomodo
2476 1874 2541 1913 ne
2584 1873 2799 1927 passum
2850 1860 3065 1930 quidem
3097 1877 3157 1916 se
3191 1864 3547 1931 putavvritca

1965 1961 2085 2015 qua:
2114 1961 2302 2014 passus
2322 1958 2488 2012 esset,
2513 1946 2629 2003 hate
2647 1948 2865 2004 dicens:
2887 1949 2991 2004 Cur
3012 1950 3179 2004 adhuc
3203 1954 3431 2022 iudicor,
3454 1956 3549 2006 ad-

1966 2039 2188 2090 monitus
2227 2045 2274 2091 et
2317 2041 2622 2109 redargutus
2651 2057 2683 2092 a
2733 2040 2975 2104 Domino,
3007 2059 3124 2103 cum
3171 2043 3279 2098 hanc
3316 2046 3546 2108 audiam,

1965 2132 2053 2195 qui
2093 2130 2221 2183 nihil
2258 2132 2409 2185 sum?
2446 2132 2513 2185 Et
2543 2148 2754 2187 rursum
2786 2151 2799 2185 :
2826 2135 3021 2187 Audita
3051 2135 3255 2204 quidem
3285 2139 3426 2190 auris
3453 2155 3550 2189 au-

1968 2220 2164 2275 diebam
2208 2230 2255 2272 te
2299 2221 2482 2289 prius:
2514 2239 2651 2276 nunc
2692 2234 2863 2279 autem
2899 2224 3079 2278 oculus
3122 2242 3263 2279 meus
3293 2229 3420 2282 videt
3460 2239 3548 2284 te:

1965 2322 2273 2383 quapropter
2318 2313 2468 2366 nihili
2515 2314 2652 2385 facio
2681 2317 2950 2385 meipsum,
2986 2327 3033 2369 et
3063 2317 3373 2386 liquefactus
3399 2335 3546 2371 sum:

1965 2404 2259 2471 (extimaque
2289 2405 2535 2475 meipsum
2580 2419 2769 2459 terram
2793 2413 2841 2459 et
2872 2407 3091 2460 (inertem
3128 2406 3249 2480 (Job
3274 2408 3359 2464 Ω.
3381 2409 3438 2467 5.
3458 2408 3534 2475 6)-

1966 2490 2076 2548 Nos
2097 2494 2278 2561 itaque
2302 2496 2391 2564 qui
2417 2505 2536 2564 post
2564 2496 2732 2565 legem
2751 2505 2803 2551 et
2820 2499 3045 2567 gratiam
3064 2514 3267 2563 sumus,
3290 2500 3549 2555 1111110101·-

1972 2586 2279 2652 titudinem,
2308 2590 2446 2642 hanc
2472 2589 2940 2643 mansuetudinem
2966 2589 3107 2643 illius
3137 2591 3430 2655 imitemur,
3454 2592 3546 2664 qui

1966 2688 2093 2734 ante
2119 2680 2293 2749 legem
2322 2689 2376 2736 et
2394 2683 2630 2751 gratiam
2652 2682 2771 2746 fuit,
2796 2692 2859 2737 ut
2878 2698 2996 2736 cum
3023 2683 3113 2737 il?o
3142 2695 3342 2738 :eterna
3373 2685 3548 2738 taber-

1966 2771 2153 2851 nacula
2170 2772 2568 2840 adipiscamur:
2593 2788 2710 2840 quae
2732 2773 2935 2826 utinam
2958 2788 3344 2842 consequamur
3364 2790 3551 2828 omnes

1965 2861 2137 2935 gratia
2166 2872 2220 2918 et
2250 2864 2575 2934 benignitate
2607 2864 2817 2918 Domini
2844 2864 3022 2919 nostri
3052 2865 3180 2920 Jesu
3210 2865 3433 2930 Christi,
3464 2868 3549 2921 cui

1965 2955 2133 3026 gloria
2163 2965 2217 3009 et
2244 2957 2530 3026 imperium
2549 2999 2563 3022 ,
2601 2956 2654 3011 in
2684 2955 2878 3012 saecula
2908 2957 3249 3014 saeculorum.
3280 2961 3476 3014 Amen.

2032 3048 2046 3077 ³
2084 3046 2197 3108 Alii,
2220 3054 2616 3111 contempserunt.

307 3167 3554 3203 Mm

1418 3252 1759 3313 HOMILIA
1802 3246 2061 3306 XXXIV.
2107 3247 2186 3309 al.
2229 3245 2466 3306 XXXV.

298 3410 424 3465 Cn.
453 3409 539 3463 10.
565 3424 615 3459 v.
642 3407 731 3460 Ξῖ).
759 3406 883 3460 Cum
910 3413 1077 3458 autem
1101 3410 1456 3473 persequentur
1481 3415 1565 3452 vos
1591 3413 1652 3451 ex
1676 3397 1771 3449 hac
1798 3394 1875 3447 ci-

374 3506 543 3566 vitate,
592 3501 752 3571 fugite
802 3502 855 3553 in
891 3499 1064 3552 aliam.
1109 3497 1264 3550 Amen
1317 3493 1503 3563 quippe
1545 3491 1659 3545 dico
1702 3487 1870 3552 vobis,

372 3613 473 3649 non
501 3592 906 3648 consummabitis
943 3590 1161 3643 civitates
1185 3586 1368 3653 Israel,
1399 3584 1555 3638 donec
1589 3584 1754 3638 veniat
1777 3577 1875 3634 Fi-

372 3690 468 3741 lius
484 3687 721 3741 hominis.

372 3821 425 3873 1.
459 3818 587 3872 Cum
619 3818 703 3871 illa
755 3813 1008 3871 terribilia
1054 3819 1109 3867 et
1155 3806 1419 3864 horrenda
1460 3805 1699 3868 dixisset,
1758 3815 1877 3870 quae

299 3917 523 3980 possent
546 3908 878 3961 adamantem
906 3905 1148 3973 frangere
1167 3943 1181 3967 ,
1213 3915 1333 3970 qua:
1362 3906 1480 3967 post
1506 3909 1716 3951 crucem
1742 3932 1757 3957 ,
1790 3906 1877 3945 re-

302 3998 687 4055 surrectionent
746 4005 799 4049 et
836 3995 1203 4048 ascensionem
1244 3990 1375 4061 ipsis
1403 3996 1657 4043 eventura
1700 3993 1873 4048 erant,

303 4104 605 4146 sermonem
634 4087 779 4142 ducit
802 4086 867 4139 ad
904 4085 1112 4138 mitiora
1136 4125 1150 4147 ,
1174 4083 1307 4136 dans
1334 4080 1545 4135 athletis
1571 4079 1681 4132 suis
1707 4077 1877 4145 respi-

305 4182 453 4236 randi
486 4182 657 4235 locum
686 4221 699 4244 ,
728 4180 1052 4245 multamque
1102 4175 1342 4245 prmbens
1368 4173 1495 4242 ipsis
1526 4162 1879 4239 tranquillita-

305 4281 434 4327 tem.
461 4270 574 4325 Non
603 4270 744 4325 enim
766 4268 923 4338 jussit
949 4282 1070 4321 eum
1117 4262 1558 4336 persequentibus
1601 4260 1873 4330 congredi,

305 4362 400 4417 sed
433 4361 633 4432 fugere.
667 4361 800 4429 Quia
853 4358 965 4413 hanc
991 4356 1165 4411 adhuc
1200 4356 1344 4409 initia
1375 4364 1546 4419 erant,
1575 4366 1877 4407 sermonem

303 4468 460 4507 suum
491 4460 805 4521 attempt-rat
833 4462 887 4505 et
926 4449 1149 4518 mitigat.
1193 4448 1309 4502 Non
1350 4446 1580 4515 loquitur
1621 4444 1762 4499 enim
1795 4444 1881 4498 hic

303 4543 373 4598 de
397 4543 895 4612 persequutiouibus
918 4556 1035 4611 qua:
1074 4549 1255 4610 postea
1284 4538 1471 4592 futura:
1498 4546 1671 4601 erant,
1698 4534 1791 4590 sed
1812 4534 1879 4589 de

301 4634 413 4689 illis
454 4646 571 4702 quae
636 4646 849 4685 crucem
894 4641 947 4685 et
991 4632 1292 4701 passionem
1351 4642 1713 4699 prmcessere;
1777 4626 1880 4681 hoc

304 4726 449 4780 enim
498 4722 746 4777 indicavit
774 4736 894 4777 eum
925 4722 1057 4776 dixit
1086 4741 1098 4777 :
1134 4722 1256 4776 Non
1292 4723 1423 4776 enim
1469 4720 1878 4775 consummabilis

301 4813 532 4867 civitates
557 4811 743 4878 Israel,
789 4812 946 4866 donec
969 4814 1154 4865 venerit
1182 4812 1346 4867 Filius
1366 4813 1602 4867 hominis.
1631 4811 1706 4866 Ne
1734 4811 1881 4865 dice-

296 4913 427 4965 rent
453 4903 595 4959 enim
626 4921 641 4959 :
670 4904 805 4971 Quid
836 4904 879 4958 si
908 4914 1320 4975 persequutores
1373 4907 1631 4976 fugiamus
1655 4947 1670 4972 ,
1703 4914 1758 4960 et
1800 4905 1879 4959 illi

307 5012 405 5051 nos
434 4995 556 5051 inde
577 4995 736 5050 etiam
765 4996 1000 5065 pellant?
1026 4996 1166 5050 hunc
1183 5006 1378 5051 metum
1402 4998 1513 5065 ipse
1542 4998 1737 5051 tollens
1764 4996 1836 5052 ait
1864 5015 1877 5050 :

304 5088 422 5144 Non
442 5089 735 5144 eircuibitis
760 5089 777 5120 ¹
811 5089 1145 5142 Palmstinam
1169 5100 1351 5151 totam,
1382 5104 1499 5142 nam
1520 5104 1618 5159 ego
1646 5105 1739 5143 vos
1770 5099 1882 5143 sta-

308 5179 403 5235 tim
442 5179 721 5249 excipiam.
772 5179 837 5234 Et
879 5180 1150 5248 perpende
1192 5181 1459 5248 quomodo
1489 5196 1593 5234 non
1622 5181 1706 5234 hic
1746 5180 1883 5235 mala

309 5271 479 5337 tollat,
502 5270 593 5326 sed
621 5269 758 5324 adsit
784 5271 836 5323 in
858 5269 1127 5339 periculis.
1150 5268 1264 5323 Non
1294 5269 1427 5323 dixit
1456 5271 1617 5335 enim,
1647 5271 1754 5327 Vos
1779 5270 1884 5323 eri-

310 5363 472 5430 piam,
506 5372 561 5417 et
588 5362 1029 5432 persequutiones
1055 5360 1255 5414 solvam
1276 5377 1290 5417 :
1314 5360 1405 5414 sed
1436 5362 1597 5431 quid?
1634 5360 1753 5415 Non
1772 5377 1884 5414 con-

308 5454 623 5507 summabilis
660 5454 882 5507 civitates
907 5450 1092 5519 Israel,
1124 5450 1282 5505 donec
1305 5452 1491 5505 venerit
1516 5449 1680 5505 Filius
1720 5451 1886 5503 hami.

308 5544 404 5595 nis.
433 5543 572 5598 Salis
600 5544 742 5599 enim
770 5552 885 5598 erat
912 5541 979 5596 ad
1020 5540 1437 5598 consolationem
1469 5540 1675 5597 illorum
1697 5581 1712 5609 ,
1740 5539 1886 5611 quod

374 5673 390 5703 ι
432 5672 535 5737 Alii,
560 5686 651 5726 non
676 5675 897 5729 timcbitis
917 5673 1281 5726 circwncuutcs.

1970 3387 2118 3442 illum
2166 3386 2432 3443 viderent.
2488 3388 2569 3443 'I'u
2616 3405 2748 3445 vero
2778 3389 2911 3443 mihi
2950 3391 3230 3445 considera
3276 3392 3550 3463 quomodo

1972 3478 2064 3535 ille
2092 3495 2197 3534 non
2242 3481 2439 3547 ubique
2467 3480 2649 3535 omnia
2697 3481 2883 3552 gratiae
2914 3481 3132 3548 tribuat,
3157 3483 3250 3537 sed
3278 3484 3550 3554 quidpiam

1969 3573 2038 3628 ab
2082 3573 2188 3627 illis
2239 3573 2419 3629 afferri
2462 3569 2668 3642 julieat.
2714 3572 2843 3627 Nam
2897 3574 2943 3628 si
2995 3575 3213 3645 timetis,
3243 3576 3435 3646 inquit,
3469 3577 3552 3633 fu-

1986 3653 2249 3720 gite:hoc
2284 3655 2424 3708 enim
2445 3655 2767 3725 significavit
2797 3657 3005 3724 dicens,
3032 3655 3240 3728 Fugite,
3260 3668 3334 3725 et,
3364 3657 3443 3713 Ne
3479 3662 3547 3713 ti-

1980 3744 2187 3797 meatis.
2214 3742 2400 3816 Neque
2426 3747 2575 3817 ipsos
2592 3749 2799 3818 primos
2818 3751 2972 3820 jubet
2990 3750 3195 3820 fugere,
3234 3752 3325 3806 sed
3357 3752 3544 3821 pulsos

1981 3833 2261 3900 recedere;
2285 3851 2456 3905 neque
2474 3853 2666 3907 magna
2678 3840 2850 3907 spatia
2863 3840 2955 3894 dat
2976 3841 3238 3904 locorum,
3258 3841 3349 3895 sed
3369 3857 3547 3909 quau-

1981 3932 2093 3976 tum
2105 3938 2224 3978 esse
2242 3927 2474 3994 possitiu
2494 3928 2880 3984 circumeundo
2892 3930 3135 3985 civitates
3146 3930 3329 3985 Israel.
3352 3930 3551 3985 Dt-inde

1980 4016 2046 4069 ad
2064 4017 2227 4070 altam
2244 4018 2599 4089 philosophiae
2615 4032 2820 4089 partem
2839 4023 2986 4092 ipsos
3004 4022 3212 4077 invitat.
3235 4022 3438 4085 Primo,
3458 4023 3555 4076 ali-

1982 4118 2289 4162 mentorum
2312 4126 2521 4177 curam,
2537 4114 2796 4179 secundo,
2819 4114 3179 4183 periculorum
3199 4125 3397 4169 metum
3419 4115 3548 4168 abs-

1983 4199 2141 4265 tulit;
2180 4216 2325 4254 uune
2369 4216 2495 4255 vero
2539 4203 2946 4257 maledictorum
2978 4213 3177 4257 metum
3219 4203 3421 4257 avellit.
3460 4202 3550 4254 Illa

1981 4291 2124 4344 enim
2147 4292 2508 4348 sollicitudine
2525 4294 2796 4358 liberavit,
2813 4295 3029 4350 dicens:
3062 4296 3259 4366 Dignus
3274 4304 3350 4347 est
3369 4311 3551 4361 opera-

1985 4382 2095 4435 rius
2119 4382 2352 4437 mercede
2367 4400 2463 4437 sua
2488 4384 2641 4455 (Luc.
2679 4386 2768 4440 10.
2791 4386 2865 4455 7),
2890 4387 3205 4457 signiﬁcans
3223 4387 3420 4440 multos
3438 4386 3554 4440 fore

1983 4474 2076 4543 qui
2104 4475 2249 4543 ipsos
2266 4477 2567 4546 excipiant;
2593 4477 2659 4533 de
2674 4478 2932 4547 periculis
2948 4478 3243 4543 verodixit,
3268 4476 3445 4531 Nolite
3468 4493 3556 4528 co-

1984 4566 2426 4635 gitarequomodo
2461 4579 2553 4622 aut
2602 4569 3155 4639 quidloquamini;ct,
3185 4569 3288 4632 Qui
3323 4584 3557 4643 perseve-

1986 4660 2177 4711 raverit
2201 4676 2364 4728 usque
2381 4662 2447 4714 ad
2464 4662 2644 4728 finem,
2668 4661 2751 4715 hic
2778 4662 2954 4715 salvus
2977 4662 3074 4714 erit
3092 4658 3310 4723 (Matth.
3339 4658 3421 4713 11.
3441 4658 3553 4726 I3).

2055 4752 2302 4822 Exemplo
2329 4765 2421 4804 suo
2466 4747 2691 4803 Christus
2720 4744 2974 4814 apostolos
3010 4742 3077 4794 ad
3121 4737 3445 4794 contumelias
3477 4738 3554 4806 {e—

1983 4845 2165 4900 rendas
2191 4845 2439 4898 hortatur.
2469 4871 2541 4881 —
2564 4839 2695 4906 Quia
2726 4847 2899 4891 autem
2931 4834 3219 4889 verisimile
3247 4840 3362 4887 erat
3409 4832 3555 4901 ipsos

1985 4936 2177 4992 malam
2216 4934 2488 4989 habituros
2535 4930 2731 4984 famam
2759 4943 2877 4982 esse
2901 4968 2916 4989 ,
2945 4925 3085 4996 quod
3117 4924 3296 4978 multis
3320 4925 3559 4979 omnium

1986 5025 2415 5082 molestissimum
2442 5037 2561 5077 esse
2596 5020 2801 5074 videtur
2821 5059 2837 5084 ,
2878 5017 3240 5072 animadverte
3269 5032 3373 5086 quo
3402 5023 3557 5086 pacto

1988 5120 2072 5172 hic
2103 5117 2217 5170 illos
2241 5113 2545 5170 consoletur
2568 5154 2583 5174 ,
2615 5127 2676 5166 ex
2710 5111 2773 5165 iis
2819 5109 3019 5164 scilicet
3061 5125 3177 5179 qua:
3216 5108 3283 5161 ad
3325 5110 3559 5178 scipsum

1987 5210 2318 5277 Spt‘Clabafll,
2350 5215 2405 5262 et
2433 5205 2498 5261 de
2525 5221 2583 5259 se
2612 5204 2751 5258 dicta
2806 5202 3018 5258 fuerant
3047 5220 3059 5256 :
3101 5203 3184 5257 cui
3212 5196 3563 5256 consolationi

1990 5300 2119 5354 nihil
2148 5316 2240 5368 par
2266 5314 2384 5353 esse
2410 5297 2593 5368 possit.
2622 5297 2769 5351 Sicut
2797 5296 2939 5350 enim
2968 5295 3036 5349 ibi
3075 5293 3312 5353 dixerat,
3341 5288 3408 5342 Et
3428 5285 3568 5339 eritis

1992 5392 2110 5447 adio
2139 5391 2369 5446 omnibus
2395 5407 2414 5455 ;
2454 5398 2508 5445 et
2537 5389 2807 5458 adjeccrat
2827 5430 2841 5453 ,
2880 5387 3096 5456 Propter
3126 5398 3302 5437 nomen
3354 5392 3516 5430 meum
3547 5390 3566 5427 :

1990 5485 2067 5539 sic
2112 5492 2165 5538 et
2203 5481 2304 5536 hoc
2347 5483 2463 5537 loco
2508 5481 2624 5534 illos
2650 5480 2956 5535 consolatur
2982 5520 2994 5540 ,
3044 5476 3266 5528 alterum
3298 5467 3567 5538 quidpiam

1986 5573 2261 5643 ndjicicns.
2294 5573 2569 5641 Quodnam
2594 5571 2723 5626 illud
2745 5574 2767 5625 ’ἓ
2792 5572 2884 5624 2i.
2919 5567 3036 5620 Non
3060 5576 3131 5617 est
3154 5560 3454 5630 discipulus,
3480 5557 3565 5609 in-

1986 5665 2125 5736 ηυίι,
2184 5682 2335 5736 sapor
2378 5664 2702 5736 magistrum,
2760 5675 2850 5713 nec
2893 5671 3062 5712 servus
3115 5666 3266 5723 super
3310 5649 3571 5703 dominum
