4010 6128
534 276 638 333 399

535 404 702 444 suum.
724 387 816 442 25.
842 384 1036 456 Sumcit
1066 384 1317 453 discipulo
1335 425 1352 453 ,
1380 394 1435 437 ut
1459 384 1521 438 sit
1544 382 1673 435 sicut
1708 381 1946 449 magister
1970 379 2100 451 ejus,

537 490 583 531 et
603 493 763 543 servo,
788 476 918 530 sicut
946 476 1179 530 dominus
1204 476 1334 545 ejus.
1366 474 1426 529 Si
1461 472 1878 544 patremfamilias
1902 469 2106 525 Beelze-

539 569 636 620 bub
661 576 981 632 vocaverunt,
1004 575 1188 636 quanto
1226 565 1384 635 magis
1408 564 1704 618 domesticos
1741 562 1888 633 ejus.’
1910 562 2000 616 26.
2026 560 2109 616 Ne

536 670 706 728 itaque
730 658 946 712 timeatis
966 674 1068 711 eos.
1095 657 1225 711 Vide
1251 655 1516 725 quomodo
1547 669 1608 710 se
1648 655 1882 709 omnium
1930 654 2110 708 Domi-
2152 704 2159 717 ,η

2148 788 2175 815 ιγ
2212 747 2328 800 sine
2349 745 2459 799 ullo
2483 745 2813 815 subterfugio
2832 786 2847 811 ,
2892 755 2947 801 et
2972 760 3093 800 cum
3118 746 3262 800 omni
3309 746 3575 801 libertate.
3598 747 3668 801 Et
3691 763 3796 802 cur

2139 814 2319 891 ‘tﬂnnn
2350 837 2480 892 satis
2510 836 2692 891 habuit
2718 814 2899 893 dicere
2925 877 2941 902 ,
2975 835 3257 891 Prtedicate
3302 853 3454 905 super
3508 847 3659 905 tecta,
3691 849 3747 893 et
3778 878 3793 901 ,

541 766 668 804 num
691 761 745 805 et
772 751 936 804 Deum
954 757 1005 804 et
1030 756 1323 803 creatorem
1342 762 1459 802 esse
1482 747 1732 802 declarat.
1755 745 1893 814 Quid
1920 746 2110 815 igitur?

546 840 665 894 Non
680 851 751 894 est
762 842 1040 910 discipulus
1051 856 1202 908 super
1216 841 1530 910 magistrum,
1550 857 1638 894 nec
1660 857 1828 894 servus
1854 856 2003 911 super
2018 841 2111 894 do-

546 935 741 986 minum
762 933 789 985 .’
809 933 986 986 Donec
1010 931 1112 986 erit
1136 940 1229 986 aut
1245 933 1532 1002 discipulus
1547 942 1833 989 autservus
1851 975 1866 1000 ,
1886 949 1991 988 non
2008 934 2110 989 erit

546 1024 717 1093 major
749 1023 1037 1077 secundum
1067 1023 1285 1078 honoris
1313 1024 1575 1080 ordinem.
1603 1025 1681 1081 Ne
1699 1025 1829 1079 mihi
1853 1025 1993 1080 enim
2023 1025 2111 1081 hic

541 1130 658 1169 rara
684 1112 924 1183 quaedam
948 1113 1198 1182 praeferas
1226 1115 1465 1184 exempla
1491 1157 1507 1182 ,
1540 1115 1607 1170 de
1635 1116 1699 1170 iis
1725 1130 1844 1184 quae
1871 1126 1927 1171 ut
1947 1116 2110 1186 pluri-

542 1217 685 1256 mum
713 1217 833 1256 esse
859 1202 1034 1257 solent
1060 1203 1111 1256 id
1139 1205 1339 1273 accipe.
1372 1204 1480 1259 Nec
1524 1204 1676 1268 dixit,
1704 1205 1912 1273 Quanto
1940 1207 2110 1276 magis

538 1308 743 1360 servos,
766 1294 881 1359 sed,
911 1294 1222 1351 Domesticos
1264 1297 1391 1362 eius,
1428 1312 1619 1367 magna
1668 1313 1794 1367 erga
1817 1298 1934 1355 illos
1958 1315 2108 1354 man-

539 1386 820 1443 suetudine
847 1401 992 1442 usus.
1019 1387 1153 1443 Alibi
1175 1388 1337 1443 etiam
1362 1389 1492 1443 dicit
1525 1407 1538 1442 :
1571 1388 1691 1444 Non
1715 1390 1851 1445 ultra
1873 1407 1993 1446 voco
2022 1408 2108 1447 vos

540 1495 740 1545 serves;
765 1496 854 1534 eos
877 1480 1029 1533 amici
1054 1480 1153 1534 mei
1177 1482 1295 1535 estis
1325 1480 1514 1551 (Joan.
1541 1482 1625 1536 15.
1660 1481 1786 1552 15).
1815 1482 1923 1538 Nec
1951 1483 2104 1551 dixit,

542 1571 598 1627 Si
630 1571 1061 1641 patremfamilias
1110 1572 1315 1641 injuriis
1353 1581 1408 1628 et
1458 1574 1753 1631 maledictis
1777 1575 2105 1643 affecerunt;

540 1662 636 1718 sed
666 1664 836 1731 ipsum
858 1662 1199 1718 contumeliae
1223 1663 1439 1719 modum
1461 1665 1741 1734 expressit,
1783 1666 1925 1735 quod
1954 1666 2107 1723 Beel-

542 1751 714 1807 zebub
754 1754 1010 1809 vocarint.
1043 1753 1244 1810 Deinde
1282 1754 1440 1810 aliam
1466 1754 1567 1810 hac
1596 1771 1702 1811 non
1727 1756 1987 1812 minorem
2018 1758 2109 1812 dat

541 1843 994 1911 consolationem;
1024 1855 1138 1901 erat
1167 1856 1340 1902 tamen
1369 1847 1458 1903 illa
1476 1848 1704 1904 maxima
1725 1864 1740 1915 ;
1759 1850 1852 1904 sed
1872 1850 1991 1919 quia
2019 1851 2106 1917 iis,

543 1932 632 2003 qui
686 1934 919 1989 nondum
959 1933 1467 2005 philosophabantur
1491 1978 1508 2003 ,
1549 1938 1651 1993 alia
1679 1954 1812 2009 opus
1848 1949 1963 1995 erat
1988 1956 2107 2010 qum

541 2033 721 2093 posset
755 2024 872 2080 illos
913 2025 1159 2093 afﬁcere,
1188 2026 1324 2083 hanc
1368 2028 1528 2084 etiam
1572 2028 1760 2084 addit:
1789 2045 1852 2085 ac
1898 2032 2106 2087 dicendi

538 2115 749 2182 quidem
770 2117 959 2174 modus
977 2118 1278 2189 generalem
1304 2117 1510 2176 videtur
1538 2120 1728 2178 ell‘erre
1754 2123 2105 2191 sententiam;

539 2214 772 2263 attamen
819 2224 925 2263 non
951 2210 1017 2264 de
1042 2209 1286 2265 omnibus
1314 2251 1330 2277 ,
1379 2211 1475 2267 sed
1499 2212 1568 2269 de
1594 2214 1873 2284 propositis
1905 2224 2106 2271 tantum

539 2297 751 2354 dicitur.
778 2299 913 2366 Quid
952 2302 1094 2359 enim
1119 2303 1234 2358 ait?
1268 2302 1352 2357 Ne
1377 2306 1591 2361 linteatis
1628 2322 1711 2361 eos
1746 2323 1765 2361 :
1811 2309 1938 2364 nihil
1975 2313 2108 2366 enim

540 2399 615 2444 est
637 2402 884 2463 opertum,
904 2395 1038 2464 quod
1060 2412 1161 2449 non
1188 2395 1521 2463 revelabitur;
1546 2414 1635 2452 nec
1679 2401 1951 2466 occultum,
1974 2403 2108 2471 quod

540 2505 638 2544 non
661 2488 860 2542 scietur.
890 2486 1041 2556 Quod
1061 2497 1237 2543 autem
1259 2489 1407 2555 dicit,
1430 2489 1729 2560 hujusmodi
1748 2501 1830 2547 est
1860 2511 1874 2549 :
1902 2493 2109 2551 Sufﬁcit

539 2579 754 2649 quidem
793 2578 943 2633 vobis
972 2578 1038 2633 ad
1078 2579 1496 2635 consolationem
1520 2621 1535 2648 ,
1567 2582 1612 2635 si
1649 2597 1751 2652 ego
1778 2584 2028 2653 magister
2051 2595 2108 2642 et

544 2672 796 2726 Dominus
824 2684 1045 2726 consors
1073 2671 1172 2725 sim
1190 2672 1569 2727 conviciorum.
1592 2672 1646 2730 Si
1668 2689 1796 2729 vero
1814 2674 1986 2732 adhuc
2007 2676 2107 2733 do-

542 2761 660 2816 letis
698 2761 811 2816 haec
839 2760 1143 2826 audientes,
1194 2761 1322 2816 illud
1349 2776 1561 2832 quoque
1610 2763 1789 2819 animo
1843 2774 2108 2837 reputate,

538 2863 633 2905 vos
659 2865 764 2905 non
810 2851 1035 2905 multum
1067 2860 1247 2919 postea
1275 2852 1344 2907 ab
1382 2852 1480 2907 hac
1506 2851 1807 2921 suspicione
1833 2853 2112 2908 liberatum

540 2941 624 2995 iri.
656 2940 762 2994 (Zur
803 2942 946 2996 enim
978 2944 1028 2995 id
1059 2956 1202 3010 aegre
1230 2940 1421 2997 fertis?
1451 2943 1573 3011 quia
1617 2943 2033 3014 praestigiatores
2058 2951 2112 2997 et

544 3032 864 3102 deceptores
920 3048 1019 3087 vos
1065 3035 1292 3089 vocant?
1338 3034 1404 3088 At
1451 3033 1716 3103 paululum
1773 3043 2111 3103 exSpectate,

536 3132 591 3175 et
620 3133 924 3178 servatores
952 3123 1424 3194 benefactoresque
1449 3125 1595 3178 orbis
1620 3137 1719 3178 vos
1747 3122 2113 3192 praedicabunt

546 3226 755 3268 omnes.
787 3213 856 3268 At
900 3214 1043 3269 enim
1088 3224 1295 3282 tempus
1321 3215 1407 3268 illa
1435 3214 1619 3269 omnia
1640 3228 1761 3284 qua:
1783 3209 2112 3268 subobscure

540 3313 695 3357 erant
725 3303 1005 3371 revelabit,
1034 3312 1089 3359 et
1114 3303 1320 3359 illorum
1345 3303 1667 3359 calumniam
1696 3303 1927 3373 deteget,
1949 3303 2115 3363 virtu-

539 3403 752 3460 temque
780 3405 1012 3451 vestram
1040 3396 1385 3464 conspicuam
1430 3394 1640 3450 reddet.
1689 3394 1820 3449 Cum
1858 3393 1998 3449 enim
2038 3406 2107 3448 ex

542 3486 703 3539 rebus
732 3485 859 3557 ipsis
898 3486 1377 3556 comprobabimini
1414 3481 1746 3539 salvatores‘
1769 3499 1909 3551 esse,
1939 3492 1994 3537 et
2020 3481 2114 3537 be-

542 3574 720 3641 neﬁci,
746 3586 800 3629 et
823 3576 967 3630 omni
993 3577 1186 3631 virtute
1210 3576 1506 3645 conSpicui,
1532 3576 1744 3630 illorum
1765 3575 1921 3629 dictis
1941 3572 2113 3628 homi-

540 3679 637 3718 nes
681 3679 788 3718 non
836 3666 1111 3719 attendant
1159 3665 1251 3720 sed
1284 3667 1359 3719 rei
1406 3666 1744 3721 veritatizac
1788 3666 1860 3722 illi
1895 3666 2111 3736 quidem

536 3754 905 3824 6y00phanlm,
936 3755 1243 3821 mendaces,
1268 3755 1538 3820 maledici,
1566 3771 1659 3811 vos
1687 3772 1816 3811 vero
1856 3757 1971 3828 ipso
1998 3758 2112 3815 sole

539 3842 931 3912 splendidiores
951 3846 1426 3914 deprehendemini
1452 3865 1465 3899 :
1495 3847 1718 3902 multum
1750 3848 1945 3919 quippe
1972 3858 2110 3904 tem-

540 3936 685 4003 poris
711 3938 940 4005 spatium
973 3952 1066 3994 vos
1109 3948 1265 3995 notos
1312 3939 1523 4005 reddet,
1549 3939 1874 4009 pradicabit,
1905 3950 1959 3994 et
1987 3940 2110 3997 tuba

535 4026 821 4081 clariorem
865 4029 1073 4085 emittet
1122 4045 1339 4097 vocem,
1365 4039 1660 4101 vestraeque
1705 4032 1916 4086 virtutis
1947 4042 2111 4088 testes

537 4118 819 4173 universos
864 4120 1110 4175 homines
1166 4120 1459 4175 exhibebit.
1522 4121 1600 4177 Ne
1660 4124 1836 4191 itaque
1881 4137 1946 4177 ea
1993 4137 2113 4192 qua!

537 4224 677 4265 nunc
721 4210 971 4266 dicuntur
1018 4226 1114 4267 vos
1169 4212 1450 4281 dejiciant,
1498 4213 1592 4269 sed
1637 4228 1763 4283 spes
1812 4215 2109 4270 futurorum

535 4299 796 4355 bonorum
839 4301 1028 4371 erigat.
1068 4301 1183 4357 Non
1229 4310 1455 4371 possunt
1499 4304 1640 4358 enim
1687 4320 1749 4359 ea
1775 4320 1894 4375 qua:
1922 4306 1989 4359 ad
2016 4319 2112 4361 vos

536 4402 781 4465 spectant
802 4394 1079 4448 occultari.

602 4486 659 4540 2.
689 4483 909 4548 Deinde,
941 4493 1218 4553 postquam
1248 4482 1367 4537 illos
1395 4482 1541 4539 omni
1567 4498 1787 4554 angore,
1822 4484 2014 4539 timore
2055 4494 2112 4540 et

533 4576 890 4634 sollicitudine
917 4575 1181 4641 liberavit,
1207 4585 1261 4631 et
1288 4576 1496 4644 probris
1520 4578 1768 4632 omnibus
1796 4579 2107 4648 superiores

532 4668 787 4735 reddidit,
811 4667 1026 4723 demum
1057 4665 1178 4721 illos
1206 4679 1507 4736 opportune
1535 4666 1603 4722 de
1628 4667 1880 4724 libertate
1910 4669 2106 4738 praedi-

531 4760 687 4815 candi
732 4759 1057 4829 alloquitur:
1086 4772 1209 4812 nam
1240 4756 1406 4813 dicit:
1436 4756 1523 4811 27.
1560 4756 1713 4822 Quod
1750 4759 1862 4813 dico
1897 4759 2033 4813 vobis
2056 4760 2111 4814 iu

532 4850 768 4916 tenebris,
787 4851 941 4906 dicite
964 4851 1016 4905 in
1040 4849 1261 4915 lumine;
1289 4859 1336 4903 et
1361 4849 1499 4917 quod
1523 4848 1578 4903 in
1598 4866 1725 4904 aure
1743 4849 1954 4918 auditis,
1981 4869 2113 4919 pra:-

499 4942 693 4995 ‘dicate
730 4958 878 5011 super
926 4948 1078 4997 tccta.
1119 4940 1451 5011 Quamquam
1500 4956 1607 4997 non
1653 4951 1806 4997 erant
1851 4943 2110 5009 tenebras,

531 5044 651 5084 cum
686 5030 799 5084 haec
842 5030 1066 5097 diceret,
1098 5045 1269 5101 neque
1302 5030 1370 5085 ad
1414 5045 1596 5087 aurem
1642 5031 1987 5102 loquebatur;
2013 5034 2108 5087 sed

533 5123 648 5176 inec
674 5120 1016 5193 hyperbolice
1037 5122 1176 5178 dicta
1198 5132 1345 5178 sunt.
1368 5123 1500 5188 Quia
1530 5124 1673 5179 enim
1700 5125 1845 5179 solos
1868 5125 2108 5194 alloque-

530 5215 708 5279 batur,
740 5214 874 5269 etin
904 5227 1068 5280 parvo
1109 5213 1404 5268 Palaestina
1452 5214 1667 5283 angulo,
1696 5214 1818 5270 ideo
1860 5215 2010 5283 dicit,
2040 5214 2107 5269 In

529 5306 768 5369 tenebris,
797 5315 871 5375 et,
901 5302 969 5357 In
997 5320 1141 5370 aure,
1177 5302 1320 5358 hunc
1350 5303 1604 5374 loquendi
1637 5306 1854 5360 modum
1884 5321 2103 5377 compa-

528 5411 655 5452 rans
682 5411 802 5452 cum
834 5395 1085 5467 loquendi
1132 5393 1347 5459 fiducia,
1396 5409 1498 5463 qua
1544 5393 1663 5449 illos
1694 5405 1876 5465 postea
1907 5398 2103 5451 instru-

530 5504 719 5546 cturus
745 5504 876 5546 erat.
930 5489 1009 5546 Ne
1038 5491 1091 5546 in
1124 5504 1247 5555 una,
1276 5486 1479 5544 duabus
1506 5488 1741 5546 tribusve
1779 5488 2098 5559 civitatibus,

590 5688 607 5721 ¹
628 5685 745 5747 Alit,
769 5689 969 5743 Iuntina.

1270 269 1326 325 S.
1365 264 1638 325 JOANNIS
1671 260 2135 322 CIIRYSOSTOMI
2168 260 2480 318 ARCHIEP.
2518 260 3044 319 CONSTANTINOP.

3685 266 3803 321 suo

2215 376 2308 431 sed
2340 392 2434 447 per
2461 386 2630 432 totum
2679 378 2864 433 orbem
2917 376 3200 447 pmdicate
3221 420 3237 445 ,
3282 385 3482 434 terram
3532 396 3799 452 mareque

2212 476 2576 537 peragrantes,
2604 467 2915 534 habitatam,
2943 484 3048 523 non
3072 468 3358 524 habitatam
3384 488 3397 523 :
3427 486 3489 526 ac
3515 474 3790 543 tyratmis,

2213 559 2445 629 populis,
2475 560 2829 630 philosophis,
2879 560 3184 616 rhetoribus
3220 575 3339 616 cum
3368 577 3559 632 magna
3590 562 3795 618 ﬁducia

2212 653 2391 707 omnia
2417 653 2597 709 dicite.
2630 652 2754 708 Ideo
2782 652 2932 720 dixit,
2969 654 3137 723 Super
3163 664 3310 719 tecta,
3338 664 3413 719 et,
3440 654 3505 709 In
3532 655 3725 710 lumine
3756 697 3775 721 ,

2215 925 2380 981 Dicite
2400 928 2453 982 in
2479 928 2689 993 lumine,
2722 927 2816 983 sed
2858 927 3053 997 adjecit
3080 928 3238 982 etiam
3264 969 3280 994 ,
3310 927 3461 992 Quod
3505 930 3621 982 dico
3648 930 3797 983 vobis

2212 1019 2265 1072 in
2294 1018 2526 1085 tenebris,
2552 1029 2627 1086 et,
2649 1018 2798 1085 Quod
2816 1020 2868 1072 in
2895 1035 3017 1072 aure
3030 1018 3215 1072 auditis
3236 1020 3273 1073 ?~
3289 1017 3357 1074 Ut
3381 1033 3564 1073 eorum
3591 1034 3794 1074 sensus

2213 1109 2401 1178 erigat.
2433 1110 2581 1165 Sicut
2608 1110 2822 1179 quando
2847 1111 3057 1164 dicebat
3082 1128 3095 1163 :
3127 1108 3226 1176 Qui
3242 1110 3399 1163 credit
3428 1110 3481 1163 in
3501 1126 3599 1174 me,
3628 1125 3794 1179 opera

2212 1215 2327 1268 qua
2364 1216 2454 1270 ego
2509 1202 2640 1271 facio
2682 1210 2729 1255 et
2754 1202 2864 1270 ipse
2899 1202 3068 1270 faciet,
3111 1211 3159 1254 et
3185 1202 3382 1272 majora
3410 1201 3588 1254 Iterum
3629 1200 3791 1271 faciet

2214 1288 2391 1361 (Joan.
2416 1289 2499 1346 ﬂ.
2527 1290 2649 1360 12):
2676 1291 2753 1345 sic
2794 1300 2851 1344 et
2892 1290 2994 1345 hoc
3020 1291 3139 1345 loco
3163 1332 3176 1354 ,
3206 1290 3493 1345 ostendens
3520 1306 3613 1361 per
3638 1293 3791 1360 ipsos

2212 1381 2391 1436 omnia
2436 1380 2576 1436 efﬁci
2602 1423 2616 1446 ,
2646 1390 2703 1436 et
2723 1381 2870 1451 plura
2898 1396 3180 1452 quam‘per
3205 1383 3438 1451 seipsum
3470 1381 3604 1436 facta
3631 1384 3739 1437 siut
3764 1423 3784 1448 ,

2212 1473 2284 1529 ita
2330 1474 2525 1543 posuit.
2579 1472 2711 1528 Nam
2739 1474 2849 1528 ait:
2878 1473 3201 1543 Principium
3225 1474 3373 1529 vobis
3409 1488 3509 1543 ego
3532 1482 3586 1528 et
3629 1474 3784 1529 initia

2202 1559 2360 1627 dedi;
2396 1560 2552 1630 plura
2583 1577 2711 1617 vero
2745 1562 2835 1617 illa
2868 1578 2963 1632 per
2990 1577 3090 1618 vos
3120 1564 3334 1635 impleri
3368 1563 3512 1617 volo.
3535 1560 3649 1618 Hoc
3680 1578 3790 1615 au-

2202 1661 2451 1729 temnon
2484 1655 2646 1709 modo
2692 1655 3060 1725 praecipientis
3101 1665 3219 1719 est,
3265 1655 3362 1711 sed
3392 1656 3553 1710 etiam
3596 1654 3786 1708 Futura

2201 1745 2544 1810 nuntiantis,
2572 1745 2845 1800 'ﬁduciam
2889 1746 3239 1816 inspirantis,
3284 1746 3635 1817 prmdieentis
3685 1761 3787 1800 eos

2211 1833 2390 1888 omnia
2413 1848 2533 1889 esse
2558 1844 2919 1904 superaturos,
2950 1834 3630 1904 sensimquesubvertentis
3651 1847 3753 1887 con
3770 1862 3793 1891 -.

2212 1934 2419 1995 ceptam
2449 1925 2591 1980 circa
2638 1926 2916 1981 maledicta
2949 1927 3272 1981 iniustitiam.
3325 1927 3782 1995 Quemadmodum

2214 2017 2355 2071 enim
2382 2016 2496 2071 hate
2522 2016 2849 2087 praedicatio,
2879 2033 3021 2073 nunc
3066 2018 3257 2085 latens,
3289 2020 3464 2072 omnia
3490 2016 3740 2089 perradet
3761 2057 3781 2083 ,

2212 2108 2290 2163 sic
2316 2108 2453 2162 mala
2476 2108 2562 2162 illa
2582 2107 2885 2162 Judzeorum
2907 2109 3225 2163 existimatio
3249 2109 3356 2163 cito
3376 2108 3585 2178 peribit.
3613 2108 3779 2163 Dein-

2211 2198 2301 2265 de,
2334 2209 2610 2270 postquam
2639 2199 2846 2254 illorum
2872 2200 3043 2256 erexit
3058 2201 3284 2266 animos,
3309 2216 3519 2255 rursum
3538 2200 3780 2271 pericula

2214 2290 2473 2360 praedicit,
2504 2291 2715 2346 illorum
2765 2300 2997 2346 mentem
3027 2292 3257 2362 erigens,
3290 2292 3639 2363 omnibusque
3685 2306 3786 2347 su-

2213 2382 2490 2439 blimiores
2516 2384 2765 2440 reddens.
2796 2382 2934 2451 Quid
2969 2386 3112 2439 enim
3148 2384 3262 2439 ait?
3285 2384 3372 2440 28.
3407 2384 3579 2438 Nolite
3606 2385 3787 2438 timere

2210 2491 2294 2530 eos
2313 2476 2399 2545 qui
2423 2475 2655 2530 occidunt
2681 2492 2883 2544 corpus,
2909 2477 3129 2529 animam
3152 2486 3316 2533 autem
3336 2490 3437 2529 non
3464 2484 3672 2545 possunt
3694 2491 3789 2529 oc-

2212 2565 2399 2619 cidere.
2432 2564 2618 2619 Videu‘
2639 2565 2904 2636 quomodo
2935 2565 3055 2619 illos
3074 2565 3321 2620 omnibus
3344 2565 3789 2634 superioresred-

2210 2654 2321 2722 dat,
2345 2669 2451 2710 non
2475 2670 2630 2710 curas
2658 2655 2838 2722 modo,
2872 2670 2975 2710 non
3018 2655 3316 2719 maledicta,
3351 2648 3583 2725 pericula
3603 2698 3619 2721 ,
3651 2657 3787 2711 insi.-

2211 2745 2349 2814 dias,
2370 2747 2463 2802 sed
2485 2747 2645 2802 etiam
2669 2756 2894 2803 mortem
2923 2749 3157 2802 omnium
3182 2747 3623 2802 terribilissimam
3644 2762 3786 2802 con-

2210 2846 2453 2893 temnere
2518 2839 2755 2894 docens?
2794 2854 2966 2909 neque
3014 2839 3323 2909 simpliciter
3365 2848 3630 2907 mortem,
3681 2841 3787 2896 sed

2212 2928 2371 2985 etiam
2402 2929 2726 2985 violentam?
2752 2928 2935 2998 Neque
2963 2929 3114 2996 dixit,
3143 2927 3493 2995 Occidemiui,
3542 2930 3635 2984 sed
3658 2944 3787 2986 cum

2211 3019 2608 3090 magniﬁcentia
2649 3020 2959 3089 congruenti
3003 3027 3171 3074 totum
3220 3019 3544 3087 declaravit,
3604 3020 3791 3075 Nolite

2212 3112 2403 3176 titnere,
2433 3112 2636 3179 dicens,
2654 3114 2717 3167 ab
2744 3114 2806 3166 iis
2831 3112 2916 3182 qui
2939 3113 3170 3167 occidunt
3190 3128 3375 3181 corpus
3393 3153 3408 3179 ,
3431 3113 3656 3166 animam
3679 3130 3783 3166 au-

2214 3213 2313 3262 tem
2345 3222 2448 3264 non
2502 3213 2709 3274 possunt
2745 3204 2973 3260 occidere
2999 3220 3017 3257 :
3044 3204 3132 3257 sed
3157 3204 3325 3273 potius
3364 3205 3529 3259 timete
3554 3220 3667 3257 eum
3694 3205 3791 3274 qui

2212 3304 2375 3367 potest
2404 3304 2452 3351 ct
2499 3297 2722 3350 animant
2760 3304 2806 3349 et
2833 3311 3015 3365 corpus
3044 3294 3250 3364 perdere
3276 3296 3327 3348 in
3373 3294 3648 3364 gehennam
3671 3310 3689 3348 :
3716 3296 3775 3350 in

2211 3386 2539 3444 contrarium
2594 3394 2808 3442 vertens
2860 3400 3202 3451 sermonem,
3260 3385 3333 3439 uti
3388 3399 3602 3453 semper
3629 3385 3777 3440 facit.

2214 3479 2351 3549 Quid
2399 3479 2541 3535 enim
2571 3478 2670 3535 sibi
2700 3477 2854 3531 vult?‘
2875 3477 3093 3532 Timetis
3126 3487 3349 3531 mortem
3374 3517 3388 3541 ,
3445 3476 3671 3545 ideoque
3712 3477 3783 3531 ad

2210 3569 2605 3643 prtedicaudutn
2638 3569 2917 3640 segniores
2953 3569 3122 3623 estis?
3148 3567 3250 3623 Sed
3281 3566 3379 3623 hac
3406 3567 3472 3622 de
3494 3583 3652 3622 causa
3682 3584 3782 3637 po-

2212 3660 2315 3716 tius
2339 3659 2649 3731 prmdicate,
2678 3661 2799 3729 quia
2829 3666 3053 3714 mortem
3086 3659 3303 3715 timetis.
3329 3659 3459 3714 Illud
3484 3659 3626 3714 enim
3656 3675 3785 3715 vere

2212 3766 2315 3806 vos
2340 3752 2356 3785 ³
2386 3765 2421 3805 a
2445 3761 2616 3807 morte
2639 3750 2848 3820 eripiet.
2878 3749 3017 3811 Nam~
3046 3750 3253 3805 etiamsi
3277 3766 3371 3805 vos
3410 3752 3782 3821 iutercmpturi

2210 3852 2377 3908 sunt,
2421 3841 2693 3897 meliorem
2753 3853 2930 3897 tamen
2983 3850 3186 3910 partem
3259 3857 3365 3896 non
3431 3843 3781 3911 superabunt,

2210 3936 2419 3992 etiamsi
2447 3934 2499 3991 id
2521 3936 2645 3990 totis
2670 3935 2867 3990 viribus
2887 3944 3163 3990 conentur.
3194 3934 3316 3990 ldeo
3343 3951 3446 3989 non
3475 3936 3622 3999 dixit,
3648 3936 3783 3989 Ani-

2211 4043 2353 4085 mam
2382 4036 2561 4084 autem
2587 4043 2691 4082 non
2722 4027 2997 4092 occidunt;
3022 4026 3137 4092 sed,
3165 4025 3286 4083 Non
3313 4036 3520 4099 possunt
3536 4028 3779 4084 occidere.

2211 4120 2343 4177 Nam
2365 4119 2572 4176 etiamsi
2600 4119 2781 4185 velint,
2816 4134 2923 4174 non
2944 4119 3286 4188 superabunt.
3319 4117 3495 4188 Itaque
3513 4118 3785 4187 sisuppli-

2211 4215 2352 4270 cium
2379 4214 2556 4280 times,
2581 4213 2714 4269 illud
2740 4214 2895 4284 longe
2921 4215 3135 4283 gravius
3161 4215 3308 4269 time.
3340 4214 3522 4269 Viden‘
3552 4230 3779 4286 quomo-

2213 4307 2284 4363 do
2304 4322 2411 4362 non
2443 4306 2720 4377 promittat
2748 4320 2807 4360 se
2834 4305 2955 4361 illos
2983 4320 3015 4360 a
3041 4317 3215 4361 morte
3242 4305 3584 4364 liberaturum
3614 4320 3736 4361 esse
3760 4344 3778 4370 ,

2210 4398 2305 4454 sed
2328 4398 2461 4454 mori
2484 4398 2759 4468 permittit,
2783 4396 2984 4466 majora
3014 4395 3316 4465 largiturus,
3341 4412 3500 4467 quam
3526 4397 3581 4451 si.
3598 4398 3651 4455 id
3679 4412 3783 4453 non

2214 4489 2590 4559 permitteret?
2614 4487 2797 4557 Longe
2824 4487 2964 4542 enim
2996 4486 3167 4555 majus
3193 4495 3277 4541 est
3300 4485 3529 4541 suadere
3556 4495 3779 4545 utmors

2210 4589 2514 4651 spernatur,
2535 4596 2700 4650 quam
2723 4595 2754 4634 a
2786 4587 2961 4635 morte
2988 4594 3198 4635 eruere.
3226 4578 3341 4640 Non
3365 4580 3544 4649 itaque
3568 4580 3687 4635 illos
3725 4580 3781 4634 in

2212 4671 2445 4742 pericula
2471 4670 2705 4740 coniicit,
2733 4669 2828 4726 sed
2854 4670 3028 4725 reddit
3048 4671 3295 4740 periculis
3312 4672 3635 4740 superiores,
3659 4672 3784 4727 bre-

2211 4765 2370 4835 vique
2393 4779 2644 4820 sermone
2672 4762 2972 4819 doctrinam
3000 4763 3067 4818 de
3090 4764 3487 4819 immortalitate
3513 4763 3704 4818 anima:
3727 4764 3780 4817 in

2213 4856 2316 4913 illis
2363 4854 2581 4920 inserit,
2612 4870 2676 4910 ac
2707 4854 2915 4909 duobus
2957 4855 3193 4911 tribusve
3245 4855 3425 4910 verbis
3473 4857 3551 4910 sic
3581 4856 3784 4908 inserto

2214 4946 2430 5001 salutari
2460 4944 2728 5015 dogmate,
2751 4946 2871 5000 aliis
2899 4945 3019 4999 illos
3044 4946 3335 5000 ratiociniis
3361 4946 3685 5002 consolatur.
3709 4943 3788 4999 Ne

2214 5039 2356 5093 enim
2378 5045 2627 5108 putarent
2645 5052 2704 5091 se
2732 5037 2901 5091 occidi
2934 5046 2987 5091 et
3011 5038 3262 5107 jugulari,
3292 5038 3436 5106 quod
3457 5038 3609 5107 quasi
3629 5036 3791 5093 dere-

2216 5129 2328 5185 licti
2365 5131 2492 5195 sint,
2521 5128 2587 5183 de
2614 5129 2943 5197 providentia
2975 5129 3064 5182 Dei
3097 5144 3399 5183 sermonem
3435 5129 3672 5193 inducit,
3709 5128 3795 5185 his

2217 5220 2426 5276 verbis:
2451 5220 2544 5275 9.9.
2589 5219 2777 5275 Nonne
2797 5220 2898 5273 duo
2927 5236 3150 5289 passeres
3195 5236 3307 5275 asse
3327 5229 3550 5279 veneunt,
3585 5228 3633 5271 et
3663 5237 3796 5274 unus

2215 5327 2276 5364 ea:
2304 5312 2407 5365 illis
2436 5328 2538 5365 non
2563 5311 2705 5364 cadet
2734 5312 2785 5364 in
2815 5310 3046 5383 laqueum
3073 5311 3180 5364 sine
3219 5309 3375 5364 Patre
3424 5320 3582 5364 vestro
3616 5312 3702 5380 qui
3742 5311 3797 5365 in

2218 5407 2358 5461 ctelis
2387 5407 2504 5462 est?
2534 5406 2623 5461 50.
2656 5405 2819 5460 Vestri
2842 5415 3008 5459 autem
3036 5404 3208 5475 capilli
3228 5405 3407 5474 capitis
3427 5419 3599 5458 omnes
3620 5420 3797 5459 nume-

2220 5498 2319 5551 rati
2350 5507 2485 5552 sunt.
2540 5496 2676 5565 Quid
2712 5497 2855 5551 enim
2904 5496 3060 5552 vilius
3108 5494 3258 5550 illis?
3310 5493 3524 5563 inquit:
3557 5502 3797 5549 attamen

2221 5603 2530 5658 numquam,
2564 5589 2839 5657 ignorante
2867 5586 2993 5652 Deo,
3025 5585 3320 5656 capientur.
3346 5581 3462 5639 Non
3500 5585 3646 5640 enim
3666 5602 3797 5656 ope-

2286 5700 2301 5730 ί
2337 5698 2497 5748 Morel.
2524 5696 2688 5758 habet,
2712 5710 2818 5759 nos;
2839 5694 2979 5748 male.
