4010 6128
210 317 319 371 Mil

215 442 389 488 rante
431 431 540 487 Deo
566 429 759 485 cadere
780 425 915 480 dicit
945 441 960 477 :
990 423 1043 478 id
1068 421 1210 477 enim
1261 417 1535 489 indignum
1578 415 1690 471 Deo
1719 428 1810 470 es-

212 533 346 589 set;
393 522 490 576 sed
514 519 647 573 dixlt
682 516 811 572 nihil
858 524 1133 584 gestorum
1158 511 1307 565 illum
1345 510 1535 565 latere.
1587 505 1646 562 Si
1678 518 1808 575 ergo

215 614 367 667 nihil
401 626 587 668 eorum
610 624 727 678 qua:
752 606 999 661 accidunt
1036 604 1279 674 ignorat,
1315 613 1518 669 vosque
1546 598 1811 655 sincerius

214 720 397 775 quam
422 711 575 772 pater
598 707 763 767 amat,
788 707 946 767 atque
988 696 1058 751 ita
1089 703 1266 761 amat,
1308 702 1369 748 ut
1394 692 1554 747 etiam
1592 689 1811 760 capillos
1848 713 1856 720 -

216 804 453 851 vestros
472 792 785 856 numerarit,
817 790 948 845 nihil
977 788 1156 858 utique
1184 785 1501 841 timendum.
1528 784 1641 839 Hoc
1683 796 1812 838 vero

216 886 390 951 dixit,
419 900 524 941 non
547 882 689 953 quod
725 882 869 937 Deus
893 879 1120 951 capillos
1150 885 1425 942 numeret,
1448 875 1551 931 sed
1576 882 1636 930 ut
1653 888 1811 928 accu-

219 987 408 1030 ratam
439 975 679 1029 nctitiam
734 986 1084 1043 magnamque
1130 972 1275 1025 circa
1303 983 1399 1023 eos
1428 966 1813 1038 providentiam

218 1061 507 1120 ostendat.
539 1064 595 1118 Si
625 1077 754 1133 ergo
797 1062 977 1116 omnia
1006 1075 1124 1129 quae
1147 1058 1280 1113 ﬁunt
1309 1057 1478 1121 novit,
1504 1056 1549 1111 si
1577 1056 1691 1111 vult
1712 1070 1810 1110 nos

219 1154 418 1208 salvos
448 1154 645 1215 facere.-
671 1164 722 1208 et
746 1152 797 1206 id
826 1160 1020 1220 potest,
1047 1150 1099 1204 si
1117 1149 1244 1218 quid
1274 1147 1569 1219 patiamini,
1599 1163 1668 1202 ne
1691 1162 1814 1202 cre-

219 1246 343 1301 dite
377 1262 477 1300 vos
504 1244 789 1300 derelictos
832 1242 918 1297 illa
970 1241 1097 1312 pati.
1146 1240 1263 1296 Non
1305 1241 1449 1296 enim
1497 1240 1612 1295 vult
1639 1254 1734 1294 vos
1780 1253 1813 1293 a

223 1338 395 1393 malis
419 1339 647 1407 eripere,
673 1335 767 1393 sed
796 1334 1020 1390 suadere
1043 1343 1097 1388 ut
1116 1333 1256 1389 mala
1276 1332 1631 1388 contemnatis
1656 1349 1669 1385 :
1692 1345 1813 1385 nam

222 1428 349 1484 lure
373 1443 505 1485 vere
526 1427 766 1483 liberatio
790 1435 873 1481 est
894 1441 921 1478 a
948 1425 1121 1480 malis.
1150 1425 1240 1480 5|.
1273 1422 1447 1478 Nolite
1470 1438 1587 1491 ergo
1608 1422 1814 1475 timere:

219 1519 409 1571 multis
432 1517 713 1587 passeribus
734 1517 961 1570 meliores
989 1516 1104 1571 estis
1133 1530 1236 1569 vos.
1262 1513 1587 1571 Videni'illos
1612 1512 1721 1579 jam
1750 1503 1817 1566 ti-

222 1623 386 1663 more
436 1617 712 1677 correptos
740 1606 947 1661 fuisse?
988 1606 1201 1661 Sciebat
1230 1604 1371 1660 enim
1420 1612 1628 1659 secreta
1660 1618 1811 1657 men-

222 1700 336 1753 tis:
370 1699 498 1753 idco
555 1698 864 1767 subjunxit,
917 1696 1001 1752 Ne
1043 1713 1161 1767 ergo
1192 1697 1404 1750 timeatis
1443 1712 1545 1750 eos.
1594 1694 1813 1751 Etiamsi

221 1790 379 1847 enim
408 1788 755 1857 praevaleant,
779 1789 829 1843 in
858 1788 1122 1845 minorem
1155 1795 1358 1856 partem
1410 1787 1768 1856 prtevalebunt
1796 1826 1813 1851 ,

221 1879 277 1935 in
302 1893 513 1949 corpus
555 1879 799 1935 scilicet:
829 1878 971 1949 quod
996 1878 1203 1934 etiamsi
1248 1878 1321 1932 illi
1362 1892 1468 1932 non
1517 1876 1811 1943 occidant,

224 1980 427 2026 natura
456 1979 630 2025 tamen
660 1970 922 2025 absumet.
1602 2016 1607 2023 .

300 2062 359 2115 5.
397 2060 543 2114 Mors
569 2060 948 2125 contemnenda,
981 2059 1177 2121 Christo
1213 2060 1346 2114 illud
1371 2076 1459 2128 per
1476 2075 1615 2130 spent
1640 2068 1688 2113 et
1712 2074 1818 2112 nte-

226 2158 347 2204 tunt
371 2151 641 2205 suadente.
688 2150 786 2218 Qui
842 2152 1109 2219 conﬁtetur
1138 2190 1153 2214 ,
1184 2167 1291 2220 per
1333 2150 1553 2203 divinam
1601 2149 1818 2220 gratiam

227 2242 534 2310 conﬁtetur.
575 2240 715 2297 Deus.
756 2240 988 2296 libentius
1010 2242 1166 2307 bona,
1191 2257 1340 2311 quam
1367 2240 1618 2311 supplicia
1642 2240 1813 2309 infert.

226 2359 301 2376 ιι-
330 2333 522 2402 Itaque
562 2347 631 2387 ne
658 2332 710 2386 in
748 2332 847 2387 hoc
875 2332 1086 2402 quidem
1132 2334 1204 2387 illi
1252 2341 1565 2402 potestatem
1596 2332 1815 2398 habent,

227 2444 258 2482 a
284 2437 484 2483 natura
522 2427 719 2498 quippe
750 2426 877 2482 illud
902 2426 1159 2482 obtinent.
1193 2426 1345 2494 Quod
1385 2426 1431 2482 si
1458 2426 1558 2482 hoc
1585 2426 1819 2491 timeas,

228 2519 408 2574 multo
435 2517 604 2587 magis
633 2516 925 2573 timendum
949 2516 1078 2573 illud
1106 2517 1245 2587 quod
1268 2516 1455 2587 majus,
1484 2532 1546 2572 ac
1570 2525 1816 2573 metuen-

228 2609 336 2665 dus
364 2618 451 2664 est
498 2608 587 2665 ille
614 2610 704 2679 qui
750 2615 927 2679 potest
948 2616 1003 2662 et
1031 2608 1259 2662 animam
1286 2618 1340 2663 et
1367 2623 1561 2678 corpus
1593 2607 1817 2678 perdere

230 2700 285 2754 in
314 2699 644 2770 gehennam.
664 2699 843 2770 Neque
865 2699 1147 2754 manifeste
1171 2698 1297 2753 dicit
1317 2714 1377 2754 se
1407 2699 1556 2753 illum
1586 2714 1710 2755 esse
1724 2699 1817 2769 qui

232 2791 413 2858 possit
436 2798 492 2842 et
519 2790 754 2844 animum
774 2797 829 2843 ct
853 2803 1050 2857 corpus
1076 2788 1296 2857 perdere
1321 2805 1336 2853 ;
1360 2788 1455 2843 scd
1489 2804 1583 2859 per
1611 2803 1673 2845 ea
1700 2803 1817 2859 qua:

232 2880 496 2948 superius
515 2878 665 2944 dixit,
699 2893 756 2933 se
779 2878 1015 2947 judicem
1038 2892 1159 2933 esse
1196 2879 1532 2933 monstravit.
1577 2880 1649 2934 At
1678 2892 1818 2933 nunc

233 2970 573 3025 contrarium
596 2970 770 3025 evenit
800 2987 815 3024 :
846 2985 967 3025 nam
990 2985 1109 3025 eum
1131 2970 1218 3040 qui
1246 2978 1417 3040 potest
1437 2969 1667 3025 animam
1692 2984 1821 3039 per-

233 3062 391 3129 dere,
425 3063 530 3118 hoc
552 3072 674 3128 est,
704 3064 962 3132 supplicio
986 3062 1218 3127 afﬁcere,
1252 3077 1357 3117 non
1389 3062 1672 3125 timemus;
1702 3060 1821 3116 illos

236 3163 423 3208 autem
452 3153 540 3222 qui
560 3167 753 3222 corpus
783 3152 1106 3207 interﬁciunt
1123 3151 1598 3220 perhorrescimus.
1616 3151 1820 3217 Quam-

238 3261 402 3315 quam
453 3245 542 3298 ille
584 3258 687 3296 una
740 3256 862 3296 cum
891 3242 1068 3294 anima
1096 3255 1289 3309 corpus
1319 3240 1477 3294 etiam
1507 3240 1817 3295 ulciscitur:

236 3336 313 3389 illi
344 3349 479 3388 vero
503 3348 608 3386 non
636 3332 793 3385 modo
820 3332 1053 3385 animam
1071 3373 1086 3396 ,
1115 3330 1209 3385 sed
1263 3346 1329 3385 ne
1357 3345 1550 3399 corpus
1605 3331 1821 3401 quidem

236 3433 473 3493 possunt
500 3423 721 3491 punire;
748 3422 869 3476 licet
896 3420 1036 3476 enim
1064 3421 1257 3477 millies
1282 3421 1541 3490 supplicio
1566 3422 1819 3489 afﬁciant,

240 3514 584 3585 splendidius
606 3513 733 3568 illud
758 3513 979 3568 omnino
1008 3512 1251 3568 reddunt.
1289 3512 1530 3568 Vidistin‘
1554 3514 1822 3584 quomodo

240 3606 538 3659 certamina
566 3605 737 3660 facilia
782 3603 1005 3659 reddat?
1032 3603 1172 3659 Mors
1196 3604 1339 3658 enim
1374 3619 1565 3661 eorum
1590 3606 1820 3663 animam

239 3695 536 3750 admodum
564 3695 885 3766 exagitabat,
934 3696 1289 3767 terribilisque
1318 3696 1492 3752 adhuc
1511 3706 1649 3764 erat,
1680 3699 1821 3768 quod

240 3788 485 3843 nondum
508 3797 810 3858 expugnata
841 3787 1012 3843 facilis
1040 3797 1185 3844 esset
1211 3828 1227 3852 ,
1265 3804 1364 3844 nec
1390 3788 1565 3849 adhuc
1592 3790 1824 3859 Spiritus

240 3878 473 3946 gratiam
500 3880 833 3948 accepissent
872 3878 908 3932 ii
952 3879 1040 3949 qui
1072 3879 1216 3935 illam
1244 3880 1599 3948 contemplari
1644 3890 1819 3938 erant.

241 3968 538 4039 Postquam
570 3983 695 4037 ergo
723 3969 966 4022 timorem
986 3979 1041 4023 et
1072 3978 1292 4036 metum,
1323 3970 1413 4041 qui
1441 3970 1676 4041 ipsorum
1701 3971 1820 4026 ani-

242 4075 385 4116 mam
404 4060 730 4129 exagitabat,
759 4060 1044 4114 amovisset
1067 4098 1084 4126 ,
1113 4062 1353 4129 sequenti
1380 4061 1539 4117 etiam
1568 4078 1821 4119 sermone

245 4154 352 4210 illis
375 4154 626 4210 ﬁduciam
658 4152 829 4219 indit;
877 4153 1069 4208 timore
1096 4152 1342 4206 timorem
1370 4153 1597 4224 pellens,
1624 4171 1725 4211 nec
1753 4156 1820 4211 ti-

245 4259 399 4300 more
439 4245 617 4311 modo,
663 4244 757 4301 sed
786 4259 1100 4315 magnorum
1134 4259 1230 4314 spe
1263 4246 1632 4315 praemiorum;
1669 4248 1819 4304 insu-

248 4352 448 4407 perque
463 4353 582 4392 cum
598 4351 785 4408 magna
805 4344 1065 4407 pctestate
1080 4337 1432 4393 comminatur
1449 4352 1465 4392 :
1486 4346 1643 4408 atque
1654 4340 1821 4393 utrin-

246 4444 351 4497 que
372 4430 491 4484 illos
508 4427 748 4483 hortatur
770 4429 835 4485 ad
863 4428 1109 4484 ﬁduciam
1138 4443 1234 4500 pro
1254 4429 1472 4484 veritate
1482 4430 1816 4498 sumendam,

245 4517 362 4576 haec
383 4520 636 4590 adjiciens
659 4536 672 4572 :
701 4520 785 4574 52.
811 4521 1122 4591 Quicumque
1140 4520 1452 4591 conﬁtebitur
1470 4521 1524 4575 in
1549 4538 1627 4576 me
1649 4538 1819 4577 coram

247 4610 550 4676 hominibus,
579 4610 850 4679 conﬁtebor
871 4621 917 4665 et
936 4629 1025 4683 ego
1038 4614 1089 4665 in
1114 4629 1223 4666 eum
1240 4629 1413 4666 coram
1429 4611 1584 4668 Patre
1609 4630 1716 4669 meo
1733 4616 1818 4686 qui

246 4711 316 4753 est
344 4702 397 4753 in
426 4702 596 4765 etatis;
626 4702 711 4757 53.
744 4712 790 4755 et
817 4703 1113 4773 quicumque
1141 4706 1395 4774 negaverit
1422 4721 1498 4759 me
1525 4707 1816 4761 coram/to-

245 4790 487 4855 minibus,
522 4790 711 4861 negabo
756 4800 801 4844 et
829 4808 921 4862 ego
958 4809 1077 4847 eum
1101 4810 1271 4849 coram
1305 4794 1461 4849 Patre
1486 4812 1593 4851 meo
1632 4797 1716 4866 qui
1746 4804 1816 4851 est

245 4879 296 4930 in
312 4880 453 4933 aclis
470 4879 510 4931 ι.
536 4879 650 4934 Νοη
675 4880 815 4935 enim
838 4895 868 4935 a
892 4881 1151 4936 bonorum
1176 4897 1270 4952 spe
1290 4890 1519 4950 tantum,
1538 4884 1630 4939 sed
1655 4885 1813 4940 etiam

249 4983 277 5020 a
304 4970 569 5025 malorum
609 4983 751 5025 metu
786 4973 1037 5035 concitat,
1066 4981 1118 5028 et
1150 4975 1200 5026 in
1233 4973 1402 5028 tristia
1425 4973 1641 5029 desinit.
1688 4976 1815 5045 Ejus

248 5068 424 5114 autem
455 5065 848 5117 accurationem
875 5063 1162 5132 perpende.
1192 5063 1308 5117 Non
1335 5063 1496 5127 dixit,
1525 5063 1626 5129 Me,
1677 5064 1769 5120 sed
1794 5104 1811 5130 ,

253 5145 316 5201 In
345 5166 457 5216 me,
507 5151 797 5206 ostendens
824 5168 945 5207 cum
986 5152 1075 5223 qui
1103 5154 1410 5219 conﬁtetur,
1465 5170 1569 5209 non
1600 5155 1810 5225 propria

250 5240 466 5309 virtute,
497 5243 592 5300 sed
615 5259 844 5314 superna
886 5245 1051 5316 gratia
1077 5244 1265 5300 fultum
1287 5245 1551 5302 conﬁteri.
1585 5247 1659 5303 De
1712 5262 1809 5302 ne-

251 5343 406 5400 gante
434 5351 539 5391 non
590 5335 745 5403 dixit,
779 5335 833 5389 In
865 5351 952 5391 me
979 5376 997 5402 ,
1026 5336 1145 5402 sed,
1183 5335 1271 5390 Me
1296 5350 1318 5391 :
1340 5351 1463 5391 nam
1506 5353 1628 5393 cum
1667 5336 1812 5393 dono

252 5424 429 5488 gratia
455 5441 652 5482 vacuus
688 5428 775 5492 sit,
805 5427 873 5483 ita
903 5436 1079 5497 negat.
1113 5426 1220 5481 Cur
1246 5441 1373 5496 ergo
1399 5439 1699 5492 accusatur,
1728 5429 1811 5483 in-

252 5510 431 5578 quies.
459 5516 504 5571 si
535 5517 581 5573 is
618 5518 707 5588 qui
764 5526 954 5588 negat,
999 5517 1070 5573 ita
1112 5516 1531 5587 derelinquitur?
1557 5519 1689 5586 Quia
1721 5522 1809 5590 qui

252 5599 648 5676 derelinquitur,
672 5611 826 5679 culpa
856 5623 951 5663 sua
979 5608 1386 5679 derelinquitur.
1419 5609 1523 5664 Sed
1564 5625 1660 5665 cur
1702 5627 1806 5666 non

315 5712 333 5745 ι
366 5721 468 5766 Haec
488 5716 695 5769 clausula
719 5721 963 5786 Evangelii
987 5728 1087 5775 tcta
1105 5720 1278 5774 deerat
1292 5721 1344 5771 in
1366 5719 1531 5772 Morel.

1214 297 1281 355 ΙΝ
1317 294 1725 354 MATTIIEUM
1760 293 1992 350 IlOMlL.
2035 292 2270 362 XXXIV,
2310 294 2383 349 al.
2425 293 2640 351 XXXV.

3390 301 3488 358 402

1917 411 2113 469 sufﬁcit
2140 413 2271 469 ﬁdes
2305 413 2358 468 in
2389 415 2589 481 animo,
2629 412 2726 470 sed
2753 413 2864 469 oris
2892 415 3053 471 etiam
3098 416 3488 474 confessionem

1922 507 2184 577 requirit?
2215 506 2281 563 Ut
2328 521 2428 562 nos
2475 508 2658 563 incitet
2678 507 2745 562 ad
2777 508 3021 564 ﬁduciam
3051 520 3105 565 et
3130 511 3198 566 ad
3237 511 3487 581 loquendi

1920 595 2263 662 ‘ibertatem‘,
2295 613 2505 653 necnon
2528 598 2597 653 ad
2646 602 2908 671 majorem
2949 604 3227 658 caritatem
3255 613 3312 659 et
3358 604 3489 659 affe-

1922 700 2087 759 ctum,
2121 701 2285 761 utque
2307 706 2408 747 nos
2447 693 3024 751 sublimiooesefﬁciat.
3058 694 3290 763 ideoque
3314 697 3490 750 omni-

1919 781 2020 838 bus
2059 784 2313 853 loquitur,
2370 798 2544 854 neque
2572 785 2721 841 solos
2749 785 2969 854 respicit
3003 785 3330 854 discipulos;
3376 800 3486 839 non

1920 875 2041 931 illos
2061 876 2206 931 enim
2237 882 2463 942 tantum,
2518 875 2619 930 sedi
2649 876 2808 930 etiam
2840 875 3129 945 discipulos
3173 891 3358 931 eorum
3379 877 3489 945 jam

1921 976 2173 1025 strenuos
2194 967 2423 1023 reddere
2443 967 2641 1023 studet.
2669 966 2801 1022 Nam
2821 968 2912 1037 qui
2939 967 3052 1022 luce
3071 967 3338 1030 didicerit.
3387 982 3493 1021 non

1920 1063 2083 1118 modo
2108 1077 2229 1117 cum
2256 1062 2509 1116 libertate
2538 1060 2774 1126 docebit,
2808 1059 2901 1114 sed
2932 1060 3095 1114 etiam
3138 1060 3312 1113 omnia
3340 1058 3494 1113 facile

1920 1163 1975 1209 et
2020 1168 2213 1224 magno
2236 1152 2417 1206 animo
2446 1153 2693 1221 patietur.
2723 1149 2779 1205 Id
2823 1158 2969 1205 certe
3010 1149 3131 1204 fecit
3162 1159 3219 1203 ut
3246 1148 3393 1203 multi
3424 1148 3491 1203 ad

1919 1246 2193 1314 apostolos
2221 1244 2555 1305 accederent,
2588 1242 2737 1313 quod.
2782 1241 2906 1297 huic
2940 1241 3083 1296 dicto
3133 1239 3301 1295 ﬁdem.
3330 1239 3492 1294 habe-

1918 1348 2057 1393 rent.
2088 1337 2218 1391 Nnm
2247 1346 2309 1391 nt-
2330 1336 2381 1390 in
2430 1335 2582 1390 malis
2610 1335 2813 1405 majora
2855 1334 3113 1404 supplicia
3158 1342 3491 1402 sequuntur:

1921 1430 2003 1483 sic
2032 1438 2086 1483 et
2115 1429 2167 1481 in
2196 1428 2351 1482 bonis
2378 1426 2549 1495 major
2570 1439 2797 1480 merces.
2823 1425 2956 1493 Quia
2986 1424 3129 1479 enim
3160 1424 3249 1493 qui
3293 1423 3490 1477 bonum

1920 1521 1997 1575 sic
2018 1527 2286 1590 operatur,
2312 1518 2526 1572 divitias
2546 1517 2647 1572 sibi
2679 1525 2847 1586 parat,
2879 1523 3130 1585 peccator
3152 1525 3326 1570 autem
3356 1514 3493 1569 dila-

1922 1612 2066 1663 tione
2093 1607 2336 1677 supplicii
2367 1621 2426 1661 se
2455 1607 2653 1661 lucrari
2678 1607 2979 1669 existimat;
3004 1619 3209 1672 parem,
3237 1604 3344 1659 imo
3372 1605 3495 1659 lon-

1920 1714 1986 1769 ge
2008 1697 2267 1767 majorem
2296 1699 2430 1752 bene
2463 1696 2705 1767 aperanti
2731 1696 2937 1749 induxit
2955 1694 3188 1765 copiam,
3216 1709 3313 1750 seu
3350 1710 3491 1765 pra:-

1921 1791 2147 1846 miormn
2176 1789 2619 1845 additamentum.
2653 1788 2799 1843 lianc
2819 1788 3248 1859 prmmgativam,
3279 1788 3448 1855 inquit
3474 1829 3491 1854 ,

1920 1883 2106 1949 habes,
2134 1881 2274 1952 quod
2303 1881 2355 1936 in
2383 1897 2469 1936 me
2509 1881 2654 1951 prior
2698 1880 3031 1935 credideris?
3060 1879 3173 1949 Ego
3204 1880 3331 1934 item
3356 1879 3493 1934 hanc

1920 1974 2323 2046 praerogativam
2370 1973 2528 2035 dabo,
2571 1981 2628 2027 ut
2655 1972 2867 2040 majora:
2894 1971 3161 2034 tribuam,
3190 1971 3299 2025 imo
3336 1970 3492 2040 longe

1919 2066 2122 2135 majora
2157 2084 2171 2122 :
2199 2080 2323 2121 nam
2362 2064 2435 2120 ibi
2460 2073 2513 2118 te
2542 2063 2857 2120 conﬁtebor.
2893 2062 3078 2117 Viden‘
3103 2071 3159 2117 et
3187 2063 3273 2117 hic
3302 2071 3355 2116 et
3390 2064 3494 2117 illic

1920 2156 2057 2211 bona
2103 2164 2159 2211 et
2203 2155 2343 2210 mala
2374 2153 2767 2210 recondi?Cur
2791 2168 2921 2224 ergo
2965 2153 3221 2209 festinas?
3260 2170 3365 2209 cur-
3409 2154 3494 2211 hic

1923 2245 2223 2302 mercedem
2259 2246 2474 2315 quieris,
2507 2244 2596 2315 qui
2624 2259 2718 2315 spe
2740 2245 2847 2314 jam
2879 2244 3058 2299 salvus
3092 2245 3188 2299 es?
3209 2244 3413 2300 idcirco
3441 2245 3490 2300 si

1921 2339 2047 2410 quid
2072 2339 2194 2394 boni
2224 2337 2435 2402 feceris,
2489 2352 2665 2406 neque
2683 2336 2771 2392 hic
2803 2338 3104 2393 mercedem
3134 2337 3361 2405 recipias
3380 2378 3395 2402 ,
3428 2352 3495 2391 ne

1922 2429 2190 2494 turbaris;
2230 2444 2352 2483 cum
2396 2427 2760 2483 additamenta
2784 2428 2924 2483 enim
2973 2428 3027 2482 in
3056 2427 3496 2496 futurotempore

1922 2528 1976 2575 te
2003 2533 2211 2574 merces
2246 2526 2446 2573 manet.
2473 2517 2566 2572 Sin
2587 2517 3003 2588 quidpiammali
3032 2518 3241 2582 feceris,
3277 2533 3379 2572 nec
3398 2516 3496 2572 des

1921 2623 2144 2680 pennas,
2160 2624 2227 2664 ne
2256 2606 2378 2663 ideo
2431 2609 2610 2678 segnis
2636 2608 2739 2673 sis;
2774 2607 3047 2661 illic'enim
3080 2615 3133 2661 te
3177 2606 3495 2678 supplicium
3588 2655 3592 2660 .

1924 2698 2186 2769 excipiet,
2221 2699 2321 2752 nisi
2348 2698 2574 2753 muteris
2603 2706 2658 2752 et
2686 2697 2878 2752 melior
2906 2697 3122 2752 evadas.
3153 2697 3212 2750 Si
3235 2711 3369 2752 vero
3388 2712 3495 2752 non

1921 2789 2118 2856 credis,
2142 2805 2210 2845 ex
2236 2788 2587 2860 prresentibus
2612 2788 2772 2843 rebus
2797 2790 2968 2843 futura
2995 2789 3269 2858 conjicito.
3296 2788 3426 2843 Nam
3450 2790 3495 2844 si

1923 2880 2275 2936 certaminum
2307 2888 2547 2948 tempore
2592 2879 2670 2933 sic
2700 2878 2935 2934 illustres
2969 2887 3093 2933 sunt
3136 2879 3169 2932 ii
3199 2879 3290 2946 qui
3324 2878 3497 2932 conﬁ-

1927 2977 2125 3032 tentur,
2165 2966 2435 3038 perpende
2460 2968 2647 3037 quales
2672 2983 2994 3023 coronarum
3041 2976 3282 3037 tempore
3332 2966 3491 3022 futuri

1924 3059 2048 3130 sint.
2098 3058 2155 3115 Si
2214 3060 2414 3115 inimici
2457 3058 2544 3115 hic
2578 3059 2850 3129 plaudunt,
2894 3061 2982 3129 qui
3030 3069 3085 3114 te
3141 3060 3332 3115 affectu
3380 3061 3497 3130 plus

1926 3166 2084 3219 quam
2111 3158 2336 3219 paterno
2373 3149 2561 3217 diligit,
2599 3149 2868 3218 quomodo
2905 3163 3012 3203 non
3045 3160 3097 3203 te
3126 3151 3408 3203 mirabitur
3436 3160 3492 3203 et

1925 3239 2217 3295 celebrabit
2240 3240 2263 3291 ?
2292 3239 2440 3293 Tunc
2455 3241 2603 3292 enim
2627 3248 2786 3294 erunt
2812 3249 2866 3293 et
2894 3238 3151 3293 bonormn
3176 3240 3390 3308 prmmia
3430 3250 3485 3293 et

1927 3330 2189 3384 malorum
2217 3330 2471 3399 supplicia
2497 3344 2511 3393 ;
2544 3330 2614 3384 ita
2643 3340 2698 3383 ut
2746 3330 2835 3399 qui
2862 3329 3170 3399 negarerint
3195 3370 3211 3396 ,
3238 3339 3292 3384 et
3330 3330 3415 3384 hic
3440 3339 3496 3386 et

1926 3421 2037 3476 illic
2079 3421 2397 3492 puniantur;
2427 3419 2514 3475 hic
2553 3434 2674 3474 cum
2700 3419 2836 3474 mala
2862 3418 3187 3474 conscientia
3213 3419 3456 3475 viventes
3476 3460 3493 3486 ,

1926 3513 2018 3583 qui
2068 3520 2553 3583 quantumcumque
2605 3520 2834 3566 mortem
2883 3510 3155 3579 fugerint,
3202 3510 3497 3567 morientur

1929 3604 2175 3669 tandem;
2220 3604 2328 3659 illic
2354 3618 2485 3659 vero
2513 3612 2777 3659 extremas
2802 3602 3007 3659 dabunt
3033 3617 3254 3674 pmnas;
3286 3604 3374 3658 alii
3400 3619 3498 3659 au-

1926 3705 2033 3753 tem
2063 3708 2117 3752 et
2146 3696 2231 3751 hic
2248 3704 2305 3752 et
2324 3696 2431 3750 illic
2451 3695 2723 3750 lucramur
2746 3711 2761 3760 ;
2789 3702 2845 3749 et
2860 3702 3087 3749 mortem
3114 3693 3199 3749 hic
3219 3697 3270 3749 in
3293 3695 3496 3751 lucrum

1925 3796 2195 3844 vertentes
2215 3827 2228 3851 ,
2255 3803 2361 3857 qua
2380 3787 2511 3842 vivis
2539 3785 2926 3855 splendidiores
2949 3786 3270 3854 efﬁciuntur,
3303 3797 3356 3842 et
3387 3788 3498 3844 illic

1926 3878 2284 3935 ineli'abilihus
2306 3876 2547 3932 fruentes
2567 3878 2743 3932 bonis.
2769 3876 2886 3931 Non
2905 3878 3049 3931 enim
3070 3877 3135 3931 ad
3170 3878 3495 3947 puniendum

1927 3979 2154 4038 tantum,
2205 3969 2300 4025 sed
2343 3970 2505 4024 etiam
2553 3968 2618 4023 ad
2665 3968 2803 4023 bona
2852 3969 3121 4036 eroganda
3163 3978 3377 4037 paratus
3414 3981 3499 4024 est

1927 4063 2102 4128 Deus;
2130 4070 2185 4117 et
2210 4060 2281 4116 ad
2308 4060 2411 4115 hoc
2436 4067 2583 4115 certe
2610 4058 2783 4127 magis
2808 4072 2975 4128 quam.
2995 4058 3065 4112 ad
3091 4057 3241 4112 illud.
3265 4057 3373 4114 Sed
3401 4073 3497 4114 cur

1925 4154 2029 4210 hoc
2057 4153 2247 4219 semel,
2280 4151 2411 4207 illud
2444 4150 2528 4205 bis
2552 4149 2771 4220 posuit?
2800 4149 2961 4203 Novit
2988 4156 3138 4204 certe
3169 4149 3359 4204 timore
3385 4165 3499 4205 ma-

1923 4245 2007 4317 gis
2058 4246 2306 4299 homines
2349 4243 2417 4297 ad
2447 4241 2876 4312 resipiscentiam
2904 4240 3115 4295 adduci.
3147 4241 3349 4296 Idcirco
3374 4256 3496 4296 cum

1921 4339 2164 4402 dixisset,
2210 4336 2397 4391 Timete
2426 4352 2539 4390 eum
2561 4335 2649 4405 qui
2679 4343 2839 4402 potest
2870 4342 2918 4386 et
2956 4332 3183 4386 animant
3218 4342 3267 4387 et
3309 4348 3494 4403 corpus

1925 4431 2132 4501 perdere
2151 4430 2202 4482 in
2227 4429 2525 4500 gehennam,
2550 4440 2761 4480 rursum
2784 4424 2931 4491 dicit,
2958 4423 3010 4477 Ν
3014 4425 3167 4494 egabo
3188 4440 3301 4477 eum
3319 4434 3364 4477 et
3380 4440 3490 4493 ego.

1921 4522 2012 4578 Sic
2037 4530 2093 4577 et
2113 4521 2308 4576 Paulus
2342 4519 2591 4585 faciebat,
2622 4516 2919 4588 gehennam
2955 4515 3263 4586 frequenter
3283 4531 3491 4569 memo-

1922 4628 2066 4668 rans.

1992 4706 2045 4760 6.
2078 4704 2241 4769 llors,
2269 4702 2466 4757 Christo
2488 4710 2739 4767 monente,
2764 4716 2873 4753 non
2903 4698 3186 4753 metuenda.
3226 4697 3495 4762 Corruptio

1921 4812 2187 4867 corporum
2214 4795 2369 4848 utilis.
2402 4794 2537 4861 Quot
2580 4792 2715 4846 mala
2757 4790 3026 4853 «sitirent,
3067 4791 3112 4843 si
3153 4805 3375 4859 corpora,
3394 4805 3495 4842 non

1920 4897 2375 4959 corrumperentur.
2404 4915 2475 4926 —
2502 4884 2651 4941 Cum.
2681 4884 2841 4953 igitur
2889 4883 3183 4937 auditorem
3227 4880 3369 4936 omni
3422 4896 3493 4936 ex

1920 4991 2072 5052 parte
2110 4979 2434 5034 stimulasset
2465 4976 2609 5048 (nam
2639 4986 2690 5031 et
2718 4975 2881 5030 caelos
2909 4972 3009 5043 ipsi
3033 4975 3272 5044 aperuit,
3304 4983 3352 5028 et
3394 4974 3492 5029 tri-

1920 5073 2077 5129 bunal
2105 5073 2232 5129 illud
2261 5071 2493 5127 terribile
2518 5069 2850 5133 monstravit,
2874 5067 3183 5138 angelorum
3207 5069 3491 5131 theatrum,

1919 5179 2233 5221 coronarum
2282 5162 2721 5234 proclamationes
2744 5203 2759 5227 ,
2795 5176 2913 5231 qua:
2944 5161 3043 5231 pia:
3070 5160 3327 5216 doctrina:
3355 5160 3492 5213 viam

1919 5255 2126 5311 facilem
2150 5254 2437 5324 pararent),
2464 5253 2677 5307 demum
2704 5268 2772 5307 ne
2798 5266 2893 5323 per
2919 5252 3161 5307 timorem
3187 5250 3493 5321 praedicatio

1918 5346 2282 5416 impediretur,
2313 5345 2379 5401 ad
2418 5344 2591 5400 caedes
2617 5345 2759 5414 ipsos
2798 5345 3040 5417 apparari
3079 5342 3265 5413 jubet,
3306 5348 3363 5394 ut
3405 5339 3488 5393 di-

1919 5445 2088 5503 scant,
2107 5449 2200 5491 eos
2226 5437 2317 5507 qui
2359 5436 2410 5490 in
2441 5434 2810 5491 incredulitate
2835 5420 3140 5504 persistun’t,
3170 5430 3329 5484 etiam
3356 5428 3486 5483 insi-

1907 5528 2120 5584 diarum
2135 5524 2380 5579 ﬁdelibus
2395 5532 2724 5579 structarum
2745 5538 2934 5593 ptenas
2950 5535 3072 5576 esse
3087 5517 3480 5574 daturos.Mor-

1910 5629 2016 5675 tem
2046 5632 2175 5687 ergo
2191 5615 2575 5685 despiciemus,
2592 5615 2808 5669 etiamsi
2842 5612 3082 5666 nondum
3115 5610 3232 5679 ejus
3261 5619 3477 5681 tempus

1911 5711 2335 5767 adveneritmam
2359 5708 2424 5763 ad
2443 5708 2615 5762 multo
2634 5705 2912 5759 meliorem
2932 5704 3094 5757 vitam
3115 5704 3473 5760 resurrecturi
