4010 6128
412 252 513 308 103

410 375 613 422 sumus.
635 360 719 422 At.
738 355 907 421 dices,
920 364 1116 422 corpus
1130 344 1524 417 corrumpitur?
1539 341 1608 398 Et
1626 340 1747 397 ideo
1762 337 1993 395 maxime

412 452 752 527 gaudendum
772 490 788 516 ,
831 446 972 517 quod
1002 456 1150 499 mors
1173 445 1580 527 corrumpatur,
1620 441 1684 527 e_t_
1699 429 1995 527 mortalitas

414 520 634 618 pereat,
678 556 784 597 non
818 546 998 594 autem
1026 530 1319 590 substantia
1350 526 1613 618 corporis.
1639 522 1824 618 Illeque
1850 520 1994 618 enim

419 608 461 692 si
486 608 704 691 conﬂari
735 631 946 687 videres
971 635 1218 687 statuam,
1246 618 1535 691 perniciem
1564 615 1616 672 id
1644 614 1873 679 diceres,
1902 608 1996 667 sed

418 728 696 783 meliorem
726 721 963 778 materia:
1000 730 1177 773 usum.
1224 712 1331 769 Sic
1353 719 1408 767 et
1435 709 1503 766 de
1531 721 1757 778 corpore
1782 703 1954 774 cogita
1977 741 1994 767 ,

417 830 473 878 et
501 833 568 873 ne
596 814 925 887 laerymeris.
966 807 1227 865 Flendum
1273 818 1402 861 sane
1441 808 1617 866 esset,
1663 799 1709 854 si
1748 798 1802 853 in
1839 809 1996 868 poena

415 909 721 965 mansisset.
753 904 856 961 Sed
884 899 1228 971 oportuisset.
1259 894 1487 965 inquies,
1516 891 1631 948 sine
1657 888 1999 959 corruptione

417 1014 700 1069 corporum
746 996 799 1050 id
845 993 993 1058 fieri,
1039 999 1095 1045 et
1127 990 1241 1060 ipsa
1282 987 1484 1055 integra
1513 996 1749 1038 manere.
1780 979 1850 1035 Et
1873 977 1999 1049 quid

419 1090 545 1144 inde
590 1086 829 1143 utilitatis
870 1092 962 1139 aut
1007 1082 1142 1137 vivis
1188 1087 1282 1135 aut
1322 1075 1583 1133 defunctis
1629 1072 2001 1145 provenisset?

419 1182 705 1249 Quousque
732 1186 997 1232 amatores
1025 1185 1307 1243 corporum
1332 1167 1515 1224 eritis?
1541 1178 1817 1237 quousque
1846 1170 2003 1218 terrae

421 1271 617 1326 addicti
641 1269 707 1323 ad
737 1268 952 1323 umbras
977 1263 1231 1320 inhiatis?
1254 1259 1391 1329 Quid
1419 1259 1542 1314 inde
1572 1256 1812 1311 utilitatis
1835 1254 2008 1309 obve-

422 1361 595 1417 niret?
626 1362 732 1415 imo
777 1357 903 1429 quid
941 1372 1049 1411 non
1095 1353 1401 1409 nocumenti
1445 1348 1761 1404 accederet?
1796 1345 1925 1401 Nam
1955 1345 2003 1400 si

422 1468 643 1523 corpora
676 1464 781 1505 non
806 1454 1275 1517 corrumperentur
1291 1482 1307 1509 ,
1335 1441 1533 1496 malum
1559 1439 1797 1494 omnium
1824 1436 2003 1491 deter-

424 1545 619 1599 rimum
643 1581 660 1607 ,
706 1540 953 1609 superbia
984 1540 1038 1591 in
1078 1535 1263 1590 multis
1287 1532 1508 1602 vigeret.
1538 1529 1745 1585 Etenim
1771 1542 1892 1583 cum
1918 1542 2005 1583 res

424 1637 497 1691 ita
530 1650 590 1689 se
629 1632 820 1688 habeat
842 1671 858 1696 ,
902 1640 1232 1698 corporeque
1270 1622 1537 1680 vermibus
1566 1629 1823 1684 scatente,
1853 1619 2003 1674 multi

426 1734 605 1779 tamen
636 1737 695 1777 se
722 1720 853 1777 deos
879 1716 1175 1774 existimari
1202 1714 1540 1779 studuerunt,
1571 1710 1697 1783 quid
1725 1727 1830 1766 non
1862 1710 2008 1765 futu-

426 1830 548 1870 rum
575 1821 691 1869 erat
708 1854 724 1879 ,
755 1812 800 1867 si
828 1825 1025 1881 corpus
1052 1805 1372 1863 mansisset?
1402 1802 1667 1866 Secundo,
1699 1817 1803 1857 non
1831 1800 2007 1856 credi-

426 1906 632 1961 dissent
659 1919 883 1975 corpora
915 1919 979 1958 ex
1009 1911 1150 1957 terra
1176 1908 1353 1956 ortum
1395 1897 1593 1952 habere
1620 1914 1633 1949 :
1662 1911 1784 1950 nam
1819 1896 1863 1950 si
1893 1894 2011 1964 ejus

427 1996 533 2051 fine
558 1996 609 2050 id
640 1996 959 2051 testificante
985 1992 1159 2055 adhuc
1201 1990 1415 2062 quidam
1455 1988 1717 2053 dubitant,
1747 1986 1873 2058 quid
1902 2004 2007 2042 non

426 2087 866 2157 suspicarentur,
914 2084 1017 2139 nisi
1063 2081 1168 2137 hoc
1212 2080 1493 2136 viderent?
1536 2077 1738 2143 Tertio,
1785 2092 2011 2148 corpora

429 2179 598 2250 magis
618 2178 983 2248 diligerentur,
1007 2174 1325 2245 plurimique
1348 2171 1517 2241 magis
1535 2170 1774 2226 carnales
1793 2179 1848 2224 et
1861 2183 2011 2224 cras-

429 2271 601 2325 siores
627 2268 749 2323 facti
775 2278 955 2323 essent
978 2283 992 2320 :
1017 2280 1139 2320 nam
1181 2265 1225 2318 si
1270 2277 1411 2319 nunc
1436 2262 1648 2331 quidam
1677 2261 1935 2331 sepulcris
1959 2268 2015 2315 et

430 2359 580 2424 urnis
604 2357 834 2423 haerent,
854 2357 1014 2412 etiam
1039 2354 1353 2425 corporibus
1373 2353 1722 2422 consumptis,
1749 2351 1876 2423 quid
1906 2365 2013 2407 non

431 2453 688 2517 facerent,
733 2451 776 2505 si
808 2451 975 2519 ipsam
1012 2448 1292 2519 imaginem
1339 2445 1632 2502 haberent?
1660 2446 1879 2514 Quarto,
1912 2444 2013 2500 ho-

433 2544 607 2598 mines
636 2543 806 2597 futura
830 2558 935 2596 nou
958 2541 1368 2596 desiderassent.
1390 2539 1605 2607 Quinto,
1631 2539 1705 2593 illi
1725 2539 1813 2609 qui
1834 2538 2016 2595 dicunt

433 2634 691 2690 mundum
713 2648 833 2689 esse
853 2633 1225 2697 immortalem,
1253 2633 1375 2686 hinc
1395 2633 1447 2686 in
1470 2632 1720 2702 opinione
1741 2630 2017 2687 firmaren-

435 2736 540 2794 tur,
570 2734 627 2781 ut
653 2735 958 2781 assererent
1003 2725 1167 2780 Deum
1199 2739 1303 2779 non
1332 2739 1450 2779 esse
1480 2731 1798 2780 creatorem.
1828 2725 2012 2791 Sexto,

436 2833 543 2873 non
573 2827 987 2885 cognosceretur
1012 2817 1203 2870 animre
1242 2816 1441 2883 virtus,
1471 2830 1571 2871 nec
1597 2824 1850 2887 quantum
1880 2832 2018 2886 pra:-

434 2920 559 2961 sens
598 2905 839 2961 conferat
864 2907 1038 2961 anima
1065 2906 1297 2976 corpori.
1325 2905 1563 2975 Septimo
1582 2946 1599 2973 ,
1644 2906 1795 2961 multi
1820 2922 1889 2962 ex
1916 2907 2017 2962 de-

435 2995 735 3052 functorum
755 3013 968 3053 suorum
987 3010 1189 3064 amore,
1207 2997 1427 3052 urbibus
1449 2996 1669 3063 relictis,
1689 2997 1741 3051 in
1763 2998 2018 3067 sepulcris

442 3087 729 3143 habitaturi
769 3096 955 3153 erant,
1004 3096 1058 3143 et
1099 3087 1404 3142 insanorum
1436 3087 1603 3142 instar
1628 3096 1867 3143 mortuos
1892 3102 2017 3144 suos

434 3179 743 3251 frequenter
762 3180 1083 3251 alloquuturi
1107 3200 1119 3235 :
1143 3196 1265 3235 nam
1287 3180 1330 3235 si
1352 3195 1493 3235 nunc
1520 3179 1733 3251 quidam
1764 3181 2020 3252 imagines

436 3272 749 3344 cmngentes
773 3314 789 3341 ,
834 3272 955 3342 quia
992 3287 1213 3344 corpora
1253 3272 1485 3328 retinere
1512 3287 1617 3327 non
1649 3281 1896 3343 possunt,
1925 3272 2019 3328 sed

437 3365 618 3419 invitis
644 3366 772 3435 ipsis
802 3365 888 3419 illa
914 3362 1176 3430 deﬂuunt,
1204 3363 1392 3435 ligneis
1419 3363 1611 3418 tabulis
1640 3365 1863 3428 luerent,
1894 3363 2019 3434 quid

438 3469 545 3509 non
583 3454 803 3510 absurdi
848 3463 975 3509 tunc
1019 3454 1451 3524 excogitassent?
1493 3453 1629 3508 Puto
1656 3468 1805 3511 certe
1828 3454 2022 3510 multos

440 3544 808 3615 hujuscemodi
829 3545 1143 3616 corporibus
1170 3545 1366 3613 templa
1389 3544 1745 3599 mdillcaturos
1764 3587 1780 3612 ,
1812 3554 1867 3600 et
1895 3560 2020 3613 per-

441 3651 696 3693 suasuros
720 3635 884 3691 fuisse
908 3635 1179 3690 dmmonas
1206 3638 1258 3689 in
1284 3635 1389 3689 illis
1414 3634 1579 3704 loqui,
1611 3634 1655 3689 si
1683 3635 1771 3705 qui
1794 3635 1849 3690 in
1877 3635 2023 3691 hisce

443 3725 727 3797 prmstigiis
771 3725 996 3782 solertes
1040 3726 1284 3792 fuissent,
1331 3724 1759 3796 quandoquidem
1804 3725 1902 3794 illi,
1932 3725 2024 3797 qui

444 3816 858 3873 necromantiam
888 3816 1087 3872 audent
1113 3829 1386 3883 exercere,
1414 3815 1577 3871 multa
1604 3815 1688 3871 his
1715 3816 2025 3872 absurdiora

444 3918 686 3975 tentant,
736 3908 802 3964 ad
848 3908 963 3964 haec
1003 3908 1275 3980 pulverem
1326 3917 1381 3965 et
1430 3910 1639 3964 cineres
1688 3908 2024 3965 adhibentes.

446 4001 654 4068 Quanta
681 4000 804 4055 hinc
830 4000 1144 4055 idololatriae
1168 4014 1362 4071 genera
1394 4014 1501 4054 non
1526 4000 1903 4055 emersissent?
1933 3999 2028 4054 His

449 4093 610 4163 igitur
636 4092 886 4147 omnibus
910 4092 1130 4147 sublatis
1156 4091 1313 4157 Deus,
1345 4100 1527 4161 utpote
1556 4091 1822 4158 absurdis,
1850 4100 1907 4147 ut
1929 4106 2029 4147 nos

450 4183 689 4238 instituat
735 4183 802 4237 ad
847 4192 1057 4238 terrena
1100 4185 1274 4238 omnia
1305 4182 1635 4252 abjicienda,
1683 4192 1807 4239 ante
1846 4182 2031 4238 oculos

452 4283 667 4329 nostros
689 4288 887 4343 corpus
912 4274 1159 4329 destruit.
1189 4273 1318 4327 Nam
1358 4287 1643 4342 corporum
1671 4283 1876 4329 amator
1894 4316 1910 4340 ,
1940 4274 2031 4343 qui

453 4365 741 4418 formosam
776 4364 1000 4432 puellam
1026 4363 1251 4434 deperit.
1281 4364 1323 4417 si
1352 4363 1484 4417 nolit
1510 4364 1898 4421 defornﬁtatem
1921 4380 2034 4419 ma-

454 4455 602 4510 teriae
648 4455 859 4509 ratione
900 4455 1130 4520 discere,
1179 4468 1296 4509 eam
1342 4454 1470 4523 ipsis
1516 4455 1683 4509 oculis
1727 4457 2029 4526 perspiciet.

459 4550 671 4605 Etenim
698 4547 878 4602 multa:
906 4556 1031 4601 sunt
1059 4546 1202 4617 paris
1227 4546 1398 4600 artatis
1428 4547 1637 4616 puellae,
1665 4562 1728 4601 ac
1756 4563 1898 4618 saepe
1926 4548 2036 4603 for-

458 4644 716 4697 mosiores
735 4681 750 4706 ,
796 4654 915 4710 qua:
942 4636 1204 4694 defuncta:
1230 4646 1351 4710 post
1389 4653 1550 4692 unam
1579 4638 1868 4694 alteramve
1893 4639 2036 4694 diem

460 4736 701 4788 faetorem
754 4732 1077 4796 emiserunt,
1126 4730 1349 4796 saniem,
1401 4730 1757 4801 putredinem,
1806 4744 2035 4786 vermes.

459 4820 642 4893 Cogita
670 4824 880 4894 qualem
906 4839 1053 4879 ames
1075 4822 1539 4894 pulchritudinem,
1563 4831 1617 4876 et
1635 4837 1791 4892 quam
1817 4821 2039 4876 formam

461 4915 737 4984 depereas.
766 4915 823 4970 Si
851 4933 976 4971 vero
1000 4931 1224 4986 corpora
1250 4932 1355 4969 non
1384 4922 1769 4986 putrescerent,
1797 4913 1911 4969 haec
1934 4928 2042 4969 non

462 5008 634 5081 probe
663 5007 899 5077 dignosci
948 5018 1165 5077 possent
1191 5027 1204 5062 :
1228 5008 1321 5063 sed
1366 5010 1504 5063 sicut
1531 5007 1803 5061 daemones
1832 5021 1925 5075 per
1951 5021 2043 5061 se-

466 5098 650 5170 pulcra
691 5106 944 5161 currunt,
995 5098 1072 5152 sic
1115 5100 1262 5152 multi
1307 5115 1372 5152 ex
1419 5100 1743 5152 amatoribus
1785 5096 2045 5166 sepulcris

1145 234 1203 292 S.
1244 228 1519 290 JOANNIS
1555 218 2028 283 CHRYSOSTOMI
2066 218 2383 278 ARClllEP.
2422 214 2954 275 CONSTANTINOP.

3573 215 3686 273 ΑΜ

2098 335 2283 401 multa,
2308 344 2420 390 tum
2442 332 2545 390 hoc
2557 334 2719 390 etiam
2742 334 2975 389 animum
2995 332 3320 398 consolatur,
3340 332 3479 403 quod
3505 333 3688 405 imago

2109 427 2201 484 illa
2230 441 2337 482 non
2366 435 2635 498 appareat,
2666 427 2847 497 sicque
2870 426 3025 482 dolor
3052 424 3319 482 oblivione
3340 425 3571 481 diffluat.

2169 518 2223 575 5.
2249 518 2444 573 Animae
2470 516 2793 588 pulchritudo
2821 525 2872 572 et
2908 517 3219 588 praestantia.
3244 544 3313 557 --
3338 515 3493 583 Quod
3520 518 3566 573 si
3595 535 3689 575 res

2100 625 2206 664 non
2226 608 2296 663 ita
2316 622 2376 664 se
2394 607 2636 675 haberet,
2657 608 2900 678 sepulcra
2925 608 3067 663 nulla
3086 616 3295 675 essent;
3313 608 3416 665 "sed
3437 609 3689 666 civitates

2101 701 2311 757 videres
2330 715 2449 771 qua:
2465 707 2704 756 mortuos
2723 714 2821 770 pro
2840 701 3028 755 statuis
3048 700 3321 765 haberent,
3339 717 3461 757 cum
3485 704 3688 774 singuli

2102 791 2302 848 vellent
2340 806 2466 848 suos
2508 791 2709 848 videre.
2750 791 2886 846 Hinc
2924 791 3111 862 ingens
3136 793 3380 849 confusio
3408 796 3644 851 oriretur
3668 836 3688 862 ,

2102 899 2259 941 nemo
2279 885 2470 940 animae
2489 900 2670 940 curam
2693 884 2929 952 haberet,
2949 900 3049 941 nec
3068 885 3134 942 de
3153 889 3269 956 ejus
3286 888 3693 945 immortalitate

2103 977 2359 1048 cogitaret
2384 995 2398 1031 :
2420 978 2690 1048 multaque
2713 978 2814 1034 alia
2835 978 3147 1034 absurdiora
3178 980 3301 1036 inde
3325 996 3688 1053 emergerem,

2104 1086 2222 1141 qua:
2248 1086 2317 1127 ne
2341 1070 2518 1126 dicere
2546 1071 2759 1142 quidem
2805 1071 2884 1125 fas
2928 1082 3029 1126 est.
3062 1072 3347 1143 Propterea
3377 1075 3553 1129 subito
3589 1092 3691 1145 pu-

2106 1163 2308 1228 trescit,
2331 1172 2391 1218 ut
2408 1164 2605 1219 nudam
2632 1164 2822 1219 anima
2849 1164 3294 1234 pulchritudinem
3323 1167 3520 1222 videas.
3552 1169 3689 1222 Nam

2105 1254 2149 1309 si
2171 1255 2328 1309 talem
2351 1254 2574 1310 formam
2595 1263 2652 1311 et
2667 1255 2824 1309 talem
2845 1255 3007 1309 vitam
3030 1256 3204 1311 anima
3224 1260 3433 1327 corpori
3462 1260 3688 1329 prmbet,

2106 1354 2306 1415 quanto
2343 1345 2560 1415 majoris
2596 1346 2708 1415 ipsa
2737 1344 3144 1415 pulchritudinis
3186 1347 3331 1402 erit?
3365 1350 3410 1403 si
3457 1365 3570 1405 rem
3614 1352 3691 1406 ita

2106 1441 2397 1497 deformem
2417 1449 2699 1505 sustentat,
2721 1448 2918 1512 quanto
2937 1441 3104 1511 magis
3124 1442 3385 1511 seipsam?
3405 1442 3522 1498 Non
3542 1446 3692 1499 enim

2107 1546 2301 1603 corpus
2327 1532 2499 1600 ipsum
2542 1532 2818 1602 pulchrum
2847 1540 2964 1599 est,
3008 1532 3101 1587 sed
3134 1535 3245 1602 ipsa
3274 1534 3568 1590 ell‘ormatio
3587 1578 3602 1601 ,
3631 1545 3693 1591 et

2110 1622 2208 1677 llos
2252 1622 2343 1678 ille
2381 1622 2470 1692 qui
2492 1637 2587 1692 per
2608 1622 2837 1677 animam
2864 1622 2917 1676 in
2940 1623 3157 1677 materia
3187 1622 3508 1694 depingitur.
3539 1626 3693 1681 Illam

2110 1712 2267 1782 igitur
2291 1726 2431 1777 ama,
2458 1728 2578 1782 quae
2602 1713 2811 1782 corpori
2844 1713 3003 1768 talem
3029 1714 3259 1783 speciem
3286 1716 3552 1770 conciliat.
3585 1716 3694 1771 Ec—

2111 1803 2237 1875 quid
2275 1804 2344 1860 de
2381 1812 2554 1860 morte
2597 1805 2822 1876 loquor?
2866 1804 3079 1861 Etenim
3120 1806 3173 1861 in
3218 1806 3317 1862 hac
3344 1822 3557 1879 quoque
3583 1810 3694 1864 vita

2112 1896 2389 1952 ostendam
2422 1896 2515 1951 tibi
2542 1935 2559 1963 ,
2607 1897 2877 1967 quomodo
2902 1897 3120 1968 pulchra
3146 1899 3323 1955 omnia
3351 1898 3419 1953 ab
3446 1899 3535 1954 illa
3564 1915 3696 1970 pro-

2114 1986 2438 2042 ficiscantur.
2465 1987 2596 2042 Nam
2627 1988 2671 2042 si
2703 1987 2793 2042 illa
2823 1988 3060 2055 laetetur,
3088 2004 3244 2044 roseo
3269 2005 3432 2060 genas
3456 1990 3697 2061 depingit

2113 2077 2328 2142 colore;
2377 2077 2457 2131 sin
2493 2086 2683 2133 maesta
2708 2078 2815 2145 sit,
2862 2078 2961 2133 hac
2988 2078 3223 2134 detracta
3267 2081 3695 2149 pulchritudine,

2113 2177 2233 2223 atro
2259 2168 2436 2224 colore
2462 2169 2638 2225 omnia
2667 2170 2843 2226 vestit.
2888 2170 2944 2226 Si
2986 2172 3198 2228 assidue
3240 2173 3470 2241 laetetur,
3498 2190 3700 2245 corpus

2113 2260 2257 2329 viget
2301 2260 2612 2330 aegritudine
2645 2276 2903 2327 vacuum;
2955 2263 2998 2317 si
3027 2272 3269 2333 angatur,
3309 2280 3505 2321 aranea
3528 2268 3699 2321 maci—

2115 2350 2310 2405 lentius
2337 2360 2390 2406 et
2417 2350 2730 2407 imbecillius
2774 2352 2979 2419 evadit;
3016 2354 3061 2407 si
3091 2354 3384 2423 irascatur,
3432 2357 3700 2427 ingratum

2117 2441 2247 2496 illud
2277 2451 2330 2496 et
2358 2451 2511 2512 turpe
2540 2441 2744 2507 reddit;
2777 2444 2820 2497 si
2847 2458 3096 2499 serenum
3126 2446 3336 2500 oculum
3368 2446 3698 2511 ostenderit,

2118 2550 2364 2606 magnam
2403 2535 2595 2590 emittit
2642 2536 3117 2604 pulchritudinem;
3166 2538 3212 2593 si
3250 2539 3502 2602 invideat,
3534 2540 3703 2610 pallo-

2118 2643 2231 2683 rem
2274 2628 2500 2683 multum
2543 2638 2597 2684 et
2642 2629 2817 2684 tabem
2865 2629 3121 2697 effundit;
3160 2632 3205 2686 si
3230 2642 3392 2697 amet,
3423 2634 3704 2701 pulchram

2120 2718 2254 2773 indit
2302 2718 2546 2773 formam.
2600 2718 2675 2773 Ita
2717 2721 2861 2775 enim
2903 2720 3103 2785 multa},
3153 2737 3271 2791 quae
3309 2721 3558 2778 formosa:
3592 2739 3703 2779 non

2120 2820 2293 2876 erant,
2347 2811 2566 2865 multam
2608 2812 2676 2866 ab
2718 2813 2896 2867 anima
2941 2814 3162 2883 gratiam
3197 2828 3484 2885 accepere;
3515 2824 3701 2871 contra

2119 2916 2249 2957 vero
2276 2902 2396 2957 alite
2419 2902 2700 2957 admodum
2728 2902 2997 2971 formosae,
3026 2906 3147 2975 quia
3169 2906 3426 2977 ingratam
3452 2908 3703 2977 injucun-

2120 2994 2350 3066 damque
2378 2995 2609 3050 animam
2638 2994 2909 3063 habuere,
2956 2996 3179 3052 formam
3218 3012 3367 3053 suam
3411 2999 3701 3055 labefacta-

2121 3096 2266 3147 runt.
2311 3086 2493 3158 Cogita
2536 3088 2804 3159 quomodo
2847 3089 3071 3145 candida
3117 3090 3274 3146 facies
3310 3092 3618 3158 erubescat,
3649 3101 3705 3146 et

2122 3179 2318 3234 coloris
2360 3178 2615 3235 varietate
2644 3194 2750 3234 non
2799 3194 3015 3249 parvam
3063 3181 3387 3250 voluptatem
3419 3185 3626 3252 pariat,
3655 3184 3704 3239 si

2123 3269 2337 3340 quidem
2366 3269 2505 3324 adsit
2534 3268 2741 3339 pudor:
2765 3284 2887 3325 nam
2936 3270 2981 3325 si
3027 3269 3303 3339 impudens
3333 3272 3419 3325 illa
3449 3272 3550 3337 sit,
3591 3272 3703 3327 fera

2124 3360 2268 3414 omni
2317 3358 2652 3429 injucuudior
2676 3360 2776 3415 erit
2813 3369 2868 3414 et
2908 3360 3189 3430 ingratior;
3231 3371 3412 3416 contra
3463 3364 3507 3418 si
3547 3363 3703 3432 pudi-

2125 3450 2302 3506 bunda
2346 3451 2435 3515 sit,
2505 3452 2650 3508 mitis
2692 3461 2747 3507 et
2792 3451 3024 3507 formosa
3068 3454 3473 3509 evaditzanima
3509 3458 3706 3527 quippe

2126 3544 2345 3616 pulchra
2376 3544 2507 3599 nihil
2536 3543 2841 3609 formosius,
2865 3544 2995 3599 nihil
3022 3545 3248 3601 dulcius.
3276 3546 3410 3602 Nam
3441 3548 3492 3601 in
3516 3564 3706 3619 corpo.

2127 3636 2273 3692 ribus
2299 3651 2449 3691 amor
2472 3635 2659 3691 dolore
2691 3651 2795 3692 non
2840 3645 3011 3702 vacat,
3058 3638 3110 3691 in
3154 3638 3345 3692 animis
3374 3654 3501 3707 pura
3531 3651 3584 3694 et
3609 3641 3707 3693 im-

2126 3728 2430 3797 perturbata
2449 3727 2713 3798 voluptas.
2731 3727 2843 3783 Cur
2854 3742 2981 3798 ergo
3000 3742 3123 3798 rege
3143 3728 3383 3795 dimisso,
3406 3746 3708 3799 prmconem

2128 3821 2374 3876 miraris?
2399 3834 2495 3875 cur
2521 3819 2840 3891 philosopho
2866 3820 3052 3875 relicto
3074 3860 3090 3886 ,
3137 3820 3203 3874 ad
3252 3821 3592 3891 interpretem
3625 3822 3706 3875 in-

2129 3911 2281 3966 hias?
2306 3911 2494 3966 Vidisti
2525 3912 2806 3981 pulchrum
2834 3912 3043 3967 oculum
3062 3952 3078 3977 ,
3112 3913 3418 3967 interiorem
3448 3911 3707 3977 observa;

2132 4015 2185 4062 et
2207 4006 2253 4061 si
2284 4005 2370 4060 hic
2396 4004 2618 4074 pulcher
2644 4020 2747 4059 non
2779 4005 2867 4070 sit,
2900 4004 3113 4074 despice
3156 4004 3324 4058 illum.
3355 4003 3538 4073 Neque
3566 4003 3709 4058 enim

2131 4097 2175 4153 si
2220 4096 2401 4151 videas
2440 4094 2735 4151 deformem
2781 4096 3059 4151 mulierem
3107 4094 3345 4165 speciosa
3376 4093 3524 4149 larva
3554 4094 3709 4148 obte-

2133 4197 2271 4243 ctam
2296 4228 2310 4251 ,
2358 4187 2534 4257 aliquo
2560 4202 2685 4257 erga
2726 4186 2871 4241 illam
2900 4186 3091 4241 affectu
3121 4187 3381 4241 movearis
3400 4226 3415 4251 ,
3445 4196 3500 4240 ut
3528 4195 3711 4240 contra

2136 4279 2281 4334 larva
2303 4280 2557 4334 occultari
2584 4278 2869 4333 formosam
2894 4292 2997 4332 non
3019 4277 3182 4341 sinas,
3206 4276 3320 4342 sed,
3344 4283 3522 4330 amota
3545 4275 3709 4340 larva,

2137 4371 2330 4425 nudam
2392 4370 2579 4425 faciem
2624 4369 2805 4425 videre
2849 4382 3092 4437 cuperes.
3146 4366 3258 4421 Hoc
3308 4381 3433 4437 erga
3481 4365 3711 4419 animam

2139 4476 2350 4533 quoque
2380 4463 2558 4528 facito,
2592 4461 2734 4515 illam
2782 4474 3009 4529 agnosce
3039 4459 3303 4528 priorem;
3337 4459 3496 4511 larva:
3524 4457 3716 4526 quippe

2139 4553 2260 4607 loco
2289 4553 2429 4607 illam
2460 4567 2653 4621 corpus
2676 4550 2874 4617 ambit,
2902 4548 3043 4619 quod
3073 4557 3130 4603 ut
3157 4548 3508 4616 compositum
3538 4556 3620 4599 est
3648 4546 3716 4597 ita

2142 4659 2356 4714 semper
2378 4651 2552 4698 manet
2574 4661 2587 4697 :
2609 4644 2784 4697 anima
2806 4655 2935 4697 vero
2960 4640 3002 4694 si
3025 4639 3279 4695 deformis
3304 4639 3393 4702 sit,
3420 4639 3526 4692 cito
3548 4642 3719 4705 potest

2143 4736 2376 4792 formosa
2401 4734 2560 4790 effici.
2590 4736 2647 4790 Si
2676 4734 2887 4790 oculum
2917 4732 3109 4787 habeat
3133 4730 3450 4795 deformem,
3481 4737 3716 4790 torvum,

2145 4837 2375 4898 turpem,
2402 4836 2576 4899 potest
2602 4828 2690 4882 ille
2716 4827 2827 4881 fieri
2855 4825 3108 4896 pulcher,
3136 4823 3332 4888 suavis,
3362 4835 3605 4883 serenus,
3630 4818 3718 4885 ju-

2146 4924 2370 4980 cundus.
2420 4922 2567 4976 llanc
2609 4936 2737 4991 ergo
2765 4921 2987 4974 formam
3016 4929 3336 4986 quaeramus,
3368 4912 3507 4967 hanc
3534 4910 3722 4964 faciem

2148 5024 2389 5071 ornatam
2415 5054 2430 5079 ,
2476 5022 2533 5068 ut
2582 5013 2721 5067 Deus
2765 5019 3000 5065 nostram
3044 5008 3425 5077 concupiscens
3455 5003 3680 5057 formam
3709 5041 3725 5064 ,

2151 5117 2350 5162 aeterna
2383 5106 2534 5160 nobis
2572 5104 2709 5158 bona
2750 5104 3003 5172 largiatur
3026 5141 3040 5165 ,
3085 5102 3252 5171 gratia
3282 5108 3335 5151 et
3365 5090 3728 5151 misericordia

464 5191 792 5257 assidentes,
836 5187 1107 5243 dmmonas
1154 5192 1205 5242 in
1251 5190 1425 5243 anima
1474 5191 1808 5259 reciperent,
1857 5198 1913 5244 et
1949 5188 2013 5242 ha

2152 5200 2360 5255 Domini
2392 5199 2557 5254 nostri
2598 5197 2723 5251 Jesu
2753 5194 2948 5248 Christi
2972 5234 2987 5256 ,
3032 5193 3116 5247 cui
3144 5190 3311 5263 gloria
3337 5196 3390 5244 et
3416 5182 3730 5250 imperium,

470 5284 614 5341 ducti
646 5284 850 5340 insania
877 5297 1020 5353 sa'pe
1045 5292 1398 5337 morerentur.
1444 5280 1592 5336 Nunc
1620 5296 1781 5351 porro
1807 5289 1918 5336 tum
1944 5281 2047 5336 alia

2157 5293 2209 5349 in
2237 5292 2429 5348 saecula
2462 5290 2802 5346 sarculorum.
2830 5286 3023 5339 Amen.
