4010 6128
449 238 552 293 605

1356 233 1862 290 ΙΝΜΑΤἸῊᾸΞΠΜ
1904 233 2130 288 HOMIL.
2173 233 2388 288 XXXV.
2431 237 2498 288 al.
2543 235 2782 290 XXXVI.

3598 243 3710 298 400

3235 375 3473 386 *ι’-..⁸,-
3479 376 3688 387 ...οη-ις

1495 443 1840 504 ΗΟΜΙ[.ΙΑ
1882 441 2152 502 XXXV.
2200 441 2284 500 al.
2330 441 2631 501 XXXVI.

429 581 568 643 CAP.
597 587 678 642 10.
716 603 766 639 v.
801 587 886 641 54.
919 587 1093 640 Nolite
1118 595 1295 654 putare
1317 587 1438 655 quia
1463 590 1676 642 uenerim
1703 602 1874 654 pacem
1899 587 2016 638 mit-

519 691 623 733 tere
652 681 702 732 in
732 690 913 733 terram
931 695 1065 733 :non
1089 679 1201 731 ueni
1221 694 1393 747 pacem
1419 679 1631 742 mittere,
1659 677 1747 731 sed
1771 677 2016 748 gladium.

514 771 604 826 55.
643 770 768 824 Veni
806 773 938 825 enim
971 785 1204 840 separare
1238 769 1488 822 hominem
1524 784 1556 820 α
1593 777 1735 837 patre
1757 783 1868 832 suo,
1890 778 1938 820 et
1958 769 2020 834 li-

520 861 641 912 lium
682 877 713 911 a
750 871 907 912 matre
932 875 1046 921 sua,
1074 870 1119 910 et
1149 874 1331 911 nurum
1359 875 1390 911 a
1415 874 1560 912 socru
1587 874 1680 912 sua
1697 873 1715 910 .'
1735 859 1821 912 36.
1849 868 1898 912 et
1923 857 2022 911 ini-

517 952 634 1004 mici
663 950 901 1013 hominis,
932 948 1190 1002 domestici
1218 951 1347 1017 ejus.

520 1042 572 1094 l.
605 1040 835 1094 Rursum
862 1037 1164 1094 onerosiora
1209 1037 1411 1108 profert
1435 1079 1450 1102 ,
1500 1038 1657 1107 idque
1683 1053 1801 1092 cum
1833 1054 2020 1107 magna
2095 1039 2098 1044 ’

449 1131 764 1186 auctoritate
787 1147 800 1184 :
826 1129 1070 1200 quodque
1098 1130 1185 1183 alii
1215 1128 1474 1197 objecturi
1502 1137 1674 1194 erant,
1701 1130 1790 1183 ille
1821 1130 2021 1198 praedi-

448 1224 542 1276 cit.
570 1221 699 1275 Nam
743 1236 810 1275 ne
857 1219 920 1274 iis
968 1218 1163 1274 auditis
1193 1218 1432 1272 dicerent
1457 1235 1470 1271 :
1499 1218 1691 1273 [decue
1717 1219 1940 1284 venisti,
1967 1228 2024 1274 ut

454 1326 551 1364 nos
587 1309 872 1364 interticias
899 1322 1018 1362 cum
1049 1308 1112 1361 iis
1155 1307 1243 1377 qui
1291 1307 1444 1362 nobis
1473 1306 1751 1376 obsequuti
1788 1317 1940 1372 sunt,
1971 1319 2024 1362 et

451 1401 602 1454 bellis
627 1408 821 1453 terram
849 1397 1092 1468 repleas?
1127 1397 1242 1467 ipse
1281 1397 1426 1466 prior
1449 1397 1580 1450 dicit
1604 1416 1617 1451 :
1643 1394 1761 1450 Non
1791 1399 1898 1451 veni
1926 1415 2021 1466 pa-

450 1506 554 1542 cem
577 1489 771 1542 mittere
809 1489 862 1541 in
903 1496 1109 1541 terram.
1148 1489 1254 1540 Cur
1295 1501 1423 1557 ergo
1467 1487 1717 1554 praecepit
1746 1487 1798 1540 in
1837 1487 2025 1544 domos

450 1581 683 1650 singulas
712 1580 980 1650 ingressos
1018 1593 1201 1648 pacem
1242 1577 1458 1634 dicere?
1483 1593 1577 1631 cur
1601 1586 1655 1632 et
1677 1578 1850 1647 angeli
1877 1578 2023 1632 dice-

452 1673 599 1735 haut,
627 1671 804 1726 Gloria
826 1671 880 1724 in
907 1669 1113 1725 excelsis
1152 1667 1260 1722 Deo
1279 1710 1295 1734 ,
1338 1678 1386 1721 et
1410 1669 1463 1721 in
1493 1677 1626 1722 terra
1665 1684 1767 1737 pax
1791 1666 1942 1738 (Luc.
1967 1667 2020 1720 2.

454 1762 583 1832 lt)?
625 1777 719 1815 cur
760 1760 1034 1830 Protibeta:
1077 1773 1263 1816 omnes
1306 1759 1530 1829 idipsum
1575 1760 2026 1828 pnenuutiarunt?

452 1854 587 1919 Quia
619 1852 746 1906 illud
789 1854 1020 1906 maxime
1053 1865 1152 1918 pax
1181 1859 1294 1914 est,
1327 1862 1448 1904 cum
1477 1850 1528 1904 id
1549 1890 1564 1914 ,
1595 1850 1738 1918 quod
1765 1859 1986 1918 aegrotat
2009 1892 2023 1914 ,

453 1942 798 2002 abscinditur.
826 1941 1037 2010 quando
1066 1939 1138 1999 id.
1166 1940 1307 2008 quod
1337 1939 1592 2004 dissidet,
1621 1949 1914 2008 separatur.
1942 1939 2029 1994 Sic

453 2035 596 2088 enim
628 2039 804 2101 potest
835 2031 1024 2085 ciuium
1067 2046 1186 2084 cum
1217 2039 1355 2084 terra
1390 2029 1559 2098 jungi.
1589 2028 2028 2097 Quandoquidem

454 2127 691 2182 medicus
729 2128 806 2180 sic
853 2126 1112 2194 reliquum
1157 2138 1352 2192 corpus
1395 2131 1594 2188 servat,
1641 2138 1762 2177 cum
1807 2121 1859 2174 id
1890 2121 2029 2190 quod

456 2216 747 2270 insanabile
775 2223 876 2278 est,
909 2221 1150 2276 resecat;
1184 2222 1236 2265 et
1264 2213 1392 2275 dux,
1423 2227 1546 2266 cum
1573 2227 1665 2266 eos
1693 2211 1779 2279 qui
1809 2225 2030 2266 concor-

457 2305 598 2360 diam
631 2305 983 2374 perniciosam
1013 2303 1276 2367 inierant,
1307 2302 1372 2355 ad
1397 2299 1782 2356 dissensionem
1809 2300 2030 2356 inducit.

455 2397 545 2451 Sic
569 2405 622 2450 et
651 2397 700 2448 in
727 2394 813 2449 illa
838 2394 968 2449 turri
990 2391 1184 2447 factum
1208 2401 1286 2447 est
1307 2391 1454 2463 (Gen.
1471 2391 1562 2459 11)
1587 2408 1599 2444 :
1625 2390 1814 2445 malam
1839 2391 2033 2460 quippe

454 2486 797 2541 concordiam
823 2486 962 2539 bona
986 2483 1246 2538 discordia
1273 2483 1464 2546 solvit,
1487 2489 1542 2535 et
1575 2496 1758 2550 pacem
1780 2481 2032 2535 concilia-

455 2579 548 2632 vit.
601 2577 691 2632 Sic
728 2586 784 2630 et
810 2575 1012 2630 Paulus
1038 2589 1131 2628 eos
1160 2575 1246 2642 qui
1274 2572 1554 2643 adversum
1594 2569 2031 2648 se‘concordiam

458 2669 704 2730 inierant,
731 2667 910 2721 divisit
939 2666 1072 2737 (Act.
1100 2664 1192 2718 25.
1217 2665 1269 2717 ϐ.
1299 2663 1375 2732 7).
1404 2663 1461 2716 In
1489 2661 1729 2716 Nabutbe
1754 2675 1881 2716 vero
1908 2676 2035 2716 con-

459 2761 635 2812 cordia
671 2759 754 2813 illa
777 2757 876 2812 fuit
891 2756 1034 2810 omni
1058 2755 1196 2811 bello
1217 2754 1454 2810 deterior
1471 2753 1546 2823 (5.
1569 2753 1698 2824 Reg.
1720 2752 1835 2822 2|).
1855 2751 2034 2819 Neque

459 2853 599 2904 cnim
629 2850 910 2906 concordia
959 2862 1169 2916 semper
1210 2845 1479 2900 laudanda
1505 2863 1518 2901 :
1544 2860 1664 2898 nam
1707 2853 1763 2899 et
1805 2845 2035 2899 latrones

461 2946 600 2994 inter
625 2954 683 2994 se
710 2936 1002 2993 concordes
1028 2946 1170 2992 sunt.
1197 2935 1312 2990 Non
1340 2936 1499 3005 igitur
1522 2949 1585 2989 ex
1615 2933 1811 2988 Christi
1842 2949 2034 3002 propo-

460 3031 581 3094 sito,
612 3029 705 3084 sed
732 3044 797 3082 ex
824 3028 1034 3082 illorum
1057 3027 1332 3081 voluntate
1356 3025 1550 3084 bellum
1572 3025 1900 3080 movebatur.
1920 3023 2038 3093 lpse

461 3122 653 3191 quippe
679 3120 890 3174 volebat
908 3133 1096 3174 omnes
1120 3119 1170 3171 in
1195 3119 1276 3186 pia
1299 3118 1552 3186 religione
1573 3117 1863 3172 concordes
1882 3133 2001 3172 esse
2019 3132 2033 3169 :

461 3210 554 3266 sed
580 3212 701 3281 quia
729 3209 800 3263 illi
827 3208 1172 3272 dissidebant,
1220 3207 1343 3260 hinc
1387 3207 1584 3261 bellum
1611 3207 1899 3262 oriebatur.
1932 3208 2035 3261 Sed

463 3315 568 3354 non
599 3301 676 3354 sic
703 3299 795 3352 ille
824 3298 1073 3368 loquutus
1096 3304 1178 3350 est
1202 3315 1214 3348 :
1239 3295 1364 3365 quid
1409 3310 1536 3350 vero
1565 3295 1734 3351 dicit?
1782 3296 1902 3349 Non
1931 3299 2039 3351 verti

465 3405 638 3458 pacem
665 3389 857 3440 mittere
875 3426 891 3454 ,
938 3395 996 3440 ut
1023 3386 1144 3440 illos
1172 3385 1558 3442 consolaretur.
1588 3385 1665 3440 Ne
1693 3387 1884 3454 putetis
1907 3427 1922 3452 ,
1956 3387 2038 3440 in-

465 3479 596 3548 quit,
630 3478 839 3532 illorum
864 3491 959 3531 vos
983 3489 1194 3530 causam
1221 3488 1360 3540 esse,
1384 3489 1484 3546 ego
1511 3475 1624 3530 haec
1645 3475 1890 3547 dispono,
1919 3477 2039 3546 quia

467 3573 542 3626 illi
584 3573 662 3625 sic
700 3571 874 3628 aﬂ’ecti
921 3579 1065 3624 sunt.
1103 3568 1180 3624 Ne
1211 3567 1493 3623 turbemini
1540 3569 1720 3638 igitur,
1764 3570 1914 3639 quasi
1953 3585 2042 3626 res

468 3672 660 3731 praeter
683 3662 1132 3731 exspectationem
1161 3659 1428 3714 eveniant.
1455 3658 1580 3714 ldeo
1601 3661 1739 3724 veni,
1765 3669 1822 3714 ut
1847 3661 2040 3715 bellum

469 3768 710 3808 moveam
736 3769 748 3805 :
775 3751 887 3805 hinc
914 3752 1108 3822 quippe
1129 3764 1245 3803 mea
1269 3759 1349 3802 est
1370 3748 1634 3803 voluntas.
1657 3748 1734 3804 Ne
1757 3748 2040 3804 lurbemini

471 3845 631 3915 igitur
683 3858 800 3897 cum
860 3852 999 3898 terra
1054 3841 1202 3911 quasi
1255 3840 1460 3894 insidiis
1511 3841 1746 3915 appetita
1795 3841 1848 3894 in
1905 3841 2043 3896 bella

471 3943 732 4002 erumpet.
761 3932 893 3988 Cum
920 3933 1064 3986 enim
1108 3931 1159 3986 id
1203 3930 1345 4000 quod
1373 3930 1610 3986 deterius
1634 3940 1715 3986 est
1742 3939 2043 4001 separatum

471 4027 644 4089 fuerit,
675 4032 797 4077 tmte
823 4023 1038 4077 demum
1065 4022 1270 4076 meliori
1299 4011 1434 4091 parti
1460 4021 1806 4092 coniungatur
1833 4022 2042 4075 caelum.

475 4119 597 4170 llaec
624 4125 804 4170 autem
825 4110 972 4174 dicil,
1000 4122 1058 4165 ut
1078 4122 1263 4166 contra
1285 4113 1476 4168 malam
1498 4112 1785 4167 multorum
1805 4113 1820 4142 ι
1842 4111 2047 4180 Opinio-

473 4226 595 4264 nem
639 4209 759 4261 illos
803 4205 1025 4259 muniat.
1077 4203 1257 4272 Neque
1301 4201 1459 4268 dixit,
1504 4201 1730 4266 Bellum,
1774 4203 1868 4260 sed
1907 4202 2046 4270 quod

474 4299 641 4354 multo
662 4296 899 4351 deterius
927 4302 1040 4360 est,
1082 4292 1342 4346 Gladium.
1373 4291 1428 4345 Si
1458 4306 1585 4347 vero
1610 4291 1750 4346 dicta
1780 4291 1895 4345 huic
1921 4307 2050 4348 one-

473 4405 595 4444 rosa
621 4389 728 4442 siut
748 4399 802 4442 et
822 4386 966 4440 dictu
992 4384 1218 4452 ingrata,
1239 4399 1304 4436 ne
1325 4382 1555 4436 mireris.
1571 4383 1705 4436 Cum
1730 4383 1871 4437 enim
1893 4383 2052 4436 vellet

475 4494 567 4533 eos
596 4478 696 4533 hac
722 4477 1007 4532 verborum
1035 4474 1322 4543 asperitate
1364 4486 1616 4526 exercere
1635 4512 1649 4534 ,
1698 4487 1765 4526 ne
1794 4456 1849 4524 in.
1875 4488 2050 4525 rerum

475 4572 841 4629 difficultatem
875 4571 1093 4639 ingressi
1124 4568 1391 4624 resilirent
1413 4606 1427 4630 ,
1458 4567 1535 4622 sic
1564 4567 1723 4622 verba
1757 4567 2048 4635 disposuit:

476 4677 538 4714 ac
567 4675 632 4714 ne
659 4661 778 4729 quis
804 4659 1025 4724 diceret,
1055 4675 1177 4713 eum
1207 4674 1274 4711 ex
1302 4658 1586 4722 lenocinio,
1618 4665 1674 4712 et
1699 4657 1932 4711 difﬁcilia
1959 4672 2051 4710 oc-

477 4751 748 4816 cultando,
792 4767 911 4820 qua:
955 4751 1166 4804 volebat
1207 4751 1461 4813 suasisse,
1515 4749 1639 4804 ideo
1683 4749 1770 4802 illa
1801 4765 1918 4818 quae
1947 4750 2052 4803 alio

482 4844 640 4899 modo
687 4844 908 4898 dicenda
955 4841 1286 4904 videbantur,
1335 4843 1596 4896 acerbiori
1643 4848 1699 4894 et
1751 4841 2053 4896 terribiliori

484 4935 639 4989 modo
663 4933 964 4999 explicavit.
994 4932 1180 4988 Melius
1203 4933 1342 4986 enim
1373 4942 1455 4986 est
1478 4947 1654 4986 rerum
1681 4947 1838 5000 quam
1868 4933 2056 4986 verbo-

481 5041 596 5080 rum
625 5023 894 5078 lenitatem
926 5021 1123 5075 videre.
1151 5021 1377 5091 Ideoque
1407 5037 1578 5089 neque
1607 5021 1722 5075 haec
1751 5021 1948 5076 dixisse
1972 5038 2056 5075 sa-

483 5117 549 5170 tis
583 5114 784 5176 habuit,
815 5112 907 5165 sed
938 5111 1057 5166 belli
1087 5112 1318 5180 speciem
1345 5112 1634 5179 explicans,
1665 5111 1898 5165 ostendit
1928 5111 2054 5165 illud

483 5207 620 5260 civili
656 5205 791 5258 bello
819 5203 985 5255 multo
1014 5203 1225 5269 gravius
1256 5216 1394 5263 esse,
1423 5203 1603 5270 aitque
1628 5219 1639 5252 :
1675 5200 1797 5254 Veni
1825 5217 2058 5270 separare

485 5297 733 5351 hominem
754 5311 785 5346 a
809 5303 950 5362 patre
977 5307 1086 5352 suo,
1117 5299 1161 5343 et
1184 5291 1346 5354 lilium
1374 5307 1406 5346 (ι
1435 5302 1594 5344 matre
1612 5308 1725 5356 sua,
1753 5301 1799 5345 et
1820 5307 2001 5343 nurum
2027 5307 2059 5342 a

484 5403 628 5440 socru
653 5401 764 5438 sna.
795 5383 907 5437 Non
936 5382 1078 5435 enim
1108 5380 1261 5434 amici
1294 5390 1346 5434 et
1370 5380 1614 5434 concives
1643 5381 1836 5445 solum,
1869 5381 2055 5448 inquit,

483 5477 574 5531 sed
624 5484 680 5530 et
722 5471 934 5544 cognati
981 5472 1116 5526 alter
1163 5479 1349 5527 contra
1391 5469 1615 5525 alterum
1649 5469 1956 5540 insurgeut,
2005 5479 2059 5522 et

549 5651 567 5683 ⁸
600 5649 814 5712 Quidam,
836 5646 1060 5699 laborum.

2135 596 2321 642 natura
2353 589 2462 656 ipsa
2494 588 2818 644 discindetur
2847 591 3006 645 bello.
3053 593 3174 647 Veni
3201 597 3356 660 enim,
3395 597 3586 666 inquit,
3619 613 3701 652 se-

2130 693 2309 748 parare
2336 677 2586 731 hominem
2614 696 2645 732 a
2691 689 2830 746 patre
2855 698 2974 745 suo,
3005 693 3050 736 et
3081 695 3286 738 matrem
3315 705 3346 738 (ι
3373 689 3481 754 {iiia
3511 707 3631 749 sna.
3664 699 3710 743 et

2127 784 2307 821 nurum
2330 785 2361 820 a
2381 785 2526 824 socru
2548 787 2660 824 sua.
2688 771 2869 841 Neque
2889 775 3031 828 enim
3061 775 3199 830 inter
3221 777 3547 836 domesticos
3577 782 3674 834 sim
3695 812 3707 820 -

2127 858 2337 928 pliciter
2363 860 2558 914 bellum
2600 863 2722 928 erit,
2771 863 2864 918 sed
2895 865 3054 918 etiam
3103 867 3244 921 inter
3272 870 3626 926 amicissimos
3653 882 3707 927 et

2129 949 2317 1018 majori
2363 951 2756 1008 necessitudine
2781 954 3015 1024 junctos.
3059 957 3112 1010 Id
3155 959 3294 1028 quod
3342 963 3570 1016 maxime
3595 963 3712 1030 ejus

2130 1039 2377 1093 virtutem
2399 1041 2655 1103 ostendit.
2681 1043 2820 1111 quod
2847 1045 2920 1098 illi
2943 1046 3065 1099 talia
3088 1049 3365 1103 audientes
3385 1052 3710 1118 exciperent,

2131 1128 2355 1198 aliisque
2383 1129 2688 1185 suaderent.
2717 1132 3048 1203 Quamquam
3089 1153 3194 1189 non
3224 1138 3337 1206 ipse
3369 1139 3479 1193 Inec
3509 1141 3712 1195 efficio-

2133 1217 2238 1283 bat,
2267 1220 2360 1274 sed
2388 1219 2659 1276 hominum
2683 1225 2948 1293 nequitia;
2981 1235 3215 1282 attamen
3247 1230 3360 1296 ipse
3386 1245 3445 1284 se
3472 1231 3595 1285 dicit
3624 1233 3713 1286 ilh

2131 1308 2324 1362 facere.
2369 1309 2464 1364 llic
2514 1313 2708 1381 quippe
2743 1329 2859 1368 mos
2905 1325 2988 1370 est
3030 1317 3318 1386 Scriptura:
3356 1335 3543 1372 sacrae.
3575 1322 3712 1375 Alibi

2130 1401 2271 1454 enim
2298 1399 2428 1455 dicit
2456 1421 2467 1455 :
2499 1404 2649 1458 Dedit
2681 1406 2782 1459 illis
2815 1406 2952 1462 Dens
2983 1410 3185 1474 oculos,
3218 1419 3272 1464 ut
3322 1427 3428 1465 non
3468 1413 3712 1468 viderent

2133 1487 2285 1558 (Isat.
2319 1491 2372 1545 6.
2403 1491 2672 1558 9;Ezech.
2720 1495 2810 1552 12.
2851 1495 3108 1563 2;.loan.
3154 1500 3240 1552 1‘2.
3273 1502 3355 1554 ll.
3387 1501 3478 1571 40)
3515 1504 3634 1558 :sie
3657 1514 3712 1557 et

2134 1578 2185 1632 in
2235 1579 2336 1634 hoc
2388 1581 2504 1635 loco
2547 1581 2716 1637 dicit:
2751 1594 2809 1638 ut
2855 1586 3015 1639 verba
3055 1588 3259 1652 istlnnc,
3300 1590 3440 1658 quod
3471 1594 3714 1659 superius-

2131 1667 2272 1734 dixi,
2312 1683 2493 1723 secum
2520 1679 2848 1740 reputantes,
2876 1688 2944 1728 ne
2975 1675 3332 1740 turbarentur,
3363 1695 3482 1731 cum
3514 1695 3682 1748 Oppro
3701 1710 3715 1720 -

2134 1759 2262 1814 hriis
2303 1769 2357 1814 et
2397 1761 2737 1818 contumeliis
2774 1763 3174 1832 impetereutur.
3206 1767 3355 1834 Quod
3391 1769 3438 1821 si
3475 1769 3563 1838 qui
3605 1769 3720 1824 haec

2133 1847 2310 1915 gravia
2333 1848 2658 1914 existimant,
2681 1850 2732 1903 in
2759 1861 2992 1906 mentem
3021 1866 3270 1908 revocent
3291 1867 3527 1911 veterem
3552 1857 3719 1912 histo-

2137 1938 2287 1990 riam.
2318 1937 2511 1992 Priscis
2535 1940 2676 1993 enim
2707 1942 3032 2007 temporibus
3069 1943 3170 1996 hoc
3196 1945 3367 2013 ipsum
3393 1949 3637 2017 contigit,
3667 1949 3719 2002 id

2135 2026 2276 2094 quod
2302 2028 2532 2083 maxime
2555 2029 2787 2084 ostendit
2812 2032 3008 2086 veteris
3043 2032 3172 2102 legis
3209 2049 3329 2088 eum
3377 2053 3509 2090 nova
3539 2041 3717 2092 altini-

2141 2125 2326 2179 tatem,
2352 2118 2704 2188 enmdemque
2732 2135 2851 2175 esse
2877 2123 2964 2191 qui
2999 2124 3114 2178 haec
3137 2125 3289 2190 dixit,
3320 2138 3372 2181 et
3399 2129 3482 2182 illa
3513 2146 3716 2198 praece—

2139 2209 2235 2276 pit.
2280 2209 2410 2264 Nam
2453 2218 2509 2266 et
2549 2212 2687 2279 apud
2735 2213 2946 2268 Judaeos
2991 2231 3110 2269 cum
3151 2218 3375 2286 quisque
3420 2221 3718 2288 proxinmm

2138 2314 2291 2354 suum
2315 2301 2508 2357 occidit
2525 2344 2539 2365 ,
2569 2311 2691 2357 uiue
2713 2303 2801 2357 ille
2826 2305 3059 2372 placatus
3081 2315 3164 2360 est
3187 2307 3378 2376 (Exod.
3406 2309 3493 2364 52.
3516 2311 3608 2378 27)
3630 2329 3645 2365 :
3666 2323 3721 2366 et

2139 2389 2352 2457 quando
2381 2390 2601 2444 vitulum
2644 2392 2971 2458 conﬂaruut,
3025 2406 3081 2449 ct
3120 2397 3334 2464 quando
3373 2398 3720 2468 Beelphegori

2140 2478 2327 2533 initiati
2354 2488 2478 2532 sunt
2505 2479 2690 2547 (Num.
2722 2481 2811 2536 25.
2838 2482 2915 2552 5).
2951 2484 3046 2538 Ubi
3078 2494 3201 2540 sunt
3225 2501 3352 2554 ergo
3377 2488 3468 2555 qui
3498 2488 3682 2542 dicunt
3703 2531 3718 2555 ,

2141 2566 2288 2621 illum
2314 2567 2480 2622 Deum
2511 2569 2727 2633 malum,
2755 2570 2896 2626 hunc
2923 2572 3118 2626 bonum
3142 2576 3299 2629 esse?
3325 2576 3465 2631 Ecce
3492 2593 3722 2646 namque

2143 2670 2489 2731 cognatorum
2517 2665 2774 2734 sanguine
2804 2665 2988 2721 orbem
3019 2668 3262 2736 replevit.
3294 2670 3542 2724 Attamen
3573 2672 3723 2725 beni-

2142 2753 2360 2821 gnitatis
2386 2754 2566 2808 multm
2592 2755 2694 2810 hoc
2729 2770 2864 2824 opus
2901 2772 3022 2812 esse
3059 2758 3302 2813 dicimus.
3347 2760 3636 2830 Propterea
3663 2773 3725 2816 ut

2142 2843 2389 2896 ostendat
2413 2857 2472 2896 se
2499 2843 2584 2898 illa
2615 2845 2776 2898 etiam
2802 2847 3118 2916 approbare,
3151 2849 3485 2918 prophetiam
3517 2866 3718 2906 meme.

2145 2939 2247 2996 rat,
2274 2947 2392 3000 quae
2413 2947 2518 2986 non
2547 2934 2742 2988 factum
2769 2935 2896 2990 illud
2925 2938 3161 3005 respicit,
3182 2938 3276 2993 sed
3303 2939 3526 3010 idipsum
3543 2949 3720 2994 tamen

2143 3021 2398 3076 declarat.
2427 3023 2685 3090 Quaenam
2723 3025 2811 3079 illa
2839 3027 2961 3079 est?
2988 3026 3194 3080 Inimici
3227 3028 3443 3082 hominis
3469 3029 3726 3084 domestici

2145 3113 2275 3178 ejus.
2302 3111 2433 3164 Nam
2472 3120 2526 3166 et
2563 3112 2945 3187 apud‘Judteos
2970 3115 3240 3184 quidpiam
3285 3117 3460 3172 simile
3485 3119 3724 3188 contigit.

2148 3201 2315 3254 Erant
2338 3202 2481 3256 enim
2507 3204 2781 3271 propheta:
2807 3213 2860 3260 et
2889 3205 3391 3276 pseudoprophetis,
3415 3223 3480 3264 ac
3501 3212 3729 3280 populus

2147 3289 2438 3344 dissidebat
2463 3291 2760 3362 domusque
2785 3293 3192 3360 dividebantur;
3234 3306 3288 3350 et
3317 3297 3404 3352 alii
3432 3297 3513 3352 his
3538 3299 3728 3354 crede-

2148 3378 2276 3432 bant
2298 3420 2312 3444 ,
2357 3381 2446 3436 alii
2491 3381 2631 3436 aliis.
2662 3381 2786 3438 Ideo
2815 3392 2998 3437 monet
3029 3384 3285 3453 propheta
3313 3387 3532 3444 dicens:
3556 3388 3729 3442 Nolite

2147 3471 2347 3526 credere
2364 3473 2558 3534 amicis,
2587 3489 2675 3527 nec
2703 3490 2905 3542 sperare
2931 3475 2982 3528 in
3013 3476 3220 3530 ducibus
3243 3493 3263 3530 :
3281 3479 3368 3530 sed
3393 3489 3438 3531 et
3463 3497 3495 3532 α
3519 3480 3732 3549 conjuge

2150 3571 2237 3616 tua
2263 3579 2399 3628 cave,
2421 3579 2580 3631 neque
2602 3563 2680 3618 illi
2699 3565 3010 3632 assentiaris,
3031 3566 3152 3636 quia
3171 3567 3358 3620 inimici
3380 3569 3597 3623 hominis
3616 3582 3736 3624 sunt

2151 3653 2249 3721 ipsi
2273 3653 2366 3706 viri
2392 3654 2444 3707 in
2471 3654 2580 3723 eius
2611 3655 2889 3710 habitantes
2923 3657 3073 3712 domo
3105 3657 3289 3728 (Mich.
3329 3660 3388 3718 7.
3413 3660 3466 3714 5.
3499 3659 3578 3730 6).
3608 3660 3733 3715 llaec

2153 3751 2331 3798 autem
2358 3743 2602 3808 dicebat,
2647 3755 2705 3800 ut
2743 3761 2863 3801 eum
2901 3748 2989 3816 qui
3030 3748 3131 3802 hoc
3158 3750 3377 3803 verbum
3407 3758 3732 3819 excepturus

2151 3840 2327 3898 esset,
2373 3833 2620 3887 omnibus
2668 3837 2998 3904 superiorem
3054 3837 3320 3892 redderet.
3369 3838 3553 3908 Neque
3591 3841 3734 3895 enim

2155 3924 2289 3976 mori
2316 3924 2512 3976 malum
2539 3934 2642 3990 est,
2673 3925 2766 3979 sed
2790 3925 2928 3979 male
2958 3926 3114 3980 mori.
3146 3925 3347 3981 Idcirco
3370 3927 3534 3982 dixit:
3557 3928 3733 3998 Ignem

2153 4014 2262 4067 veni
2281 4017 2470 4067 mittere
2487 4015 2538 4066 in
2559 4023 2761 4068 terram.
2784 4013 2910 4068 Haec
2927 4030 3085 4084 porro
3107 4015 3338 4080 dicebat,
3364 4026 3420 4070 ut
3439 4017 3554 4086 ejus
3575 4033 3732 4086 quem

2155 4102 2398 4174 exigebat
2422 4106 2619 4158 amoris
2646 4104 2910 4158 fervorem
2949 4119 3012 4158 ac
3033 4107 3433 4166 vehementiam
3463 4107 3733 4177 signiﬁca-

2157 4203 2255 4248 ret.
2299 4195 2434 4260 Quia
2475 4195 2616 4248 enim
2667 4197 2734 4248 ita
2780 4209 2877 4250 nos
2926 4195 3272 4250 vehementer
3310 4196 3534 4256 amavit,
3592 4198 3669 4252 sic
3707 4215 3735 4250 a

2157 4287 2310 4341 nobis
2349 4288 2460 4340 vult
2497 4287 2684 4341 amari.
2714 4287 2839 4342 llaec
2869 4303 3029 4357 porro
3063 4289 3218 4344 verba
3257 4289 3531 4357 apostolos
3567 4291 3739 4360 erige-

2157 4377 2305 4438 bant,
2338 4378 2782 4448 sublimioresque
2806 4377 3119 4434 reddebant.
3155 4378 3284 4432 Nam
3310 4379 3354 4432 si
3381 4379 3477 4445 illi,
3503 4379 3736 4445 aiebant,

2157 4478 2440 4538 cognatos,
2493 4469 2664 4531 ﬁlios,
2718 4479 2967 4540 parentes
3014 4473 3318 4540 despecturi
3369 4480 3513 4536 sunt,
3563 4471 3734 4540 cogita

2158 4560 2342 4626 quales
2369 4570 2612 4628 oporteat
2639 4574 2736 4613 nos
2765 4576 2904 4624 esse,
2934 4561 3021 4629 qui
3050 4562 3296 4615 doctores
3323 4576 3528 4619 sumus.
3557 4560 3740 4630 Neque

2159 4649 2300 4701 enim
2330 4647 2460 4702 dura
2492 4658 2546 4703 et
2571 4649 2807 4704 difﬁcilia
2839 4650 2927 4704 illa
2961 4651 3012 4704 in
3045 4652 3193 4704 vobis
3235 4654 3391 4704 tinem
3434 4651 3738 4716 habebunt,

2159 4740 2251 4792 sed
2275 4747 2330 4792 et
2355 4738 2420 4792 ad
2448 4738 2580 4791 alios
2603 4739 2924 4793 transibunt.
2954 4739 3084 4793 Nam
3110 4740 3230 4806 quia
3259 4755 3446 4808 magna
3480 4739 3616 4792 bona
3639 4739 3743 4793 huc

2161 4830 2333 4894 attuli,
2360 4845 2602 4898 magnam
2629 4831 2781 4898 exigo
2807 4839 2860 4884 et
2888 4831 3244 4887 obedientiam
3276 4843 3329 4886 et
3355 4831 3620 4886 allectum.
3654 4833 3740 4885 57.

2165 4919 2263 4982 Qui
2291 4929 2428 4971 autat
2459 4929 2652 4989 patrem
2678 4931 2725 4972 et
2751 4931 2958 4974 matrem
2989 4921 3102 4992 plus
3128 4939 3277 4992 quant
3312 4939 3408 4987 me,
3451 4940 3550 4976 non
3571 4933 3641 4976 est
3670 4937 3745 4974 me

2164 5011 2344 5077 dignus
2365 5018 2445 5060 :et
2474 5011 2560 5080 qui
2580 5020 2717 5062 amat
2737 5011 2900 5078 ﬁlium
2924 5022 3008 5064 aut
3029 5012 3187 5080 ﬁliani
3213 5012 3324 5080 plus
3349 5029 3497 5077 quam
3523 5029 3618 5074 me,
3645 5028 3744 5063 non

2164 5109 2232 5151 est
2262 5115 2340 5151 me
2368 5099 2567 5168 dignus.
2603 5101 2690 5154 58.
2740 5100 2807 5153 Et
2845 5104 2930 5171 qui
2973 5119 3074 5156 non
3119 5105 3250 5156 tollit
3275 5120 3471 5157 crucem
3496 5117 3673 5165 suam,
3699 5109 3744 5152 et

2164 5189 2386 5257 sequitur
2426 5207 2523 5254 me,
2562 5207 2660 5245 non
2700 5201 2769 5244 est
2807 5209 2884 5245 me
2921 5193 3120 5265 dignus.
3151 5193 3338 5248 Vidisti
3379 5193 3743 5245 auctoritatem

2165 5280 2434 5333 doctoris?
2472 5281 2645 5334 vidisti
2687 5285 2954 5351 quomodo
3003 5285 3248 5338 ostendat
3297 5284 3531 5351 seipsum
3560 5283 3747 5350 genui-

2167 5384 2291 5422 num
2324 5369 2495 5423 Patris
2524 5371 2741 5436 Filium,
2777 5375 2953 5427 omnia
2979 5375 3167 5443 lubens
3201 5373 3332 5425 infra
3364 5372 3663 5441 relinquere
3691 5383 3746 5426 et

2164 5458 2438 5513 caritatem
2465 5460 2581 5528 ejus
2605 5461 2906 5517 anteferre?
2934 5463 2997 5515 Et
3018 5461 3141 5531 quid
3167 5461 3305 5526 dico,
3336 5462 3521 5531 inquit,
3547 5461 3746 5516 amicos

2167 5559 2222 5602 et
2263 5553 2549 5620 cognatos?
2575 5553 2628 5607 Si
2657 5555 2887 5607 animam
2918 5564 3059 5607 tuam
3085 5553 3352 5607 dilectioni
3385 5570 3516 5606 mere
3556 5556 3744 5625 prafe-

2170 5652 2280 5708 ras,
2311 5646 2495 5714 procul
2523 5659 2581 5698 es
2610 5660 2640 5696 a
2671 5644 2802 5698 meis
2846 5642 3135 5711 discipulis.
3171 5641 3304 5710 Quid
3340 5639 3532 5712 igitur?
3566 5659 3741 5698 annon
