4010 6128
279 199 384 254 407

277 313 391 366 haec
417 309 686 364 contraria
715 307 881 362 veteri
924 306 1023 378 legi
1053 309 1210 362 sunt?
1251 307 1434 373 Absit;
1467 308 1574 362 imo
1599 306 1674 360 illi
1705 303 1860 360 valde

275 411 591 458 consonant.
623 400 754 455 Nam
796 401 903 455 illic
946 398 1253 454 idololatras
1281 415 1387 453 non
1415 399 1574 453 modo
1597 398 1741 464 odit,
1769 398 1862 451 sed

277 495 438 547 etiam
487 493 708 562 lapidari
752 491 924 562 jubet.
959 489 1025 545 Et
1067 492 1119 546 in
1166 490 1577 545 Deuteronomio
1625 489 1865 544 veritatis

279 585 512 637 coltores
536 582 807 637 admirans
831 582 941 634 ait:
974 582 1074 649 Qui
1113 582 1235 634 dicit
1275 582 1408 650 patri
1436 581 1511 634 vel
1540 579 1709 642 matri,
1741 579 1862 632 Non

279 676 380 729 ridi
410 686 475 739 te,
507 684 553 730 et
584 678 766 745 fratres
793 690 910 728 suos
937 690 1034 726 non
1066 672 1310 742 cognovit,
1344 681 1389 723 et
1421 671 1555 738 ﬁlios
1584 670 1860 739 ignoravit,

278 766 543 819 custodiuit
586 765 782 833 eloquia
825 774 909 816 tua
938 763 1112 834 (Deut.
1157 763 1243 816 55.
1290 761 1368 828 9).
1397 761 1546 826 Quod
1587 761 1630 814 si
1670 760 1864 815 Paulus

283 856 444 908 Inulta
486 855 626 907 circa
672 863 926 922 parentes
956 852 1258 921 prmcipiat,
1298 864 1352 904 et
1392 853 1494 904 illis
1525 852 1577 904 in
1617 851 1863 904 omnibus

279 945 504 1014 obsequi
542 945 746 1012 jubeat,
791 959 855 996 ne
893 943 1103 996 mireris
1130 959 1145 996 :
1175 958 1296 995 nam
1328 943 1379 995 in
1413 943 1513 995 illis
1543 943 1710 996 solum
1740 942 1866 996 ohe-

279 1039 397 1091 dire
434 1038 706 1106 praecipit,
756 1052 874 1105 qua:
921 1036 1102 1103 pietati
1152 1051 1258 1088 non
1313 1033 1861 1088 officiuntzsanctum

278 1129 477 1197 quippe
505 1132 590 1180 es‘t
634 1128 684 1179 in
732 1126 942 1179 cmteris
970 1125 1219 1179 omnibus
1258 1125 1462 1179 honore
1489 1125 1604 1178 illos
1629 1124 1862 1178 afﬁcere.

281 1223 412 1274 (lum
453 1231 630 1273 autem
665 1220 780 1287 plus
810 1235 968 1288 quam
1005 1234 1098 1287 par
1135 1219 1205 1272 sit
1251 1218 1489 1286 exigunt,
1523 1233 1628 1270 non
1657 1224 1867 1286 oportet

281 1313 386 1365 illis
411 1311 801 1380 obtemperare.
837 1309 1039 1363 Idcirco
1067 1309 1193 1363 dicit
1240 1308 1409 1364 Lucas
1442 1327 1455 1362 :
1484 1309 1543 1362 Si
1592 1309 1703 1379 quis
1737 1310 1866 1360 venit

279 1402 348 1454 ad
375 1419 472 1466 me,
505 1413 550 1454 et
582 1419 681 1454 non
707 1403 810 1455 odit
839 1411 1028 1470 patrem
1059 1417 1208 1452 suum
1237 1410 1280 1453 et
1307 1409 1536 1464 matrem,
1565 1411 1611 1453 et
1638 1415 1862 1463 uxorem,

279 1502 325 1544 ct
354 1493 488 1559 ﬁlios
514 1502 558 1544 et
585 1495 797 1562 fratres,
839 1491 1008 1542 adhuc
1035 1499 1200 1542 autent
1227 1499 1272 1542 et
1300 1491 1519 1540 animam
1544 1505 1687 1541 suam
1708 1528 1723 1552 ,
1766 1505 1865 1540 non

279 1593 441 1652 potest
467 1601 604 1636 meus
629 1600 736 1636 esse
763 1582 1041 1650 discipulus
1070 1579 1221 1649 (Luc.
1252 1581 1338 1632 Μ.
1369 1579 1463 1644 26)
1491 1597 1504 1632 :
1531 1594 1636 1632 non
1666 1579 1866 1646 simpli-

279 1677 414 1729 citer
437 1675 561 1729 odio
590 1674 788 1726 habere
811 1673 1022 1740 jobens,
1057 1671 1108 1724 id
1139 1671 1280 1724 enim
1312 1669 1596 1722 admodum
1630 1669 1864 1736 iniquum

279 1774 465 1828 esset;
511 1764 603 1816 sed
645 1765 688 1815 si
729 1763 852 1815 velit
886 1771 943 1814 ut
967 1777 1114 1813 ames
1142 1762 1288 1813 illum
1329 1761 1448 1827 plus
1475 1776 1632 1827 quam
1663 1775 1767 1823 tne,
1802 1775 1864 1812 ea

280 1855 348 1907 de
372 1868 527 1907 causa
551 1852 674 1904 odio
699 1851 834 1904 habe
861 1851 1028 1903 illum.
1048 1849 1264 1914 idenim
1287 1860 1340 1904 et
1361 1859 1593 1901 amatmn
1617 1857 1670 1901 et
1685 1862 1863 1900 aman-

281 1957 388 1999 tem
419 1943 684 2012 perderet.

349 2037 404 2089 2.
437 2035 546 2089 lloc
578 2047 736 2100 porro
761 2030 969 2086 dicebat
991 2071 1005 2095 ,
1036 2038 1093 2082 ut
1120 2036 1174 2083 et
1203 2028 1342 2082 ﬁlios
1371 2028 1616 2082 fortiores
1639 2069 1653 2090 ,
1681 2037 1735 2082 et
1764 2042 1861 2096 pa-

279 2135 410 2191 tres,
435 2124 524 2194 qui
554 2121 932 2191 impedimento
953 2135 1072 2173 esse
1098 2120 1311 2184 vellent,
1337 2119 1721 2173 mansuetiores
1747 2117 1867 2171 red-

280 2217 452 2270 deret.
488 2214 696 2268 Etenim
739 2220 916 2280 patres
954 2211 1194 2264 videntes
1235 2209 1405 2278 ipsum
1449 2217 1645 2262 tantam
1677 2208 1783 2261 vim
1813 2214 1869 2261 et

283 2315 596 2376 potestatem
629 2303 824 2357 habere
848 2343 864 2368 ,
893 2311 950 2354 ut
981 2310 1158 2370 posset
1187 2299 1326 2354 ﬁlios
1357 2300 1424 2354 ab
1459 2300 1586 2368 ipsis
1613 2299 1863 2364 avellere,

282 2415 349 2452 ne
369 2413 431 2452 ea
456 2403 720 2450 tentarent
740 2409 858 2462 qua:
880 2393 994 2448 ﬁeri
1017 2408 1120 2445 non
1145 2400 1408 2461 poterant,
1427 2391 1666 2444 dcstituri
1693 2399 1864 2445 erant.

285 2489 407 2542 Ideo
438 2487 575 2540 filios
601 2485 772 2538 solum
807 2483 1112 2552 alloquitur,
1144 2482 1320 2536 missis
1349 2482 1609 2550 patribus,
1641 2497 1774 2550 quos
1802 2482 1870 2536 ab

284 2578 454 2632 inutili
483 2588 675 2630 conatu
703 2584 934 2629 revocat.
966 2573 1165 2628 Deinde
1193 2587 1260 2627 ne
1287 2573 1360 2627 illi
1393 2573 1790 2642 indignarentur
1817 2579 1871 2627 et

283 2684 424 2737 :rgre
453 2667 685 2729 i'errmrt,
716 2665 837 2719 vide
866 2679 972 2734 quo
1015 2678 1314 2718 sermonem
1351 2664 1595 2717 deducat.
1624 2664 1754 2718 Cum
1785 2663 1868 2717 di-

284 2764 451 2812 xisset
474 2758 638 2818 enim,
672 2757 772 2820 Qui
798 2772 899 2808 non
928 2755 1035 2808 odit
1064 2765 1257 2822 patrem
1283 2764 1328 2808 et
1353 2765 1583 2819 matrem,
1609 2753 1773 2818 addit,
1808 2753 1871 2806 Et

283 2851 507 2902 animam
549 2864 710 2901 suam.
747 2845 881 2912 Quid
923 2845 1054 2898 mihi
1083 2845 1313 2913 allegas,
1353 2845 1554 2914 inquit,
1589 2853 1868 2912 parentes,

285 2939 499 3003 fratres,
533 2952 766 3000 sorores,
804 2936 1058 2989 uxorem?
1086 2935 1224 2988 Nihil
1263 2936 1508 3003 cuiquam
1539 2935 1872 3004 conjunctius

287 3039 367 3084 est
396 3029 572 3082 anima
593 3068 607 3091 ,
639 3036 691 3082 et
722 3036 898 3080 antron
934 3025 1032 3079 nisi
1073 3040 1190 3079 eam
1223 3025 1346 3079 odio
1376 3025 1622 3080 habueris
1642 3066 1656 3089 ,
1687 3034 1870 3080 contra

286 3136 444 3190 quam
486 3119 611 3172 velit
649 3131 834 3172 amans
869 3117 1046 3170 omnia
1088 3116 1297 3170 cedent.
1339 3115 1522 3184 Neque
1564 3116 1874 3185 simpliciter

288 3214 430 3267 illam
458 3212 582 3266 odio
609 3210 807 3264 habere
831 3209 1009 3279 jussit,
1042 3209 1134 3263 sed
1167 3208 1235 3262 ita
1266 3216 1324 3261 ut
1351 3208 1416 3261 ad
1449 3208 1584 3262 bella
1615 3208 1871 3273 tradatur,

287 3305 353 3358 ad
394 3317 595 3373 pugnas
614 3344 627 3367 ,
656 3302 832 3357 cardes
853 3343 868 3368 ,
905 3301 1235 3368 sanguinem.
1276 3297 1416 3354 Nam
1442 3301 1526 3368 qui
1556 3315 1655 3352 non
1683 3299 1874 3368 bajulut

289 3411 488 3448 crucem
526 3409 707 3458 suam,
737 3399 784 3443 et
812 3391 944 3444 venit
980 3401 1092 3459 post
1122 3406 1199 3443 me
1221 3430 1236 3454 ,
1268 3405 1368 3442 non
1411 3399 1567 3459 potest
1607 3405 1743 3443 meus
1772 3405 1876 3443 esse

291 3482 590 3552 discipulus.
625 3481 738 3536 Non
767 3481 900 3535 dicit
929 3480 1120 3542 solum,
1143 3479 1210 3532 ad
1242 3491 1464 3534 mortem
1497 3488 1734 3548 paratum
1757 3493 1876 3534 esse

291 3583 530 3643 oportet;
570 3573 663 3627 sed
707 3571 774 3625 ad
821 3580 1046 3625 Inortem
1087 3571 1409 3634 violentam;
1453 3585 1552 3624 nec
1589 3571 1875 3624 violentam

295 3664 490 3727 modo,
523 3663 616 3716 scd
647 3671 701 3716 et
731 3663 1158 3730 ignominiosam.
1186 3659 1432 3729 Nihilque
1459 3662 1631 3716 adhuc
1657 3662 1724 3715 de
1755 3677 1876 3730 pas-

296 3756 448 3810 sione
473 3768 567 3808 sua
596 3753 856 3822 loquitur,
888 3761 945 3804 ut
973 3753 1024 3805 in
1057 3752 1138 3806 his
1170 3752 1376 3806 interim
1415 3754 1638 3807 instituti
1674 3753 1878 3812 facilius

295 3859 359 3898 ac
387 3844 560 3897 lenius
587 3842 654 3896 de
684 3843 770 3895 illa
806 3843 1109 3911 loquentem
1137 3841 1400 3898 audirent.
1434 3845 1622 3898 Annon
1661 3854 1878 3914 stupen-

297 3937 421 3988 dum
443 3943 524 3989 est
547 3934 753 3987 illorum
781 3933 894 3989 hanc
913 3933 1239 3988 audientium
1263 3935 1493 3989 animam
1517 3951 1619 3988 non
1641 3937 1881 3991 avolasse

299 4043 327 4078 ιι
355 4041 579 4094 corpore
598 4067 612 4090 ,
639 4041 759 4079 cum
799 4024 866 4079 de
909 4025 1142 4079 tristibus
1173 4024 1346 4078 solum
1373 4035 1587 4094 agatur,
1621 4025 1879 4080 bonorum

300 4134 431 4172 vero
457 4133 578 4186 spes
605 4127 805 4173 tantum
837 4117 1126 4171 offeratur?
1151 4116 1429 4182 Quomodo
1455 4132 1582 4187 ergo
1615 4133 1722 4172 non
1759 4134 1884 4172 avo-

301 4209 468 4261 lavit?
498 4207 657 4262 Multa
688 4216 803 4262 erat
830 4207 1056 4261 dicentis
1084 4208 1268 4272 virtus,
1298 4217 1353 4262 et
1379 4209 1703 4262 audientium
1734 4223 1885 4264 amor

304 4301 521 4355 multus.
557 4300 781 4369 Ideoque
809 4301 963 4368 longe
993 4299 1204 4353 duriora
1234 4308 1289 4353 et
1323 4300 1632 4354 onerosiora
1661 4300 1883 4354 audien-

300 4401 400 4457 tes,
431 4408 587 4460 quam
616 4392 788 4460 magni
818 4391 889 4444 illi
922 4391 1016 4443 \iri
1048 4391 1256 4460 Moyses
1283 4401 1335 4444 et
1367 4391 1646 4456 Jeremias,
1679 4392 1886 4446 obtem-

303 4493 571 4552 perantes,
601 4497 698 4536 nec
729 4491 1083 4551 repugnantes
1112 4482 1416 4536 manebant.
1453 4483 1540 4537 59.
1573 4483 1672 4548 Qui
1700 4485 1886 4537 itwenit

303 4577 526 4629 animant
567 4593 745 4639 suam,
780 4573 952 4643 perdet
981 4589 1122 4640 eam,
1160 4583 1207 4626 et
1243 4575 1327 4641 qui
1361 4574 1632 4642 perdiderit
1666 4576 1886 4627 animum

301 4687 444 4724 suam
475 4679 680 4738 prapter
708 4685 806 4732 me,
840 4667 1051 4720 inveniet
1076 4682 1207 4720 eam.
1233 4664 1421 4719 Viden‘
1447 4675 1693 4733 quantum
1718 4665 1888 4733 jactu-

305 4777 419 4816 ram
453 4759 644 4813 faciant
673 4759 763 4828 qui
799 4759 1029 4812 animam
1059 4772 1208 4812 suam
1237 4757 1356 4826 plus
1381 4771 1540 4826 quam
1569 4765 1776 4825 Oportet
1801 4757 1886 4811 di-

303 4856 512 4926 ligant?
535 4867 891 4926 quantumque
916 4858 1115 4910 lucrum
1142 4870 1326 4909 eorum
1353 4855 1441 4923 qui
1467 4852 1732 4908 oderunt?
1757 4853 1886 4919 Quia

307 4948 449 5001 enim
480 4956 739 5015 praecepta
765 4962 988 5002 onerosa
1017 4955 1202 5002 erant;
1237 4959 1358 4998 nam
1383 4954 1566 4998 contra
1602 4953 1848 5013 parentes
1869 4984 1886 5011 ,

307 5041 468 5104 ﬁlios,
500 5047 764 5101 naturam,
796 5039 1185 5106 cognationem,
1225 5037 1428 5101 orbem,
1471 5036 1742 5105 ipsamque
1772 5035 1887 5088 ani-

309 5149 450 5188 mam
491 5131 658 5185 aciem
701 5130 964 5183 instruere
1001 5130 1318 5196 oportebat:
1353 5128 1630 5182 utilitatem
1673 5125 1886 5195 adjicit,

307 5244 426 5296 quae
458 5224 689 5278 maxit-na
714 5230 860 5277 certe
885 5229 1019 5275 erat.
1047 5221 1171 5274 Haec
1189 5261 1204 5286 ,
1234 5221 1434 5290 inquit,
1462 5236 1566 5274 non
1595 5218 1754 5273 modo
1783 5234 1888 5273 non

310 5319 606 5381 nocebunt,
638 5314 734 5370 sed
765 5323 818 5370 et
852 5313 1083 5368 maxime
1113 5312 1407 5382 iuvabunt;
1441 5311 1523 5365 his
1551 5321 1726 5365 autem
1756 5326 1888 5366 con-

309 5412 467 5462 traria
497 5407 780 5463 nocebunt.
813 5405 867 5459 ld
900 5403 1090 5474 ubique
1117 5403 1276 5468 facit,
1305 5403 1371 5457 ab
1403 5403 1465 5456 iis
1490 5417 1608 5470 quae
1635 5401 1890 5471 concupi-

311 5509 486 5567 scunt,
517 5501 872 5554 inductionem
907 5507 1073 5568 parat.
1106 5495 1214 5551 Cur
1248 5511 1352 5550 non
1384 5495 1460 5549 vis
1487 5496 1716 5549 animam
1748 5503 1890 5548 tuam

311 5592 581 5660 despicere
597 5593 620 5633 ν
643 5591 775 5660 Quia
798 5605 945 5646 amas
967 5589 1148 5646 illam?
1168 5587 1246 5644 0b
1271 5586 1372 5644 hoc
1397 5587 1568 5659 ipsum
1594 5600 1720 5658 ergo
1748 5586 1887 5642 illam

1025 193 1079 250 S.
1109 193 1386 251 JOANNIS
1414 190 1881 251 CHRYSOSTOMI
1919 189 2236 250 ARCHIEP.
2263 195 2791 254 CONSTAN'HNOP.

3447 197 3557 255 ποις

1971 306 2213 376 despice,
2246 320 2300 364 et
2343 318 2470 366 tunc
2516 312 2655 366 illam
2699 311 2929 366 maxime
2957 310 3200 382 juvabis,
3237 322 3393 385 teque
3425 331 3553 370 rere

1967 407 2232 452 amantem
2263 402 2663 455 monstraveris.
2695 401 2761 456 Et
2790 401 2913 455 vide
2943 401 3070 456 mihi
3101 403 3432 471 prudentiam
3462 406 3550 460 io-

1967 487 2252 544 eﬂ'abilem.
2309 490 2424 544 Non
2463 491 2603 545 enim
2645 491 2698 545 iu
2739 492 3046 561 parentibus
3083 501 3137 546 et
3181 493 3302 547 ﬁliis
3345 503 3551 548 tantum

1969 590 2220 646 moratur,
2247 583 2339 637 sed
2367 583 2418 637 in
2445 585 2619 638 anima
2648 585 2885 638 omnium
2911 584 3207 651 carissima,
3234 595 3292 639 ut
3315 585 3454 655 quod
3480 587 3548 638 de

1969 670 2055 724 illa
2087 670 2248 736 dicit,
2282 673 2630 727 indubitatum
2659 681 2898 739 maneat,
2927 683 2982 728 et
3009 675 3163 728 simul
3192 674 3402 730 discant
3426 677 3549 730 illos

1967 761 2128 814 etiam
2156 763 2378 816 multum
2407 764 2535 817 lucri
2565 773 2614 817 et
2649 763 2889 817 utilitatis
2918 762 3042 818 hinc
3066 774 3378 832 accepturos
3403 780 3544 827 esse,

1967 854 2395 922 quandoquidem
2452 855 2579 909 illud
2627 855 2679 909 in
2733 857 2970 909 omnium
3025 855 3407 924 pretiosissima
3450 856 3551 910 sibi

1967 946 2143 998 anima
2170 945 2408 1014 contigit.

2042 1037 2141 1101 Qui
2165 1038 2419 1105 apostolos
2439 1037 2731 1104 reciperent,
2755 1047 2944 1105 quanta
2965 1046 3380 1106 consequerentur
3399 1039 3548 1092 bona.

1967 1155 2038 1165 —-
2065 1126 2189 1178 llzec
2218 1141 2343 1178 vero
2373 1135 2618 1194 poterant
2648 1127 2888 1180 homines
2923 1126 3173 1181 inducere
3202 1127 3267 1180 ad
3305 1128 3424 1183 illos
3467 1145 3553 1184 re-

1968 1215 2242 1284 cipiendos
2267 1218 2355 1284 qui
2385 1216 2485 1268 sibi
2515 1216 2670 1270 saluti
2698 1231 2816 1271 esse
2851 1217 3116 1270 valebant.
3147 1218 3277 1284 Quis
3306 1219 3448 1274 enim
3479 1221 3549 1273 ita

1969 1307 2136 1360 fortes
2161 1316 2512 1375 strenuosque
2538 1307 2699 1372 viros,
2722 1308 2810 1374 qui
2835 1308 2984 1376 quasi
3015 1307 3194 1363 leones
3217 1309 3403 1364 orbem
3427 1326 3550 1380 per-

1968 1396 2284 1458 currebant,
2316 1395 2403 1462 qui
2434 1404 2491 1446 ut
2522 1395 2654 1448 alios
2698 1404 2976 1448 servarent
3012 1413 3105 1449 sua
3148 1399 3322 1450 omnia
3363 1408 3551 1453 eonte-

1970 1485 2258 1547 mnebant,
2307 1499 2410 1536 non
2457 1484 2637 1537 libenti
2681 1485 2860 1538 animo
2904 1487 3263 1554 suscepisset?
3303 1491 3551 1544 Attamen

1969 1575 2126 1627 aliam
2154 1575 2298 1642 ponit
2326 1574 2625 1628 mercedem
2650 1614 2665 1638 ,
2699 1573 2987 1628 ostendens
3013 1616 3027 1640 ,
3054 1592 3112 1629 se
3151 1577 3382 1645 ImSpitio
3412 1579 3552 1632 reci-

1971 1665 2200 1732 pientem
2225 1705 2240 1730 ,
2269 1680 2424 1733 quam
2451 1673 2722 1733 receptura
2756 1666 2852 1719 hac
2879 1667 2930 1719 in
2959 1681 3017 1720 re
3047 1668 3213 1736 magis
3246 1683 3453 1722 curare.
3488 1670 3553 1723 Et

1971 1757 2198 1824 primum
2229 1757 2441 1825 quidem
2470 1756 2560 1810 dat
2599 1757 2872 1824 praemium
2897 1799 2912 1822 ,
2945 1758 3128 1812 dicens
3157 1775 3170 1811 :
3218 1760 3308 1813 40.
3341 1761 3440 1826 Qui
3466 1778 3548 1814 re-

1968 1847 2090 1914 cipit
2119 1863 2223 1909 vos,
2255 1863 2333 1899 me
2356 1847 2530 1916 recipit
2551 1863 2570 1912 ;
2598 1856 2645 1899 et
2669 1847 2756 1916 qui
2793 1863 2871 1899 me
2897 1850 3094 1916 recipit,
3122 1850 3298 1916 recipit
3329 1867 3442 1902 eum
3468 1851 3555 1918 qui

1970 1953 2049 1989 me
2073 1937 2224 1988 misit.
2256 1935 2353 1991 Cui
2395 1937 2471 1990 rei
2515 1936 2638 2004 quid
2685 1951 2780 2006 par
2819 1952 3065 2006 umquam
3113 1938 3300 2004 fuerit,
3341 1939 3552 1994 Patrem

1969 2043 2161 2096 nempe
2185 2037 2239 2080 et
2271 2027 2460 2081 Filium
2501 2029 2781 2096 recipere?
2813 2028 2982 2081 Aliam
3021 2037 3138 2096 post
3174 2029 3312 2085 hanc
3341 2048 3548 2087 merce-

1969 2118 2090 2173 dem
2131 2119 2438 2186 pollicetur;
2473 2135 2593 2171 uam
2624 2119 2697 2171 ait
2726 2136 2738 2171 :
2767 2119 2858 2173 4|.
2905 2117 3003 2182 Qui
3039 2121 3214 2190 recipit
3259 2123 3555 2190 prophetam

1967 2212 2022 2263 in
2045 2210 2248 2263 nomine
2270 2211 2546 2278 propltetce,
2571 2211 2843 2263 mercedem
2870 2212 3134 2278 propheta?
3151 2214 3382 2282 accipiet,
3406 2224 3450 2267 et
3469 2216 3557 2284 qui

1969 2301 2146 2369 recipit
2167 2301 2363 2370 justum
2391 2301 2443 2352 in
2471 2301 2670 2354 nomine
2697 2301 2847 2369 justi,
2876 2303 3148 2355 mercedem
3169 2303 3298 2371 justi
3320 2305 3552 2373 accipiet.

1971 2391 2142 2462 Supra
2191 2407 2402 2462 patinam
2446 2392 2818 2446 intern‘iinatur
2852 2392 2916 2445 iis
2954 2393 3042 2461 qui
3082 2409 3185 2448 non
3216 2396 3555 2464 receperint;

1973 2482 2059 2536 hic
2081 2496 2207 2537 vero
2231 2483 2488 2536 bonorum
2513 2482 2838 2552 largitionem
2861 2482 3064 2537 deﬁnit.
3091 2483 3159 2539 Ut
3183 2492 3362 2539 autem
3382 2485 3559 2540 discas

1973 2573 2118 2626 illum
2148 2573 2246 2627 hos
2274 2573 2504 2626 maxime
2531 2588 2718 2626 curare
2738 2615 2753 2639 ,
2785 2589 2889 2628 non
2921 2573 3054 2628 dixit
3083 2584 3281 2629 tantum
3301 2617 3316 2641 ,
3353 2576 3453 2642 Qui
3480 2593 3562 2629 rc-

1972 2665 2093 2732 cipit
2118 2664 2441 2734 prophetam,
2471 2664 2588 2726 vel,
2623 2663 2721 2729 Qui
2761 2665 2938 2734 recipit
2956 2666 3156 2732 justum
3176 2707 3191 2730 ,
3221 2666 3311 2720 sed
3339 2665 3554 2735 adjicit,

1974 2754 2040 2807 In
2071 2755 2271 2808 nomine
2307 2756 2595 2824 propheta,
2625 2765 2707 2820 et,
2740 2754 2804 2808 In
2833 2757 3034 2810 nomine
3065 2758 3235 2828 justi;
3277 2758 3326 2812 id
3364 2768 3480 2826 est,
3511 2762 3555 2813 si

1976 2861 2080 2902 non
2129 2857 2344 2916 propter
2387 2847 2639 2901 saeculare
2685 2849 3069 2917 patrocinium,
3111 2849 3193 2904 vel
3235 2849 3556 2905 caducarum

1975 2953 2152 2993 rerum
2179 2953 2358 3003 causa,
2391 2939 2715 3007 susceperit;
2747 2939 2840 2993 sed
2868 2941 2988 3008 quia
3017 2939 3294 3009 propheta,
3325 2941 3407 2995 vel
3436 2943 3558 3009 quia

1972 3030 2147 3099 justus
2177 3038 2278 3096 est,
2309 3030 2609 3084 mercedem
2641 3033 2910 3101 propheta:
2936 3032 3021 3086 vel
3047 3032 3175 3101 justi
3204 3033 3446 3102 accipiet,
3476 3034 3559 3089 vel

1977 3137 2132 3191 quam
2160 3137 2257 3192 par
2278 3132 2358 3177 est
2385 3122 2627 3191 accipere
2653 3139 2770 3177 eum
2797 3124 2886 3192 qui
2913 3123 2995 3178 vel
3030 3123 3338 3192 prophetam
3368 3126 3448 3180 vel
3470 3125 3558 3194 ju-

1977 3223 2114 3267 stmn
2143 3213 2421 3283 receperit,
2449 3213 2533 3267 vel
2558 3213 2764 3281 qualem
2790 3214 3044 3281 propheta
3066 3214 3150 3266 vel
3173 3214 3350 3283 justus
3372 3229 3560 3269 conse-

1979 3306 2174 3374 quitur.
2201 3305 2352 3370 Quod
2383 3311 2437 3359 et
2463 3305 2655 3358 Paulus
2680 3304 2888 3358 dicebat
2911 3321 2924 3357 :
2965 3303 3137 3359 Vestra
3163 3307 3471 3359 abundantia
3495 3307 3560 3358 ad

1979 3398 2182 3450 illorum
2206 3397 2430 3463 inopiam
2451 3436 2464 3459 ,
2495 3405 2550 3447 ut
2587 3395 2793 3448 illorum
2831 3395 3140 3449 abundantia
3164 3399 3228 3449 sit
3257 3395 3325 3448 ad
3347 3406 3560 3450 vestram

1979 3489 2200 3557 inopiam
2230 3487 2304 3558 (2.
2343 3486 2460 3542 Cor.
2490 3487 2543 3542 8.
2577 3488 2689 3555 14).
2720 3487 2920 3542 Deinde
2947 3504 3012 3542 ne
3040 3489 3159 3557 quis
3199 3496 3561 3558 paupertatem

1981 3579 2326 3644 obtenderet,
2355 3579 2428 3632 ait
2454 3596 2468 3631 :
2498 3578 2586 3633 42.
2619 3579 2928 3648 Quicumque
2961 3589 3134 3647 potum
3163 3579 3356 3634 dederit
3385 3580 3471 3632 uni
3501 3596 3564 3634 ea:

1983 3671 2199 3723 minimis
2238 3671 2347 3724 istis
2383 3671 2584 3723 calicem
2625 3686 2770 3739 aqua:
2808 3671 3009 3740 frigidae
3049 3681 3242 3724 tantum
3280 3670 3334 3724 in
3366 3672 3567 3724 nomine

1984 3762 2242 3831 discipuli,
2274 3777 2419 3815 amen
2448 3761 2559 3813 dico
2585 3761 2741 3825 vobis,
2773 3777 2873 3813 non
2903 3761 3071 3829 perdet
3098 3761 3373 3814 mercedem
3396 3777 3561 3815 suam.

1986 3851 2204 3906 Etiamsi
2227 3851 2306 3905 vel
2335 3858 2514 3919 potum
2540 3865 2688 3918 aqua:
2717 3848 2922 3916 frigida:
2951 3849 3184 3914 dederis,
3215 3851 3266 3903 in
3293 3864 3399 3919 quo
3425 3850 3564 3902 nulla

1987 3943 2222 4010 impensa
2263 3949 2376 4005 est,
2419 3939 2517 3993 erit
2558 3939 2650 3992 tibi
2693 3940 2925 4006 reposita
2963 3954 3188 3994 merces.
3223 3939 3446 4009 Propter
3471 3954 3567 3994 vos

1987 4035 2150 4098 enim,
2173 4034 2262 4102 qui
2289 4033 2538 4101 recipitis,
2563 4032 2739 4086 omnia
2767 4030 2928 4086 facio.

2057 4127 2110 4180 5.
2159 4124 2400 4178 Vidistin’
2446 4123 2760 4193 quibusnam
2806 4122 2872 4176 ad
2929 4120 3356 4192 persuadendum
3401 4136 3564 4185 usus,

1988 4216 2264 4269 universas
2314 4214 2416 4268 illis
2463 4213 2610 4268 orbis
2655 4213 2843 4267 domos
2890 4217 3198 4282 aperuerit?
3243 4214 3346 4269 Per
3389 4215 3566 4268 omnia

1989 4306 2182 4374 quippe
2212 4305 2441 4359 ostendit
2469 4318 2653 4358 omnes
2695 4303 2824 4372 ipsis
2861 4317 2980 4356 esse
3015 4303 3284 4357 debitores
3318 4321 3330 4356 :
3362 4303 3563 4373 primo,

1991 4413 2108 4450 cum
2139 4395 2270 4449 dixit
2299 4414 2311 4449 :
2346 4394 2539 4464 Dignus
2572 4405 2642 4448 est
2679 4395 2940 4464 operarius
2977 4394 3201 4446 mercede
3225 4410 3319 4446 sua
3347 4393 3563 4462 (Matth.

1992 4487 2078 4541 10.
2109 4485 2216 4555 10);
2250 4485 2481 4539 secundo
2501 4525 2516 4551 ,
2541 4483 2678 4554 quod
2709 4482 2834 4536 nihil
2858 4482 3115 4536 habentes
3144 4492 3197 4537 et
3225 4499 3420 4537 vacuos
3447 4485 3569 4537 ruit-

1991 4588 2063 4631 tat
2090 4593 2104 4642 ;
2137 4578 2312 4642 tertio,
2337 4576 2475 4643 quod
2501 4575 2566 4628 ad
2590 4575 2724 4628 bella
2746 4583 2799 4628 et
2820 4589 3020 4643 pugnas
3043 4590 3137 4642 pro
3158 4574 3570 4642 suscipientibus

1992 4668 2196 4732 mittat;
2223 4674 2432 4736 quarto,
2461 4664 2600 4733 quod
2628 4665 2776 4732 signa
2807 4662 3059 4732 operandi
3090 4662 3180 4717 det
3215 4671 3569 4731 potestatem;

1991 4759 2206 4829 quinto,
2231 4755 2369 4826 quod
2397 4770 2614 4824 pacem,
2647 4755 2904 4808 bonorqu
2936 4755 3171 4807 omnium
3200 4767 3446 4817 causam,
3479 4767 3572 4821 per

1993 4866 2054 4904 os
2093 4865 2276 4905 eorum
2323 4847 2374 4901 in
2418 4846 2608 4900 domos
2651 4844 3051 4914 suscipientium
3097 4845 3348 4911 inducat;
3390 4854 3571 4910 sexto,

1928 4941 2135 5013 _;.quod
2171 4941 2413 5011 graviora
2457 4938 2796 4994 Sodomiticls
2835 4936 3207 4991 interminetur
3247 4937 3311 4991 iis
3344 4935 3433 5005 qui
3470 4952 3572 4989 non

1997 5036 2138 5102 ipsos
2165 5030 2532 5100 susceperint;
2566 5030 2813 5097 septimo,
2845 5028 2985 5098 quod
3017 5028 3280 5089 ostendat,
3309 5028 3400 5098 qui
3433 5028 3576 5096 ipsos

1994 5125 2322 5193 suscipiunt,
2354 5131 2408 5176 et
2433 5137 2492 5176 se
2527 5131 2579 5174 et
2615 5120 2821 5173 Patrem
2850 5119 3155 5187 suscipere;
3184 5127 3403 5184 octavo,
3433 5116 3572 5186 quod

1996 5217 2268 5286 propheta:
2297 5224 2349 5269 et
2381 5213 2508 5283 justi
2544 5211 2840 5267 mercedem
2882 5211 3192 5280 promittat;
3222 5223 3364 5264 nono
3385 5250 3400 5273 ,
3431 5209 3574 5276 quod

1996 5309 2147 5364 calici
2173 5322 2323 5377 aqua:
2351 5305 2550 5374 frigida:
2580 5317 2823 5372 magnam
2853 5302 3089 5372 assignat
3119 5299 3440 5355 mercedem.
3468 5297 3577 5351 llo-

1997 5414 2115 5454 rum
2142 5394 2553 5464 unumquodque
2581 5401 2789 5460 poterat
2809 5391 2927 5445 illos
2950 5390 3234 5445 attrahere.
3261 5390 3389 5456 Quis
3409 5387 3574 5451 enim,

1999 5505 2181 5561 quaeso
2199 5529 2214 5555 ,
2245 5487 2434 5542 ducem
2469 5485 2654 5539 videns
2691 5483 2837 5538 mille
2861 5482 3165 5536 vulneribus
3191 5480 3494 5536 confossum
3520 5486 3576 5534 et

2001 5588 2353 5646 cruentatum,
2382 5592 2444 5633 ac
2470 5585 2589 5648 post
2611 5574 2774 5632 multa
2801 5582 2997 5644 tropzea
3019 5587 3082 5628 ex
3109 5571 3244 5628 bello
3265 5569 3585 5626 redeuntem
