  <div class='ocr_page' id='page_1' title='image "/cluster/home/n/w/nwhite01/storage/ocr_20150623/57/mdp.39015008622600/338.png"; bbox 0 0 4010 6128; ppageno 0'>
   <div class='ocr_carea' id='block_1_1' title="bbox 442 261 561 320">
    <p class='ocr_par' dir='ltr' id='par_1_1' title="bbox 442 261 561 320">
     <span class='ocr_line' id='line_1_1' title="bbox 442 261 561 320; baseline 0.008 -1"><span class='ocrx_word' id='word_1_1' title='bbox 442 261 561 320; x_wconf 69' lang='grc' dir='ltr'><strong>ιω</strong></span> 
     </span>
    </p>
   </div>
   <div class='ocr_carea' id='block_1_2' title="bbox 434 364 2032 446">
    <p class='ocr_par' dir='ltr' id='par_1_2' title="bbox 434 364 2032 446">
     <span class='ocr_line' id='line_1_2' title="bbox 434 364 2032 446; baseline -0.009 -16"><span class='ocrx_word' id='word_1_2' title='bbox 434 376 626 446; x_wconf 71' lang='lat' dir='ltr'><strong>januis</strong></span> <span class='ocrx_word' id='word_1_3' title='bbox 651 374 844 430; x_wconf 86' lang='lat' dir='ltr'><strong>domus</strong></span> <span class='ocrx_word' id='word_1_4' title='bbox 865 372 1111 428; x_wconf 84' lang='lat' dir='ltr'><strong>omnibus</strong></span> <span class='ocrx_word' id='word_1_5' title='bbox 1136 370 1334 440; x_wconf 87' lang='lat' dir='ltr'><strong>apertis</strong></span> <span class='ocrx_word' id='word_1_6' title='bbox 1366 384 1467 423; x_wconf 91' lang='lat' dir='ltr'><strong>non</strong></span> <span class='ocrx_word' id='word_1_7' title='bbox 1499 367 1796 436; x_wconf 85' lang='lat' dir='ltr'><strong>receperit?</strong></span> <span class='ocrx_word' id='word_1_8' title='bbox 1825 367 1888 419; x_wconf 91' lang='lat' dir='ltr'><strong>Et</strong></span> <span class='ocrx_word' id='word_1_9' title='bbox 1913 364 2032 432; x_wconf 85' lang='lat' dir='ltr'><strong>quis</strong></span> 
     </span>
    </p>
   </div>
   <div class='ocr_carea' id='block_1_3' title="bbox 443 460 2027 535">
    <p class='ocr_par' dir='ltr' id='par_1_3' title="bbox 443 460 2027 535">
     <span class='ocr_line' id='line_1_3' title="bbox 443 460 2027 535; baseline -0.006 -15"><span class='ocrx_word' id='word_1_10' title='bbox 443 468 543 522; x_wconf 81' lang='lat' dir='ltr'><strong>ille</strong></span> <span class='ocrx_word' id='word_1_11' title='bbox 572 467 735 521; x_wconf 80' lang='lat' dir='ltr'><strong>talis?</strong></span> <span class='ocrx_word' id='word_1_12' title='bbox 766 465 991 535; x_wconf 80' lang='lat' dir='ltr'><strong>inquies.</strong></span> <span class='ocrx_word' id='word_1_13' title='bbox 1020 462 1145 518; x_wconf 72' lang='lat' dir='ltr'><strong>Ideo</strong></span> <span class='ocrx_word' id='word_1_14' title='bbox 1167 462 1362 530; x_wconf 88' lang='lat' dir='ltr'><strong>adjecit</strong></span> <span class='ocrx_word' id='word_1_15' title='bbox 1379 501 1399 525; x_wconf 91' lang='lat'><strong>,</strong></span> <span class='ocrx_word' id='word_1_16' title='bbox 1423 461 1490 513; x_wconf 75' lang='lat' dir='ltr'><strong>In</strong></span> <span class='ocrx_word' id='word_1_17' title='bbox 1511 460 1711 512; x_wconf 69' lang='lat' dir='ltr'><strong>neruiue</strong></span> <span class='ocrx_word' id='word_1_18' title='bbox 1736 460 1993 527; x_wconf 75' lang='lat' dir='ltr'><strong>propheta:</strong></span> <span class='ocrx_word' id='word_1_19' title='bbox 2013 497 2027 518; x_wconf 92' lang='lat'><strong>,</strong></span> 
     </span>
    </p>
   </div>
   <div class='ocr_carea' id='block_1_4' title="bbox 448 549 2036 627">
    <p class='ocr_par' dir='ltr' id='par_1_4' title="bbox 448 549 2036 627">
     <span class='ocr_line' id='line_1_4' title="bbox 448 549 2036 627; baseline -0.006 -18"><span class='ocrx_word' id='word_1_20' title='bbox 448 559 537 613; x_wconf 81' lang='lat' dir='ltr'><strong>vel</strong></span> <span class='ocrx_word' id='word_1_21' title='bbox 566 558 824 627; x_wconf 70' lang='lat' dir='ltr'><strong>discipuli,</strong></span> <span class='ocrx_word' id='word_1_22' title='bbox 856 557 938 611; x_wconf 83' lang='lat' dir='ltr'><strong>vel</strong></span> <span class='ocrx_word' id='word_1_23' title='bbox 966 552 1118 626; x_wconf 73' lang='lat' dir='ltr'><strong>justi,</strong></span> <span class='ocrx_word' id='word_1_24' title='bbox 1149 564 1206 608; x_wconf 86' lang='lat' dir='ltr'><strong>ut</strong></span> <span class='ocrx_word' id='word_1_25' title='bbox 1233 554 1406 609; x_wconf 85' lang='lat' dir='ltr'><strong>discas</strong></span> <span class='ocrx_word' id='word_1_26' title='bbox 1436 555 1609 621; x_wconf 88' lang='lat' dir='ltr'><strong>ipsum</strong></span> <span class='ocrx_word' id='word_1_27' title='bbox 1641 567 1745 605; x_wconf 91' lang='lat' dir='ltr'><strong>non</strong></span> <span class='ocrx_word' id='word_1_28' title='bbox 1773 565 1837 604; x_wconf 86' lang='lat' dir='ltr'><strong>ex</strong></span> <span class='ocrx_word' id='word_1_29' title='bbox 1863 549 2036 617; x_wconf 88' lang='lat' dir='ltr'><strong>digni-</strong></span> 
     </span>
    </p>
   </div>
   <div class='ocr_carea' id='block_1_5' title="bbox 446 641 2028 713">
    <p class='ocr_par' dir='ltr' id='par_1_5' title="bbox 446 641 2028 713">
     <span class='ocr_line' id='line_1_5' title="bbox 446 641 2028 713; baseline -0.006 -11"><span class='ocrx_word' id='word_1_30' title='bbox 446 659 562 702; x_wconf 82' lang='lat' dir='ltr'><strong>tate</strong></span> <span class='ocrx_word' id='word_1_31' title='bbox 590 648 925 713; x_wconf 83' lang='lat' dir='ltr'><strong>accedentis,</strong></span> <span class='ocrx_word' id='word_1_32' title='bbox 956 648 1049 703; x_wconf 88' lang='lat' dir='ltr'><strong>sed</strong></span> <span class='ocrx_word' id='word_1_33' title='bbox 1079 662 1143 702; x_wconf 83' lang='lat' dir='ltr'><strong>ex</strong></span> <span class='ocrx_word' id='word_1_34' title='bbox 1169 645 1440 700; x_wconf 87' lang='lat' dir='ltr'><strong>voluntate</strong></span> <span class='ocrx_word' id='word_1_35' title='bbox 1469 642 1806 712; x_wconf 85' lang='lat' dir='ltr'><strong>suseipientis</strong></span> <span class='ocrx_word' id='word_1_36' title='bbox 1846 641 2028 708; x_wconf 84' lang='lat' dir='ltr'><strong>hospi-</strong></span> 
     </span>
    </p>
   </div>
   <div class='ocr_carea' id='block_1_6' title="bbox 446 730 2029 805">
    <p class='ocr_par' dir='ltr' id='par_1_6' title="bbox 446 730 2029 805">
     <span class='ocr_line' id='line_1_6' title="bbox 446 730 2029 805; baseline -0.008 -12"><span class='ocrx_word' id='word_1_37' title='bbox 446 742 549 805; x_wconf 86' lang='lat' dir='ltr'><strong>tio,</strong></span> <span class='ocrx_word' id='word_1_38' title='bbox 575 738 878 793; x_wconf 90' lang='lat' dir='ltr'><strong>mercedem</strong></span> <span class='ocrx_word' id='word_1_39' title='bbox 904 748 1156 793; x_wconf 73' lang='lat' dir='ltr'><strong>statuere.</strong></span> <span class='ocrx_word' id='word_1_40' title='bbox 1186 736 1317 790; x_wconf 85' lang='lat' dir='ltr'><strong>Nam</strong></span> <span class='ocrx_word' id='word_1_41' title='bbox 1342 736 1427 789; x_wconf 91' lang='lat' dir='ltr'><strong>hic</strong></span> <span class='ocrx_word' id='word_1_42' title='bbox 1450 735 1517 789; x_wconf 87' lang='lat' dir='ltr'><strong>de</strong></span> <span class='ocrx_word' id='word_1_43' title='bbox 1545 732 1840 803; x_wconf 79' lang='lat' dir='ltr'><strong>prophetis,</strong></span> <span class='ocrx_word' id='word_1_44' title='bbox 1870 731 1937 785; x_wconf 90' lang='lat' dir='ltr'><strong>de</strong></span> <span class='ocrx_word' id='word_1_45' title='bbox 1962 730 2029 782; x_wconf 86' lang='lat' dir='ltr'><strong>di-</strong></span> 
     </span>
    </p>
   </div>
   <div class='ocr_carea' id='block_1_7' title="bbox 442 820 2026 899">
    <p class='ocr_par' dir='ltr' id='par_1_7' title="bbox 442 820 2026 899">
     <span class='ocr_line' id='line_1_7' title="bbox 442 820 2026 899; baseline -0.009 -14"><span class='ocrx_word' id='word_1_46' title='bbox 442 832 671 899; x_wconf 78' lang='lat' dir='ltr'><strong>scipulis</strong></span> <span class='ocrx_word' id='word_1_47' title='bbox 705 840 759 885; x_wconf 92' lang='lat' dir='ltr'><strong>et</strong></span> <span class='ocrx_word' id='word_1_48' title='bbox 791 830 859 884; x_wconf 90' lang='lat' dir='ltr'><strong>de</strong></span> <span class='ocrx_word' id='word_1_49' title='bbox 892 830 1049 898; x_wconf 87' lang='lat' dir='ltr'><strong>justis</strong></span> <span class='ocrx_word' id='word_1_50' title='bbox 1074 829 1212 897; x_wconf 88' lang='lat' dir='ltr'><strong>agit;</strong></span> <span class='ocrx_word' id='word_1_51' title='bbox 1245 828 1368 881; x_wconf 82' lang='lat' dir='ltr'><strong>alibi</strong></span> <span class='ocrx_word' id='word_1_52' title='bbox 1396 840 1522 881; x_wconf 89' lang='lat' dir='ltr'><strong>vero</strong></span> <span class='ocrx_word' id='word_1_53' title='bbox 1550 825 1709 879; x_wconf 89' lang='lat' dir='ltr'><strong>etiam</strong></span> <span class='ocrx_word' id='word_1_54' title='bbox 1742 820 2026 875; x_wconf 81' lang='lat' dir='ltr'><strong>admodum</strong></span> 
     </span>
    </p>
   </div>
   <div class='ocr_carea' id='block_1_8' title="bbox 441 910 2031 989">
    <p class='ocr_par' dir='ltr' id='par_1_8' title="bbox 441 910 2031 989">
     <span class='ocr_line' id='line_1_8' title="bbox 441 910 2031 989; baseline -0.008 -16"><span class='ocrx_word' id='word_1_55' title='bbox 441 920 690 989; x_wconf 71' lang='lat' dir='ltr'><strong>abiectos</strong></span> <span class='ocrx_word' id='word_1_56' title='bbox 729 921 1001 988; x_wconf 83' lang='lat' dir='ltr'><strong>suscipere</strong></span> <span class='ocrx_word' id='word_1_57' title='bbox 1036 919 1216 988; x_wconf 86' lang='lat' dir='ltr'><strong>jubet,</strong></span> <span class='ocrx_word' id='word_1_58' title='bbox 1248 932 1448 985; x_wconf 87' lang='lat' dir='ltr'><strong>eosque</strong></span> <span class='ocrx_word' id='word_1_59' title='bbox 1482 915 1571 983; x_wconf 91' lang='lat' dir='ltr'><strong>qui</strong></span> <span class='ocrx_word' id='word_1_60' title='bbox 1603 928 1708 967; x_wconf 89' lang='lat' dir='ltr'><strong>non</strong></span> <span class='ocrx_word' id='word_1_61' title='bbox 1738 910 2031 979; x_wconf 88' lang='lat' dir='ltr'><strong>suscipiunt</strong></span> 
     </span>
    </p>
   </div>
   <div class='ocr_carea' id='block_1_9' title="bbox 442 1000 2031 1080">
    <p class='ocr_par' dir='ltr' id='par_1_9' title="bbox 442 1000 2031 1080">
     <span class='ocr_line' id='line_1_9' title="bbox 442 1000 2031 1080; baseline -0.008 -15"><span class='ocrx_word' id='word_1_62' title='bbox 442 1012 669 1080; x_wconf 76' lang='lat' dir='ltr'><strong>castigat</strong></span> <span class='ocrx_word' id='word_1_63' title='bbox 695 1028 709 1063; x_wconf 94' lang='lat'>:</span> <span class='ocrx_word' id='word_1_64' title='bbox 743 1025 863 1063; x_wconf 88' lang='lat' dir='ltr'><strong>nam</strong></span> <span class='ocrx_word' id='word_1_65' title='bbox 894 1008 956 1061; x_wconf 80' lang='lat' dir='ltr'><strong>In</strong></span> <span class='ocrx_word' id='word_1_66' title='bbox 978 1018 1218 1078; x_wconf 82' lang='lat' dir='ltr'><strong>quantum</strong></span> <span class='ocrx_word' id='word_1_67' title='bbox 1243 1023 1345 1059; x_wconf 82' lang='lat' dir='ltr'><strong>non</strong></span> <span class='ocrx_word' id='word_1_68' title='bbox 1368 1006 1556 1072; x_wconf 76' lang='lat' dir='ltr'><strong>fecistis</strong></span> <span class='ocrx_word' id='word_1_69' title='bbox 1580 1004 1668 1055; x_wconf 85' lang='lat' dir='ltr'><strong>uni</strong></span> <span class='ocrx_word' id='word_1_70' title='bbox 1694 1019 1755 1055; x_wconf 73' lang='lat' dir='ltr'><strong>ex.</strong></span> <span class='ocrx_word' id='word_1_71' title='bbox 1781 1002 1858 1053; x_wconf 87' lang='lat' dir='ltr'><strong>his</strong></span> <span class='ocrx_word' id='word_1_72' title='bbox 1884 1000 2031 1053; x_wconf 79' lang='lat' dir='ltr'><strong>mini-</strong></span> 
     </span>
    </p>
   </div>
   <div class='ocr_carea' id='block_1_10' title="bbox 440 1092 2030 1168">
    <p class='ocr_par' dir='ltr' id='par_1_10' title="bbox 440 1092 2030 1168">
     <span class='ocr_line' id='line_1_10' title="bbox 440 1092 2030 1168; baseline -0.006 -14"><span class='ocrx_word' id='word_1_73' title='bbox 440 1101 567 1166; x_wconf 80' lang='lat' dir='ltr'><strong>mis,</strong></span> <span class='ocrx_word' id='word_1_74' title='bbox 597 1116 752 1168; x_wconf 75' lang='lat' dir='ltr'><strong>neque</strong></span> <span class='ocrx_word' id='word_1_75' title='bbox 775 1099 901 1153; x_wconf 84' lang='lat' dir='ltr'><strong>mihi</strong></span> <span class='ocrx_word' id='word_1_76' title='bbox 924 1099 1109 1167; x_wconf 76' lang='lat' dir='ltr'><strong>fecistis</strong></span> <span class='ocrx_word' id='word_1_77' title='bbox 1130 1097 1340 1168; x_wconf 77' lang='lat' dir='ltr'><strong>(Matth.</strong></span> <span class='ocrx_word' id='word_1_78' title='bbox 1368 1095 1458 1149; x_wconf 73' lang='grc'><strong>25.</strong></span> <span class='ocrx_word' id='word_1_79' title='bbox 1484 1094 1574 1163; x_wconf 76' lang='grc'><strong>45)</strong></span> <span class='ocrx_word' id='word_1_80' title='bbox 1598 1110 1613 1159; x_wconf 90' lang='lat'><strong>;</strong></span> <span class='ocrx_word' id='word_1_81' title='bbox 1640 1102 1744 1148; x_wconf 85' lang='lat' dir='ltr'><strong>etc</strong></span> <span class='ocrx_word' id='word_1_82' title='bbox 1764 1092 2030 1147; x_wconf 88' lang='lat' dir='ltr'><strong>contrario</strong></span> 
     </span>
    </p>
   </div>
   <div class='ocr_carea' id='block_1_11' title="bbox 442 1182 2030 1255">
    <p class='ocr_par' dir='ltr' id='par_1_11' title="bbox 442 1182 2030 1255">
     <span class='ocr_line' id='line_1_11' title="bbox 442 1182 2030 1255; baseline -0.004 -12"><span class='ocrx_word' id='word_1_83' title='bbox 442 1205 681 1243; x_wconf 80' lang='lat' dir='ltr'><strong>rursum.</strong></span> <span class='ocrx_word' id='word_1_84' title='bbox 716 1189 937 1243; x_wconf 79' lang='lat' dir='ltr'><strong>Etiamsi</strong></span> <span class='ocrx_word' id='word_1_85' title='bbox 964 1191 1105 1242; x_wconf 85' lang='lat' dir='ltr'><strong>enim</strong></span> <span class='ocrx_word' id='word_1_86' title='bbox 1132 1188 1223 1241; x_wconf 90' lang='lat' dir='ltr'><strong>ille</strong></span> <span class='ocrx_word' id='word_1_87' title='bbox 1252 1186 1381 1240; x_wconf 86' lang='lat' dir='ltr'><strong>nihil</strong></span> <span class='ocrx_word' id='word_1_88' title='bbox 1409 1185 1610 1255; x_wconf 89' lang='lat' dir='ltr'><strong>grande</strong></span> <span class='ocrx_word' id='word_1_89' title='bbox 1634 1183 1835 1247; x_wconf 81' lang='lat' dir='ltr'><strong>fecerit,</strong></span> <span class='ocrx_word' id='word_1_90' title='bbox 1868 1182 2030 1237; x_wconf 91' lang='lat' dir='ltr'><strong>homo</strong></span> 
     </span>
    </p>
   </div>
   <div class='ocr_carea' id='block_1_12' title="bbox 441 1277 2028 1341">
    <p class='ocr_par' dir='ltr' id='par_1_12' title="bbox 441 1277 2028 1341">
     <span class='ocr_line' id='line_1_12' title="bbox 441 1277 2028 1341; baseline -0.004 -6"><span class='ocrx_word' id='word_1_91' title='bbox 441 1292 629 1336; x_wconf 85' lang='lat' dir='ltr'><strong>tamen</strong></span> <span class='ocrx_word' id='word_1_92' title='bbox 656 1290 739 1336; x_wconf 84' lang='lat' dir='ltr'><strong>est</strong></span> <span class='ocrx_word' id='word_1_93' title='bbox 767 1290 820 1335; x_wconf 91' lang='lat' dir='ltr'><strong>et</strong></span> <span class='ocrx_word' id='word_1_94' title='bbox 851 1280 1103 1334; x_wconf 89' lang='lat' dir='ltr'><strong>mundum</strong></span> <span class='ocrx_word' id='word_1_95' title='bbox 1128 1279 1371 1334; x_wconf 88' lang='lat' dir='ltr'><strong>eumdem</strong></span> <span class='ocrx_word' id='word_1_96' title='bbox 1400 1278 1620 1341; x_wconf 81' lang='lat' dir='ltr'><strong>habitat,</strong></span> <span class='ocrx_word' id='word_1_97' title='bbox 1647 1277 1893 1332; x_wconf 88' lang='lat' dir='ltr'><strong>eumdem</strong></span> <span class='ocrx_word' id='word_1_98' title='bbox 1940 1290 2028 1329; x_wconf 89' lang='lat' dir='ltr'><strong>so-</strong></span> 
     </span>
    </p>
   </div>
   <div class='ocr_carea' id='block_1_13' title="bbox 440 1366 2028 1441">
    <p class='ocr_par' dir='ltr' id='par_1_13' title="bbox 440 1366 2028 1441">
     <span class='ocr_line' id='line_1_13' title="bbox 440 1366 2028 1441; baseline -0.005 -16"><span class='ocrx_word' id='word_1_99' title='bbox 440 1372 552 1426; x_wconf 90' lang='lat' dir='ltr'><strong>lem</strong></span> <span class='ocrx_word' id='word_1_100' title='bbox 578 1371 813 1441; x_wconf 81' lang='lat' dir='ltr'><strong>reSpicit,</strong></span> <span class='ocrx_word' id='word_1_101' title='bbox 835 1371 1079 1425; x_wconf 79' lang='lat' dir='ltr'><strong>eamdem</strong></span> <span class='ocrx_word' id='word_1_102' title='bbox 1110 1370 1266 1423; x_wconf 85' lang='lat' dir='ltr'><strong>habet</strong></span> <span class='ocrx_word' id='word_1_103' title='bbox 1294 1369 1548 1431; x_wconf 88' lang='lat' dir='ltr'><strong>animam,</strong></span> <span class='ocrx_word' id='word_1_104' title='bbox 1572 1366 1818 1422; x_wconf 81' lang='lat' dir='ltr'><strong>eumdem</strong></span> <span class='ocrx_word' id='word_1_105' title='bbox 1849 1366 2028 1419; x_wconf 87' lang='lat' dir='ltr'><strong>Domi-</strong></span> 
     </span>
    </p>
   </div>
   <div class='ocr_carea' id='block_1_14' title="bbox 439 1455 2026 1530">
    <p class='ocr_par' dir='ltr' id='par_1_14' title="bbox 439 1455 2026 1530">
     <span class='ocr_line' id='line_1_14' title="bbox 439 1455 2026 1530; baseline -0.005 -13"><span class='ocrx_word' id='word_1_106' title='bbox 439 1480 595 1528; x_wconf 83' lang='lat' dir='ltr'><strong>num,</strong></span> <span class='ocrx_word' id='word_1_107' title='bbox 626 1463 934 1519; x_wconf 88' lang='lat' dir='ltr'><strong>eorumdem</strong></span> <span class='ocrx_word' id='word_1_108' title='bbox 976 1473 1147 1516; x_wconf 89' lang='lat' dir='ltr'><strong>tecum</strong></span> <span class='ocrx_word' id='word_1_109' title='bbox 1175 1461 1553 1530; x_wconf 83' lang='lat' dir='ltr'><strong>mysteriorum</strong></span> <span class='ocrx_word' id='word_1_110' title='bbox 1585 1473 1803 1512; x_wconf 85' lang='lat' dir='ltr'><strong>consors</strong></span> <span class='ocrx_word' id='word_1_111' title='bbox 1830 1467 1932 1521; x_wconf 90' lang='lat' dir='ltr'><strong>est,</strong></span> <span class='ocrx_word' id='word_1_112' title='bbox 1959 1455 2026 1510; x_wconf 89' lang='lat' dir='ltr'><strong>ad</strong></span> 
     </span>
    </p>
   </div>
   <div class='ocr_carea' id='block_1_15' title="bbox 440 1549 2028 1621">
    <p class='ocr_par' dir='ltr' id='par_1_15' title="bbox 440 1549 2028 1621">
     <span class='ocr_line' id='line_1_15' title="bbox 440 1549 2028 1621; baseline -0.006 -12"><span class='ocrx_word' id='word_1_113' title='bbox 440 1556 587 1610; x_wconf 87' lang='lat' dir='ltr'><strong>idem</strong></span> <span class='ocrx_word' id='word_1_114' title='bbox 618 1555 804 1609; x_wconf 65' lang='lat' dir='ltr'><strong>caelum</strong></span> <span class='ocrx_word' id='word_1_115' title='bbox 833 1562 1079 1619; x_wconf 88' lang='lat' dir='ltr'><strong>vocatur,</strong></span> <span class='ocrx_word' id='word_1_116' title='bbox 1116 1553 1204 1621; x_wconf 89' lang='lat' dir='ltr'><strong>jus</strong></span> <span class='ocrx_word' id='word_1_117' title='bbox 1239 1550 1439 1620; x_wconf 89' lang='lat' dir='ltr'><strong>grande</strong></span> <span class='ocrx_word' id='word_1_118' title='bbox 1478 1549 1678 1603; x_wconf 79' lang='lat' dir='ltr'><strong>habens</strong></span> <span class='ocrx_word' id='word_1_119' title='bbox 1699 1590 1715 1613; x_wconf 92' lang='lat'><strong>,</strong></span> <span class='ocrx_word' id='word_1_120' title='bbox 1744 1557 2028 1617; x_wconf 81' lang='lat' dir='ltr'><strong>pauperta-</strong></span> 
     </span>
    </p>
   </div>
   <div class='ocr_carea' id='block_1_16' title="bbox 439 1638 2023 1716">
    <p class='ocr_par' dir='ltr' id='par_1_16' title="bbox 439 1638 2023 1716">
     <span class='ocr_line' id='line_1_16' title="bbox 439 1638 2023 1716; baseline -0.006 -16"><span class='ocrx_word' id='word_1_121' title='bbox 439 1656 553 1702; x_wconf 88' lang='lat' dir='ltr'><strong>tem</strong></span> <span class='ocrx_word' id='word_1_122' title='bbox 578 1688 593 1715; x_wconf 87' lang='lat'><strong>,</strong></span> <span class='ocrx_word' id='word_1_123' title='bbox 624 1656 678 1701; x_wconf 87' lang='lat' dir='ltr'><strong>et</strong></span> <span class='ocrx_word' id='word_1_124' title='bbox 703 1646 845 1716; x_wconf 86' lang='lat' dir='ltr'><strong>quod</strong></span> <span class='ocrx_word' id='word_1_125' title='bbox 878 1644 1181 1699; x_wconf 79' lang='lat' dir='ltr'><strong>necessarie</strong></span> <span class='ocrx_word' id='word_1_126' title='bbox 1208 1644 1327 1697; x_wconf 90' lang='lat' dir='ltr'><strong>cibo</strong></span> <span class='ocrx_word' id='word_1_127' title='bbox 1352 1650 1525 1712; x_wconf 89' lang='lat' dir='ltr'><strong>egeat.</strong></span> <span class='ocrx_word' id='word_1_128' title='bbox 1554 1641 1703 1694; x_wconf 90' lang='lat' dir='ltr'><strong>Nunc</strong></span> <span class='ocrx_word' id='word_1_129' title='bbox 1728 1650 1905 1692; x_wconf 89' lang='lat' dir='ltr'><strong>autem</strong></span> <span class='ocrx_word' id='word_1_130' title='bbox 1934 1638 2023 1708; x_wconf 91' lang='lat' dir='ltr'><strong>qui</strong></span> 
     </span>
    </p>
   </div>
   <div class='ocr_carea' id='block_1_17' title="bbox 439 1731 2025 1805">
    <p class='ocr_par' dir='ltr' id='par_1_17' title="bbox 439 1731 2025 1805">
     <span class='ocr_line' id='line_1_17' title="bbox 439 1731 2025 1805; baseline -0.005 -15"><span class='ocrx_word' id='word_1_131' title='bbox 439 1745 499 1790; x_wconf 89' lang='lat' dir='ltr'><strong>te</strong></span> <span class='ocrx_word' id='word_1_132' title='bbox 524 1751 642 1789; x_wconf 91' lang='lat' dir='ltr'><strong>cum</strong></span> <span class='ocrx_word' id='word_1_133' title='bbox 671 1736 813 1789; x_wconf 89' lang='lat' dir='ltr'><strong>tibiis</strong></span> <span class='ocrx_word' id='word_1_134' title='bbox 842 1744 898 1789; x_wconf 90' lang='lat' dir='ltr'><strong>et</strong></span> <span class='ocrx_word' id='word_1_135' title='bbox 937 1734 1125 1788; x_wconf 79' lang='lat' dir='ltr'><strong>ﬁstulis</strong></span> <span class='ocrx_word' id='word_1_136' title='bbox 1156 1733 1363 1805; x_wconf 84' lang='lat' dir='ltr'><strong>byemis</strong></span> <span class='ocrx_word' id='word_1_137' title='bbox 1402 1742 1642 1801; x_wconf 86' lang='lat' dir='ltr'><strong>tempore</strong></span> <span class='ocrx_word' id='word_1_138' title='bbox 1674 1731 1907 1784; x_wconf 82' lang='lat' dir='ltr'><strong>excitant</strong></span> <span class='ocrx_word' id='word_1_139' title='bbox 1930 1769 1944 1793; x_wconf 94' lang='lat'><strong>,</strong></span> <span class='ocrx_word' id='word_1_140' title='bbox 1972 1737 2025 1782; x_wconf 90' lang='lat' dir='ltr'><strong>et</strong></span> 
     </span>
    </p>
   </div>
   <div class='ocr_carea' id='block_1_18' title="bbox 437 1820 2025 1894">
    <p class='ocr_par' dir='ltr' id='par_1_18' title="bbox 437 1820 2025 1894">
     <span class='ocr_line' id='line_1_18' title="bbox 437 1820 2025 1894; baseline -0.004 -15"><span class='ocrx_word' id='word_1_141' title='bbox 437 1827 641 1880; x_wconf 82' lang='lat' dir='ltr'><strong>frustra</strong></span> <span class='ocrx_word' id='word_1_142' title='bbox 676 1836 982 1894; x_wconf 89' lang='lat' dir='ltr'><strong>temereque</strong></span> <span class='ocrx_word' id='word_1_143' title='bbox 1021 1826 1112 1879; x_wconf 84' lang='lat' dir='ltr'><strong>tibi</strong></span> <span class='ocrx_word' id='word_1_144' title='bbox 1153 1824 1449 1878; x_wconf 83' lang='lat' dir='ltr'><strong>molestiam</strong></span> <span class='ocrx_word' id='word_1_145' title='bbox 1477 1830 1697 1885; x_wconf 88' lang='lat' dir='ltr'><strong>creant,</strong></span> <span class='ocrx_word' id='word_1_146' title='bbox 1729 1820 1911 1875; x_wconf 91' lang='lat' dir='ltr'><strong>multis</strong></span> <span class='ocrx_word' id='word_1_147' title='bbox 1946 1829 2025 1872; x_wconf 81' lang='lat' dir='ltr'><strong>ta-</strong></span> 
     </span>
    </p>
   </div>
   <div class='ocr_carea' id='block_1_19' title="bbox 438 1910 2025 1983">
    <p class='ocr_par' dir='ltr' id='par_1_19' title="bbox 438 1910 2025 1983">
     <span class='ocr_line' id='line_1_19' title="bbox 438 1910 2025 1983; baseline -0.004 -13"><span class='ocrx_word' id='word_1_148' title='bbox 438 1932 565 1970; x_wconf 86' lang='lat' dir='ltr'><strong>men</strong></span> <span class='ocrx_word' id='word_1_149' title='bbox 593 1932 624 1970; x_wconf 82' lang='lat' dir='ltr'><strong>a</strong></span> <span class='ocrx_word' id='word_1_150' title='bbox 651 1926 702 1971; x_wconf 91' lang='lat' dir='ltr'><strong>te</strong></span> <span class='ocrx_word' id='word_1_151' title='bbox 727 1918 900 1970; x_wconf 84' lang='lat' dir='ltr'><strong>ornati</strong></span> <span class='ocrx_word' id='word_1_152' title='bbox 927 1916 1237 1970; x_wconf 86' lang='lat' dir='ltr'><strong>muneribus</strong></span> <span class='ocrx_word' id='word_1_153' title='bbox 1273 1914 1561 1979; x_wconf 87' lang='lat' dir='ltr'><strong>recedunt;</strong></span> <span class='ocrx_word' id='word_1_154' title='bbox 1589 1922 1645 1967; x_wconf 88' lang='lat' dir='ltr'><strong>et</strong></span> <span class='ocrx_word' id='word_1_155' title='bbox 1668 1913 1756 1983; x_wconf 91' lang='lat' dir='ltr'><strong>qui</strong></span> <span class='ocrx_word' id='word_1_156' title='bbox 1786 1910 2025 1965; x_wconf 87' lang='lat' dir='ltr'><strong>hirundi-</strong></span> 
     </span>
    </p>
   </div>
   <div class='ocr_carea' id='block_1_20' title="bbox 438 2004 2025 2075">
    <p class='ocr_par' dir='ltr' id='par_1_20' title="bbox 438 2004 2025 2075">
     <span class='ocr_line' id='line_1_20' title="bbox 438 2004 2025 2075; baseline -0.003 -16"><span class='ocrx_word' id='word_1_157' title='bbox 438 2021 540 2059; x_wconf 88' lang='lat' dir='ltr'><strong>nes</strong></span> <span class='ocrx_word' id='word_1_158' title='bbox 564 2007 976 2074; x_wconf 85' lang='lat' dir='ltr'><strong>circumferunt,</strong></span> <span class='ocrx_word' id='word_1_159' title='bbox 1007 2004 1227 2075; x_wconf 82' lang='lat' dir='ltr'><strong>fuligine</strong></span> <span class='ocrx_word' id='word_1_160' title='bbox 1254 2004 1466 2059; x_wconf 90' lang='lat' dir='ltr'><strong>obducti</strong></span> <span class='ocrx_word' id='word_1_161' title='bbox 1490 2044 1505 2070; x_wconf 90' lang='lat'><strong>,</strong></span> <span class='ocrx_word' id='word_1_162' title='bbox 1534 2004 1623 2073; x_wconf 92' lang='lat' dir='ltr'><strong>qui</strong></span> <span class='ocrx_word' id='word_1_163' title='bbox 1650 2010 1939 2057; x_wconf 86' lang='lat' dir='ltr'><strong>scommata</strong></span> <span class='ocrx_word' id='word_1_164' title='bbox 1969 2010 2025 2055; x_wconf 87' lang='lat' dir='ltr'><strong>et</strong></span> 
     </span>
    </p>
   </div>
   <div class='ocr_carea' id='block_1_21' title="bbox 438 2096 2025 2164">
    <p class='ocr_par' dir='ltr' id='par_1_21' title="bbox 438 2096 2025 2164">
     <span class='ocr_line' id='line_1_21' title="bbox 438 2096 2025 2164; baseline 0 -16"><span class='ocrx_word' id='word_1_165' title='bbox 438 2097 722 2151; x_wconf 85' lang='lat' dir='ltr'><strong>maledicta</strong></span> <span class='ocrx_word' id='word_1_166' title='bbox 762 2100 815 2151; x_wconf 91' lang='lat' dir='ltr'><strong>in</strong></span> <span class='ocrx_word' id='word_1_167' title='bbox 855 2110 1042 2151; x_wconf 86' lang='lat' dir='ltr'><strong>omnes</strong></span> <span class='ocrx_word' id='word_1_168' title='bbox 1081 2096 1403 2163; x_wconf 88' lang='lat' dir='ltr'><strong>conjiciunt,</strong></span> <span class='ocrx_word' id='word_1_169' title='bbox 1450 2102 1769 2164; x_wconf 76' lang='lat' dir='ltr'><strong>portentosa:</strong></span> <span class='ocrx_word' id='word_1_170' title='bbox 1797 2106 2025 2148; x_wconf 82' lang='lat' dir='ltr'><strong>consue-</strong></span> 
     </span>
    </p>
   </div>
   <div class='ocr_carea' id='block_1_22' title="bbox 439 2186 2023 2254">
    <p class='ocr_par' dir='ltr' id='par_1_22' title="bbox 439 2186 2023 2254">
     <span class='ocr_line' id='line_1_22' title="bbox 439 2186 2023 2254; baseline -0.002 -13"><span class='ocrx_word' id='word_1_171' title='bbox 439 2188 639 2243; x_wconf 83' lang='lat' dir='ltr'><strong>tudinis</strong></span> <span class='ocrx_word' id='word_1_172' title='bbox 676 2187 978 2242; x_wconf 82' lang='lat' dir='ltr'><strong>mercedem</strong></span> <span class='ocrx_word' id='word_1_173' title='bbox 1021 2188 1304 2254; x_wconf 87' lang='lat' dir='ltr'><strong>accipiunt.</strong></span> <span class='ocrx_word' id='word_1_174' title='bbox 1351 2186 1408 2240; x_wconf 83' lang='lat' dir='ltr'><strong>Si</strong></span> <span class='ocrx_word' id='word_1_175' title='bbox 1450 2200 1578 2240; x_wconf 85' lang='lat' dir='ltr'><strong>vero</strong></span> <span class='ocrx_word' id='word_1_176' title='bbox 1620 2199 1822 2254; x_wconf 82' lang='lat' dir='ltr'><strong>pauper</strong></span> <span class='ocrx_word' id='word_1_177' title='bbox 1860 2199 2023 2253; x_wconf 82' lang='lat' dir='ltr'><strong>egens</strong></span> 
     </span>
    </p>
   </div>
   <div class='ocr_carea' id='block_1_23' title="bbox 440 2275 2022 2349">
    <p class='ocr_par' dir='ltr' id='par_1_23' title="bbox 440 2275 2022 2349">
     <span class='ocr_line' id='line_1_23' title="bbox 440 2275 2022 2349; baseline -0.003 -17"><span class='ocrx_word' id='word_1_178' title='bbox 440 2295 579 2349; x_wconf 86' lang='lat' dir='ltr'><strong>pane</strong></span> <span class='ocrx_word' id='word_1_179' title='bbox 604 2279 842 2343; x_wconf 88' lang='lat' dir='ltr'><strong>accedat,</strong></span> <span class='ocrx_word' id='word_1_180' title='bbox 874 2279 1018 2333; x_wconf 87' lang='lat' dir='ltr'><strong>mille</strong></span> <span class='ocrx_word' id='word_1_181' title='bbox 1048 2278 1193 2331; x_wconf 91' lang='lat' dir='ltr'><strong>illum</strong></span> <span class='ocrx_word' id='word_1_182' title='bbox 1224 2276 1540 2341; x_wconf 88' lang='lat' dir='ltr'><strong>maledictis,</strong></span> <span class='ocrx_word' id='word_1_183' title='bbox 1572 2275 1892 2345; x_wconf 88' lang='lat' dir='ltr'><strong>opprobriis,</strong></span> <span class='ocrx_word' id='word_1_184' title='bbox 1918 2277 2022 2329; x_wconf 91' lang='lat' dir='ltr'><strong>cri-</strong></span> 
     </span>
    </p>
   </div>
   <div class='ocr_carea' id='block_1_24' title="bbox 438 2368 2021 2438">
    <p class='ocr_par' dir='ltr' id='par_1_24' title="bbox 438 2368 2021 2438">
     <span class='ocr_line' id='line_1_24' title="bbox 438 2368 2021 2438; baseline -0.001 -16"><span class='ocrx_word' id='word_1_185' title='bbox 438 2370 673 2423; x_wconf 83' lang='lat' dir='ltr'><strong>minibus</strong></span> <span class='ocrx_word' id='word_1_186' title='bbox 712 2383 939 2434; x_wconf 78' lang='lat' dir='ltr'><strong>oneras,</strong></span> <span class='ocrx_word' id='word_1_187' title='bbox 974 2369 1293 2423; x_wconf 84' lang='lat' dir='ltr'><strong>otiositatem</strong></span> <span class='ocrx_word' id='word_1_188' title='bbox 1338 2368 1663 2438; x_wconf 78' lang='lat' dir='ltr'><strong>exprobras,</strong></span> <span class='ocrx_word' id='word_1_189' title='bbox 1694 2381 1793 2421; x_wconf 90' lang='lat' dir='ltr'><strong>nec</strong></span> <span class='ocrx_word' id='word_1_190' title='bbox 1821 2368 2021 2435; x_wconf 81' lang='lat' dir='ltr'><strong>cogitas</strong></span> 
     </span>
    </p>
   </div>
   <div class='ocr_carea' id='block_1_25' title="bbox 438 2460 2017 2529">
    <p class='ocr_par' dir='ltr' id='par_1_25' title="bbox 438 2460 2017 2529">
     <span class='ocr_line' id='line_1_25' title="bbox 438 2460 2017 2529; baseline -0.001 -17"><span class='ocrx_word' id='word_1_191' title='bbox 438 2469 493 2514; x_wconf 81' lang='lat' dir='ltr'><strong>te</strong></span> <span class='ocrx_word' id='word_1_192' title='bbox 520 2474 732 2529; x_wconf 89' lang='lat' dir='ltr'><strong>quoque</strong></span> <span class='ocrx_word' id='word_1_193' title='bbox 759 2460 990 2513; x_wconf 87' lang='lat' dir='ltr'><strong>otiosum</strong></span> <span class='ocrx_word' id='word_1_194' title='bbox 1016 2474 1156 2525; x_wconf 86' lang='lat' dir='ltr'><strong>esse,</strong></span> <span class='ocrx_word' id='word_1_195' title='bbox 1189 2469 1243 2514; x_wconf 91' lang='lat' dir='ltr'><strong>et</strong></span> <span class='ocrx_word' id='word_1_196' title='bbox 1278 2469 1453 2514; x_wconf 87' lang='lat' dir='ltr'><strong>tamen</strong></span> <span class='ocrx_word' id='word_1_197' title='bbox 1483 2460 1646 2513; x_wconf 89' lang='lat' dir='ltr'><strong>Deum</strong></span> <span class='ocrx_word' id='word_1_198' title='bbox 1677 2460 1768 2513; x_wconf 87' lang='lat' dir='ltr'><strong>tibi</strong></span> <span class='ocrx_word' id='word_1_199' title='bbox 1799 2473 2017 2512; x_wconf 88' lang='lat' dir='ltr'><strong>munera</strong></span> 
     </span>
    </p>
   </div>
   <div class='ocr_carea' id='block_1_26' title="bbox 437 2549 2019 2620">
    <p class='ocr_par' dir='ltr' id='par_1_26' title="bbox 437 2549 2019 2620">
     <span class='ocr_line' id='line_1_26' title="bbox 437 2549 2019 2620; baseline 0.001 -15"><span class='ocrx_word' id='word_1_200' title='bbox 437 2559 495 2605; x_wconf 81' lang='lat' dir='ltr'><strong>et</strong></span> <span class='ocrx_word' id='word_1_201' title='bbox 531 2550 670 2606; x_wconf 87' lang='lat' dir='ltr'><strong>dona</strong></span> <span class='ocrx_word' id='word_1_202' title='bbox 712 2550 972 2620; x_wconf 83' lang='lat' dir='ltr'><strong>praebere.</strong></span> <span class='ocrx_word' id='word_1_203' title='bbox 1014 2549 1089 2604; x_wconf 90' lang='lat' dir='ltr'><strong>Ne</strong></span> <span class='ocrx_word' id='word_1_204' title='bbox 1126 2550 1257 2605; x_wconf 83' lang='lat' dir='ltr'><strong>mihi</strong></span> <span class='ocrx_word' id='word_1_205' title='bbox 1294 2551 1435 2605; x_wconf 88' lang='lat' dir='ltr'><strong>enim</strong></span> <span class='ocrx_word' id='word_1_206' title='bbox 1474 2552 1705 2616; x_wconf 83' lang='lat' dir='ltr'><strong>dixeris,</strong></span> <span class='ocrx_word' id='word_1_207' title='bbox 1741 2560 1794 2606; x_wconf 89' lang='lat' dir='ltr'><strong>te</strong></span> <span class='ocrx_word' id='word_1_208' title='bbox 1820 2552 2019 2620; x_wconf 89' lang='lat' dir='ltr'><strong>aliquid</strong></span> 
     </span>
    </p>
   </div>
   <div class='ocr_carea' id='block_1_27' title="bbox 437 2641 2019 2712">
    <p class='ocr_par' dir='ltr' id='par_1_27' title="bbox 437 2641 2019 2712">
     <span class='ocr_line' id='line_1_27' title="bbox 437 2641 2019 2712; baseline 0.001 -18"><span class='ocrx_word' id='word_1_209' title='bbox 437 2641 684 2709; x_wconf 83' lang='lat' dir='ltr'><strong>operari;</strong></span> <span class='ocrx_word' id='word_1_210' title='bbox 716 2641 808 2695; x_wconf 88' lang='lat' dir='ltr'><strong>sed</strong></span> <span class='ocrx_word' id='word_1_211' title='bbox 839 2641 966 2694; x_wconf 90' lang='lat' dir='ltr'><strong>mihi</strong></span> <span class='ocrx_word' id='word_1_212' title='bbox 992 2641 1317 2708; x_wconf 85' lang='lat' dir='ltr'><strong>demonstra,</strong></span> <span class='ocrx_word' id='word_1_213' title='bbox 1351 2649 1403 2695; x_wconf 87' lang='lat' dir='ltr'><strong>te</strong></span> <span class='ocrx_word' id='word_1_214' title='bbox 1434 2641 1627 2712; x_wconf 83' lang='lat' dir='ltr'><strong>aliquid</strong></span> <span class='ocrx_word' id='word_1_215' title='bbox 1660 2643 2019 2696; x_wconf 86' lang='lat' dir='ltr'><strong>necessarium</strong></span> 
     </span>
    </p>
   </div>
   <div class='ocr_carea' id='block_1_28' title="bbox 438 2731 2017 2802">
    <p class='ocr_par' dir='ltr' id='par_1_28' title="bbox 438 2731 2017 2802">
     <span class='ocr_line' id='line_1_28' title="bbox 438 2731 2017 2802; baseline 0.001 -17"><span class='ocrx_word' id='word_1_216' title='bbox 438 2732 618 2785; x_wconf 78' lang='lat' dir='ltr'><strong>facere</strong></span> <span class='ocrx_word' id='word_1_217' title='bbox 643 2742 697 2785; x_wconf 91' lang='lat' dir='ltr'><strong>et</strong></span> <span class='ocrx_word' id='word_1_218' title='bbox 724 2740 971 2787; x_wconf 88' lang='lat' dir='ltr'><strong>tractare.</strong></span> <span class='ocrx_word' id='word_1_219' title='bbox 1006 2731 1099 2786; x_wconf 88' lang='lat' dir='ltr'><strong>Sin</strong></span> <span class='ocrx_word' id='word_1_220' title='bbox 1140 2732 1267 2786; x_wconf 88' lang='lat' dir='ltr'><strong>mihi</strong></span> <span class='ocrx_word' id='word_1_221' title='bbox 1298 2733 1498 2788; x_wconf 74' lang='lat' dir='ltr'><strong>dixeris</strong></span> <span class='ocrx_word' id='word_1_222' title='bbox 1529 2742 1579 2787; x_wconf 88' lang='lat' dir='ltr'><strong>te</strong></span> <span class='ocrx_word' id='word_1_223' title='bbox 1608 2737 1816 2801; x_wconf 85' lang='lat' dir='ltr'><strong>negotia</strong></span> <span class='ocrx_word' id='word_1_224' title='bbox 1854 2748 2017 2802; x_wconf 79' lang='lat' dir='ltr'><strong>pecu-</strong></span> 
     </span>
    </p>
   </div>
   <div class='ocr_carea' id='block_1_29' title="bbox 438 2822 2017 2890">
    <p class='ocr_par' dir='ltr' id='par_1_29' title="bbox 438 2822 2017 2890">
     <span class='ocr_line' id='line_1_29' title="bbox 438 2822 2017 2890; baseline 0.001 -16"><span class='ocrx_word' id='word_1_225' title='bbox 438 2822 605 2875; x_wconf 85' lang='lat' dir='ltr'><strong>niaria</strong></span> <span class='ocrx_word' id='word_1_226' title='bbox 631 2830 686 2876; x_wconf 87' lang='lat' dir='ltr'><strong>et</strong></span> <span class='ocrx_word' id='word_1_227' title='bbox 711 2823 1085 2890; x_wconf 85' lang='lat' dir='ltr'><strong>cauponariam</strong></span> <span class='ocrx_word' id='word_1_228' title='bbox 1113 2838 1384 2887; x_wconf 84' lang='lat' dir='ltr'><strong>exercere,</strong></span> <span class='ocrx_word' id='word_1_229' title='bbox 1412 2838 1617 2877; x_wconf 89' lang='lat' dir='ltr'><strong>necnon</strong></span> <span class='ocrx_word' id='word_1_230' title='bbox 1658 2822 1891 2877; x_wconf 79' lang='lat' dir='ltr'><strong>Studium</strong></span> <span class='ocrx_word' id='word_1_231' title='bbox 1920 2839 2017 2877; x_wconf 83' lang='lat' dir='ltr'><strong>eu-</strong></span> 
     </span>
    </p>
   </div>
   <div class='ocr_carea' id='block_1_30' title="bbox 437 2913 2018 2985">
    <p class='ocr_par' dir='ltr' id='par_1_30' title="bbox 437 2913 2018 2985">
     <span class='ocr_line' id='line_1_30' title="bbox 437 2913 2018 2985; baseline 0.003 -18"><span class='ocrx_word' id='word_1_232' title='bbox 437 2913 620 2967; x_wconf 67' lang='lat' dir='ltr'><strong>randae</strong></span> <span class='ocrx_word' id='word_1_233' title='bbox 642 2923 694 2967; x_wconf 86' lang='lat' dir='ltr'><strong>et</strong></span> <span class='ocrx_word' id='word_1_234' title='bbox 720 2914 972 2982; x_wconf 62' lang='lat' dir='ltr'><strong>augendae</strong></span> <span class='ocrx_word' id='word_1_235' title='bbox 998 2915 1073 2969; x_wconf 91' lang='lat' dir='ltr'><strong>rei</strong></span> <span class='ocrx_word' id='word_1_236' title='bbox 1102 2914 1395 2980; x_wconf 81' lang='lat' dir='ltr'><strong>familiaris,</strong></span> <span class='ocrx_word' id='word_1_237' title='bbox 1426 2916 1759 2985; x_wconf 90' lang='lat' dir='ltr'><strong>respondebo</strong></span> <span class='ocrx_word' id='word_1_238' title='bbox 1786 2916 1877 2970; x_wconf 87' lang='lat' dir='ltr'><strong>tibi</strong></span> <span class='ocrx_word' id='word_1_239' title='bbox 1905 2916 2018 2971; x_wconf 60' lang='lat' dir='ltr'><strong>hac</strong></span> 
     </span>
    </p>
   </div>
   <div class='ocr_carea' id='block_1_31' title="bbox 439 3004 2015 3078">
    <p class='ocr_par' dir='ltr' id='par_1_31' title="bbox 439 3004 2015 3078">
     <span class='ocr_line' id='line_1_31' title="bbox 439 3004 2015 3078; baseline 0.002 -21"><span class='ocrx_word' id='word_1_240' title='bbox 439 3019 545 3057; x_wconf 87' lang='lat' dir='ltr'><strong>non</strong></span> <span class='ocrx_word' id='word_1_241' title='bbox 575 3018 692 3059; x_wconf 89' lang='lat' dir='ltr'><strong>esse</strong></span> <span class='ocrx_word' id='word_1_242' title='bbox 720 3019 881 3072; x_wconf 85' lang='lat' dir='ltr'><strong>opera</strong></span> <span class='ocrx_word' id='word_1_243' title='bbox 900 3044 913 3068; x_wconf 94' lang='lat'><strong>,</strong></span> <span class='ocrx_word' id='word_1_244' title='bbox 941 3004 1033 3058; x_wconf 87' lang='lat' dir='ltr'><strong>sed</strong></span> <span class='ocrx_word' id='word_1_245' title='bbox 1062 3020 1186 3059; x_wconf 89' lang='lat' dir='ltr'><strong>vere</strong></span> <span class='ocrx_word' id='word_1_246' title='bbox 1220 3021 1380 3074; x_wconf 87' lang='lat' dir='ltr'><strong>opera</strong></span> <span class='ocrx_word' id='word_1_247' title='bbox 1419 3021 1539 3060; x_wconf 90' lang='lat' dir='ltr'><strong>esse</strong></span> <span class='ocrx_word' id='word_1_248' title='bbox 1583 3008 1978 3078; x_wconf 80' lang='lat' dir='ltr'><strong>eleemosynam</strong></span> <span class='ocrx_word' id='word_1_249' title='bbox 2000 3048 2015 3072; x_wconf 92' lang='lat'><strong>,</strong></span> 
     </span>
    </p>
   </div>
   <div class='ocr_carea' id='block_1_32' title="bbox 437 3094 2020 3165">
    <p class='ocr_par' dir='ltr' id='par_1_32' title="bbox 437 3094 2020 3165">
     <span class='ocr_line' id='line_1_32' title="bbox 437 3094 2020 3165; baseline -0.003 -16"><span class='ocrx_word' id='word_1_250' title='bbox 437 3097 731 3150; x_wconf 87' lang='lat' dir='ltr'><strong>orationem</strong></span> <span class='ocrx_word' id='word_1_251' title='bbox 755 3137 771 3161; x_wconf 93' lang='lat'><strong>,</strong></span> <span class='ocrx_word' id='word_1_252' title='bbox 804 3096 1049 3149; x_wconf 69' lang='lat' dir='ltr'><strong>lmsorum</strong></span> <span class='ocrx_word' id='word_1_253' title='bbox 1081 3096 1430 3163; x_wconf 85' lang='lat' dir='ltr'><strong>patrocinium</strong></span> <span class='ocrx_word' id='word_1_254' title='bbox 1458 3104 1511 3150; x_wconf 91' lang='lat' dir='ltr'><strong>et</strong></span> <span class='ocrx_word' id='word_1_255' title='bbox 1539 3094 1728 3149; x_wconf 88' lang='lat' dir='ltr'><strong>similia</strong></span> <span class='ocrx_word' id='word_1_256' title='bbox 1750 3137 1764 3160; x_wconf 91' lang='lat'><strong>,</strong></span> <span class='ocrx_word' id='word_1_257' title='bbox 1794 3098 1844 3148; x_wconf 89' lang='lat' dir='ltr'><strong>in</strong></span> <span class='ocrx_word' id='word_1_258' title='bbox 1872 3111 2020 3165; x_wconf 84' lang='lat' dir='ltr'><strong>quo-</strong></span> 
     </span>
    </p>
   </div>
   <div class='ocr_carea' id='block_1_33' title="bbox 437 3186 2019 3253">
    <p class='ocr_par' dir='ltr' id='par_1_33' title="bbox 437 3186 2019 3253">
     <span class='ocr_line' id='line_1_33' title="bbox 437 3186 2019 3253; baseline -0.001 -12"><span class='ocrx_word' id='word_1_259' title='bbox 437 3203 556 3241; x_wconf 88' lang='lat' dir='ltr'><strong>rum</strong></span> <span class='ocrx_word' id='word_1_260' title='bbox 597 3187 796 3239; x_wconf 89' lang='lat' dir='ltr'><strong>incuria</strong></span> <span class='ocrx_word' id='word_1_261' title='bbox 826 3187 983 3239; x_wconf 85' lang='lat' dir='ltr'><strong>vitam</strong></span> <span class='ocrx_word' id='word_1_262' title='bbox 1029 3194 1285 3253; x_wconf 83' lang='lat' dir='ltr'><strong>perpetuo</strong></span> <span class='ocrx_word' id='word_1_263' title='bbox 1318 3186 1543 3253; x_wconf 82' lang='lat' dir='ltr'><strong>agimus.</strong></span> <span class='ocrx_word' id='word_1_264' title='bbox 1580 3186 1829 3240; x_wconf 83' lang='lat' dir='ltr'><strong>Attamen</strong></span> <span class='ocrx_word' id='word_1_265' title='bbox 1862 3203 2019 3240; x_wconf 78' lang='lat' dir='ltr'><strong>num-</strong></span> 
     </span>
    </p>
   </div>
   <div class='ocr_carea' id='block_1_34' title="bbox 438 3273 2020 3344">
    <p class='ocr_par' dir='ltr' id='par_1_34' title="bbox 438 3273 2020 3344">
     <span class='ocr_line' id='line_1_34' title="bbox 438 3273 2020 3344; baseline 0 -16"><span class='ocrx_word' id='word_1_266' title='bbox 438 3292 597 3344; x_wconf 88' lang='lat' dir='ltr'><strong>quam</strong></span> <span class='ocrx_word' id='word_1_267' title='bbox 622 3275 753 3328; x_wconf 83' lang='lat' dir='ltr'><strong>dixit</strong></span> <span class='ocrx_word' id='word_1_268' title='bbox 781 3273 933 3327; x_wconf 81' lang='lat' dir='ltr'><strong>nobis</strong></span> <span class='ocrx_word' id='word_1_269' title='bbox 960 3275 1114 3340; x_wconf 87' lang='lat' dir='ltr'><strong>Deus,</strong></span> <span class='ocrx_word' id='word_1_270' title='bbox 1139 3274 1272 3341; x_wconf 87' lang='lat' dir='ltr'><strong>Quia</strong></span> <span class='ocrx_word' id='word_1_271' title='bbox 1298 3274 1353 3327; x_wconf 89' lang='lat' dir='ltr'><strong>in</strong></span> <span class='ocrx_word' id='word_1_272' title='bbox 1373 3275 1485 3329; x_wconf 84' lang='lat' dir='ltr'><strong>otio</strong></span> <span class='ocrx_word' id='word_1_273' title='bbox 1506 3274 1675 3343; x_wconf 87' lang='lat' dir='ltr'><strong>degis,</strong></span> <span class='ocrx_word' id='word_1_274' title='bbox 1704 3289 1808 3328; x_wconf 87' lang='lat' dir='ltr'><strong>non</strong></span> <span class='ocrx_word' id='word_1_275' title='bbox 1831 3290 2020 3329; x_wconf 85' lang='lat' dir='ltr'><strong>accen-</strong></span> 
     </span>
    </p>
   </div>
   <div class='ocr_carea' id='block_1_35' title="bbox 436 3364 2014 3434">
    <p class='ocr_par' dir='ltr' id='par_1_35' title="bbox 436 3364 2014 3434">
     <span class='ocr_line' id='line_1_35' title="bbox 436 3364 2014 3434; baseline -0.002 -13"><span class='ocrx_word' id='word_1_276' title='bbox 436 3369 561 3421; x_wconf 87' lang='lat' dir='ltr'><strong>dam</strong></span> <span class='ocrx_word' id='word_1_277' title='bbox 591 3366 681 3419; x_wconf 90' lang='lat' dir='ltr'><strong>tibi</strong></span> <span class='ocrx_word' id='word_1_278' title='bbox 709 3365 905 3429; x_wconf 85' lang='lat' dir='ltr'><strong>solem;</strong></span> <span class='ocrx_word' id='word_1_279' title='bbox 937 3365 1061 3433; x_wconf 83' lang='lat' dir='ltr'><strong>quia</strong></span> <span class='ocrx_word' id='word_1_280' title='bbox 1090 3379 1160 3418; x_wconf 77' lang='lat' dir='ltr'><strong>ex</strong></span> <span class='ocrx_word' id='word_1_281' title='bbox 1192 3364 1509 3419; x_wconf 85' lang='lat' dir='ltr'><strong>necessariis</strong></span> <span class='ocrx_word' id='word_1_282' title='bbox 1534 3364 1662 3418; x_wconf 85' lang='lat' dir='ltr'><strong>nihil</strong></span> <span class='ocrx_word' id='word_1_283' title='bbox 1688 3365 2014 3434; x_wconf 82' lang='lat' dir='ltr'><strong>exsequeris,</strong></span> 
     </span>
    </p>
   </div>
   <div class='ocr_carea' id='block_1_36' title="bbox 439 3457 2021 3525">
    <p class='ocr_par' dir='ltr' id='par_1_36' title="bbox 439 3457 2021 3525">
     <span class='ocr_line' id='line_1_36' title="bbox 439 3457 2021 3525; baseline -0.001 -14"><span class='ocrx_word' id='word_1_284' title='bbox 439 3461 617 3512; x_wconf 89' lang='lat' dir='ltr'><strong>lunam</strong></span> <span class='ocrx_word' id='word_1_285' title='bbox 664 3458 754 3511; x_wconf 88' lang='lat' dir='ltr'><strong>tibi</strong></span> <span class='ocrx_word' id='word_1_286' title='bbox 800 3457 1165 3525; x_wconf 77' lang='lat' dir='ltr'><strong>exstinguam,</strong></span> <span class='ocrx_word' id='word_1_287' title='bbox 1194 3465 1349 3511; x_wconf 62' lang='lat' dir='ltr'><strong>terrae</strong></span> <span class='ocrx_word' id='word_1_288' title='bbox 1387 3464 1594 3510; x_wconf 89' lang='lat' dir='ltr'><strong>uterum</strong></span> <span class='ocrx_word' id='word_1_289' title='bbox 1632 3457 1864 3511; x_wconf 89' lang='lat' dir='ltr'><strong>sterilem</strong></span> <span class='ocrx_word' id='word_1_290' title='bbox 1894 3457 2021 3511; x_wconf 88' lang='lat' dir='ltr'><strong>red-</strong></span> 
     </span>
    </p>
   </div>
   <div class='ocr_carea' id='block_1_37' title="bbox 438 3547 2014 3617">
    <p class='ocr_par' dir='ltr' id='par_1_37' title="bbox 438 3547 2014 3617">
     <span class='ocr_line' id='line_1_37' title="bbox 438 3547 2014 3617; baseline -0.002 -13"><span class='ocrx_word' id='word_1_291' title='bbox 438 3550 583 3615; x_wconf 92' lang='lat' dir='ltr'><strong>dam,</strong></span> <span class='ocrx_word' id='word_1_292' title='bbox 613 3548 853 3603; x_wconf 83' lang='lat' dir='ltr'><strong>retinebo</strong></span> <span class='ocrx_word' id='word_1_293' title='bbox 882 3558 1086 3617; x_wconf 88' lang='lat' dir='ltr'><strong>stagna,</strong></span> <span class='ocrx_word' id='word_1_294' title='bbox 1114 3547 1308 3613; x_wconf 84' lang='lat' dir='ltr'><strong>fontes,</strong></span> <span class='ocrx_word' id='word_1_295' title='bbox 1337 3548 1572 3613; x_wconf 84' lang='lat' dir='ltr'><strong>flumina,</strong></span> <span class='ocrx_word' id='word_1_296' title='bbox 1601 3548 1791 3602; x_wconf 87' lang='lat' dir='ltr'><strong>delebo</strong></span> <span class='ocrx_word' id='word_1_297' title='bbox 1816 3564 2014 3613; x_wconf 90' lang='lat' dir='ltr'><strong>aerem,</strong></span> 
     </span>
    </p>
   </div>
   <div class='ocr_carea' id='block_1_38' title="bbox 440 3638 2021 3710">
    <p class='ocr_par' dir='ltr' id='par_1_38' title="bbox 440 3638 2021 3710">
     <span class='ocr_line' id='line_1_38' title="bbox 440 3638 2021 3710; baseline 0 -18"><span class='ocrx_word' id='word_1_298' title='bbox 440 3641 645 3710; x_wconf 84' lang='lat' dir='ltr'><strong>pluvias</strong></span> <span class='ocrx_word' id='word_1_299' title='bbox 688 3654 890 3693; x_wconf 88' lang='lat' dir='ltr'><strong>annuas</strong></span> <span class='ocrx_word' id='word_1_300' title='bbox 937 3639 1187 3693; x_wconf 85' lang='lat' dir='ltr'><strong>detinebo</strong></span> <span class='ocrx_word' id='word_1_301' title='bbox 1229 3656 1242 3690; x_wconf 93' lang='lat'>:</span> <span class='ocrx_word' id='word_1_302' title='bbox 1283 3653 1467 3691; x_wconf 89' lang='lat' dir='ltr'><strong>verum</strong></span> <span class='ocrx_word' id='word_1_303' title='bbox 1511 3638 1689 3693; x_wconf 88' lang='lat' dir='ltr'><strong>omnia</strong></span> <span class='ocrx_word' id='word_1_304' title='bbox 1734 3638 1821 3693; x_wconf 86' lang='lat' dir='ltr'><strong>ille</strong></span> <span class='ocrx_word' id='word_1_305' title='bbox 1870 3639 2021 3692; x_wconf 87' lang='lat' dir='ltr'><strong>nobis</strong></span> 
     </span>
    </p>
   </div>
   <div class='ocr_carea' id='block_1_39' title="bbox 438 3729 2018 3798">
    <p class='ocr_par' dir='ltr' id='par_1_39' title="bbox 438 3729 2018 3798">
     <span class='ocr_line' id='line_1_39' title="bbox 438 3729 2018 3798; baseline 0 -15"><span class='ocrx_word' id='word_1_306' title='bbox 438 3730 771 3785; x_wconf 84' lang='lat' dir='ltr'><strong>abundanter</strong></span> <span class='ocrx_word' id='word_1_307' title='bbox 809 3730 1127 3798; x_wconf 87' lang='lat' dir='ltr'><strong>suppeditat.</strong></span> <span class='ocrx_word' id='word_1_308' title='bbox 1160 3729 1487 3796; x_wconf 86' lang='lat' dir='ltr'><strong>Quibusdam</strong></span> <span class='ocrx_word' id='word_1_309' title='bbox 1526 3744 1656 3783; x_wconf 83' lang='lat' dir='ltr'><strong>vero</strong></span> <span class='ocrx_word' id='word_1_310' title='bbox 1698 3745 1801 3783; x_wconf 92' lang='lat' dir='ltr'><strong>non</strong></span> <span class='ocrx_word' id='word_1_311' title='bbox 1848 3731 2018 3784; x_wconf 90' lang='lat' dir='ltr'><strong>solum</strong></span> 
     </span>
    </p>
   </div>
   <div class='ocr_carea' id='block_1_40' title="bbox 441 3819 2021 3889">
    <p class='ocr_par' dir='ltr' id='par_1_40' title="bbox 441 3819 2021 3889">
     <span class='ocr_line' id='line_1_40' title="bbox 441 3819 2021 3889; baseline 0.001 -16"><span class='ocrx_word' id='word_1_312' title='bbox 441 3823 492 3874; x_wconf 91' lang='lat' dir='ltr'><strong>in</strong></span> <span class='ocrx_word' id='word_1_313' title='bbox 520 3822 631 3873; x_wconf 89' lang='lat' dir='ltr'><strong>otio</strong></span> <span class='ocrx_word' id='word_1_314' title='bbox 654 3820 991 3888; x_wconf 82' lang='lat' dir='ltr'><strong>degentibus,</strong></span> <span class='ocrx_word' id='word_1_315' title='bbox 1019 3819 1113 3873; x_wconf 85' lang='lat' dir='ltr'><strong>sed</strong></span> <span class='ocrx_word' id='word_1_316' title='bbox 1147 3820 1305 3873; x_wconf 90' lang='lat' dir='ltr'><strong>etiam</strong></span> <span class='ocrx_word' id='word_1_317' title='bbox 1345 3819 1484 3874; x_wconf 90' lang='lat' dir='ltr'><strong>male</strong></span> <span class='ocrx_word' id='word_1_318' title='bbox 1512 3820 1874 3889; x_wconf 84' lang='lat' dir='ltr'><strong>cperantibus,</strong></span> <span class='ocrx_word' id='word_1_319' title='bbox 1907 3820 2021 3875; x_wconf 70' lang='lat' dir='ltr'><strong>lucc</strong></span> 
     </span>
    </p>
   </div>
   <div class='ocr_carea' id='block_1_41' title="bbox 438 3911 2020 3981">
    <p class='ocr_par' dir='ltr' id='par_1_41' title="bbox 438 3911 2020 3981">
     <span class='ocr_line' id='line_1_41' title="bbox 438 3911 2020 3981; baseline 0.003 -17"><span class='ocrx_word' id='word_1_320' title='bbox 438 3912 638 3964; x_wconf 78' lang='lat' dir='ltr'><strong>affatim</strong></span> <span class='ocrx_word' id='word_1_321' title='bbox 668 3911 911 3980; x_wconf 79' lang='lat' dir='ltr'><strong>largitur.</strong></span> <span class='ocrx_word' id='word_1_322' title='bbox 945 3911 1079 3965; x_wconf 88' lang='lat' dir='ltr'><strong>Cum</strong></span> <span class='ocrx_word' id='word_1_323' title='bbox 1125 3913 1283 3981; x_wconf 85' lang='lat' dir='ltr'><strong>igitur</strong></span> <span class='ocrx_word' id='word_1_324' title='bbox 1324 3926 1611 3981; x_wconf 84' lang='lat' dir='ltr'><strong>pauperem</strong></span> <span class='ocrx_word' id='word_1_325' title='bbox 1639 3913 1835 3967; x_wconf 86' lang='lat' dir='ltr'><strong>videris</strong></span> <span class='ocrx_word' id='word_1_326' title='bbox 1868 3913 2020 3968; x_wconf 81' lang='lat' dir='ltr'><strong>dixe-</strong></span> 
     </span>
    </p>
   </div>
   <div class='ocr_carea' id='block_1_42' title="bbox 440 4001 2021 4070">
    <p class='ocr_par' dir='ltr' id='par_1_42' title="bbox 440 4001 2021 4070">
     <span class='ocr_line' id='line_1_42' title="bbox 440 4001 2021 4070; baseline 0.001 -14"><span class='ocrx_word' id='word_1_327' title='bbox 440 4003 619 4070; x_wconf 85' lang='lat' dir='ltr'><strong>risque</strong></span> <span class='ocrx_word' id='word_1_328' title='bbox 641 4042 656 4066; x_wconf 95' lang='lat'><strong>,</strong></span> <span class='ocrx_word' id='word_1_329' title='bbox 690 4001 992 4064; x_wconf 70' lang='lat' dir='ltr'><strong>Przefoeor,</strong></span> <span class='ocrx_word' id='word_1_330' title='bbox 1028 4016 1148 4054; x_wconf 90' lang='lat' dir='ltr'><strong>cum</strong></span> <span class='ocrx_word' id='word_1_331' title='bbox 1189 4002 1344 4056; x_wconf 80' lang='lat' dir='ltr'><strong>video</strong></span> <span class='ocrx_word' id='word_1_332' title='bbox 1384 4003 1524 4057; x_wconf 91' lang='lat' dir='ltr'><strong>hunc</strong></span> <span class='ocrx_word' id='word_1_333' title='bbox 1556 4003 1804 4070; x_wconf 87' lang='lat' dir='ltr'><strong>juvenem</strong></span> <span class='ocrx_word' id='word_1_334' title='bbox 1830 4042 1846 4067; x_wconf 91' lang='lat'><strong>,</strong></span> <span class='ocrx_word' id='word_1_335' title='bbox 1886 4003 2021 4058; x_wconf 85' lang='lat' dir='ltr'><strong>bene</strong></span> 
     </span>
    </p>
   </div>
   <div class='ocr_carea' id='block_1_43' title="bbox 439 4089 2021 4158">
    <p class='ocr_par' dir='ltr' id='par_1_43' title="bbox 439 4089 2021 4158">
     <span class='ocr_line' id='line_1_43' title="bbox 439 4089 2021 4158; baseline 0.005 -17"><span class='ocrx_word' id='word_1_336' title='bbox 439 4092 734 4158; x_wconf 84' lang='lat' dir='ltr'><strong>valentem,</strong></span> <span class='ocrx_word' id='word_1_337' title='bbox 768 4090 899 4145; x_wconf 89' lang='lat' dir='ltr'><strong>nihil</strong></span> <span class='ocrx_word' id='word_1_338' title='bbox 940 4089 1256 4157; x_wconf 88' lang='lat' dir='ltr'><strong>habentem,</strong></span> <span class='ocrx_word' id='word_1_339' title='bbox 1284 4092 1421 4146; x_wconf 84' lang='lat' dir='ltr'><strong>velle</strong></span> <span class='ocrx_word' id='word_1_340' title='bbox 1448 4093 1619 4146; x_wconf 90' lang='lat' dir='ltr'><strong>otioso</strong></span> <span class='ocrx_word' id='word_1_341' title='bbox 1643 4094 1743 4147; x_wconf 88' lang='lat' dir='ltr'><strong>sibi</strong></span> <span class='ocrx_word' id='word_1_342' title='bbox 1769 4094 2021 4149; x_wconf 86' lang='lat' dir='ltr'><strong>alimenta</strong></span> 
     </span>
    </p>
   </div>
   <div class='ocr_carea' id='block_1_44' title="bbox 438 4181 2021 4252">
    <p class='ocr_par' dir='ltr' id='par_1_44' title="bbox 438 4181 2021 4252">
     <span class='ocr_line' id='line_1_44' title="bbox 438 4181 2021 4252; baseline 0.003 -18"><span class='ocrx_word' id='word_1_343' title='bbox 438 4182 761 4252; x_wconf 84' lang='lat' dir='ltr'><strong>suppeditari</strong></span> <span class='ocrx_word' id='word_1_344' title='bbox 782 4198 797 4247; x_wconf 87' lang='lat'><strong>;</strong></span> <span class='ocrx_word' id='word_1_345' title='bbox 824 4182 959 4235; x_wconf 90' lang='lat' dir='ltr'><strong>forte</strong></span> <span class='ocrx_word' id='word_1_346' title='bbox 979 4196 1165 4237; x_wconf 84' lang='lat' dir='ltr'><strong>servus</strong></span> <span class='ocrx_word' id='word_1_347' title='bbox 1186 4181 1434 4252; x_wconf 80' lang='lat' dir='ltr'><strong>fugitivus</strong></span> <span class='ocrx_word' id='word_1_348' title='bbox 1452 4192 1534 4238; x_wconf 89' lang='lat' dir='ltr'><strong>est</strong></span> <span class='ocrx_word' id='word_1_349' title='bbox 1550 4184 1638 4252; x_wconf 89' lang='lat' dir='ltr'><strong>qui</strong></span> <span class='ocrx_word' id='word_1_350' title='bbox 1658 4183 1841 4237; x_wconf 85' lang='lat' dir='ltr'><strong>herum</strong></span> <span class='ocrx_word' id='word_1_351' title='bbox 1868 4199 2021 4238; x_wconf 89' lang='lat' dir='ltr'><strong>suum</strong></span> 
     </span>
    </p>
   </div>
   <div class='ocr_carea' id='block_1_45' title="bbox 439 4271 2021 4341">
    <p class='ocr_par' dir='ltr' id='par_1_45' title="bbox 439 4271 2021 4341">
     <span class='ocr_line' id='line_1_45' title="bbox 439 4271 2021 4341; baseline 0.001 -15"><span class='ocrx_word' id='word_1_352' title='bbox 439 4274 654 4341; x_wconf 87' lang='lat' dir='ltr'><strong>reliquit</strong></span> <span class='ocrx_word' id='word_1_353' title='bbox 682 4292 695 4325; x_wconf 90' lang='lat'><strong>:</strong></span> <span class='ocrx_word' id='word_1_354' title='bbox 726 4274 839 4326; x_wconf 74' lang='lat' dir='ltr'><strong>btcc</strong></span> <span class='ocrx_word' id='word_1_355' title='bbox 869 4273 979 4341; x_wconf 88' lang='lat' dir='ltr'><strong>ipsa</strong></span> <span class='ocrx_word' id='word_1_356' title='bbox 1009 4271 1100 4325; x_wconf 90' lang='lat' dir='ltr'><strong>tibi</strong></span> <span class='ocrx_word' id='word_1_357' title='bbox 1123 4272 1283 4326; x_wconf 84' lang='lat' dir='ltr'><strong>dicito</strong></span> <span class='ocrx_word' id='word_1_358' title='bbox 1308 4312 1322 4338; x_wconf 91' lang='lat'><strong>,</strong></span> <span class='ocrx_word' id='word_1_359' title='bbox 1349 4272 1456 4325; x_wconf 91' lang='lat' dir='ltr'><strong>imo</strong></span> <span class='ocrx_word' id='word_1_360' title='bbox 1482 4271 1547 4327; x_wconf 89' lang='lat' dir='ltr'><strong>da</strong></span> <span class='ocrx_word' id='word_1_361' title='bbox 1576 4273 1648 4326; x_wconf 86' lang='lat' dir='ltr'><strong>illi</strong></span> <span class='ocrx_word' id='word_1_362' title='bbox 1676 4272 1789 4327; x_wconf 68' lang='lat' dir='ltr'><strong>haec</strong></span> <span class='ocrx_word' id='word_1_363' title='bbox 1812 4273 1907 4327; x_wconf 91' lang='lat' dir='ltr'><strong>tibi</strong></span> <span class='ocrx_word' id='word_1_364' title='bbox 1935 4274 2021 4327; x_wconf 90' lang='lat' dir='ltr'><strong>di-</strong></span> 
     </span>
    </p>
   </div>
   <div class='ocr_carea' id='block_1_46' title="bbox 440 4363 2020 4433">
    <p class='ocr_par' dir='ltr' id='par_1_46' title="bbox 440 4363 2020 4433">
     <span class='ocr_line' id='line_1_46' title="bbox 440 4363 2020 4433; baseline 0.004 -20"><span class='ocrx_word' id='word_1_365' title='bbox 440 4366 592 4418; x_wconf 77' lang='lat' dir='ltr'><strong>cendi</strong></span> <span class='ocrx_word' id='word_1_366' title='bbox 620 4365 937 4429; x_wconf 89' lang='lat' dir='ltr'><strong>libertatem,</strong></span> <span class='ocrx_word' id='word_1_367' title='bbox 956 4364 1257 4433; x_wconf 88' lang='lat' dir='ltr'><strong>justiusque</strong></span> <span class='ocrx_word' id='word_1_368' title='bbox 1279 4363 1418 4417; x_wconf 87' lang='lat' dir='ltr'><strong>dicet</strong></span> <span class='ocrx_word' id='word_1_369' title='bbox 1440 4365 1530 4418; x_wconf 91' lang='lat' dir='ltr'><strong>tibi</strong></span> <span class='ocrx_word' id='word_1_370' title='bbox 1557 4364 1870 4427; x_wconf 84' lang='lat' dir='ltr'><strong>:Pra:focor,</strong></span> <span class='ocrx_word' id='word_1_371' title='bbox 1899 4380 2020 4419; x_wconf 91' lang='lat' dir='ltr'><strong>cum</strong></span> 
     </span>
    </p>
   </div>
   <div class='ocr_carea' id='block_1_47' title="bbox 440 4456 2019 4527">
    <p class='ocr_par' dir='ltr' id='par_1_47' title="bbox 440 4456 2019 4527">
     <span class='ocr_line' id='line_1_47' title="bbox 440 4456 2019 4527; baseline 0.001 -18"><span class='ocrx_word' id='word_1_372' title='bbox 440 4458 595 4511; x_wconf 61' lang='lat' dir='ltr'><strong>video</strong></span> <span class='ocrx_word' id='word_1_373' title='bbox 616 4466 687 4522; x_wconf 85' lang='lat' dir='ltr'><strong>te,</strong></span> <span class='ocrx_word' id='word_1_374' title='bbox 710 4471 870 4511; x_wconf 88' lang='lat' dir='ltr'><strong>sanus</strong></span> <span class='ocrx_word' id='word_1_375' title='bbox 893 4473 1013 4510; x_wconf 90' lang='lat' dir='ltr'><strong>cum</strong></span> <span class='ocrx_word' id='word_1_376' title='bbox 1039 4457 1133 4521; x_wconf 87' lang='lat' dir='ltr'><strong>sis,</strong></span> <span class='ocrx_word' id='word_1_377' title='bbox 1157 4457 1209 4510; x_wconf 91' lang='lat' dir='ltr'><strong>in</strong></span> <span class='ocrx_word' id='word_1_378' title='bbox 1236 4456 1345 4509; x_wconf 90' lang='lat' dir='ltr'><strong>otio</strong></span> <span class='ocrx_word' id='word_1_379' title='bbox 1368 4456 1583 4526; x_wconf 80' lang='lat' dir='ltr'><strong>degere,</strong></span> <span class='ocrx_word' id='word_1_380' title='bbox 1612 4471 1709 4509; x_wconf 76' lang='lat' dir='ltr'><strong>nec</strong></span> <span class='ocrx_word' id='word_1_381' title='bbox 1736 4458 2019 4527; x_wconf 85' lang='lat' dir='ltr'><strong>quidquam</strong></span> 
     </span>
    </p>
   </div>
   <div class='ocr_carea' id='block_1_48' title="bbox 441 4548 2021 4617">
    <p class='ocr_par' dir='ltr' id='par_1_48' title="bbox 441 4548 2021 4617">
     <span class='ocr_line' id='line_1_48' title="bbox 441 4548 2021 4617; baseline 0.001 -16"><span class='ocrx_word' id='word_1_382' title='bbox 441 4564 624 4602; x_wconf 82' lang='lat' dir='ltr'><strong>eorum</strong></span> <span class='ocrx_word' id='word_1_383' title='bbox 655 4563 773 4617; x_wconf 66' lang='lat' dir='ltr'><strong>qua:</strong></span> <span class='ocrx_word' id='word_1_384' title='bbox 800 4549 892 4602; x_wconf 87' lang='lat' dir='ltr'><strong>tibi</strong></span> <span class='ocrx_word' id='word_1_385' title='bbox 927 4549 1064 4602; x_wconf 90' lang='lat' dir='ltr'><strong>Deus</strong></span> <span class='ocrx_word' id='word_1_386' title='bbox 1094 4549 1345 4617; x_wconf 59' lang='lat' dir='ltr'><strong>praecepit</strong></span> <span class='ocrx_word' id='word_1_387' title='bbox 1370 4549 1607 4617; x_wconf 82' lang='lat' dir='ltr'><strong>exsequi,</strong></span> <span class='ocrx_word' id='word_1_388' title='bbox 1639 4548 1731 4603; x_wconf 87' lang='lat' dir='ltr'><strong>sed</strong></span> <span class='ocrx_word' id='word_1_389' title='bbox 1756 4566 1786 4602; x_wconf 88' lang='lat' dir='ltr'><strong>a</strong></span> <span class='ocrx_word' id='word_1_390' title='bbox 1816 4549 2021 4603; x_wconf 90' lang='lat' dir='ltr'><strong>Domini</strong></span> 
     </span>
    </p>
   </div>
   <div class='ocr_carea' id='block_1_49' title="bbox 445 4638 2018 4708">
    <p class='ocr_par' dir='ltr' id='par_1_49' title="bbox 445 4638 2018 4708">
     <span class='ocr_line' id='line_1_49' title="bbox 445 4638 2018 4708; baseline 0.003 -19"><span class='ocrx_word' id='word_1_391' title='bbox 445 4638 723 4707; x_wconf 64' lang='lat' dir='ltr'><strong>pra‘ceptis</strong></span> <span class='ocrx_word' id='word_1_392' title='bbox 760 4638 1031 4706; x_wconf 77' lang='lat' dir='ltr'><strong>fugitivum</strong></span> <span class='ocrx_word' id='word_1_393' title='bbox 1070 4639 1351 4692; x_wconf 89' lang='lat' dir='ltr'><strong>circumire</strong></span> <span class='ocrx_word' id='word_1_394' title='bbox 1387 4639 1439 4691; x_wconf 91' lang='lat' dir='ltr'><strong>in</strong></span> <span class='ocrx_word' id='word_1_395' title='bbox 1481 4640 1745 4708; x_wconf 87' lang='lat' dir='ltr'><strong>nequitia,</strong></span> <span class='ocrx_word' id='word_1_396' title='bbox 1776 4640 1923 4708; x_wconf 89' lang='lat' dir='ltr'><strong>quasi</strong></span> <span class='ocrx_word' id='word_1_397' title='bbox 1968 4641 2018 4695; x_wconf 88' lang='lat' dir='ltr'><strong>in</strong></span> 
     </span>
    </p>
   </div>
   <div class='ocr_carea' id='block_1_50' title="bbox 443 4728 2023 4799">
    <p class='ocr_par' dir='ltr' id='par_1_50' title="bbox 443 4728 2023 4799">
     <span class='ocr_line' id='line_1_50' title="bbox 443 4728 2023 4799; baseline 0.003 -18"><span class='ocrx_word' id='word_1_398' title='bbox 443 4729 614 4781; x_wconf 90' lang='lat' dir='ltr'><strong>aliena</strong></span> <span class='ocrx_word' id='word_1_399' title='bbox 643 4737 781 4782; x_wconf 88' lang='lat' dir='ltr'><strong>terra</strong></span> <span class='ocrx_word' id='word_1_400' title='bbox 808 4728 967 4780; x_wconf 88' lang='lat' dir='ltr'><strong>vitam</strong></span> <span class='ocrx_word' id='word_1_401' title='bbox 999 4737 1261 4796; x_wconf 86' lang='lat' dir='ltr'><strong>agentem,</strong></span> <span class='ocrx_word' id='word_1_402' title='bbox 1290 4728 1581 4793; x_wconf 88' lang='lat' dir='ltr'><strong>ebriosum,</strong></span> <span class='ocrx_word' id='word_1_403' title='bbox 1615 4731 1845 4799; x_wconf 76' lang='lat' dir='ltr'><strong>crapula:</strong></span> <span class='ocrx_word' id='word_1_404' title='bbox 1871 4730 2023 4785; x_wconf 83' lang='lat' dir='ltr'><strong>dedi-</strong></span> 
     </span>
    </p>
   </div>
   <div class='ocr_carea' id='block_1_51' title="bbox 445 4818 2017 4885">
    <p class='ocr_par' dir='ltr' id='par_1_51' title="bbox 445 4818 2017 4885">
     <span class='ocr_line' id='line_1_51' title="bbox 445 4818 2017 4885; baseline 0.003 -14"><span class='ocrx_word' id='word_1_405' title='bbox 445 4829 577 4880; x_wconf 87' lang='lat' dir='ltr'><strong>tum,</strong></span> <span class='ocrx_word' id='word_1_406' title='bbox 610 4818 797 4879; x_wconf 83' lang='lat' dir='ltr'><strong>furem,</strong></span> <span class='ocrx_word' id='word_1_407' title='bbox 831 4827 1114 4885; x_wconf 87' lang='lat' dir='ltr'><strong>raptorem,</strong></span> <span class='ocrx_word' id='word_1_408' title='bbox 1145 4820 1345 4873; x_wconf 88' lang='lat' dir='ltr'><strong>alienas</strong></span> <span class='ocrx_word' id='word_1_409' title='bbox 1382 4820 1779 4876; x_wconf 84' lang='lat' dir='ltr'><strong>subvertenlem</strong></span> <span class='ocrx_word' id='word_1_410' title='bbox 1810 4822 2017 4877; x_wconf 89' lang='lat' dir='ltr'><strong>domos.</strong></span> 
     </span>
    </p>
   </div>
   <div class='ocr_carea' id='block_1_52' title="bbox 442 4908 2016 4981">
    <p class='ocr_par' dir='ltr' id='par_1_52' title="bbox 442 4908 2016 4981">
     <span class='ocr_line' id='line_1_52' title="bbox 442 4908 2016 4981; baseline 0.003 -18"><span class='ocrx_word' id='word_1_411' title='bbox 442 4910 522 4963; x_wconf 77' lang='lat' dir='ltr'><strong>Tu</strong></span> <span class='ocrx_word' id='word_1_412' title='bbox 560 4924 647 4963; x_wconf 89' lang='lat' dir='ltr'><strong>me</strong></span> <span class='ocrx_word' id='word_1_413' title='bbox 672 4908 739 4963; x_wconf 89' lang='lat' dir='ltr'><strong>de</strong></span> <span class='ocrx_word' id='word_1_414' title='bbox 764 4908 873 4961; x_wconf 91' lang='lat' dir='ltr'><strong>otio</strong></span> <span class='ocrx_word' id='word_1_415' title='bbox 900 4923 1153 4974; x_wconf 86' lang='lat' dir='ltr'><strong>accusas,</strong></span> <span class='ocrx_word' id='word_1_416' title='bbox 1194 4925 1293 4979; x_wconf 82' lang='lat' dir='ltr'><strong>ego</strong></span> <span class='ocrx_word' id='word_1_417' title='bbox 1331 4920 1381 4964; x_wconf 90' lang='lat' dir='ltr'><strong>te</strong></span> <span class='ocrx_word' id='word_1_418' title='bbox 1420 4910 1486 4965; x_wconf 89' lang='lat' dir='ltr'><strong>de</strong></span> <span class='ocrx_word' id='word_1_419' title='bbox 1522 4914 1697 4979; x_wconf 82' lang='lat' dir='ltr'><strong>pravis</strong></span> <span class='ocrx_word' id='word_1_420' title='bbox 1733 4914 2016 4981; x_wconf 85' lang='lat' dir='ltr'><strong>operibus,</strong></span> 
     </span>
    </p>
   </div>
   <div class='ocr_carea' id='block_1_53' title="bbox 442 4998 2021 5074">
    <p class='ocr_par' dir='ltr' id='par_1_53' title="bbox 442 4998 2021 5074">
     <span class='ocr_line' id='line_1_53' title="bbox 442 4998 2021 5074; baseline 0.003 -20"><span class='ocrx_word' id='word_1_421' title='bbox 442 5000 654 5069; x_wconf 86' lang='lat' dir='ltr'><strong>quando</strong></span> <span class='ocrx_word' id='word_1_422' title='bbox 676 4998 963 5064; x_wconf 89' lang='lat' dir='ltr'><strong>insidiaris,</strong></span> <span class='ocrx_word' id='word_1_423' title='bbox 982 4999 1150 5067; x_wconf 88' lang='lat' dir='ltr'><strong>juras,</strong></span> <span class='ocrx_word' id='word_1_424' title='bbox 1174 5001 1434 5066; x_wconf 90' lang='lat' dir='ltr'><strong>mentiris,</strong></span> <span class='ocrx_word' id='word_1_425' title='bbox 1452 5002 1614 5070; x_wconf 86' lang='lat' dir='ltr'><strong>rapis,</strong></span> <span class='ocrx_word' id='word_1_426' title='bbox 1638 5004 2021 5074; x_wconf 88' lang='lat' dir='ltr'><strong>innumeraque</strong></span> 
     </span>
    </p>
   </div>
   <div class='ocr_carea' id='block_1_54' title="bbox 443 5091 1100 5163">
    <p class='ocr_par' dir='ltr' id='par_1_54' title="bbox 443 5091 1100 5163">
     <span class='ocr_line' id='line_1_54' title="bbox 443 5091 1100 5163; baseline -0.003 -17"><span class='ocrx_word' id='word_1_427' title='bbox 443 5091 806 5163; x_wconf 86' lang='lat' dir='ltr'><strong>hujuscemodi</strong></span> <span class='ocrx_word' id='word_1_428' title='bbox 842 5093 1100 5160; x_wconf 86' lang='lat' dir='ltr'><strong>Operaris.</strong></span> 
     </span>
    </p>
   </div>
   <div class='ocr_carea' id='block_1_55' title="bbox 512 5182 2016 5253">
    <p class='ocr_par' dir='ltr' id='par_1_55' title="bbox 512 5182 2016 5253">
     <span class='ocr_line' id='line_1_55' title="bbox 512 5182 2016 5253; baseline 0.001 -15"><span class='ocrx_word' id='word_1_429' title='bbox 512 5187 566 5239; x_wconf 64' lang='grc' dir='ltr'><strong>ΑΙ.</strong></span> <span class='ocrx_word' id='word_1_430' title='bbox 607 5184 942 5249; x_wconf 82' lang='lat' dir='ltr'><strong>Eleemosyna</strong></span> <span class='ocrx_word' id='word_1_431' title='bbox 974 5182 1252 5253; x_wconf 82' lang='lat' dir='ltr'><strong>eroganda.</strong></span> <span class='ocrx_word' id='word_1_432' title='bbox 1292 5183 1449 5239; x_wconf 73' lang='lat' dir='ltr'><strong>Vana:</strong></span> <span class='ocrx_word' id='word_1_433' title='bbox 1475 5186 1790 5240; x_wconf 84' lang='lat' dir='ltr'><strong>causationes</strong></span> <span class='ocrx_word' id='word_1_434' title='bbox 1839 5187 2016 5240; x_wconf 84' lang='lat' dir='ltr'><strong>redar-</strong></span> 
     </span>
    </p>
   </div>
   <div class='ocr_carea' id='block_1_56' title="bbox 444 5275 2021 5349">
    <p class='ocr_par' dir='ltr' id='par_1_56' title="bbox 444 5275 2021 5349">
     <span class='ocr_line' id='line_1_56' title="bbox 444 5275 2021 5349; baseline 0 -18"><span class='ocrx_word' id='word_1_435' title='bbox 444 5275 889 5347; x_wconf 82' lang='lat' dir='ltr'><strong>guuntur.—llaec</strong></span> <span class='ocrx_word' id='word_1_436' title='bbox 912 5291 1088 5329; x_wconf 77' lang='lat' dir='ltr'><strong>autem</strong></span> <span class='ocrx_word' id='word_1_437' title='bbox 1109 5276 1230 5330; x_wconf 88' lang='lat' dir='ltr'><strong>dico</strong></span> <span class='ocrx_word' id='word_1_438' title='bbox 1248 5292 1352 5330; x_wconf 92' lang='lat' dir='ltr'><strong>non</strong></span> <span class='ocrx_word' id='word_1_439' title='bbox 1371 5278 1512 5347; x_wconf 88' lang='lat' dir='ltr'><strong>quod</strong></span> <span class='ocrx_word' id='word_1_440' title='bbox 1530 5280 1729 5333; x_wconf 88' lang='lat' dir='ltr'><strong>otiosos</strong></span> <span class='ocrx_word' id='word_1_441' title='bbox 1753 5280 1868 5349; x_wconf 85' lang='lat' dir='ltr'><strong>lege</strong></span> <span class='ocrx_word' id='word_1_442' title='bbox 1893 5294 2021 5333; x_wconf 82' lang='lat' dir='ltr'><strong>cou-</strong></span> 
     </span>
    </p>
   </div>
   <div class='ocr_carea' id='block_1_57' title="bbox 446 5368 2020 5439">
    <p class='ocr_par' dir='ltr' id='par_1_57' title="bbox 446 5368 2020 5439">
     <span class='ocr_line' id='line_1_57' title="bbox 446 5368 2020 5439; baseline 0.001 -16"><span class='ocrx_word' id='word_1_443' title='bbox 446 5373 652 5424; x_wconf 86' lang='lat' dir='ltr'><strong>lirmem</strong></span> <span class='ocrx_word' id='word_1_444' title='bbox 679 5386 691 5422; x_wconf 91' lang='lat'><strong>:</strong></span> <span class='ocrx_word' id='word_1_445' title='bbox 720 5368 890 5433; x_wconf 90' lang='lat' dir='ltr'><strong>absit;</strong></span> <span class='ocrx_word' id='word_1_446' title='bbox 922 5383 1111 5422; x_wconf 91' lang='lat' dir='ltr'><strong>omnes</strong></span> <span class='ocrx_word' id='word_1_447' title='bbox 1141 5369 1335 5436; x_wconf 80' lang='lat' dir='ltr'><strong>quippe</strong></span> <span class='ocrx_word' id='word_1_448' title='bbox 1365 5371 1575 5437; x_wconf 89' lang='lat' dir='ltr'><strong>operari</strong></span> <span class='ocrx_word' id='word_1_449' title='bbox 1601 5371 1789 5439; x_wconf 89' lang='lat' dir='ltr'><strong>cupio:</strong></span> <span class='ocrx_word' id='word_1_450' title='bbox 1818 5371 2020 5424; x_wconf 88' lang='lat' dir='ltr'><strong>desidia</strong></span> 
     </span>
    </p>
   </div>
   <div class='ocr_carea' id='block_1_58' title="bbox 447 5458 2024 5530">
    <p class='ocr_par' dir='ltr' id='par_1_58' title="bbox 447 5458 2024 5530">
     <span class='ocr_line' id='line_1_58' title="bbox 447 5458 2024 5530; baseline -0.001 -15"><span class='ocrx_word' id='word_1_451' title='bbox 447 5462 590 5515; x_wconf 83' lang='lat' dir='ltr'><strong>enim</strong></span> <span class='ocrx_word' id='word_1_452' title='bbox 631 5475 790 5515; x_wconf 91' lang='lat' dir='ltr'><strong>omne</strong></span> <span class='ocrx_word' id='word_1_453' title='bbox 830 5459 1012 5513; x_wconf 87' lang='lat' dir='ltr'><strong>vitium</strong></span> <span class='ocrx_word' id='word_1_454' title='bbox 1044 5459 1265 5523; x_wconf 88' lang='lat' dir='ltr'><strong>edocet;</strong></span> <span class='ocrx_word' id='word_1_455' title='bbox 1299 5458 1394 5513; x_wconf 89' lang='lat' dir='ltr'><strong>sed</strong></span> <span class='ocrx_word' id='word_1_456' title='bbox 1424 5475 1554 5530; x_wconf 87' lang='lat' dir='ltr'><strong>rogo</strong></span> <span class='ocrx_word' id='word_1_457' title='bbox 1583 5477 1650 5515; x_wconf 89' lang='lat' dir='ltr'><strong>ne</strong></span> <span class='ocrx_word' id='word_1_458' title='bbox 1679 5462 1796 5515; x_wconf 85' lang='lat' dir='ltr'><strong>tluri</strong></span> <span class='ocrx_word' id='word_1_459' title='bbox 1828 5462 1910 5515; x_wconf 83' lang='lat' dir='ltr'><strong>vel</strong></span> <span class='ocrx_word' id='word_1_460' title='bbox 1942 5461 2024 5514; x_wconf 84' lang='lat' dir='ltr'><strong>in-</strong></span> 
     </span>
    </p>
   </div>
   <div class='ocr_carea' id='block_1_59' title="bbox 445 5550 2025 5622">
    <p class='ocr_par' dir='ltr' id='par_1_59' title="bbox 445 5550 2025 5622">
     <span class='ocr_line' id='line_1_59' title="bbox 445 5550 2025 5622; baseline 0 -16"><span class='ocrx_word' id='word_1_461' title='bbox 445 5553 658 5607; x_wconf 79' lang='lat' dir='ltr'><strong>humani</strong></span> <span class='ocrx_word' id='word_1_462' title='bbox 696 5554 830 5608; x_wconf 87' lang='lat' dir='ltr'><strong>sitis.</strong></span> <span class='ocrx_word' id='word_1_463' title='bbox 863 5550 1298 5620; x_wconf 84' lang='lat' dir='ltr'><strong>Quandoquidem</strong></span> <span class='ocrx_word' id='word_1_464' title='bbox 1347 5551 1540 5605; x_wconf 86' lang='lat' dir='ltr'><strong>Paulus</strong></span> <span class='ocrx_word' id='word_1_465' title='bbox 1583 5553 1746 5606; x_wconf 81' lang='lat' dir='ltr'><strong>mnlta</strong></span> <span class='ocrx_word' id='word_1_466' title='bbox 1792 5566 2025 5622; x_wconf 87' lang='lat' dir='ltr'><strong>conque-</strong></span> 
     </span>
    </p>
   </div>
   <div class='ocr_carea' id='block_1_60' title="bbox 445 5642 2016 5715">
    <p class='ocr_par' dir='ltr' id='par_1_60' title="bbox 445 5642 2016 5715">
     <span class='ocr_line' id='line_1_60' title="bbox 445 5642 2016 5715; baseline 0.002 -20"><span class='ocrx_word' id='word_1_467' title='bbox 445 5654 591 5706; x_wconf 83' lang='lat' dir='ltr'><strong>stus,</strong></span> <span class='ocrx_word' id='word_1_468' title='bbox 628 5658 748 5697; x_wconf 91' lang='lat' dir='ltr'><strong>cum</strong></span> <span class='ocrx_word' id='word_1_469' title='bbox 806 5644 1067 5712; x_wconf 81' lang='lat' dir='ltr'><strong>dixisset,</strong></span> <span class='ocrx_word' id='word_1_470' title='bbox 1115 5643 1174 5698; x_wconf 87' lang='lat' dir='ltr'><strong>Si</strong></span> <span class='ocrx_word' id='word_1_471' title='bbox 1213 5642 1323 5714; x_wconf 85' lang='lat' dir='ltr'><strong>quis</strong></span> <span class='ocrx_word' id='word_1_472' title='bbox 1363 5659 1461 5697; x_wconf 84' lang='lat' dir='ltr'><strong>non</strong></span> <span class='ocrx_word' id='word_1_473' title='bbox 1507 5644 1606 5697; x_wconf 78' lang='lat' dir='ltr'><strong>vult</strong></span> <span class='ocrx_word' id='word_1_474' title='bbox 1650 5644 1886 5715; x_wconf 83' lang='lat' dir='ltr'><strong>operari,</strong></span> <span class='ocrx_word' id='word_1_475' title='bbox 1928 5660 2016 5700; x_wconf 82' lang='lat' dir='ltr'><strong>nec</strong></span> 
     </span>
    </p>
   </div>
   <div class='ocr_carea' id='block_1_61' title="bbox 1374 247 2809 309">
    <p class='ocr_par' dir='ltr' id='par_1_61' title="bbox 1374 247 2809 309">
     <span class='ocr_line' id='line_1_61' title="bbox 1374 247 2809 309; baseline -0.003 -1"><span class='ocrx_word' id='word_1_476' title='bbox 1374 253 1439 309; x_wconf 89' lang='lat' dir='ltr'><strong>lN</strong></span> <span class='ocrx_word' id='word_1_477' title='bbox 1477 250 1880 308; x_wconf 68' lang='lat' dir='ltr'><strong>MATTILEUM</strong></span> <span class='ocrx_word' id='word_1_478' title='bbox 1922 248 2151 305; x_wconf 70' lang='lat' dir='ltr'><strong>HOMIL.</strong></span> <span class='ocrx_word' id='word_1_479' title='bbox 2195 247 2412 304; x_wconf 70' lang='lat' dir='ltr'><strong>XXXV.</strong></span> <span class='ocrx_word' id='word_1_480' title='bbox 2456 252 2525 306; x_wconf 88' lang='lat' dir='ltr'><strong>al.</strong></span> <span class='ocrx_word' id='word_1_481' title='bbox 2568 249 2809 307; x_wconf 73' lang='lat' dir='ltr'><strong>XXXVI.</strong></span> 
     </span>
    </p>
   </div>
   <div class='ocr_carea' id='block_1_62' title="bbox 3623 258 3728 311">
    <p class='ocr_par' dir='ltr' id='par_1_62' title="bbox 3623 258 3728 311">
     <span class='ocr_line' id='line_1_62' title="bbox 3623 258 3728 311; baseline 0.01 -1"><span class='ocrx_word' id='word_1_482' title='bbox 3623 258 3728 311; x_wconf 71' lang='lat' dir='ltr'><strong>M0</strong></span> 
     </span>
    </p>
   </div>
   <div class='ocr_carea' id='block_1_63' title="bbox 2146 362 3719 434">
    <p class='ocr_par' dir='ltr' id='par_1_63' title="bbox 2146 362 3719 434">
     <span class='ocr_line' id='line_1_63' title="bbox 2146 362 3719 434; baseline 0.004 -20"><span class='ocrx_word' id='word_1_483' title='bbox 2146 364 2412 416; x_wconf 81' lang='lat' dir='ltr'><strong>manducet</strong></span> <span class='ocrx_word' id='word_1_484' title='bbox 2462 362 2536 434; x_wconf 74' lang='lat'><strong>(2.</strong></span> <span class='ocrx_word' id='word_1_485' title='bbox 2589 363 2767 418; x_wconf 87' lang='lat' dir='ltr'><strong>Thess.</strong></span> <span class='ocrx_word' id='word_1_486' title='bbox 2809 365 2861 418; x_wconf 84' lang='lat'><strong>5.</strong></span> <span class='ocrx_word' id='word_1_487' title='bbox 2907 362 3157 430; x_wconf 76' lang='lat' dir='ltr'><strong>10):non</strong></span> <span class='ocrx_word' id='word_1_488' title='bbox 3202 366 3287 419; x_wconf 90' lang='lat' dir='ltr'><strong>hic</strong></span> <span class='ocrx_word' id='word_1_489' title='bbox 3330 365 3486 420; x_wconf 71' lang='lat' dir='ltr'><strong>linem</strong></span> <span class='ocrx_word' id='word_1_490' title='bbox 3516 367 3719 420; x_wconf 69' lang='lat' dir='ltr'><strong>tiitrt‘lllii</strong></span> 
     </span>
    </p>
   </div>
   <div class='ocr_carea' id='block_1_64' title="bbox 2143 454 3719 524">
    <p class='ocr_par' dir='ltr' id='par_1_64' title="bbox 2143 454 3719 524">
     <span class='ocr_line' id='line_1_64' title="bbox 2143 454 3719 524; baseline 0.001 -17"><span class='ocrx_word' id='word_1_491' title='bbox 2143 456 2299 520; x_wconf 82' lang='lat' dir='ltr'><strong>fecit,</strong></span> <span class='ocrx_word' id='word_1_492' title='bbox 2351 455 2443 509; x_wconf 86' lang='lat' dir='ltr'><strong>sed</strong></span> <span class='ocrx_word' id='word_1_493' title='bbox 2488 456 2719 523; x_wconf 82' lang='lat' dir='ltr'><strong>adjecit:</strong></span> <span class='ocrx_word' id='word_1_494' title='bbox 2765 454 2861 507; x_wconf 72' lang='lat' dir='ltr'><strong>Vos</strong></span> <span class='ocrx_word' id='word_1_495' title='bbox 2903 464 3070 508; x_wconf 84' lang='lat' dir='ltr'><strong>autem</strong></span> <span class='ocrx_word' id='word_1_496' title='bbox 3110 473 3208 510; x_wconf 85' lang='lat' dir='ltr'><strong>non</strong></span> <span class='ocrx_word' id='word_1_497' title='bbox 3250 458 3495 524; x_wconf 83' lang='lat' dir='ltr'><strong>deﬁciatis</strong></span> <span class='ocrx_word' id='word_1_498' title='bbox 3539 456 3719 510; x_wconf 78' lang='lat' dir='ltr'><strong>bonum</strong></span> 
     </span>
    </p>
   </div>
   <div class='ocr_carea' id='block_1_65' title="bbox 2142 544 3718 616">
    <p class='ocr_par' dir='ltr' id='par_1_65' title="bbox 2142 544 3718 616">
     <span class='ocr_line' id='line_1_65' title="bbox 2142 544 3718 616; baseline 0.003 -21"><span class='ocrx_word' id='word_1_499' title='bbox 2142 547 2380 615; x_wconf 77' lang='lat' dir='ltr'><strong>facientes</strong></span> <span class='ocrx_word' id='word_1_500' title='bbox 2414 544 2574 615; x_wconf 86' lang='lat' dir='ltr'><strong>(Ibid.</strong></span> <span class='ocrx_word' id='word_1_501' title='bbox 2604 562 2651 599; x_wconf 82' lang='grc' dir='ltr'><strong><em>υ.</em></strong></span> <span class='ocrx_word' id='word_1_502' title='bbox 2690 544 2802 615; x_wconf 75' lang='grc'><strong>15).</strong></span> <span class='ocrx_word' id='word_1_503' title='bbox 2853 546 3009 616; x_wconf 80' lang='lat' dir='ltr'><strong>Atqui</strong></span> <span class='ocrx_word' id='word_1_504' title='bbox 3044 546 3157 600; x_wconf 76' lang='lat' dir='ltr'><strong>hzcc</strong></span> <span class='ocrx_word' id='word_1_505' title='bbox 3186 549 3450 601; x_wconf 87' lang='lat' dir='ltr'><strong>contraria</strong></span> <span class='ocrx_word' id='word_1_506' title='bbox 3480 559 3620 603; x_wconf 89' lang='lat' dir='ltr'><strong>sunt.</strong></span> <span class='ocrx_word' id='word_1_507' title='bbox 3661 547 3718 600; x_wconf 90' lang='lat' dir='ltr'><strong>Si</strong></span> 
     </span>
    </p>
   </div>
   <div class='ocr_carea' id='block_1_66' title="bbox 2140 636 3715 704">
    <p class='ocr_par' dir='ltr' id='par_1_66' title="bbox 2140 636 3715 704">
     <span class='ocr_line' id='line_1_66' title="bbox 2140 636 3715 704; baseline 0.001 -15"><span class='ocrx_word' id='word_1_508' title='bbox 2140 636 2281 689; x_wconf 90' lang='lat' dir='ltr'><strong>enim</strong></span> <span class='ocrx_word' id='word_1_509' title='bbox 2313 636 2611 704; x_wconf 70' lang='lat' dir='ltr'><strong>prmcepisti</strong></span> <span class='ocrx_word' id='word_1_510' title='bbox 2638 650 2703 689; x_wconf 91' lang='lat' dir='ltr'><strong>nc</strong></span> <span class='ocrx_word' id='word_1_511' title='bbox 2730 636 3010 689; x_wconf 80' lang='lat' dir='ltr'><strong>comedunt</strong></span> <span class='ocrx_word' id='word_1_512' title='bbox 3034 637 3215 701; x_wconf 87' lang='lat' dir='ltr'><strong>otiosi,</strong></span> <span class='ocrx_word' id='word_1_513' title='bbox 3243 652 3335 690; x_wconf 90' lang='lat' dir='ltr'><strong>cur</strong></span> <span class='ocrx_word' id='word_1_514' title='bbox 3364 653 3462 691; x_wconf 90' lang='lat' dir='ltr'><strong>nos</strong></span> <span class='ocrx_word' id='word_1_515' title='bbox 3491 638 3556 693; x_wconf 83' lang='lat' dir='ltr'><strong>ad</strong></span> <span class='ocrx_word' id='word_1_516' title='bbox 3583 640 3715 692; x_wconf 86' lang='lat' dir='ltr'><strong>dan-</strong></span> 
     </span>
    </p>
   </div>
   <div class='ocr_carea' id='block_1_67' title="bbox 2138 728 3717 799">
    <p class='ocr_par' dir='ltr' id='par_1_67' title="bbox 2138 728 3717 799">
     <span class='ocr_line' id='line_1_67' title="bbox 2138 728 3717 799; baseline 0.001 -18"><span class='ocrx_word' id='word_1_517' title='bbox 2138 729 2262 781; x_wconf 89' lang='lat' dir='ltr'><strong>dum</strong></span> <span class='ocrx_word' id='word_1_518' title='bbox 2310 728 2578 781; x_wconf 76' lang='lat' dir='ltr'><strong>hortaris?</strong></span> <span class='ocrx_word' id='word_1_519' title='bbox 2619 728 2829 794; x_wconf 85' lang='lat' dir='ltr'><strong>Etiam,</strong></span> <span class='ocrx_word' id='word_1_520' title='bbox 2862 729 3063 799; x_wconf 85' lang='lat' dir='ltr'><strong>inquit,</strong></span> <span class='ocrx_word' id='word_1_521' title='bbox 3107 729 3240 797; x_wconf 71' lang='lat' dir='ltr'><strong>jussi</strong></span> <span class='ocrx_word' id='word_1_522' title='bbox 3289 730 3406 784; x_wconf 87' lang='lat' dir='ltr'><strong>illos</strong></span> <span class='ocrx_word' id='word_1_523' title='bbox 3447 732 3717 794; x_wconf 89' lang='lat' dir='ltr'><strong>aversari,</strong></span> 
     </span>
    </p>
   </div>
   <div class='ocr_carea' id='block_1_68' title="bbox 2139 821 3719 890">
    <p class='ocr_par' dir='ltr' id='par_1_68' title="bbox 2139 821 3719 890">
     <span class='ocr_line' id='line_1_68' title="bbox 2139 821 3719 890; baseline 0.001 -17"><span class='ocrx_word' id='word_1_524' title='bbox 2139 834 2238 874; x_wconf 86' lang='lat' dir='ltr'><strong>nec</strong></span> <span class='ocrx_word' id='word_1_525' title='bbox 2265 835 2324 874; x_wconf 85' lang='lat' dir='ltr'><strong>se</strong></span> <span class='ocrx_word' id='word_1_526' title='bbox 2353 821 2575 874; x_wconf 91' lang='lat' dir='ltr'><strong>miscere</strong></span> <span class='ocrx_word' id='word_1_527' title='bbox 2615 836 2735 874; x_wconf 88' lang='lat' dir='ltr'><strong>cum</strong></span> <span class='ocrx_word' id='word_1_528' title='bbox 2781 821 2908 883; x_wconf 86' lang='lat' dir='ltr'><strong>illis,</strong></span> <span class='ocrx_word' id='word_1_529' title='bbox 2957 836 3274 890; x_wconf 69' lang='lat' dir='ltr'><strong>rursumque</strong></span> <span class='ocrx_word' id='word_1_530' title='bbox 3303 822 3409 878; x_wconf 76' lang='lat' dir='ltr'><strong>dixi</strong></span> <span class='ocrx_word' id='word_1_531' title='bbox 3435 864 3448 886; x_wconf 89' lang='lat'><strong>,</strong></span> <span class='ocrx_word' id='word_1_532' title='bbox 3480 822 3560 875; x_wconf 85' lang='lat' dir='ltr'><strong>Ne</strong></span> <span class='ocrx_word' id='word_1_533' title='bbox 3604 825 3719 875; x_wconf 77' lang='lat' dir='ltr'><strong>illos</strong></span> 
     </span>
    </p>
   </div>
   <div class='ocr_carea' id='block_1_69' title="bbox 2136 910 3718 982">
    <p class='ocr_par' dir='ltr' id='par_1_69' title="bbox 2136 910 3718 982">
     <span class='ocr_line' id='line_1_69' title="bbox 2136 910 3718 982; baseline 0.001 -19"><span class='ocrx_word' id='word_1_534' title='bbox 2136 913 2365 965; x_wconf 83' lang='lat' dir='ltr'><strong>inimicos</strong></span> <span class='ocrx_word' id='word_1_535' title='bbox 2386 913 2570 982; x_wconf 83' lang='lat' dir='ltr'><strong>putetis</strong></span> <span class='ocrx_word' id='word_1_536' title='bbox 2588 954 2604 978; x_wconf 90' lang='lat'><strong>,</strong></span> <span class='ocrx_word' id='word_1_537' title='bbox 2630 912 2718 964; x_wconf 71' lang='lat' dir='ltr'><strong>sed</strong></span> <span class='ocrx_word' id='word_1_538' title='bbox 2742 911 3001 964; x_wconf 81' lang='lat' dir='ltr'><strong>admonete</strong></span> <span class='ocrx_word' id='word_1_539' title='bbox 3032 910 3187 980; x_wconf 86' lang='lat' dir='ltr'><strong>(Ibid.</strong></span> <span class='ocrx_word' id='word_1_540' title='bbox 3213 930 3260 965; x_wconf 87' lang='grc' dir='ltr'><strong>υ.</strong></span> <span class='ocrx_word' id='word_1_541' title='bbox 3287 914 3375 982; x_wconf 86' lang='grc'><strong>15)</strong></span> <span class='ocrx_word' id='word_1_542' title='bbox 3408 930 3420 964; x_wconf 79' lang='lat' dir='ltr'><em>z</em></span> <span class='ocrx_word' id='word_1_543' title='bbox 3460 930 3562 966; x_wconf 85' lang='lat' dir='ltr'><strong>non</strong></span> <span class='ocrx_word' id='word_1_544' title='bbox 3590 929 3718 965; x_wconf 87' lang='lat' dir='ltr'><strong>cnn—</strong></span> 
     </span>
    </p>
   </div>
   <div class='ocr_carea' id='block_1_70' title="bbox 2140 1000 3718 1072">
    <p class='ocr_par' dir='ltr' id='par_1_70' title="bbox 2140 1000 3718 1072">
     <span class='ocr_line' id='line_1_70' title="bbox 2140 1000 3718 1072; baseline -0.001 -16"><span class='ocrx_word' id='word_1_545' title='bbox 2140 1003 2297 1056; x_wconf 87' lang='lat' dir='ltr'><strong>traria</strong></span> <span class='ocrx_word' id='word_1_546' title='bbox 2328 1002 2675 1072; x_wconf 73' lang='lat' dir='ltr'><strong>prmcipiens,</strong></span> <span class='ocrx_word' id='word_1_547' title='bbox 2702 1000 2797 1055; x_wconf 89' lang='lat' dir='ltr'><strong>sed</strong></span> <span class='ocrx_word' id='word_1_548' title='bbox 2824 1000 3108 1055; x_wconf 88' lang='lat' dir='ltr'><strong>admodum</strong></span> <span class='ocrx_word' id='word_1_549' title='bbox 3138 1015 3393 1055; x_wconf 85' lang='lat' dir='ltr'><strong>consona.</strong></span> <span class='ocrx_word' id='word_1_550' title='bbox 3424 1002 3554 1055; x_wconf 87' lang='lat' dir='ltr'><strong>Nam</strong></span> <span class='ocrx_word' id='word_1_551' title='bbox 3588 1003 3629 1055; x_wconf 89' lang='lat' dir='ltr'><strong>si</strong></span> <span class='ocrx_word' id='word_1_552' title='bbox 3660 1010 3718 1055; x_wconf 90' lang='lat' dir='ltr'><strong>tu</strong></span> 
     </span>
    </p>
   </div>
   <div class='ocr_carea' id='block_1_71' title="bbox 2139 1095 3713 1165">
    <p class='ocr_par' dir='ltr' id='par_1_71' title="bbox 2139 1095 3713 1165">
     <span class='ocr_line' id='line_1_71' title="bbox 2139 1095 3713 1165; baseline -0.002 -16"><span class='ocrx_word' id='word_1_553' title='bbox 2139 1095 2204 1149; x_wconf 89' lang='lat' dir='ltr'><strong>ad</strong></span> <span class='ocrx_word' id='word_1_554' title='bbox 2247 1096 2642 1165; x_wconf 83' lang='lat' dir='ltr'><strong>eleemosynam</strong></span> <span class='ocrx_word' id='word_1_555' title='bbox 2689 1096 3011 1164; x_wconf 87' lang='lat' dir='ltr'><strong>erogandam</strong></span> <span class='ocrx_word' id='word_1_556' title='bbox 3054 1096 3127 1148; x_wconf 85' lang='lat' dir='ltr'><strong>sis</strong></span> <span class='ocrx_word' id='word_1_557' title='bbox 3158 1105 3410 1163; x_wconf 89' lang='lat' dir='ltr'><strong>paratus,</strong></span> <span class='ocrx_word' id='word_1_558' title='bbox 3447 1096 3552 1148; x_wconf 91' lang='lat' dir='ltr'><strong>cito</strong></span> <span class='ocrx_word' id='word_1_559' title='bbox 3582 1110 3713 1163; x_wconf 67' lang='lat' dir='ltr'><strong>pau-</strong></span> 
     </span>
    </p>
   </div>
   <div class='ocr_carea' id='block_1_72' title="bbox 2137 1188 3715 1257">
    <p class='ocr_par' dir='ltr' id='par_1_72' title="bbox 2137 1188 3715 1257">
     <span class='ocr_line' id='line_1_72' title="bbox 2137 1188 3715 1257; baseline -0.002 -16"><span class='ocrx_word' id='word_1_560' title='bbox 2137 1203 2231 1257; x_wconf 88' lang='lat' dir='ltr'><strong>per</strong></span> <span class='ocrx_word' id='word_1_561' title='bbox 2261 1189 2348 1242; x_wconf 91' lang='lat' dir='ltr'><strong>ille</strong></span> <span class='ocrx_word' id='word_1_562' title='bbox 2374 1188 2439 1242; x_wconf 89' lang='lat' dir='ltr'><strong>ab</strong></span> <span class='ocrx_word' id='word_1_563' title='bbox 2465 1190 2575 1242; x_wconf 89' lang='lat' dir='ltr'><strong>otio</strong></span> <span class='ocrx_word' id='word_1_564' title='bbox 2601 1188 2867 1253; x_wconf 88' lang='lat' dir='ltr'><strong>discedet,</strong></span> <span class='ocrx_word' id='word_1_565' title='bbox 2901 1197 2954 1243; x_wconf 90' lang='lat' dir='ltr'><strong>et</strong></span> <span class='ocrx_word' id='word_1_566' title='bbox 2992 1197 3045 1241; x_wconf 90' lang='lat' dir='ltr'><strong>tu</strong></span> <span class='ocrx_word' id='word_1_567' title='bbox 3082 1189 3149 1241; x_wconf 89' lang='lat' dir='ltr'><strong>ab</strong></span> <span class='ocrx_word' id='word_1_568' title='bbox 3192 1188 3597 1241; x_wconf 86' lang='lat' dir='ltr'><strong>inhumanitate.</strong></span> <span class='ocrx_word' id='word_1_569' title='bbox 3644 1188 3715 1239; x_wconf 80' lang='lat' dir='ltr'><strong>At</strong></span> 
     </span>
    </p>
   </div>
   <div class='ocr_carea' id='block_1_73' title="bbox 2134 1277 3708 1348">
    <p class='ocr_par' dir='ltr' id='par_1_73' title="bbox 2134 1277 3708 1348">
     <span class='ocr_line' id='line_1_73' title="bbox 2134 1277 3708 1348; baseline -0.003 -15"><span class='ocrx_word' id='word_1_570' title='bbox 2134 1280 2408 1343; x_wconf 88' lang='lat' dir='ltr'><strong>mentitur,</strong></span> <span class='ocrx_word' id='word_1_571' title='bbox 2433 1279 2660 1348; x_wconf 81' lang='lat' dir='ltr'><strong>inquies,</strong></span> <span class='ocrx_word' id='word_1_572' title='bbox 2687 1289 2742 1334; x_wconf 91' lang='lat' dir='ltr'><strong>et</strong></span> <span class='ocrx_word' id='word_1_573' title='bbox 2766 1279 2926 1332; x_wconf 89' lang='lat' dir='ltr'><strong>multa</strong></span> <span class='ocrx_word' id='word_1_574' title='bbox 2952 1278 3221 1346; x_wconf 83' lang='lat' dir='ltr'><strong>confingit.</strong></span> <span class='ocrx_word' id='word_1_575' title='bbox 3244 1277 3346 1332; x_wconf 89' lang='lat' dir='ltr'><strong>Sed</strong></span> <span class='ocrx_word' id='word_1_576' title='bbox 3376 1277 3498 1331; x_wconf 89' lang='lat' dir='ltr'><strong>hinc</strong></span> <span class='ocrx_word' id='word_1_577' title='bbox 3518 1277 3708 1346; x_wconf 84' lang='lat' dir='ltr'><strong>dignus</strong></span> 
     </span>
    </p>
   </div>
   <div class='ocr_carea' id='block_1_74' title="bbox 2134 1367 3712 1437">
    <p class='ocr_par' dir='ltr' id='par_1_74' title="bbox 2134 1367 3712 1437">
     <span class='ocr_line' id='line_1_74' title="bbox 2134 1367 3712 1437; baseline -0.002 -15"><span class='ocrx_word' id='word_1_578' title='bbox 2134 1368 2499 1422; x_wconf 81' lang='lat' dir='ltr'><strong>misericordia</strong></span> <span class='ocrx_word' id='word_1_579' title='bbox 2542 1376 2653 1433; x_wconf 82' lang='lat' dir='ltr'><strong>est,</strong></span> <span class='ocrx_word' id='word_1_580' title='bbox 2702 1367 2841 1437; x_wconf 86' lang='lat' dir='ltr'><strong>qttod</strong></span> <span class='ocrx_word' id='word_1_581' title='bbox 2868 1367 2933 1421; x_wconf 91' lang='lat' dir='ltr'><strong>ad</strong></span> <span class='ocrx_word' id='word_1_582' title='bbox 2967 1375 3164 1421; x_wconf 85' lang='lat' dir='ltr'><strong>tantam</strong></span> <span class='ocrx_word' id='word_1_583' title='bbox 3196 1367 3442 1421; x_wconf 89' lang='lat' dir='ltr'><strong>redactus</strong></span> <span class='ocrx_word' id='word_1_584' title='bbox 3482 1367 3550 1422; x_wconf 91' lang='lat' dir='ltr'><strong>sit</strong></span> <span class='ocrx_word' id='word_1_585' title='bbox 3589 1382 3712 1436; x_wconf 84' lang='lat' dir='ltr'><strong>cge-</strong></span> 
     </span>
    </p>
   </div>
   <div class='ocr_carea' id='block_1_75' title="bbox 2132 1457 3709 1527">
    <p class='ocr_par' dir='ltr' id='par_1_75' title="bbox 2132 1457 3709 1527">
     <span class='ocr_line' id='line_1_75' title="bbox 2132 1457 3709 1527; baseline -0.001 -16"><span class='ocrx_word' id='word_1_586' title='bbox 2132 1467 2354 1521; x_wconf 85' lang='lat' dir='ltr'><strong>statem,</strong></span> <span class='ocrx_word' id='word_1_587' title='bbox 2384 1469 2439 1513; x_wconf 91' lang='lat' dir='ltr'><strong>ut</strong></span> <span class='ocrx_word' id='word_1_588' title='bbox 2469 1457 2805 1526; x_wconf 90' lang='lat' dir='ltr'><strong>impudenter</strong></span> <span class='ocrx_word' id='word_1_589' title='bbox 2843 1472 3000 1527; x_wconf 87' lang='lat' dir='ltr'><strong>agere</strong></span> <span class='ocrx_word' id='word_1_590' title='bbox 3044 1465 3281 1525; x_wconf 82' lang='lat' dir='ltr'><strong>cogatur.</strong></span> <span class='ocrx_word' id='word_1_591' title='bbox 3316 1457 3423 1510; x_wconf 90' lang='lat' dir='ltr'><strong>Nos</strong></span> <span class='ocrx_word' id='word_1_592' title='bbox 3448 1472 3576 1510; x_wconf 91' lang='lat' dir='ltr'><strong>vero</strong></span> <span class='ocrx_word' id='word_1_593' title='bbox 3604 1471 3709 1509; x_wconf 90' lang='lat' dir='ltr'><strong>non</strong></span> 
     </span>
    </p>
   </div>
   <div class='ocr_carea' id='block_1_76' title="bbox 2131 1544 3710 1611">
    <p class='ocr_par' dir='ltr' id='par_1_76' title="bbox 2131 1544 3710 1611">
     <span class='ocr_line' id='line_1_76' title="bbox 2131 1544 3710 1611; baseline -0.001 -8"><span class='ocrx_word' id='word_1_594' title='bbox 2131 1550 2292 1603; x_wconf 90' lang='lat' dir='ltr'><strong>modo</strong></span> <span class='ocrx_word' id='word_1_595' title='bbox 2322 1565 2427 1603; x_wconf 92' lang='lat' dir='ltr'><strong>non</strong></span> <span class='ocrx_word' id='word_1_596' title='bbox 2461 1549 2825 1603; x_wconf 90' lang='lat' dir='ltr'><strong>misericordia</strong></span> <span class='ocrx_word' id='word_1_597' title='bbox 2859 1563 3154 1611; x_wconf 80' lang='lat' dir='ltr'><strong>movemur,</strong></span> <span class='ocrx_word' id='word_1_598' title='bbox 3199 1548 3295 1602; x_wconf 87' lang='lat' dir='ltr'><strong>sed</strong></span> <span class='ocrx_word' id='word_1_599' title='bbox 3331 1557 3385 1603; x_wconf 90' lang='lat' dir='ltr'><strong>et</strong></span> <span class='ocrx_word' id='word_1_600' title='bbox 3424 1544 3710 1602; x_wconf 87' lang='lat' dir='ltr'><strong>inhumana</strong></span> 
     </span>
    </p>
   </div>
   <div class='ocr_carea' id='block_1_77' title="bbox 2133 1641 3711 1711">
    <p class='ocr_par' dir='ltr' id='par_1_77' title="bbox 2133 1641 3711 1711">
     <span class='ocr_line' id='line_1_77' title="bbox 2133 1641 3711 1711; baseline 0 -17"><span class='ocrx_word' id='word_1_601' title='bbox 2133 1642 2216 1695; x_wconf 89' lang='lat' dir='ltr'><strong>illa</strong></span> <span class='ocrx_word' id='word_1_602' title='bbox 2242 1641 2403 1695; x_wconf 89' lang='lat' dir='ltr'><strong>verba</strong></span> <span class='ocrx_word' id='word_1_603' title='bbox 2430 1641 2770 1711; x_wconf 87' lang='lat' dir='ltr'><strong>proferimus,</strong></span> <span class='ocrx_word' id='word_1_604' title='bbox 2799 1641 3037 1695; x_wconf 89' lang='lat' dir='ltr'><strong>dicentes</strong></span> <span class='ocrx_word' id='word_1_605' title='bbox 3065 1658 3077 1693; x_wconf 91' lang='lat'><strong>:</strong></span> <span class='ocrx_word' id='word_1_606' title='bbox 3109 1642 3302 1696; x_wconf 80' lang='lat' dir='ltr'><strong>Annon</strong></span> <span class='ocrx_word' id='word_1_607' title='bbox 3350 1642 3515 1695; x_wconf 83' lang='lat' dir='ltr'><strong>semel</strong></span> <span class='ocrx_word' id='word_1_608' title='bbox 3546 1652 3600 1695; x_wconf 90' lang='lat' dir='ltr'><strong>et</strong></span> <span class='ocrx_word' id='word_1_609' title='bbox 3629 1642 3711 1695; x_wconf 88' lang='lat' dir='ltr'><strong>bis</strong></span> 
     </span>
    </p>
   </div>
   <div class='ocr_carea' id='block_1_78' title="bbox 2128 1731 3709 1803">
    <p class='ocr_par' dir='ltr' id='par_1_78' title="bbox 2128 1731 3709 1803">
     <span class='ocr_line' id='line_1_78' title="bbox 2128 1731 3709 1803; baseline 0.001 -17"><span class='ocrx_word' id='word_1_610' title='bbox 2128 1731 2419 1801; x_wconf 79' lang='lat' dir='ltr'><strong>accepisti?</strong></span> <span class='ocrx_word' id='word_1_611' title='bbox 2462 1731 2597 1799; x_wconf 90' lang='lat' dir='ltr'><strong>Quid</strong></span> <span class='ocrx_word' id='word_1_612' title='bbox 2623 1731 2814 1801; x_wconf 85' lang='lat' dir='ltr'><strong>igitur?</strong></span> <span class='ocrx_word' id='word_1_613' title='bbox 2857 1746 3032 1785; x_wconf 86' lang='lat' dir='ltr'><strong>annon</strong></span> <span class='ocrx_word' id='word_1_614' title='bbox 3075 1741 3196 1801; x_wconf 86' lang='lat' dir='ltr'><strong>eget</strong></span> <span class='ocrx_word' id='word_1_615' title='bbox 3237 1732 3357 1786; x_wconf 86' lang='lat' dir='ltr'><strong>cibo</strong></span> <span class='ocrx_word' id='word_1_616' title='bbox 3403 1733 3592 1787; x_wconf 88' lang='lat' dir='ltr'><strong>iterum</strong></span> <span class='ocrx_word' id='word_1_617' title='bbox 3621 1736 3709 1803; x_wconf 90' lang='lat' dir='ltr'><strong>qui</strong></span> 
     </span>
    </p>
   </div>
   <div class='ocr_carea' id='block_1_79' title="bbox 2128 1823 3707 1894">
    <p class='ocr_par' dir='ltr' id='par_1_79' title="bbox 2128 1823 3707 1894">
     <span class='ocr_line' id='line_1_79' title="bbox 2128 1823 3707 1894; baseline 0.001 -17"><span class='ocrx_word' id='word_1_618' title='bbox 2128 1824 2294 1878; x_wconf 80' lang='lat' dir='ltr'><strong>semel</strong></span> <span class='ocrx_word' id='word_1_619' title='bbox 2343 1824 2518 1879; x_wconf 89' lang='lat' dir='ltr'><strong>cibum</strong></span> <span class='ocrx_word' id='word_1_620' title='bbox 2562 1824 2806 1893; x_wconf 88' lang='lat' dir='ltr'><strong>accepit?</strong></span> <span class='ocrx_word' id='word_1_621' title='bbox 2854 1823 2963 1877; x_wconf 89' lang='lat' dir='ltr'><strong>Cur</strong></span> <span class='ocrx_word' id='word_1_622' title='bbox 3009 1839 3112 1877; x_wconf 89' lang='lat' dir='ltr'><strong>non</strong></span> <span class='ocrx_word' id='word_1_623' title='bbox 3157 1825 3325 1878; x_wconf 84' lang='lat' dir='ltr'><strong>ventri</strong></span> <span class='ocrx_word' id='word_1_624' title='bbox 3374 1839 3585 1894; x_wconf 87' lang='lat' dir='ltr'><strong>quoque</strong></span> <span class='ocrx_word' id='word_1_625' title='bbox 3616 1834 3707 1879; x_wconf 90' lang='lat' dir='ltr'><strong>tuo</strong></span> 
     </span>
    </p>
   </div>
   <div class='ocr_carea' id='block_1_80' title="bbox 2130 1914 3710 1983">
    <p class='ocr_par' dir='ltr' id='par_1_80' title="bbox 2130 1914 3710 1983">
     <span class='ocr_line' id='line_1_80' title="bbox 2130 1914 3710 1983; baseline 0.001 -14"><span class='ocrx_word' id='word_1_626' title='bbox 2130 1914 2291 1969; x_wconf 88' lang='lat' dir='ltr'><strong>hasce</strong></span> <span class='ocrx_word' id='word_1_627' title='bbox 2316 1916 2469 1982; x_wconf 91' lang='lat' dir='ltr'><strong>ponis</strong></span> <span class='ocrx_word' id='word_1_628' title='bbox 2493 1916 2637 1983; x_wconf 88' lang='lat' dir='ltr'><strong>leges</strong></span> <span class='ocrx_word' id='word_1_629' title='bbox 2657 1956 2673 1982; x_wconf 93' lang='lat'><strong>,</strong></span> <span class='ocrx_word' id='word_1_630' title='bbox 2708 1930 2805 1970; x_wconf 89' lang='lat' dir='ltr'><strong>nec</strong></span> <span class='ocrx_word' id='word_1_631' title='bbox 2834 1914 3004 1969; x_wconf 85' lang='lat' dir='ltr'><strong>dicis:</strong></span> <span class='ocrx_word' id='word_1_632' title='bbox 3031 1916 3287 1983; x_wconf 84' lang='lat' dir='ltr'><strong>Repletus</strong></span> <span class='ocrx_word' id='word_1_633' title='bbox 3318 1914 3458 1969; x_wconf 82' lang='lat' dir='ltr'><strong>fuisti</strong></span> <span class='ocrx_word' id='word_1_634' title='bbox 3500 1918 3611 1971; x_wconf 89' lang='lat' dir='ltr'><strong>heri</strong></span> <span class='ocrx_word' id='word_1_635' title='bbox 3654 1926 3710 1972; x_wconf 89' lang='lat' dir='ltr'><strong>et</strong></span> 
     </span>
    </p>
   </div>
   <div class='ocr_carea' id='block_1_81' title="bbox 2129 2007 3706 2079">
    <p class='ocr_par' dir='ltr' id='par_1_81' title="bbox 2129 2007 3706 2079">
     <span class='ocr_line' id='line_1_81' title="bbox 2129 2007 3706 2079; baseline 0.002 -18"><span class='ocrx_word' id='word_1_636' title='bbox 2129 2009 2554 2072; x_wconf 81' lang='lat' dir='ltr'><strong>nudiustertius,</strong></span> <span class='ocrx_word' id='word_1_637' title='bbox 2588 2024 2656 2063; x_wconf 87' lang='lat' dir='ltr'><strong>ne</strong></span> <span class='ocrx_word' id='word_1_638' title='bbox 2679 2024 2887 2078; x_wconf 68' lang='lat' dir='ltr'><strong>qumras</strong></span> <span class='ocrx_word' id='word_1_639' title='bbox 2915 2009 3179 2077; x_wconf 81' lang='lat' dir='ltr'><strong>amplius?</strong></span> <span class='ocrx_word' id='word_1_640' title='bbox 3220 2007 3332 2062; x_wconf 78' lang='lat' dir='ltr'><strong>lino</strong></span> <span class='ocrx_word' id='word_1_641' title='bbox 3366 2009 3512 2063; x_wconf 89' lang='lat' dir='ltr'><strong>illum</strong></span> <span class='ocrx_word' id='word_1_642' title='bbox 3546 2025 3706 2079; x_wconf 86' lang='lat' dir='ltr'><strong>supra</strong></span> 
     </span>
    </p>
   </div>
   <div class='ocr_carea' id='block_1_82' title="bbox 2127 2098 3703 2167">
    <p class='ocr_par' dir='ltr' id='par_1_82' title="bbox 2127 2098 3703 2167">
     <span class='ocr_line' id='line_1_82' title="bbox 2127 2098 3703 2167; baseline 0.004 -16"><span class='ocrx_word' id='word_1_643' title='bbox 2127 2113 2431 2152; x_wconf 86' lang='lat' dir='ltr'><strong>mensuram</strong></span> <span class='ocrx_word' id='word_1_644' title='bbox 2480 2098 2738 2166; x_wconf 82' lang='lat' dir='ltr'><strong>replenda</strong></span> <span class='ocrx_word' id='word_1_645' title='bbox 2785 2098 3075 2167; x_wconf 90' lang='lat' dir='ltr'><strong>dirumpis,</strong></span> <span class='ocrx_word' id='word_1_646' title='bbox 3128 2099 3269 2153; x_wconf 89' lang='lat' dir='ltr'><strong>hunc</strong></span> <span class='ocrx_word' id='word_1_647' title='bbox 3320 2114 3449 2154; x_wconf 88' lang='lat' dir='ltr'><strong>vero</strong></span> <span class='ocrx_word' id='word_1_648' title='bbox 3498 2101 3703 2157; x_wconf 84' lang='lat' dir='ltr'><strong>modica</strong></span> 
     </span>
    </p>
   </div>
   <div class='ocr_carea' id='block_1_83' title="bbox 2129 2190 3707 2260">
    <p class='ocr_par' dir='ltr' id='par_1_83' title="bbox 2129 2190 3707 2260">
     <span class='ocr_line' id='line_1_83' title="bbox 2129 2190 3707 2260; baseline -0.001 -16"><span class='ocrx_word' id='word_1_649' title='bbox 2129 2198 2395 2259; x_wconf 87' lang='lat' dir='ltr'><strong>petentem</strong></span> <span class='ocrx_word' id='word_1_650' title='bbox 2432 2191 2717 2256; x_wconf 81' lang='lat' dir='ltr'><strong>aversaris,</strong></span> <span class='ocrx_word' id='word_1_651' title='bbox 2756 2205 2876 2245; x_wconf 90' lang='lat' dir='ltr'><strong>cum</strong></span> <span class='ocrx_word' id='word_1_652' title='bbox 2910 2205 3003 2259; x_wconf 91' lang='lat' dir='ltr'><strong>par</strong></span> <span class='ocrx_word' id='word_1_653' title='bbox 3031 2200 3173 2245; x_wconf 89' lang='lat' dir='ltr'><strong>esset</strong></span> <span class='ocrx_word' id='word_1_654' title='bbox 3200 2191 3318 2258; x_wconf 82' lang='lat' dir='ltr'><strong>ejus</strong></span> <span class='ocrx_word' id='word_1_655' title='bbox 3345 2191 3430 2244; x_wconf 86' lang='lat' dir='ltr'><strong>vel</strong></span> <span class='ocrx_word' id='word_1_656' title='bbox 3459 2190 3560 2245; x_wconf 90' lang='lat' dir='ltr'><strong>hoc</strong></span> <span class='ocrx_word' id='word_1_657' title='bbox 3591 2192 3707 2260; x_wconf 85' lang='lat' dir='ltr'><strong>ipso</strong></span> 
     </span>
    </p>
   </div>
   <div class='ocr_carea' id='block_1_84' title="bbox 2125 2280 3705 2350">
    <p class='ocr_par' dir='ltr' id='par_1_84' title="bbox 2125 2280 3705 2350">
     <span class='ocr_line' id='line_1_84' title="bbox 2125 2280 3705 2350; baseline -0.001 -12"><span class='ocrx_word' id='word_1_658' title='bbox 2125 2283 2401 2346; x_wconf 88' lang='lat' dir='ltr'><strong>misereri,</strong></span> <span class='ocrx_word' id='word_1_659' title='bbox 2450 2281 2591 2349; x_wconf 89' lang='lat' dir='ltr'><strong>quod</strong></span> <span class='ocrx_word' id='word_1_660' title='bbox 2616 2280 2851 2350; x_wconf 84' lang='lat' dir='ltr'><strong>quotidie</strong></span> <span class='ocrx_word' id='word_1_661' title='bbox 2891 2289 2944 2335; x_wconf 88' lang='lat' dir='ltr'><strong>te</strong></span> <span class='ocrx_word' id='word_1_662' title='bbox 2990 2290 3211 2350; x_wconf 86' lang='lat' dir='ltr'><strong>cogatur</strong></span> <span class='ocrx_word' id='word_1_663' title='bbox 3256 2281 3431 2334; x_wconf 85' lang='lat' dir='ltr'><strong>adire.</strong></span> <span class='ocrx_word' id='word_1_664' title='bbox 3485 2283 3705 2337; x_wconf 86' lang='lat' dir='ltr'><strong>Etiamsi</strong></span> 
     </span>
    </p>
   </div>
   <div class='ocr_carea' id='block_1_85' title="bbox 2126 2370 3702 2439">
    <p class='ocr_par' dir='ltr' id='par_1_85' title="bbox 2126 2370 3702 2439">
     <span class='ocr_line' id='line_1_85' title="bbox 2126 2370 3702 2439; baseline -0.002 -13"><span class='ocrx_word' id='word_1_665' title='bbox 2126 2390 2234 2427; x_wconf 89' lang='lat' dir='ltr'><strong>non</strong></span> <span class='ocrx_word' id='word_1_666' title='bbox 2268 2372 2482 2426; x_wconf 86' lang='lat' dir='ltr'><strong>aliunde</strong></span> <span class='ocrx_word' id='word_1_667' title='bbox 2514 2371 2775 2435; x_wconf 78' lang='lat' dir='ltr'><strong>nectaris,</strong></span> <span class='ocrx_word' id='word_1_668' title='bbox 2812 2370 2933 2424; x_wconf 89' lang='lat' dir='ltr'><strong>ideo</strong></span> <span class='ocrx_word' id='word_1_669' title='bbox 2965 2370 3107 2425; x_wconf 89' lang='lat' dir='ltr'><strong>illius</strong></span> <span class='ocrx_word' id='word_1_670' title='bbox 3134 2379 3186 2425; x_wconf 88' lang='lat' dir='ltr'><strong>te</strong></span> <span class='ocrx_word' id='word_1_671' title='bbox 3216 2371 3455 2425; x_wconf 86' lang='lat' dir='ltr'><strong>misereri</strong></span> <span class='ocrx_word' id='word_1_672' title='bbox 3486 2382 3702 2439; x_wconf 86' lang='lat' dir='ltr'><strong>oporte-</strong></span> 
     </span>
    </p>
   </div>
   <div class='ocr_carea' id='block_1_86' title="bbox 2125 2460 3701 2532">
    <p class='ocr_par' dir='ltr' id='par_1_86' title="bbox 2125 2460 3701 2532">
     <span class='ocr_line' id='line_1_86' title="bbox 2125 2460 3701 2532; baseline -0.003 -12"><span class='ocrx_word' id='word_1_673' title='bbox 2125 2473 2225 2520; x_wconf 89' lang='lat' dir='ltr'><strong>ret.</strong></span> <span class='ocrx_word' id='word_1_674' title='bbox 2268 2464 2605 2532; x_wconf 86' lang='lat' dir='ltr'><strong>Paupertatis</strong></span> <span class='ocrx_word' id='word_1_675' title='bbox 2644 2462 2786 2516; x_wconf 87' lang='lat' dir='ltr'><strong>enim</strong></span> <span class='ocrx_word' id='word_1_676' title='bbox 2832 2460 3127 2515; x_wconf 86' lang='lat' dir='ltr'><strong>necessitas</strong></span> <span class='ocrx_word' id='word_1_677' title='bbox 3168 2461 3219 2514; x_wconf 90' lang='lat' dir='ltr'><strong>vi</strong></span> <span class='ocrx_word' id='word_1_678' title='bbox 3259 2460 3323 2513; x_wconf 89' lang='lat' dir='ltr'><strong>ad</strong></span> <span class='ocrx_word' id='word_1_679' title='bbox 3353 2460 3467 2514; x_wconf 64' lang='lat' dir='ltr'><strong>haec</strong></span> <span class='ocrx_word' id='word_1_680' title='bbox 3497 2461 3701 2529; x_wconf 84' lang='lat' dir='ltr'><strong>agenda</strong></span> 
     </span>
    </p>
   </div>
   <div class='ocr_carea' id='block_1_87' title="bbox 2125 2550 3702 2623">
    <p class='ocr_par' dir='ltr' id='par_1_87' title="bbox 2125 2550 3702 2623">
     <span class='ocr_line' id='line_1_87' title="bbox 2125 2550 3702 2623; baseline -0.003 -15"><span class='ocrx_word' id='word_1_681' title='bbox 2125 2553 2365 2623; x_wconf 87' lang='lat' dir='ltr'><strong>impellit.</strong></span> <span class='ocrx_word' id='word_1_682' title='bbox 2414 2552 2598 2621; x_wconf 88' lang='lat' dir='ltr'><strong>Neque</strong></span> <span class='ocrx_word' id='word_1_683' title='bbox 2643 2551 2915 2605; x_wconf 90' lang='lat' dir='ltr'><strong>miseraris</strong></span> <span class='ocrx_word' id='word_1_684' title='bbox 2962 2551 3133 2618; x_wconf 90' lang='lat' dir='ltr'><strong>ipsum</strong></span> <span class='ocrx_word' id='word_1_685' title='bbox 3178 2550 3299 2621; x_wconf 86' lang='lat' dir='ltr'><strong>quia</strong></span> <span class='ocrx_word' id='word_1_686' title='bbox 3331 2551 3454 2604; x_wconf 87' lang='lat' dir='ltr'><strong>talia</strong></span> <span class='ocrx_word' id='word_1_687' title='bbox 3482 2551 3702 2604; x_wconf 79' lang='lat' dir='ltr'><strong>audiens</strong></span> 
     </span>
    </p>
   </div>
   <div class='ocr_carea' id='block_1_88' title="bbox 2123 2640 3702 2708">
    <p class='ocr_par' dir='ltr' id='par_1_88' title="bbox 2123 2640 3702 2708">
     <span class='ocr_line' id='line_1_88' title="bbox 2123 2640 3702 2708; baseline -0.003 -12"><span class='ocrx_word' id='word_1_688' title='bbox 2123 2658 2230 2697; x_wconf 88' lang='lat' dir='ltr'><strong>non</strong></span> <span class='ocrx_word' id='word_1_689' title='bbox 2259 2642 2562 2705; x_wconf 78' lang='lat' dir='ltr'><strong>erubescit;</strong></span> <span class='ocrx_word' id='word_1_690' title='bbox 2615 2642 2907 2695; x_wconf 87' lang='lat' dir='ltr'><strong>necessitas</strong></span> <span class='ocrx_word' id='word_1_691' title='bbox 2947 2641 3090 2694; x_wconf 87' lang='lat' dir='ltr'><strong>enim</strong></span> <span class='ocrx_word' id='word_1_692' title='bbox 3140 2640 3411 2708; x_wconf 70' lang='lat' dir='ltr'><strong>prmvalet.</strong></span> <span class='ocrx_word' id='word_1_693' title='bbox 3461 2640 3540 2694; x_wconf 86' lang='lat' dir='ltr'><strong>Tn</strong></span> <span class='ocrx_word' id='word_1_694' title='bbox 3575 2657 3702 2695; x_wconf 89' lang='lat' dir='ltr'><strong>vero</strong></span> 
     </span>
    </p>
   </div>
   <div class='ocr_carea' id='block_1_89' title="bbox 2124 2728 3697 2793">
    <p class='ocr_par' dir='ltr' id='par_1_89' title="bbox 2124 2728 3697 2793">
     <span class='ocr_line' id='line_1_89' title="bbox 2124 2728 3697 2793; baseline -0.001 -10"><span class='ocrx_word' id='word_1_695' title='bbox 2124 2746 2227 2786; x_wconf 91' lang='lat' dir='ltr'><strong>non</strong></span> <span class='ocrx_word' id='word_1_696' title='bbox 2270 2730 2430 2785; x_wconf 89' lang='lat' dir='ltr'><strong>modo</strong></span> <span class='ocrx_word' id='word_1_697' title='bbox 2465 2745 2569 2783; x_wconf 90' lang='lat' dir='ltr'><strong>non</strong></span> <span class='ocrx_word' id='word_1_698' title='bbox 2608 2729 2908 2793; x_wconf 88' lang='lat' dir='ltr'><strong>miseraris;</strong></span> <span class='ocrx_word' id='word_1_699' title='bbox 2939 2728 3032 2782; x_wconf 88' lang='lat' dir='ltr'><strong>sed</strong></span> <span class='ocrx_word' id='word_1_700' title='bbox 3062 2730 3220 2783; x_wconf 91' lang='lat' dir='ltr'><strong>etiam</strong></span> <span class='ocrx_word' id='word_1_701' title='bbox 3249 2728 3479 2783; x_wconf 87' lang='lat' dir='ltr'><strong>traducis</strong></span> <span class='ocrx_word' id='word_1_702' title='bbox 3510 2730 3655 2782; x_wconf 90' lang='lat' dir='ltr'><strong>illum</strong></span> <span class='ocrx_word' id='word_1_703' title='bbox 3685 2748 3697 2782; x_wconf 92' lang='lat'><strong>:</strong></span> 
     </span>
    </p>
   </div>
   <div class='ocr_carea' id='block_1_90' title="bbox 2124 2819 3699 2891">
    <p class='ocr_par' dir='ltr' id='par_1_90' title="bbox 2124 2819 3699 2891">
     <span class='ocr_line' id='line_1_90' title="bbox 2124 2819 3699 2891; baseline -0.001 -15"><span class='ocrx_word' id='word_1_704' title='bbox 2124 2823 2340 2891; x_wconf 86' lang='lat' dir='ltr'><strong>Deoque</strong></span> <span class='ocrx_word' id='word_1_705' title='bbox 2363 2821 2584 2891; x_wconf 90' lang='lat' dir='ltr'><strong>jubente</strong></span> <span class='ocrx_word' id='word_1_706' title='bbox 2611 2820 2748 2873; x_wconf 87' lang='lat' dir='ltr'><strong>clam</strong></span> <span class='ocrx_word' id='word_1_707' title='bbox 2780 2835 3001 2890; x_wconf 86' lang='lat' dir='ltr'><strong>erogare</strong></span> <span class='ocrx_word' id='word_1_708' title='bbox 3044 2819 3257 2891; x_wconf 82' lang='lat' dir='ltr'><strong>(Matth.</strong></span> <span class='ocrx_word' id='word_1_709' title='bbox 3286 2821 3337 2875; x_wconf 82' lang='lat'><strong>6.</strong></span> <span class='ocrx_word' id='word_1_710' title='bbox 3368 2822 3442 2887; x_wconf 73' lang='grc'><strong>4),</strong></span> <span class='ocrx_word' id='word_1_711' title='bbox 3474 2830 3584 2874; x_wconf 90' lang='lat' dir='ltr'><strong>stas</strong></span> <span class='ocrx_word' id='word_1_712' title='bbox 3611 2837 3699 2875; x_wconf 88' lang='lat' dir='ltr'><strong>ac-</strong></span> 
     </span>
    </p>
   </div>
   <div class='ocr_carea' id='block_1_91' title="bbox 2121 2910 3697 2981">
    <p class='ocr_par' dir='ltr' id='par_1_91' title="bbox 2121 2910 3697 2981">
     <span class='ocr_line' id='line_1_91' title="bbox 2121 2910 3697 2981; baseline 0 -14"><span class='ocrx_word' id='word_1_713' title='bbox 2121 2912 2401 2967; x_wconf 87' lang='lat' dir='ltr'><strong>cedentem</strong></span> <span class='ocrx_word' id='word_1_714' title='bbox 2451 2912 2664 2981; x_wconf 91' lang='lat' dir='ltr'><strong>probris</strong></span> <span class='ocrx_word' id='word_1_715' title='bbox 2713 2910 2923 2980; x_wconf 87' lang='lat' dir='ltr'><strong>publice</strong></span> <span class='ocrx_word' id='word_1_716' title='bbox 2974 2912 3262 2981; x_wconf 88' lang='lat' dir='ltr'><strong>impetens,</strong></span> <span class='ocrx_word' id='word_1_717' title='bbox 3303 2928 3424 2968; x_wconf 92' lang='lat' dir='ltr'><strong>cum</strong></span> <span class='ocrx_word' id='word_1_718' title='bbox 3455 2914 3697 2967; x_wconf 88' lang='lat' dir='ltr'><strong>miserari</strong></span> 
     </span>
    </p>
   </div>
   <div class='ocr_carea' id='block_1_92' title="bbox 2122 2999 3701 3070">
    <p class='ocr_par' dir='ltr' id='par_1_92' title="bbox 2122 2999 3701 3070">
     <span class='ocr_line' id='line_1_92' title="bbox 2122 2999 3701 3070; baseline 0.001 -13"><span class='ocrx_word' id='word_1_719' title='bbox 2122 3003 2273 3057; x_wconf 88' lang='lat' dir='ltr'><strong>illum</strong></span> <span class='ocrx_word' id='word_1_720' title='bbox 2302 3010 2594 3070; x_wconf 88' lang='lat' dir='ltr'><strong>oporteret.</strong></span> <span class='ocrx_word' id='word_1_721' title='bbox 2620 3001 2751 3055; x_wconf 91' lang='lat' dir='ltr'><strong>Nam</strong></span> <span class='ocrx_word' id='word_1_722' title='bbox 2780 3002 2822 3054; x_wconf 93' lang='lat' dir='ltr'><strong>si</strong></span> <span class='ocrx_word' id='word_1_723' title='bbox 2851 2999 2979 3055; x_wconf 77' lang='lat' dir='ltr'><strong>dare</strong></span> <span class='ocrx_word' id='word_1_724' title='bbox 3010 3018 3114 3056; x_wconf 88' lang='lat' dir='ltr'><strong>non</strong></span> <span class='ocrx_word' id='word_1_725' title='bbox 3147 3003 3225 3057; x_wconf 85' lang='lat' dir='ltr'><strong>vis</strong></span> <span class='ocrx_word' id='word_1_726' title='bbox 3244 3043 3259 3068; x_wconf 93' lang='lat'><strong>,</strong></span> <span class='ocrx_word' id='word_1_727' title='bbox 3306 3018 3402 3057; x_wconf 92' lang='lat' dir='ltr'><strong>cur</strong></span> <span class='ocrx_word' id='word_1_728' title='bbox 3429 3004 3701 3058; x_wconf 86' lang='lat' dir='ltr'><strong>calamito-</strong></span> 
     </span>
    </p>
   </div>
   <div class='ocr_carea' id='block_1_93' title="bbox 2123 3093 3703 3150">
    <p class='ocr_par' dir='ltr' id='par_1_93' title="bbox 2123 3093 3703 3150">
     <span class='ocr_line' id='line_1_93' title="bbox 2123 3093 3703 3150; baseline 0.001 -2"><span class='ocrx_word' id='word_1_729' title='bbox 2123 3110 2235 3149; x_wconf 89' lang='lat' dir='ltr'><strong>sam</strong></span> <span class='ocrx_word' id='word_1_730' title='bbox 2279 3104 2333 3149; x_wconf 93' lang='lat' dir='ltr'><strong>et</strong></span> <span class='ocrx_word' id='word_1_731' title='bbox 2371 3095 2625 3148; x_wconf 90' lang='lat' dir='ltr'><strong>miseram</strong></span> <span class='ocrx_word' id='word_1_732' title='bbox 2666 3093 2897 3146; x_wconf 85' lang='lat' dir='ltr'><strong>animam</strong></span> <span class='ocrx_word' id='word_1_733' title='bbox 2943 3108 3162 3147; x_wconf 87' lang='lat' dir='ltr'><strong>accusas</strong></span> <span class='ocrx_word' id='word_1_734' title='bbox 3208 3104 3263 3149; x_wconf 89' lang='lat' dir='ltr'><strong>et</strong></span> <span class='ocrx_word' id='word_1_735' title='bbox 3296 3096 3518 3149; x_wconf 88' lang='lat' dir='ltr'><strong>atteris?</strong></span> <span class='ocrx_word' id='word_1_736' title='bbox 3550 3095 3703 3150; x_wconf 80' lang='lat' dir='ltr'><strong>Venit</strong></span> 
     </span>
    </p>
   </div>
   <div class='ocr_carea' id='block_1_94' title="bbox 2122 3185 3699 3258">
    <p class='ocr_par' dir='ltr' id='par_1_94' title="bbox 2122 3185 3699 3258">
     <span class='ocr_line' id='line_1_94' title="bbox 2122 3185 3699 3258; baseline 0 -19"><span class='ocrx_word' id='word_1_737' title='bbox 2122 3188 2273 3258; x_wconf 90' lang='lat' dir='ltr'><strong>quasi</strong></span> <span class='ocrx_word' id='word_1_738' title='bbox 2302 3187 2368 3241; x_wconf 89' lang='lat' dir='ltr'><strong>ad</strong></span> <span class='ocrx_word' id='word_1_739' title='bbox 2398 3196 2607 3256; x_wconf 89' lang='lat' dir='ltr'><strong>portum</strong></span> <span class='ocrx_word' id='word_1_740' title='bbox 2640 3186 2705 3240; x_wconf 89' lang='lat' dir='ltr'><strong>ad</strong></span> <span class='ocrx_word' id='word_1_741' title='bbox 2738 3201 2928 3240; x_wconf 90' lang='lat' dir='ltr'><strong>manus</strong></span> <span class='ocrx_word' id='word_1_742' title='bbox 2958 3195 3104 3250; x_wconf 86' lang='lat' dir='ltr'><strong>tuas;</strong></span> <span class='ocrx_word' id='word_1_743' title='bbox 3139 3201 3233 3239; x_wconf 90' lang='lat' dir='ltr'><strong>cur</strong></span> <span class='ocrx_word' id='word_1_744' title='bbox 3262 3185 3452 3240; x_wconf 83' lang='lat' dir='ltr'><strong>ﬂuctus</strong></span> <span class='ocrx_word' id='word_1_745' title='bbox 3475 3188 3699 3248; x_wconf 77' lang='lat' dir='ltr'><strong>excitus,</strong></span> 
     </span>
    </p>
   </div>
   <div class='ocr_carea' id='block_1_95' title="bbox 2123 3276 3699 3349">
    <p class='ocr_par' dir='ltr' id='par_1_95' title="bbox 2123 3276 3699 3349">
     <span class='ocr_line' id='line_1_95' title="bbox 2123 3276 3699 3349; baseline -0.001 -15"><span class='ocrx_word' id='word_1_746' title='bbox 2123 3290 2176 3334; x_wconf 90' lang='lat' dir='ltr'><strong>et</strong></span> <span class='ocrx_word' id='word_1_747' title='bbox 2197 3279 2497 3349; x_wconf 88' lang='lat' dir='ltr'><strong>graviorem</strong></span> <span class='ocrx_word' id='word_1_748' title='bbox 2528 3286 2899 3346; x_wconf 87' lang='lat' dir='ltr'><strong>tempestatem</strong></span> <span class='ocrx_word' id='word_1_749' title='bbox 2928 3276 3134 3331; x_wconf 80' lang='lat' dir='ltr'><strong>eilicis?</strong></span> <span class='ocrx_word' id='word_1_750' title='bbox 3165 3291 3260 3330; x_wconf 91' lang='lat' dir='ltr'><strong>cur</strong></span> <span class='ocrx_word' id='word_1_751' title='bbox 3287 3277 3699 3332; x_wconf 86' lang='lat' dir='ltr'><strong>illiberalitatem</strong></span> 
     </span>
    </p>
   </div>
   <div class='ocr_carea' id='block_1_96' title="bbox 2122 3367 3697 3439">
    <p class='ocr_par' dir='ltr' id='par_1_96' title="bbox 2122 3367 3697 3439">
     <span class='ocr_line' id='line_1_96' title="bbox 2122 3367 3697 3439; baseline 0 -15"><span class='ocrx_word' id='word_1_752' title='bbox 2122 3370 2377 3424; x_wconf 77' lang='lat' dir='ltr'><strong>damnas?</strong></span> <span class='ocrx_word' id='word_1_753' title='bbox 2413 3367 2550 3422; x_wconf 90' lang='lat' dir='ltr'><strong>Num</strong></span> <span class='ocrx_word' id='word_1_754' title='bbox 2580 3367 2812 3422; x_wconf 88' lang='lat' dir='ltr'><strong>venisset</strong></span> <span class='ocrx_word' id='word_1_755' title='bbox 2850 3369 2894 3421; x_wconf 88' lang='lat' dir='ltr'><strong>si</strong></span> <span class='ocrx_word' id='word_1_756' title='bbox 2936 3368 3056 3421; x_wconf 87' lang='lat' dir='ltr'><strong>talia</strong></span> <span class='ocrx_word' id='word_1_757' title='bbox 3089 3382 3146 3422; x_wconf 90' lang='lat' dir='ltr'><strong>se</strong></span> <span class='ocrx_word' id='word_1_758' title='bbox 3172 3368 3476 3422; x_wconf 90' lang='lat' dir='ltr'><strong>auditurum</strong></span> <span class='ocrx_word' id='word_1_759' title='bbox 3504 3383 3697 3439; x_wconf 79' lang='lat' dir='ltr'><strong>exspe-</strong></span> 
     </span>
    </p>
   </div>
   <div class='ocr_carea' id='block_1_97' title="bbox 2123 3456 3699 3527">
    <p class='ocr_par' dir='ltr' id='par_1_97' title="bbox 2123 3456 3699 3527">
     <span class='ocr_line' id='line_1_97' title="bbox 2123 3456 3699 3527; baseline -0.001 -13"><span class='ocrx_word' id='word_1_760' title='bbox 2123 3460 2359 3514; x_wconf 79' lang='lat' dir='ltr'><strong>ctasset?</strong></span> <span class='ocrx_word' id='word_1_761' title='bbox 2390 3458 2541 3525; x_wconf 85' lang='lat' dir='ltr'><strong>Quod</strong></span> <span class='ocrx_word' id='word_1_762' title='bbox 2571 3458 2616 3511; x_wconf 88' lang='lat' dir='ltr'><strong>si</strong></span> <span class='ocrx_word' id='word_1_763' title='bbox 2648 3457 2699 3512; x_wconf 88' lang='lat' dir='ltr'><strong>id</strong></span> <span class='ocrx_word' id='word_1_764' title='bbox 2729 3456 3025 3526; x_wconf 73' lang='lat' dir='ltr'><strong>prmvidens</strong></span> <span class='ocrx_word' id='word_1_765' title='bbox 3053 3459 3309 3522; x_wconf 87' lang='lat' dir='ltr'><strong>accessit,</strong></span> <span class='ocrx_word' id='word_1_766' title='bbox 3344 3458 3464 3512; x_wconf 89' lang='lat' dir='ltr'><strong>ideo</strong></span> <span class='ocrx_word' id='word_1_767' title='bbox 3495 3474 3589 3527; x_wconf 86' lang='lat' dir='ltr'><strong>par</strong></span> <span class='ocrx_word' id='word_1_768' title='bbox 3615 3469 3699 3514; x_wconf 88' lang='lat' dir='ltr'><strong>est</strong></span> 
     </span>
    </p>
   </div>
   <div class='ocr_carea' id='block_1_98' title="bbox 2122 3547 3699 3614">
    <p class='ocr_par' dir='ltr' id='par_1_98' title="bbox 2122 3547 3699 3614">
     <span class='ocr_line' id='line_1_98' title="bbox 2122 3547 3699 3614; baseline -0.002 -10"><span class='ocrx_word' id='word_1_769' title='bbox 2122 3559 2178 3604; x_wconf 88' lang='lat' dir='ltr'><strong>et</strong></span> <span class='ocrx_word' id='word_1_770' title='bbox 2210 3549 2359 3603; x_wconf 90' lang='lat' dir='ltr'><strong>illum</strong></span> <span class='ocrx_word' id='word_1_771' title='bbox 2399 3547 2675 3614; x_wconf 90' lang='lat' dir='ltr'><strong>miserari,</strong></span> <span class='ocrx_word' id='word_1_772' title='bbox 2708 3555 2761 3603; x_wconf 90' lang='lat' dir='ltr'><strong>et</strong></span> <span class='ocrx_word' id='word_1_773' title='bbox 2790 3556 2933 3602; x_wconf 89' lang='lat' dir='ltr'><strong>tuam</strong></span> <span class='ocrx_word' id='word_1_774' title='bbox 2964 3548 3184 3603; x_wconf 88' lang='lat' dir='ltr'><strong>horrere</strong></span> <span class='ocrx_word' id='word_1_775' title='bbox 3222 3549 3660 3603; x_wconf 86' lang='lat' dir='ltr'><strong>iohumauitatem</strong></span> <span class='ocrx_word' id='word_1_776' title='bbox 3684 3590 3699 3612; x_wconf 92' lang='lat'><strong>,</strong></span> 
     </span>
    </p>
   </div>
   <div class='ocr_carea' id='block_1_99' title="bbox 2123 3640 3704 3711">
    <p class='ocr_par' dir='ltr' id='par_1_99' title="bbox 2123 3640 3704 3711">
     <span class='ocr_line' id='line_1_99' title="bbox 2123 3640 3704 3711; baseline 0.001 -17"><span class='ocrx_word' id='word_1_777' title='bbox 2123 3642 2371 3711; x_wconf 84' lang='lat' dir='ltr'><strong>quoniam</strong></span> <span class='ocrx_word' id='word_1_778' title='bbox 2403 3656 2470 3694; x_wconf 89' lang='lat' dir='ltr'><strong>ne</strong></span> <span class='ocrx_word' id='word_1_779' title='bbox 2496 3641 2709 3709; x_wconf 90' lang='lat' dir='ltr'><strong>quidem</strong></span> <span class='ocrx_word' id='word_1_780' title='bbox 2731 3680 2747 3704; x_wconf 91' lang='lat'><strong>,</strong></span> <span class='ocrx_word' id='word_1_781' title='bbox 2778 3654 2898 3694; x_wconf 87' lang='lat' dir='ltr'><strong>cum</strong></span> <span class='ocrx_word' id='word_1_782' title='bbox 2929 3648 3207 3710; x_wconf 86' lang='lat' dir='ltr'><strong>urgentem</strong></span> <span class='ocrx_word' id='word_1_783' title='bbox 3235 3640 3384 3694; x_wconf 89' lang='lat' dir='ltr'><strong>vides</strong></span> <span class='ocrx_word' id='word_1_784' title='bbox 3413 3640 3704 3695; x_wconf 80' lang='lat' dir='ltr'><strong>necessita-</strong></span> 
     </span>
    </p>
   </div>
   <div class='ocr_carea' id='block_1_100' title="bbox 2126 3730 3703 3801">
    <p class='ocr_par' dir='ltr' id='par_1_100' title="bbox 2126 3730 3703 3801">
     <span class='ocr_line' id='line_1_100' title="bbox 2126 3730 3703 3801; baseline 0 -15"><span class='ocrx_word' id='word_1_785' title='bbox 2126 3743 2265 3797; x_wconf 83' lang='lat' dir='ltr'><strong>tem,</strong></span> <span class='ocrx_word' id='word_1_786' title='bbox 2297 3732 2626 3786; x_wconf 85' lang='lat' dir='ltr'><strong>mansuetior</strong></span> <span class='ocrx_word' id='word_1_787' title='bbox 2652 3730 2856 3787; x_wconf 85' lang='lat' dir='ltr'><strong>evadis.</strong></span> <span class='ocrx_word' id='word_1_788' title='bbox 2901 3730 3084 3801; x_wconf 88' lang='lat' dir='ltr'><strong>Neque</strong></span> <span class='ocrx_word' id='word_1_789' title='bbox 3122 3732 3264 3786; x_wconf 89' lang='lat' dir='ltr'><strong>enim</strong></span> <span class='ocrx_word' id='word_1_790' title='bbox 3305 3731 3551 3787; x_wconf 85' lang='lat' dir='ltr'><strong>sufﬁcere</strong></span> <span class='ocrx_word' id='word_1_791' title='bbox 3601 3733 3703 3800; x_wconf 86' lang='lat' dir='ltr'><strong>ipsi</strong></span> 
     </span>
    </p>
   </div>
   <div class='ocr_carea' id='block_1_101' title="bbox 2124 3822 3700 3893">
    <p class='ocr_par' dir='ltr' id='par_1_101' title="bbox 2124 3822 3700 3893">
     <span class='ocr_line' id='line_1_101' title="bbox 2124 3822 3700 3893; baseline -0.001 -17"><span class='ocrx_word' id='word_1_792' title='bbox 2124 3832 2312 3893; x_wconf 85' lang='lat' dir='ltr'><strong>putas,</strong></span> <span class='ocrx_word' id='word_1_793' title='bbox 2360 3823 2428 3876; x_wconf 89' lang='lat' dir='ltr'><strong>ad</strong></span> <span class='ocrx_word' id='word_1_794' title='bbox 2478 3823 2874 3877; x_wconf 79' lang='lat' dir='ltr'><strong>excusationem</strong></span> <span class='ocrx_word' id='word_1_795' title='bbox 2923 3822 3296 3891; x_wconf 74' lang='lat' dir='ltr'><strong>impudentiae,</strong></span> <span class='ocrx_word' id='word_1_796' title='bbox 3348 3824 3502 3878; x_wconf 82' lang='lat' dir='ltr'><strong>lamis</strong></span> <span class='ocrx_word' id='word_1_797' title='bbox 3548 3825 3700 3876; x_wconf 88' lang='lat' dir='ltr'><strong>timo-</strong></span> 
     </span>
    </p>
   </div>
   <div class='ocr_carea' id='block_1_102' title="bbox 2126 3914 3703 3983">
    <p class='ocr_par' dir='ltr' id='par_1_102' title="bbox 2126 3914 3703 3983">
     <span class='ocr_line' id='line_1_102' title="bbox 2126 3914 3703 3983; baseline -0.003 -13"><span class='ocrx_word' id='word_1_798' title='bbox 2126 3932 2274 3980; x_wconf 90' lang='lat' dir='ltr'><strong>rem,</strong></span> <span class='ocrx_word' id='word_1_799' title='bbox 2306 3914 2399 3969; x_wconf 87' lang='lat' dir='ltr'><strong>sed</strong></span> <span class='ocrx_word' id='word_1_800' title='bbox 2427 3914 2814 3983; x_wconf 89' lang='lat' dir='ltr'><strong>impudentiam</strong></span> <span class='ocrx_word' id='word_1_801' title='bbox 2849 3915 3063 3983; x_wconf 88' lang='lat' dir='ltr'><strong>arguis,</strong></span> <span class='ocrx_word' id='word_1_802' title='bbox 3113 3915 3201 3982; x_wconf 90' lang='lat' dir='ltr'><strong>qui</strong></span> <span class='ocrx_word' id='word_1_803' title='bbox 3246 3915 3379 3967; x_wconf 79' lang='lat' dir='ltr'><strong>forte</strong></span> <span class='ocrx_word' id='word_1_804' title='bbox 3422 3928 3564 3983; x_wconf 64' lang='lat' dir='ltr'><strong>smpe</strong></span> <span class='ocrx_word' id='word_1_805' title='bbox 3608 3915 3703 3966; x_wconf 81' lang='lat' dir='ltr'><strong>im-</strong></span> 
     </span>
    </p>
   </div>
   <div class='ocr_carea' id='block_1_103' title="bbox 2125 4004 3701 4077">
    <p class='ocr_par' dir='ltr' id='par_1_103' title="bbox 2125 4004 3701 4077">
     <span class='ocr_line' id='line_1_103' title="bbox 2125 4004 3701 4077; baseline -0.002 -15"><span class='ocrx_word' id='word_1_806' title='bbox 2125 4007 2414 4077; x_wconf 85' lang='lat' dir='ltr'><strong>pudentius</strong></span> <span class='ocrx_word' id='word_1_807' title='bbox 2440 4007 2593 4076; x_wconf 87' lang='lat' dir='ltr'><strong>egisti</strong></span> <span class='ocrx_word' id='word_1_808' title='bbox 2621 4006 2673 4059; x_wconf 91' lang='lat' dir='ltr'><strong>in</strong></span> <span class='ocrx_word' id='word_1_809' title='bbox 2703 4006 2864 4060; x_wconf 90' lang='lat' dir='ltr'><strong>rebus</strong></span> <span class='ocrx_word' id='word_1_810' title='bbox 2892 4005 3245 4074; x_wconf 87' lang='lat' dir='ltr'><strong>gravioribus.</strong></span> <span class='ocrx_word' id='word_1_811' title='bbox 3278 4004 3409 4058; x_wconf 83' lang='lat' dir='ltr'><strong>Nam</strong></span> <span class='ocrx_word' id='word_1_812' title='bbox 3439 4005 3525 4058; x_wconf 88' lang='lat' dir='ltr'><strong>hic</strong></span> <span class='ocrx_word' id='word_1_813' title='bbox 3553 4016 3701 4059; x_wconf 85' lang='lat' dir='ltr'><strong>certe</strong></span> 
     </span>
    </p>
   </div>
   <div class='ocr_carea' id='block_1_104' title="bbox 2125 4094 3705 4169">
    <p class='ocr_par' dir='ltr' id='par_1_104' title="bbox 2125 4094 3705 4169">
     <span class='ocr_line' id='line_1_104' title="bbox 2125 4094 3705 4169; baseline -0.003 -16"><span class='ocrx_word' id='word_1_814' title='bbox 2125 4099 2449 4169; x_wconf 87' lang='lat' dir='ltr'><strong>impudentia</strong></span> <span class='ocrx_word' id='word_1_815' title='bbox 2479 4097 2689 4152; x_wconf 89' lang='lat' dir='ltr'><strong>veniam</strong></span> <span class='ocrx_word' id='word_1_816' title='bbox 2731 4095 2884 4151; x_wconf 66' lang='lat' dir='ltr'><strong>affert</strong></span> <span class='ocrx_word' id='word_1_817' title='bbox 2912 4114 2925 4150; x_wconf 88' lang='lat'><strong>:</strong></span> <span class='ocrx_word' id='word_1_818' title='bbox 2955 4110 3053 4149; x_wconf 88' lang='lat' dir='ltr'><strong>nos</strong></span> <span class='ocrx_word' id='word_1_819' title='bbox 3091 4111 3218 4150; x_wconf 90' lang='lat' dir='ltr'><strong>vero</strong></span> <span class='ocrx_word' id='word_1_820' title='bbox 3257 4110 3399 4164; x_wconf 76' lang='lat' dir='ltr'><strong>saepe</strong></span> <span class='ocrx_word' id='word_1_821' title='bbox 3444 4094 3705 4163; x_wconf 87' lang='lat' dir='ltr'><strong>supplicio</strong></span> 
     </span>
    </p>
   </div>
   <div class='ocr_carea' id='block_1_105' title="bbox 2125 4184 3703 4259">
    <p class='ocr_par' dir='ltr' id='par_1_105' title="bbox 2125 4184 3703 4259">
     <span class='ocr_line' id='line_1_105' title="bbox 2125 4184 3703 4259; baseline -0.004 -15"><span class='ocrx_word' id='word_1_822' title='bbox 2125 4188 2279 4259; x_wconf 91' lang='lat' dir='ltr'><strong>digna</strong></span> <span class='ocrx_word' id='word_1_823' title='bbox 2310 4187 2565 4245; x_wconf 83' lang='lat' dir='ltr'><strong>facientes</strong></span> <span class='ocrx_word' id='word_1_824' title='bbox 2595 4184 2931 4257; x_wconf 87' lang='lat' dir='ltr'><strong>impudenter</strong></span> <span class='ocrx_word' id='word_1_825' title='bbox 2955 4184 3192 4253; x_wconf 88' lang='lat' dir='ltr'><strong>agimus;</strong></span> <span class='ocrx_word' id='word_1_826' title='bbox 3225 4193 3278 4238; x_wconf 91' lang='lat' dir='ltr'><strong>et</strong></span> <span class='ocrx_word' id='word_1_827' title='bbox 3303 4199 3445 4249; x_wconf 90' lang='lat' dir='ltr'><strong>cum,</strong></span> <span class='ocrx_word' id='word_1_828' title='bbox 3476 4185 3588 4238; x_wconf 79' lang='lat' dir='ltr'><strong>haec</strong></span> <span class='ocrx_word' id='word_1_829' title='bbox 3608 4198 3703 4237; x_wconf 84' lang='lat' dir='ltr'><strong>co-</strong></span> 
     </span>
    </p>
   </div>
   <div class='ocr_carea' id='block_1_106' title="bbox 2123 4273 3705 4350">
    <p class='ocr_par' dir='ltr' id='par_1_106' title="bbox 2123 4273 3705 4350">
     <span class='ocr_line' id='line_1_106' title="bbox 2123 4273 3705 4350; baseline -0.003 -18"><span class='ocrx_word' id='word_1_830' title='bbox 2123 4282 2375 4350; x_wconf 87' lang='lat' dir='ltr'><strong>gitantes,</strong></span> <span class='ocrx_word' id='word_1_831' title='bbox 2422 4277 2650 4331; x_wconf 85' lang='lat' dir='ltr'><strong>humiles</strong></span> <span class='ocrx_word' id='word_1_832' title='bbox 2688 4290 2809 4331; x_wconf 87' lang='lat' dir='ltr'><strong>esse</strong></span> <span class='ocrx_word' id='word_1_833' title='bbox 2847 4283 3159 4343; x_wconf 87' lang='lat' dir='ltr'><strong>oporteret,</strong></span> <span class='ocrx_word' id='word_1_834' title='bbox 3210 4275 3262 4328; x_wconf 91' lang='lat' dir='ltr'><strong>in</strong></span> <span class='ocrx_word' id='word_1_835' title='bbox 3311 4274 3538 4328; x_wconf 89' lang='lat' dir='ltr'><strong>miseros</strong></span> <span class='ocrx_word' id='word_1_836' title='bbox 3581 4273 3705 4327; x_wconf 88' lang='lat' dir='ltr'><strong>illos</strong></span> 
     </span>
    </p>
   </div>
   <div class='ocr_carea' id='block_1_107' title="bbox 2126 4364 3702 4438">
    <p class='ocr_par' dir='ltr' id='par_1_107' title="bbox 2126 4364 3702 4438">
     <span class='ocr_line' id='line_1_107' title="bbox 2126 4364 3702 4438; baseline -0.005 -13"><span class='ocrx_word' id='word_1_837' title='bbox 2126 4370 2478 4438; x_wconf 83' lang='lat' dir='ltr'><strong>insurgimus,</strong></span> <span class='ocrx_word' id='word_1_838' title='bbox 2521 4384 2583 4421; x_wconf 91' lang='lat' dir='ltr'><strong>ac</strong></span> <span class='ocrx_word' id='word_1_839' title='bbox 2620 4366 2855 4422; x_wconf 85' lang='lat' dir='ltr'><strong>remedia</strong></span> <span class='ocrx_word' id='word_1_840' title='bbox 2899 4365 3202 4435; x_wconf 89' lang='lat' dir='ltr'><strong>petentibus</strong></span> <span class='ocrx_word' id='word_1_841' title='bbox 3245 4365 3467 4419; x_wconf 88' lang='lat' dir='ltr'><strong>vulnera</strong></span> <span class='ocrx_word' id='word_1_842' title='bbox 3512 4364 3702 4432; x_wconf 86' lang='lat' dir='ltr'><strong>adjici-</strong></span> 
     </span>
    </p>
   </div>
   <div class='ocr_carea' id='block_1_108' title="bbox 2123 4456 3703 4525">
    <p class='ocr_par' dir='ltr' id='par_1_108' title="bbox 2123 4456 3703 4525">
     <span class='ocr_line' id='line_1_108' title="bbox 2123 4456 3703 4525; baseline -0.005 -8"><span class='ocrx_word' id='word_1_843' title='bbox 2123 4479 2261 4518; x_wconf 88' lang='lat' dir='ltr'><strong>mus.</strong></span> <span class='ocrx_word' id='word_1_844' title='bbox 2284 4462 2418 4517; x_wconf 87' lang='lat' dir='ltr'><strong>Nam</strong></span> <span class='ocrx_word' id='word_1_845' title='bbox 2447 4462 2488 4517; x_wconf 87' lang='lat' dir='ltr'><strong>si</strong></span> <span class='ocrx_word' id='word_1_846' title='bbox 2519 4460 2648 4516; x_wconf 87' lang='lat' dir='ltr'><strong>dare</strong></span> <span class='ocrx_word' id='word_1_847' title='bbox 2678 4474 2782 4513; x_wconf 89' lang='lat' dir='ltr'><strong>non</strong></span> <span class='ocrx_word' id='word_1_848' title='bbox 2812 4460 2894 4513; x_wconf 91' lang='lat' dir='ltr'><strong>vis</strong></span> <span class='ocrx_word' id='word_1_849' title='bbox 2918 4501 2932 4520; x_wconf 86' lang='lat'><strong>.</strong></span> <span class='ocrx_word' id='word_1_850' title='bbox 2964 4474 3059 4512; x_wconf 92' lang='lat' dir='ltr'><strong>cur</strong></span> <span class='ocrx_word' id='word_1_851' title='bbox 3086 4456 3287 4512; x_wconf 67' lang='lat' dir='ltr'><strong>caudis?</strong></span> <span class='ocrx_word' id='word_1_852' title='bbox 3322 4458 3365 4510; x_wconf 89' lang='lat' dir='ltr'><strong>si</strong></span> <span class='ocrx_word' id='word_1_853' title='bbox 3395 4456 3570 4525; x_wconf 89' lang='lat' dir='ltr'><strong>largiri</strong></span> <span class='ocrx_word' id='word_1_854' title='bbox 3598 4471 3703 4510; x_wconf 88' lang='lat' dir='ltr'><strong>non</strong></span> 
     </span>
    </p>
   </div>
   <div class='ocr_carea' id='block_1_109' title="bbox 2126 4545 3705 4621">
    <p class='ocr_par' dir='ltr' id='par_1_109' title="bbox 2126 4545 3705 4621">
     <span class='ocr_line' id='line_1_109' title="bbox 2126 4545 3705 4621; baseline -0.006 -13"><span class='ocrx_word' id='word_1_855' title='bbox 2126 4554 2239 4618; x_wconf 88' lang='lat' dir='ltr'><strong>vis,</strong></span> <span class='ocrx_word' id='word_1_856' title='bbox 2276 4568 2374 4607; x_wconf 90' lang='lat' dir='ltr'><strong>cur</strong></span> <span class='ocrx_word' id='word_1_857' title='bbox 2416 4551 2614 4621; x_wconf 87' lang='lat' dir='ltr'><strong>probro</strong></span> <span class='ocrx_word' id='word_1_858' title='bbox 2657 4549 2862 4603; x_wconf 84' lang='lat' dir='ltr'><strong>afficis?</strong></span> <span class='ocrx_word' id='word_1_859' title='bbox 2890 4548 2994 4603; x_wconf 90' lang='lat' dir='ltr'><strong>Sed</strong></span> <span class='ocrx_word' id='word_1_860' title='bbox 3025 4548 3115 4601; x_wconf 86' lang='lat' dir='ltr'><strong>ille</strong></span> <span class='ocrx_word' id='word_1_861' title='bbox 3140 4562 3245 4601; x_wconf 89' lang='lat' dir='ltr'><strong>non</strong></span> <span class='ocrx_word' id='word_1_862' title='bbox 3271 4548 3389 4600; x_wconf 90' lang='lat' dir='ltr'><strong>vult</strong></span> <span class='ocrx_word' id='word_1_863' title='bbox 3415 4546 3519 4599; x_wconf 90' lang='lat' dir='ltr'><strong>alio</strong></span> <span class='ocrx_word' id='word_1_864' title='bbox 3545 4545 3705 4599; x_wconf 90' lang='lat' dir='ltr'><strong>modo</strong></span> 
     </span>
    </p>
   </div>
   <div class='ocr_carea' id='block_1_110' title="bbox 2124 4636 3703 4709">
    <p class='ocr_par' dir='ltr' id='par_1_110' title="bbox 2124 4636 3703 4709">
     <span class='ocr_line' id='line_1_110' title="bbox 2124 4636 3703 4709; baseline -0.006 -11"><span class='ocrx_word' id='word_1_865' title='bbox 2124 4643 2421 4701; x_wconf 87' lang='lat' dir='ltr'><strong>discedere.</strong></span> <span class='ocrx_word' id='word_1_866' title='bbox 2450 4642 2541 4697; x_wconf 91' lang='lat' dir='ltr'><strong>Sic</strong></span> <span class='ocrx_word' id='word_1_867' title='bbox 2559 4656 2688 4709; x_wconf 84' lang='lat' dir='ltr'><strong>ergo</strong></span> <span class='ocrx_word' id='word_1_868' title='bbox 2711 4640 2792 4695; x_wconf 86' lang='lat' dir='ltr'><strong>fac</strong></span> <span class='ocrx_word' id='word_1_869' title='bbox 2813 4649 2869 4693; x_wconf 78' lang='lat' dir='ltr'><strong>ut</strong></span> <span class='ocrx_word' id='word_1_870' title='bbox 2889 4637 2978 4693; x_wconf 90' lang='lat' dir='ltr'><strong>ille</strong></span> <span class='ocrx_word' id='word_1_871' title='bbox 2998 4638 3212 4708; x_wconf 89' lang='lat' dir='ltr'><strong>sapiens</strong></span> <span class='ocrx_word' id='word_1_872' title='bbox 3228 4637 3415 4705; x_wconf 88' lang='lat' dir='ltr'><strong>jussit:</strong></span> <span class='ocrx_word' id='word_1_873' title='bbox 3437 4636 3703 4704; x_wconf 78' lang='lat' dir='ltr'><strong>Responde</strong></span> 
     </span>
    </p>
   </div>
   <div class='ocr_carea' id='block_1_111' title="bbox 2122 4726 3706 4804">
    <p class='ocr_par' dir='ltr' id='par_1_111' title="bbox 2122 4726 3706 4804">
     <span class='ocr_line' id='line_1_111' title="bbox 2122 4726 3706 4804; baseline -0.005 -14"><span class='ocrx_word' id='word_1_874' title='bbox 2122 4738 2200 4791; x_wconf 84' lang='lat' dir='ltr'><strong>illi</strong></span> <span class='ocrx_word' id='word_1_875' title='bbox 2249 4735 2459 4804; x_wconf 72' lang='lat' dir='ltr'><strong>paciﬁca</strong></span> <span class='ocrx_word' id='word_1_876' title='bbox 2502 4748 2617 4787; x_wconf 73' lang='lat' dir='ltr'><strong>cum</strong></span> <span class='ocrx_word' id='word_1_877' title='bbox 2661 4730 3046 4785; x_wconf 82' lang='lat' dir='ltr'><strong>mansuetudine</strong></span> <span class='ocrx_word' id='word_1_878' title='bbox 3088 4729 3275 4800; x_wconf 86' lang='lat' dir='ltr'><strong>(Eccli.</strong></span> <span class='ocrx_word' id='word_1_879' title='bbox 3308 4739 3362 4783; x_wconf 70' lang='lat'><strong>4.</strong></span> <span class='ocrx_word' id='word_1_880' title='bbox 3397 4726 3473 4799; x_wconf 90' lang='lat'><strong>8).</strong></span> <span class='ocrx_word' id='word_1_881' title='bbox 3521 4727 3706 4795; x_wconf 75' lang='lat' dir='ltr'><strong>Neque</strong></span> 
     </span>
    </p>
   </div>
   <div class='ocr_carea' id='block_1_112' title="bbox 2123 4819 3701 4891">
    <p class='ocr_par' dir='ltr' id='par_1_112' title="bbox 2123 4819 3701 4891">
     <span class='ocr_line' id='line_1_112' title="bbox 2123 4819 3701 4891; baseline -0.005 -10"><span class='ocrx_word' id='word_1_882' title='bbox 2123 4827 2266 4882; x_wconf 89' lang='lat' dir='ltr'><strong>enim</strong></span> <span class='ocrx_word' id='word_1_883' title='bbox 2293 4826 2483 4879; x_wconf 88' lang='lat' dir='ltr'><strong>lubens</strong></span> <span class='ocrx_word' id='word_1_884' title='bbox 2506 4824 2586 4878; x_wconf 87' lang='lat' dir='ltr'><strong>sic</strong></span> <span class='ocrx_word' id='word_1_885' title='bbox 2617 4821 2957 4891; x_wconf 84' lang='lat' dir='ltr'><strong>impudenter</strong></span> <span class='ocrx_word' id='word_1_886' title='bbox 2984 4820 3114 4890; x_wconf 86' lang='lat' dir='ltr'><strong>agit.</strong></span> <span class='ocrx_word' id='word_1_887' title='bbox 3146 4819 3336 4874; x_wconf 88' lang='lat' dir='ltr'><strong>Nullus</strong></span> <span class='ocrx_word' id='word_1_888' title='bbox 3364 4822 3560 4889; x_wconf 89' lang='lat' dir='ltr'><strong>quippe</strong></span> <span class='ocrx_word' id='word_1_889' title='bbox 3585 4829 3701 4883; x_wconf 91' lang='lat' dir='ltr'><strong>est,</strong></span> 
     </span>
    </p>
   </div>
   <div class='ocr_carea' id='block_1_113' title="bbox 2124 4912 3701 4982">
    <p class='ocr_par' dir='ltr' id='par_1_113' title="bbox 2124 4912 3701 4982">
     <span class='ocr_line' id='line_1_113' title="bbox 2124 4912 3701 4982; baseline -0.005 -11"><span class='ocrx_word' id='word_1_890' title='bbox 2124 4918 2303 4971; x_wconf 91' lang='lat' dir='ltr'><strong>nullus</strong></span> <span class='ocrx_word' id='word_1_891' title='bbox 2327 4926 2408 4970; x_wconf 92' lang='lat' dir='ltr'><strong>est</strong></span> <span class='ocrx_word' id='word_1_892' title='bbox 2435 4913 2627 4979; x_wconf 86' lang='lat' dir='ltr'><strong>homo,</strong></span> <span class='ocrx_word' id='word_1_893' title='bbox 2669 4913 2765 4981; x_wconf 88' lang='lat' dir='ltr'><strong>qui</strong></span> <span class='ocrx_word' id='word_1_894' title='bbox 2787 4913 2903 4967; x_wconf 90' lang='lat' dir='ltr'><strong>sine</strong></span> <span class='ocrx_word' id='word_1_895' title='bbox 2934 4926 3092 4966; x_wconf 88' lang='lat' dir='ltr'><strong>causa</strong></span> <span class='ocrx_word' id='word_1_896' title='bbox 3120 4912 3247 4968; x_wconf 85' lang='lat' dir='ltr'><strong>velit</strong></span> <span class='ocrx_word' id='word_1_897' title='bbox 3271 4913 3497 4981; x_wconf 86' lang='lat' dir='ltr'><strong>turpiter</strong></span> <span class='ocrx_word' id='word_1_898' title='bbox 3522 4926 3701 4982; x_wconf 85' lang='lat' dir='ltr'><strong>agere.</strong></span> 
     </span>
    </p>
   </div>
   <div class='ocr_carea' id='block_1_114' title="bbox 2128 5003 3703 5075">
    <p class='ocr_par' dir='ltr' id='par_1_114' title="bbox 2128 5003 3703 5075">
     <span class='ocr_line' id='line_1_114' title="bbox 2128 5003 3703 5075; baseline -0.004 -13"><span class='ocrx_word' id='word_1_899' title='bbox 2128 5007 2345 5062; x_wconf 79' lang='lat' dir='ltr'><strong>Etiamsi</strong></span> <span class='ocrx_word' id='word_1_900' title='bbox 2371 5006 2512 5061; x_wconf 90' lang='lat' dir='ltr'><strong>enim</strong></span> <span class='ocrx_word' id='word_1_901' title='bbox 2535 5004 2751 5075; x_wconf 87' lang='lat' dir='ltr'><strong>quidam</strong></span> <span class='ocrx_word' id='word_1_902' title='bbox 2776 5003 2971 5058; x_wconf 88' lang='lat' dir='ltr'><strong>millies</strong></span> <span class='ocrx_word' id='word_1_903' title='bbox 2991 5003 3353 5059; x_wconf 75' lang='lat' dir='ltr'><strong>contradicunt</strong></span> <span class='ocrx_word' id='word_1_904' title='bbox 3370 5046 3386 5070; x_wconf 92' lang='lat'><strong>,</strong></span> <span class='ocrx_word' id='word_1_905' title='bbox 3416 5016 3703 5071; x_wconf 88' lang='lat' dir='ltr'><strong>numquam</strong></span> 
     </span>
    </p>
   </div>
   <div class='ocr_carea' id='block_1_115' title="bbox 2123 5093 3704 5163">
    <p class='ocr_par' dir='ltr' id='par_1_115' title="bbox 2123 5093 3704 5163">
     <span class='ocr_line' id='line_1_115' title="bbox 2123 5093 3704 5163; baseline -0.004 -12"><span class='ocrx_word' id='word_1_906' title='bbox 2123 5099 2360 5153; x_wconf 84' lang='lat' dir='ltr'><strong>adducar</strong></span> <span class='ocrx_word' id='word_1_907' title='bbox 2384 5106 2441 5150; x_wconf 90' lang='lat' dir='ltr'><strong>ut</strong></span> <span class='ocrx_word' id='word_1_908' title='bbox 2468 5096 2684 5150; x_wconf 89' lang='lat' dir='ltr'><strong>credam</strong></span> <span class='ocrx_word' id='word_1_909' title='bbox 2716 5094 2987 5149; x_wconf 87' lang='lat' dir='ltr'><strong>hominem</strong></span> <span class='ocrx_word' id='word_1_910' title='bbox 3032 5096 3083 5148; x_wconf 93' lang='lat' dir='ltr'><strong>in</strong></span> <span class='ocrx_word' id='word_1_911' title='bbox 3124 5096 3276 5163; x_wconf 85' lang='lat' dir='ltr'><strong>copia</strong></span> <span class='ocrx_word' id='word_1_912' title='bbox 3316 5110 3492 5149; x_wconf 88' lang='lat' dir='ltr'><strong>rerum</strong></span> <span class='ocrx_word' id='word_1_913' title='bbox 3525 5093 3704 5146; x_wconf 85' lang='lat' dir='ltr'><strong>viven-</strong></span> 
     </span>
    </p>
   </div>
   <div class='ocr_carea' id='block_1_116' title="bbox 2127 5182 3705 5253">
    <p class='ocr_par' dir='ltr' id='par_1_116' title="bbox 2127 5182 3705 5253">
     <span class='ocr_line' id='line_1_116' title="bbox 2127 5182 3705 5253; baseline -0.004 -11"><span class='ocrx_word' id='word_1_914' title='bbox 2127 5199 2231 5243; x_wconf 90' lang='lat' dir='ltr'><strong>tem</strong></span> <span class='ocrx_word' id='word_1_915' title='bbox 2262 5187 2620 5241; x_wconf 89' lang='lat' dir='ltr'><strong>emeudicare.</strong></span> <span class='ocrx_word' id='word_1_916' title='bbox 2663 5185 2831 5239; x_wconf 83' lang='lat' dir='ltr'><strong>Nemo</strong></span> <span class='ocrx_word' id='word_1_917' title='bbox 2871 5187 3051 5253; x_wconf 88' lang='lat' dir='ltr'><strong>itaque</strong></span> <span class='ocrx_word' id='word_1_918' title='bbox 3092 5200 3190 5240; x_wconf 86' lang='lat' dir='ltr'><strong>nos</strong></span> <span class='ocrx_word' id='word_1_919' title='bbox 3228 5185 3372 5238; x_wconf 83' lang='lat' dir='ltr'><strong>falsis</strong></span> <span class='ocrx_word' id='word_1_920' title='bbox 3412 5182 3705 5236; x_wconf 86' lang='lat' dir='ltr'><strong>rationibus</strong></span> 
     </span>
    </p>
   </div>
   <div class='ocr_carea' id='block_1_117' title="bbox 2125 5270 3706 5346">
    <p class='ocr_par' dir='ltr' id='par_1_117' title="bbox 2125 5270 3706 5346">
     <span class='ocr_line' id='line_1_117' title="bbox 2125 5270 3706 5346; baseline -0.006 -13"><span class='ocrx_word' id='word_1_921' title='bbox 2125 5278 2376 5346; x_wconf 71' lang='lat' dir='ltr'><strong>decipiat.</strong></span> <span class='ocrx_word' id='word_1_922' title='bbox 2408 5276 2513 5331; x_wconf 89' lang='lat' dir='ltr'><strong>Sed</strong></span> <span class='ocrx_word' id='word_1_923' title='bbox 2539 5275 2747 5331; x_wconf 76' lang='lat' dir='ltr'><strong>etiamsi</strong></span> <span class='ocrx_word' id='word_1_924' title='bbox 2774 5275 2917 5329; x_wconf 88' lang='lat' dir='ltr'><strong>dicat</strong></span> <span class='ocrx_word' id='word_1_925' title='bbox 2957 5275 3190 5329; x_wconf 88' lang='lat' dir='ltr'><strong>Paulus:</strong></span> <span class='ocrx_word' id='word_1_926' title='bbox 3222 5272 3282 5326; x_wconf 75' lang='lat' dir='ltr'><strong>Si</strong></span> <span class='ocrx_word' id='word_1_927' title='bbox 3326 5274 3436 5338; x_wconf 85' lang='lat' dir='ltr'><strong>quis</strong></span> <span class='ocrx_word' id='word_1_928' title='bbox 3476 5270 3706 5324; x_wconf 84' lang='lat' dir='ltr'><strong>laborare</strong></span> 
     </span>
    </p>
   </div>
   <div class='ocr_carea' id='block_1_118' title="bbox 2079 5352 3706 5435">
    <p class='ocr_par' dir='ltr' id='par_1_118' title="bbox 2079 5352 3706 5435">
     <span class='ocr_line' id='line_1_118' title="bbox 2079 5352 3706 5435; baseline -0.005 -14"><span class='ocrx_word' id='word_1_929' title='bbox 2079 5352 2087 5362; x_wconf 58' lang='grc'><strong>’</strong></span> <span class='ocrx_word' id='word_1_930' title='bbox 2125 5385 2225 5421; x_wconf 85' lang='lat' dir='ltr'><strong>non</strong></span> <span class='ocrx_word' id='word_1_931' title='bbox 2255 5367 2404 5429; x_wconf 81' lang='lat' dir='ltr'><strong>velit,</strong></span> <span class='ocrx_word' id='word_1_932' title='bbox 2437 5382 2527 5418; x_wconf 83' lang='lat' dir='ltr'><strong>nec</strong></span> <span class='ocrx_word' id='word_1_933' title='bbox 2552 5366 2819 5418; x_wconf 84' lang='lat' dir='ltr'><strong>manducet</strong></span> <span class='ocrx_word' id='word_1_934' title='bbox 2844 5364 2921 5435; x_wconf 75' lang='grc'><strong>(2.</strong></span> <span class='ocrx_word' id='word_1_935' title='bbox 2955 5363 3134 5417; x_wconf 84' lang='lat' dir='ltr'><strong>Thess.</strong></span> <span class='ocrx_word' id='word_1_936' title='bbox 3160 5362 3215 5415; x_wconf 77' lang='grc'><strong>5.</strong></span> <span class='ocrx_word' id='word_1_937' title='bbox 3248 5361 3373 5429; x_wconf 77' lang='grc'><strong>10);</strong></span> <span class='ocrx_word' id='word_1_938' title='bbox 3406 5361 3529 5414; x_wconf 87' lang='lat' dir='ltr'><strong>illos</strong></span> <span class='ocrx_word' id='word_1_939' title='bbox 3558 5369 3706 5413; x_wconf 88' lang='lat' dir='ltr'><strong>certe</strong></span> 
     </span>
    </p>
   </div>
   <div class='ocr_carea' id='block_1_119' title="bbox 2126 5449 3701 5524">
    <p class='ocr_par' dir='ltr' id='par_1_119' title="bbox 2126 5449 3701 5524">
     <span class='ocr_line' id='line_1_119' title="bbox 2126 5449 3701 5524; baseline -0.006 -12"><span class='ocrx_word' id='word_1_940' title='bbox 2126 5459 2320 5513; x_wconf 83' lang='lat' dir='ltr'><strong>Paulus</strong></span> <span class='ocrx_word' id='word_1_941' title='bbox 2361 5456 2663 5524; x_wconf 83' lang='lat' dir='ltr'><strong>alloquitur,</strong></span> <span class='ocrx_word' id='word_1_942' title='bbox 2695 5471 2800 5509; x_wconf 84' lang='lat' dir='ltr'><strong>non</strong></span> <span class='ocrx_word' id='word_1_943' title='bbox 2831 5469 2965 5517; x_wconf 87' lang='lat' dir='ltr'><strong>nos;</strong></span> <span class='ocrx_word' id='word_1_944' title='bbox 2996 5454 3105 5506; x_wconf 85' lang='lat' dir='ltr'><strong>imo</strong></span> <span class='ocrx_word' id='word_1_945' title='bbox 3135 5459 3319 5505; x_wconf 90' lang='lat' dir='ltr'><strong>contra</strong></span> <span class='ocrx_word' id='word_1_946' title='bbox 3356 5470 3368 5504; x_wconf 91' lang='lat'>:</span> <span class='ocrx_word' id='word_1_947' title='bbox 3394 5449 3591 5503; x_wconf 86' lang='lat' dir='ltr'><strong>Bonum</strong></span> <span class='ocrx_word' id='word_1_948' title='bbox 3615 5450 3701 5518; x_wconf 80' lang='lat' dir='ltr'><strong>fa-</strong></span> 
     </span>
    </p>
   </div>
   <div class='ocr_carea' id='block_1_120' title="bbox 2125 5538 3694 5616">
    <p class='ocr_par' dir='ltr' id='par_1_120' title="bbox 2125 5538 3694 5616">
     <span class='ocr_line' id='line_1_120' title="bbox 2125 5538 3694 5616; baseline -0.006 -14"><span class='ocrx_word' id='word_1_949' title='bbox 2125 5558 2306 5602; x_wconf 77' lang='lat' dir='ltr'><strong>cientes</strong></span> <span class='ocrx_word' id='word_1_950' title='bbox 2343 5564 2443 5600; x_wconf 85' lang='lat' dir='ltr'><strong>non</strong></span> <span class='ocrx_word' id='word_1_951' title='bbox 2470 5546 2756 5616; x_wconf 81' lang='lat' dir='ltr'><strong>despiciatis</strong></span> <span class='ocrx_word' id='word_1_952' title='bbox 2780 5542 2940 5615; x_wconf 80' lang='lat' dir='ltr'><strong>(Ibid.</strong></span> <span class='ocrx_word' id='word_1_953' title='bbox 2977 5559 3026 5595; x_wconf 85' lang='grc' dir='ltr'><strong>υ.</strong></span> <span class='ocrx_word' id='word_1_954' title='bbox 3063 5542 3175 5609; x_wconf 80' lang='grc'><strong>15).</strong></span> <span class='ocrx_word' id='word_1_955' title='bbox 3202 5540 3290 5594; x_wconf 89' lang='lat' dir='ltr'><strong>Sic</strong></span> <span class='ocrx_word' id='word_1_956' title='bbox 3317 5538 3461 5594; x_wconf 87' lang='lat' dir='ltr'><strong>domi</strong></span> <span class='ocrx_word' id='word_1_957' title='bbox 3486 5554 3584 5592; x_wconf 87' lang='lat' dir='ltr'><strong>nos</strong></span> <span class='ocrx_word' id='word_1_958' title='bbox 3613 5541 3694 5594; x_wconf 81' lang='lat' dir='ltr'><strong>fa-</strong></span> 
     </span>
    </p>
   </div>
   <div class='ocr_carea' id='block_1_121' title="bbox 2128 5628 3698 5704">
    <p class='ocr_par' dir='ltr' id='par_1_121' title="bbox 2128 5628 3698 5704">
     <span class='ocr_line' id='line_1_121' title="bbox 2128 5628 3698 5704; baseline -0.007 -8"><span class='ocrx_word' id='word_1_959' title='bbox 2128 5641 2336 5696; x_wconf 85' lang='lat' dir='ltr'><strong>cimus:</strong></span> <span class='ocrx_word' id='word_1_960' title='bbox 2364 5655 2485 5694; x_wconf 92' lang='lat' dir='ltr'><strong>cu</strong></span> <span class='ocrx_word' id='word_1_961' title='bbox 2538 5638 2672 5693; x_wconf 85' lang='lat' dir='ltr'><strong>duos</strong></span> <span class='ocrx_word' id='word_1_962' title='bbox 2708 5634 2954 5691; x_wconf 83' lang='lat' dir='ltr'><strong>videmus</strong></span> <span class='ocrx_word' id='word_1_963' title='bbox 2993 5633 3294 5704; x_wconf 84' lang='lat' dir='ltr'><strong>litigantes,</strong></span> <span class='ocrx_word' id='word_1_964' title='bbox 3330 5628 3557 5687; x_wconf 89' lang='lat' dir='ltr'><strong>scorsim</strong></span> <span class='ocrx_word' id='word_1_965' title='bbox 3583 5630 3698 5685; x_wconf 87' lang='lat' dir='ltr'><strong>sin—</strong></span> 
     </span>
    </p>
   </div>
  </div>
