4010 6128
368 291 460 344 HI

364 405 513 472 gulos
542 404 864 474 accipientes
904 407 1168 459 contraria
1211 407 1573 461 cohortamur.
1605 407 1693 462 Sic
1723 415 1777 462 et
1803 407 1942 462 Deus

367 494 491 548 fecit
517 503 564 549 el
598 495 808 566 Moyses
848 511 1098 564 quoque:
1131 513 1250 549 nam
1299 498 1407 550 Deo
1450 498 1696 552 dicebat:
1731 499 1792 552 Si
1831 501 1945 568 qui-

365 585 477 637 dem
505 586 712 637 dimittis
743 595 1000 654 peccatum
1023 588 1166 655 ipsis,
1190 586 1418 651 dimitte;
1445 589 1525 641 sin
1558 588 1745 650 minus,
1779 599 1827 640 et
1865 605 1944 642 me

364 674 476 727 dele
501 672 693 741 (Exod.
723 675 812 729 52.
842 677 928 730 51.
963 676 1090 745 32);
1127 677 1231 728 illis
1259 691 1387 730 vero
1420 679 1669 746 praacepit
1692 719 1706 738 .
1738 687 1795 732 ut
1821 692 1942 733 sese

369 775 557 819 mutuo
578 767 919 830 occiderent,
945 776 1102 836 atque
1127 779 1381 836 cognatos
1410 785 1616 825 omnes.
1663 772 1820 842 Atqui
1854 773 1940 825 illa

363 859 630 910 cmttraria
675 867 862 920 erant,
893 867 946 912 et
973 868 1145 911 tamen
1187 859 1251 913 ad
1297 862 1540 914 eumdem
1583 864 1738 916 linem
1779 865 1938 917 ambo

366 947 742 1016 respiciebant.
788 949 1015 1001 Rursum
1057 949 1197 1002 Deus
1223 950 1422 1020 Moysi,
1453 951 1650 1006 Judaeis
1675 953 1936 1008 audienti-

345 1038 462 1091 ‘bus
481 1040 721 1093 diccbat:
747 1039 956 1092 Dimitte
975 1058 1070 1106 me,
1097 1051 1141 1094 et
1168 1053 1420 1095 conteram
1445 1047 1708 1112 populum.
1733 1045 1936 1100 Etiam-

362 1128 405 1181 si
437 1129 576 1183 enim
619 1144 725 1182 non
765 1129 1051 1196 adt-ssent,
1099 1147 1219 1185 cum
1271 1133 1408 1187 Deus
1453 1133 1565 1188 hare
1612 1137 1845 1198 diceret,
1885 1145 1937 1190 at

363 1219 478 1274 [nec
505 1230 683 1288 postea
722 1223 951 1275 audituri
985 1233 1170 1286 erant;
1213 1228 1435 1278 seorsim
1462 1241 1589 1280 vero
1615 1227 1696 1280 his
1719 1237 1934 1281 contra-

363 1309 438 1361 ria
478 1310 708 1363 mandat.
753 1311 820 1365 Et
861 1314 972 1366 lucc
1003 1314 1212 1384 Moyses
1235 1325 1416 1383 postea
1448 1327 1664 1371 coactus
1689 1318 1826 1372 dixit
1855 1319 1935 1373 bis

361 1401 539 1460 verbis
568 1419 581 1455 :
613 1401 875 1472 Numquid
897 1422 985 1474 ego
1013 1405 1128 1458 illos
1148 1407 1200 1458 in
1230 1416 1370 1460 utero
1399 1409 1639 1478 concepi,
1669 1411 1786 1478 quia
1809 1409 1935 1462 dicis

362 1491 521 1556 mihi,
554 1492 705 1546 Gesta
746 1510 828 1547 eos
866 1497 998 1548 sicut
1025 1507 1185 1565 gestat
1214 1498 1386 1550 nutrix
1428 1499 1691 1552 lactentem
1731 1501 1783 1552 in
1820 1501 1932 1553 sinu

359 1598 450 1634 suo
483 1581 666 1652 (Num.
709 1583 955 1651 11.12)?
998 1585 1123 1638 [late
1171 1587 1222 1639 in
1270 1586 1514 1641 domibus
1561 1604 1772 1658 quoque
1818 1589 1930 1643 ﬁeri

360 1675 554 1727 solent.
600 1673 810 1727 Etenim
854 1689 994 1742 Stepe
1023 1686 1169 1742 pater
1200 1677 1539 1746 paedagogum
1567 1720 1582 1740 ,
1627 1681 1716 1748 qui
1764 1680 1930 1734 ﬁlium

356 1764 648 1829 corripuit,
677 1777 918 1816 seorsum
949 1765 1187 1834 increpat
1213 1767 1293 1820 his
1322 1768 1495 1821 verbis
1515 1811 1530 1835 ,
1561 1769 1636 1822 Ne
1665 1771 1738 1822 sis
1767 1771 1932 1825 durus

357 1863 409 1904 et
440 1867 625 1918 asper;
659 1869 820 1920 puero
842 1865 1016 1908 autem
1045 1857 1308 1910 contraria
1331 1859 1459 1912 dicit
1483 1877 1497 1912 :
1524 1861 1740 1913 Etiamsi
1770 1871 1818 1916 te
1846 1863 1928 1914 in-

353 1941 494 2008 juste
529 1945 785 2012 corrigat,
821 1944 869 1995 id
900 1945 1098 2008 tolera;
1128 1962 1192 1999 ex
1223 1949 1508 2014 contrariis
1536 1966 1698 2003 tmum
1729 1959 1782 2004 et
1813 1954 1930 2020 qui-

362 2031 482 2086 dem
512 2033 641 2086 utile
675 2048 884 2101 parans.
942 2035 1014 2088 Ita
1068 2052 1276 2105 quoque
1322 2037 1515 2094 Paulus
1560 2041 1696 2095 bene
1743 2043 1928 2095 valen-

353 2122 494 2176 tibus
545 2123 801 2178 mendicis
854 2124 1064 2179 dicebat
1111 2145 1123 2179 :
1174 2128 1234 2181 Si
1296 2130 1408 2197 quis
1460 2146 1560 2183 non
1620 2131 1721 2184 vult
1778 2132 1926 2186 tabo-

351 2230 500 2277 rare,
550 2230 640 2267 nec
685 2216 950 2270 manducet
1001 2219 1077 2286 (2.
1121 2218 1296 2273 Thess.
1325 2221 1374 2273 5.
1408 2221 1532 2291 10);
1583 2233 1639 2276 ut
1683 2223 1747 2276 ad
1793 2238 1926 2292 opus

356 2305 479 2360 illos
520 2309 803 2370 excitaret;
851 2309 915 2361 iis
959 2324 1089 2363 vero
1133 2311 1222 2380 qui
1268 2311 1658 2381 eleemosynam
1705 2329 1926 2382 erogare

352 2406 608 2465 possent:
674 2397 771 2451 Vos
821 2409 985 2454 autent
1033 2401 1395 2469 benefacientes
1443 2421 1505 2456 ne
1547 2406 1827 2472 deﬁciatis;
1869 2415 1926 2460 ut

353 2488 474 2542 illos
501 2488 566 2541 ad
594 2489 986 2560 eleemosynam
1020 2492 1335 2559 impelleret.
1366 2493 1454 2546 Sic
1477 2509 1596 2546 cum
1626 2511 1718 2548 eos
1743 2497 1829 2564 qui
1857 2512 1922 2551 ex

349 2577 632 2647 gentilibus
662 2579 725 2632 ad
759 2579 913 2632 ﬁdem
942 2590 1311 2644 accesserant,
1359 2584 1409 2636 in
1452 2584 1684 2651 Epistula
1718 2587 1782 2639 ad
1813 2587 1921 2640 Ro-

353 2685 536 2723 manos
565 2669 713 2740 (Cap.
741 2673 825 2724 11.
853 2688 900 2724 υ.
927 2673 1015 2742 17)
1041 2673 1372 2738 hortabatur,
1407 2691 1474 2729 ne
1498 2685 1681 2729 contra
1710 2677 1922 2732 Judatos

349 2761 512 2813 altum
540 2773 808 2830 saperent,
841 2765 1127 2817 oleastrum
1174 2765 1225 2818 in
1275 2765 1506 2818 medium
1533 2768 1788 2833 adducit,
1819 2770 1920 2822 alia

351 2849 453 2913 his,
485 2851 584 2902 alia
624 2852 727 2905 iiiis
755 2853 933 2906 dicere
962 2855 1188 2907 videtur.
1235 2854 1311 2908 Ne
1351 2855 1525 2922 itaque
1556 2861 1604 2910 in
1633 2858 1920 2912 crudelita-

347 2947 456 2992 tem
509 2941 838 3005 incidauuts;
869 2943 962 2996 sed
1011 2943 1288 3018 audiamus
1338 2945 1556 2999 Paulum
1613 2948 1916 3003 dicentem:

344 3027 544 3082 Bonum
569 3033 808 3100 facientes
844 3049 905 3085 ne
951 3033 1215 3101 deﬁciatis.
1263 3035 1552 3090 Audiamus
1581 3039 1916 3093 Servatorem

345 3121 651 3177 dicentem:
685 3123 836 3176 Omni
881 3127 1066 3193 petenti
1121 3135 1167 3180 te
1209 3127 1275 3178 da
1319 3128 1530 3195 (Matth.
1563 3130 1615 3184 5.
1655 3131 1752 3198 42)
1779 3147 1792 3194 ;
1823 3140 1874 3184 et
1899 3172 1914 3196 ,

344 3212 520 3267 Estote
557 3215 936 3280 misericordes,
983 3217 1112 3270 sicut
1158 3216 1310 3270 Pater
1338 3229 1496 3271 vester
1536 3218 1682 3290 (Luc.
1712 3221 1764 3274 6.
1797 3222 1910 3290 56).

343 3303 459 3356 Etsi
489 3304 650 3357 multa
679 3305 906 3366 dixerit,
939 3321 1197 3374 nusquam
1225 3318 1399 3362 tamen
1440 3309 1540 3362 hoc
1572 3310 1776 3377 posuit,
1812 3311 1913 3364 nisi

341 3409 462 3447 cum
507 3394 575 3449 de
623 3396 1056 3450 misericordibus
1095 3397 1312 3452 diceret.
1365 3399 1503 3451 Nihil
1543 3400 1687 3454 enim
1717 3401 1785 3453 ita
1816 3417 1913 3454 nos

339 3485 570 3552 aequales
603 3486 709 3540 Deo
741 3487 896 3553 facit,
927 3496 984 3541 ut
1013 3488 1056 3540 si
1087 3488 1344 3542 beneﬁcia
1374 3498 1705 3556 pnestemus.

407 3574 459 3627 5.
496 3573 752 3643 Pauperes
774 3592 805 3627 a
825 3577 1030 3628 crimine
1053 3577 1379 3642 impudentia:
1400 3578 1735 3632 uindicantur.
1770 3581 1908 3646 Quos

335 3663 486 3715 modo
510 3664 611 3714 sint
633 3664 1018 3730 excipiendi.—
1038 3666 1106 3716 At
1126 3663 1253 3715 nihil
1279 3664 1654 3731 impudentius,
1678 3666 1902 3734 inquies,

336 3766 588 3820 paupere.
641 3751 782 3804 Cur?
824 3767 1136 3820 qumsozan
1187 3753 1309 3821 quia
1359 3769 1645 3808 aceurrens
1674 3756 1905 3811 clamat?

337 3842 426 3893 Vis
453 3842 726 3894 ostendam
757 3857 854 3896 nos
886 3843 987 3895 illis
1017 3844 1183 3896 multo
1208 3859 1326 3898 esse
1359 3845 1815 3912 itnpudentiores?
1845 3849 1900 3901 lu

331 3941 562 3987 mentem
619 3949 838 4000 revoca,
889 3937 1097 4003 quoties
1141 3936 1326 4004 jejunii
1381 3945 1618 4006 tempore
1648 3979 1662 3998 .
1719 3955 1898 3992 mensa

330 4040 552 4092 vespere
580 4025 819 4094 apposita
839 4067 852 4088 ,
879 4036 1171 4094 vocatoque
1200 4027 1477 4090 tnini~tro,
1520 4028 1564 4081 si
1594 4029 1793 4082 tardius
1822 4030 1900 4082 in-

325 4115 571 4176 cederet.
601 4116 778 4169 omnia
808 4117 1041 4169 evertisti
1061 4158 1075 4180 ,
1118 4117 1354 4170 calcibus
1379 4117 1694 4185 obstrepens
1713 4159 1730 4183 ,
1768 4135 1898 4174 con-

326 4209 458 4261 vicia
486 4218 537 4262 ct
565 4209 754 4276 probra
779 4209 1004 4262 efferens
1034 4224 1132 4276 pro
1157 4223 1314 4276 parva
1342 4224 1521 4272 mora;
1555 4212 1654 4264 etsi
1680 4212 1824 4266 noris
1846 4223 1897 4265 le

323 4300 568 4366 quamvis
599 4316 702 4352 non
734 4301 913 4353 statim
934 4341 951 4362 .
983 4311 1100 4368 post
1129 4301 1390 4353 tantillum
1421 4310 1596 4354 tamen
1640 4306 1894 4370 temporis

320 4391 460 4460 large
489 4401 846 4444 comesturum
894 4406 1035 4445 esse.
1079 4392 1236 4460 Atqui
1287 4401 1338 4445 te
1377 4391 1571 4459 ipsum,
1601 4393 1688 4462 qui
1719 4409 1812 4462 pro
1833 4409 1892 4448 re

317 4480 534 4532 minima
581 4481 809 4544 ferocis,
842 4496 944 4534 non
979 4481 1340 4550 impudentem
1370 4496 1530 4535 vocas
1551 4523 1565 4544 ,
1604 4498 1886 4550 pauperem

316 4585 446 4623 vero
466 4611 480 4634 ,
509 4570 600 4638 qui
620 4570 688 4624 de
720 4585 778 4624 re
810 4571 998 4638 majori
1048 4572 1238 4624 metuit
1283 4581 1338 4624 et
1384 4571 1562 4624 tremit
1590 4571 1718 4641 (non
1743 4573 1886 4626 enim

315 4679 514 4717 moram
538 4705 554 4726 ,
601 4664 695 4718 sed
728 4663 918 4716 famem
949 4663 1138 4733 timet),
1169 4677 1326 4716 vocas
1357 4663 1679 4729 petulantem
1707 4671 1761 4716 et
1790 4664 1887 4732 im:

310 4752 632 4822 prudentem,
681 4768 744 4807 ac
785 4753 1088 4822 turpissima
1133 4752 1182 4804 in
1223 4751 1368 4804 illum
1397 4752 1572 4804 omnia
1601 4753 1886 4822 congeris?

307 4846 500 4898 Annon
530 4843 581 4895 id
607 4854 860 4898 extrema:
889 4853 971 4899 est
998 4843 1381 4912 imprudentiae?
1410 4842 1604 4899 Verum
1632 4845 1746 4898 haec
1775 4859 1879 4898 non

305 4934 360 4988 in
389 4941 567 4987 mente
596 4948 870 4987 versamus
890 4976 904 5000 ,
937 4933 1163 5003 ideoque
1189 4933 1308 4987 illos
1334 4934 1588 4988 molestos
1613 4934 1840 4988 dicimus
1863 4953 1877 4990 :

303 5025 447 5095 quod
473 5025 516 5078 si
540 5039 658 5094 qua:
679 5034 859 5077 nostra
887 5036 1009 5079 sunt
1029 5027 1429 5096 exploraremus
1447 5068 1462 5090 ,
1490 5025 1878 5081 conferremus-

302 5132 404 5188 que
433 5131 554 5170 cum
579 5115 732 5168 factis
754 5129 938 5167 eorum
963 5156 976 5176 ,
1007 5132 1110 5168 non
1149 5117 1270 5170 illos
1299 5117 1555 5170 molestos
1592 5116 1879 5171 arbitrare-

300 5224 421 5262 mur
444 5222 585 5262 esse.
613 5205 731 5260 Noli
759 5205 916 5274 igitur
937 5220 1056 5258 esse
1073 5206 1231 5272 judex
1255 5207 1497 5260 acerbus.
1523 5206 1654 5259 Nam
1676 5208 1870 5260 etiam-

298 5301 342 5352 si
371 5300 617 5353 omnibus
640 5297 875 5366 peccatis
899 5310 1095 5350 vacuus
1123 5310 1270 5349 esses
1295 5337 1310 5362 ,
1344 5297 1425 5350 lex
1457 5307 1632 5350 tamen
1657 5298 1746 5351 Dei
1771 5314 1874 5351 non

301 5387 393 5440 tibi
432 5389 669 5455 permisit
707 5387 933 5440 aliorum
967 5386 1100 5440 facta
1130 5385 1207 5439 sic
1235 5395 1482 5440 accurate
1512 5387 1710 5441 rimari.
1743 5387 1874 5442 Nam

265 5475 349 5530 ‘si
396 5477 699 5533 Pharisaeus
743 5477 831 5532 ille
887 5476 1006 5532 ideo
1049 5475 1204 5546 periit
1226 5473 1372 5544 (Luc.
1426 5475 1535 5543 18),
1567 5491 1722 5544 quam
1776 5492 1874 5530 nos

302 5568 706 5620 excusationem
767 5566 1119 5621 habebimus?
1167 5565 1223 5620 Si
1262 5565 1326 5620 iis
1377 5565 1466 5634 qui
1508 5565 1670 5634 probe
1711 5567 1872 5634 gestis

302 5665 557 5710 ornantur
583 5671 688 5711 non
719 5658 972 5728 permittit
1014 5658 1238 5714 aliorum
1284 5657 1419 5712 facta
1461 5658 1650 5713 acerbe
1677 5657 1864 5726 explo-

1110 292 1164 347 S.
1189 291 1466 348 JOANNIS
1506 292 1972 349 CllllYSOSTOMl
2011 293 2323 350 ARClllEP.
2355 296 2883 354 CONSTANTINOP.

3527 302 3636 358 ιη

2056 421 2206 474 rare,
2237 409 2404 462 multo
2435 412 2609 465 minus
2636 411 3024 481 peccatoribus.
3053 409 3131 466 Ne
3150 410 3331 481 itaque
3359 408 3632 468 inhumani

2051 498 2252 560 simus,
2283 515 2351 554 ne
2373 501 2760 567 inexorabiles,
2807 516 2878 555 ne
2921 501 3184 567 immites,
3232 517 3300 556 ne
3326 500 3456 557 feris
3485 506 3634 573 pejo-

2051 601 2155 641 res.
2185 587 2374 643 Multos
2401 592 2598 659 quippe
2625 591 2746 643 novi
2780 590 2830 643 in
2865 599 3064 644 tantam
3095 593 3424 660 processisse
3452 591 3630 647 ferita-

2053 687 2192 744 tem,
2226 690 2283 733 ut
2311 696 2375 734 ex
2413 682 2616 734 desidia
2660 681 2934 735 famelicos
2962 690 3216 750 spernant
3243 721 3260 745 ,
3309 682 3425 736 lucc
3459 685 3632 750 profe-

2050 779 2230 822 rentes
2262 770 2454 833 verba,
2487 770 2601 825 Non
2630 771 2782 825 adest
2802 786 2987 824 servus
3007 811 3020 834 ,
3058 771 3238 840 procul
3287 772 3495 826 aedibus
3534 788 3628 826 su-

2049 876 2167 915 mus
2192 880 2203 914 :
2235 863 2410 917 nullus
2433 864 2685 936 trapezita
2708 863 2835 915 mihi
2860 873 3016 915 notus
3037 871 3136 915 est.
3157 862 3201 916 Ο
3225 861 3626 916 crudelitatem!

2046 952 2196 1016 Quod
2244 952 2416 1020 majus
2454 962 2570 1006 erat
2611 952 2868 1014 effecisti,
2915 963 2968 1006 et
3010 951 3150 1022 quod
3197 951 3374 1006 minus
3400 963 3484 1006 est
3519 968 3628 1006 non

2046 1041 2288 1111 perﬁcis?
2317 1057 2382 1095 ne
2409 1051 2461 1094 tu
2491 1043 2785 1110 plusculum
2816 1041 3031 1096 incedas
3051 1081 3064 1102 ,
3099 1041 3187 1095 ille
3212 1039 3352 1095 fame
3383 1042 3555 1110 perit?
3581 1041 3629 1096 Ο

2043 1133 2453 1187 contumeliam!
2502 1150 2536 1186 ο
2563 1133 2902 1200 superbiam!
2949 1132 3080 1185 Nam
3128 1132 3175 1185 si
3213 1131 3398 1186 decem
3440 1133 3624 1186 stadiis

2043 1224 2307 1287 eundum,
2357 1239 2422 1276 an
2459 1224 2664 1293 pigrum
2711 1238 2829 1278 esse
2867 1223 3136 1292 oportuit?
3167 1238 3271 1276 non
3299 1224 3500 1292 cogitas
3541 1225 3610 1276 ita

2043 1315 2298 1380 majorem
2328 1315 2419 1367 tibi
2451 1315 2750 1366 mercedem
2791 1313 3004 1388 parari?
3042 1313 3174 1366 Nam
3216 1328 3338 1367 cum
3378 1313 3582 1382 largiris
3605 1354 3620 1372 .

2043 1404 2168 1456 doni
2201 1413 2402 1457 tantum
2435 1403 2734 1458 mercedem
2759 1404 2989 1471 accipis;
3021 1413 3074 1457 et
3101 1419 3220 1457 cum
3245 1405 3346 1456 iter
3373 1404 3618 1471 suscipis.

2043 1494 2197 1562 hujus
2225 1511 2436 1564 quoque
2464 1496 2538 1548 rei
2567 1495 2842 1562 praeruium
2872 1495 3160 1562 repositum
3191 1505 3291 1549 est.
3335 1494 3465 1547 Nam
3498 1494 3619 1548 ideo

2039 1587 2388 1654 patriarcham
2433 1588 2708 1653 miramur,
2750 1586 2871 1655 quia
2901 1602 3021 1640 cum
3053 1596 3320 1640 trecentos
3343 1587 3524 1641 decem
3550 1595 3606 1639 et

2037 1686 2160 1729 octo
2191 1692 2378 1728 vernas
2407 1675 2658 1740 haberet,
2689 1677 2754 1730 ad
2786 1677 2947 1730 boves
2976 1677 3267 1741 c0uteudit,
3302 1691 3364 1730 ac
3393 1677 3611 1730 vitulum

2036 1766 2267 1833 abripuit
2302 1765 2455 1833 (Gen.
2483 1767 2568 1819 18.
2595 1763 2670 1836 7).
2700 1765 2850 1819 Nunc
2879 1781 3007 1819 vero
3047 1767 3261 1834 quidam
3309 1775 3455 1820 tanto
3492 1777 3615 1820 sunt

2038 1853 2173 1907 fastu
2196 1854 2380 1922 repleti
2403 1896 2418 1918 ,
2447 1863 2503 1908 ut
2531 1869 2637 1908 non
2663 1864 2949 1908 vereantur
2975 1854 3088 1908 haec
3111 1855 3426 1908 famulorum
3453 1870 3614 1922 opera

2037 1943 2230 1998 facere.
2260 1947 2340 1997 An
2371 1958 2488 1997 mea
2522 1945 2634 2013 ipsa
2665 1959 2828 2014 opera
2856 1945 2908 1997 id
2939 1945 3110 1999 facere
3145 1946 3336 2014 jubes,
3369 1946 3616 2014 inquies,

2034 2051 2208 2089 annon
2238 2035 2460 2090 videbor
2481 2037 2689 2088 inanem
2715 2037 2936 2105 gloriam
2967 2037 3258 2105 aucupari?
3285 2039 3444 2106 Atqui
3473 2055 3613 2091 nunc

2035 2143 2129 2196 per
2157 2127 2301 2180 aliud
2331 2142 2481 2180 vanae
2507 2128 2688 2196 gloriae
2717 2128 2961 2196 genusid
2990 2127 3120 2182 facis
3141 2169 3155 2192 ,
3202 2130 3323 2196 quia
3365 2140 3415 2182 te
3454 2132 3613 2198 pudet

2032 2233 2151 2271 cum
2186 2233 2416 2286 paupere
2447 2218 2752 2286 loquentem
2781 2218 2968 2271 videri.
3021 2217 3213 2272 Verum
3256 2219 3388 2272 nihil
3419 2221 3518 2272 hac
3543 2221 3612 2273 de

2032 2321 2090 2359 re
2115 2306 2421 2375 diligentius
2449 2307 2788 2375 perquiram;
2818 2307 2882 2359 da
2913 2307 3131 2368 Saltem,
3167 2308 3246 2361 vel
3277 2323 3371 2375 per
3398 2317 3484 2372 te,
3525 2309 3612 2362 vel

2032 2412 2128 2465 per
2146 2399 2306 2450 alium
2328 2438 2342 2461 ,
2375 2414 2440 2450 ne
2466 2413 2685 2452 accuses
2713 2414 2999 2466 pauperem
3021 2439 3034 2460 ,
3064 2415 3131 2453 ne
3159 2399 3365 2464 czcdas,
3396 2416 3461 2454 ne
3481 2415 3608 2454 con-

2030 2487 2275 2551 vieieris;
2303 2487 2552 2540 remediis
2578 2488 2744 2551 enim,
2775 2504 2878 2540 non
2907 2488 3247 2552 vulneribus,
3291 2504 3423 2556 opus
3447 2490 3606 2543 habet

2030 2576 2076 2630 is
2107 2577 2196 2645 qui
2229 2577 2472 2641 accedit;
2513 2578 2914 2642 misericordia,
2961 2595 3065 2630 non
3113 2578 3309 2647 gladio.
3354 2580 3410 2633 Si
3449 2582 3603 2649 quis,

2027 2681 2228 2734 quaeso,
2259 2666 2428 2734 lapide
2451 2681 2732 2734 percussus
2755 2666 2879 2720 etin
2903 2668 3076 2734 capite
3101 2668 3429 2733 vulneratus,
3453 2679 3604 2722 cmtc-

2033 2759 2106 2810 ris
2134 2759 2335 2812 relictis
2363 2757 2430 2811 ad
2459 2768 2510 2812 te
2535 2768 2839 2813 occurreret
2876 2760 3130 2829 sanguine
3159 2763 3402 2827 perfusus
3423 2803 3437 2825 ,
3468 2777 3604 2816 num

2025 2847 2196 2900 altero
2222 2848 2369 2900 illum
2401 2848 2575 2915 lapide
2597 2849 2857 2918 impetens
2886 2850 3026 2902 aliud
3061 2851 3172 2919 ipse
3196 2851 3455 2919 adjiceres
3481 2855 3600 2906 vul-

2025 2939 2164 2992 nus?
2203 2937 2314 2991 Non
2357 2939 2516 2992 credo
2561 2940 2774 3008 utique,
2819 2939 2912 2993 sed
2945 2950 3174 2994 tentares
3203 2942 3274 2994 illi
3307 2943 3599 2998 remedium

2023 3029 2235 3083 afferre.
2280 3029 2388 3084 Cur
2426 3045 2555 3098 ergo
2590 3030 2731 3083 circa
2775 3045 3036 3098 pauperes
3061 3031 3383 3084 contrarium
3427 3031 3600 3086 facis?

2023 3123 2102 3173 An
2133 3121 2305 3174 nescis
2330 3130 2587 3190 quantum
2619 3122 2784 3189 possit
2811 3123 2982 3174 oratio
3023 3123 3104 3176 vel
3145 3123 3321 3177 levare
3349 3124 3429 3176 vel
3458 3124 3595 3192 deji-

2021 3211 2176 3264 cere?
2225 3210 2410 3264 Melior
2437 3211 2578 3265 enim
2611 3221 2714 3276 est,
2767 3213 2973 3280 inquit,
3017 3229 3182 3266 sermo
3219 3230 3370 3282 quam
3408 3217 3597 3268 donum

2023 3301 2210 3371 (Ereti.
2243 3301 2331 3356 18.
2362 3302 2475 3368 16).
2505 3301 2620 3356 Νοη
2663 3311 2833 3356 tecmn
2871 3311 3116 3370 reputas,
3147 3313 3198 3357 te
3229 3303 3320 3356 tibi
3360 3304 3458 3372 ipsi
3485 3306 3595 3373 gla-

2017 3392 2161 3445 dium
2186 3393 2494 3460 admovere,
2525 3403 2680 3462 teque
2708 3392 2900 3446 vulnus
2928 3393 3294 3449 vehementius
3315 3396 3555 3465 accipere
3573 3437 3588 3460 ,

2015 3496 2134 3534 cum
2163 3483 2249 3536 ille
2278 3483 2520 3536 convicio
2549 3481 2770 3536 affectus
2799 3483 3112 3546 recesserit,
3143 3483 3269 3537 dum
3307 3484 3470 3538 silens
3505 3485 3588 3539 in-

2013 3569 2207 3636 gemit,
2257 3578 2312 3623 et
2354 3572 2576 3623 multum
2622 3570 2985 3641 lacrymatur?
3028 3570 3161 3624 Nam
3200 3587 3228 3624 a
3277 3572 3388 3626 Deo
3430 3573 3494 3626 ad
3537 3583 3588 3628 te

2012 3662 2258 3714 mittitur.
2283 3659 2468 3730 Cogita
2498 3676 2627 3730 ergo
2647 3701 2663 3726 ,
2707 3661 2832 3714 dum
2865 3661 2937 3715 illi
2965 3661 3301 3729 conviciaris,
3332 3663 3397 3717 ad
3428 3679 3584 3732 quem

2012 3751 2302 3805 transferas
2345 3752 2678 3817 convicium,
2727 3768 2848 3808 cum
2895 3753 3035 3808 Deus
3081 3752 3146 3807 ad
3195 3761 3248 3807 te
3290 3755 3491 3819 mittat,
3533 3766 3587 3808 et

2007 3858 2228 3912 erogare
2265 3843 2570 3910 jubeat,'tu
2598 3859 2724 3898 vero
2750 3859 2855 3898 non
2885 3843 3043 3898 modo
3088 3860 3193 3897 non
3232 3843 3346 3907 des,
3389 3845 3480 3898 sed
3529 3853 3584 3900 et

2006 3935 2346 3988 accedentem
2381 3935 2636 3989 conviciis
2667 3935 2930 4002 impetus?
2956 3933 3009 3989 Si
3050 3949 3209 4004 porro
3238 3934 3580 3989 absurditatis

2006 4023 2423 4091 magnitudinem
2475 4024 2686 4091 ignoras
2705 4063 2720 4088 ,
2769 4025 2822 4076 in
2850 4023 3154 4077 hominibus
3184 4024 3233 4078 id
3264 4025 3574 4086 considera,

2001 4125 2055 4168 et
2081 4125 2204 4169 tunc
2234 4116 2434 4182 peccati
2461 4117 2777 4183 gravitatem
2817 4129 3094 4184 agnosces.
3136 4115 3190 4171 Si
3216 4117 3360 4170 enim
3389 4132 3576 4170 servus

2002 4213 2125 4256 tuus
2151 4219 2180 4255 a
2211 4212 2261 4258 te
2290 4203 2356 4256 ad
2387 4204 2549 4256 alium
2587 4218 2801 4258 servum
2840 4205 3033 4257 missus
3054 4244 3070 4267 ,
3121 4203 3190 4258 de
3229 4210 3388 4257 nfann
3434 4205 3576 4257 illius

1997 4303 2274 4362 argentum
2305 4303 2450 4347 tuum
2482 4303 2825 4362 accepturus,
2867 4309 2972 4347 non
3004 4295 3162 4348 modo
3188 4296 3368 4348 vacuis
3398 4296 3571 4349 mani-

1997 4383 2093 4435 bus
2121 4383 2348 4446 rediret,
2393 4384 2486 4437 sed
2524 4386 2682 4438 etiam
2717 4382 2924 4450 injuriis
2958 4384 3272 4446 lacessitus,
3304 4383 3431 4453 quid
3465 4399 3570 4438 non

1993 4484 2176 4528 contra
2207 4476 2588 4529 eonviciantem
2621 4475 2854 4529 faceres?
2893 4484 3026 4542 quas
3055 4491 3160 4529 non
3187 4476 3428 4546 exigeres
3457 4492 3570 4544 pte-

1991 4579 2108 4625 nas,
2136 4580 2256 4619 cum
2287 4575 2338 4618 tu
2370 4566 2482 4635 ipse
2523 4564 2840 4618 contumelia
2883 4560 3106 4618 allectus
3147 4566 3336 4618 esses?
3379 4565 3470 4619 Sic
3498 4565 3567 4620 de

1992 4655 2101 4709 Deo
2119 4656 2290 4724 cogita
2317 4673 2331 4708 :
2357 4655 2470 4724 ipse
2494 4669 2721 4723 namque
2747 4663 2830 4709 est
2855 4655 2943 4722 qui
2975 4653 3042 4707 ad
3085 4667 3182 4706 nos
3226 4655 3388 4706 mittit
3430 4669 3563 4722 pau-

1989 4761 2177 4814 peres,
2203 4755 2259 4800 et
2281 4761 2396 4815 qua:
2432 4746 2596 4814 ipsius
2625 4752 2752 4798 sunt
2786 4744 3059 4812 largimur,
3095 4744 3139 4797 si
3169 4743 3378 4798 damus.
3410 4743 3563 4811 Quod

1985 4836 2030 4888 si
2061 4846 2252 4904 negato
2273 4836 2414 4891 dono
2431 4835 2590 4890 etiam
2616 4835 2935 4889 contumelia
2963 4834 3181 4888 affectos
3205 4835 3558 4899 remittamus,

1985 4929 2157 4994 cogita
2200 4927 2390 4995 quibus
2416 4925 2724 4979 fulminibus
2751 4925 2966 4993 dignum
3005 4939 3137 4992 Opus
3168 4923 3397 4979 edimus.
3431 4923 3560 4978 Hrec

1986 5017 2162 5084 itaque
2181 5017 2358 5070 omnia
2379 5015 2695 5084 cogitantes,
2727 5023 2782 5068 ct
2808 5013 3037 5082 linguam
3070 5011 3362 5078 fronemus,
3393 5022 3448 5066 et
3476 5013 3560 5066 in-

1983 5107 2366 5161 humanitatem
2413 5107 2705 5176 pellamus,
2738 5111 2793 5156 et
2821 5117 3011 5156 manus
3048 5102 3116 5156 ad
3162 5103 3556 5172 eleemosynam

1981 5200 2331 5255 extendamus
2354 5216 2366 5252 :
2397 5214 2567 5266 neque
2594 5196 2831 5266 pecuniis
2852 5195 3047 5260 solum,
3070 5191 3166 5248 sed
3193 5193 3356 5248 etiam
3382 5193 3556 5246 verbis

1979 5307 2178 5360 egenos
2203 5291 2542 5345 consolemur
2562 5330 2577 5354 ,
2600 5298 2657 5342 ut
2687 5297 2740 5343 et
2767 5286 3214 5342 contumeliarum
3243 5299 3453 5353 poenam
3483 5282 3558 5335 [υς

1927 5377 1939 5388 ’
1979 5383 2217 5450 giamtts,
2259 5391 2314 5437 et
2347 5397 2413 5436 ex
2459 5380 2829 5436 benedictione
2871 5388 2926 5433 et
2966 5379 3303 5447 eleemosyna
3331 5390 3554 5444 regnmn

1978 5474 2334 5539 obtineamus,
2357 5473 2526 5541 gratia
2556 5480 2609 5528 et
2630 5471 2956 5541 benignitate
2980 5467 3191 5522 Domini
3225 5467 3394 5521 nostri
3424 5463 3555 5520 Iesu

1976 5563 2200 5627 Christi,
2227 5563 2310 5618 cui
2338 5563 2504 5633 gloria
2535 5573 2590 5619 et
2611 5563 2889 5634 imperium
2912 5563 2965 5617 in
2996 5558 3188 5615 smcula
3209 5557 3554 5613 saeculorum.

1981 5658 2171 5711 Amen.
