4010 6128
150 339 245 392 6ίί

147 449 310 520 ἀφεῖς
329 448 374 481 ’⁸
405 443 610 510 αὐτοῖς
652 441 767 509 τὴν
791 438 1114 510 ἁμαρτίαν,
1131 439 1281 506 ἄφες
1303 456 1316 470 ·
1355 441 1485 493 ἐπεὶ
1510 441 1662 508 κάμὲ
1706 440 1804 503 ἐξ-

142 538 386 604 ἄλειψον
408 548 422 562 °
456 532 638 593 αὐτοῖς
667 528 722 580 δὲ
745 526 962 580 ἐκέλευε
985 525 1387 594 κατασφάττειν
1419 525 1682 595 ἀλλήλους
1709 526 1802 578 καὶ

140 623 262 684 τοὺς
285 618 656 689 προσήκοντας
687 615 951 674 ἅπαντας.
973 612 1166 664 Καίτοι
1191 610 1362 663 ταῦτα
1381 611 1600 664 ἐναντία
1628 611 1797 674 ἐστὶν,

139 708 251 762 ἀλλ’
278 707 432 775 ὅμως
458 705 537 764 είς
566 702 624 754 ἐν
653 700 939 770 ἀμφότερα
977 697 1169 749 ἐϐλεπε
1207 696 1378 758 τέλος.
1415 697 1582 749 Πάλιν
1610 699 1638 748 6
1670 697 1800 759 Θεὸς

137 794 211 866 τῷ
245 793 340 864 μέν
393 791 638 853 Μωῦσεῖ,
689 786 957 839 Ἰουδαίων
1003 783 1330 846 ἀκουόντων,
1361 783 1581 852 ἐλεγενο
1625 785 1801 852 Ἄφες

134 897 224 950 με,
256 877 352 933 καὶ
379 876 640 944 ἑκτρίψω
671 873 780 924 τὸν
816 872 970 925 λαὸν
1020 871 1088 941 (εί
1118 869 1226 940 γάρ
1255 871 1348 922 καὶ
1394 869 1468 939 μὴ
1519 868 1797 940 παρῆσαν,

137 965 302 1018 ταῦτα
333 963 582 1031 λέγοντος
607 959 700 1013 τοῦ
724 957 881 1016 Θεοῦ.
916 956 1028 1009 ἀλλ’
1058 955 1280 1026 ἔμελλον
1307 957 1446 1008 αὑτά
1472 954 1802 1008 ἀκούσεσθαι

140 1050 396 1120 ὕστερον)’
431 1047 549 1101 κατ’
577 1046 710 1100 ἰδίαν
739 1045 795 1097 δέ
826 1044 1084 1097 τάναντία
1108 1043 1314 1096 τούτων
1344 1041 1493 1112 αύτῷ
1525 1043 1800 1112 παραινεῖ.

137 1140 241 1192 Καὶ
280 1138 452 1190 ταῦτα
495 1134 736 1204 Μωῡσῆς
782 1132 1145 1202 ἀναγκασθεὶς
1193 1132 1416 1204 ὕστερον
1458 1131 1804 1199 ἐξελάλησεν,

135 1225 269 1278 οὕτω
289 1225 462 1292 λέγων
481 1239 494 1252 ·
541 1221 638 1289 Μὴ
666 1221 775 1290 γὰρ
808 1219 922 1285 ἐγὼ
953 1217 1176 1284 αὐτοὺς
1210 1219 1280 1272 ἐν
1319 1219 1528 1288 γαστρὶ
1556 1218 1800 1282 ἔλαϐον,

136 1312 219 1364 ὅτι
241 1309 437 1378 λέγεις
461 1304 824 1378 μοι,⁷Αρον²⁹
843 1303 1086 1369 αὐτοὺς,
1106 1305 1185 1369 ὡς
1205 1303 1282 1357 ἂν
1303 1304 1416 1371 ἄρῃ
1439 1303 1676 1370 τιθηνὸς
1695 1304 1803 1355 τὸν

137 1394 457 1464 θηλάζοντα
504 1396 589 1459 είς
641 1393 748 1445 τόν
773 1392 1007 1444 κόλπον
1035 1390 1258 1458 αὺτῆς;
1291 1389 1475 1442 Ταῦτα
1509 1389 1603 1441 καὶ
1640 1391 1698 1441 ἐν
1724 1391 1804 1441 οἰ-

80 1508 83 1510 ·
135 1484 270 1546 κίαις
302 1482 543 1550 γίνεταιο
581 1479 676 1534 καὶ
713 1478 972 1541 πολλάκις
1010 1477 1190 1549 πατὴρ
1223 1476 1300 1547 τῷ
1338 1477 1437 1547 μὲν
1469 1476 1802 1546 παιδαγωγῷ

134 1570 218 1622 τὸν
252 1568 414 1622 παῖδα
442 1567 723 1637 ὑϐρίσαντι
750 1565 869 1618 κατ’
902 1564 1034 1616 ἰδίαν
1066 1565 1294 1634 ἐπιτιμᾷ
1328 1562 1534 1631 λέγων·
1568 1563 1660 1632 Μὴ
1708 1563 1800 1614 ἐςο

132 1655 348 1724 τραχὺς,
377 1653 515 1723 μηδέ
535 1652 767 1722 σκληρός
785 1667 800 1681 ·
829 1649 907 1719 τῷ
929 1650 986 1701 δέ
1007 1650 1112 1718 νέῳ
1140 1651 1208 1700 τά
1234 1649 1448 1701 ἐναντία
1466 1647 1614 1714 λέγει
1633 1664 1647 1677 ο
1677 1648 1798 1700 Κάν

133 1741 320 1803 ἀδίκως
341 1740 560 1811 ὑϐρίζῃ,
586 1739 717 1807 φέρε
734 1753 748 1766 ο
770 1737 879 1789 ἀπὸ
903 1736 1011 1788 τῶν
1029 1735 1284 1788 ἐναντίων
1313 1735 1372 1787 ἓν
1394 1752 1446 1787 τι
1461 1736 1505 1766 ³ο
1529 1735 1797 1805 χρήσιμον

133 1826 394 1894 συνάγων.
413 1825 566 1877 Οῦτω
583 1825 675 1876 καὶ
696 1823 922 1886 Παῦλος,
937 1824 1046 1884 τοῖς
1072 1823 1168 1892 μὲν
1190 1821 1491 1888 ὑγιαίνουσι
1514 1823 1604 1874 καὶ
1628 1838 1796 1891 προσ-

131 1913 360 1966 αιτοῦσιν
385 1912 568 1979 ἔλεγεν
587 1929 601 1941 ο
617 1910 692 1964 El
705 1927 794 1974 τις
809 1911 878 1962 οὐ
895 1909 1053 1962 θέλει
1073 1906 1434 1976 ἐργάζεσθαι,
1443 1907 1598 1976 μηδὲ
1613 1908 1797 1961 ἐσθιέ-

132 2017 224 2064 τω,
252 1999 338 2052 ἵνα
366 1999 564 2060 αὐτοὺς
591 1997 670 2058 είς
692 1995 852 2067 ἐργον
872 1995 1084 2066 ἐμϐάλῃ
1104 2010 1120 2026 ο
1155 1998 1266 2057 τοῖς
1284 1995 1344 2047 δέ
1373 1994 1539 2046 ἐλεεῖν
1567 1994 1796 2062 δυναμέ-

132 2091 262 2152 νοιςξ⁰
279 2087 291 2104 ⁸
305 2085 479 2153 Υμεῐς
499 2084 567 2136 δὲ
584 2084 650 2136 τὸ
675 2083 868 2136 καλὸν
886 2083 1200 2146 ποιοῦντες
1215 2082 1302 2150 μὴ
1325 2082 1709 2148 ἐκκακήσητε
1725 2081 1792 2146 ³³,

137 2171 218 2226 ἵνα
240 2171 435 2233 αὐτοὺς
464 2171 544 2232 είς
571 2168 942 2239 ἐλεημοσύνην
971 2169 1176 2238 ἀγάγῃ.
1198 2167 1354 2220 Οῦτω
1385 2168 1476 2219 καὶ
1499 2168 1660 2236 ἡνίκα
1684 2170 1795 2231 τοῖς

132 2259 189 2322 ἐξ
210 2257 373 2310 ἐθνῶν
406 2255 637 2325 παρῄνει
673 2257 730 2306 ἐν
761 2257 827 2323 τῇ
861 2253 998 2322 πρὸς
1047 2252 1352 2322 Ῥωμαίους
1384 2253 1671 2324 Ἐπιστολῇ
1719 2254 1796 2324 μὴ

133 2344 509 2415 ὑψηλοφρονεῖν
551 2341 693 2394 κατὰ
732 2341 843 2393 τῶν
884 2340 1176 2404 Ἰουδαίων,
1212 2341 1307 2391 καὶ
1353 2340 1450 2411 τὴν
1476 2341 1794 2411 ἀγριελαίαν

132 2432 445 2502 παρήγαγεν
486 2431 564 2492 είς
611 2428 797 2498 μέσον,
844 2428 940 2479 καὶ
984 2427 1117 2479 ἄλλα
1168 2426 1268 2495 μὲν
1304 2427 1536 2492 τούτοις,
1568 2428 1702 2481 ἄλλα
1737 2428 1793 2480 δὲ

131 2518 350 2581 ἐκείνοις
382 2516 628 2586 φαίνεται
655 2514 846 2581 λέγων.
883 2513 974 2584 Μὴ
1022 2513 1199 2565 τοίνυν
1228 2515 1308 2576 είς
1344 2513 1603 2584 ὡμότητα
1628 2514 1804 2566 ἐκπέι

133 2621 329 2674 σωμεν,
373 2604 490 2656 ἀλλ’
515 2601 838 2670 ἀκούσωμεν
885 2599 1097 2652 Παύλου
1151 2599 1427 2666 λέγοντοςο
1479 2601 1546 2652 Τὸ
1601 2600 1793 2654 καλὸν

130 2692 436 2755 ποιοῦντες
457 2687 542 2757 μὴ
583 2688 887 2741 ἐκκακεῐτε
917 2687 960 2717 ³³
984 2703 997 2716 ·
1032 2685 1351 2756 ἀκούσωμεν
1379 2685 1472 2738 τοῦ
1517 2688 1789 2740 Δεσπότου

131 2779 400 2847 λέγοντος·
438 2777 623 2829 Παντὶ
654 2774 735 2840 τῷ
755 2774 1022 2828 αἰτοῦντί
1042 2790 1115 2826 σε
1137 2772 1338 2828 δίδουο
1383 2775 1496 2838 καὶ,
1534 2775 1792 2829 Γίνεσθε

133 2865 500 2931 οἰκτίρμονες
532 2861 611 2926 ὠς
640 2865 672 2913 ό
698 2859 902 2928 Πατὴρ
930 2859 1116 2927 ὑμῶν.
1161 2861 1350 2912 Καίτοι
1394 2859 1565 2912 πολλὰ
1594 2860 1784 2925 εἰπὼν,

129 2951 358 3020 οὐδαμοῦ
386 2949 545 3003 τοῦτο
571 2947 830 3012 τέθεικεν,
865 2946 978 2998 ἀλλ’
1005 2947 1098 2998 ἐπὶ
1133 2945 1240 2999 τῶν
1271 2947 1570 3017 οἰκτιρμῶν
1607 2948 1786 3018 μόνον.

131 3036 285 3089 Οὐδὲν
313 3035 420 3106 γὰρ
449 3037 594 3104 ἡμᾶς
630 3035 777 3097 ἴσους
806 3033 923 3104 Θεῷ
952 3035 1112 3098 ποιεῖ,
1139 3033 1215 3096 ὡς
1243 3032 1304 3084 τὸ
1332 3034 1662 3104 εὐεργετεῖν.

196 3122 256 3175 ε’.
297 3122 436 3174 Ἀλλ’
463 3121 613 3173 οὑδέν
637 3120 1012 3190 ἀναιδέστερον
1031 3157 1045 3180 ,
1071 3119 1224 3188 φησὶ,
1245 3120 1495 3188 πένητος.
1528 3120 1678 3171 Διατί
1707 3121 1787 3184 ³³;

131 3206 427 3279 παρακαλῶ
453 3223 466 3238 ο
499 3207 579 3258 ὅτι
614 3205 913 3274 ἐπιτρέχων
939 3203 1212 3272 καταϐοᾷς
1265 3203 1454 3254 Βούλει
1485 3200 1576 3255 οὖν
1609 3203 1786 3268 δείξω,

129 3292 208 3345 ὅτι
252 3293 477 3347 ἐκείνων
517 3292 678 3359 ἡμεῖς
722 3292 886 3358 ἐσμεν
915 3288 1407 3358 ἀναισχυντότεροι,
1452 3288 1546 3340 καὶ
1582 3289 1788 3359 σφόδρα

131 3379 394 3444 ἁναιδεῖς;
436 3374 836 3448 Ἀναμνήσθητί
861 3390 950 3444 μοι
979 3373 1074 3425 νῦν
1103 3375 1161 3425 ἐν
1181 3373 1358 3444 καιρῷ
1379 3374 1477 3443 τῆς
1506 3376 1783 3442 νηστείας,

133 3466 354 3527 ποσάκις
410 3463 690 3533 τραπέζης
742 3461 1153 3532 παρακειμένης
1206 3462 1263 3512 ἐν
1325 3461 1558 3532 ἑσπέρᾳ,
1612 3462 1703 3514 τὸν
1739 3463 1786 3499 ³⁸

133 3551 501 3622 ὑπηρετοῦντα
522 3549 740 3620 οἰκέτην
763 3549 1016 3611 καλέσας,
1046 3548 1132 3600 ἵνα
1165 3547 1538 3619 σχολαιότερον
1571 3549 1782 3620 βαδίσῃ,

134 3638 306 3691 πάντα
349 3637 674 3708 ἀνέτρεψας,
724 3636 1012 3699 λακτίζων,
1049 3634 1304 3704 ὑϐρίζων,
1362 3634 1786 3706 λοιδορούμενος,

133 3721 265 3795 ὑπὲρ
281 3724 547 3793 ἀναϐολῆς
569 3723 726 3794 μόνον
751 3724 972 3792 μικράς·
997 3721 1147 3793 [405]
1173 3721 1345 3773 καίτοι
1377 3722 1580 3792 σφόδρα
1608 3721 1784 3786 εἰδὼς,

131 3809 208 3863 δτι
240 3811 342 3864 κᾶν
372 3810 449 3881 μὴ
480 3809 702 3872 εὐθέως,
729 3809 861 3862 άλλά
895 3808 1088 3878 μικρὸν
1121 3806 1345 3876 ὕστερον
1379 3806 1658 3878 ἀπολαύσῃ
1687 3809 1787 3878 τῆς

131 3893 344 3965 ἐδωδῆς.
382 3890 518 3947 Εἶτα
561 3894 754 3947 σαυτὸν
787 3894 882 3963 μὲν
911 3895 1051 3964 ὑπὲρ
1079 3895 1171 3948 τοῦ
1220 3894 1446 3964 μηδενὸς
1493 3894 1784 3964 ἐκθηριού-

134 3996 284 4049 μενον
304 3981 366 4034 οὐ
410 3981 596 4041 καλεῖς
633 3982 1002 4048 ἀναίσχυντον,
1031 3981 1124 4033 τὸν
1165 3982 1222 4032 δέ
1259 3981 1468 4051 πένητα
1499 3982 1590 4035 τὸν
1641 3982 1784 4053 ὑπὲρ

127 4064 233 4119 τῶν
261 4067 525 4136 μειζόνων
567 4065 840 4119 δεδοικότα
878 4066 971 4118 καὶ
999 4066 1267 4136 τρέμοντα
1323 4067 1460 4136 (οὑδὲ
1509 4068 1616 4138 γὰρ
1657 4069 1785 4138 περὶ

132 4154 454 4224 μελλήσεως,
491 4153 628 4206 ἀλλά
648 4152 778 4221 περὶ
799 4151 957 4222 λιμοῦ
986 4154 1092 4214 πᾶς
1124 4155 1154 4204 6
1185 4153 1347 4220 φόϐος
1375 4153 1564 4222 αύτῷ),
1593 4155 1780 4206 τοῦτον

129 4241 217 4293 καὶ
244 4243 457 4311 ίταμὸν,
500 4242 592 4292 καὶ
635 4238 846 4307 ἀναιδῆ,
898 4240 994 4291 καὶ
1028 4239 1402 4308 ἀναίσχυντον,
1455 4241 1550 4292 καὶ
1606 4242 1784 4294 πάντα

128 4331 408 4398 προσερεῖς
452 4328 521 4380 τὰ
557 4326 838 4395 αῖσχιστα;
891 4326 1000 4378 Καὶ
1047 4325 1165 4387 πῶς
1213 4327 1313 4378 οὐκ
1357 4325 1588 4395 ἐσχάτης
1628 4327 1784 4379 τοῦτο

127 4417 532 4488 ἀναισχυντίαςς
599 4416 736 4468 Ἀλλ’
771 4416 871 4469 οὑκ
923 4414 1210 4484 ἐννοοῦμεν
1251 4413 1455 4467 ταῦτα·
1496 4415 1583 4468 διά
1629 4416 1784 4468 τοῦτο

126 4503 358 4568 ἐκείνους
380 4502 644 4572 ἐπαχθεῖς.
662 4499 800 4556 εἶναι
823 4501 1143 4572 νομιζόμεν’
1177 4501 1252 4562 ὡς
1271 4500 1326 4552 εί
1355 4517 1418 4568 γε
1447 4500 1514 4552 τὰ
1546 4502 1785 4572 ήμέτερα

126 4591 454 4661 ἐξητάζομεν
495 4593 590 4643 καὶ
614 4589 1024 4660 παρεϐάλλομεν
1047 4591 1157 4651 τοῖς
1186 4587 1430 4654 ἐκείνων,
1454 4589 1554 4641 οὑκ
1583 4588 1648 4642 ἂν
1680 4591 1778 4642 αὑ-

123 4676 240 4739 τοὺς
270 4676 603 4746 ἐνομίσαμεν
652 4671 790 4727 εἶναι
837 4673 1142 4744 φορτικούς.
1181 4675 1271 4743 Μὴ
1312 4673 1379 4744 δὴ
1422 4673 1573 4742 γίνου
1613 4675 1659 4705 ³⁵
1687 4692 1777 4728 πι-

125 4761 246 4830 κρὸς
279 4763 562 4830 δικαστής.
602 4761 713 4814 Καὶ
739 4760 847 4830 γὰρ
883 4762 932 4813 εί
986 4761 1202 4813 πάντων
1247 4761 1658 4832 ἁμαρτημάτων
1707 4758 1775 4833 ἧς

122 4847 555 4917 ἀπηλλαγμένος,
609 4845 730 4900 ούδέ
773 4846 913 4898 οὕτω
963 4863 1045 4897 σοι
1091 4847 1390 4915 ἐπέτρεπεν
1433 4849 1462 4899 6
1490 4848 1582 4900 τοῦ
1639 4848 1772 4901 Θεοῦ

122 4933 272 5004 νόμος
309 4934 516 5005 ἀκριϐῆ
572 4932 819 5000 γενέσθαι
869 4932 1160 5002 ἐξεταστὴν
1209 4931 1316 4985 τῶν
1359 4933 1671 5005 ἀλλοτρίων.
1708 4937 1772 4988 EE

120 5017 223 5087 γάρ
257 5022 286 5072 6
325 5019 622 5090 Φαρισαῖος
654 5017 741 5070 διὰ
767 5015 924 5069 τοῦτο
965 5015 1232 5082 ἀπώλετο,
1278 5019 1434 5083 ποίας
1472 5019 1774 5088 τευξόμεθα

120 5104 407 5174 ἀπολογίας
436 5107 630 5175 ήμεῖς;
665 5105 727 5155 El
753 5105 864 5166 τοῖς
895 5103 940 5133 ⁸³
973 5102 1393 5172 κατωρθωκόσιν
1431 5105 1530 5158 οὐκ
1549 5107 1771 5179 ἐπιτρέ-

117 5203 206 5240 πει
249 5193 462 5260 πικρῶς
495 5189 768 5254 ἐξετάζειν
807 5188 874 5242 τά
910 5187 1134 5259 ἐτέρων,
1192 5189 1371 5259 πολλῷ
1424 5191 1624 5260 μᾶλλον
1661 5197 1773 5257 τοῖς

119 5272 418 5331 ἐπταικόσι.
437 5277 540 5347 ’Μὴ
563 5275 741 5329 τοίνυν
767 5274 928 5343 ὠμοὶ,
965 5274 1099 5343 μηδέ
1123 5275 1370 5342 ἀπηνεῖς,
1401 5277 1476 5346 μὴ
1507 5279 1548 5308 ³⁷
1580 5279 1774 5349 ἄστορ-

120 5375 222 5427 γοι,
249 5364 324 5433 μὴ
354 5364 628 5426 ἄσπονδοι,
650 5361 724 5434 μὴ
741 5361 944 5433 θηρίων
965 5361 1180 5431 χείρους
1196 5356 1366 5429 ὦμεν.
1400 5364 1509 5414 Καὶ
1523 5363 1630 5434 γὰρ
1653 5365 1774 5417 πολ-

182 5532 228 5604 ’_'
250 5534 408 5602 ἀφεῖς
431 5533 588 5590 codd.
617 5537 691 5604 ἀφ

119 5667 244 5724 Edd.
281 5667 563 5727 mt'deest
605 5675 659 5727 in
704 5673 864 5728 codd.
908 5684 958 5727 et
1001 5667 1144 5725 Flbr.
1194 5689 1246 5728 D.
1281 5673 1405 5726 557.

1211 324 1278 379 IN
1315 323 1732 382 ΜΛΤἸἪᾹΞΙῙΜ
1768 323 2004 381 HOMIL.
2037 324 2255 381 XXXV.
2281 328 2353 382 al.
2394 323 2637 381 XXXVI.

3467 335 3577 389 “2

1903 439 2028 502 λοὺς
2053 441 2134 503 είς
2160 440 2317 492 τοῦτο
2342 435 2457 494 οἶδα
2487 439 2780 511 θηριωδίας
2809 439 3063 504 ἐλθόντας
3081 482 3096 505 ,
3124 447 3198 507 ὡς
3227 443 3293 496 δι’
3331 444 3487 501 ὄκνον
3525 450 3573 482 ³⁸

1905 527 2104 597 μικρὸν
2138 527 2505 597 λιμώττοντας
2546 529 2824 597 περιορᾷν,
2881 528 2975 580 καὶ
3011 529 3184 582 ταῦτα
3217 532 3474 598 λέγοντας
3499 537 3571 589 τὰ

1904 614 1970 682 ρή
1981 629 2158 684 ματα·
2192 614 2267 666 Οὑ
2300 614 2564 684 πάρεστιν
2594 613 2810 682 οἰκέτης
2837 614 2961 683 ἐμοὶ
2990 613 3106 677 νῦν,
3150 617 3338 688 πόρρω
3361 620 3462 690 τῆς
3492 623 3572 674 ol-

1903 699 2028 761 κίας
2056 699 2242 767 ἐσμὲν,
2290 699 2623 770 τραπεζίτης
2657 699 2831 762 οὐδείς
2876 699 2992 752 ἐστί
3037 719 3125 768 μοι
3172 703 3466 775 γνώριμος.
3502 710 3567 760 Ὢ

1901 784 2001 854 τῆς
2025 785 2304 855 ὠμότητος
2324 785 2337 838 1
2365 784 2437 836 T6
2461 786 2642 854 μεῖζον
2665 785 2903 854 ὑπέσχου
2927 786 2992 852 ³⁸,
3019 787 3114 840 καὶ
3134 788 3196 839 τὸ
3224 788 3442 843 ἔλαττον
3462 793 3564 846 οὑκ

1902 871 2123 936 ἀνύεις;
2154 872 2239 925 ἵνα
2275 873 2340 925 σὺ
2377 872 2452 941 μὴ
2495 871 2718 942 βαδίσῃς
2764 872 2982 942 μικρὸν,
3021 873 3227 939 ἐκεῖνος
3266 875 3414 947 λιμῷ
3446 879 3567 931 δια-

1903 958 2218 1028 φθείρεται;
2256 959 2320 1009 Ὦ
2359 959 2457 1028 τῆς
2482 957 2723 1028 ῦϐρεωςί
2758 956 2803 1010 ὣ
2833 957 2926 1011 τοῦ
2952 959 3158 1028 τύφουι
3194 963 3256 1014 Et
3289 964 3398 1032 γάρ
3435 964 3569 1017 δέκα

1903 1045 2097 1098 στάδια
2127 1043 2338 1114 βαδίσαι
2383 1045 2578 1115 ἐχρῆν,
2615 1044 2841 1114 ὀκνῆσαι
2893 1045 3038 1110 ἔδεις
3076 1048 3210 1100 Οὑδὲ
3241 1050 3442 1113 ἐννοεῖς
3484 1052 3566 1103 ὅτι

1905 1130 2110 1207 μείζων,
2142 1132 2168 1183 6
2200 1130 2388 1201 μισθός
2426 1148 2506 1183 σοι
2531 1129 2672 1184 οὕτω
2695 1131 2938 1198 γίνεται;
2974 1133 3143 1185 Ὅταν
3169 1134 3266 1203 μὲν
3295 1134 3404 1203 γάρ
3437 1137 3564 1205 δῷς,

1902 1217 2041 1288 ὑπὲρ
2070 1218 2161 1270 τοῦ
2209 1217 2484 1287 διδομένου
2530 1217 2824 1287 λαμϐάνεις
2864 1219 3054 1288 μισθὸν
3101 1220 3260 1289 μόνον
3285 1237 3298 1250 ’
3338 1222 3464 1276 ὅταν
3507 1224 3566 1275 δέ

1901 1305 1994 1356 καὶ
2019 1304 2178 1366 αὑτὸς
2211 1304 2452 1376 βαδίσῃς,
2485 1305 2578 1357 καὶ
2606 1304 2796 1358 τούτου
2832 1322 2914 1358 σοι
2941 1309 3119 1358 κεῖται
3142 1307 3305 1360 πάλιν
3333 1309 3559 1378 ἀμοιϐή.

1915 1389 2068 1442 Ἐπεὶ
2113 1391 2207 1444 καὶ
2245 1391 2288 1422 ⁶⁰
2335 1392 2426 1442 τὸν
2477 1391 2822 1462 πατριάρχην
2869 1392 2958 1445 διά
2988 1392 3149 1446 τοῦτο
3185 1394 3560 1463 θαυμάζομεν,

1899 1477 1980 1529 ὅτι
2021 1479 2182 1541 αὐτὸς
2220 1479 2312 1530 ἐπὶ
2345 1481 2442 1541 τὰς
2470 1477 2596 1547 βοῦς
2640 1478 2840 1549 ἔδραμε
2863 1516 2877 1541 ,
2911 1480 3002 1531 καὶ
3048 1479 3110 1531 τὸ
3141 1480 3435 1551 μοσχάριον
3462 1483 3564 1551 ἥρ-

1901 1581 2075 1628 πασε,
2110 1566 2203 1617 καὶ
2235 1565 2406 1618 ταῦτα
2453 1565 2796 1634 τριακοσίους
2837 1565 2970 1617 δέκα
3011 1564 3155 1618 ὀκτὼ
3190 1567 3233 1598 δι
3268 1570 3562 1634 οἰκογενεῖς

1899 1649 2054 1720 ἔχων.
2087 1651 2201 1703 Νῦν
2229 1651 2287 1702 δέ
2320 1651 2572 1703 τοσούτου
2604 1651 2747 1713 τινές
2781 1651 2886 1702 είσι
2917 1650 3086 1719 τύφου
3117 1653 3561 1723 πεπληρωμένοι,

1895 1738 1971 1800 ὡς
1995 1737 2082 1790 διὰ
2105 1737 2311 1790 παίδων
2340 1736 2512 1790 ταῦτα
2545 1739 2738 1802 ποιεῖν,
2774 1737 2867 1790 καὶ
2895 1737 2969 1807 μὴ
3001 1737 3367 1806 αἰσχύνεσθαι.
3402 1740 3561 1793 Ἀλλά

1894 1825 1960 1876 δι’
1996 1825 2234 1894 ἐμαυτοῦ
2281 1825 2326 1856 δ’
2371 1823 2546 1876 ταῦτα
2576 1823 2817 1887 κελεύεις
2856 1823 3072 1890 ἀνύειν;
3111 1826 3242 1895 φησί
3267 1841 3281 1854 θ
3313 1828 3406 1879 καὶ
3441 1827 3560 1889 πῶς

1894 1912 1955 1963 ού
1984 1911 2120 1976 δόξω
2149 1911 2444 1974 κενοδοξεῖν
2472 1927 2486 1975 ;
2520 1910 2629 1962 Καὶ
2659 1911 2765 1979 μὴν
2798 1910 2891 1961 καὶ
2921 1910 3016 1962 νῦν
3036 1911 3102 1962 δι’
3126 1913 3318 1981 ἑτέραν
3342 1914 3558 1966 κενοδο-

1895 1997 2011 2062 ξίαν
2045 1997 2200 2049 τοῦτο
2244 2000 2419 2058 ποιεῖς
2441 2036 2454 2056 ,
2485 1997 2868 2065 αἰσχυνόμενος
2907 1997 3134 2066 ὀφθῆναι
3164 2000 3353 2066 πένητι
3380 2000 3560 2052 διαλε-

1894 2086 2140 2154 γόμενος.
2191 2085 2329 2136 Ἀλλ’
2362 2084 2512 2136 οὐδὲν
2543 2084 2683 2154 ὑπὲρ
2710 2084 2914 2136 τούτων
2938 2085 3398 2156 ἀκριϐολογοῦμαι
3420 2103 3434 2116 ⁸
3465 2089 3560 2156 μόι-

1895 2190 1982 2224 νον
2014 2173 2177 2234 δίδου,
2207 2171 2316 2223 εἴτε
2344 2171 2431 2224 διά
2469 2170 2688 2234 σαυτοῦ,
2720 2170 2828 2222 εἴτε
2869 2171 2938 2222 δι’
2967 2172 3154 2241 ἐτέρου
3177 2172 3221 2203 ⁸³
3255 2174 3412 2226 τοῦτο
3436 2174 3559 2243 βού-

1894 2259 1972 2311 λει
2002 2261 2209 2310 ποιεῖν’
2254 2260 2346 2310 καὶ
2391 2258 2465 2328 μὴ
2509 2258 2764 2326 ἐγκάλει,
2799 2258 2872 2326 μὴ
2905 2257 3142 2327 πλῆττε,
3189 2260 3263 2328 μὴ
3305 2261 3555 2330 λοιδόρει.

1892 2348 2200 2417 Φαρμάκων
2223 2347 2354 2414 γὰρ,
2375 2347 2433 2398 ού
2455 2345 2804 2415 τραυμάτων,
2833 2345 3002 2397 δεῖται
3025 2348 3052 2398 6
3076 2347 3314 2416 προσιών
3342 2367 3355 2383 ο
3380 2351 3554 2414 ἐλέου,

1891 2433 1952 2484 οὐ
1988 2432 2187 2499 ξίφους.
2209 2431 2340 2482 Εἰπὲ
2367 2430 2474 2500 γάρ
2509 2448 2616 2500 μοι,
2642 2431 2694 2482 εί
2720 2448 2804 2494 τις
2827 2431 2956 2500 λίθῳ
2987 2431 3202 2502 βληθεὶς
3224 2433 3317 2486 καὶ
3336 2434 3558 2504 τραῦμα

1891 2519 2069 2571 λαϐὼν
2095 2519 2235 2571 κατὰ
2262 2519 2361 2588 τῆς
2398 2519 2642 2588 κεφαλῆς
2665 2559 2680 2581 ,
2709 2519 2835 2580 τοὺς
2874 2517 3066 2582 ἄλλους
3093 2519 3340 2582 ἅπαντας
3373 2522 3554 2590 ἀφεὶς,

1892 2604 2237 2675 προσέδραμέ
2269 2621 2360 2656 σου
2395 2607 2508 2667 τοῖς
2546 2606 2735 2671 γόνασι
2769 2605 3205 2675 καταρρεόμενος
3231 2605 3309 2676 τῷ
3338 2607 3554 2675 αἵματι,

1891 2687 2000 2762 ἆρα
2043 2693 2212 2762 ἐτέρῳ
2253 2692 2384 2762 λίθῳ
2431 2691 2676 2756 πατάξας
2722 2691 3067 2763 προσέθηκας
3099 2693 3164 2746 ἂν
3196 2695 3343 2764 αὐτῷ
3371 2696 3558 2765 ἕτερον

1889 2779 2140 2848 τραῦμα;
2169 2779 2280 2832 Οὐκ
2309 2777 2482 2846 ἔγωγε
2523 2775 2709 2848 οἶμαι,
2746 2778 2882 2831 ἀλλά
2916 2779 3010 2831 καὶ
3041 2780 3172 2832 αὐτὸ
3195 2781 3557 2850 ἐπεχείρησας

1891 2859 1957 2913 ἂν
1987 2859 2296 2930 διορθῶσαι.
2337 2862 2401 2912 Τί
2430 2857 2524 2913 οῦν
2553 2863 2644 2913 ἐπὶ
2682 2861 2791 2914 τῶν
2822 2863 3069 2932 πενήτων
3097 2865 3269 2924 ποιεῖς
3297 2862 3366 2914 τὰ
3401 2865 3556 2916 ἐναν-

1890 2947 2008 3012 τίας
2045 2949 2158 3001 Ούκ
2186 2945 2333 3011 οἶδας
2353 2949 2475 3000 ὅσον
2504 2949 2723 3002 δύναται
2747 2949 2840 3001 καὶ
2865 2950 3164 3018 ἀναστῆσαι
3186 2951 3280 3002 καὶ
3309 2950 3556 3003 καθελεῖν

1889 3028 2073 3096 λόγος;
2101 3030 2380 3098 Κρεῖττον
2399 3030 2530 3098 γάρ,
2553 3031 2706 3099 φησι,
2727 3032 2910 3098 λόγος
2942 3031 2979 3098 ἢ
3012 3031 3204 3095 δόσις.
3238 3034 3312 3084 Οὐ
3341 3034 3552 3104 λογίζῃ,

1888 3109 1968 3161 ὅτι
1997 3111 2136 3162 κατά
2167 3110 2361 3163 σαυτοῦ
2388 3111 2448 3162 τὸ
2474 3111 2624 3178 ξίφος
2651 3111 2842 3173 ὠθεῖς,
2876 3113 2970 3164 καὶ
2998 3112 3378 3182 χαλεπώτερον
3401 3114 3552 3185 μου]

1887 3195 2104 3266 τραῦμα
2127 3196 2442 3264 λαμϐάνεις,
2468 3197 2594 3248 ὅταν
2621 3195 2951 3265 λοιδορηθεὶς
2977 3198 3182 3258 ἐκεῖνος
3215 3199 3550 3269 ἀναχωρήσῃ

1892 3285 2037 3351 σιγῇ,
2081 3283 2278 3335 στένων
2313 3283 2407 3334 καὶ
2439 3281 2610 3334 πολλά
2641 3281 2932 3350 δακρύωνς
2981 3283 3091 3335 Καὶ
3127 3284 3237 3353 γὰρ
3275 3285 3424 3354 παρά
3455 3286 3550 3336 τοῦ

1888 3367 2021 3420 Θεοῦ
2051 3367 2327 3436 πέμπεται
2359 3367 2495 3437 πρὸς
2522 3368 2600 3420 σέ.
2647 3368 2927 3436 Ἐννόησον
2951 3364 3063 3432 οῦν,
3099 3369 3338 3439 ὑϐρίζων
3367 3371 3550 3434 αὑτὸν,

1888 3453 1990 3506 ποῦ
2031 3454 2363 3516 διαϐιϐάζεις
2390 3455 2489 3522 τὴν
2536 3453 2712 3524 ὓϐριν,
2759 3454 2886 3506 ὅταν
2933 3455 3136 3518 ἐκεῖνος
3177 3456 3277 3524 μὲν
3311 3456 3446 3526 πρὸς
3491 3458 3551 3510 σὲ

1888 3542 2082 3612 πέμπῃ
2106 3582 2120 3605 ,
2146 3541 2240 3594 καὶ
2271 3542 2354 3595 σοὶ
2380 3540 2562 3593 δοῦναι
2592 3539 2806 3610 κελεύῃ,
2833 3542 2896 3594 σὺ
2929 3540 2984 3593 δε
3020 3541 3094 3611 μὴ
3123 3542 3282 3611 μόνον
3319 3542 3392 3612 μὴ
3422 3542 3550 3612 δῷς,

1888 3628 2022 3683 ἀλλά
2051 3628 2142 3680 καὶ
2174 3627 2400 3698 ὑϐρίσῃς
2424 3627 2664 3680 ἐλθόντα.
2700 3629 2765 3679 Et
2793 3627 2848 3680 δὲ
2880 3629 3092 3694 ἀγνοεῖς
3114 3628 3211 3698 τὴν
3241 3629 3556 3700 ὑπερϐολὴν,

1886 3715 1987 3784 τῆς
2035 3713 2264 3776 ἀτοπίας
2287 3753 2301 3777 ,
2349 3715 2435 3766 ἐπ’
2469 3712 2771 3782 ἀνθρώπων
2805 3713 2935 3766 αὑτὸ
2972 3715 3266 3783 σκόπησον,
3307 3717 3399 3768 καὶ
3426 3717 3548 3768 τότε

1886 3800 2007 3872 εἴσῃ
2040 3800 2218 3862 καλῶς
2255 3800 2314 3852 τὸ
2343 3799 2568 3868 μέγεθος
2600 3800 2698 3868 τῆς
2727 3801 3016 3868 ἁμαρτίας.
3050 3801 3110 3852 EE
3141 3801 3250 3870 γὰρ
3280 3803 3370 3864 σὸς
3401 3803 3548 3855 οἰκέ-

1884 3905 1983 3958 της
2011 3887 2162 3957 παρά
2192 3885 2285 3938 σοῦ
2313 3886 2621 3948 κελευσθεὶς
2650 3885 2785 3955 πρὸς
2809 3886 2994 3955 ἕτερον
3023 3887 3278 3939 ἀπελθεῖν
3306 3890 3544 3958 οίκέτην,

1885 3975 2145 4044 ἀργύριον
2176 3974 2364 4044 ἔχοντα
2391 3974 2482 4024 σὸν
2515 3972 2718 4035 λαϐεῖν,
2763 3973 2824 4024 ού
2869 3972 3027 4039 μόνον
3057 3975 3241 4035 κεναῖς
3275 3975 3544 4044 ἐπανῆλθε

1885 4061 2089 4132 χερσὶν,
2115 4059 2252 4112 ἀλλά
2282 4059 2373 4111 καὶ
2398 4058 2691 4128 ὑϐρισθεὶς,
2721 4056 2774 4109 τί
2796 4059 2895 4109 οὐκ
2921 4057 2986 4109 ἂν
3009 4057 3250 4126 είργάσω
3280 4058 3370 4111 τὸν
3396 4061 3544 4131 ὑϐρι-

1885 4147 2050 4210 κότα;
2085 4147 2256 4215 πόσην
2287 4146 2386 4196 οὑκ
2413 4145 2478 4197 ἂν
2509 4143 2664 4211 δίκην
2690 4143 3007 4213 ἀπῄτησας,
3039 4143 3132 4195 ἅτε
3171 4143 3356 4196 λοιπὸν
3385 4146 3545 4209 αὐτὸς

1880 4231 1955 4284 ὢν
1982 4233 2012 4284 ό
2051 4230 2372 4300 ὑϐρισμένος
2401 4247 2415 4295 ;
2448 4228 2617 4281 Τοῦτο
2645 4230 2738 4282 καὶ
2763 4229 2856 4280 ἐπὶ
2883 4227 2975 4280 τοῦ
3005 4228 3136 4281 Θεοῦ
3165 4229 3378 4297 λογίζου
3411 4246 3427 4260 ⁸
3451 4234 3543 4284 καὶ

1879 4318 1988 4389 γὰρ
2026 4318 2186 4379 αὑτὸς
2222 4317 2426 4386 πέμπει
2482 4316 2616 4385 πρὸς
2655 4317 2802 4385 ἡμᾶς
2847 4316 2973 4377 τοὺς
3020 4315 3258 4385 πένητας
3284 4355 3300 4380 ,
3356 4319 3448 4369 καὶ
3471 4313 3539 4368 τὰ

1878 4405 2086 4458 ἐκείνου
2110 4404 2157 4436 ιι
2197 4403 2442 4473 δίδομεν,
2477 4402 2542 4455 ἂν
2571 4402 2678 4471 ἄρα
2700 4401 3006 4472 δῶμεν.“Αν
3055 4403 3112 4454 δὲ
3151 4403 3288 4472 πρὸς
3335 4403 3412 4473 τῷ
3465 4404 3540 4477 μὴ

1878 4489 2060 4543 δοῦναι
2098 4490 2190 4542 καὶ
2238 4489 2591 4558 ὑϐρισθέντας
2640 4489 3028 4559 ἐκπέμψωμεν,
3071 4490 3324 4558 ἐννόησον
3357 4491 3538 4545 πόσων

1883 4577 2178 4648 σκηπτῶν,
2230 4576 2412 4630 πόσων
2457 4575 2736 4644 κεραυνῶν
2783 4575 2929 4638 ἀξιον
2975 4576 3206 4645 πρᾶγμα
3257 4576 3535 4646 ποιοῦμεν.

1881 4665 2043 4718 Ταῦτ’
2073 4661 2166 4717 οῦν
2194 4663 2408 4717 ἅπαντα
2442 4662 2810 4732 λογιζόμενοι,
2843 4663 2938 4715 καὶ
2975 4663 3074 4732 τὴν
3111 4663 3356 4730 γλῶτταν
3384 4664 3537 4734 χαλι-

1877 4751 2159 4822 νώσωμεν,
2193 4754 2287 4805 καὶ
2315 4752 2414 4822 τὴν
2447 4751 2846 4822 ἀπανθρωπίαν
2879 4751 2925 4782 ⁸⁸
2948 4750 3286 4821 ἐκϐάλωμεν,
3320 4753 3411 4804 καὶ
3437 4753 3538 4820 τὴν

1875 4842 2031 4910 χεῖρα
2081 4839 2216 4908 πρὸς
2255 4837 2622 4908 ἐλεημοσύνην
2647 4837 2998 4907 ἐκτείνωμεν,
3046 4837 3244 4908 καὶμὴ
3293 4839 3538 4908 χρήμασι

1878 4927 2060 4996 μόνον,
2093 4925 2228 4978 ἀλλά
2254 4924 2348 4978 καὶ
2380 4925 2585 4993 ῥήμασι
2607 4923 2653 4955 ⁸⁸
2684 4923 3138 4994 παραμυθώμεθα
3181 4924 3307 4986 τοὺς
3349 4925 3537 4994 δεομέ-

1875 5029 2029 5077 νουςο
2075 5014 2160 5066 ἵνα
2193 5015 2288 5066 καὶ
2327 5013 2428 5082 τὴν
2471 5012 2578 5064 ἀπὸ
2617 5012 2718 5082 τῆς
2775 5012 3039 5082 λοιδορίας
3085 5013 3304 5066 κόλασιν
3362 5013 3533 5083 ἐκφύς

1877 5117 2061 5170 γωμεν
2077 5100 2143 5164 ⁸⁷,
2161 5101 2253 5153 καὶ
2271 5099 2368 5170 τὴν
2397 5099 2503 5152 ἀπὸ
2525 5099 2624 5168 τῆς
2648 5099 2893 5168 εὐλογίας
2921 5099 3014 5152 καὶ
3039 5099 3161 5170 ἐλεη
3171 5100 3405 5171 μοσύνης
3433 5101 3535 5168 βαι

1877 5191 2082 5244 σιλείαν
2109 5190 2626 5261 κληρονομήσωμεν,
2673 5187 2856 5258 χάριτι
2910 5189 3005 5241 καί¹
3033 5188 3410 5258 φιλανθρωπίᾳ
3438 5185 3534 5238 τοῦ

1875 5277 2078 5348 Κυρίου
2131 5276 2288 5347 ήμῶν
2325 5276 2498 5346 Ἰησοῦ
2521 5275 2777 5347 Χριστοῦ,
2807 5269 2851 5342 ᾧ
2879 5277 2911 5345 ή
2950 5275 3078 5342 δόξα
3115 5276 3208 5328 καὶ
3239 5273 3300 5326 τὸ
3335 5271 3534 5342 κράτος

1885 5367 1962 5428 είς
1996 5365 2123 5426 τοὺς
2150 5363 2350 5426 αἰῶνας
2380 5363 2488 5414 τῶν
2524 5360 2755 5416 αἰώνων.
2775 5363 2964 5432 Ἀμήν.

182 5532 228 5565 ’⁸
250 5534 408 5602 ἀφεῖς
431 5533 588 5590 codd.
617 5536 760 5657 ἀφῖῃς
782 5531 918 5587 Edd.
996 5532 1040 5563 ²⁹
1061 5533 1141 5586 ὅτι
1173 5528 1304 5606 ἆρον
1325 5532 1458 5586 Edd.
1483 5533 1613 5605 ἄρῃ]
1639 5536 1686 5588 εί
1718 5535 1779 5590 F.

119 5599 160 5631 "
197 5602 466 5657 ἐκκακῆτε
499 5606 562 5657 Α.
604 5605 666 5657 Ε.
759 5644 772 5656 .
803 5603 1146 5657 ἐκκακήσητε
1180 5602 1243 5656 D.
1320 5603 1366 5634 ³³
1392 5605 1541 5657 Διατί
1563 5602 1602 5657 :1
1634 5606 1756 5657 add.

1887 5537 1998 5609 ³τι]
2029 5537 2152 5591 add.
2184 5537 2244 5590 τὸ
2268 5537 2332 5589 Α.
2361 5535 2421 5590 C.
2453 5539 2720 5608 χρήσιμον
2748 5553 2858 5590 om.
2888 5535 2948 5590 F.
3025 5536 3068 5567 "
3093 5535 3364 5603 éxmxﬁt;
3392 5531 3529 5586 Edd.

1888 5609 1914 5657 ἐ
1946 5626 2033 5657 μοι
2067 5609 2131 5657 Α.
2161 5606 2222 5657 C.
2254 5606 2317 5657 E.
2361 5605 2475 5657 Νοη
2514 5616 2898 5657 exnresserum
2931 5605 3163 5657 Iulornn.
3241 5603 3286 5634 "
3320 5603 3411 5654 καὶ
3441 5602 3529 5655 τόν

197 5602 466 5674 ἐκκακῆτε
499 5606 562 5658 Α.
702 5602 772 5657 Γ.
803 5603 1146 5724 ἐκκακίῃσητε
1180 5602 1243 5656 D.
1320 5603 1366 5634 ³³
1392 5602 1541 5658 Διατί
1563 5602 1613 5674 ξῘ
1634 5606 1756 5658 add.

197 5672 244 5724 [Ι.
281 5673 372 5726 καί
413 5674 563 5727 deest
605 5691 659 5727 ιιι
704 5673 864 5728 codd.
908 5684 958 5727 et
1047 5673 1144 5725 lor.
1194 5689 1246 5730 ῐ).
1281 5673 1405 5726 557.
1512 5674 1554 5704 ³⁵
1582 5673 1704 5730 γίνη
1736 5674 1780 5726 Ι)

1888 5609 1914 5661 έ
1945 5602 2033 5676 μοι
2067 5609 2131 5659 Α.
2161 5606 2222 5661 (3.
2254 5606 2317 5658 Ε.
2361 5602 2898 5676 Νοιἰ”ειιριοςεθι·ιιιιι
2931 5605 3163 5673 Ιιιιρτρρ.

1887 5678 1974 5730 ένη
2021 5677 2079 5730 F.
2175 5678 2218 5707 ³⁸
2243 5675 2375 5730 τοῖς]
2406 5677 2530 5730 add;
2571 5678 2748 5730 καλῶς
2777 5675 2908 5726 Edd.
3007 5675 3048 5705 ⁸⁷
3082 5675 3154 5730 μή

119 5691 244 5724 mm.
281 5691 370 5726 και
413 5691 563 5727 (ιεεει
605 5691 659 5727 ιιι
704 5691 864 5728 οουα.
908 5691 958 5727 ει
1004 5691 1144 5725 mor.
1234 5711 1246 5724 .
1282 5691 1405 5726 σοι.
1512 5691 1554 5704 συ
1582 5691 1704 5744 γινῃ
1736 5691 1780 5726 υ

118 5739 158 5814 1‘
178 5741 353 5814 ὄκνον]
375 5742 498 5814 add.
527 5741 583 5794 δέ
606 5744 754 5814 Ειίιιη
802 5743 874 5814 ἐξ
900 5741 1163 5814 ὑπέσχου]
1189 5691 1278 5795 gic
1300 5743 1454 5814 _A_rm.
1474 5753 1547 5814 fol
1583 5747 1737 5814 codgl.
1766 5746 1783 5795 ί

1887 5691 1976 5746 ενῃ
2021 5691 2079 5730 r'.
2175 5691 2218 5707 ὐ
2243 5691 2375 5747 τοις]
2406 5691 2530 5732 amr.
2571 5694 2748 5738 καλως
2777 5691 2908 5726 mm.

1887 5764 1968 5808 ιάς
2001 5745 2134 5800 Ειιιι.
2170 5755 2221 5798 el
2256 5745 2352 5799 Ge.
2430 5747 2474 5778 ‘°
2506 5747 2596 5798 καί
2625 5761 2737 5814 om,
2772 5745 2831 5814 Ε.
2865 5759 2915 5809 p.

3241 5602 3296 5634 "7
3320 5603 3411 5654 καὶ
3441 5602 3533 5655 τόν

3007 5675 3048 5705 ετ
3077 5670 3189 5758 ατη
3214 5671 3362 5758 μηδέ.
3382 5671 3442 5724 ιι.
3469 5670 3530 5758 If.

2175 5678 2218 5707 ³⁸
2243 5675 2375 5747 τοῖς]
2406 5677 2530 5732 add;
2571 5675 2748 5738 καλῶς
2774 5675 2908 5747 βιίιί.

2950 5760 3000 5812 p.
3037 5741 3248 5796 καὶ-διά
3275 5741 3433 5812 τοῦτο
3464 5742 3526 5794 Α.

118 5804 264 5897 Ep;
287 5804 466 5897 EJH“
495 5809 935 5897 κσιι-λόκιεεεώγςὲιίιξἶ
1008 5804 1506 5897 2165:...10305ladd.
1544 5814 1642 5897 μέν
1679 5804 1830 5897 “liud...
1894 5804 2178 5897 δίέτέρων
2217 5814 2350 5870 Edd.
2420 5818 2472 5897 ξδ
2503 5813 2732 5896 ἐκείνου]
2777 5804 3116 5897 αὐτοῦ’[ζέίιί.¹
3180 5814 3225 5845 ⁸⁵
3257 5811 3530 5866 ἐκϐάλλω*

115 5878 292 5941 ξιενΑ.
371 5881 417 5913 ⁸⁸
457 5879 973 5949 παρκμυθησώμεοα
1007 5878 1140 5935 Ειωζ
1218 5882 1262 5912 ⁸⁷
1297 5878 1554 5950 φύγωμεν
1585 5881 1645 5934 ι).
1675 5883 2020 5950 διαφύγωμεν
2055 5878 2110 5937 F.
2160 5902 2209 5951 p.
2255 5900 2303 5951 ῃ.
2351 5885 2441 5938 καὶ
2477 5884 2573 5947 τῆς
2610 5878 2973 5953 ἐλεημοσύνης
3005 5882 3139 5936 l‘ldd.
