4010 6128
141 358 241 416 113

1551 497 1796 511 ——~.

1021 362 1087 417 IN
1127 359 1525 418 MATTIIEUM
1569 361 1797 418 llOMlL.
1828 364 2068 422 XXXVI.
2109 371 2177 424 al.
2222 371 2482 438 XXXVII.

3309 389 3410 445 4M

1880 503 3407 540 Ἣ

1148 566 1491 626 HOMILIA
1550 565 1850 630 XXXVI.
1899 573 1984 633 al.
2032 575 2356 640 XXXVII.

136 708 262 764 CAP.
295 709 384 763 11.
421 724 471 762 v.
503 709 554 763 1.
587 706 654 761 Et
679 708 868 776 factum
897 716 987 771 est,
1019 722 1132 758 cum
1161 713 1548 758 consummasset
1575 703 1726 757 Jesus

207 800 504 868 praecipiens
533 799 795 852 duodecim
821 796 1085 866 discipulis
1110 797 1212 849 suis
1231 836 1247 862 ,
1272 794 1469 848 transiit
1490 795 1608 847 inde
1630 835 1644 859 ,
1667 805 1722 847 ut

206 889 406 942 doceret
429 899 477 942 et
502 890 796 958 pra’dicaret
825 889 876 940 in
902 887 1180 940 civitatibus
1209 903 1398 939 eorum.

205 980 257 1034 1.
299 980 435 1044 Quia
466 981 607 1034 enim
640 979 759 1033 illos
786 979 1038 1041 miserat,
1071 991 1188 1030 sese
1219 975 1515 1039 subtraxit,
1547 975 1721 1028 locum

137 1072 268 1122 dans
309 1075 417 1124 illis
445 1080 500 1125 et
543 1081 751 1140 tempus
789 1073 1015 1123 faciendi
1055 1083 1172 1137 qua:
1221 1076 1334 1136 Ipse
1377 1077 1720 1135 praeceperat.

137 1159 319 1230 Neque
348 1162 493 1214 enim
527 1161 616 1214 illo
643 1170 906 1230 praesente
927 1167 981 1213 et
1006 1174 1178 1228 mgros
1201 1166 1440 1219 curante,
1471 1157 1724 1211 voluisset

139 1252 399 1319 quispiam
440 1251 506 1305 ad
551 1252 670 1306 illos
721 1251 996 1304 accedere.
1038 1249 1090 1302 '2.
1140 1248 1264 1302 Cum
1302 1248 1523 1302 audisset
1559 1257 1724 1299 autem

137 1344 359 1398 Joannes
388 1345 443 1397 in
466 1361 666 1397 carcere
695 1360 848 1412 opera
875 1342 1081 1407 Christi,
1112 1343 1310 1395 mittens
1336 1342 1462 1395 duos
1490 1337 1553 1394 ea:
1575 1341 1724 1394 disci-

137 1434 270 1501 pulis
300 1435 428 1502 suis,
454 1433 506 1488 5.
537 1433 877 1505 interrogabat
903 1449 1015 1487 eum
1044 1435 1215 1486 dicens
1248 1446 1267 1486 :
1299 1431 1375 1485 Tu
1410 1449 1462 1485 es
1487 1431 1574 1502 qui
1603 1448 1723 1484 ven-

139 1536 280 1578 turus
299 1543 374 1590 es,
405 1543 472 1580 an
501 1526 656 1579 alium
681 1525 1060 1594 exspectamus?
1083 1523 1252 1577 Lucas
1276 1523 1293 1592 (
1320 1520 1447 1592 Cap.
1476 1523 1532 1576 7.
1555 1537 1603 1575 υ.
1632 1523 1721 1577 18.

141 1618 241 1686 19)
301 1634 432 1672 vero
474 1618 605 1672 dicit
645 1618 790 1686 ipsos
836 1616 1028 1670 Joanni
1071 1617 1219 1684 signa
1261 1614 1376 1682 ejus
1420 1613 1718 1675 nuntiasse,

139 1717 368 1776 tuncque
381 1709 644 1762 Joannem
669 1709 788 1762 illos
813 1708 1040 1761 misisse.
1071 1706 1264 1760 Verum
1290 1706 1338 1759 id
1364 1721 1430 1759 ne
1452 1704 1722 1758 minimam

145 1798 354 1867 quidem
389 1799 530 1868 parit
555 1796 950 1863 difﬁcultatem,
983 1795 1077 1850 sed
1122 1795 1225 1850 hoc
1263 1796 1433 1849 solum
1476 1794 1724 1848 conside-

139 1889 360 1943 randum
393 1890 571 1952 tradit,
607 1904 799 1958 nempe
825 1890 971 1957 ipsos
1005 1887 1199 1941 invidia
1230 1885 1594 1940 contraJllum
1626 1883 1724 1938 fla-

140 1995 338 2051 grasse.
359 1982 512 2047 Quod
535 1981 958 2052 sequiturautem
975 1995 1314 2048 sumuiopere
1331 1977 1723 2049 inquirendum.

141 2070 398 2136 Quidnam
432 2070 560 2124 illud
588 2071 706 2124 est?
751 2070 863 2124 lloc
905 2070 1124 2134 dictum,
1157 2067 1234 2121 Tu
1277 2085 1329 2123 es
1365 2069 1450 2138 qui
1489 2077 1726 2122 venturus

141 2177 212 2227 es,
234 2178 300 2214 an
329 2144 915 2232 aliumaexspectamus?
959 2161 1091 2215 Nam
1138 2161 1230 2230 qui
1275 2161 1356 2215 vel
1409 2170 1534 2215 ante
1576 2161 1724 2230 signa

143 2251 284 2305 illum
316 2261 569 2314 noverat,
613 2253 702 2322 qui
741 2267 772 2305 a
805 2251 1006 2321 Spiritu
1041 2250 1318 2314 didicerat,
1370 2251 1459 2320 qui
1499 2265 1530 2304 a
1573 2250 1726 2304 Patre

142 2342 402 2408 audierat,
455 2343 543 2412 qui
598 2356 778 2395 coram
827 2341 1074 2395 omnibus
1109 2341 1254 2395 illum
1301 2341 1722 2410 prmdicaverat:

143 2447 278 2486 mmc
323 2432 488 2484 mittit
527 2431 593 2485 ad
625 2431 772 2484 illum
823 2440 879 2484 ut
904 2429 1073 2484 discat
1119 2431 1161 2484 si
1213 2432 1328 2500 ipse
1361 2432 1464 2494 sit,
1515 2432 1727 2484 necne?

142 2523 294 2592 Atqui
321 2523 367 2576 si
385 2523 532 2577 clare
575 2539 680 2576 non
711 2523 853 2576 nosti
901 2522 1149 2576 eumdem
1188 2523 1359 2592 ipsum
1404 2539 1524 2578 esse
1548 2565 1563 2589 ,
1595 2539 1728 2592 quo-

144 2614 302 2666 modo
329 2614 562 2683 teipsum
592 2614 696 2668 iide
737 2613 954 2684 dignum
985 2623 1142 2683 putas
1163 2657 1177 2681 ,
1208 2615 1296 2684 qui
1332 2615 1400 2669 de
1443 2616 1602 2669 rebus
1633 2615 1724 2669 tibi

144 2705 334 2771 ignotis
382 2705 494 2762 fers
521 2706 883 2762 sententiam?
923 2705 1055 2761 Nam
1085 2707 1174 2776 qui
1220 2707 1338 2761 aliis
1386 2709 1720 2772 testiiicatur,

145 2797 286 2864 prior
307 2797 423 2868 ipse
449 2797 612 2853 debet
647 2799 749 2853 (ide
773 2799 964 2868 dignus
993 2814 1135 2853 esse.
1175 2798 1362 2853 Nonne
1394 2809 1446 2861 ω
1474 2799 1689 2854 dicebas
1708 2840 1723 2864 ,

147 2884 263 2941 Non
303 2906 419 2941 sum
464 2889 647 2958 dignus
684 2890 876 2943 solvere
921 2889 1191 2960 corrigiam
1244 2890 1569 2942 calceamenti
1617 2892 1728 2959 ejus

147 2979 163 3044 (
191 2976 314 3031 Luc.
349 2978 404 3034 5.
437 2979 504 3033 16
534 2982 592 3048 )?
617 2978 804 3034 Nonne
827 2980 1064 3046 dicebas,
1096 2979 1217 3033 Non
1256 2996 1492 3034 noveram
1535 2982 1724 3050 ipsum,

145 3069 229 3121 sed
253 3069 338 3138 qui
367 3069 504 3122 misit
560 3086 640 3122 me
680 3071 936 3139 baptizare
977 3071 1031 3122 iu
1069 3087 1222 3139 aqua,
1263 3070 1351 3124 ille
1386 3071 1512 3124 mihi
1553 3071 1680 3124 dixit
1707 3087 1728 3126 .·

146 3159 314 3228 Super
337 3177 487 3226 quem
515 3163 698 3215 videris
726 3162 980 3231 Spiritum
1008 3161 1419 3226 descendentem,
1448 3173 1494 3215 et
1520 3179 1728 3215 manen-

147 3259 241 3302 tem
263 3268 418 3321 super
445 3268 580 3316 eum,
628 3251 718 3304 ille
743 3263 814 3304 est
849 3252 937 3318 qui
977 3251 1199 3319 baptizat
1237 3253 1288 3302 in
1332 3251 1530 3320 Spiritu
1557 3263 1730 3304 sancto

147 3339 350 3407 (Joan.
391 3343 447 3395 1.
481 3342 550 3395 '55
578 3341 640 3412 )‘l
687 3345 879 3394 Annon
921 3340 1098 3394 vidisti
1142 3340 1394 3410 Spiritum
1454 3341 1506 3394 in
1555 3345 1731 3411 specie

150 3429 447 3486 columhai?
468 3433 658 3483 Annon
687 3430 880 3485 audisti
925 3430 1151 3485 vocem?
1177 3430 1365 3486 Nonne
1396 3440 1448 3484 tu
1478 3433 1731 3502 prohibe-

151 3521 242 3576 bas
269 3524 418 3578 illum
447 3522 652 3586 dicens,
681 3521 790 3594 Ego
817 3540 945 3594 opus
971 3523 1129 3577 habeo
1154 3541 1186 3577 a
1226 3534 1272 3577 te
1298 3523 1576 3594 baptizari,
1606 3537 1652 3578 et
1679 3541 1731 3579 tu

152 3617 280 3672 venis
305 3619 374 3672 ad
396 3635 477 3671 me
509 3617 720 3689 (Matth.
740 3618 794 3672 5.
827 3618 959 3689 14)?
985 3617 1174 3672 Nonne
1201 3618 1474 3688 discipulis
1495 3619 1729 3684 dicebas,

154 3706 308 3763 Illum
335 3720 533 3776 oportet
557 3726 797 3776 crescere,
825 3726 903 3763 me
921 3719 1086 3763 autem
1117 3710 1277 3763 minui
1303 3708 1372 3781 (J
1377 3727 1494 3762 orm.
1518 3711 1570 3764 5.
1602 3710 1732 3781 50)?

154 3797 336 3856 Nonne
356 3803 608 3872 populum
639 3817 850 3855 omnem
879 3801 1128 3868 docebas,
1159 3801 1331 3870 ipsum
1351 3802 1732 3870 baptizatnrum

155 3890 270 3945 illos
297 3907 418 3946 esse
461 3893 514 3947 in
557 3892 758 3961 Spiritu
811 3900 998 3946 sancto
1032 3899 1087 3946 et
1131 3892 1253 3962 igne
1280 3890 1434 3960 (Luc.
1457 3893 1650 3962 5.16),
1681 3901 1732 3947 et

158 3978 324 4049 ipsum
368 3997 491 4038 esse
536 3997 732 4052 agnum
777 3981 870 4037 Dei
914 3983 1003 4052 qui
1045 3981 1184 4036 tollit
1229 3994 1503 4054 peccatum
1551 3986 1733 4039 mundi

159 4071 333 4138 (Joan.
365 4073 571 4142 1.29)?
599 4071 786 4130 Nonne
821 4083 944 4126 ante
980 4073 1095 4126 lucc
1119 4075 1296 4126 omnia
1321 4076 1469 4142 signa
1498 4085 1553 4129 et
1576 4078 1737 4130 mira-

159 4160 270 4214 cula
317 4162 465 4216 illum
517 4163 858 4231 prazdicasti?
908 4161 1186 4229 Quomodo
1231 4178 1360 4232 ergo
1401 4179 1570 4231 nunc,
1613 4181 1735 4219 cum

161 4261 312 4306 notus
353 4265 435 4309 est
484 4255 751 4317 omnibus.
783 4255 1006 4324 ejusque
1046 4255 1185 4308 fama
1239 4255 1472 4324 undique
1515 4258 1734 4324 volavit,

162 4352 435 4412 pestqnam
467 4346 661 4400 mortui
690 4355 1071 4410 surrexerunt,
1100 4347 1371 4401 daemones
1394 4347 1552 4416 fugati
1576 4359 1734 4414 sunt,

161 4443 212 4486 et
244 4443 384 4490 tanta
412 4437 682 4506 signorum
710 4439 789 4492 vis
815 4439 1032 4504 eil‘ulsit,
1057 4439 1221 4493 mittis
1249 4448 1308 4493 ut
1337 4439 1387 4493 id
1415 4439 1484 4494 ab
1507 4441 1596 4494 illo
1622 4441 1739 4494 edi-

163 4526 314 4580 scas?
343 4527 480 4594 Quid
517 4543 677 4598 porro
705 4528 898 4582 factum
924 4531 1048 4584 est?
1079 4546 1204 4584 num
1237 4529 1417 4584 omnia
1464 4531 1625 4584 verba
1652 4531 1738 4585 illa

164 4614 303 4671 iraus
333 4629 508 4684 erant,
533 4635 690 4675 scena
727 4630 781 4674 et
817 4620 1032 4674 fabula?
1055 4621 1123 4675 Et
1151 4623 1269 4692 quis
1300 4623 1493 4676 mentis
1521 4638 1741 4694 compos

167 4706 274 4762 hate
306 4709 546 4764 diceret?
575 4726 680 4764 non
725 4712 845 4766 dico
870 4713 937 4766 de
983 4712 1221 4779 Joanne,
1262 4715 1351 4784 qui
1391 4714 1445 4768 in
1471 4725 1624 4770 utero
1649 4731 1743 4770 ex-

166 4799 371 4853 sultavit
395 4800 544 4871 (Luc.
565 4803 616 4856 1.
644 4803 756 4872 tl),
791 4803 878 4872 qui
907 4812 1030 4857 ante
1049 4814 1258 4874 partum
1286 4807 1457 4874 ipsum
1488 4808 1743 4876 prtedica-

167 4888 270 4952 vit,
297 4890 494 4945 deserti
540 4893 732 4960 incola,
761 4895 851 4963 qui
895 4895 1189 4963 angelicam
1236 4897 1387 4951 duxit
1413 4899 1614 4965 vitam;
1647 4901 1743 4955 sed

112 4993 116 4997 ·
168 4980 365 5037 etiamsi
389 4983 508 5053 quis
536 4994 766 5040 essetex
791 4987 1058 5042 vilissimis
1087 4990 1324 5042 omnium
1346 5030 1360 5054 ,
1404 5001 1523 5060 post
1564 4999 1642 5046 tot
1666 5002 1747 5048 te-

147 5070 432 5142 ”stimonia,
471 5085 527 5132 et
553 5092 646 5131 sua
676 5088 730 5133 et
774 5078 1041 5145 aliorum,
1087 5096 1415 5152 nequaquam
1457 5084 1738 5140 dubitaret.

176 5159 318 5219 Unde
340 5169 510 5235 palam
537 5177 618 5223 est
646 5183 766 5224 eum
799 5185 905 5223 non
933 5169 1264 5225 dubitantem
1295 5172 1541 5238 misisse,
1571 5189 1744 5244 neque

172 5253 494 5321 ignorantem
521 5262 896 5330 interrogasse.
929 5259 1112 5330 Neque
1135 5276 1262 5317 vero
1278 5264 1538 5332 quispiam
1565 5265 1746 5321 dicere

1831 718 1998 775 certe,
2027 714 2114 782 qui
2166 716 2532 787 prepheticum
2581 736 2796 792 seraper
2836 723 3058 783 fundere
3097 733 3410 802 sanguinem

1828 801 2427 872 meditabatur,tantam
2459 812 2620 867 animi
2663 817 2908 870 virtutem
2955 801 3411 887 demonstrasset:

1827 905 1933 942 non
1964 894 2232 949 crudelem
2259 899 2405 953 illum
2438 913 2720 971 tyrannum
2747 921 2867 959 cum
2909 918 3050 964 tanta
3082 913 3327 969 libertate
3360 919 3412 970 in

1826 979 2000 1034 media
2031 983 2160 1038 urbe
2181 996 2236 1040 et
2285 987 2403 1042 foro
2459 992 2848 1063 redarguisset,
2895 1012 3015 1054 cum
3065 1003 3403 1059 audientibus

1826 1076 2072 1128 omnibus
2116 1076 2264 1132 illum
2313 1083 2461 1150 quasi
2505 1087 2781 1152 puerulum
2831 1089 3149 1159 increparet.
3197 1094 3250 1149 Si
3285 1112 3413 1150 vero

1830 1163 2064 1220 timidior
2111 1169 2332 1226 eil'ectus
2373 1185 2527 1241 erat,
2559 1193 2654 1231 cur
2693 1174 2982 1250 discipulos
3031 1200 3158 1238 suos
3200 1189 3414 1243 mittere

1830 1270 1933 1309 non
1965 1258 2195 1325 erubuit,
2223 1263 2276 1316 in
2302 1281 2525 1332 quorum
2553 1272 2835 1336 praisentia
2869 1281 2944 1327 tot
2976 1284 3229 1344 tantaque
3261 1281 3412 1332 testi—

1830 1343 2018 1401 ﬁcatus
2046 1359 2181 1417 erat,
2233 1354 2326 1408 sed
2355 1370 2448 1424 per
2477 1357 2597 1413 illos
2647 1360 2940 1432 interrogat
2984 1381 3103 1419 cum
3147 1343 3252 1436 per
3279 1370 3413 1426 alios

1828 1441 2501 1516 oporteret?Quamqnam
2550 1449 2695 1505 clare
2742 1464 3000 1521 noverat,
3035 1457 3179 1524 ipsos
3219 1461 3410 1517 invidia

1830 1529 1882 1582 in
1912 1528 2182 1586 Christum
2225 1551 2344 1590 esse
2396 1550 2684 1606 permotos,
2732 1552 2787 1595 et
2814 1545 3123 1602 occasiones
3173 1561 3410 1618 captare.

1827 1621 2108 1687 Quomodo
2138 1641 2242 1679 non
2270 1629 2338 1682 ob
2382 1629 2652 1685 Jndaicam
2696 1635 2904 1703 plebem
2951 1640 3151 1705 pudore
3191 1643 3412 1698 alit-ctus

1829 1710 2038 1781 fuisset,
2067 1719 2157 1786 qui
2199 1727 2342 1774 unita
2387 1724 2810 1792 put-dicaverat?
2835 1727 2970 1796 Quid
3011 1747 3138 1785 vero
3163 1734 3285 1788 hinc
3315 1736 3411 1805 ipsi

1829 1803 2135 1862 adminiculi
2182 1807 2412 1864 futurum
2455 1824 2571 1866 erat
2617 1825 2740 1870 uta
2789 1819 3011 1872 vinculis
3059 1803 3414 1878 liberaretur?

1828 1895 2012 1965 Neque
2040 1899 2180 1952 enim
2211 1913 2428 1970 propter
2453 1902 2721 1959 Christum
2765 1909 2854 1961 illo
2898 1912 3171 1979 conjectus
3201 1913 3365 1968 fuerat
3392 1956 3408 1980 ,

1830 2001 2006 2054 neque
2050 1990 2189 2056 quod
2215 1990 2332 2058 ejus
2355 1992 2600 2047 virtutem
2645 1997 3018 2064 praedicasset,
3051 2001 3143 2054 sed
3184 2004 3324 2070 quod
3347 2004 3415 2058 de

1830 2076 2012 2146 iniquo
2042 2079 2290 2149 conjugio
2323 2083 2701 2153 redarguisset.
2751 2090 2942 2142 Annon
2984 2090 3236 2145 insensati
3281 2109 3412 2161 pue-

1831 2167 2048 2228 ruli,vcl
2081 2172 2309 2224 amentis
2335 2172 2628 2242 cnjnspiam
2661 2176 2891 2232 hominis
2931 2181 3028 2234 sibi
3060 2181 3250 2236 laruam
3280 2199 3415 2238 con-

1830 2255 2102 2310 ciliasset?
2131 2259 2266 2323 Quid
2289 2276 2419 2330 ergo
2436 2263 2522 2318 hic
2544 2267 2754 2335 agitur?
2779 2267 2930 2334 Quod
2949 2271 3088 2322 enim
3110 2270 3410 2340 hujusmodi

1803 2344 2088 2413 dubitatio
2114 2365 2218 2403 non
2259 2353 2327 2404 sit
2365 2351 2620 2418 Joannis,
2658 2355 2766 2409 imo
2794 2373 2860 2410 ne
2899 2358 3131 2428 cujusvis
3184 2363 3414 2417 hominis

1830 2438 1987 2492 etiam
2007 2441 2196 2506 insani,
2225 2459 2292 2496 ex
2325 2444 2479 2498 dictis
2499 2445 2608 2513 jam
2632 2447 2812 2517 liquet.
2837 2449 2953 2503 Jam
2985 2461 3152 2506 restat
3180 2463 3237 2506 ut
3265 2457 3414 2509 solu-

1833 2530 2029 2584 tionem
2056 2532 2358 2589 aiieramus.
2389 2535 2495 2592 Cur
2514 2553 2642 2606 ergo
2668 2541 3048 2611 interrogatum
3065 2545 3206 2598 misit
3233 2545 3256 2597 ?
3283 2546 3412 2601 Jesu

1831 2619 2043 2675 Christo
2073 2623 2492 2680 adversabantur
2520 2627 3020 2697 discipuliJommis.
3049 2633 3206 2702 idque
3233 2635 3411 2688 omni-

1830 2709 1930 2765 bus
1961 2713 2172 2781 planum
2201 2725 2301 2781 est,
2327 2732 2391 2770 ac
2415 2727 2597 2771 contra
2629 2721 2773 2774 illum
2805 2721 2998 2775 invidia
3025 2738 3237 2794 semper
3262 2741 3381 2780 com
3399 2755 3415 2766 -

1830 2804 1958 2856 moti
1988 2815 2162 2869 erant,
2196 2807 2336 2875 quod
2367 2809 2702 2864 manifestum
2725 2819 2808 2865 est
2835 2827 2898 2866 ex
2934 2813 2997 2866 iis
3016 2830 3134 2881 quae
3157 2816 3410 2885 magistro

1831 2907 1929 2946 suo
1957 2895 2202 2949 dicebant
2230 2915 2244 2950 :
2274 2913 2486 2968 nempe.
2508 2902 2606 2965 Qui
2631 2911 2791 2954 tecum
2814 2912 2921 2954 erat
2944 2912 3085 2958 trans
3107 2903 3413 2973 Iordanem,

1831 2986 1914 3036 cui
1939 2995 1994 3038 tu
2015 2988 2308 3055 testiﬁcatus
2331 3006 2404 3056 es,
2435 3009 2548 3044 ecce
2569 2993 2650 3046 hic
2671 2994 2914 3063 baptizat,
2949 3007 2992 3048 et
3021 3014 3191 3059 omnes
3211 2999 3415 3053 veniunt

1829 3076 1898 3129 ad
1923 3077 2068 3130 illum
2098 3079 2273 3148 (Joan.
2305 3082 2357 3136 5.
2386 3081 2498 3152 26).
2528 3085 2606 3136 Ac
2631 3100 2838 3137 rursum
2863 3089 3085 3154 qumstio
3115 3090 3247 3141 facta
3279 3100 3361 3143 est
3387 3109 3416 3143 a

1831 3165 2030 3220 Judaeis
2051 3179 2104 3221 et
2134 3184 2235 3222 una
2279 3185 2307 3222 a
2347 3170 2565 3225 Joannis
2590 3172 2867 3242 discipulis
2913 3175 3051 3229 circa
3095 3180 3418 3246 puriﬁcatio-

1833 3271 1977 3322 nem,
2010 3267 2167 3327 atque
2194 3261 2259 3312 ad
2282 3261 2426 3313 illum
2451 3277 2634 3315 rursus
2663 3263 2976 3319 accedentes
2996 3266 3243 3321 dicebant
3269 3289 3282 3322 :
3316 3270 3421 3324 Cur

1836 3362 1928 3399 nos
1956 3356 2000 3399 et
2026 3347 2279 3402 Pharisa'i
2300 3351 2597 3420 jejunamus
2643 3356 2956 3424 frequenter,
2987 3357 3227 3429 discipuli
3252 3371 3420 3414 autem

1837 3440 1909 3488 tui
1934 3455 2034 3490 non
2057 3441 2291 3509 jejunant
2327 3441 2540 3511 (Matth.
2571 3443 2623 3498 9.
2651 3445 2781 3514 id)?

1905 3528 1959 3580 2.
1999 3527 2246 3583 Nondum
2279 3531 2418 3585 enim
2443 3532 2700 3599 sciebant,
2733 3536 2850 3604 quis
2877 3538 3299 3605 essetChristus,
3326 3542 3423 3596 sed

1835 3615 2021 3674 Jesum
2045 3636 2248 3674 merum
2284 3621 2554 3677 hominem
2587 3625 2921 3694 suspicantes
2968 3643 3086 3682 esse
3110 3669 3124 3694 ,
3157 3630 3417 3686 Joannem

1838 3727 1963 3778 vero
1992 3711 2288 3782 plusquam
2319 3714 2586 3769 hominem
2610 3757 2625 3781 ,
2671 3732 2814 3786 aegre
2860 3717 3103 3773 ferebant
3149 3706 3417 3776 celebrem

1839 3801 1986 3854 illum
2019 3801 2261 3856 videntes
2313 3817 2450 3868 esse,
2480 3804 2740 3859 Joannem
2771 3824 2898 3862 vero
2924 3811 3112 3876 minui,
3145 3814 3279 3867 sicut
3307 3816 3420 3883 ipse

1839 3889 2177 3959 praedixerat.
2207 3892 2274 3944 Et
2298 3892 2400 3946 huc
2427 3893 2746 3961 impediebat
2768 3899 3054 3964 quominus
3081 3903 3420 3971 accederent,

1841 3982 2034 4038 invidia
2062 3982 2261 4037 aditum
2287 3984 2591 4040 dirimente.
2637 3987 2814 4040 Donec
2837 3998 3016 4042 autem
3042 3990 3274 4046 Joannes
3299 4009 3421 4048 cum

1841 4073 1944 4125 illis
1995 4082 2147 4138 erat,
2198 4073 2509 4128 hortabatur
2557 4075 2675 4129 illos
2718 4078 3022 4147 frequenter
3061 4091 3116 4132 et
3161 4082 3422 4151 docebat,

1843 4177 2015 4232 neque
2046 4163 2095 4216 id
2127 4163 2231 4216 illis
2256 4164 2576 4231 persuadere
2603 4175 2811 4234 poterat
2843 4185 2858 4221 :
2889 4183 3008 4220 cum
3041 4185 3169 4224 vero
3201 4177 3425 4226 nnwitu-

1847 4268 1938 4306 rus
1959 4262 2122 4317 esset,
2151 4256 2320 4323 majus
2377 4255 2444 4308 ad
2487 4255 2615 4309 illud
2644 4256 2861 4311 adhibet
2889 4259 3124 4313 studium
3158 4278 3172 4314 :
3205 4263 3426 4319 timebat

1844 4344 1988 4397 enim
2009 4359 2076 4397 ne
2102 4346 2245 4413 pravi
2276 4345 2540 4414 dogmatis
2565 4350 2897 4403 occasionem
2937 4351 3258 4422 relinqueret
3281 4395 3296 4420 ,
3323 4355 3426 4409 illi-

1846 4449 1948 4503 que
1976 4437 2253 4490 manerent
2278 4451 2310 4489 a
2334 4435 2548 4492 Christo
2577 4438 2845 4506 disjuncti.
2875 4437 2930 4493 id
2974 4439 3060 4495 ille
3104 4444 3348 4510 curabat,
3376 4455 3432 4500 et

1847 4526 1997 4581 initio
2026 4528 2126 4596 ipsi
2148 4541 2274 4581 sums
2302 4543 2488 4584 omnes
2511 4529 2822 4585 adducebat.
2853 4530 2984 4586 Cum
3012 4543 3188 4588 autem
3217 4534 3295 4590 illi
3323 4551 3429 4589 non

1847 4619 2305 4686 obtemperarent,
2334 4622 2626 4674 moriturus
2647 4621 2863 4676 demmn
2911 4625 3098 4692 majori
3143 4634 3224 4679 est
3249 4626 3426 4681 studio

1849 4707 2134 4774 usus.Nam
2163 4710 2207 4762 si
2231 4711 2470 4776 disiSSet,
2497 4711 2647 4766 illum
2673 4712 2838 4778 adite,
2857 4714 2946 4782 qui
2974 4715 3164 4769 melior
3189 4731 3275 4769 me
3305 4727 3427 4770 est:

1849 4815 1954 4854 non
1985 4801 2484 4869 obtemperassent,
2533 4802 2674 4871 quod
2727 4804 2804 4856 sic
2854 4803 2925 4856 illi
2974 4814 3154 4858 essent
3191 4804 3428 4860 addicti:

1853 4900 2127 4961 putassent
2151 4893 2295 4946 enim
2347 4892 2494 4946 illum
2546 4908 2642 4960 per
2680 4892 3002 4947 modestiam
3039 4895 3110 4947 ita
3154 4895 3335 4964 loqui,
3379 4909 3434 4952 et

1853 4984 2020 5052 magis
2047 4983 2119 5038 illi
2143 4983 2426 5037 hzcsissent
2453 4999 2468 5035 :
2501 4982 2546 5035 si
2580 4997 2704 5036 vero
2734 4984 3005 5048 tacuisset,
3040 4999 3124 5040 res
3149 4986 3341 5044 eodem
3379 4989 3432 5042 in

1850 5085 1990 5130 statu
2009 5090 2256 5130 mansura
2288 5082 2421 5129 erat.
2441 5071 2578 5140 Quid
2607 5074 2762 5142 igitur
2775 5074 2932 5128 facit?
2951 5075 3237 5144 Empectat
3261 5079 3434 5135 donec

1849 5165 2050 5220 abillis
2092 5165 2263 5217 audiat
2324 5165 2499 5232 ipsum
2553 5164 2804 5220 miracula
2853 5165 3044 5232 edere;
3095 5183 3267 5238 neque
3309 5180 3434 5225 tunc

1853 5256 1972 5310 illos
2001 5255 2270 5317 hortatur,
2303 5270 2480 5324 neque
2508 5269 2697 5309 omnes
2748 5255 2928 5320 mittit,
2971 5257 3065 5312 sed
3115 5258 3251 5314 duos
3297 5274 3434 5328 quos

176 5347 368 5414 possit,
399 5351 570 5420 ipsum
603 5351 655 5406 id
685 5353 829 5407 clare
856 5352 1171 5421 cognovisse
1196 5393 1212 5418 ,
1259 5354 1353 5406 sed
1378 5355 1446 5408 ob
1473 5370 1743 5410 carcerem
1780 5391 1828 5439 κ
1851 5346 1987 5402 forte
2006 5346 2258 5402 credebat
2283 5361 2402 5400 esse
2431 5345 2494 5400 ad
2520 5346 2842 5401 credendum
2871 5349 3248 5418 prmnptiores,
3268 5359 3322 5401 ut
3353 5349 3438 5402 in-

177 5434 486 5497 timidiorem
512 5444 746 5499 evasisse
776 5461 792 5499 ;
825 5459 996 5513 neque
1015 5444 1155 5497 enim
1179 5458 1238 5498 se
1260 5459 1326 5498 ex
1354 5459 1568 5502 carcere
1608 5449 1744 5503 libe-

176 5528 389 5585 randum
415 5537 773 5604 exspectabat,
806 5552 978 5606 neque
1007 5536 1050 5591 si
1079 5547 1460 5607 exspectasset,
1485 5541 1743 5610 prodidis-

177 5626 253 5670 set
273 5623 568 5691 veritatem,
591 5628 680 5696 qui
711 5627 777 5682 ad
817 5636 1018 5682 mortes
1048 5616 1326 5696 plurimas
1351 5639 1569 5700 paratus
1607 5641 1741 5686 erat.

183 5704 286 5761 Nisi
319 5713 456 5769 enim
495 5715 560 5769 ad
614 5731 796 5772 necem
829 5725 1043 5787 paratus
1092 5715 1299 5784 fuisset,
1341 5729 1464 5775 ante
1494 5721 1743 5791 pepulum

1853 5441 2142 5510 terrogatio
2185 5440 2312 5494 nulli
2364 5447 2506 5494 esset
2549 5439 2835 5508 suspicioni
2882 5439 3130 5504 obnoxia,
3170 5447 3328 5506 atque
3367 5454 3436 5494 ex

1854 5532 1983 5602 ipsis
2002 5532 2163 5586 rebus
2189 5531 2506 5595 ediscerent,
2540 5542 2792 5599 quantum
2814 5530 3092 5583 interesset
3109 5527 3433 5582 discriminis

1853 5623 2036 5680 Jesum
2078 5623 2216 5677 inter
2257 5632 2308 5677 et
2354 5621 2612 5676 Joannem
2644 5621 2862 5688 :aitque
2901 5636 2915 5671 :
2955 5617 3112 5671 Abite
3148 5625 3205 5670 et
3235 5616 3432 5672 dicite:

1855 5720 1935 5776 Tu
1962 5738 2012 5776 es
2055 5719 2141 5789 «.ui
2178 5728 2412 5774 venturus
2445 5733 2528 5781 cs,
2557 5733 2622 5770 an
2661 5715 2817 5768 alium
2861 5712 3256 5782 exspectamus?
3281 5709 3438 5766 Chri-
