4010 6128
559 373 663 433 H5

563 494 677 540 slus
705 497 834 536 vero
854 477 1072 534 Joannis
1093 482 1322 528 mentem
1348 469 1648 536 intelligens
1666 504 1681 530 ,
1710 476 1815 516 non
1844 460 1974 513 dixit
1992 499 2007 520 ,
2033 457 2142 524 Ego

565 584 875 627 sumznam
928 567 980 622 id
1029 566 1304 620 auditores
1348 557 1677 619 offendisset,
1727 563 2045 620 quamquam
2091 545 2142 599 id

565 667 956 729 consequenter
984 656 1085 710 dici
1111 659 1352 723 poterat;
1378 647 1472 702 sed
1491 646 1542 700 id
1578 661 1642 699 ex
1671 643 1798 713 ipsis
1838 641 1999 696 rebus
2024 637 2142 692 edi-

567 767 718 806 scere
741 727 885 804 sinit.
916 746 1113 800 Dicitur
1131 741 1272 796 enim
1302 739 1393 801 ibi,
1435 739 1605 806 ipsum
1627 731 2008 788 accedentibus
2034 727 2136 781 illis

571 841 768 894 nmltos
792 849 1025 892 curasse.
1074 833 1141 884 At
1185 830 1326 884 enim
1366 844 1482 892 qua:
1509 823 1697 877 fuisset
1739 817 2141 888 consequentia,

573 933 952 998 interrogatum
972 939 1096 978 num
1123 922 1234 990 ipse
1260 927 1418 981 esset,
1439 916 1568 970 nihil
1589 915 1656 968 ad
1674 915 1773 966 hoc
1798 908 2141 980 respondere,

569 1023 663 1077 sed
694 1020 870 1074 statim
898 1029 1068 1085 aagros
1097 1025 1316 1076 curare,
1354 1008 1454 1061 nisi
1496 1007 1595 1059 hoc
1635 1005 1808 1058 facere
1853 999 2139 1062 voluisset,

569 1109 710 1181 quod
729 1107 876 1163 dixi?
898 1106 972 1159 Ex
1001 1102 1161 1156 rebus
1189 1099 1332 1155 enim
1362 1096 1489 1165 ipsis
1522 1092 1878 1148 testimonium
1911 1086 2143 1143 credibi-

569 1205 696 1266 lius,
751 1202 1028 1267 minusque
1081 1190 1365 1260 suspicioni
1417 1186 1701 1242 obnoxium
1745 1181 1960 1253 putabat
1999 1193 2142 1243 esse,

569 1308 725 1362 quam
747 1290 927 1345 verba.
957 1286 1087 1342 Cum
1116 1286 1274 1338 sciret
1295 1297 1441 1351 ergo,
1471 1287 1652 1344 utpote
1670 1278 1826 1338 Deus,
1847 1289 1947 1343 qua
1967 1278 2146 1325 mente

570 1385 690 1439 illos
721 1382 954 1435 misisset
977 1378 1228 1440 Joannes,
1258 1372 1436 1426 statim
1465 1369 1872 1431 sanavitcu-cos,
1905 1362 2142 1426 claudos,

573 1475 812 1542 aliosque
844 1471 1056 1533 multos,
1105 1482 1210 1520 non
1259 1473 1315 1517 ιιι
1358 1463 1504 1515 illum
1544 1460 1792 1519 doceret,
1835 1455 1974 1525 (cur
2001 1451 2144 1506 enim

571 1541 843 1618 docuisset
870 1574 1013 1620 eum,
1043 1556 1256 1625 qnijam
1283 1552 1532 1606 credebat
1572 1559 1625 1602 et
1667 1541 2140 1613 obtemperabat?)

571 1654 667 1709 sed
711 1663 768 1705 ut
812 1647 1100 1717 discipulos
1138 1645 1253 1712 ejus
1307 1643 1608 1696 dubitantes
1658 1637 1956 1691 institueret
1986 1651 1999 1686 :
2026 1632 2144 1686 ideo

573 1754 694 1813 post
736 1742 1017 1796 multorum
1046 1736 1369 1792 curationem
1410 1733 1483 1785 ait
1515 1731 1604 1786 ει.
1647 1728 1833 1780 Euntes
1869 1723 2148 1778 renuntiate

572 1832 762 1886 Joanni
800 1846 913 1900 qua:
949 1829 1136 1880 auditis
1167 1835 1215 1878 et
1256 1823 1447 1877 videtis.
1488 1821 1543 1875 5.
1579 1818 1707 1872 ϐαισὶ
1744 1817 1928 1878 rident,
1977 1813 2148 1866 claudi

573 1921 852 1983 ambulant,
902 1919 1086 1986 leprosi
1124 1914 1448 1973 mandantur,
1490 1907 1630 1962 surdi
1679 1906 1908 1970 audiunt,
1962 1902 2147 1954 mortui

572 2014 909 2076 suscitantur,
942 2023 1185 2078 pauperes
1204 2004 1606 2074 evangelisantur
1632 2016 1651 2052 :
1676 2007 1728 2053 et
1757 1997 1935 2064 adjicit
1964 2012 1978 2048 :
2001 1994 2053 2047 6'.
2079 1991 2145 2045 Et

572 2108 745 2159 beatus
770 2105 856 2174 qui
879 2119 978 2155 non
998 2101 1148 2169 luerit
1170 2097 1537 2151 scandalizatus
1561 2093 1613 2144 in
1645 2106 1722 2143 me
1745 2105 1763 2142 :
1783 2087 2068 2141 ostendens
2088 2099 2145 2136 se

573 2197 749 2251 cordis
777 2209 960 2248 eorum
1002 2197 1201 2245 secreta
1239 2200 1412 2241 nosse.
1450 2183 1505 2239 Si
1546 2182 1688 2236 enim
1731 2181 1988 2238 dixisset,
2036 2175 2146 2242 Ego

573 2302 710 2347 sont,
731 2285 779 2337 id
808 2284 947 2344 illos,
979 2289 1036 2333 ut
1057 2279 1164 2347 jam
1179 2276 1307 2339 dixi,
1327 2272 1654 2334 oll'endisset,
1697 2269 2143 2336 cogiIaSsentque,

573 2378 674 2432 etsi
701 2392 804 2430 non
835 2374 1124 2432 dixissent,
1157 2369 1204 2422 id
1233 2366 1373 2436 quod
1418 2363 1585 2417 Judaei
1633 2361 1704 2413 illi
1752 2358 1997 2410 dicebant
2025 2372 2040 2409 :
2071 2352 2146 2406 Tu

573 2470 638 2520 de
666 2477 710 2519 te
740 2467 850 2533 ipso
877 2462 1210 2516 testimonium
1245 2461 1335 2510 das
1364 2456 1382 2523 (
1408 2454 1563 2506 Joan.
1590 2451 1644 2505 8.
1675 2451 1744 2502 15
1843 2447 2068 2512 Ideoque
2094 2444 2145 2498 id

576 2559 665 2612 ille
695 2571 797 2608 non
828 2553 991 2615 dicit,
1023 2550 1115 2605 sed
1163 2563 1231 2602 ex
1269 2543 1537 2598 miraculis
1572 2547 1721 2594 curat
1761 2545 1815 2589 ut
1860 2535 1933 2588 illi
1968 2533 2143 2588 omnia

575 2649 832 2708 ediscant,
881 2641 1176 2697 doctrinam
1225 2635 1436 2690 tradens
1491 2640 1547 2686 et
1596 2629 1872 2683 clariorem
1912 2632 1967 2678 et
2017 2622 2145 2676 nulli

575 2736 865 2808 suspicioni
909 2732 1214 2789 obnoxiam.
1246 2728 1446 2782 Idcirco
1484 2725 1622 2778 clam
1664 2721 1782 2775 illos
1821 2718 2146 2787 redarguens

576 2832 706 2886 illud
755 2827 965 2897 adjecit.
1014 2824 1144 2890 Quia
1193 2825 1335 2874 enim
1376 2817 1428 2870 in
1472 2816 1588 2884 ipso
1631 2809 2142 2867 scandalizabantur,

576 2923 783 2976 illorum
811 2916 1050 2971 morbum
1081 2912 1300 2977 detexit,
1329 2915 1384 2963 et
1418 2905 1546 2959 illud
1572 2903 1907 2958 conscientiae
1941 2908 2144 2953 tantum

577 3015 811 3083 ipsorum
841 3008 1071 3077 reliquit,
1103 3003 1314 3060 nemine
1354 3001 1610 3054 advocato
1653 2993 1955 3051 maledicti'
1987 3000 2142 3053 teste,

577 3107 812 3174 ipsiSque
857 3101 985 3156 solis
1028 3099 1079 3153 id
1120 3096 1451 3152 scientibus:
1488 3094 1671 3161 sicque
1716 3089 1902 3143 melius
1933 3085 2147 3139 attraxit

576 3196 718 3260 illos,
764 3193 982 3247 dicens:
1014 3188 1201 3240 Beatus
1239 3187 1322 3253 qui
1360 3201 1458 3236 non
1497 3185 1646 3253 fuerit
1682 3177 2053 3235 scandalizatus
2093 3176 2147 3229 in

574 3303 668 3338 me.
701 3284 829 3338 Nam
852 3282 966 3335 haec
989 3279 1141 3343 dixit,
1171 3279 1287 3332 illos
1316 3278 1456 3344 ipsos
1481 3273 1838 3328 subindicans.
1863 3268 1941 3324 Ne
1970 3277 2143 3322 autem

578 3384 758 3432 nostra
791 3381 990 3426 tantum
1015 3369 1328 3430 referamus,
1354 3363 1447 3420 sed
1476 3373 1533 3418 ιιι
1559 3364 1634 3417 rei
1660 3361 1930 3416 ﬁrmandae
1956 3359 2020 3413 iis
2045 3357 2141 3410 ad-

577 3466 771 3530 ductis,
801 3478 919 3532 quia
944 3462 1010 3514 ab
1047 3460 1164 3513 aliis
1207 3458 1347 3511 dicta
1385 3463 1544 3520 sunt,
1570 3454 1849 3508 clariorem
1895 3450 2048 3504 vobis
2080 3463 2144 3502 es

577 3557 838 3610 dictorum
892 3549 1288 3618 comparatione
1357 3547 1636 3598 veritatem
1697 3542 2002 3604 tradamus,
2056 3539 2144 3591 illa

580 3647 738 3699 etiam
770 3643 856 3694 hic
897 3639 1135 3709 proferre
1190 3649 1407 3689 necesse
1453 3643 1554 3687 est.
1606 3631 1741 3699 Quid
1793 3645 1918 3698 ergo
1964 3629 2146 3683 dicunt

582 3729 864 3787 nonnulli?
897 3730 1023 3781 Eam
1052 3740 1207 3794 quam
1236 3722 1530 3786 retulimus,
1549 3735 1655 3776 non
1683 3734 1859 3773 veram
1883 3733 2000 3773 esse
2021 3732 2145 3772 cau-

577 3838 690 3877 sam
725 3839 737 3874 :
762 3820 852 3874 sed
878 3832 1001 3872 vere
1028 3818 1297 3885 ignorasse
1327 3812 1608 3877 Joannem,
1639 3824 1735 3866 nec
1772 3818 1937 3863 totum
1967 3818 2141 3862 tamen

577 3915 852 3981 ignorasse
883 3927 896 3961 :
925 3917 978 3961 et
1003 3906 1150 3959 illmn
1201 3903 1413 3973 quidem
1456 3916 1575 3955 esse
1613 3898 1881 3954 Christum
1908 3898 2140 3964 novisse,

574 4003 714 4074 quod
736 4010 910 4057 autem
938 4013 1031 4068 pro
1062 3996 1362 4050 hominibus
1382 3993 1669 4048 moriturus
1689 3991 2142 4058 essetignorasse:

575 4096 774 4148 idcirco
799 4091 1017 4152 dixisse,
1048 4087 1126 4140 Tu
1155 4103 1205 4141 es
1232 4087 1315 4156 qui
1343 4095 1579 4137 venturus
1616 4083 1707 4136 es?
1737 4083 1786 4136 id
1817 4091 1896 4136 est
1915 4123 1928 4146 ,
1961 4081 2058 4146 Qui
2090 4081 2140 4134 in

575 4184 836 4240 infernum
867 4196 926 4234 es
953 4180 1325 4232 descensurus.
1347 4174 1538 4229 Verum
1564 4173 1615 4227 id
1632 4188 1750 4227 cum
1773 4181 1916 4226 recta
1939 4172 2142 4224 ratione

578 4282 834 4345 pugnaret
867 4271 1138 4326 :Joannes
1179 4269 1371 4336 quippe
1409 4282 1513 4320 non
1558 4266 1656 4319 hoc
1694 4264 1987 4334 ignorabat.
2032 4262 2143 4316 Hoc

571 4367 714 4420 enim
740 4374 864 4417 ante
891 4363 992 4416 alia
1026 4359 1345 4429 pratdicabat
1369 4373 1490 4412 cum
1535 4357 1768 4421 diceret,
1803 4355 1934 4408 Ecce
1982 4370 2144 4423 agnus

573 4458 689 4519 Dei,
719 4456 802 4524 qui
832 4453 963 4506 tollit
1004 4459 1207 4520 peccata
1243 4448 1420 4502 mundi
1459 4446 1656 4517 (Joan.
1687 4447 1738 4499 l.
1769 4446 1840 4500 29
1866 4445 1904 4513 ).
1939 4447 2144 4514 Agnum

573 4564 703 4604 vero
728 4545 972 4605 vocavit,
1003 4555 1214 4594 crucem
1246 4539 1574 4608 prccdicans;
1606 4553 1666 4590 ac
1692 4552 1811 4591 cum
1860 4537 2008 4601 dicit,
2043 4538 2142 4600 Qui

575 4639 706 4692 tollit
755 4643 958 4705 peccata
998 4631 1209 4694 mundi,
1245 4629 1470 4696 idipsum
1497 4628 1826 4696 signiﬁcavit.
1883 4627 1995 4680 Non
2037 4629 2142 4682 alio

572 4731 714 4784 enim
742 4740 898 4795 qttam
925 4738 1017 4792 per
1044 4734 1254 4774 crucem
1294 4717 1453 4770 modo
1481 4716 1530 4770 id
1557 4727 1806 4784 operatus
1845 4726 1928 4770 est
1953 4731 1968 4768 :
1998 4716 2140 4784 quod

571 4823 732 4873 etiam
763 4815 954 4869 Paulus
981 4811 1225 4866 dicebat:
1257 4805 1323 4860 Et
1349 4806 1770 4875 chirographum,
1797 4806 1930 4874 quod
1969 4806 2146 4858 adver-

568 4925 682 4962 sum
710 4924 801 4960 nos
847 4913 974 4969 erat,
1019 4905 1079 4956 de
1131 4902 1293 4955 medio
1336 4901 1554 4965 sustulit,
1585 4901 1785 4970 a/jigeus
1832 4900 1960 4952 illud
2008 4898 2146 4951 cruci

572 4997 786 5066 (Coloss.
814 4995 870 5050 2.
900 4996 1010 5064 ll).
1033 4995 1164 5048 Cum
1191 5005 1367 5047 autem
1393 4993 1602 5046 dicebat
1624 5031 1639 5055 ,
1672 4990 1734 5043 In
1759 4991 1956 5059 Spiritu
1982 4990 2142 5059 bapti-

570 5085 703 5138 zabit
731 5099 813 5136 uos
841 5086 861 5114 ¹
893 5083 1043 5151 (Luc.
1077 5085 1129 5137 ὃ.
1167 5084 1273 5152 16),
1305 5099 1364 5137 ea
1394 5097 1511 5151 quae
1544 5090 1663 5150 post
1700 5083 2140 5136 resurrectionem

578 5180 753 5230 l'utura
782 5181 936 5227 erant
968 5174 1379 5240 praenuntiabat.
1419 5175 1487 5226 At
1516 5183 1778 5241 reponunt
1816 5173 1890 5226 illi
1920 5191 1932 5224 :
1968 5172 2138 5241 lpsmn

573 5271 1018 5328 resurrecturum,
1069 5271 1122 5315 et
1163 5262 1417 5330 Spiritum
1461 5273 1699 5316 sanctum
1736 5263 1983 5316 daturum
2025 5279 2144 5318 esse

567 5357 771 5411 sciebat
799 5371 814 5408 :
846 5354 986 5425 quod
1012 5361 1186 5406 autem
1208 5354 1351 5406 cruci
1379 5353 1674 5422 afﬁgendus
1698 5365 1834 5408 esset
1850 5357 2142 5424 ignorabat.

568 5447 673 5504 Sed
699 5447 966 5517 quomodo
992 5455 1388 5500 resurrecturus
1417 5455 1552 5510 erat,
1584 5445 1672 5514 qui
1703 5460 1801 5500 nec
1830 5460 2016 5516 passus
2045 5460 2144 5500 nec

561 5656 567 5662 η
633 5605 647 5635 ¹
687 5603 824 5651 Sani.
852 5607 904 5650 et
922 5600 1019 5659 alii,
1053 5597 1367 5650 accusationis
1393 5611 1411 5648 .'
1431 5607 1691 5662 utrumque
1710 5600 1926 5662 quadrat.

634 5666 654 5693 ³
689 5673 816 5726 inire,
844 5664 891 5710 in
914 5655 1063 5726 textu
1075 5670 1250 5726 (succo,
1285 5660 1583 5726 respondent
1604 5655 1676 5726 [iis
1697 5655 1909 5726 vocibus,
1934 5661 2146 5726 baptiza-

568 5723 635 5773 btt
662 5736 753 5783 ros,
778 5723 911 5784 lapsu
931 5723 1174 5785 graphice,
1199 5723 1479 5772 exciderant
1499 5721 1622 5782 apud
1642 5721 1806 5770 Morel.

1340 361 1395 416 S.
1439 352 1716 413 JOANNIS
1755 343 2221 404 CllRYSOSTOMI
2259 342 2573 399 ARCHlEP.
2613 341 3140 398 CONSTANTINOP.

3727 337 3842 394 «H6

2252 454 2537 508 cruciﬁxus
2591 455 2816 509 luisset?
2860 455 3135 522 Quomodo
3175 455 3297 511 item
3362 460 3532 526 major
3553 459 3855 528 prophetis

2249 553 2383 608 erat,
2414 546 2504 613 qui
2531 559 2592 599 ea
2623 561 2742 614 qua:
2771 545 3041 614 propheta:
3071 547 3312 601 sciebant
3340 547 3661 616 ignorabat?

2319 637 2371 691 5.
2392 634 2664 704 Propheta!
2682 639 2921 702 sciebant,
2941 638 3193 691 Christum
3213 655 3318 693 esse
3336 641 3843 710 cruciﬁgendum.—-

2248 726 2398 793 Quod
2419 728 2561 781 enim
2589 727 2704 795 plus
2725 742 2883 796 quam
2913 727 3166 796 propheta
3195 738 3370 796 esset,
3409 729 3654 785 Christus
3676 733 3844 788 testi-

2250 821 2432 871 licatus
2457 827 2541 871 est
2567 820 2583 877 ί
2611 817 2735 871 Luc.
2761 819 2813 872 7.
2838 817 2978 888 28);
3011 819 3150 888 quod
3178 831 3354 874 autem
3388 825 3662 891 propheta:
3708 837 3841 890 pas—

2248 909 2451 962 sionem
2481 907 2674 962 Cbristi
2705 908 2948 962 noverint
2973 949 2988 974 ,
3021 909 3148 962 nulli
3176 926 3280 965 non
3321 922 3503 966 notum
3533 923 3639 967 est.
3694 915 3839 969 Nam

2250 997 2410 1051 Isaias
2436 997 2560 1050 dicit
2587 1013 2602 1050 :
2635 996 2781 1050 Sicut
2824 998 2929 1051 ovis
2977 999 3045 1050 ad
3072 999 3368 1054 occisionem
3411 1002 3593 1055 ductus
3637 1013 3717 1056 est
3741 1045 3758 1069 ,
3783 1017 3835 1060 et

2245 1088 2374 1140 sicut
2396 1103 2556 1156 agnus
2579 1103 2749 1139 coram
2792 1089 3025 1141 tondente
3059 1105 3114 1143 se
3149 1090 3255 1143 sine
3281 1105 3398 1144 voce
3423 1090 3582 1160 (Isai.
3612 1093 3707 1149 55.
3741 1095 3836 1160 7).

2251 1179 2529 1247 Etiamque
2557 1189 2680 1233 ante
2708 1179 2810 1232 hoc
2841 1181 3198 1234 testimonium
3229 1181 3370 1236 dixit
3397 1199 3412 1236 :
3453 1182 3520 1237 Et
3556 1186 3648 1238 erit
3673 1186 3840 1238 radix

2247 1271 2425 1334 Iesse,
2474 1279 2518 1322 et
2556 1269 2643 1338 qui
2697 1278 2928 1338 exsurget
2991 1271 3240 1340 imperare
3301 1273 3562 1342 gentibus,
3612 1274 3667 1326 in
3715 1276 3836 1344 ipso

2247 1372 2416 1432 gentes
2440 1362 2712 1431 sperabunt
2749 1361 2770 1433 (
2787 1360 2911 1414 Isai.
2944 1362 3028 1415 ll.
3072 1362 3198 1432 10).
3229 1363 3429 1419 Deinde
3481 1366 3789 1434 passionem
3813 1408 3831 1432 ,

2248 1465 2302 1508 et
2323 1471 2483 1525 quam
2509 1455 2629 1507 inde
2651 1453 2874 1522 gloriam
2902 1465 3260 1524 consequutus
3287 1455 3358 1509 sit
3386 1472 3690 1524 exponens,
3727 1459 3834 1512 ad-

2243 1545 2392 1614 jicit,
2426 1543 2493 1596 Et
2532 1544 2624 1596 erit
2653 1544 2844 1609 requies
2892 1545 2998 1614 ejus
3037 1547 3197 1598 honor
3221 1543 3394 1617 (Ibid.
3418 1547 3457 1617 ).
3511 1547 3622 1603 Nec
3647 1549 3834 1603 solum

2247 1635 2386 1704 quod
2414 1636 2556 1688 crttci
2588 1633 2882 1703 afﬁgendus
2929 1644 3070 1689 esset
3093 1675 3106 1699 ,
3148 1636 3242 1690 sed
3284 1637 3595 1706 quibuscum
3631 1653 3831 1707 passu—

2249 1741 2340 1780 rus
2365 1732 2506 1780 esset
2532 1725 2664 1778 dixit
2697 1741 2712 1778 :
2740 1722 2808 1776 Et
2846 1740 2959 1777 cum
2985 1725 3236 1779 sceleratis
3262 1737 3521 1795 reputatus
3547 1739 3616 1781 est
3643 1729 3801 1798 (Isai
3813 1771 3826 1782 .

2247 1815 2479 1886 53.12).
2503 1814 2683 1884 Neque
2711 1813 2811 1867 hoc
2834 1823 3054 1879 tantum,
3083 1816 3176 1869 sed
3204 1831 3308 1870 non
3331 1831 3451 1872 sese
3476 1818 3828 1874 defensurum

2247 1920 2366 1961 esse
2395 1905 2635 1974 praedixit
2669 1922 2681 1960 :
2716 1903 2815 1957 Hic
2862 1907 2991 1957 enim
3019 1921 3121 1958 non
3163 1907 3350 1974 aperiet
3389 1923 3444 1960 os
3470 1925 3618 1960 suum
3644 1909 3824 1977 (Ibid.

2247 2014 2297 2050 v.
2329 1996 2396 2066 7)
2425 2013 2440 2062 ;
2497 2011 2719 2067 esseque
2765 1997 2958 2064 injuste
2999 1997 3356 2053 damnandum
3386 2018 3399 2051 :
3429 1998 3496 2052 In
3538 2001 3832 2056 humilitate

2240 2087 2491 2157 judicium
2536 2087 2646 2156 ejus
2689 2087 2943 2140 sublatum
2980 2097 3050 2139 est
3081 2086 3253 2157 (Ibid.
3283 2104 3334 2141 v.
3359 2089 3447 2155 8).
3489 2091 3634 2162 διιιθ
3675 2091 3828 2145 illum

2247 2194 2457 2247 quoque
2485 2177 2712 2245 idipsum
2735 2178 2866 2231 dicit
2900 2178 3090 2241 David,
3122 2187 3177 2234 et
3216 2179 3475 2247 judicium
3516 2182 3777 2236 describit
3811 2200 3824 2234 :

2251 2270 2446 2334 Quare,
2483 2268 2679 2338 inquit,
2729 2273 3033 2338 fremuerunt
3075 2281 3241 2340 gentes
3264 2313 3278 2337 ,
3306 2283 3352 2325 et
3395 2275 3567 2342 populi
3597 2276 3832 2327 meditati

2247 2367 2361 2412 sunt
2391 2360 2602 2412 inania?
2626 2360 2936 2412 Adstiterunt
2959 2377 3095 2430 reges
3124 2370 3287 2427 terrae,
3321 2372 3368 2416 et
3409 2365 3659 2432 principes
3706 2381 3832 2417 con-

2247 2461 2484 2502 uenerunt
2532 2453 2585 2503 in
2643 2468 2800 2504 unum
2861 2452 3096 2506 adversus
3144 2452 3420 2508 Dominum
3477 2467 3526 2510 et
3582 2457 3832 2510 adversus

2247 2539 2500 2595 Christum
2537 2545 2644 2614 ejus
2695 2542 2880 2613 (Psal.
2909 2543 2962 2596 2.
2996 2545 3048 2598 l.
3087 2544 3179 2614 2).
3210 2545 3349 2598 Alibi
3391 2561 3601 2615 quoque
3648 2547 3831 2616 ipsum

2248 2633 2421 2686 crucis
2448 2633 2659 2687 modum
2685 2633 2818 2686 dixit
2849 2650 2862 2686 :
2893 2633 3155 2686 Foderuut
3205 2652 3384 2689 manus
3419 2653 3552 2688 meas
3577 2646 3624 2689 et
3672 2639 3831 2705 pedes

2248 2740 2382 2777 meos
2410 2723 2593 2793 (Psal.
2624 2724 2712 2777 2i.
2745 2725 2843 2792 l7)
2874 2740 2890 2789 ;
2921 2733 2974 2778 et
3001 2734 3245 2780 accurate
3287 2728 3503 2780 omnino
3528 2744 3647 2796 quae
3675 2729 3828 2781 mili-

2248 2823 2328 2867 tes
2370 2814 2484 2868 ausi
2531 2826 2651 2868 sunt
2679 2815 2858 2884 adjicit
2884 2834 2896 2869 :
2926 2816 3211 2870 Diviseruut
3235 2819 3329 2871 sibi
3354 2819 3642 2872 vestimenta
3671 2836 3784 2872 mea
3808 2861 3829 2885 ,

2247 2916 2293 2959 et
2313 2923 2465 2974 super
2512 2917 2692 2962 vestem
2724 2926 2884 2962 meam
2913 2911 3152 2964 miserunt
3177 2922 3360 2963 sortem
3398 2910 3570 2980 (Ibid.
3604 2927 3656 2964 ν.
3689 2913 3756 2966 l9
3780 2915 3824 2981 ).

2248 2999 2388 3054 Alibi
2414 3011 2590 3054 autem
2627 3000 2860 3055 oblatum
2891 3011 3097 3055 acetum
3125 3003 3202 3056 sic
3221 3013 3479 3057 memorat
3511 3021 3522 3055 :
3555 3001 3830 3055 Dederunt

2247 3092 2299 3144 in
2338 3107 2502 3144 escam
2527 3107 2686 3144 meam
2709 3093 2810 3163 fel,
2839 3101 2885 3145 et
2914 3094 2965 3145 in
2997 3094 3080 3145 siti
3109 3111 3217 3146 mea
3245 3104 3539 3162 potaverunt
3577 3109 3656 3147 me
3679 3105 3827 3147 aceto

2252 3181 2436 3254 (Psal.
2468 3183 2554 3238 68.
2585 3183 2712 3252 22).
2744 3182 3020 3252 Propheta:
3050 3184 3208 3253 igitur
3235 3194 3358 3238 ante
3387 3193 3460 3238 tot
3485 3200 3654 3238 annos
3679 3184 3828 3252 judi-

2247 3274 2385 3326 cium
2413 3314 2427 3335 ,
2459 3272 2990 3338 condemnationem,
3022 3276 3196 3328 crucis
3233 3277 3432 3339 socios,
3468 3275 3824 3330 vestimento-

2247 3379 2362 3417 rum
2395 3364 2742 3432 divisionem,
2776 3365 2992 3420 missam
3017 3376 3246 3431 sortem,
3278 3376 3333 3420 et
3353 3366 3506 3436 longe
3534 3367 3682 3435 plura
3714 3369 3824 3420 alia

2249 3466 2544 3510 memorant
2573 3473 2585 3508 :
2617 3471 2790 3526 neque
2835 3462 2975 3511 enim
3021 3472 3238 3512 necesse
3263 3467 3346 3512 est
3369 3457 3544 3511 omnia
3584 3456 3781 3511 eﬂerre
3804 3499 3818 3519 ,

2250 3563 2316 3601 ne
2343 3549 2548 3615 longius
2584 3557 2837 3602 excurrat
2881 3550 3088 3614 oratio;
3138 3549 3223 3603 hic
3273 3565 3400 3604 vero
3428 3550 3531 3602 illis
3571 3551 3823 3603 omnibus

2248 3639 2450 3707 major,
2496 3638 2608 3691 haec
2635 3639 2812 3693 omnia
2858 3638 3169 3709 ignorabat?
3217 3641 3328 3705 Qua
3363 3641 3564 3694 ratione
3593 3640 3646 3694 id
3673 3650 3820 3694 stare

2248 3729 2457 3797 possit?
2483 3728 2591 3783 Cur
2619 3744 2744 3783 vero
2767 3744 2870 3783 non
2902 3729 3065 3795 dixit,
3095 3729 3173 3784 Tu
3194 3745 3253 3784 es
3290 3731 3376 3800 qui
3405 3740 3658 3784 venturus
3677 3745 3740 3784 es
3766 3733 3819 3784 in

2248 3819 2556 3874 infernum?
2601 3819 2694 3874 sed
2748 3820 3096 3888 simpliciter,
3153 3819 3253 3885 Qui
3294 3830 3527 3874 venturus
3573 3822 3671 3873 es?
3712 3819 3816 3875 Sed

2246 3911 2386 3980 quod
2411 3911 2576 3980 magis
2596 3911 2707 3964 risu
2731 3910 2945 3980 dignum
2970 3921 3133 3975 esset,
3157 3910 3338 3965 dicunt
3359 3911 3458 3964 hoc
3483 3912 3601 3964 ideo
3621 3912 3814 3966 dixisse

2247 4000 2541 4067 Joannem,
2570 4009 2627 4053 ut
2674 4002 2724 4054 in
2769 4001 2967 4055 inferos
2997 4001 3212 4055 veniens
3260 4002 3585 4069 praedicaret.
3617 4001 3814 4067 Quibus

2247 4104 2541 4162 opportune
2568 4093 2775 4147 dicatur
2804 4111 2817 4146 :
2846 4093 3054 4147 Fratres
3073 4135 3088 4157 ,
3121 4097 3272 4147 nolite
3300 4096 3440 4163 pueri
3467 4094 3589 4163 (νίῙὶτί
3617 4105 3776 4146 mente
3797 4134 3810 4155 ,

2246 4187 2333 4238 sed
2361 4188 2552 4240 malitia
2578 4189 2776 4257 paruuli
2801 4188 2994 4258 estote(
3023 4189 3072 4242 l.
3100 4187 3216 4242 Cor.
3243 4189 3326 4242 M.
3355 4187 3424 4240 20
3440 4186 3484 4259 ).
3512 4187 3644 4240 Nam
3678 4203 3812 4256 pra:—

2247 4289 2371 4330 sens
2400 4279 2504 4331 vita
2535 4279 2667 4330 bene
2695 4279 2881 4347 agendi
2912 4288 3118 4347 tempus
3145 4289 3256 4342 est;
3291 4287 3410 4346 post
3433 4289 3657 4332 mortem
3690 4293 3815 4331 vero

2247 4369 2418 4423 aderit
2463 4369 2718 4438 judicium
2749 4378 2802 4424 et
2826 4372 3160 4440 supplicium.
3193 4369 3322 4423 Nam
3363 4370 3437 4422 ait
3484 4386 3498 4421 :
3530 4367 3596 4421 In
3620 4370 3815 4422 inferno

2247 4461 2357 4530 quis
2403 4461 2714 4528 confitebitur
2761 4460 2846 4513 tibi
2888 4460 3072 4526 (Psal.
3105 4462 3160 4514 6.
3194 4460 3296 4530 6)?
3329 4459 3606 4526 Quomodo
3659 4460 3817 4528 igitur

2248 4550 2491 4603 contrita:
2531 4560 2654 4605 sunt
2683 4560 2848 4618 porttc
2877 4565 3052 4616 terea},
3083 4561 3136 4604 et
3165 4559 3342 4604 vectes
3372 4549 3530 4602 ferrei
3558 4550 3813 4602 contracti

2248 4641 2407 4693 sunt?
2437 4640 2535 4693 l’er
2573 4654 2766 4708 corpus
2811 4639 2945 4709 ejus.
2977 4640 3124 4694 Tunc
3166 4640 3306 4693 enim
3355 4639 3526 4707 primo
3577 4639 3818 4705 apparuit

2247 4745 2439 4798 corpus
2472 4730 2789 4797 immortale,
2821 4729 2957 4798 quod
2985 4730 3172 4784 mortis
3202 4729 3532 4798 tyrannidem
3563 4728 3812 4781 Solveret.

2249 4823 2496 4890 Alioquin
2529 4838 2655 4876 vero
2682 4823 2732 4875 id
2763 4822 2994 4875 ostendit
3023 4823 3207 4874 mortis
3233 4821 3336 4873 vim
3363 4835 3482 4874 esse
3517 4819 3776 4873 sublatam
3797 4858 3812 4881 ,

2249 4929 2352 4967 non
2381 4922 2556 4966 autem
2577 4927 2762 4966 eorum
2779 4912 2866 4982 qui
2893 4921 3015 4964 ante
3037 4911 3317 4965 adventum
3341 4912 3456 4979 ejus
3483 4911 3674 4963 mortui
3702 4908 3818 4962 fue-

2249 5016 2368 5058 rant
2389 5042 2404 5068 ,
2428 5003 2597 5057 soluta
2642 5012 2854 5071 peccata
2878 5003 2894 5033 ¹
2939 5001 3122 5056 fuisse.
3153 5000 3303 5067 Quod
3332 5001 3373 5054 si
3407 5015 3494 5054 res
3522 5016 3627 5053 non
3658 5001 3727 5052 ita
3757 5014 3818 5054 se

2247 5095 2474 5162 habeat,
2504 5103 2558 5148 et
2607 5095 2651 5148 si
2697 5110 2881 5148 omnes
2905 5105 3056 5148 antea
3087 5103 3324 5148 mortuos
3351 5109 3380 5146 a
3408 5093 3648 5162 gehenna
3681 5091 3816 5145 Iibe-

2249 5188 2382 5240 ravit
2400 5225 2415 5251 ,
2443 5185 2708 5251 quomodo
2735 5185 2808 5237 ait
2837 5202 2851 5238 :
2879 5183 3210 5238 Tolerabilius
3257 5185 3349 5236 erit
3391 5193 3536 5236 terra:
3564 5183 3820 5238 Sodomo-

2247 5293 2360 5328 rum
2403 5285 2450 5328 et
2481 5275 2774 5329 Gomorrha:
2829 5275 2994 5346 (Luc.
3048 5276 3133 5330 10.
3163 5273 3309 5346 ι2)ἳ
3351 5275 3479 5329 illud
3533 5275 3675 5327 enim
3724 5288 3816 5328 eos

2249 5369 2541 5436 puniendos
2571 5383 2688 5421 esse
2707 5367 2972 5433 declarat,
2999 5366 3270 5421 remissius
3299 5365 3543 5435 quidem,
3573 5365 3666 5418 sed
3717 5381 3816 5433 pu-

2250 5456 2470 5511 niendos
2501 5465 2695 5510 tamen.
2747 5455 2964 5509 Etiamsi
3007 5456 3092 5509 hic
3137 5465 3402 5508 extremas
3425 5453 3674 5507 dederint
3703 5469 3817 5521 pte-

2250 5562 2346 5602 nas
2375 5564 2387 5600 :
2416 5557 2646 5602 attamen
2670 5561 2776 5601 non
2805 5545 2905 5600 hoc
2942 5545 3060 5600 illos
3102 5543 3362 5600 liberabit.
3413 5543 3468 5599 Si
3495 5555 3678 5600 autem
3723 5547 3822 5601 hos

2314 5727 2330 5758 ⁸
2369 5723 2550 5785 lturcl.,
2570 5722 2724 5774 soluta
2743 5735 2961 5785 corpora.
