4010 6128
243 197 353 254 ΗἹ

236 325 354 365 non
388 318 558 375 eruet,
590 309 756 362 multo
784 309 958 362 minus
986 321 1081 360 eos
1106 307 1197 376 qui
1226 305 1357 360 nihil
1400 306 1486 359 hic
1515 303 1654 364 passi
1685 311 1827 355 sunt.

157 449 167 456 .
233 400 387 468 Quid
432 415 594 469 ergo,
638 399 913 469 inquiunt,
970 398 1233 465 injuStene
1277 396 1450 466 agitur
1497 410 1614 450 cum
1660 394 1722 447 iis
1747 393 1834 462 qui

238 502 376 548 ante
405 492 688 546 adventum
714 491 830 560 ejus
851 489 1138 545 vixerunt?
1167 489 1508 557 Nequaquam
1543 503 1556 539 :
1590 493 1860 554 poterant'

235 583 393 636 enim
427 596 524 635 nec
566 582 837 635 Christum
875 579 1105 634 confessi
1148 578 1373 633 salutem
1404 575 1681 643 consequi.
1721 571 1837 627 Non

235 674 393 726 enim
425 673 526 727 hoc
550 674 618 726 ab
647 673 750 726 illis
790 670 1130 740 exigebatur,
1160 668 1254 722 sed
1283 683 1350 722 ne
1375 666 1513 720 idola
1553 666 1835 728 colerent,

235 774 297 816 et
340 773 406 816 ut
435 779 619 816 verum
650 763 815 816 Deum
846 768 1084 815 nossent.
1135 759 1380 811 Dominus
1422 757 1553 808 enim
1583 796 1598 821 ,
1631 753 1836 824 inquit,

236 851 395 906 Deus
441 863 554 906 tuus
579 893 594 918 ,
627 851 878 905 Dominus
909 867 1038 903 unus
1064 859 1133 902 est
1166 847 1356 920 (Deut.
1399 847 1450 900 6.
1474 846 1567 916 4).
1612 845 1839 912 Ideoque

234 942 532 996 Maccabtei
573 941 912 996 admirationi
944 943 1150 994 fueruttt
1170 979 1186 1004 ,
1219 938 1341 1007 quia
1374 952 1470 1006 pro
1498 934 1629 1005 legis
1655 934 1840 987 obser-

234 1034 466 1087 vatione
497 1033 634 1102 passi
677 1039 821 1096 sunt,
853 1047 915 1085 ac
945 1041 1050 1085 tres
1096 1031 1276 1100 pueri,
1307 1029 1561 1096 multique
1588 1026 1675 1080 alii
1702 1025 1838 1094 apud

240 1122 470 1179 lndtcos
491 1163 504 1185 ,
533 1123 621 1191 qui
644 1124 806 1175 vitam
835 1120 1034 1190 optime
1060 1129 1360 1188 gesserunt,
1388 1127 1442 1171 et
1469 1117 1623 1185 hujus
1649 1115 1839 1184 cogni-

239 1216 415 1269 tionis
448 1215 664 1268 tnodum
694 1221 1003 1275 servarunt,
1037 1210 1168 1264 nihil
1216 1209 1360 1263 aliud
1401 1209 1693 1262 observare
1747 1206 1842 1260 de-

238 1305 506 1358 buerunt.
531 1303 682 1356 Tunc
719 1303 860 1357 enim
886 1301 954 1354 ad
986 1301 1214 1353 salutem
1245 1284 1572 1360 sufﬁciebat,
1602 1304 1659 1349 ut
1683 1295 1798 1349 dixi
1823 1335 1840 1360 ,

199 1379 422 1450 -l)eum
449 1403 650 1448 tantum
681 1407 1044 1463 cognoscere;
1091 1406 1233 1445 nunc
1271 1405 1398 1445 vero
1446 1389 1496 1442 id
1549 1389 1676 1442 satis
1732 1403 1840 1439 non

239 1496 331 1541 est
357 1528 374 1547 ,
405 1485 500 1540 sed
524 1485 794 1540 Christum
824 1498 982 1539 nosse
1011 1490 1241 1553 Oportet.
1273 1482 1476 1535 Idcirco
1501 1481 1712 1534 dicebat
1738 1496 1751 1531 :
1782 1479 1843 1533 Si

239 1594 351 1630 non
408 1581 654 1630 venissent
703 1587 750 1629 et
799 1577 1034 1642 loquutus
1061 1575 1268 1644 fuissem
1316 1573 1385 1625 eis
1409 1611 1423 1636 ,
1453 1581 1713 1641 peccatum
1744 1585 1844 1622 non

242 1669 534 1732 haberent;
583 1683 718 1720 nunc
772 1676 940 1720 autem
990 1665 1360 1720 excusationem
1409 1680 1511 1716 non
1565 1661 1743 1715 habent
1783 1661 1846 1714 de

242 1768 464 1828 peccato
505 1775 594 1810 suo
622 1755 808 1826 (Joan.
839 1756 928 1812 15.
958 1755 1081 1826 22).
1128 1754 1216 1810 Sic
1263 1763 1316 1808 et
1358 1753 1424 1808 de
1454 1753 1574 1806 vitae
1604 1752 1846 1806 instituto

244 1849 573 1918 putandum.
613 1849 762 1902 Tunc
791 1848 964 1902 ca:ch
1016 1846 1336 1901 homicidam
1369 1846 1658 1915 perdebat,
1706 1859 1846 1899 nunc

246 1940 334 1992 vel
360 1940 520 1992 irasci
553 1939 771 1992 vetitum
821 1945 925 1992 est.
955 1936 996 1990 Τ
1003 1951 1103 1990 unc
1148 1936 1401 1990 mtechari
1446 1945 1646 1989 etcum
1672 1934 1846 1989 aliena

246 2028 482 2082 muliere
525 2026 859 2081 connnisceri
902 2026 1218 2096 supplicium
1257 2024 1553 2088 afferebat;
1586 2040 1727 2078 nunc
1755 2040 1847 2077 au-

189 2178 192 2182 .
243 2126 360 2171 tem
395 2117 677 2185 impudicis
719 2117 886 2170 oculis
933 2118 1230 2184 respicere,
1284 2115 1423 2167 idem
1467 2112 1641 2167 affert.
1699 2113 1850 2167 Sicut

243 2209 493 2278 cognitio
513 2249 528 2271 ,
561 2208 640 2261 sic
669 2215 724 2260 et
748 2206 851 2260 vita
900 2221 1040 2260 nunc
1093 2205 1372 2259 sublimior
1407 2203 1717 2282 requiritur.
1749 2201 1851 2255 Ita-

243 2314 360 2368 que
389 2297 522 2351 nihil
553 2297 844 2351 Prodromo
867 2312 1000 2366 opus
1028 2306 1162 2350 erat.
1185 2295 1456 2364 Alioquin,
1484 2295 1528 2348 si
1554 2295 1586 2347 ii
1608 2295 1697 2364 qui
1729 2303 1849 2362 post

249 2399 490 2444 mortem
533 2388 787 2453 credent,
819 2388 1043 2442 salutem
1090 2386 1467 2456 consequuturi
1494 2395 1646 2451 sunt,
1675 2385 1852 2438 nullus

247 2495 512 2550 umquam
532 2479 746 2549 peribit.
763 2479 959 2534 Omnes
973 2479 1117 2534 enim
1137 2487 1260 2533 tunc
1280 2477 1646 2548 ptenitentiam
1669 2485 1850 2548 agent,

247 2580 305 2626 et
329 2571 606 2624 Christum
634 2569 950 2623 adorabunt.
976 2568 1130 2636 Quod
1159 2578 1334 2623 autem
1363 2569 1488 2622 illud
1514 2570 1584 2622 sit
1615 2585 1802 2622 verum
1832 2608 1850 2633 ,

248 2661 381 2714 audi
409 2661 630 2714 Paulum
659 2660 927 2714 dicentem
962 2678 975 2713 :
1011 2659 1190 2714 Omnis
1218 2661 1390 2729 lingua
1417 2659 1770 2726 conﬁtebitur,
1805 2669 1852 2712 et

251 2768 409 2805 omne
454 2768 584 2822 genu
611 2753 837 2820 flectetur
867 2751 1139 2805 cazlestium
1158 2791 1175 2816 ,
1206 2751 1516 2805 terrestrium
1543 2760 1590 2804 et
1629 2751 1854 2816 inferno-

247 2861 370 2897 rum
403 2845 422 2913 (
450 2843 679 2914 Philipp.
721 2845 776 2898 2.
809 2845 868 2898 11
895 2844 948 2912 );
998 2852 1072 2905 et,
1107 2842 1299 2898 Ultima
1335 2845 1541 2896 inimica
1568 2845 1853 2896 destruetur

248 2952 396 2988 mors
425 2932 516 3006 (I.
548 2932 666 2988 Cor.
699 2936 786 2988 15.
809 2935 941 3006 26).
970 2934 1075 2990 Sed
1115 2934 1314 2988 nullatn
1353 2935 1630 2988 utilitatem
1659 2948 1723 2987 ex
1755 2935 1854 2987 hac

249 3024 589 3094 subjectione
615 3034 1035 3094 consequentur;
1087 3039 1191 3079 non
1244 3025 1387 3079 enim
1421 3038 1494 3078 ex
1527 3024 1664 3078 bona
1705 3023 1855 3076 volu-

253 3127 408 3187 ptate
440 3117 812 3186 proﬁciscitur,
849 3117 944 3172 sed
967 3133 1033 3172 ex
1077 3117 1192 3186 ipsa
1240 3132 1440 3178 rerum,
1471 3123 1527 3169 ut
1549 3117 1622 3171 ita
1657 3116 1853 3180 dicam,

257 3209 524 3264 neceSsita
532 3221 605 3262 te.

325 3300 383 3354 4.
426 3299 506 3353 Ne
536 3300 646 3360 illa,
679 3312 892 3368 quaso,
925 3295 1239 3350 inducamus
1279 3294 1437 3349 anilia
1465 3293 1712 3364 dogmata
1738 3335 1754 3360 ,
1800 3303 1856 3348 et

251 3389 510 3444 Judaicas
550 3389 776 3444 fabulas.
808 3387 944 3442 Audi
975 3387 1118 3442 enim
1143 3386 1270 3456 quid
1300 3385 1366 3440 de
1399 3386 1484 3440 his
1529 3386 1673 3440 dicat
1719 3386 1854 3440 l'au-

255 3479 386 3534 lus:
433 3477 746 3547 Quicumque
769 3478 902 3530 enim
941 3478 1048 3531 sine
1095 3477 1202 3547 lege
1247 3487 1552 3546 peccaram,
1598 3476 1707 3529 sine
1749 3477 1856 3545 lege

253 3571 532 3642 peribunt;
558 3570 781 3638 loquens
802 3568 870 3624 de
892 3570 956 3623 iis
979 3569 1069 3638 qui
1098 3579 1222 3622 ante
1246 3569 1412 3638 legem
1431 3577 1620 3631 erant;
1652 3567 1715 3620 Et
1738 3567 1850 3636 qui-

253 3652 477 3728 cumque
498 3659 550 3712 in
573 3660 680 3728 lege
699 3665 990 3727 peccarunt,
1011 3674 1099 3727 per
1116 3658 1272 3729 legem
1289 3657 1656 3729 judicabuntur
1673 3655 1850 3726 (Rom.

257 3750 313 3804 2.
349 3749 498 3819 i2);
545 3749 612 3804 de
657 3750 721 3803 iis
771 3749 1019 3802 onmibus
1071 3749 1295 3817 loquens
1341 3748 1430 3816 qui
1471 3757 1591 3816 post
1616 3747 1850 3818 Moysem

259 3843 506 3905 fuerunt;
544 3850 618 3905 et,
651 3842 903 3907 Quoniam
927 3841 1174 3894 reveletur
1199 3841 1278 3893 ira
1306 3839 1400 3893 Dei
1437 3839 1500 3893 de
1522 3839 1646 3893 caelo
1672 3841 1724 3892 in
1746 3857 1852 3892 om-

259 3948 372 3987 nem
398 3933 706 4002 impietatem
724 3942 772 3986 et
797 3934 1096 4001 injustitiant
1121 3933 1380 3986 hominum
1401 3931 1420 4004 (
1443 3931 1594 3986 Rom.
1623 3933 1674 3985 1.
1705 3931 1810 4002 18)
1835 3948 1850 3996 ;

259 4036 333 4091 et,
369 4026 566 4090 Furor,
593 4025 692 4088 ira,
723 4024 974 4078 tribulatio
997 4065 1013 4090 ,
1053 4025 1286 4094 angustia
1324 4025 1378 4077 in
1407 4040 1603 4076 omnem
1631 4024 1854 4076 animam

261 4114 483 4168 hominis
536 4115 789 4184 aperanti;
832 4114 1060 4177 malum,
1114 4113 1286 4167 διιόωὶ
1332 4114 1550 4180 primum
1601 4122 1647 4166 et
1689 4113 1854 4167 (ἔθ’ωεὶ

262 4208 281 4268 t
300 4206 456 4259 Rom.
488 4205 542 4258 2.
589 4205 644 4260 8.
677 4205 764 4276 9).
814 4205 876 4259 Et
905 4215 1050 4259 certe
1077 4205 1213 4258 mala
1242 4207 1520 4258 innumera
1547 4205 1684 4273 passi
1732 4214 1855 4261 sunt

263 4296 520 4365 gentiles;
571 4296 711 4364 quod
757 4303 814 4350 et
855 4305 1170 4350 exterorum
1229 4295 1464 4349 historia:
1510 4295 1850 4364 significant,

264 4401 476 4440 necnon
522 4384 811 4455 Scripturre
855 4395 1074 4439 nostrae.
1106 4386 1233 4451 Quis
1262 4386 1404 4438 enim
1441 4384 1850 4456 Babyloniorum

263 4488 318 4534 et
346 4478 721 4550 IEgj-ptiormn
755 4481 1040 4550 tragoedias
1075 4479 1406 4534 enarraverit
1426 4477 1449 4529 ?
1473 4478 1624 4544 Quod
1655 4479 1794 4532 enim
1817 4481 1852 4533 ii

263 4571 355 4640 qui
381 4569 657 4625 Christum
687 4586 793 4625 non
821 4580 1083 4626 noverunt
1111 4581 1234 4626 ante
1253 4571 1520 4626 carnalem
1542 4571 1848 4635 adventum,

261 4674 315 4718 et
358 4663 450 4732 qui
480 4662 549 4715 ab
595 4661 891 4718 idololatria
924 4664 1223 4718 resilientes
1261 4663 1430 4718 Deum
1472 4678 1632 4715 unum
1663 4663 1853 4717 adora-

262 4765 409 4819 runt,
439 4765 492 4809 et
521 4755 741 4823 probam
785 4755 988 4811 duxere
1015 4757 1215 4822 vitam,
1255 4757 1437 4810 omnia
1479 4755 1616 4809 bona
1663 4771 1853 4811 conse-

262 4845 483 4916 quuturi
533 4846 678 4910 sint,
729 4845 852 4900 audi
885 4846 1150 4915 quomodo
1201 4846 1341 4900 dicat
1434 4844 1611 4899 Gloria
1637 4857 1847 4911 autem,

264 4937 428 4990 honor
452 4945 498 4988 et
524 4951 628 5005 pax
652 4936 789 4990 omni
825 4935 1055 5004 aperanti
1101 4935 1281 4988 bonum
1305 4975 1320 5000 ,
1345 4933 1532 4988 Iudaeo
1559 4935 1778 5005 primunt
1803 4946 1851 4989 et

263 5026 438 5097 gentili
467 5026 658 5096 (Rom.
684 5025 738 5078 2.
767 5024 891 5095 10).
927 5024 1114 5078 Viden’
1139 5025 1400 5078 bonorum
1441 5025 1654 5094 pra'mia
1682 5025 1848 5079 multa

265 5117 370 5171 illis
396 5131 517 5171 esse
537 5156 554 5181 ,
585 5125 636 5170 et
665 5125 849 5169 contra
879 5113 1195 5168 facientibus
1241 5114 1498 5183 supplicia
1534 5122 1588 5168 et
1616 5129 1801 5185 pmnas
1826 5114 1850 5164 ’ἰ

266 5205 367 5261 Ubi
392 5223 534 5262 nunc
565 5215 688 5261 sunt
719 5206 752 5260 ii
784 5205 872 5275 qui
889 5205 1192 5275 gehennam
1219 5220 1324 5258 non
1353 5205 1621 5259 credunt?
1645 5204 1775 5259 Nam
1803 5221 1847 5260 Sl

261 5303 301 5350 li
332 5301 419 5367 qui
447 5309 571 5354 ante
599 5298 794 5354 Christi
825 5298 1108 5351 adventum
1157 5297 1374 5350 fuerunt
1397 5337 1413 5362 ,
1440 5299 1531 5366 qui
1559 5313 1627 5351 ne
1652 5313 1847 5352 nomen

270 5390 476 5456 quidem
523 5390 781 5462 gehennte
828 5389 1145 5456 audierunt,
1173 5403 1348 5458 neque
1400 5389 1845 5456 resurrectionis,

271 5492 544 5554 postquam
571 5485 657 5540 hic
682 5497 866 5556 pmnas
893 5481 1154 5539 dederunt
1171 5520 1190 5548 ,
1221 5481 1329 5537 illic
1355 5495 1567 5552 quoque
1620 5483 1845 5553 punien-

1134 192 1198 248 IN
1238 190 1641 249 MAT'I‘ll/EUM
1681 188 1906 244 IIOMIL.

1942 193 2179 249 XXXVI.
2223 195 2296 249 al.
2331 192 2597 250 XXXVII.
3403 200 3512 256 418

1953 308 2040 353 tur
2056 313 2258 369 quanto
2273 306 2443 373 magis
2460 323 2560 360 nos
2573 307 2732 372 quiin
2757 317 2903 361 tanta
2920 309 3275 378 philosophiae
3291 313 3306 342 ¹
3325 315 3519 366 doctri-

1944 409 2009 448 na
2041 395 2247 450 educati
2278 397 2506 452 sumus?
2560 397 2627 452 Et
2653 413 2754 468 qua
2776 399 2986 454 ratione
3010 441 3025 463 ,
3049 399 3295 470 inquies,
3333 402 3410 458 iiii
3437 404 3526 471 qui

1942 484 2074 537 nihil
2100 500 2354 555 umquam
2378 487 2443 542 de
2471 487 2712 557 gcltenna
2753 489 3074 554 audierunt,
3129 491 3180 544 in
3226 492 3524 561 gehennam

1944 575 2219 630 incident?
2244 579 2430 631 Dicent
2457 581 2616 641 enim,
2645 577 2700 634 Si
2726 581 3022 648 gehennam
3053 582 3404 637 comminatus
3442 599 3530 638 es-

1948 675 2072 725 ses.
2105 677 2214 732 pra?
2249 671 2394 716 metu
2425 674 2784 733 temperanter
2811 667 3155 725 vixisscmus.
3199 669 3364 724 Plane
3389 670 3514 740 qui-

1947 751 2070 805 detn
2119 753 2684 821 (nonne?)vixissent
2723 765 2781 807 ut
2810 772 2910 811 nos
2963 761 3127 812 vitam
3168 764 3379 828 agimus
3422 759 3515 829 qui

1944 847 2182 916 quotidie
2205 863 2482 902 sermones
2505 848 2571 902 de
2594 848 2833 918 gehenna
2859 850 3123 914 audimus,
3155 866 3324 918 neque
3355 861 3530 903 tamen

1946 937 2010 992 iis
2030 939 2266 990 animum
2298 937 2634 993 adhibemus.
2659 939 2858 994 Prteler
2884 939 2996 994 haec
3025 950 3200 994 autem
3231 941 3358 994 illud
3399 957 3532 1008 quo-

1945 1043 2048 1096 que
2080 1027 2366 1082 dicendum
2395 1040 2512 1093 est,
2556 1045 2678 1085 eum
2725 1032 2813 1100 qui
2871 1031 3218 1100 prmsentihns
3256 1032 3534 1100 suppliciis

1945 1135 2051 1174 non
2085 1123 2361 1184 retinetur,
2391 1123 2757 1177 multominus
2792 1123 2894 1176 illis
2931 1125 3280 1178 coercebitur.
3331 1125 3534 1178 Rodio-

1947 1225 2034 1264 res
2059 1211 2200 1264 enim
2254 1212 2654 1280 crassioresquc
2683 1212 2928 1266 homines
2973 1213 3322 1281 praesentibus
3368 1215 3536 1284 magis

1947 1312 2000 1355 et
2023 1301 2346 1356 instantibus
2372 1303 2547 1356 solent
2567 1303 2632 1356 ad
2665 1303 3089 1371 resipiscentiam
3125 1304 3324 1366 vacari,
3375 1320 3534 1373 quam

1949 1393 2013 1446 iis
2042 1408 2163 1461 qutc
2194 1393 2362 1446 multo
2388 1403 2506 1462 post
2546 1403 2785 1462 tempore
2832 1401 2955 1446 sunt
3000 1403 3283 1448 eventura.
3319 1393 3534 1455 Verum,

1949 1484 2183 1553 inquies,
2212 1484 2367 1538 nobis
2415 1486 2586 1554 major
2638 1486 2879 1539 imminet
2925 1493 3118 1550 terror,
3150 1485 3373 1554 ideoque
3415 1500 3536 1539 cum

1950 1574 2054 1628 illis
2079 1589 2184 1628 non
2235 1575 2428 1642 injuste
2471 1585 2646 1628 actum
2683 1574 2811 1627 est?
2863 1573 3206 1642 Nequaquam
3249 1591 3307 1629 se
3355 1590 3439 1629 res
3468 1576 3536 1628 ita

1953 1665 2130 1720 habet.
2161 1665 2342 1720 Primo
2393 1666 2536 1719 enim
2580 1680 2686 1718 non
2721 1663 2878 1718 iidem
2917 1665 3127 1718 labores
3164 1665 3318 1718 nobis
3345 1674 3398 1718 et
3436 1667 3536 1718 illis

1951 1757 2206 1825 propositi
2235 1764 2397 1817 sunt;
2427 1756 2520 1810 sed
2552 1756 2721 1809 nmlto
2749 1755 2983 1824 majores
3009 1756 3184 1810 nobis.
3217 1756 3338 1809 Illos
3361 1767 3536 1811 autem

1951 1846 2039 1915 qni
2071 1846 2300 1913 majores
2330 1846 2629 1913 suscipiunt
2653 1845 2896 1908 labores,
2931 1846 3117 1912 majori
3155 1856 3365 1914 oportet
3386 1847 3535 1902 auxi-

1953 1936 2026 1989 lio
2069 1936 2190 1989 lrui.
2241 1937 2510 1990 Auxilium
2559 1945 2738 1990 autem
2789 1953 2893 1990 non
2943 1937 3212 2007 modicum
3263 1938 3391 1992 illttd
3419 1948 3538 2006 est,

1952 2040 2073 2079 cum
2101 2026 2259 2079 timor
2284 2035 2525 2095 augetur.
2544 2026 2598 2081 Si
2629 2037 2806 2080 autem
2834 2027 2884 2080 id
2913 2028 3031 2095 plus
3054 2044 3216 2096 quam
3248 2029 3316 2081 illi
3349 2030 3542 2084 habea-

1955 2130 2092 2178 mus,
2123 2116 2261 2184 quod
2288 2114 2459 2169 futura
2488 2129 2791 2181 noscamus,
2821 2116 2894 2169 illi
2923 2133 3134 2185 quoque
3163 2118 3214 2171 id
3239 2120 3355 2186 plus
3382 2135 3540 2188 quant

1956 2220 2055 2260 nos
2099 2205 2314 2271 habent,
2349 2205 2489 2276 quod
2516 2221 2689 2275 pinnat
2735 2206 2976 2277 ingentes
3005 2206 3108 2260 illis
3143 2208 3420 2262 confestim
3455 2207 3540 2263 in-

1957 2296 2216 2352 ferantur.

2025 2388 2238 2442 Justitia
2262 2386 2374 2452 Dei,
2398 2396 2444 2440 et
2471 2387 2715 2456 puniendi
2743 2387 2970 2440 ratio.—
3001 2387 3193 2441 Verum
3220 2387 3360 2442 aliud
3390 2389 3542 2459 quid-

1960 2482 2097 2551 piam
2129 2482 2314 2535 dicunt
2344 2479 2576 2549 plurimi.
2603 2478 2704 2533 Ubi
2727 2487 2808 2533 est
2827 2519 2841 2544 ,
2869 2479 3115 2548 inquittnt
3134 2520 3150 2544 ,
3175 2479 3376 2546 justitia
3410 2480 3540 2548 Dei,

1959 2570 2200 2638 quando,
2229 2571 2272 2624 si
2300 2570 2418 2638 quis
2448 2568 2534 2622 hic
2561 2578 2775 2638 peccet,
2804 2580 2858 2623 et
2888 2569 2973 2623 hic
2998 2580 3051 2623 et
3075 2570 3184 2624 illic
3207 2586 3390 2638 pmnas
3414 2572 3544 2626 det?

1959 2661 2134 2716 Vultis
2165 2661 2322 2729 igitur
2362 2667 2418 2712 ut
2443 2658 2582 2712 dicta
2617 2670 2792 2714 vestra
2822 2660 2871 2712 in
2906 2661 3221 2714 memoriam
3263 2661 3412 2716 vobis
3452 2677 3542 2716 rc-

1958 2767 2164 2816 vocem,
2199 2767 2265 2805 ne
2294 2751 2430 2804 ultra
2463 2751 2696 2805 laborem
2727 2751 2878 2805 nobis
2904 2751 3159 2816 alferalis,
3186 2751 3280 2805 sed
3302 2765 3368 2807 ex
3391 2752 3545 2807 vobis

1958 2845 2088 2914 ipsis
2128 2844 2446 2898 solutionem
2493 2843 2672 2897 detis?
2695 2842 2887 2898 Multos
2917 2858 2981 2897 ex
3011 2842 3208 2897 nostris
3234 2843 3444 2908 audivi,
3473 2843 3545 2900 si<

1959 2935 2170 3006 quando
2197 2933 2500 2989 ediscerent
2525 2933 2844 2989 homicidam
2871 2934 3100 3003 aliquem
3133 2934 3186 2988 in
3205 2934 3406 3004 judicio
3429 2937 3546 3005 plc-

1958 3043 2087 3082 xum
2115 3027 2312 3091 fuisse,
2335 3041 2454 3080 cum
2487 3024 2847 3095 indignatione
2877 3023 3115 3078 dicentes
3147 3043 3160 3078 :
3193 3025 3427 3095 Triginta
3460 3028 3542 3079 vel

1961 3119 2200 3186 pluribus
2223 3116 2459 3169 caedibus
2481 3154 2494 3175 ,
2525 3116 2817 3168 sceleratus
2846 3114 2935 3168 ille
2954 3154 2969 3178 ,
2998 3115 3218 3182 patratis
3237 3155 3254 3180 ,
3287 3131 3388 3168 una
3426 3126 3546 3168 tan-

1961 3219 2070 3263 tum
2103 3209 2218 3262 vice
2248 3216 2474 3260 mortem
2502 3205 2662 3259 subit.
2696 3206 2761 3258 Et
2801 3204 3012 3260 ubinam
3048 3203 3252 3273 jttstitia
3285 3205 3410 3259 est?
3441 3205 3547 3260 Vos

1960 3317 2086 3370 ergo
2109 3299 2348 3354 fatemini
2376 3307 2601 3352 mortem
2632 3313 2789 3351 unam
2818 3313 2924 3350 non
2947 3296 3076 3350 satis
3099 3310 3311 3366 semper
3333 3312 3452 3352 esse
3479 3297 3546 3352 ad

1959 3391 2272 3460 supplicium
2317 3388 2658 3457 condignum.
2688 3387 2796 3440 Cur
2823 3402 2950 3456 ergo
2984 3401 3122 3440 nunc
3157 3387 3419 3440 contraria
3448 3387 3545 3442 dc-

1959 3480 2219 3536 cernitis?
2245 3479 2378 3546 Quia
2407 3493 2515 3533 non
2545 3477 2612 3531 de
2653 3477 2771 3531 aliis
2789 3516 2804 3540 ,
2847 3474 2941 3530 sed
2966 3475 3034 3530 de
3060 3475 3208 3530 vobis
3236 3476 3366 3546 ipsis
3399 3476 3546 3544 judi-

1959 3573 2099 3626 cium
2126 3570 2294 3624 fertis.
2343 3569 2433 3624 Sic
2470 3568 2689 3638 praprio
2727 3580 2910 3620 amore
2936 3565 3255 3634 impedimur
3277 3605 3292 3629 ,
3324 3581 3391 3620 nc
3420 3565 3545 3634 quid

1955 3663 2156 3733 justum
2183 3660 2254 3715 sit
2280 3659 2573 3714 videamus.
2607 3655 2809 3712 Idcirco
2835 3672 2958 3711 cum
2988 3655 3056 3710 de
3080 3654 3198 3710 aliis
3222 3655 3544 3724 judicamns.

1958 3755 2356 3809 accuratissime
2407 3766 2520 3805 rem
2564 3749 2916 3818 indagamus;
2967 3763 3088 3802 cum
3125 3761 3255 3802 vero
3284 3747 3349 3801 de
3391 3747 3547 3801 nobis

1961 3844 2090 3915 ipsis
2113 3885 2128 3909 ,
2163 3841 2398 3897 tenebris
2425 3840 2744 3893 involvimur
2771 3857 2784 3892 τ
2817 3840 2906 3907 qui
2936 3840 2979 3893 si
3017 3853 3231 3891 causam
3262 3846 3495 3892 nostram
3523 3838 3541 3902 ,

1961 3947 2016 3989 ut
2037 3937 2266 3990 alienam
2293 3933 2697 4001 exploraremus
2719 3970 2734 3995 ,
2765 3929 2972 3982 sincere
3012 3937 3068 3982 et
3103 3929 3216 3981 sine
3257 3928 3360 3980 ulla
3391 3943 3546 3983 accc-

1959 4025 2140 4095 ptione
2161 4022 2421 4078 calculum
2445 4020 2726 4075 ferremus.
2753 4018 2971 4072 Peccata
3000 4020 3192 4086 quippe
3225 4026 3402 4070 nostra
3438 4033 3545 4071 non

1957 4117 2162 4172 duabus
2185 4115 2268 4168 vel
2287 4113 2474 4174 tribus,
2496 4110 2591 4164 sed
2613 4109 2757 4162 mille
2778 4107 3038 4161 mortibus
3062 4107 3218 4176 digna
3236 4116 3378 4159 sunt.
3403 4106 3467 4159 Et
3489 4116 3546 4161 ut

1959 4209 2061 4262 alia
2089 4207 2351 4266 omittam,
2381 4201 2728 4257 recordemur
2745 4207 2873 4268 quot
2901 4207 2954 4251 et
2979 4197 3160 4266 quanti
3186 4197 3434 4265 mysteria
3465 4197 3546 4248 in-

1958 4301 2116 4369 digne
2137 4296 2517 4367 participamus
2550 4308 2564 4346 :
2597 4291 2672 4346 illi
2704 4306 2831 4345 vero
2860 4289 2948 4359 qui
2977 4289 3054 4343 sic
3085 4289 3436 4358 participant,
3465 4287 3544 4342 rei

1923 4437 1931 4442 .
1960 4401 2084 4447 sunt
2112 4388 2353 4458 corporis
2379 4397 2436 4440 et
2457 4384 2731 4454 sanguinis
2751 4382 2972 4436 Christi.
3000 4382 3178 4450 Itaque
3206 4395 3325 4433 cum
3353 4379 3419 4433 de
3447 4380 3544 4432 Ιιο-

1959 4478 2436 4549 micidaloqueris,
2468 4475 2638 4544 cogita
2664 4474 2889 4543 teipsum
2921 4471 3242 4525 homicidam
3273 4483 3412 4523 esse.
3448 4469 3543 4523 Ille

1960 4586 2189 4636 namque
2233 4571 2500 4623 hominem
2532 4566 2772 4632 occidit,
2828 4575 2883 4619 tu
2929 4579 3058 4619 vero
3103 4563 3288 4617 mortis
3332 4563 3543 4619 Domini

1957 4677 2079 4720 reus
2097 4676 2157 4717 es
2181 4679 2195 4715 :
2223 4660 2311 4714 ille
2339 4657 2860 4728 non_mysteriorum‘
2874 4651 3138 4724 particeps
3161 4653 3270 4717 fuit,
3296 4668 3394 4708 nos
3413 4667 3543 4707 Vero

1956 4768 2106 4808 sacra
2133 4765 2315 4806 mensa
2348 4749 2592 4804 fruimur.
2623 4745 2759 4813 Qttid
2801 4745 2869 4800 de
2897 4745 2960 4798 iis
2993 4745 3166 4799 diCam
3186 4785 3201 4808 ,
3229 4745 3316 4812 qui
3349 4743 3542 4798 fratres

1956 4858 2082 4898 suos
2120 4841 2398 4902 mordent,
2429 4839 2720 4901 devorant,
2769 4835 3098 4902 multumque
3143 4833 3333 4887 veneni
3373 4833 3542 4888 eﬁ‘un-

1953 4934 2124 4989 dttot?
2151 4931 2276 5002 quid
2299 4930 2364 4983 de
2384 4929 2473 4981 illo
2501 4930 2589 4995 qui
2615 4927 2791 4980 cibum
2818 4925 3136 4994 pauperibus
3161 4922 3389 4992 abripit?
3411 4923 3540 4978 Nam

1954 5029 1998 5082 si
2025 5027 2070 5080 is
2094 5066 2110 5091 ,
2142 5025 2232 5094 qui
2272 5023 2666 5091 elecmosynam
2696 5034 2804 5073 non
2844 5027 3051 5090 erogat,
3095 5019 3145 5072 id
3175 5019 3297 5073 facit
3325 5060 3339 5084 ,
3371 5020 3539 5074 multo

1955 5117 2124 5186 magis
2154 5115 2242 5168 ille
2269 5113 2359 5182 qui
2389 5111 2559 5165 aliena
2586 5109 2798 5178 abripit.
2832 5108 2971 5175 Quot
3017 5109 3220 5162 toribus
3248 5108 3541 5163 deteriores

1954 5215 2078 5261 sunt
2104 5205 2291 5258 avari?
2321 5211 2450 5272 quot
2480 5199 2761 5255 homicidis
2788 5208 2844 5255 et
2870 5200 3237 5268 sepulcrorum
3270 5198 3542 5252 eﬁ‘ossori—

1955 5298 2055 5352 bus
2082 5296 2292 5367 pejores
2335 5304 2460 5350 sunt
2508 5295 2798 5364 raptores?
2843 5303 2974 5363 quot
3019 5292 3360 5362 reperiuntur
3405 5288 3539 5356 qui,

1953 5397 2232 5460 postquam
2258 5387 2573 5456 spoliarunt,
2592 5385 2660 5442 ad
2680 5386 3026 5456 spoliatorum
3049 5385 3207 5437 etiam
3228 5380 3538 5452 sanguinem

1955 5480 2208 5539 inhiant?
2231 5479 2411 5548 Absit,
2444 5479 2674 5550 inquies.
2702 5477 2856 5534 Nunc
2882 5476 3035 5538 dicis,
3067 5470 3218 5529 Absit
3243 5487 3260 5538 ;
3289 5483 3410 5526 cum
3437 5469 3540 5524 ini—

2020 5594 2038 5625 ι
2073 5588 2180 5650 Alii.
2221 5587 2484 5654 sapientire.
