4010 6128
500 239 602 295 ΗΕ)

498 356 693 408 inicum
716 346 938 405 habebis
958 387 974 412 ,
1005 356 1113 400 tum
1135 345 1241 411 dic,
1277 345 1462 409 Absit,
1503 359 1566 398 ac
1597 343 1860 397 dictorum
1891 355 2076 394 recor-

496 446 628 498 dare
651 484 666 506 ,
698 450 752 496 et
772 440 932 494 vitam
959 449 1100 492 tuam
1129 453 1250 492 cum
1291 451 1479 505 magna
1508 434 1724 488 institue
1767 431 2036 500 diligentia
2058 471 2074 495 ,

495 551 562 589 ne
611 533 965 588 Sodomorum
1010 531 1148 584 mala
1198 543 1304 582 nos.
1336 527 1638 594 excipiant,
1670 540 1739 577 ne
1764 520 2077 576 Gomorrha:

500 625 639 676 mala
667 624 961 691 patiamur,
994 637 1060 676 ne
1089 619 1369 690 Tyriorum
1407 625 1461 671 et
1502 615 1840 670 Sidoniorum
1891 627 2076 682 pinnas

493 713 724 778 demus;
773 716 880 768 iino
923 714 1097 782 potius
1142 726 1208 765 ne
1232 709 1503 763 Christum
1525 706 1860 762 oﬂ'eiidamus
1887 744 1900 768 ,
1933 704 2073 772 quod

496 805 734 859 omnium
764 815 845 858 est
885 803 1252 872 gravissimum
1281 809 1335 852 et
1364 797 1837 852 terribilissimum.
1867 794 2000 847 Nam
2029 794 2073 845 si

497 895 680 948 inultis
700 894 938 963 gehenna
976 892 1184 946 videtur
1211 890 1465 944 terribilis
1488 902 1638 953 esse,
1683 901 1788 938 non
1825 885 1982 938 linem
2014 885 2092 934 la-

501 1011 2514 1036 ______________________________

1239 230 1295 286 S.
1328 228 1606 286 JOANNIS
1640 223 2112 284 CHRYSOSTOMI
2167 225 2483 285 ARCHIEP.
2524 231 3064 288 CONSTANTINOP.

3659 231 3762 287 420

2183 344 2323 402 ciam
2350 345 2612 400 clamandi
2645 346 2745 399 hoc
2780 361 2899 401 esse
2926 346 3169 416 geheiina
3211 346 3426 416 gravius
3462 362 3526 404 ac
3549 350 3768 406 terribi-

2183 435 2304 490 lius.
2337 436 2402 490 Et
2439 451 2535 490 vos
2575 439 2644 493 ita
2676 438 2894 492 allectos
2924 455 3044 494 esse
3069 454 3197 508 rogo
3223 457 3236 492 :
3263 440 3343 496 sic
3367 443 3512 495 enim
3539 454 3596 496 et
3621 461 3650 495 a
3679 459 3769 512 ge-

2182 529 2354 581 lienna
2385 528 2727 583 liberabimur
2746 570 2762 595 ,
2798 539 2851 583 et
2873 529 3070 584 Christi
3099 530 3267 600 gloria
3294 532 3536 586 lruemiir
3566 552 3581 586 :
3605 550 3766 604 quain

2181 632 2280 670 nos
2306 632 2494 672 omnes
2521 621 2730 687 assequi
2761 621 3064 690 contingat,
3096 625 3265 691 gratia
3311 634 3367 678 et
3398 626 3770 680 misericordia

2182 706 2389 762 Domini
2427 711 2594 762 nostri
2630 710 2756 764 Jesu
2783 710 3018 778 Christi,
3048 713 3131 766 cui
3163 714 3330 784 gloria
3361 723 3416 770 et
3442 717 3731 788 imperium
3751 761 3767 785 ,

2179 798 2230 851 in
2259 799 2452 853 saecula
2480 801 2813 853 saeculorum.
2838 803 3027 856 Anien.

2566 1012 3764 1040 .__._______—____

1482 1090 1831 1152 HOMILIA
1897 1055 2228 1147 XXXVII.
2275 1084 2361 1145 al.
2411 1085 2767 1149 xxxvm.

489 1237 620 1293 Car.
650 1239 737 1293 ll.
766 1256 817 1292 v.
846 1239 900 1291 7.
939 1236 1057 1290 Illis
1086 1247 1254 1289 autent
1282 1235 1605 1298 abeuntibus,
1637 1231 1784 1300 coepit
1811 1230 1962 1284 Jesus
1990 1227 2074 1280 di-

563 1346 672 1382 cere
713 1330 779 1382 ad
823 1330 992 1382 turbas
1031 1329 1093 1381 de
1117 1327 1356 1381 Joanne:
1391 1327 1527 1393 Quid
1556 1324 1726 1378 existis
1745 1324 1797 1376 in
1825 1323 2075 1374 desertum

559 1417 767 1471 videre?
808 1417 1107 1470 arundinem
1153 1434 1184 1468 a
1221 1426 1365 1468 vento
1404 1414 1691 1482 agitatam?
1734 1413 1787 1465 4.
1822 1410 1926 1464 Sed
1953 1409 2076 1475 quid

562 1509 735 1563 existis
784 1510 993 1562 videre?
1036 1508 1287 1560 hominem
1337 1507 1571 1559 mollibus
1611 1505 1899 1558 vestitum?
1945 1502 2076 1555 Ecce

561 1601 646 1666 qui
699 1600 934 1652 mollibus
985 1599 1280 1660 vestiuntur,
1334 1599 1385 1650 in
1435 1597 1663 1650 domibus
1710 1611 1883 1664 regum
1935 1604 2071 1647 sunt.

564 1690 620 1744 9.
651 1690 758 1743 Sed
779 1689 900 1759 quid
929 1689 1098 1742 existis
1127 1689 1336 1740 videre?
1365 1688 1663 1756 prophetam
1683 1687 1709 1739 ?
1734 1684 1928 1751 Etiam,
1962 1685 2075 1738 dico

562 1779 719 1842 vobis,
749 1788 796 1832 et
820 1779 933 1845 plus
962 1795 1111 1847 quant
1142 1778 1460 1846 prophetam.

565 1873 614 1924 i.
639 1869 867 1924 Christus
883 1872 1131 1939 quomodo
1152 1870 1341 1938 famam
1361 1867 1578 1921 Joannis
1607 1866 1849 1936 Baptista:
1873 1865 2076 1919 adstru-

483 1963 619 2014 ':rerit
639 1972 684 2013 et
705 1961 1205 2032 defenderit.—Qii-.e
1222 1961 1286 2013 ad
1306 1960 1594 2029 discipulos
1619 1960 1839 2013 Joannis
1867 1967 2077 2026 specta-

494 2055 620 2108 bant
647 2064 791 2108 recte
813 2054 1054 2107 ordinata
1076 2063 1197 2106 sunt
1221 2069 1236 2117 ;
1258 2053 1440 2120 illique
1459 2052 1836 2113 discesserunt,
1855 2064 1884 2103 a
1910 2049 2074 2118 signis

488 2161 608 2215 quae
632 2145 810 2199 statim
843 2145 978 2199 facta
1009 2159 1134 2198 sunt
1171 2144 1468 2198 continuati
1504 2160 1517 2195 :
1548 2141 1782 2196 restabat
1811 2141 2026 2194 demum
2053 2177 2070 2207 ,

493 2245 551 2290 ut
581 2252 698 2306 quin
726 2235 792 2290 ad
824 2236 1002 2305 populi
1028 2236 1333 2305 Opinionem
1366 2234 1700 2302 pertinebant
1728 2239 2067 2286 curarentur.

495 2327 572 2381 Illi
597 2329 790 2397 quippe
815 2329 883 2380 de
912 2328 1166 2396 magistro
1196 2341 1292 2379 suo
1319 2324 1447 2378 nihil
1478 2339 1636 2391 supra
1675 2323 1936 2376 dictorum
1977 2336 2072 2374 sn-

489 2416 866 2484 spicabantiir;
899 2415 1049 2469 turba
1075 2431 1201 2468 vero
1231 2415 1428 2484 populi,
1459 2428 1522 2467 ex
1556 2413 1966 2481 interrogatione
1994 2411 2073 2465 di-

496 2508 822 2576 scipulorum
868 2507 1123 2571 Joannis,
1155 2506 1381 2560 absurda
1432 2505 1594 2559 multa
1638 2505 1902 2573 suspicata
1954 2513 2070 2570 est,

489 2597 634 2666 quod
686 2597 915 2650 nesciret
963 2613 1065 2667 qua
1117 2605 1298 2650 mente
1343 2596 1432 2650 ille
1477 2594 1766 2662 discipulos
1798 2594 2069 2647 misisset:

489 2687 884 2757 vcrisimileqiic
915 2697 996 2742 est
1037 2687 1155 2742 illos
1182 2687 1259 2740 sic
1287 2685 1424 2739 intra
1454 2700 1513 2738 sc
1539 2684 1881 2738 ratiocinatos
1907 2697 2026 2738 esse
2054 2699 2068 2737 :

488 2781 591 2849 Qui
638 2790 716 2835 tot
764 2789 1014 2848 tantaque
1045 2778 1354 2832 testiﬁcatus
1380 2787 1514 2840 erat,
1543 2790 1685 2830 nunc
1712 2784 1944 2830 mutatus
1969 2775 2071 2829 du-

491 2870 642 2933 bitat,
669 2885 793 2923 num
827 2869 932 2934 hic,
966 2886 1088 2921 num
1118 2869 1250 2922 alius
1281 2876 1538 2921 venturus
1565 2865 1664 2919 sit?
1688 2865 1820 2918 Num
1848 2866 1934 2935 qui
1957 2864 2070 2918 haec

488 2961 618 3014 dicit
647 2959 863 3014 ilissidia
885 2975 1004 3013 cuin
1039 2959 1164 3013 Jesu
1193 2957 1408 3012 movet?
1436 2974 1560 3011 num
1593 2957 1824 3010 timidior
1852 2973 1914 3010 ex
1947 2970 2068 3009 car-

488 3065 612 3103 cere
642 3049 847 3102 lactiis?
879 3065 1002 3102 num
1034 3061 1231 3103 temere
1258 3049 1437 3118 priora
1466 3047 1714 3101 dixerat?
1744 3046 1876 3114 Quia
1908 3047 2067 3116 igitur

490 3143 784 3196 verisimile
805 3151 915 3195 erat
946 3143 1086 3210 ipsos
1111 3141 1229 3194 talia
1271 3141 1435 3194 multa
1463 3140 1718 3208 suspicari
1744 3181 1758 3203 ,
1787 3139 1907 3193 vide
1933 3154 2066 3208 quo-

488 3235 648 3287 modo
690 3233 902 3287 illorum
950 3232 1310 3286 inﬁrmitatem
1341 3230 1594 3301 corrigat,
1627 3239 1680 3283 et
1705 3229 1800 3282 has
1825 3238 2068 3283 ainoveat

485 3322 841 3392 suspiciones.
886 3321 1132 3375 Euntibus
1179 3323 1310 3374 enim
1355 3321 1488 3384 illis,
1523 3320 1669 3388 erepit
1694 3319 1858 3371 dicere
1886 3317 2064 3371 turbis.

484 3412 592 3466 Ciir
623 3411 871 3466 Euntibus
901 3413 1044 3466 illis?
1071 3412 1147 3466 Ne
1173 3411 1446 3465 videretur
1479 3410 1682 3463 adulari
1707 3409 1902 3462 virum.
1931 3407 2064 3461 Dum

484 3513 662 3557 autem
695 3503 872 3572 populi
903 3502 1208 3572 opinionem
1238 3499 1506 3565 emendat,
1536 3499 1678 3552 illius
1704 3499 2062 3566 suspicionem

484 3609 590 3647 non
619 3593 835 3648 adducit
866 3594 917 3646 in
947 3592 1201 3653 medium,
1224 3591 1317 3644 sed
1343 3590 1658 3644 solutionem
1685 3598 1884 3642 tantum
1913 3587 2066 3642 all'ert

484 3683 907 3745 ratiociiiioriiin,
934 3697 1052 3750 qua:
1073 3681 1281 3733 illorum
1302 3688 1533 3734 mentem
1556 3679 1857 3742 turbabant,
1887 3688 2067 3732 osten-

486 3775 621 3826 dens
670 3789 728 3826 se
773 3773 1008 3826 omnium
1061 3780 1266 3826 secreta
1316 3785 1661 3838 cognoscere.
1711 3769 1893 3839 Neque
1921 3771 2062 3824 enim

482 3862 610 3916 dicit
628 3863 766 3916 sicut
785 3860 1207 3916 Judieisdicebat
1235 3879 1247 3913 :
1280 3860 1417 3927 Quid
1438 3860 1664 3928 cogitatis
1689 3860 1824 3912 mala
1848 3859 2060 3927 (Matth.

483 3952 535 4006 9.
567 3951 620 4021 4)
648 3953 670 4004 ?
715 3952 934 4005 Etiamsi
971 3952 1114 4004 enim
1159 3951 1479 4020 cogitarent,
1512 3966 1615 4003 non
1645 3965 1708 4003 ex
1738 3950 2063 4018 malignitate

481 4043 814 4112 cogitabant,
849 4042 942 4096 sed
974 4040 1113 4110 quod
1145 4057 1206 4095 ea
1237 4056 1355 4110 quin
1394 4040 1707 4095 dicebantur
1735 4041 2060 4110 ignorarent.

486 4133 609 4187 Ideo
630 4149 734 4187 non
767 4133 962 4186 acriter
987 4133 1274 4201 alloquitur
1299 4131 1439 4195 illos,
1470 4131 1563 4185 sed
1593 4131 1802 4184 illorum
1829 4141 2060 4186 mentem

482 4233 686 4279 tantum
728 4225 983 4295 corrigit,
1032 4224 1403 4292 Joaiineinque
1447 4221 1720 4286 defendit,
1770 4223 2063 4292 probatque

479 4316 627 4370 illum
656 4332 759 4368 non
797 4331 824 4368 a
851 4318 1029 4384 priore
1053 4313 1315 4369 sententia
1343 4311 1648 4377 deﬂexisse,
1681 4328 1777 4366 nec
1804 4321 2061 4366 mutatum

480 4405 663 4459 fuisse.
698 4405 880 4474 Neque
905 4405 1046 4458 enim
1073 4413 1175 4468 est,
1207 4402 1398 4472 inquit,
1428 4401 1587 4455 homo
1611 4403 1744 4455 levis
1785 4403 1868 4456 vel
1910 4403 2060 4456 volu-

482 4494 625 4555 bilis,
673 4496 765 4548 sed
806 4496 1008 4557 lirmus,
1043 4505 1330 4556 constans;
1361 4507 1460 4546 nec
1488 4493 1628 4557 talis,
1655 4494 1743 4560 qui
1778 4493 1968 4561 prodat
1999 4509 2061 4546 ea

477 4601 600 4652 quae
626 4585 727 4638 sibi
756 4583 1062 4637 concredita
1096 4593 1238 4637 sunt.
1276 4583 1396 4636 llaac
1423 4591 1598 4636 autem
1631 4583 1699 4635 ita
1742 4584 2059 4650 concinnat,

477 4686 535 4728 ut
584 4693 690 4730 non
737 4677 913 4729 statim
963 4691 1029 4729 ex
1079 4675 1290 4744 propria
1323 4675 1608 4736 sententia,
1639 4673 1730 4727 sed
1759 4692 1823 4727 ex
1850 4676 2060 4730 illoriiiii

479 4767 784 4820 testimonio
811 4765 1065 4836 procedat
1094 4783 1104 4817 :
1133 4780 1238 4818 non
1267 4778 1332 4817 ex
1362 4762 1519 4816 dictis
1547 4772 1748 4816 tantum
1787 4765 2019 4832 ipsorum
2044 4806 2058 4829 ,

478 4854 574 4908 sed
605 4865 659 4909 et
685 4872 751 4910 ex
785 4856 1039 4924 operibus
1066 4853 1355 4908 ostendens
1385 4852 1528 4922 ipsos
1554 4854 1671 4919 ejus
1710 4857 2060 4910 constantiam

481 4948 794 5001 testilicatos
810 4963 949 5003 esse.
981 4948 1269 5018 PrOpIerca
1291 4946 1440 5011 dicit,
1469 4945 1604 5012 Quid
1627 4948 1800 5000 existis
1823 4949 1874 5002 in
1903 4949 2063 5002 deser-

483 5048 587 5088 tum
613 5037 778 5090 videre
798 5040 822 5089 .9
851 5054 912 5091 ac
942 5038 986 5091 si
1014 5039 1254 5104 diceret,
1286 5037 1396 5092 Cur
1421 5038 1621 5091 relictis
1649 5039 1901 5104 urbibus,
1933 5041 2063 5095 :cdi-

482 5127 710 5196 busque,
741 5128 790 5180 in
817 5128 1088 5182 desertum
1114 5129 1440 5184 convenistis
1467 5131 1692 5183 omnes?
1732 5139 1788 5184 ut
1812 5132 2062 5186 miserum

481 5219 766 5289 quemdam
795 5229 848 5272 et
874 5219 1042 5273 levem
1068 5219 1334 5275 hominem
1363 5221 1612 5276 videretis
1633 5223 1654 5274 ?
1674 5221 1777 5277 Sed
1803 5222 1852 5276 id
1879 5233 2064 5278 contra

481 5317 679 5365 rectam
713 5310 974 5365 rationein
1017 5320 1181 5365 esset.
1229 5311 1408 5379 Neque
1438 5311 1578 5368 enim
1619 5313 1688 5365 ita
1727 5315 1966 5383 arguitur
1999 5331 2064 5370 ex

480 5404 568 5460 ilio
595 5411 742 5461 tanto
796 5401 972 5456 studio
995 5443 1010 5466 ,
1055 5414 1160 5470 quo
1205 5400 1256 5453 in
1285 5400 1558 5454 desertum
1580 5405 1886 5456 accuri'istis
1923 5421 1934 5456 :
1967 5421 2066 5461 nec

482 5505 661 5552 tantus
686 5493 914 5565 populiis
935 5535 949 5556 ,
981 5498 1057 5545 tot
1085 5491 1327 5546 civitates
1365 5507 1483 5545 cum
1516 5500 1667 5546 tanto
1694 5495 1871 5547 studio
1895 5491 1944 5548 iu
1971 5495 2063 5548 de-

480 5597 682 5641 sertuni
708 5594 762 5640 et
794 5584 861 5639 ad
888 5584 1176 5640 Jordaiieiii
1207 5581 1413 5638 ditius-.13
1434 5591 1651 5650 essent,
1692 5584 1790 5640 nisi
1820 5599 2069 5655 magnum

2186 1227 2499 1294 quemdam,
2545 1231 2914 1288 admirandum
2952 1247 3007 1291 et
3051 1241 3538 1294 constaiitissiniuni
3591 1245 3765 1297 virum

2182 1333 2278 1371 vos
2307 1320 2516 1375 visuros
2545 1326 2880 1390 spcrassctis.
2911 1327 3092 1398 Neque
3121 1331 3261 1385 enim
3295 1332 3556 1385 calamum
3579 1335 3772 1388 existis

2183 1411 2354 1463 visnni
2381 1453 2396 1474 ,
2429 1428 2457 1464 a
2486 1424 2644 1468 vento
2680 1417 2965 1483 agitatum;
3005 1435 3125 1473 nam
3175 1422 3320 1475 leves
3348 1422 3592 1478 homines
3613 1466 3628 1488 ,
3677 1440 3768 1493 qui

2183 1499 2286 1554 huc
2312 1501 2435 1555 illuc
2475 1504 2962 1573 circumferumur,
2997 1519 3050 1563 et
3077 1511 3237 1564 modo
3283 1511 3429 1573 hinc,
3475 1515 3633 1567 modo
3677 1515 3762 1568 illa

2181 1589 2387 1656 dicunt,
2439 1594 2490 1646 in
2538 1595 2788 1663 nullaque
2836 1613 2892 1651 re
2934 1600 3255 1666 consistunt,
3287 1603 3492 1657 calamo
3522 1614 3644 1658 sunt
3686 1607 3766 1658 si-

2181 1680 2353 1734 miles.
2384 1683 2464 1736 Ac
2490 1685 2757 1752 perpende
2790 1688 3058 1755 quomodo
3086 1691 3232 1746 omni
3275 1691 3492 1747 dimissa
3536 1696 3767 1758 malitia,

2180 1769 2248 1824 de
2278 1770 2379 1825 hac
2404 1773 2515 1826 sola
2546 1788 2687 1828 nunc
2707 1786 2845 1844 agat,
2866 1793 2985 1846 qua:
3036 1781 3182 1852 ipsos
3213 1781 3477 1848 subierat,
3531 1785 3766 1840 levitatis

2180 1861 2485 1928 suspicione
2505 1903 2518 1927 ,
2550 1879 2708 1933 quam
2738 1882 2985 1922 amovere
3015 1881 3254 1924 conatur.
3292 1872 3397 1924 Sed
3435 1874 3559 1940 quid
3593 1876 3767 1927 existis

2180 1953 2386 2006 videre?
2415 1955 2663 2008 hominem
2689 1959 2920 2012 mollibus
2949 1963 3175 2015 vestitum
3196 1965 3223 2016 Ρ
3251 1963 3381 2016 Ecce
3417 1967 3503 2033 qui
3531 1967 3767 2021 mollibus

2181 2045 2456 2098 vestiuntur
2479 2087 2492 2110 ,
2541 2047 2589 2099 in
2615 2049 2845 2102 domibus
2890 2067 3061 2121 regum
3085 2062 3220 2106 sunt.
3251 2055 3402 2120 Quod
3433 2072 3562 2110 vero
3592 2057 3761 2124 dicit,

2179 2143 2263 2187 est
2292 2134 2594 2202 liujusniodi
2627 2155 2640 2190 :
2671 2141 2710 2192 A
2736 2141 2913 2208 scipso
2935 2142 3021 2196 ille
3051 2159 3154 2196 non
3187 2147 3437 2200 volubilis
3458 2158 3539 2201 est
3563 2165 3577 2200 :
3603 2148 3762 2218 idque

2179 2238 2275 2276 vos
2315 2225 2629 2280 declaras-tis
2671 2245 2736 2283 ex
2782 2241 2961 2286 vestro
2989 2248 3114 2302 erga
3159 2235 3308 2288 illum
3349 2237 3546 2290 studio.
3578 2237 3762 2309 Neque

2178 2312 2306 2367 illud
2327 2314 2432 2368 dici
2453 2319 2637 2384 possit,
2665 2319 2808 2373 illum
2827 2321 2950 2374 olim
2975 2335 3305 2378 consumtum
3326 2331 3554 2395 primum
3577 2329 3760 2396 fuisse,

2178 2401 2275 2457 sed
2320 2420 2383 2458 ex
2431 2405 2636 2461 deliciis
2685 2419 2869 2476 postea
2919 2413 3132 2466 mollem
3178 2415 3423 2469 ell'ectuin
3455 2432 3593 2473 esse.
3625 2418 3760 2473 Nam

2177 2493 2318 2562 apud
2349 2494 2592 2550 homines
2617 2499 2830 2567 quidam
2861 2501 2937 2555 sic
2962 2514 3272 2570 nascuntur,
3302 2507 3390 2560 alii
3424 2509 3554 2562 tales
3576 2520 3762 2577 postea

2179 2584 2312 2638 liunt
2337 2603 2350 2639 :
2383 2588 2613 2656 exempli
2643 2603 2822 2656 causa,
2846 2593 2980 2645 alius
3009 2603 3196 2647 natura
3225 2610 3316 2649 sua
3349 2599 3632 2653 iracundiis
3653 2613 3758 2665 est,

2176 2674 2313 2729 alius
2358 2692 2421 2730 ex
2475 2679 2629 2748 longa
2675 2682 2988 2750 aegritudine
3034 2685 3087 2738 in
3133 2686 3271 2742 hunc
3319 2691 3480 2742 animi
3510 2691 3761 2746 inurbqu

2176 2765 2382 2824 incidit.
2407 2771 2492 2824 Sic
2520 2771 2607 2824 alii
2637 2773 3001 2832 inconstantes
3028 2788 3081 2832 et
3105 2779 3247 2834 leves
3279 2793 3465 2836 natura
3491 2799 3586 2837 sua
3610 2797 3758 2850 sunt,

2175 2858 2263 2909 alii
2301 2860 2443 2925 quod
2482 2860 2686 2916 deliciis
2724 2874 2778 2918 et
2818 2866 3071 2935 voluptati
3100 2869 3440 2934 indulserint,
3476 2874 3610 2928 tales
3635 2883 3762 2929 sunt

2173 2950 2366 3003 ell'ecti.
2393 2952 2461 3004 At
2485 2952 2738 3019 Joannes,
2769 2957 2959 3026 inquit,
2990 2975 3098 3014 non
3131 2973 3319 3015 natura
3348 2965 3466 3017 talis
3503 2976 3587 3018 est
3616 2985 3629 3020 :
3663 2983 3759 3022 ne-

2175 3037 2282 3107 que
2323 3041 2464 3094 enim
2507 3044 2766 3098 calamum
2818 3048 3002 3102 existis
3032 3050 3234 3115 videre,
3276 3069 3448 3122 neque
3497 3057 3756 3125 voluptati

2172 3127 2383 3183 deditus
2413 3146 2529 3184 eam
2559 3149 2717 3200 quam
2749 3134 2971 3191 habebat
2991 3140 3152 3193 animi
3171 3141 3349 3196 dotem
3373 3145 3571 3199 amisit.
3599 3147 3753 3210 Quod

2171 3219 2314 3272 enim
2341 3221 2594 3289 voluptati
2627 3238 2733 3278 non
2760 3227 2978 3288 serviat,
3013 3227 3062 3282 id
3091 3240 3320 3299 arguunt
3345 3233 3566 3288 vestitus
3591 3235 3709 3303 i-jus
3735 3277 3751 3300 ,

2170 3309 2440 3365 desertum
2466 3354 2480 3377 ,
2509 3329 2714 3371 carcer.
2743 3317 2874 3371 Nam
2902 3318 2946 3372 si
2974 3321 3224 3376 mollibus
3251 3327 3432 3378 vestiri
3456 3328 3709 3382 voluisset
3735 3371 3752 3393 ,

2173 3415 2276 3452 non
2305 3403 2569 3456 desertum
2601 3407 2892 3473 coluisset,
2925 3425 3028 3463 non
3065 3425 3332 3467 carcerein
3359 3457 3373 3479 ,
3406 3417 3500 3469 sed
3527 3419 3749 3486 regiam.

2169 3489 2384 3544 Licehat
2413 3494 2554 3547 enini
2583 3494 2657 3548 illi
2683 3537 2696 3560 ,
2728 3497 2772 3550 si
2806 3500 3056 3552 tacuisset
3079 3541 3095 3564 ,
3126 3501 3322 3570 ingenti
3373 3505 3469 3558 frui
3523 3506 3751 3567 honore.

2169 3578 2379 3633 Etenim
2429 3597 2588 3652 quem
2636 3583 2873 3641 Herodes
2904 3589 2988 3643 vel
3019 3593 3421 3661 i-edai-guentein
3465 3611 3522 3650 se
3551 3608 3606 3650 et
3631 3599 3753 3653 \‘ill-

2171 3679 2314 3724 ctum
2335 3674 2407 3726 ita
2440 3678 2965 3742 reverebatur,cerle
2990 3681 3034 3734 si
3062 3684 3316 3737 tacuisset
3348 3695 3464 3737 erat
3484 3685 3740 3742 adulatu-

2169 3775 2284 3815 rus.
2317 3763 2451 3817 Cum
2492 3781 2622 3835 ergo
2656 3771 2823 3838 gestis
2853 3772 2968 3826 suis
2991 3772 3265 3828 tiruiitatis
3308 3779 3739 3846 constantiaeque

2167 3868 2278 3906 suae
2306 3855 2726 3924 experitiieiituin
2763 3858 2966 3914 dederit
2986 3903 3000 3928 ,
3032 3863 3296 3930 quomodo
3325 3866 3378 3918 in
3413 3867 3544 3920 tales
3570 3869 3751 3938 suspi-

2167 3945 2349 4000 ciones
2368 3948 2490 4016 jure
2519 3949 2714 4002 cadat?

2237 4034 2291 4087 2.
2315 4035 2538 4090 Joannes
2562 4036 2790 4108 Baptista
2814 4040 2927 4109 plus
2944 4059 3094 4111 quam
3117 4045 3360 4113 propheta
3382 4063 3411 4098 a
3427 4045 3625 4102 Christo
3647 4066 3749 4121 ap-

2168 4126 2403 4194 pellatus,
2421 4129 2472 4181 in
2493 4146 2591 4198 quo
2613 4133 2801 4184 caeteris
2825 4144 3022 4200 prtestet
3047 4138 3321 4204 prophetis.
3338 4137 3567 4193 Christus
3592 4157 3753 4211 neque

2165 4234 2280 4271 cum
2311 4219 2513 4275 Joanne
2554 4238 2710 4290 neque
2757 4240 2871 4276 cum
2895 4226 2996 4278 alio
3030 4227 3231 4282 homine
3259 4233 3544 4298 comparari
3563 4244 3749 4303 potest.

2164 4337 2238 4348 —
2263 4309 2546 4379 Postquam
2569 4328 2696 4382 ergo
2717 4323 2770 4368 et
2795 4331 2822 4367 :i
2857 4315 2973 4370 loco
2993 4357 3006 4378 ,
3038 4330 3086 4373 et
3120 4335 3148 4370 a
3178 4321 3414 4376 vestibus
3437 4363 3451 4387 ,
3479 4333 3531 4376 et
3557 4339 3584 4374 a
3613 4339 3750 4379 coii-

2167 4414 2333 4457 cursu
2377 4405 2559 4473 populi
2606 4423 2782 4460 mores
2822 4409 2939 4476 ejus
2971 4409 3281 4479 descripsit,
3322 4412 3534 4466 induxit
3567 4423 3758 4480 postea

2169 4493 2509 4562 prophetam.
2536 4497 2673 4549 Cum
2703 4498 2933 4552 dixisset
2955 4501 3122 4566 enini,
3149 4503 3292 4568 Quid
3320 4504 3505 4556 existis
3539 4501 3760 4557 videre?

2171 4579 2697 4650 Prophetam?Etiam
2719 4585 2831 4637 dico
2854 4586 3008 4651 vobis,
3034 4597 3078 4639 et
3104 4590 3218 4656 plus
3243 4605 3391 4657 quam
3414 4593 3712 4657 prophetam
3730 4608 3754 4648 .'

2166 4672 2313 4726 addit
2343 4691 2355 4725 :
2390 4675 2476 4727 10.
2523 4674 2621 4726 llic
2651 4686 2720 4729 est
2748 4679 2877 4728 enim
2903 4717 2917 4741 ,
2961 4679 3023 4730 de
3059 4695 3158 4748 quo
3202 4681 3446 4750 scriptum
3471 4693 3542 4736 est
3571 4700 3590 4736 :
3619 4684 3755 4740 Ecce

2168 4765 2307 4817 mitto
2335 4767 2567 4834 angelum
2594 4783 2755 4820 meum
2781 4779 2896 4821 ante
2924 4770 3104 4838 faciem
3132 4780 3267 4824 tuam
3291 4811 3304 4837 ,
3333 4773 3416 4842 qui
3445 4778 3754 4844 pratparabit

2167 4854 2299 4904 viam
2320 4863 2456 4905 tuam
2472 4864 2590 4907 ante
2613 4865 2659 4908 te
2679 4855 2932 4921 (lllalach.
2955 4859 3006 4911 5.
3028 4860 3102 4930 1).
3126 4858 3256 4912 Cum
3277 4862 3422 4928 prius
3441 4862 3753 4919 Judieorum

2173 4945 2532 4998 testiinonium
2555 4946 2887 5014 adduxisset,
2916 4957 3039 5004 tunc
3063 4952 3370 5020 prophetam
3393 4954 3563 5009 achrt.
3587 4955 3753 5022 Quin-

2169 5035 2275 5089 imo
2299 5035 2577 5090 Judaicum
2608 5037 2870 5092 calculum
2899 5041 3068 5107 primo
3099 5041 3260 5109 ponit,
3289 5045 3428 5111 quod
3460 5048 3754 5102 maximum

2169 5139 2252 5183 est
2291 5141 2696 5199 argumentum,
2742 5131 2954 5200 quando
2995 5133 3332 5188 inimicorum
3387 5139 3756 5192 testimonium

2171 5221 2388 5276 all'crtiir
2415 5240 2427 5276 :
2474 5223 2707 5278 secundo
2731 5266 2743 5286 ,
2785 5223 3007 5280 Joannis
3039 5227 3234 5294 vitain;
3265 5230 3452 5294 tertio,
3492 5231 3757 5300 judicium

2171 5331 2355 5378 suum;
2406 5325 2619 5384 quarto,
2691 5316 3045 5384 prophetam,
3096 5319 3327 5389 undique
3385 5323 3596 5378 illorum
3662 5340 3761 5380 ora

2171 5404 2442 5459 claudens.
2478 5406 2678 5460 Deinde
2701 5422 2766 5460 ne
2786 5407 3024 5462 dicereut
3054 5425 3069 5461 :
3099 5409 3235 5477 Quid
3258 5428 3384 5482 ergo
3413 5413 3458 5466 si
3487 5416 3611 5469 talis
3636 5431 3759 5470 cum

2172 5505 2316 5549 esset
2350 5496 2459 5564 jam
2490 5507 2726 5550 mutatus
2760 5497 2861 5551 sit'l
2889 5507 3082 5554 caetera
3132 5500 3326 5570 ailjecit
3349 5545 3367 5570 ,
3395 5505 3717 5560 vestimenta
3745 5549 3763 5568 ,

2175 5601 2466 5657 carcerein,
2488 5599 2542 5644 et
2567 5598 2746 5660 postea
2774 5588 3127 5659 prophetiam.
3145 5592 3335 5647 Postea
3368 5609 3495 5649 vero
3521 5611 3645 5652 cuni
3677 5597 3761 5650 di-
