4010 6128
462 266 555 321 121
1345 261 1408 316 IN
1446 258 1852 317 MATTIIASUM
1895 256 2126 312 IIO.\IIL.
2161 255 2418 311 XXXVII.
2464 260 2530 312 al.
2575 257 2857 314 XXXVIII.

460 383 620 434 sisset
645 379 788 432 iTltzm
820 377 1070 446 propheta
1102 377 1354 445 majorem
1384 393 1500 432 esse.
1521 420 1535 444 ,
1565 377 1797 431 ostendit
1835 377 1884 430 in
1933 392 2037 444 quo

456 472 525 524 sit
573 470 759 538 major.
817 469 869 522 In
923 484 1028 537 quo
1051 461 1192 536 ergo
1238 468 1407 537 major
1435 479 1514 523 est
1541 469 1562 520 ?
1590 467 1740 534 Quod
1774 467 1844 521 sit
1875 481 2039 535 prope

454 577 574 615 eum
619 561 705 630 qui
752 560 983 613 advenit.
1040 558 1171 612 Nam
1218 560 1290 612 ait
1327 576 1337 610 :
1375 561 1568 614 Mittam
1609 560 1843 627 angelum
1876 574 2040 610 meum

454 663 571 706 ante
613 653 793 722 [aciem
840 664 1016 714 tuam;
1049 650 1096 704 id
1129 660 1208 704 est
1233 693 1246 716 ,
1281 665 1444 720 prope
1482 661 1551 704 te.
1581 650 2038 718 Quemadmodum

453 749 596 802 enim
640 746 776 815 apud
819 761 1002 814 reges,
1037 745 1123 813 qui
1157 759 1320 814 prope
1351 757 1564 798 currum
1608 744 1888 808 incedunt,
1923 743 2040 798 aliis

453 843 711 911 dignitate
751 845 981 914 majores
1013 854 1136 899 sunt
1166 863 1178 895 :
1212 845 1288 899 sic
1316 842 1549 898 Joannes
1577 857 1742 911 prope
1769 839 2036 894 Christum

453 933 821 989 advenientem
866 935 1112 990 incedere
1157 936 1417 990 cernitur.
1443 933 1576 988 Vide
1607 931 1873 1002 quomodo
1917 931 2040 984 hinc

456 1023 570 1093 ejus
601 1025 974 1080 excellentiam
1001 1025 1264 1090 declarat;
1296 1040 1465 1094 neque
1495 1023 1582 1077 hic
1611 1021 1832 1092 gradum
1862 1021 1999 1074 sistit
2021 1060 2036 1081 ,

453 1114 549 1170 sed
580 1131 728 1170 suam
759 1127 943 1186 postea
972 1117 1122 1170 rll‘ort
1155 1116 1471 1170 sententiam
1510 1114 1692 1168 dicens
1722 1132 1734 1167 :
1766 1114 1850 1166 11.
1880 1110 2039 1166 Amen

455 1208 568 1262 dico
613 1209 747 1262 vobis
774 1251 786 1273 ,
841 1226 940 1263 non
978 1211 1194 1262 surrexit
1235 1210 1364 1262 inter
1408 1217 1550 1260 natos
1578 1207 1846 1260 mulierum
1877 1207 2040 1274 major

454 1301 655 1357 Joanne
682 1302 932 1374 Baptista.
963 1302 1018 1357 ld
1041 1313 1142 1367 est,
1172 1317 1275 1356 non
1306 1301 1511 1372 peperit
1539 1299 1728 1354 mulier
1757 1299 1844 1352 illo
1875 1297 2040 1366 majo-

456 1408 590 1446 rem.
623 1392 828 1449 Sultieit
854 1393 970 1448 lure
1009 1394 1299 1457 sententia;
1336 1391 1432 1445 sed
1465 1391 1508 1445 si
1532 1391 1610 1445 vis
1640 1404 1703 1443 ex
1732 1389 1889 1444 rebus
1911 1387 2040 1456 ipsis

454 1485 693 1541 ediscere
716 1528 730 1552 ,
774 1486 1053 1542 considera
1085 1485 1224 1540 illius
1253 1499 1488 1539 mensam
1512 1525 1526 1547 ,
1569 1484 1764 1536 victum
1791 1522 1804 1547 ,
1847 1480 2039 1534 mentis

454 1577 856 1632 sublimitatem.
889 1578 1019 1631 Nam
1049 1578 1128 1632 sic
1154 1575 1384 1640 vivebat,
1415 1589 1476 1628 ac
1502 1575 1545 1628 si
1579 1574 1629 1626 in
1661 1573 1791 1627 Ctl:I0
1818 1571 2035 1635 fuisset,

455 1679 614 1738 atque
641 1669 970 1723 naturalibus
999 1667 1242 1736 superior
1269 1664 1672 1720 necessitatibus
1693 1705 1706 1729 ,
1738 1661 2037 1715 mirabilem

455 1761 737 1830 quamdam
790 1761 1043 1832 carpebat
1083 1761 1220 1815 viam
1247 1802 1260 1826 ,
1310 1760 1360 1812 in
1392 1758 1601 1829 hymnis
1631 1766 1684 1810 et
1711 1753 2040 1810 orationibus

457 1861 623 1907 totum
662 1862 869 1925 tempus
915 1853 1209 1922 transigens
1237 1893 1252 1918 ,
1285 1865 1404 1906 cum
1444 1849 1745 1904 mortalium
1787 1849 2035 1913 nemine,

455 1944 549 2000 sed
574 1960 692 2002 cum
724 1945 839 2000 solo
863 1947 972 2000 Deo
992 1943 1251 2013 colloquia
1273 1941 1523 1996 miscens.
1547 1939 1820 1994 Neminem
1844 1938 2040 2007 quippe

453 2053 830 2094 conservorum
850 2045 1087 2100 noverat,
1106 2050 1209 2089 non
1224 2048 1280 2089 se
1297 2031 1727 2102 conSpiciendum
1745 2028 2036 2100 praebebat,

457 2146 560 2183 non
588 2129 724 2182 lacte
753 2128 1027 2192 alebatur,
1063 2140 1169 2179 non
1200 2125 1371 2192 lecto,
1404 2139 1509 2177 non
1542 2129 1681 2176 tecto
1701 2162 1716 2187 ,
1751 2134 1855 2175 non
1894 2118 2036 2180 loro,

456 2234 561 2274 non
608 2220 709 2272 alia
756 2218 1002 2288 quapiam
1052 2215 1282 2268 humana
1324 2227 1381 2268 re
1419 2211 1723 2275 fruebatur;
1765 2216 1820 2263 et
1862 2216 2037 2261 tamen

456 2323 765 2366 mansuetus
804 2318 918 2364 erat
963 2307 1118 2362 simul
1159 2316 1317 2376 atque
1355 2304 1664 2360 vehemens.
1704 2299 1843 2355 Audi
1884 2300 2040 2370 igitur

454 2421 574 2460 cum
617 2411 811 2474 quanta
845 2401 1209 2456 moderatione
1253 2397 1538 2467 discipulos
1567 2396 1888 2463 alloquatur,
1917 2405 2036 2445 cum

453 2506 646 2566 quanta
673 2497 720 2549 vi
751 2494 982 2556 .lndmos,
1016 2508 1133 2547 cum
1162 2498 1356 2561 quanta
1388 2488 1630 2544 libertate
1658 2499 1858 2554 regem.
1885 2482 2037 2536 Ideo-

451 2604 556 2658 que
581 2588 788 2642 dicebat
819 2585 1063 2640 Christus
1082 2625 1095 2648 ,
1129 2583 1248 2636 Non
1274 2581 1491 2636 surrexit
1531 2581 1658 2633 inter
1683 2585 1824 2630 natos
1853 2575 2030 2628 mulio-

452 2697 562 2734 rum
607 2679 771 2749 major
792 2675 994 2731 Joanne
1013 2674 1264 2746 Baptista.
1297 2673 1399 2728 Sed
1428 2687 1496 2727 ne
1524 2670 1738 2725 laudum
1773 2667 2034 2736 magnitu-

452 2775 521 2828 do
551 2772 743 2843 aliquid
779 2770 976 2826 erroris
1009 2777 1250 2839 pareret,
1283 2781 1416 2821 ncve
1444 2763 1612 2819 Judaei
1653 2762 1800 2817 illum
1827 2759 2038 2815 Christo

453 2866 799 2936 pra-ferrent,
848 2863 968 2917 vide
1010 2859 1276 2931 quomodo
1322 2859 1423 2913 hoc
1470 2854 1858 2912 accommodet.
1904 2853 2035 2907 Nam

452 2960 591 3015 sicut
619 2973 680 3012 ex
723 2956 913 3026 quibus
941 2953 1184 3023 discipuli
1215 2950 1595 3014 ﬁrmabantur,
1648 2947 1818 3002 turba:
1867 2945 2034 3000 detri-

455 3059 688 3102 mentum
719 3045 1084 3115 accipiebant,
1115 3043 1284 3096 levem
1312 3041 1461 3094 illum
1501 3052 1620 3094 esse
1653 3044 1897 3106 putantes
1924 3053 1935 3087 :
1960 3034 2038 3090 sic

452 3155 516 3194 ex
544 3141 732 3208 quibus
762 3137 929 3191 turba:
953 3132 1388 3197 cmendahantur,
1411 3130 1584 3198 majus
1605 3128 1856 3181 damnum
1888 3140 2038 3178 accc-

452 3230 632 3293 debat,
664 3242 784 3283 cum
805 3241 869 3281 ex
897 3225 1052 3279 dictis
1081 3221 1336 3290 majorem
1359 3221 1423 3274 de
1451 3220 1540 3273 illo
1562 3233 1719 3288 quam
1741 3217 1807 3271 de
1824 3215 2040 3270 Christo

454 3322 734 3378 sumebant
775 3318 1100 3388 opinionem.
1134 3314 1262 3368 Illud
1295 3327 1422 3381 ergo
1449 3354 1464 3378 ,
1506 3311 1700 3364 nttllatn
1732 3309 2040 3376 relinquens

455 3414 830 3484 suspicionem,
885 3406 1103 3476 corrigit
1144 3405 1227 3459 his
1279 3404 1454 3458 verbis
1498 3419 1513 3458 :
1561 3401 1659 3469 Qui
1685 3410 1851 3454 autem
1876 3399 2040 3451 minor

455 3517 526 3562 est
553 3507 603 3560 in
629 3519 784 3576 regno
810 3503 1068 3565 caelorum,
1095 3500 1259 3570 major
1278 3505 1349 3552 est
1377 3496 1487 3550 illo.
1524 3492 1714 3558 Minor,
1747 3489 2036 3546 secundum

455 3609 703 3665 aztatcm,
751 3605 805 3653 et
847 3593 1136 3652 secundum
1183 3591 1469 3646 multorum
1519 3586 1821 3656 Opinionem
1860 3600 1873 3638 :
1917 3598 2038 3638 nam

455 3693 698 3748 dicebant
756 3691 929 3760 ipsum
985 3685 1203 3741 edacem
1272 3697 1391 3738 esse
1439 3690 1494 3736 et
1567 3679 1676 3733 vini
1742 3685 2038 3748 putatorem

461 3782 672 3854 (Matth.
695 3781 780 3836 11.
799 3779 909 3848 19);
926 3788 1000 3845 et,
1021 3775 1207 3830 Nonne
1227 3775 1306 3828 hic
1332 3773 1462 3845 fabri
1483 3771 1619 3842 ﬁlius
1635 3778 1703 3824 est
1722 3767 1930 3840 (Matth.
1953 3767 2036 3821 15.

456 3873 582 3941 55)?
612 3880 772 3942 atque
813 3868 1007 3938 ubique
1038 3868 1210 3936 ipsum
1244 3862 1626 3933 despiciebant.
1663 3859 1799 3928 Quid
1845 3857 2002 3928 igitur
2024 3897 2038 3922 ,

458 3964 698 4034 inquies,
727 3967 1066 4031 comparatus
1108 3972 1227 4012 cum
1256 3955 1461 4012 Joanne
1492 3954 1661 4022 major
1685 3949 1839 4007 erat?
1866 3949 2037 4004 Absit.

461 4057 643 4126 Neque
692 4054 832 4108 enim
881 4051 1114 4106 Joannes
1157 4047 1368 4117 quando
1411 4046 1578 4108 dicit,
1630 4042 1836 4096 Fortior
1867 4057 1944 4094 me
1971 4048 2042 4094 est

463 4146 675 4219 (Matth.
707 4146 760 4202 5.
806 4143 932 4212 11),
962 4141 1012 4196 id
1041 4137 1396 4208 comparando
1421 4137 1587 4202 dicit;
1617 4148 1788 4205 neque
1819 4133 2039 4200 Paulus,

459 4254 579 4294 cum
606 4241 843 4309 Moysem
892 4235 970 4290 sic
1001 4239 1298 4294 memorat,
1331 4227 1581 4298 Ampliori
1615 4226 1746 4280 enim
1780 4225 1942 4297 gloria
1964 4225 2042 4278 hic

459 4347 610 4404 quam
632 4327 831 4400 Moyses
852 4326 1088 4398 dignatus
1106 4331 1176 4376 est
1203 4320 1384 4394 (Hebr.
1409 4321 1461 4375 3.
1493 4319 1569 4389 5),
1599 4317 1714 4372 haec
1740 4325 2044 4386 comparate

419 4431 433 4445 '
461 4423 605 4478 dicit.
643 4422 707 4475 Et
731 4423 843 4490 ipse
871 4433 991 4474 eum
1022 4416 1122 4482 ait,
1154 4413 1286 4468 Ecce
1322 4414 1436 4485 plus
1483 4428 1634 4482 quam
1675 4409 1922 4480 Salomon
1963 4409 2045 4462 hic

462 4516 674 4587 (Matth.
709 4514 796 4568 12.
828 4513 947 4584 Et),
973 4512 1087 4565 haec
1115 4524 1219 4564 non
1249 4505 1610 4576 comparando
1636 4505 1782 4560 dicit.
1817 4502 1968 4569 Quod
1999 4502 2041 4557 si

461 4607 819 4664 Concedamus
870 4606 1017 4659 illum
1059 4603 1174 4658 hazc
1200 4617 1297 4672 per
1324 4599 1776 4669 comparationem
1807 4596 2040 4659 dixisse,

463 4712 551 4753 res
601 4699 670 4752 ita
727 4695 792 4750 ad
839 4694 1164 4750 audientium
1215 4691 1576 4747 infirmitatem
1642 4687 2039 4743 accommodata

463 4789 646 4843 fuerit.
701 4787 757 4841 In
806 4800 994 4855 magna
1048 4785 1190 4838 enim
1256 4782 1647 4838 existimatione
1710 4779 2042 4844 habebatur,

465 4881 720 4949 illumque
755 4892 939 4933 carcer
968 4876 1309 4948 insigniorem
1357 4873 1703 4940 reddiderat,
1741 4885 1948 4929 necnon
1977 4870 2043 4925 lio

462 4973 646 5029 hertas
690 4973 741 5026 in
790 4970 1062 5040 arguendo
1090 4984 1215 5040 rege
1241 5010 1256 5036 ,
1284 4978 1441 5040 atque
1472 4967 1524 5023 id
1549 4967 1780 5022 libenter
1804 4980 1832 5019 a
1863 4964 2046 5018 multts

462 5068 542 5123 sic
592 5066 968 5137 accipiebatur.
1017 5064 1229 5119 Etenim
1282 5064 1446 5118 Vetus
1495 5075 1707 5132 quoque
1768 5058 2046 5128 Scriptura

465 5162 601 5219 solet
644 5158 931 5215 errantiqu
980 5157 1187 5210 animos
1234 5149 1526 5209 emendare
1552 5196 1566 5221 ,
1595 5149 1955 5221 comparando
1980 5163 2044 5204 ea

460 5269 583 5326 qua)
615 5248 912 5321 comparari
937 5263 1040 5303 non
1067 5255 1321 5317 possunt;
1341 5256 1398 5300 ut
1424 5244 1635 5315 quando
1661 5243 1856 5299 dicitur
1881 5259 1894 5296 :
1925 5239 2046 5294 Non

462 5358 541 5406 est
565 5345 744 5400 similis
789 5341 861 5395 tui
899 5341 950 5394 in
991 5339 1110 5403 diis,
1155 5337 1373 5392 Domine
1399 5337 1567 5410 (Psal.
1597 5337 1686 5394 83.
1716 5337 1806 5404 8),
1838 5343 1894 5391 et
1920 5351 2045 5390 rur-

466 5456 579 5494 sum
600 5478 616 5504 ,
666 5435 790 5490 Non
831 5442 902 5488 est
942 5433 1062 5487 deus
1087 5432 1216 5487 sicut
1253 5430 1388 5484 Deus
1412 5439 1579 5483 noster
1605 5427 1777 5500 (Psal.
1808 5427 1896 5483 76.
1929 5425 2041 5497 M).

469 5529 661 5584 Volunt
704 5535 883 5582 autem
923 5522 1136 5595 quidam
1167 5521 1220 5576 id
1259 5520 1326 5576 de
1366 5519 1623 5588 apostolis
1647 5519 1849 5574 dixisse
1885 5516 2044 5572 Chri-

465 5630 606 5679 stum
671 5615 758 5671 alii
797 5614 863 5670 de
901 5609 1140 5690 angelis;
1181 5605 1276 5661 θεὰ
1343 5610 1502 5667 male.
1550 5607 1682 5665 Nam
1730 5624 1850 5664 cum
1877 5607 2044 5663 semel

465 5712 676 5786 quidam
706 5728 738 5770 a
759 5713 980 5769 veritate
1008 5706 1325 5777 aberrarint,
1350 5702 1522 5762 solent
1549 5703 1601 5759 in
1633 5701 1826 5758 multos
1849 5701 2038 5758 deduci

3624 261 3725 316 1ίᾶ

2149 384 2379 426 errores.
2414 373 2524 440 Qua
2556 375 2696 428 enim
2725 376 3104 444 consequentia
3137 375 3185 430 id
3216 375 3294 428 vel
3326 378 3392 432 de
3429 377 3684 445 apostolis
3706 421 3723 445 ,

2145 463 2226 517 vel
2257 464 2322 518 de
2346 467 2548 536 angelis
2577 467 2842 522 dixisset?
2866 468 3112 539 Alioquin
3137 485 3283 535 vero,
3311 470 3355 524 si
3379 470 3446 524 de
3469 471 3726 540 apostolis

2145 554 2396 624 dixisset,
2445 559 2570 628 quid
2615 560 2828 614 vetabat
2875 561 3159 630 quominus
3205 564 3544 617 nominaret?
3595 564 3724 618 Cum

2145 658 2320 700 autem
2365 647 2432 701 de
2479 650 2654 718 seipso
2687 649 2850 716 dicit,
2877 650 2998 720 jure
3034 667 3314 720 personam
3344 654 3483 708 celat
3513 653 3582 708 ob
3606 669 3723 708 eam

2145 754 2261 806 quae
2288 739 2559 795 obtinebat
2599 742 2944 810 opinionem;
2986 757 3048 798 ac
3083 759 3149 797 ne
3179 744 3452 799 videretur
3478 760 3726 816 magnum

2145 829 2414 899 quidpiam
2437 831 2504 885 de
2531 847 2588 886 se
2617 833 2795 888 dicere
2828 851 2840 888 :
2872 835 2923 889 id
2953 835 3092 906 quod
3123 851 3265 906 saepe
3291 836 3560 891 observat.
3592 838 3726 904 Quid

2145 930 2322 975 autem
2355 921 2484 975 illttd
2513 933 2614 990 est,
2649 923 2713 978 In
2743 942 2896 996 regno
2922 927 3156 980 rwlorum
3180 928 3206 979 Ρ
3235 927 3290 980 1η
3323 928 3719 997 Spiritualibus,

2145 1024 2197 1068 et
2238 1017 2288 1069 in
2334 1017 2635 1072 caelestibus
2681 1019 2947 1074 omnibus.
2990 1021 3120 1075 Cum
3168 1030 3345 1075 autem
3394 1023 3558 1088 dicit,
3608 1021 3733 1076 Non

2146 1100 2361 1162 surrexit
2394 1106 2532 1159 inter
2568 1120 2712 1165 natos
2752 1113 3017 1166 mulierum
3057 1114 3220 1182 major
3270 1118 3505 1182 Joanne,
3535 1115 3729 1169 distin-

2145 1199 2338 1265 guebat
2364 1214 2423 1253 se
2447 1215 2475 1253 a
2502 1200 2727 1267 Joanne,
2751 1213 2805 1256 et
2831 1219 2888 1258 se
2915 1203 3262 1258 subtrahebat
3282 1207 3662 1274 comparationi
3688 1209 3725 1258 '.

2215 1290 2267 1343 5.
2308 1290 2438 1345 Nam
2470 1293 2514 1346 si
2544 1293 2656 1363 ipse
2683 1295 2822 1350 inter
2850 1305 3002 1351 natos
3031 1297 3311 1352 mulierum
3341 1307 3488 1366 erat,
3535 1308 3588 1354 at
3627 1315 3730 1354 non

2145 1382 2282 1437 sicut
2309 1384 2542 1440 Joannes
2573 1405 2585 1440 :
2615 1404 2788 1459 neque
2818 1390 2958 1445 enim
3005 1391 3165 1446 homo
3205 1401 3406 1447 tantum
3444 1402 3588 1458 erat,
3635 1409 3730 1447 nee

2145 1474 2280 1528 sicut
2324 1475 2483 1530 homo
2523 1477 2696 1533 editus
2736 1480 2935 1542 fuerat,
2986 1482 3080 1536 sed
3123 1484 3382 1551 stupenda
3420 1485 3647 1553 quodam
3679 1495 3730 1538 et

2146 1566 2372 1621 mirabili
2403 1581 2574 1637 partu.
2610 1571 2695 1624 12.
2739 1572 2782 1624 Α
2822 1572 2993 1625 diebus
3020 1583 3182 1626 autem
3211 1573 3424 1630 Ioannis
3453 1574 3727 1646 Baptista},

2145 1656 2342 1727 inquit,
2378 1676 2530 1730 usque
2564 1677 2730 1727 nunc,
2774 1679 2984 1733 regnum
3023 1665 3261 1717 caelorum
3296 1667 3393 1718 vim
3434 1668 3642 1737 patitur,
3685 1678 3731 1720 et

2144 1749 2346 1803 violenti
2373 1752 2576 1821 rapiunt
2597 1752 2744 1811 illud.
2770 1755 2835 1808 Et
2855 1771 2959 1824 quo
2987 1765 3168 1823 pacto,
3199 1757 3404 1826 inquies
3423 1799 3438 1824 ,
3465 1758 3577 1812 haec
3598 1774 3731 1828 prac—

2145 1838 2454 1895 ccdentibus
2478 1843 2784 1898 cohaerent?
2813 1844 3023 1915 Optime
3045 1857 3189 1903 certe
3216 1858 3268 1903 et
3293 1849 3576 1905 admodum
3603 1867 3731 1905 con-

2145 1943 2429 2000 sequenter
2454 1952 2466 1986 :
2491 1937 2684 1989 etenitn
2711 1937 2832 1992 hinc
2857 1937 2971 1992 illos
2995 1938 3060 1992 ad
3081 1941 3404 1995 credendum
3425 1943 3474 1995 in
3503 1958 3560 1997 se
3579 1958 3728 1998 com-

2147 2023 2293 2090 pellit
2321 2033 2374 2078 et
2402 2024 2618 2090 incitat,
2653 2027 2916 2098 simulque
2957 2030 3044 2083 illa
3087 2046 3208 2100 qua:
3249 2046 3408 2100 supra
3439 2032 3577 2087 dicta
3608 2043 3728 2088 sunt

2145 2127 2173 2164 a
2203 2112 2407 2168 Joanne
2436 2118 2766 2186 comprobat.
2796 2118 2926 2172 Nam
2955 2121 2997 2174 si
3034 2137 3200 2191 usque
3229 2123 3293 2176 ad
3325 2123 3582 2178 Joannem
3611 2140 3722 2179 om-

2146 2204 2232 2257 nia
2261 2207 2524 2276 completa
2553 2219 2694 2275 sunt,
2725 2210 2840 2281 Ego
2865 2226 2980 2266 sum
3008 2215 3097 2283 qui
3128 2215 3320 2269 venio:
3351 2231 3473 2271 nam
3503 2219 3577 2271 ait
3602 2236 3614 2271 :
3641 2219 3727 2272 15.

2149 2295 2334 2350 Omnes
2365 2299 2626 2368 propheta:
2653 2310 2698 2354 et
2738 2303 2820 2356 lea:
2847 2319 3002 2372 usque
3029 2306 3096 2358 ad
3123 2304 3373 2360 Joannem
3401 2309 3730 2378 praphetave-

2143 2397 2278 2440 runt.
2299 2387 2413 2443 Non
2432 2391 2572 2444 enim
2587 2403 2890 2449 cessassent
2907 2396 3198 2465 prophetae,
3216 2397 3314 2451 nisi
3332 2412 3430 2468 ego
3447 2400 3726 2455 venissem.

2141 2476 2283 2532 Nihil
2313 2495 2440 2548 ergo
2470 2483 2604 2536 ultra
2635 2486 2975 2554 ex5pectetis,
3009 2501 3105 2541 nec
3133 2487 3292 2542 alium
3336 2504 3479 2558 spcrt
3493 2491 3559 2546 tis
3595 2507 3728 2546 vcn-

2145 2577 2339 2624 turum.
2365 2571 2516 2640 Quod
2539 2588 2636 2643 ego
2665 2575 2762 2629 sim
2792 2576 2961 2645 palam
2992 2587 3071 2631 est
3099 2593 3165 2634 ex
3197 2593 3261 2633 eo
3291 2580 3428 2649 quod
3457 2581 3729 2651 propheta:

2143 2663 2421 2731 cessarint,
2442 2665 2653 2735 etquod
2679 2668 2830 2720 multi
2853 2669 3087 2738 quotidie
3111 2671 3268 2725 [idem
3295 2673 3345 2725 in
3368 2687 3454 2726 me
3476 2673 3684 2743 rapiant
3709 2694 3722 2728 :

2142 2753 2215 2809 ita
2244 2755 2437 2825 quippe
2465 2759 2607 2813 clara
2637 2769 2720 2814 est
2749 2770 2801 2815 et
2828 2763 3132 2829 manifesta,
3167 2773 3220 2817 ιιι
3261 2780 3378 2819 eam
3409 2766 3557 2820 multi
3585 2767 3726 2822 abri-

2145 2847 2308 2915 piant.
2341 2849 2407 2903 Et
2435 2850 2582 2920 quis,
2611 2867 2814 2921 quaeso,
2850 2855 3059 2923 rapuit?
3088 2855 3358 2926 Quotquot
3395 2872 3516 2912 cum
3556 2860 3729 2914 studio

2143 2953 2500 2998 accesserunt.
2557 2945 2715 3001 Aliud
2759 2946 2950 3002 deinde
2996 2947 3246 3002 indicium
3300 2950 3445 3019 ponit
3488 2951 3671 3008 dicens
3712 2972 3724 3006 :

2144 3035 2229 3088 M.
2263 3035 2325 3089 Si
2353 3037 2501 3091 vultis
2527 3039 2776 3108 recipere,
2806 3041 2915 3109 ipse
2940 3049 3011 3094 est
3035 3040 3214 3094 Helias
3233 3082 3247 3106 ,
3275 3042 3360 3109 qui
3379 3054 3615 3102 venturus
3637 3058 3726 3100 est.

2146 3127 2345 3180 Mittam
2394 3130 2554 3193 anitu,
2597 3131 2798 3199 inquit,
2851 3131 2985 3184 vobis
3031 3131 3235 3187 Heliam
3281 3133 3599 3204 Thesbitcm,
3644 3140 3731 3210 qui

2144 3227 2396 3269 convertat
2423 3219 2582 3271 corda
2607 3221 2766 3286 patris
2799 3221 2850 3273 in
2890 3221 3024 3289 ﬁlios
3064 3223 3232 3294 (Mal.
3263 3225 3316 3278 4.
3361 3224 3450 3296 5).
3486 3226 3580 3281 llic
3609 3238 3692 3283 est
3713 3269 3727 3294 ,

2143 3307 2248 3370 ait,
2282 3307 2456 3361 Helias
2476 3349 2491 3374 ,
2523 3309 2567 3361 si
2592 3309 2875 3366 attendatis
2904 3312 3198 3382 diligenter.
3237 3312 3376 3367 Nam
3403 3315 3616 3383 mittam,
3651 3319 3730 3372 in-

2145 3399 2294 3466 quit,
2327 3399 2561 3470 angelum
2591 3417 2752 3454 meum
2783 3413 2899 3456 ante
2937 3405 3114 3472 facient
3155 3414 3291 3458 tuam
3325 3405 3502 3476 (Ibid.
3539 3408 3591 3462 5.
3643 3409 3729 3479 1).

2145 3489 2310 3546 llectc
2352 3492 2516 3555 dixit,
2564 3492 2624 3547 Si
2665 3493 2810 3546 vultis
2851 3495 3096 3562 recipere,
3140 3495 3426 3551 ostendens
3462 3497 3728 3555 neminem

2148 3584 2412 3638 violenter
2438 3584 2574 3655 cogi.
2606 3584 2721 3638 Non
2762 3601 2922 3655 cogo,
2963 3586 3150 3655 inquit.
3202 3587 3315 3642 lloe
3355 3597 3529 3642 autem
3566 3589 3728 3653 dixit,

2145 3683 2347 3745 gratam
2372 3685 2556 3746 petens
2584 3678 2908 3732 voluntatem
2928 3719 2942 3744 ,
2971 3689 3025 3734 et
3061 3679 3349 3734 ostendens
3383 3679 3522 3735 hunc
3549 3680 3728 3747 illum,

2147 3778 2200 3823 ct
2230 3768 2372 3822 illum
2404 3768 2544 3822 hunc
2573 3784 2710 3824 esse.
2756 3770 2928 3824 Ambo
2953 3772 3093 3824 enim
3124 3787 3284 3825 unum
3314 3786 3597 3842 suscepere
3628 3774 3730 3827 mi—

2148 3861 2421 3915 nisterium
2445 3903 2458 3924 ,
2491 3869 2546 3915 et.
2572 3877 2927 3931 prcecmsores
2953 3863 3110 3917 ambo
3138 3862 3368 3918 fuerunt.
3402 3864 3734 3934 Quapropter

2148 3968 2252 4007 non
2291 3952 2598 4021 simpliciter
2627 3951 2790 4014 dixit,
2825 3951 2924 4004 Hic
2954 3961 3026 4005 est
3066 3950 3275 4018 Helias,
3318 3953 3442 4018 sed,
3490 3955 3550 4008 Si
3587 3956 3733 4007 vultis

2147 4045 2366 4113 recipere
2384 4083 2399 4106 ,
2431 4044 2511 4096 hic
2535 4053 2642 4107 est;
2664 4042 2715 4096 id
2738 4051 2818 4097 est
2837 4083 2852 4108 ,
2885 4042 2938 4097 Si
2971 4041 3137 4112 proba
3163 4052 3341 4096 mente
3369 4046 3532 4113 gestis
3556 4053 3730 4100 attenv

2147 4135 2302 4190 datis.
2349 4134 2529 4205 Neque
2577 4134 2664 4188 hic
2701 4137 2879 4201 stetit,
2921 4133 3016 4188 sed
3061 4133 3349 4190 ostendens
3387 4134 3732 4206 intelligentia

2147 4242 2266 4282 esse
2296 4243 2463 4297 Opus,
2511 4227 2632 4281 huic
2663 4226 2835 4294 dicto,
2879 4224 2979 4279 Hic
3017 4236 3089 4280 est
3120 4225 3334 4292 Helias,
3371 4228 3460 4299 qui
3503 4239 3734 4283 venturus

2148 4331 2247 4385 est,
2278 4320 2504 4390 adjecit,
2537 4319 2622 4373 15.
2656 4319 2755 4386 Qui
2779 4317 2924 4371 habet
2950 4334 3096 4371 aures
3121 4318 3393 4385 audiendi,
3416 4319 3611 4373 audiat.
3635 4319 3736 4374 Tot

2148 4413 2426 4482 ainigmata
2469 4410 2730 4480 ponebat,
2777 4419 2834 4464 ut
2876 4409 2940 4463 ad
2991 4409 3422 4479 interrogandum
3469 4410 3731 4466 incitaret.

2148 4504 2298 4572 Quod
2343 4502 2386 4557 si
2419 4519 2486 4558 ne
2515 4503 2591 4557 sic
2631 4501 2841 4570 quidem
2873 4499 3225 4570 evigilabant,
3269 4501 3436 4555 multo
3473 4501 3648 4555 minus
3690 4503 3733 4556 si

2149 4598 2293 4652 clara
2322 4605 2377 4651 et
2404 4593 2683 4649 manifesta
2711 4592 2956 4648 fuissent.
2989 4590 3173 4660 Neque
3201 4590 3251 4645 id
3281 4591 3384 4644 dici
3411 4591 3596 4660 possit,
3629 4607 3733 4646 non

2149 4703 2310 4744 ausos
2336 4687 2499 4743 fuisse
2527 4686 2852 4755 interrogare
2875 4725 2890 4750 ,
2921 4683 3004 4737 vel
3035 4683 3178 4737 illum
3212 4682 3371 4738 fuisse
3409 4681 3555 4736 aditu
3593 4681 3735 4738 difﬁ-

2151 4781 2328 4837 cilem.
2358 4778 2488 4832 Nam
2516 4777 2606 4846 qui
2637 4777 2783 4831 illum
2811 4775 2877 4829 de
2907 4773 3103 4828 nullius
3129 4774 3283 4843 pretii
3316 4773 3474 4830 rebus
3502 4775 3737 4830 interro-

2149 4879 2402 4943 gaverunt
2450 4875 2913 4934 tentaverantque,
2964 4865 3066 4919 etsi
3117 4865 3420 4920 sexcenties
3472 4866 3735 4936 repulsam

2154 4967 2429 5029 tulissent,
2476 4975 2649 5031 neque
2677 4967 2984 5026 cessarent,
3025 4956 3294 5026 quomodo
3333 4972 3439 5010 non
3483 4956 3632 5010 illum
3671 4957 3737 5010 de

2151 5055 2468 5116 necessariis
2509 5055 2954 5120 interrogassent,
2991 5049 3033 5103 si
3064 5049 3276 5119 quidem
3316 5049 3555 5103 ediscere
3588 5050 3738 5116 cupi-

2150 5149 2392 5207 vissent?
2428 5147 2482 5204 Si
2517 5146 2584 5201 de
2615 5143 2871 5212 legalibus
2901 5141 3331 5210 interrogabant,
3370 5139 3510 5208 quod
3543 5153 3736 5206 przcce-

2152 5255 2298 5318 ptum
2350 5243 2577 5313 primum
2623 5245 2798 5303 esset,
2845 5245 2900 5291 et
2946 5235 3013 5291 de
3056 5234 3349 5294 similibus,
3393 5245 3512 5284 cum
3563 5239 3737 5284 tamen

2153 5338 2296 5393 nulla
2327 5343 2539 5407 urgeret
2565 5332 2885 5398 necessitas,
2915 5327 3184 5400 quomodo
3212 5338 3331 5378 cum
3359 5321 3482 5376 talia
3511 5321 3736 5387 diceret,

2153 5429 2220 5484 de
2265 5427 2456 5497 quibus
2504 5423 2836 5494 respondere
2883 5419 3102 5475 omnino
3144 5411 3412 5478 debebat,
3469 5425 3574 5466 non
3624 5411 3742 5480 ejus

2151 5535 2383 5584 mentem
2425 5517 2828 5592 explorassent?
2870 5527 2992 5568 cum
3039 5505 3267 5563 maxime
3307 5503 3375 5558 ad
3405 5502 3508 5558 hoc
3536 5501 3738 5560 hortari

2216 5643 2228 5673 ¹
2271 5639 2352 5688 alii
2373 5636 2572 5690 habent,
2595 5637 2638 5682 ει
2677 5643 2726 5680 se
2749 5619 3052 5677 subtrahebat
3072 5611 3430 5680 comparatiom,
3458 5625 3670 5678 quorum
3691 5619 3740 5668 et

2153 5707 2255 5772 ipse
2275 5715 2338 5754 ea:
2358 5695 2560 5752 muliere
2579 5698 2699 5746 esset
2721 5693 2872 5741 natus.
