  <div class='ocr_page' id='page_1' title='image "/cluster/home/n/w/nwhite01/storage/ocr_20150623/57/mdp.39015008622600/351.png"; bbox 0 0 4010 6128; ppageno 0'>
   <div class='ocr_carea' id='block_1_1' title="bbox 271 220 382 274">
    <p class='ocr_par' dir='ltr' id='par_1_1' title="bbox 271 220 382 274">
     <span class='ocr_line' id='line_1_1' title="bbox 271 220 382 274; baseline 0.036 -3"><span class='ocrx_word' id='word_1_1' title='bbox 271 220 382 274; x_wconf 67' lang='grc'><strong><em>425</em></strong></span> 
     </span>
    </p>
   </div>
   <div class='ocr_carea' id='block_1_2' title="bbox 278 305 1857 385">
    <p class='ocr_par' dir='ltr' id='par_1_2' title="bbox 278 305 1857 385">
     <span class='ocr_line' id='line_1_2' title="bbox 278 305 1857 385; baseline -0.02 0"><span class='ocrx_word' id='word_1_2' title='bbox 278 342 330 385; x_wconf 83' lang='lat' dir='ltr'><strong><em>et</em></strong></span> <span class='ocrx_word' id='word_1_3' title='bbox 363 329 573 384; x_wconf 88' lang='lat' dir='ltr'><strong><em>trahere</em></strong></span> <span class='ocrx_word' id='word_1_4' title='bbox 603 318 908 378; x_wconf 79' lang='lat' dir='ltr'><strong><em>videretur“?</em></strong></span> <span class='ocrx_word' id='word_1_5' title='bbox 935 316 1064 370; x_wconf 78' lang='lat' dir='ltr'><strong><em>Nam</em></strong></span> <span class='ocrx_word' id='word_1_6' title='bbox 1093 328 1214 368; x_wconf 90' lang='lat' dir='ltr'><strong><em>eum</em></strong></span> <span class='ocrx_word' id='word_1_7' title='bbox 1246 310 1488 373; x_wconf 90' lang='lat' dir='ltr'><strong><em>dicebat,</em></strong></span> <span class='ocrx_word' id='word_1_8' title='bbox 1528 305 1742 361; x_wconf 85' lang='lat' dir='ltr'><strong><em>Violenti</em></strong></span> <span class='ocrx_word' id='word_1_9' title='bbox 1772 321 1857 356; x_wconf 87' lang='lat' dir='ltr'><strong><em>ra-</em></strong></span> 
     </span>
    </p>
   </div>
   <div class='ocr_carea' id='block_1_3' title="bbox 282 395 1856 496">
    <p class='ocr_par' dir='ltr' id='par_1_3' title="bbox 282 395 1856 496">
     <span class='ocr_line' id='line_1_3' title="bbox 282 395 1856 496; baseline -0.02 -17"><span class='ocrx_word' id='word_1_10' title='bbox 282 429 427 496; x_wconf 83' lang='lat' dir='ltr'><strong><em>piunt</em></strong></span> <span class='ocrx_word' id='word_1_11' title='bbox 454 418 618 483; x_wconf 82' lang='lat' dir='ltr'><strong><em>illud,</em></strong></span> <span class='ocrx_word' id='word_1_12' title='bbox 653 413 704 470; x_wconf 93' lang='lat' dir='ltr'><strong><em>id</em></strong></span> <span class='ocrx_word' id='word_1_13' title='bbox 731 413 940 468; x_wconf 70' lang='lat' dir='ltr'><strong><em>illorum</em></strong></span> <span class='ocrx_word' id='word_1_14' title='bbox 967 407 1228 464; x_wconf 71' lang='lat' dir='ltr'><strong><em>excitabat</em></strong></span> <span class='ocrx_word' id='word_1_15' title='bbox 1255 405 1523 465; x_wconf 89' lang='lat' dir='ltr'><strong><em>animum;</em></strong></span> <span class='ocrx_word' id='word_1_16' title='bbox 1550 408 1747 454; x_wconf 90' lang='lat' dir='ltr'><strong><em>etcum</em></strong></span> <span class='ocrx_word' id='word_1_17' title='bbox 1778 395 1856 448; x_wconf 92' lang='lat' dir='ltr'><strong><em>di-</em></strong></span> 
     </span>
    </p>
   </div>
   <div class='ocr_carea' id='block_1_4' title="bbox 279 488 1862 577">
    <p class='ocr_par' dir='ltr' id='par_1_4' title="bbox 279 488 1862 577">
     <span class='ocr_line' id='line_1_4' title="bbox 279 488 1862 577; baseline -0.021 -6"><span class='ocrx_word' id='word_1_18' title='bbox 279 488 459 577; x_wconf 61' lang='lat' dir='ltr'><strong><em>ceret,</em></strong></span> <span class='ocrx_word' id='word_1_19' title='bbox 492 512 590 575; x_wconf 82' lang='lat' dir='ltr'><strong><em>Qui</em></strong></span> <span class='ocrx_word' id='word_1_20' title='bbox 618 509 762 560; x_wconf 84' lang='lat' dir='ltr'><strong><em>habet</em></strong></span> <span class='ocrx_word' id='word_1_21' title='bbox 801 517 947 556; x_wconf 81' lang='lat' dir='ltr'><strong><em>aures</em></strong></span> <span class='ocrx_word' id='word_1_22' title='bbox 972 498 1246 564; x_wconf 77' lang='lat' dir='ltr'><strong><em>audiendi,</em></strong></span> <span class='ocrx_word' id='word_1_23' title='bbox 1277 494 1485 558; x_wconf 89' lang='lat' dir='ltr'><strong><em>audiat,</em></strong></span> <span class='ocrx_word' id='word_1_24' title='bbox 1518 490 1742 559; x_wconf 91' lang='lat' dir='ltr'><strong><em>idipsum</em></strong></span> <span class='ocrx_word' id='word_1_25' title='bbox 1786 488 1862 539; x_wconf 84' lang='lat' dir='ltr'><strong><em>la-</em></strong></span> 
     </span>
    </p>
   </div>
   <div class='ocr_carea' id='block_1_5' title="bbox 282 577 1864 661">
    <p class='ocr_par' dir='ltr' id='par_1_5' title="bbox 282 577 1864 661">
     <span class='ocr_line' id='line_1_5' title="bbox 282 577 1864 661; baseline -0.02 0"><span class='ocrx_word' id='word_1_26' title='bbox 282 606 470 661; x_wconf 86' lang='lat' dir='ltr'><strong><em>cichat.</em></strong></span> <span class='ocrx_word' id='word_1_27' title='bbox 516 601 604 656; x_wconf 75' lang='grc'><strong><em>16.</em></strong></span> <span class='ocrx_word' id='word_1_28' title='bbox 644 597 738 654; x_wconf 87' lang='lat' dir='ltr'><strong><em>Cui</em></strong></span> <span class='ocrx_word' id='word_1_29' title='bbox 775 603 938 649; x_wconf 88' lang='lat' dir='ltr'><strong><em>autem</em></strong></span> <span class='ocrx_word' id='word_1_30' title='bbox 976 589 1260 646; x_wconf 88' lang='lat' dir='ltr'><strong><em>assimilabo</em></strong></span> <span class='ocrx_word' id='word_1_31' title='bbox 1290 584 1656 657; x_wconf 71' lang='lat' dir='ltr'><strong><em>generationem</em></strong></span> <span class='ocrx_word' id='word_1_32' title='bbox 1694 577 1864 632; x_wconf 84' lang='lat' dir='ltr'><strong><em>hanc?</em></strong></span> 
     </span>
    </p>
   </div>
   <div class='ocr_carea' id='block_1_6' title="bbox 284 669 1862 766">
    <p class='ocr_par' dir='ltr' id='par_1_6' title="bbox 284 669 1862 766">
     <span class='ocr_line' id='line_1_6' title="bbox 284 669 1862 766; baseline -0.02 -15"><span class='ocrx_word' id='word_1_33' title='bbox 284 697 468 766; x_wconf 97' lang='lat' dir='ltr'><strong><em>inquit.</em></strong></span> <span class='ocrx_word' id='word_1_34' title='bbox 502 691 700 748; x_wconf 87' lang='lat' dir='ltr'><strong><em>Similis</em></strong></span> <span class='ocrx_word' id='word_1_35' title='bbox 729 698 798 743; x_wconf 88' lang='lat' dir='ltr'><strong><em>est</em></strong></span> <span class='ocrx_word' id='word_1_36' title='bbox 828 684 998 756; x_wconf 82' lang='lat' dir='ltr'><strong><em>pueris</em></strong></span> <span class='ocrx_word' id='word_1_37' title='bbox 1023 678 1303 737; x_wconf 76' lang='lat' dir='ltr'><strong><em>sedentibus</em></strong></span> <span class='ocrx_word' id='word_1_38' title='bbox 1343 677 1394 729; x_wconf 85' lang='lat' dir='ltr'><strong><em>in</em></strong></span> <span class='ocrx_word' id='word_1_39' title='bbox 1435 677 1574 746; x_wconf 90' lang='lat' dir='ltr'><strong><em>foro,</em></strong></span> <span class='ocrx_word' id='word_1_40' title='bbox 1609 680 1657 724; x_wconf 89' lang='lat' dir='ltr'><strong><em>et</em></strong></span> <span class='ocrx_word' id='word_1_41' title='bbox 1690 669 1862 723; x_wconf 82' lang='lat' dir='ltr'><strong><em>dicen-</em></strong></span> 
     </span>
    </p>
   </div>
   <div class='ocr_carea' id='block_1_7' title="bbox 284 761 1861 852">
    <p class='ocr_par' dir='ltr' id='par_1_7' title="bbox 284 761 1861 852">
     <span class='ocr_line' id='line_1_7' title="bbox 284 761 1861 852; baseline -0.02 -10"><span class='ocrx_word' id='word_1_42' title='bbox 284 761 446 852; x_wconf 81' lang='lat' dir='ltr'><strong><em>tibus,</em></strong></span> <span class='ocrx_word' id='word_1_43' title='bbox 477 787 567 841; x_wconf 78' lang='grc'><strong><em>17.</em></strong></span> <span class='ocrx_word' id='word_1_44' title='bbox 599 782 741 836; x_wconf 87' lang='lat' dir='ltr'><strong><em>Tibia</em></strong></span> <span class='ocrx_word' id='word_1_45' title='bbox 768 779 1032 834; x_wconf 87' lang='lat' dir='ltr'><strong><em>cecinimus</em></strong></span> <span class='ocrx_word' id='word_1_46' title='bbox 1059 771 1195 826; x_wconf 84' lang='lat' dir='ltr'><strong><em>vobis</em></strong></span> <span class='ocrx_word' id='word_1_47' title='bbox 1218 812 1234 838; x_wconf 93' lang='lat'><strong><em>,</em></strong></span> <span class='ocrx_word' id='word_1_48' title='bbox 1278 777 1323 822; x_wconf 90' lang='lat' dir='ltr'><strong><em>et</em></strong></span> <span class='ocrx_word' id='word_1_49' title='bbox 1362 783 1462 820; x_wconf 89' lang='lat' dir='ltr'><strong><em>non</em></strong></span> <span class='ocrx_word' id='word_1_50' title='bbox 1492 763 1710 818; x_wconf 86' lang='lat' dir='ltr'><strong><em>saltastis</em></strong></span> <span class='ocrx_word' id='word_1_51' title='bbox 1728 778 1746 826; x_wconf 88' lang='lat'><strong><em>;</em></strong></span> <span class='ocrx_word' id='word_1_52' title='bbox 1783 761 1861 814; x_wconf 81' lang='lat' dir='ltr'><strong><em>la-</em></strong></span> 
     </span>
    </p>
   </div>
   <div class='ocr_carea' id='block_1_8' title="bbox 283 861 1403 936">
    <p class='ocr_par' dir='ltr' id='par_1_8' title="bbox 283 861 1403 936">
     <span class='ocr_line' id='line_1_8' title="bbox 283 861 1403 936; baseline -0.022 0"><span class='ocrx_word' id='word_1_53' title='bbox 283 880 490 936; x_wconf 81' lang='lat' dir='ltr'><strong><em>ntentati</em></strong></span> <span class='ocrx_word' id='word_1_54' title='bbox 525 892 698 932; x_wconf 87' lang='lat' dir='ltr'><strong><em>sumus</em></strong></span> <span class='ocrx_word' id='word_1_55' title='bbox 726 871 861 928; x_wconf 89' lang='lat' dir='ltr'><strong><em>vobis</em></strong></span> <span class='ocrx_word' id='word_1_56' title='bbox 879 911 896 936; x_wconf 92' lang='lat'><strong><em>,</em></strong></span> <span class='ocrx_word' id='word_1_57' title='bbox 923 877 968 922; x_wconf 88' lang='lat' dir='ltr'><strong><em>et</em></strong></span> <span class='ocrx_word' id='word_1_58' title='bbox 994 882 1093 919; x_wconf 87' lang='lat' dir='ltr'><strong><em>non</em></strong></span> <span class='ocrx_word' id='word_1_59' title='bbox 1119 861 1403 934; x_wconf 77' lang='lat' dir='ltr'><strong><em>planxistis.</em></strong></span> 
     </span>
    </p>
   </div>
   <div class='ocr_carea' id='block_1_9' title="bbox 356 947 1866 1026">
    <p class='ocr_par' dir='ltr' id='par_1_9' title="bbox 356 947 1866 1026">
     <span class='ocr_line' id='line_1_9' title="bbox 356 947 1866 1026; baseline -0.021 0"><span class='ocrx_word' id='word_1_60' title='bbox 356 971 542 1026; x_wconf 77' lang='lat' dir='ltr'><strong><em>Christi</em></strong></span> <span class='ocrx_word' id='word_1_61' title='bbox 579 977 626 1022; x_wconf 88' lang='lat' dir='ltr'><strong><em>et</em></strong></span> <span class='ocrx_word' id='word_1_62' title='bbox 665 963 882 1019; x_wconf 85' lang='lat' dir='ltr'><strong><em>Joannis</em></strong></span> <span class='ocrx_word' id='word_1_63' title='bbox 920 959 1054 1014; x_wconf 89' lang='lat' dir='ltr'><strong><em>idem</em></strong></span> <span class='ocrx_word' id='word_1_64' title='bbox 1083 971 1262 1025; x_wconf 84' lang='lat' dir='ltr'><strong><em>scapus</em></strong></span> <span class='ocrx_word' id='word_1_65' title='bbox 1292 959 1492 1006; x_wconf 89' lang='lat' dir='ltr'><strong><em>erat.—-</em></strong></span> <span class='ocrx_word' id='word_1_66' title='bbox 1513 947 1638 1002; x_wconf 69' lang='grc' dir='ltr'><strong><em>Ηωο</em></strong></span> <span class='ocrx_word' id='word_1_67' title='bbox 1683 956 1866 999; x_wconf 87' lang='lat' dir='ltr'><strong><em>rursus</em></strong></span> 
     </span>
    </p>
   </div>
   <div class='ocr_carea' id='block_1_10' title="bbox 285 1039 1864 1129">
    <p class='ocr_par' dir='ltr' id='par_1_10' title="bbox 285 1039 1864 1129">
     <span class='ocr_line' id='line_1_10' title="bbox 285 1039 1864 1129; baseline -0.02 -9"><span class='ocrx_word' id='word_1_68' title='bbox 285 1065 529 1120; x_wconf 91' lang='lat' dir='ltr'><strong><em>videntur</em></strong></span> <span class='ocrx_word' id='word_1_69' title='bbox 553 1075 580 1114; x_wconf 86' lang='lat' dir='ltr'><strong><em>a</em></strong></span> <span class='ocrx_word' id='word_1_70' title='bbox 609 1051 1033 1129; x_wconf 68' lang='lat' dir='ltr'><strong><em>prmeedentibus</em></strong></span> <span class='ocrx_word' id='word_1_71' title='bbox 1061 1063 1164 1103; x_wconf 92' lang='lat' dir='ltr'><strong><em>non</em></strong></span> <span class='ocrx_word' id='word_1_72' title='bbox 1196 1044 1450 1116; x_wconf 90' lang='lat' dir='ltr'><strong><em>pendere,</em></strong></span> <span class='ocrx_word' id='word_1_73' title='bbox 1471 1041 1566 1095; x_wconf 88' lang='lat' dir='ltr'><strong><em>sed</em></strong></span> <span class='ocrx_word' id='word_1_74' title='bbox 1587 1039 1652 1093; x_wconf 89' lang='lat' dir='ltr'><strong><em>ad</em></strong></span> <span class='ocrx_word' id='word_1_75' title='bbox 1681 1051 1864 1092; x_wconf 89' lang='lat' dir='ltr'><strong><em>eormn</em></strong></span> 
     </span>
    </p>
   </div>
   <div class='ocr_carea' id='block_1_11' title="bbox 287 1128 1867 1218">
    <p class='ocr_par' dir='ltr' id='par_1_11' title="bbox 287 1128 1867 1218">
     <span class='ocr_line' id='line_1_11' title="bbox 287 1128 1867 1218; baseline -0.021 -5"><span class='ocrx_word' id='word_1_76' title='bbox 287 1158 506 1213; x_wconf 88' lang='lat' dir='ltr'><strong><em>omnino</em></strong></span> <span class='ocrx_word' id='word_1_77' title='bbox 551 1128 743 1208; x_wconf 76' lang='lat' dir='ltr'><strong><em>seriem</em></strong></span> <span class='ocrx_word' id='word_1_78' title='bbox 787 1145 1054 1218; x_wconf 75' lang='lat' dir='ltr'><strong><em>pertinent</em></strong></span> <span class='ocrx_word' id='word_1_79' title='bbox 1097 1158 1110 1193; x_wconf 88' lang='lat'>:</span> <span class='ocrx_word' id='word_1_80' title='bbox 1152 1137 1347 1194; x_wconf 86' lang='lat' dir='ltr'><strong><em>etenim</em></strong></span> <span class='ocrx_word' id='word_1_81' title='bbox 1398 1134 1464 1188; x_wconf 90' lang='lat' dir='ltr'><strong><em>ad</em></strong></span> <span class='ocrx_word' id='word_1_82' title='bbox 1508 1130 1750 1187; x_wconf 89' lang='lat' dir='ltr'><strong><em>eamdem</em></strong></span> <span class='ocrx_word' id='word_1_83' title='bbox 1793 1128 1867 1182; x_wconf 90' lang='lat' dir='ltr'><strong><em>rei</em></strong></span> 
     </span>
    </p>
   </div>
   <div class='ocr_carea' id='block_1_12' title="bbox 286 1222 1864 1313">
    <p class='ocr_par' dir='ltr' id='par_1_12' title="bbox 286 1222 1864 1313">
     <span class='ocr_line' id='line_1_12' title="bbox 286 1222 1864 1313; baseline -0.02 -9"><span class='ocrx_word' id='word_1_84' title='bbox 286 1261 545 1304; x_wconf 82' lang='lat' dir='ltr'><strong><em>summam</em></strong></span> <span class='ocrx_word' id='word_1_85' title='bbox 577 1249 857 1313; x_wconf 90' lang='lat' dir='ltr'><strong><em>spectant,</em></strong></span> <span class='ocrx_word' id='word_1_86' title='bbox 886 1243 944 1291; x_wconf 90' lang='lat' dir='ltr'><strong><em>ut</em></strong></span> <span class='ocrx_word' id='word_1_87' title='bbox 968 1231 1279 1288; x_wconf 89' lang='lat' dir='ltr'><strong><em>ostendatur</em></strong></span> <span class='ocrx_word' id='word_1_88' title='bbox 1302 1227 1561 1283; x_wconf 84' lang='lat' dir='ltr'><strong><em>Joannem</em></strong></span> <span class='ocrx_word' id='word_1_89' title='bbox 1592 1222 1690 1292; x_wconf 82' lang='lat' dir='ltr'><strong><em>ipsi</em></strong></span> <span class='ocrx_word' id='word_1_90' title='bbox 1733 1234 1864 1274; x_wconf 91' lang='lat' dir='ltr'><strong><em>con-</em></strong></span> 
     </span>
    </p>
   </div>
   <div class='ocr_carea' id='block_1_13' title="bbox 286 1314 1868 1398">
    <p class='ocr_par' dir='ltr' id='par_1_13' title="bbox 286 1314 1868 1398">
     <span class='ocr_line' id='line_1_13' title="bbox 286 1314 1868 1398; baseline -0.02 -3"><span class='ocrx_word' id='word_1_91' title='bbox 286 1355 414 1395; x_wconf 89' lang='lat' dir='ltr'><strong><em>sona</em></strong></span> <span class='ocrx_word' id='word_1_92' title='bbox 437 1336 640 1398; x_wconf 82' lang='lat' dir='ltr'><strong><em>iecisse,</em></strong></span> <span class='ocrx_word' id='word_1_93' title='bbox 666 1327 872 1387; x_wconf 89' lang='lat' dir='ltr'><strong><em>etiamsi</em></strong></span> <span class='ocrx_word' id='word_1_94' title='bbox 892 1341 1008 1396; x_wconf 62' lang='lat' dir='ltr'><strong><em>qua)</em></strong></span> <span class='ocrx_word' id='word_1_95' title='bbox 1035 1323 1232 1377; x_wconf 87' lang='lat' dir='ltr'><strong><em>ﬁebant</em></strong></span> <span class='ocrx_word' id='word_1_96' title='bbox 1250 1317 1514 1375; x_wconf 89' lang='lat' dir='ltr'><strong><em>contraria</em></strong></span> <span class='ocrx_word' id='word_1_97' title='bbox 1532 1314 1868 1368; x_wconf 84' lang='lat' dir='ltr'><strong><em>viderentur:</em></strong></span> 
     </span>
    </p>
   </div>
   <div class='ocr_carea' id='block_1_14' title="bbox 286 1403 1871 1499">
    <p class='ocr_par' dir='ltr' id='par_1_14' title="bbox 286 1403 1871 1499">
     <span class='ocr_line' id='line_1_14' title="bbox 286 1403 1871 1499; baseline -0.018 -17"><span class='ocrx_word' id='word_1_98' title='bbox 286 1428 426 1499; x_wconf 84' lang='lat' dir='ltr'><strong><em>quod</em></strong></span> <span class='ocrx_word' id='word_1_99' title='bbox 453 1427 608 1482; x_wconf 90' lang='lat' dir='ltr'><strong><em>etiam</em></strong></span> <span class='ocrx_word' id='word_1_100' title='bbox 636 1424 702 1478; x_wconf 91' lang='lat' dir='ltr'><strong><em>de</em></strong></span> <span class='ocrx_word' id='word_1_101' title='bbox 728 1418 1138 1487; x_wconf 85' lang='lat' dir='ltr'><strong><em>interrogatione</em></strong></span> <span class='ocrx_word' id='word_1_102' title='bbox 1163 1412 1359 1467; x_wconf 90' lang='lat' dir='ltr'><strong><em>dictum</em></strong></span> <span class='ocrx_word' id='word_1_103' title='bbox 1382 1417 1463 1463; x_wconf 89' lang='lat' dir='ltr'><strong><em>est</em></strong></span> <span class='ocrx_word' id='word_1_104' title='bbox 1491 1425 1504 1460; x_wconf 92' lang='lat'>:</span> <span class='ocrx_word' id='word_1_105' title='bbox 1534 1403 1871 1472; x_wconf 89' lang='lat' dir='ltr'><strong><em>ostenditque</em></strong></span> 
     </span>
    </p>
   </div>
   <div class='ocr_carea' id='block_1_15' title="bbox 287 1495 1878 1589">
    <p class='ocr_par' dir='ltr' id='par_1_15' title="bbox 287 1495 1878 1589">
     <span class='ocr_line' id='line_1_15' title="bbox 287 1495 1878 1589; baseline -0.018 -14"><span class='ocrx_word' id='word_1_106' title='bbox 287 1495 419 1576; x_wconf 82' lang='lat' dir='ltr'><strong><em>nihil</em></strong></span> <span class='ocrx_word' id='word_1_107' title='bbox 443 1514 857 1589; x_wconf 86' lang='lat' dir='ltr'><strong><em>praetermissum</em></strong></span> <span class='ocrx_word' id='word_1_108' title='bbox 880 1510 1040 1564; x_wconf 81' lang='lat' dir='ltr'><strong><em>fuisse</em></strong></span> <span class='ocrx_word' id='word_1_109' title='bbox 1061 1519 1244 1562; x_wconf 90' lang='lat' dir='ltr'><strong><em>eorum</em></strong></span> <span class='ocrx_word' id='word_1_110' title='bbox 1261 1517 1377 1572; x_wconf 67' lang='lat' dir='ltr'><strong><em>qure</em></strong></span> <span class='ocrx_word' id='word_1_111' title='bbox 1399 1499 1463 1554; x_wconf 90' lang='lat' dir='ltr'><strong><em>ad</em></strong></span> <span class='ocrx_word' id='word_1_112' title='bbox 1486 1499 1709 1553; x_wconf 82' lang='lat' dir='ltr'><strong><em>salutem</em></strong></span> <span class='ocrx_word' id='word_1_113' title='bbox 1732 1495 1878 1564; x_wconf 85' lang='lat' dir='ltr'><strong><em>ipso-</em></strong></span> 
     </span>
    </p>
   </div>
   <div class='ocr_carea' id='block_1_16' title="bbox 288 1589 1870 1676">
    <p class='ocr_par' dir='ltr' id='par_1_16' title="bbox 288 1589 1870 1676">
     <span class='ocr_line' id='line_1_16' title="bbox 288 1589 1870 1676; baseline -0.018 -8"><span class='ocrx_word' id='word_1_114' title='bbox 288 1630 403 1668; x_wconf 90' lang='lat' dir='ltr'><strong><em>rum</em></strong></span> <span class='ocrx_word' id='word_1_115' title='bbox 425 1609 668 1665; x_wconf 85' lang='lat' dir='ltr'><strong><em>conferre</em></strong></span> <span class='ocrx_word' id='word_1_116' title='bbox 685 1611 924 1676; x_wconf 84' lang='lat' dir='ltr'><strong><em>possent;</em></strong></span> <span class='ocrx_word' id='word_1_117' title='bbox 943 1599 1082 1670; x_wconf 88' lang='lat' dir='ltr'><strong><em>quod</em></strong></span> <span class='ocrx_word' id='word_1_118' title='bbox 1100 1597 1167 1652; x_wconf 90' lang='lat' dir='ltr'><strong><em>de</em></strong></span> <span class='ocrx_word' id='word_1_119' title='bbox 1182 1597 1331 1650; x_wconf 89' lang='lat' dir='ltr'><strong><em>vinea</em></strong></span> <span class='ocrx_word' id='word_1_120' title='bbox 1348 1592 1556 1648; x_wconf 88' lang='lat' dir='ltr'><strong><em>dicebat</em></strong></span> <span class='ocrx_word' id='word_1_121' title='bbox 1576 1589 1835 1660; x_wconf 83' lang='lat' dir='ltr'><strong><em>propheta</em></strong></span> <span class='ocrx_word' id='word_1_122' title='bbox 1856 1604 1870 1640; x_wconf 90' lang='lat'><strong>:</strong></span> 
     </span>
    </p>
   </div>
   <div class='ocr_carea' id='block_1_17' title="bbox 293 1678 1871 1770">
    <p class='ocr_par' dir='ltr' id='par_1_17' title="bbox 293 1678 1871 1770">
     <span class='ocr_line' id='line_1_17' title="bbox 293 1678 1871 1770; baseline -0.015 -12"><span class='ocrx_word' id='word_1_123' title='bbox 293 1704 429 1770; x_wconf 77' lang='lat' dir='ltr'><strong><em>Quid</em></strong></span> <span class='ocrx_word' id='word_1_124' title='bbox 457 1701 623 1756; x_wconf 86' lang='lat' dir='ltr'><strong><em>adhuc</em></strong></span> <span class='ocrx_word' id='word_1_125' title='bbox 643 1697 828 1770; x_wconf 81' lang='lat' dir='ltr'><strong><em>faciam</em></strong></span> <span class='ocrx_word' id='word_1_126' title='bbox 847 1694 1002 1748; x_wconf 75' lang='lat' dir='ltr'><strong><em>vinea:</em></strong></span> <span class='ocrx_word' id='word_1_127' title='bbox 1029 1690 1168 1756; x_wconf 83' lang='lat' dir='ltr'><strong><em>huic,</em></strong></span> <span class='ocrx_word' id='word_1_128' title='bbox 1199 1685 1331 1758; x_wconf 83' lang='lat' dir='ltr'><strong><em>quod</em></strong></span> <span class='ocrx_word' id='word_1_129' title='bbox 1360 1701 1459 1739; x_wconf 89' lang='lat' dir='ltr'><strong><em>non</em></strong></span> <span class='ocrx_word' id='word_1_130' title='bbox 1490 1683 1691 1751; x_wconf 80' lang='lat' dir='ltr'><strong><em>fecerim</em></strong></span> <span class='ocrx_word' id='word_1_131' title='bbox 1721 1678 1871 1752; x_wconf 86' lang='lat' dir='ltr'><strong><em>(Isai.</em></strong></span> 
     </span>
    </p>
   </div>
   <div class='ocr_carea' id='block_1_18' title="bbox 289 1773 1877 1864">
    <p class='ocr_par' dir='ltr' id='par_1_18' title="bbox 289 1773 1877 1864">
     <span class='ocr_line' id='line_1_18' title="bbox 289 1773 1877 1864; baseline -0.018 -13"><span class='ocrx_word' id='word_1_132' title='bbox 289 1793 440 1864; x_wconf 68' lang='lat'><strong><em>5.4)?</em></strong></span> <span class='ocrx_word' id='word_1_133' title='bbox 459 1792 548 1846; x_wconf 82' lang='lat' dir='ltr'><strong><em>Cui</em></strong></span> <span class='ocrx_word' id='word_1_134' title='bbox 566 1790 718 1852; x_wconf 88' lang='lat' dir='ltr'><strong><em>enim,</em></strong></span> <span class='ocrx_word' id='word_1_135' title='bbox 737 1787 828 1850; x_wconf 88' lang='lat' dir='ltr'><strong><em>ait,</em></strong></span> <span class='ocrx_word' id='word_1_136' title='bbox 845 1781 1132 1839; x_wconf 84' lang='lat' dir='ltr'><strong><em>assimilabo</em></strong></span> <span class='ocrx_word' id='word_1_137' title='bbox 1148 1779 1511 1851; x_wconf 77' lang='lat' dir='ltr'><strong><em>generationem</em></strong></span> <span class='ocrx_word' id='word_1_138' title='bbox 1535 1775 1664 1827; x_wconf 88' lang='lat' dir='ltr'><strong><em>hanc</em></strong></span> <span class='ocrx_word' id='word_1_139' title='bbox 1681 1773 1704 1826; x_wconf 91' lang='lat'><strong><em>?</em></strong></span> <span class='ocrx_word' id='word_1_140' title='bbox 1721 1773 1877 1828; x_wconf 86' lang='lat' dir='ltr'><strong><em>Simi-</em></strong></span> 
     </span>
    </p>
   </div>
   <div class='ocr_carea' id='block_1_19' title="bbox 293 1864 1878 1954">
    <p class='ocr_par' dir='ltr' id='par_1_19' title="bbox 293 1864 1878 1954">
     <span class='ocr_line' id='line_1_19' title="bbox 293 1864 1878 1954; baseline -0.016 -14"><span class='ocrx_word' id='word_1_141' title='bbox 293 1887 355 1941; x_wconf 89' lang='lat' dir='ltr'><strong><em>lis</em></strong></span> <span class='ocrx_word' id='word_1_142' title='bbox 370 1895 442 1938; x_wconf 89' lang='lat' dir='ltr'><strong><em>est</em></strong></span> <span class='ocrx_word' id='word_1_143' title='bbox 465 1883 629 1954; x_wconf 87' lang='lat' dir='ltr'><strong><em>pueris</em></strong></span> <span class='ocrx_word' id='word_1_144' title='bbox 643 1877 922 1934; x_wconf 78' lang='lat' dir='ltr'><strong><em>sedentibus</em></strong></span> <span class='ocrx_word' id='word_1_145' title='bbox 939 1875 992 1928; x_wconf 88' lang='lat' dir='ltr'><strong><em>in</em></strong></span> <span class='ocrx_word' id='word_1_146' title='bbox 1009 1875 1142 1942; x_wconf 82' lang='lat' dir='ltr'><strong><em>foro,</em></strong></span> <span class='ocrx_word' id='word_1_147' title='bbox 1158 1881 1202 1925; x_wconf 87' lang='lat' dir='ltr'><strong><em>et</em></strong></span> <span class='ocrx_word' id='word_1_148' title='bbox 1220 1868 1515 1933; x_wconf 82' lang='lat' dir='ltr'><strong><em>dicentibus,</em></strong></span> <span class='ocrx_word' id='word_1_149' title='bbox 1536 1865 1682 1918; x_wconf 89' lang='lat' dir='ltr'><strong><em>Tibia</em></strong></span> <span class='ocrx_word' id='word_1_150' title='bbox 1704 1864 1878 1918; x_wconf 88' lang='lat' dir='ltr'><strong><em>cecini-</em></strong></span> 
     </span>
    </p>
   </div>
   <div class='ocr_carea' id='block_1_20' title="bbox 292 1955 1876 2038">
    <p class='ocr_par' dir='ltr' id='par_1_20' title="bbox 292 1955 1876 2038">
     <span class='ocr_line' id='line_1_20' title="bbox 292 1955 1876 2038; baseline -0.015 -9"><span class='ocrx_word' id='word_1_151' title='bbox 292 1993 402 2030; x_wconf 87' lang='lat' dir='ltr'><strong><em>mus</em></strong></span> <span class='ocrx_word' id='word_1_152' title='bbox 418 1974 623 2038; x_wconf 88' lang='lat' dir='ltr'><strong><em>vobis,et</em></strong></span> <span class='ocrx_word' id='word_1_153' title='bbox 637 1988 733 2024; x_wconf 88' lang='lat' dir='ltr'><strong><em>non</em></strong></span> <span class='ocrx_word' id='word_1_154' title='bbox 749 1967 966 2023; x_wconf 85' lang='lat' dir='ltr'><strong><em>saltastis</em></strong></span> <span class='ocrx_word' id='word_1_155' title='bbox 982 1983 999 2020; x_wconf 92' lang='lat'><strong><em>:</em></strong></span> <span class='ocrx_word' id='word_1_156' title='bbox 1015 1963 1268 2018; x_wconf 85' lang='lat' dir='ltr'><strong><em>lamentati</em></strong></span> <span class='ocrx_word' id='word_1_157' title='bbox 1285 1976 1477 2025; x_wconf 88' lang='lat' dir='ltr'><strong><em>sumus,</em></strong></span> <span class='ocrx_word' id='word_1_158' title='bbox 1495 1966 1541 2010; x_wconf 90' lang='lat' dir='ltr'><strong><em>et</em></strong></span> <span class='ocrx_word' id='word_1_159' title='bbox 1561 1974 1657 2010; x_wconf 90' lang='lat' dir='ltr'><strong><em>non</em></strong></span> <span class='ocrx_word' id='word_1_160' title='bbox 1672 1955 1876 2027; x_wconf 74' lang='lat' dir='ltr'><strong><em>planxi—</em></strong></span> 
     </span>
    </p>
   </div>
   <div class='ocr_carea' id='block_1_21' title="bbox 290 2051 1880 2123">
    <p class='ocr_par' dir='ltr' id='par_1_21' title="bbox 290 2051 1880 2123">
     <span class='ocr_line' id='line_1_21' title="bbox 290 2051 1880 2123; baseline -0.014 -1"><span class='ocrx_word' id='word_1_161' title='bbox 290 2068 398 2122; x_wconf 85' lang='lat' dir='ltr'><strong><em>stis.</em></strong></span> <span class='ocrx_word' id='word_1_162' title='bbox 433 2065 518 2120; x_wconf 78' lang='lat' dir='ltr'><strong><em>i8.</em></strong></span> <span class='ocrx_word' id='word_1_163' title='bbox 565 2061 711 2117; x_wconf 82' lang='lat' dir='ltr'><strong><em>Venit</em></strong></span> <span class='ocrx_word' id='word_1_164' title='bbox 753 2061 884 2114; x_wconf 88' lang='lat' dir='ltr'><strong><em>enim</em></strong></span> <span class='ocrx_word' id='word_1_165' title='bbox 929 2056 1153 2111; x_wconf 82' lang='lat' dir='ltr'><strong><em>Joannes</em></strong></span> <span class='ocrx_word' id='word_1_166' title='bbox 1182 2069 1339 2123; x_wconf 88' lang='lat' dir='ltr'><strong><em>neque</em></strong></span> <span class='ocrx_word' id='word_1_167' title='bbox 1365 2051 1699 2111; x_wconf 87' lang='lat' dir='ltr'><strong><em>manducans,</em></strong></span> <span class='ocrx_word' id='word_1_168' title='bbox 1725 2063 1880 2116; x_wconf 82' lang='lat' dir='ltr'><strong><em>neque</em></strong></span> 
     </span>
    </p>
   </div>
   <div class='ocr_carea' id='block_1_22' title="bbox 291 2140 1878 2225">
    <p class='ocr_par' dir='ltr' id='par_1_22' title="bbox 291 2140 1878 2225">
     <span class='ocr_line' id='line_1_22' title="bbox 291 2140 1878 2225; baseline -0.013 -12"><span class='ocrx_word' id='word_1_169' title='bbox 291 2159 480 2225; x_wconf 88' lang='lat' dir='ltr'><strong><em>bibens,</em></strong></span> <span class='ocrx_word' id='word_1_170' title='bbox 505 2166 548 2211; x_wconf 92' lang='lat' dir='ltr'><strong><em>et</em></strong></span> <span class='ocrx_word' id='word_1_171' title='bbox 572 2157 744 2209; x_wconf 87' lang='lat' dir='ltr'><strong><em>dicunt</em></strong></span> <span class='ocrx_word' id='word_1_172' title='bbox 761 2150 1108 2207; x_wconf 74' lang='lat' dir='ltr'><strong><em>:Dazmonium</em></strong></span> <span class='ocrx_word' id='word_1_173' title='bbox 1130 2146 1292 2200; x_wconf 83' lang='lat' dir='ltr'><strong><em>habet.</em></strong></span> <span class='ocrx_word' id='word_1_174' title='bbox 1324 2144 1410 2200; x_wconf 79' lang='lat' dir='ltr'><strong><em>l9.</em></strong></span> <span class='ocrx_word' id='word_1_175' title='bbox 1437 2142 1580 2197; x_wconf 73' lang='lat' dir='ltr'><strong><em>Venit</em></strong></span> <span class='ocrx_word' id='word_1_176' title='bbox 1602 2140 1646 2194; x_wconf 82' lang='lat' dir='ltr'><strong><em>F</em></strong></span> <span class='ocrx_word' id='word_1_177' title='bbox 1651 2142 1766 2194; x_wconf 89' lang='lat' dir='ltr'><strong><em>ilius</em></strong></span> <span class='ocrx_word' id='word_1_178' title='bbox 1788 2141 1878 2193; x_wconf 89' lang='lat' dir='ltr'><strong><em>ho-</em></strong></span> 
     </span>
    </p>
   </div>
   <div class='ocr_carea' id='block_1_23' title="bbox 291 2232 1880 2304">
    <p class='ocr_par' dir='ltr' id='par_1_23' title="bbox 291 2232 1880 2304">
     <span class='ocr_line' id='line_1_23' title="bbox 291 2232 1880 2304; baseline -0.013 -1"><span class='ocrx_word' id='word_1_179' title='bbox 291 2251 442 2304; x_wconf 86' lang='lat' dir='ltr'><strong><em>minis</em></strong></span> <span class='ocrx_word' id='word_1_180' title='bbox 489 2247 800 2302; x_wconf 88' lang='lat' dir='ltr'><strong><em>manducans</em></strong></span> <span class='ocrx_word' id='word_1_181' title='bbox 840 2254 884 2297; x_wconf 91' lang='lat' dir='ltr'><strong><em>et</em></strong></span> <span class='ocrx_word' id='word_1_182' title='bbox 926 2242 1132 2304; x_wconf 87' lang='lat' dir='ltr'><strong><em>bibens,</em></strong></span> <span class='ocrx_word' id='word_1_183' title='bbox 1179 2247 1224 2292; x_wconf 91' lang='lat' dir='ltr'><strong><em>et</em></strong></span> <span class='ocrx_word' id='word_1_184' title='bbox 1264 2237 1437 2290; x_wconf 89' lang='lat' dir='ltr'><strong><em>dicunt</em></strong></span> <span class='ocrx_word' id='word_1_185' title='bbox 1485 2251 1503 2288; x_wconf 90' lang='lat'><strong><em>:</em></strong></span> <span class='ocrx_word' id='word_1_186' title='bbox 1553 2232 1682 2287; x_wconf 87' lang='lat' dir='ltr'><strong><em>Ecce</em></strong></span> <span class='ocrx_word' id='word_1_187' title='bbox 1731 2232 1880 2285; x_wconf 81' lang='lat' dir='ltr'><strong><em>homo</em></strong></span> 
     </span>
    </p>
   </div>
   <div class='ocr_carea' id='block_1_24' title="bbox 293 2323 1878 2406">
    <p class='ocr_par' dir='ltr' id='par_1_24' title="bbox 293 2323 1878 2406">
     <span class='ocr_line' id='line_1_24' title="bbox 293 2323 1878 2406; baseline -0.015 -10"><span class='ocrx_word' id='word_1_188' title='bbox 293 2357 450 2397; x_wconf 76' lang='lat' dir='ltr'><strong><em>vorax</em></strong></span> <span class='ocrx_word' id='word_1_189' title='bbox 476 2349 520 2392; x_wconf 91' lang='lat' dir='ltr'><strong><em>et</em></strong></span> <span class='ocrx_word' id='word_1_190' title='bbox 546 2338 646 2391; x_wconf 88' lang='lat' dir='ltr'><strong><em>vini</em></strong></span> <span class='ocrx_word' id='word_1_191' title='bbox 678 2345 898 2406; x_wconf 85' lang='lat' dir='ltr'><strong><em>potator,</em></strong></span> <span class='ocrx_word' id='word_1_192' title='bbox 931 2332 1309 2403; x_wconf 83' lang='lat' dir='ltr'><strong><em>publicanorum</em></strong></span> <span class='ocrx_word' id='word_1_193' title='bbox 1340 2336 1383 2380; x_wconf 87' lang='lat' dir='ltr'><strong><em>ct</em></strong></span> <span class='ocrx_word' id='word_1_194' title='bbox 1413 2335 1729 2394; x_wconf 83' lang='lat' dir='ltr'><strong><em>peccatorum</em></strong></span> <span class='ocrx_word' id='word_1_195' title='bbox 1753 2323 1878 2375; x_wconf 88' lang='lat' dir='ltr'><strong><em>ami-</em></strong></span> 
     </span>
    </p>
   </div>
   <div class='ocr_carea' id='block_1_25' title="bbox 294 2415 1878 2495">
    <p class='ocr_par' dir='ltr' id='par_1_25' title="bbox 294 2415 1878 2495">
     <span class='ocr_line' id='line_1_25' title="bbox 294 2415 1878 2495; baseline -0.014 -6"><span class='ocrx_word' id='word_1_196' title='bbox 294 2451 402 2490; x_wconf 91' lang='lat' dir='ltr'><strong><em>cus.</em></strong></span> <span class='ocrx_word' id='word_1_197' title='bbox 435 2433 545 2487; x_wconf 84' lang='lat' dir='ltr'><strong><em>Hoc</em></strong></span> <span class='ocrx_word' id='word_1_198' title='bbox 573 2439 676 2495; x_wconf 89' lang='lat' dir='ltr'><strong><em>est,</em></strong></span> <span class='ocrx_word' id='word_1_199' title='bbox 699 2427 976 2483; x_wconf 85' lang='lat' dir='ltr'><strong><em>Contraria</em></strong></span> <span class='ocrx_word' id='word_1_200' title='bbox 1006 2439 1104 2493; x_wconf 83' lang='lat' dir='ltr'><strong><em>ego</em></strong></span> <span class='ocrx_word' id='word_1_201' title='bbox 1124 2432 1176 2477; x_wconf 90' lang='lat' dir='ltr'><strong><em>et</em></strong></span> <span class='ocrx_word' id='word_1_202' title='bbox 1203 2421 1434 2476; x_wconf 86' lang='lat' dir='ltr'><strong><em>Joannes</em></strong></span> <span class='ocrx_word' id='word_1_203' title='bbox 1457 2418 1538 2472; x_wconf 85' lang='lat' dir='ltr'><strong><em>via</em></strong></span> <span class='ocrx_word' id='word_1_204' title='bbox 1562 2415 1878 2477; x_wconf 85' lang='lat' dir='ltr'><strong><em>incedimus,</em></strong></span> 
     </span>
    </p>
   </div>
   <div class='ocr_carea' id='block_1_26' title="bbox 297 2505 1882 2593">
    <p class='ocr_par' dir='ltr' id='par_1_26' title="bbox 297 2505 1882 2593">
     <span class='ocr_line' id='line_1_26' title="bbox 297 2505 1882 2593; baseline -0.013 -14"><span class='ocrx_word' id='word_1_205' title='bbox 297 2536 352 2579; x_wconf 90' lang='lat' dir='ltr'><strong><em>et</em></strong></span> <span class='ocrx_word' id='word_1_206' title='bbox 382 2523 610 2593; x_wconf 90' lang='lat' dir='ltr'><strong><em>idipsum</em></strong></span> <span class='ocrx_word' id='word_1_207' title='bbox 636 2519 889 2584; x_wconf 75' lang='lat' dir='ltr'><strong><em>faciams,</em></strong></span> <span class='ocrx_word' id='word_1_208' title='bbox 916 2530 978 2570; x_wconf 92' lang='lat' dir='ltr'><strong><em>ac</em></strong></span> <span class='ocrx_word' id='word_1_209' title='bbox 1003 2515 1049 2569; x_wconf 91' lang='lat' dir='ltr'><strong><em>si</em></strong></span> <span class='ocrx_word' id='word_1_210' title='bbox 1078 2521 1378 2575; x_wconf 85' lang='lat' dir='ltr'><strong><em>venatores,</em></strong></span> <span class='ocrx_word' id='word_1_211' title='bbox 1407 2509 1570 2564; x_wconf 79' lang='lat' dir='ltr'><strong><em>feram</em></strong></span> <span class='ocrx_word' id='word_1_212' title='bbox 1596 2517 1753 2576; x_wconf 88' lang='lat' dir='ltr'><strong><em>captu</em></strong></span> <span class='ocrx_word' id='word_1_213' title='bbox 1779 2505 1882 2560; x_wconf 88' lang='lat' dir='ltr'><strong><em>dil-</em></strong></span> 
     </span>
    </p>
   </div>
   <div class='ocr_carea' id='block_1_27' title="bbox 299 2598 1884 2679">
    <p class='ocr_par' dir='ltr' id='par_1_27' title="bbox 299 2598 1884 2679">
     <span class='ocr_line' id='line_1_27' title="bbox 299 2598 1884 2679; baseline -0.011 -9"><span class='ocrx_word' id='word_1_214' title='bbox 299 2617 493 2671; x_wconf 83' lang='lat' dir='ltr'><strong><em>iicilem</em></strong></span> <span class='ocrx_word' id='word_1_215' title='bbox 515 2613 755 2668; x_wconf 83' lang='lat' dir='ltr'><strong><em>videntes</em></strong></span> <span class='ocrx_word' id='word_1_216' title='bbox 775 2653 790 2677; x_wconf 92' lang='lat'><strong><em>,</em></strong></span> <span class='ocrx_word' id='word_1_217' title='bbox 818 2624 937 2679; x_wconf 73' lang='lat' dir='ltr'><strong><em>qua:</em></strong></span> <span class='ocrx_word' id='word_1_218' title='bbox 962 2621 1057 2677; x_wconf 90' lang='lat' dir='ltr'><strong><em>per</em></strong></span> <span class='ocrx_word' id='word_1_219' title='bbox 1079 2606 1190 2659; x_wconf 91' lang='lat' dir='ltr'><strong><em>vias</em></strong></span> <span class='ocrx_word' id='word_1_220' title='bbox 1209 2603 1340 2658; x_wconf 89' lang='lat' dir='ltr'><strong><em>duas</em></strong></span> <span class='ocrx_word' id='word_1_221' title='bbox 1361 2602 1425 2656; x_wconf 90' lang='lat' dir='ltr'><strong><em>ad</em></strong></span> <span class='ocrx_word' id='word_1_222' title='bbox 1455 2615 1636 2656; x_wconf 89' lang='lat' dir='ltr'><strong><em>casses</em></strong></span> <span class='ocrx_word' id='word_1_223' title='bbox 1666 2598 1884 2654; x_wconf 86' lang='lat' dir='ltr'><strong><em>tendere</em></strong></span> 
     </span>
    </p>
   </div>
   <div class='ocr_carea' id='block_1_28' title="bbox 295 2689 1887 2777">
    <p class='ocr_par' dir='ltr' id='par_1_28' title="bbox 295 2689 1887 2777">
     <span class='ocr_line' id='line_1_28' title="bbox 295 2689 1887 2777; baseline -0.013 -14"><span class='ocrx_word' id='word_1_224' title='bbox 295 2706 492 2777; x_wconf 82' lang='lat' dir='ltr'><strong><em>possit,</em></strong></span> <span class='ocrx_word' id='word_1_225' title='bbox 525 2713 802 2772; x_wconf 88' lang='lat' dir='ltr'><strong><em>utramque</em></strong></span> <span class='ocrx_word' id='word_1_226' title='bbox 837 2700 978 2754; x_wconf 83' lang='lat' dir='ltr'><strong><em>viam</em></strong></span> <span class='ocrx_word' id='word_1_227' title='bbox 1007 2697 1196 2766; x_wconf 81' lang='lat' dir='ltr'><strong><em>singuli</em></strong></span> <span class='ocrx_word' id='word_1_228' title='bbox 1224 2700 1517 2763; x_wconf 88' lang='lat' dir='ltr'><strong><em>occupent,</em></strong></span> <span class='ocrx_word' id='word_1_229' title='bbox 1550 2699 1604 2746; x_wconf 92' lang='lat' dir='ltr'><strong><em>et</em></strong></span> <span class='ocrx_word' id='word_1_230' title='bbox 1630 2691 1762 2744; x_wconf 85' lang='lat' dir='ltr'><strong><em>alter</em></strong></span> <span class='ocrx_word' id='word_1_231' title='bbox 1789 2689 1887 2758; x_wconf 87' lang='lat' dir='ltr'><strong><em>per</em></strong></span> 
     </span>
    </p>
   </div>
   <div class='ocr_carea' id='block_1_29' title="bbox 295 2782 1886 2856">
    <p class='ocr_par' dir='ltr' id='par_1_29' title="bbox 295 2782 1886 2856">
     <span class='ocr_line' id='line_1_29' title="bbox 295 2782 1886 2856; baseline -0.011 -4"><span class='ocrx_word' id='word_1_232' title='bbox 295 2797 618 2852; x_wconf 84' lang='lat' dir='ltr'><strong><em>contrariam</em></strong></span> <span class='ocrx_word' id='word_1_233' title='bbox 663 2792 816 2847; x_wconf 87' lang='lat' dir='ltr'><strong><em>alteri</em></strong></span> <span class='ocrx_word' id='word_1_234' title='bbox 861 2790 997 2844; x_wconf 88' lang='lat' dir='ltr'><strong><em>viam</em></strong></span> <span class='ocrx_word' id='word_1_235' title='bbox 1047 2786 1315 2856; x_wconf 85' lang='lat' dir='ltr'><strong><em>impellat,</em></strong></span> <span class='ocrx_word' id='word_1_236' title='bbox 1366 2792 1424 2837; x_wconf 90' lang='lat' dir='ltr'><strong><em>ut</em></strong></span> <span class='ocrx_word' id='word_1_237' title='bbox 1469 2783 1520 2836; x_wconf 92' lang='lat' dir='ltr'><strong><em>in</em></strong></span> <span class='ocrx_word' id='word_1_238' title='bbox 1571 2782 1886 2835; x_wconf 88' lang='lat' dir='ltr'><strong><em>alterutrum</em></strong></span> 
     </span>
    </p>
   </div>
   <div class='ocr_carea' id='block_1_30' title="bbox 300 2871 1885 2949">
    <p class='ocr_par' dir='ltr' id='par_1_30' title="bbox 300 2871 1885 2949">
     <span class='ocr_line' id='line_1_30' title="bbox 300 2871 1885 2949; baseline -0.013 -6"><span class='ocrx_word' id='word_1_239' title='bbox 300 2889 519 2944; x_wconf 87' lang='lat' dir='ltr'><strong><em>omnino</em></strong></span> <span class='ocrx_word' id='word_1_240' title='bbox 542 2883 770 2940; x_wconf 86' lang='lat' dir='ltr'><strong><em>decidat.</em></strong></span> <span class='ocrx_word' id='word_1_241' title='bbox 805 2881 1030 2949; x_wconf 79' lang='lat' dir='ltr'><strong><em>Respice</em></strong></span> <span class='ocrx_word' id='word_1_242' title='bbox 1067 2878 1209 2932; x_wconf 90' lang='lat' dir='ltr'><strong><em>enim</em></strong></span> <span class='ocrx_word' id='word_1_243' title='bbox 1249 2876 1550 2929; x_wconf 84' lang='lat' dir='ltr'><strong><em>universum</em></strong></span> <span class='ocrx_word' id='word_1_244' title='bbox 1589 2888 1755 2943; x_wconf 80' lang='lat' dir='ltr'><strong><em>gemis</em></strong></span> <span class='ocrx_word' id='word_1_245' title='bbox 1787 2871 1885 2924; x_wconf 86' lang='lat' dir='ltr'><strong><em>int-</em></strong></span> 
     </span>
    </p>
   </div>
   <div class='ocr_carea' id='block_1_31' title="bbox 300 2966 1888 3048">
    <p class='ocr_par' dir='ltr' id='par_1_31' title="bbox 300 2966 1888 3048">
     <span class='ocr_line' id='line_1_31' title="bbox 300 2966 1888 3048; baseline -0.012 -12"><span class='ocrx_word' id='word_1_246' title='bbox 300 2995 516 3036; x_wconf 90' lang='lat' dir='ltr'><strong><em>manum</em></strong></span> <span class='ocrx_word' id='word_1_247' title='bbox 537 3021 550 3042; x_wconf 86' lang='lat'><strong><em>,</em></strong></span> <span class='ocrx_word' id='word_1_248' title='bbox 581 2974 851 3048; x_wconf 90' lang='lat' dir='ltr'><strong><em>quomodo</em></strong></span> <span class='ocrx_word' id='word_1_249' title='bbox 875 2971 1133 3043; x_wconf 83' lang='lat' dir='ltr'><strong><em>jejunium</em></strong></span> <span class='ocrx_word' id='word_1_250' title='bbox 1164 2970 1335 3024; x_wconf 85' lang='lat' dir='ltr'><strong><em>soleat</em></strong></span> <span class='ocrx_word' id='word_1_251' title='bbox 1362 2966 1642 3031; x_wconf 90' lang='lat' dir='ltr'><strong><em>admirari,</em></strong></span> <span class='ocrx_word' id='word_1_252' title='bbox 1681 2979 1888 3019; x_wconf 89' lang='lat' dir='ltr'><strong><em>necnon</em></strong></span> 
     </span>
    </p>
   </div>
   <div class='ocr_carea' id='block_1_32' title="bbox 301 3056 1889 3142">
    <p class='ocr_par' dir='ltr' id='par_1_32' title="bbox 301 3056 1889 3142">
     <span class='ocr_line' id='line_1_32' title="bbox 301 3056 1889 3142; baseline -0.013 -13"><span class='ocrx_word' id='word_1_253' title='bbox 301 3076 465 3129; x_wconf 87' lang='lat' dir='ltr'><strong><em>vitam</em></strong></span> <span class='ocrx_word' id='word_1_254' title='bbox 506 3083 751 3142; x_wconf 88' lang='lat' dir='ltr'><strong><em>asperam</em></strong></span> <span class='ocrx_word' id='word_1_255' title='bbox 783 3075 834 3122; x_wconf 90' lang='lat' dir='ltr'><strong><em>et</em></strong></span> <span class='ocrx_word' id='word_1_256' title='bbox 865 3061 1307 3136; x_wconf 86' lang='lat' dir='ltr'><strong><em>pbilosophicam.</em></strong></span> <span class='ocrx_word' id='word_1_257' title='bbox 1345 3058 1469 3114; x_wconf 87' lang='lat' dir='ltr'><strong><em>Ideo</em></strong></span> <span class='ocrx_word' id='word_1_258' title='bbox 1499 3058 1576 3112; x_wconf 80' lang='lat' dir='ltr'><strong><em>sic</em></strong></span> <span class='ocrx_word' id='word_1_259' title='bbox 1605 3056 1889 3112; x_wconf 88' lang='lat' dir='ltr'><strong><em>constituta</em></strong></span> 
     </span>
    </p>
   </div>
   <div class='ocr_carea' id='block_1_33' title="bbox 301 3152 1892 3228">
    <p class='ocr_par' dir='ltr' id='par_1_33' title="bbox 301 3152 1892 3228">
     <span class='ocr_line' id='line_1_33' title="bbox 301 3152 1892 3228; baseline -0.011 -8"><span class='ocrx_word' id='word_1_260' title='bbox 301 3181 391 3222; x_wconf 88' lang='lat' dir='ltr'><strong><em>res</em></strong></span> <span class='ocrx_word' id='word_1_261' title='bbox 436 3165 560 3228; x_wconf 81' lang='lat' dir='ltr'><strong><em>fuit,</em></strong></span> <span class='ocrx_word' id='word_1_262' title='bbox 604 3171 664 3216; x_wconf 92' lang='lat' dir='ltr'><strong><em>ut</em></strong></span> <span class='ocrx_word' id='word_1_263' title='bbox 697 3161 928 3217; x_wconf 77' lang='lat' dir='ltr'><strong><em>Joannes</em></strong></span> <span class='ocrx_word' id='word_1_264' title='bbox 967 3173 995 3211; x_wconf 91' lang='lat' dir='ltr'><strong><em>a</em></strong></span> <span class='ocrx_word' id='word_1_265' title='bbox 1041 3156 1209 3227; x_wconf 90' lang='lat' dir='ltr'><strong><em>prima</em></strong></span> <span class='ocrx_word' id='word_1_266' title='bbox 1241 3164 1396 3208; x_wconf 85' lang='lat' dir='ltr'><strong><em>aetate</em></strong></span> <span class='ocrx_word' id='word_1_267' title='bbox 1426 3153 1528 3206; x_wconf 91' lang='lat' dir='ltr'><strong><em>hoc</em></strong></span> <span class='ocrx_word' id='word_1_268' title='bbox 1565 3152 1686 3206; x_wconf 78' lang='lat' dir='ltr'><strong><em>vitae</em></strong></span> <span class='ocrx_word' id='word_1_269' title='bbox 1724 3165 1892 3220; x_wconf 82' lang='lat' dir='ltr'><strong><em>genus</em></strong></span> 
     </span>
    </p>
   </div>
   <div class='ocr_carea' id='block_1_34' title="bbox 301 3244 1894 3325">
    <p class='ocr_par' dir='ltr' id='par_1_34' title="bbox 301 3244 1894 3325">
     <span class='ocr_line' id='line_1_34' title="bbox 301 3244 1894 3325; baseline -0.012 -10"><span class='ocrx_word' id='word_1_270' title='bbox 301 3261 522 3315; x_wconf 88' lang='lat' dir='ltr'><strong><em>duceret</em></strong></span> <span class='ocrx_word' id='word_1_271' title='bbox 543 3297 559 3324; x_wconf 87' lang='lat'><strong><em>,</em></strong></span> <span class='ocrx_word' id='word_1_272' title='bbox 603 3265 664 3311; x_wconf 92' lang='lat' dir='ltr'><strong><em>ut</em></strong></span> <span class='ocrx_word' id='word_1_273' title='bbox 705 3270 822 3325; x_wconf 62' lang='lat' dir='ltr'><strong><em>qua:</em></strong></span> <span class='ocrx_word' id='word_1_274' title='bbox 851 3253 1084 3318; x_wconf 88' lang='lat' dir='ltr'><strong><em>diceret,</em></strong></span> <span class='ocrx_word' id='word_1_275' title='bbox 1117 3249 1240 3304; x_wconf 87' lang='lat' dir='ltr'><strong><em>hinc</em></strong></span> <span class='ocrx_word' id='word_1_276' title='bbox 1278 3247 1380 3302; x_wconf 86' lang='lat' dir='ltr'><strong><em>lide</em></strong></span> <span class='ocrx_word' id='word_1_277' title='bbox 1407 3246 1562 3316; x_wconf 83' lang='lat' dir='ltr'><strong><em>digna</em></strong></span> <span class='ocrx_word' id='word_1_278' title='bbox 1599 3252 1799 3300; x_wconf 85' lang='lat' dir='ltr'><strong><em>essent.</em></strong></span> <span class='ocrx_word' id='word_1_279' title='bbox 1828 3244 1894 3298; x_wconf 88' lang='lat' dir='ltr'><strong><em>Et</em></strong></span> 
     </span>
    </p>
   </div>
   <div class='ocr_carea' id='block_1_35' title="bbox 302 3337 1893 3419">
    <p class='ocr_par' dir='ltr' id='par_1_35' title="bbox 302 3337 1893 3419">
     <span class='ocr_line' id='line_1_35' title="bbox 302 3337 1893 3419; baseline -0.01 -15"><span class='ocrx_word' id='word_1_280' title='bbox 302 3368 402 3419; x_wconf 89' lang='lat' dir='ltr'><strong><em>qua</em></strong></span> <span class='ocrx_word' id='word_1_281' title='bbox 442 3351 508 3405; x_wconf 90' lang='lat' dir='ltr'><strong><em>de</em></strong></span> <span class='ocrx_word' id='word_1_282' title='bbox 539 3364 695 3404; x_wconf 88' lang='lat' dir='ltr'><strong><em>causa</em></strong></span> <span class='ocrx_word' id='word_1_283' title='bbox 720 3389 734 3414; x_wconf 95' lang='lat'><strong><em>,</em></strong></span> <span class='ocrx_word' id='word_1_284' title='bbox 762 3345 972 3416; x_wconf 87' lang='lat' dir='ltr'><strong><em>inquies</em></strong></span> <span class='ocrx_word' id='word_1_285' title='bbox 990 3385 1004 3409; x_wconf 91' lang='lat'><strong><em>,</em></strong></span> <span class='ocrx_word' id='word_1_286' title='bbox 1033 3342 1275 3397; x_wconf 87' lang='lat' dir='ltr'><strong><em>Christus</em></strong></span> <span class='ocrx_word' id='word_1_287' title='bbox 1297 3354 1402 3394; x_wconf 89' lang='lat' dir='ltr'><strong><em>non</em></strong></span> <span class='ocrx_word' id='word_1_288' title='bbox 1428 3337 1668 3393; x_wconf 89' lang='lat' dir='ltr'><strong><em>eamdem</em></strong></span> <span class='ocrx_word' id='word_1_289' title='bbox 1698 3337 1893 3407; x_wconf 86' lang='lat' dir='ltr'><strong><em>ingres-</em></strong></span> 
     </span>
    </p>
   </div>
   <div class='ocr_carea' id='block_1_36' title="bbox 300 3430 1894 3507">
    <p class='ocr_par' dir='ltr' id='par_1_36' title="bbox 300 3430 1894 3507">
     <span class='ocr_line' id='line_1_36' title="bbox 300 3430 1894 3507; baseline -0.013 -4"><span class='ocrx_word' id='word_1_290' title='bbox 300 3465 393 3503; x_wconf 84' lang='lat' dir='ltr'><strong><em>sus</em></strong></span> <span class='ocrx_word' id='word_1_291' title='bbox 437 3448 574 3501; x_wconf 86' lang='lat' dir='ltr'><strong><em>viam</em></strong></span> <span class='ocrx_word' id='word_1_292' title='bbox 619 3444 737 3500; x_wconf 87' lang='lat' dir='ltr'><strong><em>est?</em></strong></span> <span class='ocrx_word' id='word_1_293' title='bbox 782 3441 896 3496; x_wconf 89' lang='lat' dir='ltr'><strong><em>lmo</em></strong></span> <span class='ocrx_word' id='word_1_294' title='bbox 917 3453 1046 3494; x_wconf 85' lang='lat' dir='ltr'><strong><em>vero</em></strong></span> <span class='ocrx_word' id='word_1_295' title='bbox 1085 3439 1355 3507; x_wconf 85' lang='lat' dir='ltr'><strong><em>ingressus</em></strong></span> <span class='ocrx_word' id='word_1_296' title='bbox 1385 3442 1500 3497; x_wconf 89' lang='lat' dir='ltr'><strong><em>est,</em></strong></span> <span class='ocrx_word' id='word_1_297' title='bbox 1541 3430 1752 3502; x_wconf 87' lang='lat' dir='ltr'><strong><em>quando</em></strong></span> <span class='ocrx_word' id='word_1_298' title='bbox 1799 3445 1894 3499; x_wconf 91' lang='lat' dir='ltr'><strong><em>per</em></strong></span> 
     </span>
    </p>
   </div>
   <div class='ocr_carea' id='block_1_37' title="bbox 305 3524 1890 3610">
    <p class='ocr_par' dir='ltr' id='par_1_37' title="bbox 305 3524 1890 3610">
     <span class='ocr_line' id='line_1_37' title="bbox 305 3524 1890 3610; baseline -0.008 -21"><span class='ocrx_word' id='word_1_299' title='bbox 305 3537 646 3610; x_wconf 70' lang='lat' dir='ltr'><strong><em>quadraginta</em></strong></span> <span class='ocrx_word' id='word_1_300' title='bbox 677 3535 789 3589; x_wconf 90' lang='lat' dir='ltr'><strong><em>dies</em></strong></span> <span class='ocrx_word' id='word_1_301' title='bbox 815 3531 1070 3602; x_wconf 89' lang='lat' dir='ltr'><strong><em>jejunavit</em></strong></span> <span class='ocrx_word' id='word_1_302' title='bbox 1095 3569 1108 3592; x_wconf 90' lang='lat'><strong><em>,</em></strong></span> <span class='ocrx_word' id='word_1_303' title='bbox 1152 3537 1205 3582; x_wconf 91' lang='lat' dir='ltr'><strong><em>et</em></strong></span> <span class='ocrx_word' id='word_1_304' title='bbox 1231 3527 1428 3581; x_wconf 89' lang='lat' dir='ltr'><strong><em>docens</em></strong></span> <span class='ocrx_word' id='word_1_305' title='bbox 1455 3524 1744 3587; x_wconf 85' lang='lat' dir='ltr'><strong><em>circuibat,</em></strong></span> <span class='ocrx_word' id='word_1_306' title='bbox 1785 3537 1890 3576; x_wconf 90' lang='lat' dir='ltr'><strong><em>non</em></strong></span> 
     </span>
    </p>
   </div>
   <div class='ocr_carea' id='block_1_38' title="bbox 310 3613 1898 3695">
    <p class='ocr_par' dir='ltr' id='par_1_38' title="bbox 310 3613 1898 3695">
     <span class='ocr_line' id='line_1_38' title="bbox 310 3613 1898 3695; baseline -0.013 -7"><span class='ocrx_word' id='word_1_307' title='bbox 310 3632 516 3688; x_wconf 81' lang='lat' dir='ltr'><strong><em>habens</em></strong></span> <span class='ocrx_word' id='word_1_308' title='bbox 546 3630 634 3682; x_wconf 92' lang='lat' dir='ltr'><strong><em>ubi</em></strong></span> <span class='ocrx_word' id='word_1_309' title='bbox 666 3636 820 3695; x_wconf 86' lang='lat' dir='ltr'><strong><em>caput</em></strong></span> <span class='ocrx_word' id='word_1_310' title='bbox 852 3623 1137 3680; x_wconf 89' lang='lat' dir='ltr'><strong><em>reclinaret</em></strong></span> <span class='ocrx_word' id='word_1_311' title='bbox 1166 3639 1176 3672; x_wconf 93' lang='lat'>:</span> <span class='ocrx_word' id='word_1_312' title='bbox 1209 3628 1459 3673; x_wconf 64' lang='lat' dir='ltr'><strong><em>caeterum</em></strong></span> <span class='ocrx_word' id='word_1_313' title='bbox 1492 3616 1581 3671; x_wconf 89' lang='lat' dir='ltr'><strong><em>ille</em></strong></span> <span class='ocrx_word' id='word_1_314' title='bbox 1607 3617 1712 3668; x_wconf 89' lang='lat' dir='ltr'><strong><em>alio</em></strong></span> <span class='ocrx_word' id='word_1_315' title='bbox 1740 3613 1898 3668; x_wconf 89' lang='lat' dir='ltr'><strong><em>modo</em></strong></span> 
     </span>
    </p>
   </div>
   <div class='ocr_carea' id='block_1_39' title="bbox 315 3703 1898 3783">
    <p class='ocr_par' dir='ltr' id='par_1_39' title="bbox 315 3703 1898 3783">
     <span class='ocr_line' id='line_1_39' title="bbox 315 3703 1898 3783; baseline -0.014 -6"><span class='ocrx_word' id='word_1_316' title='bbox 315 3725 419 3777; x_wconf 91' lang='lat' dir='ltr'><strong><em>hoc</em></strong></span> <span class='ocrx_word' id='word_1_317' title='bbox 449 3720 604 3783; x_wconf 83' lang='lat' dir='ltr'><strong><em>feeit,</em></strong></span> <span class='ocrx_word' id='word_1_318' title='bbox 635 3726 692 3771; x_wconf 89' lang='lat' dir='ltr'><strong><em>ut</em></strong></span> <span class='ocrx_word' id='word_1_319' title='bbox 723 3716 844 3770; x_wconf 90' lang='lat' dir='ltr'><strong><em>inde</em></strong></span> <span class='ocrx_word' id='word_1_320' title='bbox 887 3715 1090 3767; x_wconf 87' lang='lat' dir='ltr'><strong><em>lucrum</em></strong></span> <span class='ocrx_word' id='word_1_321' title='bbox 1133 3709 1246 3763; x_wconf 83' lang='lat' dir='ltr'><strong><em>ﬁeri</em></strong></span> <span class='ocrx_word' id='word_1_322' title='bbox 1281 3705 1599 3777; x_wconf 81' lang='lat' dir='ltr'><strong><em>provideret.</em></strong></span> <span class='ocrx_word' id='word_1_323' title='bbox 1641 3704 1770 3758; x_wconf 83' lang='lat' dir='ltr'><strong><em>Nam</em></strong></span> <span class='ocrx_word' id='word_1_324' title='bbox 1816 3703 1898 3757; x_wconf 78' lang='lat' dir='ltr'><strong><em>id~</em></strong></span> 
     </span>
    </p>
   </div>
   <div class='ocr_carea' id='block_1_40' title="bbox 311 3795 1901 3880">
    <p class='ocr_par' dir='ltr' id='par_1_40' title="bbox 311 3795 1901 3880">
     <span class='ocr_line' id='line_1_40' title="bbox 311 3795 1901 3880; baseline -0.011 -13"><span class='ocrx_word' id='word_1_325' title='bbox 311 3815 482 3880; x_wconf 78' lang='lat' dir='ltr'><strong><em>ipsum</em></strong></span> <span class='ocrx_word' id='word_1_326' title='bbox 511 3817 660 3874; x_wconf 89' lang='lat' dir='ltr'><strong><em>erat,</em></strong></span> <span class='ocrx_word' id='word_1_327' title='bbox 702 3804 840 3876; x_wconf 86' lang='lat' dir='ltr'><strong><em>quod</em></strong></span> <span class='ocrx_word' id='word_1_328' title='bbox 870 3802 1110 3858; x_wconf 89' lang='lat' dir='ltr'><strong><em>eamdem</em></strong></span> <span class='ocrx_word' id='word_1_329' title='bbox 1152 3806 1354 3854; x_wconf 89' lang='lat' dir='ltr'><strong><em>teneret</em></strong></span> <span class='ocrx_word' id='word_1_330' title='bbox 1394 3796 1566 3861; x_wconf 90' lang='lat' dir='ltr'><strong><em>viam;</em></strong></span> <span class='ocrx_word' id='word_1_331' title='bbox 1601 3795 1708 3849; x_wconf 92' lang='lat' dir='ltr'><strong><em>imo</em></strong></span> <span class='ocrx_word' id='word_1_332' title='bbox 1747 3795 1901 3864; x_wconf 87' lang='lat' dir='ltr'><strong><em>longe</em></strong></span> 
     </span>
    </p>
   </div>
   <div class='ocr_carea' id='block_1_41' title="bbox 314 3888 1900 3972">
    <p class='ocr_par' dir='ltr' id='par_1_41' title="bbox 314 3888 1900 3972">
     <span class='ocr_line' id='line_1_41' title="bbox 314 3888 1900 3972; baseline -0.012 -14"><span class='ocrx_word' id='word_1_333' title='bbox 314 3901 486 3972; x_wconf 84' lang='lat' dir='ltr'><strong><em>majus</em></strong></span> <span class='ocrx_word' id='word_1_334' title='bbox 511 3907 655 3964; x_wconf 89' lang='lat' dir='ltr'><strong><em>erat,</em></strong></span> <span class='ocrx_word' id='word_1_335' title='bbox 683 3895 824 3969; x_wconf 90' lang='lat' dir='ltr'><strong><em>quod</em></strong></span> <span class='ocrx_word' id='word_1_336' title='bbox 852 3896 927 3961; x_wconf 91' lang='lat' dir='ltr'><strong><em>is,</em></strong></span> <span class='ocrx_word' id='word_1_337' title='bbox 957 3894 1047 3964; x_wconf 89' lang='lat' dir='ltr'><strong><em>qui</em></strong></span> <span class='ocrx_word' id='word_1_338' title='bbox 1089 3893 1176 3947; x_wconf 86' lang='lat' dir='ltr'><strong><em>illa</em></strong></span> <span class='ocrx_word' id='word_1_339' title='bbox 1209 3891 1290 3945; x_wconf 88' lang='lat' dir='ltr'><strong><em>via</em></strong></span> <span class='ocrx_word' id='word_1_340' title='bbox 1321 3888 1624 3953; x_wconf 89' lang='lat' dir='ltr'><strong><em>incederet,</em></strong></span> <span class='ocrx_word' id='word_1_341' title='bbox 1657 3889 1900 3942; x_wconf 91' lang='lat' dir='ltr'><strong><em>testimo-</em></strong></span> 
     </span>
    </p>
   </div>
   <div class='ocr_carea' id='block_1_42' title="bbox 315 3984 1902 4066">
    <p class='ocr_par' dir='ltr' id='par_1_42' title="bbox 315 3984 1902 4066">
     <span class='ocr_line' id='line_1_42' title="bbox 315 3984 1902 4066; baseline -0.013 -9"><span class='ocrx_word' id='word_1_342' title='bbox 315 3999 404 4058; x_wconf 85' lang='lat' dir='ltr'><strong><em>nio</em></strong></span> <span class='ocrx_word' id='word_1_343' title='bbox 429 4013 526 4052; x_wconf 93' lang='lat' dir='ltr'><strong><em>suo</em></strong></span> <span class='ocrx_word' id='word_1_344' title='bbox 551 3998 723 4066; x_wconf 88' lang='lat' dir='ltr'><strong><em>ipsum</em></strong></span> <span class='ocrx_word' id='word_1_345' title='bbox 750 3994 1063 4050; x_wconf 87' lang='lat' dir='ltr'><strong><em>celebraret.</em></strong></span> <span class='ocrx_word' id='word_1_346' title='bbox 1089 3989 1332 4059; x_wconf 88' lang='lat' dir='ltr'><strong><em>Alioquin</em></strong></span> <span class='ocrx_word' id='word_1_347' title='bbox 1361 4003 1488 4042; x_wconf 88' lang='lat' dir='ltr'><strong><em>vero</em></strong></span> <span class='ocrx_word' id='word_1_348' title='bbox 1515 3986 1746 4042; x_wconf 85' lang='lat' dir='ltr'><strong><em>Joannes</em></strong></span> <span class='ocrx_word' id='word_1_349' title='bbox 1771 3984 1902 4038; x_wconf 87' lang='lat' dir='ltr'><strong><em>nihil</em></strong></span> 
     </span>
    </p>
   </div>
   <div class='ocr_carea' id='block_1_43' title="bbox 313 4076 1902 4161">
    <p class='ocr_par' dir='ltr' id='par_1_43' title="bbox 313 4076 1902 4161">
     <span class='ocr_line' id='line_1_43' title="bbox 313 4076 1902 4161; baseline -0.011 -14"><span class='ocrx_word' id='word_1_350' title='bbox 313 4090 454 4147; x_wconf 85' lang='lat' dir='ltr'><strong><em>aliud</em></strong></span> <span class='ocrx_word' id='word_1_351' title='bbox 483 4106 640 4161; x_wconf 89' lang='lat' dir='ltr'><strong><em>quam</em></strong></span> <span class='ocrx_word' id='word_1_352' title='bbox 670 4089 789 4142; x_wconf 59' lang='lat' dir='ltr'><strong><em>vita!</em></strong></span> <span class='ocrx_word' id='word_1_353' title='bbox 813 4085 1152 4155; x_wconf 85' lang='lat' dir='ltr'><strong><em>asperitatem</em></strong></span> <span class='ocrx_word' id='word_1_354' title='bbox 1181 4081 1484 4136; x_wconf 76' lang='lat' dir='ltr'><strong><em>exhibebat.</em></strong></span> <span class='ocrx_word' id='word_1_355' title='bbox 1516 4079 1727 4134; x_wconf 88' lang='lat' dir='ltr'><strong><em>Nullum</em></strong></span> <span class='ocrx_word' id='word_1_356' title='bbox 1758 4076 1902 4132; x_wconf 89' lang='lat' dir='ltr'><strong><em>enim</em></strong></span> 
     </span>
    </p>
   </div>
   <div class='ocr_carea' id='block_1_44' title="bbox 313 4168 1901 4252">
    <p class='ocr_par' dir='ltr' id='par_1_44' title="bbox 313 4168 1901 4252">
     <span class='ocr_line' id='line_1_44' title="bbox 313 4168 1901 4252; baseline -0.009 -16"><span class='ocrx_word' id='word_1_357' title='bbox 313 4183 522 4252; x_wconf 71' lang='lat' dir='ltr'><strong><em>signum</em></strong></span> <span class='ocrx_word' id='word_1_358' title='bbox 554 4180 678 4235; x_wconf 83' lang='lat' dir='ltr'><strong><em>fecit</em></strong></span> <span class='ocrx_word' id='word_1_359' title='bbox 720 4197 732 4233; x_wconf 92' lang='lat'><strong>:</strong></span> <span class='ocrx_word' id='word_1_360' title='bbox 777 4177 1021 4232; x_wconf 88' lang='lat' dir='ltr'><strong><em>Christus</em></strong></span> <span class='ocrx_word' id='word_1_361' title='bbox 1050 4189 1175 4228; x_wconf 85' lang='lat' dir='ltr'><strong><em>vero</em></strong></span> <span class='ocrx_word' id='word_1_362' title='bbox 1201 4182 1255 4227; x_wconf 92' lang='lat' dir='ltr'><strong><em>et</em></strong></span> <span class='ocrx_word' id='word_1_363' title='bbox 1291 4171 1561 4241; x_wconf 84' lang='lat' dir='ltr'><strong><em>signorum</em></strong></span> <span class='ocrx_word' id='word_1_364' title='bbox 1592 4177 1645 4224; x_wconf 89' lang='lat' dir='ltr'><strong><em>et</em></strong></span> <span class='ocrx_word' id='word_1_365' title='bbox 1671 4168 1901 4223; x_wconf 88' lang='lat' dir='ltr'><strong><em>miracu-</em></strong></span> 
     </span>
    </p>
   </div>
   <div class='ocr_carea' id='block_1_45' title="bbox 313 4259 1901 4333">
    <p class='ocr_par' dir='ltr' id='par_1_45' title="bbox 313 4259 1901 4333">
     <span class='ocr_line' id='line_1_45' title="bbox 313 4259 1901 4333; baseline -0.01 -5"><span class='ocrx_word' id='word_1_366' title='bbox 313 4275 486 4328; x_wconf 85' lang='lat' dir='ltr'><strong><em>lorum</em></strong></span> <span class='ocrx_word' id='word_1_367' title='bbox 522 4269 885 4326; x_wconf 90' lang='lat' dir='ltr'><strong><em>testimonium</em></strong></span> <span class='ocrx_word' id='word_1_368' title='bbox 912 4266 1095 4321; x_wconf 91' lang='lat' dir='ltr'><strong><em>habuit</em></strong></span> <span class='ocrx_word' id='word_1_369' title='bbox 1121 4263 1313 4333; x_wconf 89' lang='lat' dir='ltr'><strong><em>(Joan.</em></strong></span> <span class='ocrx_word' id='word_1_370' title='bbox 1347 4261 1434 4316; x_wconf 83' lang='lat' dir='ltr'><strong><em>lO.</em></strong></span> <span class='ocrx_word' id='word_1_371' title='bbox 1467 4261 1526 4316; x_wconf 73' lang='grc'><strong>41</strong></span> <span class='ocrx_word' id='word_1_372' title='bbox 1557 4259 1594 4330; x_wconf 80' lang='lat'><strong><em>).</em></strong></span> <span class='ocrx_word' id='word_1_373' title='bbox 1642 4259 1901 4314; x_wconf 90' lang='lat' dir='ltr'><strong><em>Joannem</em></strong></span> 
     </span>
    </p>
   </div>
   <div class='ocr_carea' id='block_1_46' title="bbox 313 4349 1903 4436">
    <p class='ocr_par' dir='ltr' id='par_1_46' title="bbox 313 4349 1903 4436">
     <span class='ocr_line' id='line_1_46' title="bbox 313 4349 1903 4436; baseline -0.011 -16"><span class='ocrx_word' id='word_1_374' title='bbox 313 4380 441 4436; x_wconf 81' lang='lat' dir='ltr'><strong><em>ergo</em></strong></span> <span class='ocrx_word' id='word_1_375' title='bbox 470 4365 778 4432; x_wconf 86' lang='lat' dir='ltr'><strong><em>relinquens</em></strong></span> <span class='ocrx_word' id='word_1_376' title='bbox 806 4374 835 4412; x_wconf 90' lang='lat' dir='ltr'><strong><em>a</em></strong></span> <span class='ocrx_word' id='word_1_377' title='bbox 872 4356 1074 4427; x_wconf 88' lang='lat' dir='ltr'><strong><em>jejunio</em></strong></span> <span class='ocrx_word' id='word_1_378' title='bbox 1113 4353 1369 4410; x_wconf 88' lang='lat' dir='ltr'><strong><em>celebrari</em></strong></span> <span class='ocrx_word' id='word_1_379' title='bbox 1395 4395 1408 4417; x_wconf 88' lang='lat'><strong><em>,</em></strong></span> <span class='ocrx_word' id='word_1_380' title='bbox 1455 4351 1542 4406; x_wconf 89' lang='lat' dir='ltr'><strong><em>ille</em></strong></span> <span class='ocrx_word' id='word_1_381' title='bbox 1583 4349 1903 4405; x_wconf 90' lang='lat' dir='ltr'><strong><em>contrariam</em></strong></span> 
     </span>
    </p>
   </div>
   <div class='ocr_carea' id='block_1_47' title="bbox 314 4443 1901 4518">
    <p class='ocr_par' dir='ltr' id='par_1_47' title="bbox 314 4443 1901 4518">
     <span class='ocr_line' id='line_1_47' title="bbox 314 4443 1901 4518; baseline -0.01 -7"><span class='ocrx_word' id='word_1_382' title='bbox 314 4456 453 4510; x_wconf 84' lang='lat' dir='ltr'><strong><em>viam</em></strong></span> <span class='ocrx_word' id='word_1_383' title='bbox 499 4453 704 4518; x_wconf 89' lang='lat' dir='ltr'><strong><em>tenuit,</em></strong></span> <span class='ocrx_word' id='word_1_384' title='bbox 753 4449 819 4504; x_wconf 86' lang='lat' dir='ltr'><strong><em>ad</em></strong></span> <span class='ocrx_word' id='word_1_385' title='bbox 864 4461 1077 4503; x_wconf 88' lang='lat' dir='ltr'><strong><em>mensas</em></strong></span> <span class='ocrx_word' id='word_1_386' title='bbox 1115 4443 1416 4513; x_wconf 81' lang='lat' dir='ltr'><strong><em>ingrediens</em></strong></span> <span class='ocrx_word' id='word_1_387' title='bbox 1463 4443 1901 4514; x_wconf 87' lang='lat' dir='ltr'><strong><em>publicanorum,</em></strong></span> 
     </span>
    </p>
   </div>
   <div class='ocr_carea' id='block_1_48' title="bbox 319 4540 962 4603">
    <p class='ocr_par' dir='ltr' id='par_1_48' title="bbox 319 4540 962 4603">
     <span class='ocr_line' id='line_1_48' title="bbox 319 4540 962 4603; baseline -0.017 -1"><span class='ocrx_word' id='word_1_388' title='bbox 319 4547 645 4603; x_wconf 85' lang='lat' dir='ltr'><strong><em>tnanducans</em></strong></span> <span class='ocrx_word' id='word_1_389' title='bbox 676 4552 732 4599; x_wconf 88' lang='lat' dir='ltr'><strong><em>et</em></strong></span> <span class='ocrx_word' id='word_1_390' title='bbox 756 4540 962 4596; x_wconf 87' lang='lat' dir='ltr'><strong><em>bibens.</em></strong></span> 
     </span>
    </p>
   </div>
   <div class='ocr_carea' id='block_1_49' title="bbox 388 4623 1907 4704">
    <p class='ocr_par' dir='ltr' id='par_1_49' title="bbox 388 4623 1907 4704">
     <span class='ocr_line' id='line_1_49' title="bbox 388 4623 1907 4704; baseline -0.01 -13"><span class='ocrx_word' id='word_1_391' title='bbox 388 4638 443 4692; x_wconf 72' lang='grc'><strong><em>4.</em></strong></span> <span class='ocrx_word' id='word_1_392' title='bbox 485 4636 879 4704; x_wconf 82' lang='lat' dir='ltr'><strong><em>lnterrogemus</em></strong></span> <span class='ocrx_word' id='word_1_393' title='bbox 907 4631 1088 4699; x_wconf 85' lang='lat' dir='ltr'><strong><em>itaque</em></strong></span> <span class='ocrx_word' id='word_1_394' title='bbox 1115 4625 1328 4682; x_wconf 72' lang='lat' dir='ltr'><strong><em>Judmos</em></strong></span> <span class='ocrx_word' id='word_1_395' title='bbox 1377 4642 1390 4676; x_wconf 91' lang='lat'><strong>:</strong></span> <span class='ocrx_word' id='word_1_396' title='bbox 1428 4623 1644 4677; x_wconf 86' lang='lat' dir='ltr'><strong><em>Bonane</em></strong></span> <span class='ocrx_word' id='word_1_397' title='bbox 1690 4635 1777 4677; x_wconf 92' lang='lat' dir='ltr'><strong><em>res</em></strong></span> <span class='ocrx_word' id='word_1_398' title='bbox 1825 4629 1907 4677; x_wconf 91' lang='lat' dir='ltr'><strong><em>est</em></strong></span> 
     </span>
    </p>
   </div>
   <div class='ocr_carea' id='block_1_50' title="bbox 314 4712 1907 4801">
    <p class='ocr_par' dir='ltr' id='par_1_50' title="bbox 314 4712 1907 4801">
     <span class='ocr_line' id='line_1_50' title="bbox 314 4712 1907 4801; baseline -0.009 -20"><span class='ocrx_word' id='word_1_399' title='bbox 314 4727 574 4801; x_wconf 79' lang='lat' dir='ltr'><strong><em>jejunium</em></strong></span> <span class='ocrx_word' id='word_1_400' title='bbox 597 4767 614 4794; x_wconf 94' lang='lat'><strong><em>,</em></strong></span> <span class='ocrx_word' id='word_1_401' title='bbox 653 4735 711 4782; x_wconf 90' lang='lat' dir='ltr'><strong><em>et</em></strong></span> <span class='ocrx_word' id='word_1_402' title='bbox 751 4719 1098 4778; x_wconf 86' lang='lat' dir='ltr'><strong><em>admiranda?</em></strong></span> <span class='ocrx_word' id='word_1_403' title='bbox 1126 4718 1268 4788; x_wconf 82' lang='lat' dir='ltr'><strong><em>Ergo</em></strong></span> <span class='ocrx_word' id='word_1_404' title='bbox 1305 4713 1537 4785; x_wconf 87' lang='lat' dir='ltr'><strong><em>oportuit</em></strong></span> <span class='ocrx_word' id='word_1_405' title='bbox 1569 4712 1757 4767; x_wconf 90' lang='lat' dir='ltr'><strong><em>Joanni</em></strong></span> <span class='ocrx_word' id='word_1_406' title='bbox 1787 4727 1907 4766; x_wconf 88' lang='lat' dir='ltr'><strong><em>cre-</em></strong></span> 
     </span>
    </p>
   </div>
   <div class='ocr_carea' id='block_1_51' title="bbox 321 4807 1908 4886">
    <p class='ocr_par' dir='ltr' id='par_1_51' title="bbox 321 4807 1908 4886">
     <span class='ocr_line' id='line_1_51' title="bbox 321 4807 1908 4886; baseline -0.013 -6"><span class='ocrx_word' id='word_1_407' title='bbox 321 4825 485 4886; x_wconf 83' lang='lat' dir='ltr'><strong><em>dere,</em></strong></span> <span class='ocrx_word' id='word_1_408' title='bbox 513 4830 567 4877; x_wconf 87' lang='lat' dir='ltr'><strong><em>et</em></strong></span> <span class='ocrx_word' id='word_1_409' title='bbox 591 4823 738 4876; x_wconf 91' lang='lat' dir='ltr'><strong><em>illum</em></strong></span> <span class='ocrx_word' id='word_1_410' title='bbox 767 4820 1045 4875; x_wconf 86' lang='lat' dir='ltr'><strong><em>admittere</em></strong></span> <span class='ocrx_word' id='word_1_411' title='bbox 1069 4861 1085 4884; x_wconf 96' lang='lat'><strong><em>,</em></strong></span> <span class='ocrx_word' id='word_1_412' title='bbox 1118 4816 1338 4886; x_wconf 84' lang='lat' dir='ltr'><strong><em>ejusque</em></strong></span> <span class='ocrx_word' id='word_1_413' title='bbox 1369 4811 1525 4867; x_wconf 85' lang='lat' dir='ltr'><strong><em>dictis</em></strong></span> <span class='ocrx_word' id='word_1_414' title='bbox 1567 4822 1773 4880; x_wconf 86' lang='lat' dir='ltr'><strong><em>parere.</em></strong></span> <span class='ocrx_word' id='word_1_415' title='bbox 1820 4807 1908 4862; x_wconf 91' lang='lat' dir='ltr'><strong><em>Sic</em></strong></span> 
     </span>
    </p>
   </div>
   <div class='ocr_carea' id='block_1_52' title="bbox 320 4899 1907 4973">
    <p class='ocr_par' dir='ltr' id='par_1_52' title="bbox 320 4899 1907 4973">
     <span class='ocr_line' id='line_1_52' title="bbox 320 4899 1907 4973; baseline -0.012 -3"><span class='ocrx_word' id='word_1_416' title='bbox 320 4917 465 4973; x_wconf 84' lang='lat' dir='ltr'><strong><em>enim</em></strong></span> <span class='ocrx_word' id='word_1_417' title='bbox 495 4914 582 4967; x_wconf 86' lang='lat' dir='ltr'><strong><em>illa</em></strong></span> <span class='ocrx_word' id='word_1_418' title='bbox 620 4913 780 4967; x_wconf 88' lang='lat' dir='ltr'><strong><em>verba</em></strong></span> <span class='ocrx_word' id='word_1_419' title='bbox 819 4927 916 4966; x_wconf 85' lang='lat' dir='ltr'><strong><em>vos</em></strong></span> <span class='ocrx_word' id='word_1_420' title='bbox 953 4910 1018 4965; x_wconf 91' lang='lat' dir='ltr'><strong><em>ad</em></strong></span> <span class='ocrx_word' id='word_1_421' title='bbox 1061 4909 1239 4965; x_wconf 88' lang='lat' dir='ltr'><strong><em>Jesum</em></strong></span> <span class='ocrx_word' id='word_1_422' title='bbox 1281 4906 1572 4961; x_wconf 88' lang='lat' dir='ltr'><strong><em>adductura</em></strong></span> <span class='ocrx_word' id='word_1_423' title='bbox 1611 4911 1781 4957; x_wconf 89' lang='lat' dir='ltr'><strong><em>erant.</em></strong></span> <span class='ocrx_word' id='word_1_424' title='bbox 1826 4899 1907 4952; x_wconf 81' lang='lat' dir='ltr'><strong><em>An</em></strong></span> 
     </span>
    </p>
   </div>
   <div class='ocr_carea' id='block_1_53' title="bbox 319 4994 1908 5071">
    <p class='ocr_par' dir='ltr' id='par_1_53' title="bbox 319 4994 1908 5071">
     <span class='ocr_line' id='line_1_53' title="bbox 319 4994 1908 5071; baseline -0.011 -7"><span class='ocrx_word' id='word_1_425' title='bbox 319 5020 548 5064; x_wconf 88' lang='lat' dir='ltr'><strong><em>onerosa</em></strong></span> <span class='ocrx_word' id='word_1_426' title='bbox 576 5014 625 5059; x_wconf 89' lang='lat' dir='ltr'><strong><em>et</em></strong></span> <span class='ocrx_word' id='word_1_427' title='bbox 657 5002 790 5057; x_wconf 89' lang='lat' dir='ltr'><strong><em>dura</em></strong></span> <span class='ocrx_word' id='word_1_428' title='bbox 818 5018 905 5058; x_wconf 91' lang='lat' dir='ltr'><strong><em>res</em></strong></span> <span class='ocrx_word' id='word_1_429' title='bbox 933 5012 1016 5057; x_wconf 90' lang='lat' dir='ltr'><strong><em>est</em></strong></span> <span class='ocrx_word' id='word_1_430' title='bbox 1053 4999 1352 5071; x_wconf 88' lang='lat' dir='ltr'><strong><em>jejunium?</em></strong></span> <span class='ocrx_word' id='word_1_431' title='bbox 1385 4997 1523 5068; x_wconf 82' lang='lat' dir='ltr'><strong><em>Ergo</em></strong></span> <span class='ocrx_word' id='word_1_432' title='bbox 1545 4996 1668 5051; x_wconf 89' lang='lat' dir='ltr'><strong><em>Jesu</em></strong></span> <span class='ocrx_word' id='word_1_433' title='bbox 1694 4994 1908 5050; x_wconf 90' lang='lat' dir='ltr'><strong><em>Christo</em></strong></span> 
     </span>
    </p>
   </div>
   <div class='ocr_carea' id='block_1_54' title="bbox 319 5089 1908 5170">
    <p class='ocr_par' dir='ltr' id='par_1_54' title="bbox 319 5089 1908 5170">
     <span class='ocr_line' id='line_1_54' title="bbox 319 5089 1908 5170; baseline -0.012 -13"><span class='ocrx_word' id='word_1_434' title='bbox 319 5094 801 5170; x_wconf 89' lang='lat' dir='ltr'><strong><em>obtemperandum</em></strong></span> <span class='ocrx_word' id='word_1_435' title='bbox 831 5102 978 5156; x_wconf 88' lang='lat' dir='ltr'><strong><em>erat,</em></strong></span> <span class='ocrx_word' id='word_1_436' title='bbox 1009 5095 1211 5163; x_wconf 87' lang='lat' dir='ltr'><strong><em>ipsique</em></strong></span> <span class='ocrx_word' id='word_1_437' title='bbox 1234 5091 1452 5147; x_wconf 88' lang='lat' dir='ltr'><strong><em>credere</em></strong></span> <span class='ocrx_word' id='word_1_438' title='bbox 1471 5131 1484 5154; x_wconf 91' lang='lat'><strong><em>,</em></strong></span> <span class='ocrx_word' id='word_1_439' title='bbox 1527 5089 1616 5160; x_wconf 87' lang='lat' dir='ltr'><strong><em>qui</em></strong></span> <span class='ocrx_word' id='word_1_440' title='bbox 1643 5089 1908 5143; x_wconf 88' lang='lat' dir='ltr'><strong><em>contraria</em></strong></span> 
     </span>
    </p>
   </div>
   <div class='ocr_carea' id='block_1_55' title="bbox 325 5178 1908 5250">
    <p class='ocr_par' dir='ltr' id='par_1_55' title="bbox 325 5178 1908 5250">
     <span class='ocr_line' id='line_1_55' title="bbox 325 5178 1908 5250; baseline -0.012 -3"><span class='ocrx_word' id='word_1_441' title='bbox 325 5189 606 5246; x_wconf 86' lang='lat' dir='ltr'><strong><em>incedebat</em></strong></span> <span class='ocrx_word' id='word_1_442' title='bbox 635 5185 736 5240; x_wconf 85' lang='lat' dir='ltr'><strong><em>via.</em></strong></span> <span class='ocrx_word' id='word_1_443' title='bbox 766 5183 868 5238; x_wconf 90' lang='lat' dir='ltr'><strong><em>Per</em></strong></span> <span class='ocrx_word' id='word_1_444' title='bbox 897 5190 1171 5250; x_wconf 86' lang='lat' dir='ltr'><strong><em>utramque</em></strong></span> <span class='ocrx_word' id='word_1_445' title='bbox 1200 5183 1214 5213; x_wconf 81' lang='grc'>²</span> <span class='ocrx_word' id='word_1_446' title='bbox 1243 5181 1380 5235; x_wconf 87' lang='lat' dir='ltr'><strong><em>viam</em></strong></span> <span class='ocrx_word' id='word_1_447' title='bbox 1409 5182 1460 5234; x_wconf 94' lang='lat' dir='ltr'><strong><em>in</em></strong></span> <span class='ocrx_word' id='word_1_448' title='bbox 1493 5195 1712 5250; x_wconf 82' lang='lat' dir='ltr'><strong><em>regnum</em></strong></span> <span class='ocrx_word' id='word_1_449' title='bbox 1741 5178 1908 5232; x_wconf 86' lang='lat' dir='ltr'><strong><em>intra-</em></strong></span> 
     </span>
    </p>
   </div>
   <div class='ocr_carea' id='block_1_56' title="bbox 323 5267 1910 5344">
    <p class='ocr_par' dir='ltr' id='par_1_56' title="bbox 323 5267 1910 5344">
     <span class='ocr_line' id='line_1_56' title="bbox 323 5267 1910 5344; baseline -0.01 -7"><span class='ocrx_word' id='word_1_450' title='bbox 323 5281 426 5338; x_wconf 84' lang='lat' dir='ltr'><strong><em>turi</em></strong></span> <span class='ocrx_word' id='word_1_451' title='bbox 453 5279 638 5336; x_wconf 83' lang='lat' dir='ltr'><strong><em>cratis.</em></strong></span> <span class='ocrx_word' id='word_1_452' title='bbox 669 5276 739 5331; x_wconf 83' lang='lat' dir='ltr'><strong><em>At</em></strong></span> <span class='ocrx_word' id='word_1_453' title='bbox 768 5275 842 5328; x_wconf 93' lang='lat' dir='ltr'><strong><em>illi</em></strong></span> <span class='ocrx_word' id='word_1_454' title='bbox 871 5271 1022 5344; x_wconf 84' lang='lat' dir='ltr'><strong><em>quasi</em></strong></span> <span class='ocrx_word' id='word_1_455' title='bbox 1053 5271 1160 5325; x_wconf 84' lang='lat' dir='ltr'><strong><em>fera</em></strong></span> <span class='ocrx_word' id='word_1_456' title='bbox 1190 5270 1439 5324; x_wconf 86' lang='lat' dir='ltr'><strong><em>immanis</em></strong></span> <span class='ocrx_word' id='word_1_457' title='bbox 1463 5278 1746 5338; x_wconf 89' lang='lat' dir='ltr'><strong><em>utrutnque</em></strong></span> <span class='ocrx_word' id='word_1_458' title='bbox 1771 5267 1910 5321; x_wconf 88' lang='lat' dir='ltr'><strong><em>male</em></strong></span> 
     </span>
    </p>
   </div>
   <div class='ocr_carea' id='block_1_57' title="bbox 320 5358 1908 5442">
    <p class='ocr_par' dir='ltr' id='par_1_57' title="bbox 320 5358 1908 5442">
     <span class='ocr_line' id='line_1_57' title="bbox 320 5358 1908 5442; baseline -0.011 -14"><span class='ocrx_word' id='word_1_459' title='bbox 320 5370 671 5442; x_wconf 83' lang='lat' dir='ltr'><strong><em>accipiebant.</em></strong></span> <span class='ocrx_word' id='word_1_460' title='bbox 715 5365 868 5422; x_wconf 82' lang='lat' dir='ltr'><strong><em>Nulla</em></strong></span> <span class='ocrx_word' id='word_1_461' title='bbox 903 5377 1030 5434; x_wconf 78' lang='lat' dir='ltr'><strong><em>ergo</em></strong></span> <span class='ocrx_word' id='word_1_462' title='bbox 1056 5361 1210 5430; x_wconf 88' lang='lat' dir='ltr'><strong><em>culpa</em></strong></span> <span class='ocrx_word' id='word_1_463' title='bbox 1235 5370 1530 5415; x_wconf 88' lang='lat' dir='ltr'><strong><em>esteorum</em></strong></span> <span class='ocrx_word' id='word_1_464' title='bbox 1572 5358 1765 5428; x_wconf 88' lang='lat' dir='ltr'><strong><em>quibus</em></strong></span> <span class='ocrx_word' id='word_1_465' title='bbox 1805 5373 1908 5411; x_wconf 89' lang='lat' dir='ltr'><strong><em>non</em></strong></span> 
     </span>
    </p>
   </div>
   <div class='ocr_carea' id='block_1_58' title="bbox 323 5446 1905 5526">
    <p class='ocr_par' dir='ltr' id='par_1_58' title="bbox 323 5446 1905 5526">
     <span class='ocr_line' id='line_1_58' title="bbox 323 5446 1905 5526; baseline -0.012 -7"><span class='ocrx_word' id='word_1_466' title='bbox 323 5464 586 5518; x_wconf 83' lang='lat' dir='ltr'><strong><em>creditum</em></strong></span> <span class='ocrx_word' id='word_1_467' title='bbox 609 5466 723 5526; x_wconf 83' lang='lat' dir='ltr'><strong><em>est,</em></strong></span> <span class='ocrx_word' id='word_1_468' title='bbox 747 5457 841 5514; x_wconf 89' lang='lat' dir='ltr'><strong><em>sed</em></strong></span> <span class='ocrx_word' id='word_1_469' title='bbox 865 5470 1052 5512; x_wconf 89' lang='lat' dir='ltr'><strong><em>eorum</em></strong></span> <span class='ocrx_word' id='word_1_470' title='bbox 1078 5460 1278 5507; x_wconf 86' lang='lat' dir='ltr'><strong><em>tantum</em></strong></span> <span class='ocrx_word' id='word_1_471' title='bbox 1299 5450 1388 5520; x_wconf 89' lang='lat' dir='ltr'><strong><em>qui</em></strong></span> <span class='ocrx_word' id='word_1_472' title='bbox 1415 5465 1520 5504; x_wconf 92' lang='lat' dir='ltr'><strong><em>non</em></strong></span> <span class='ocrx_word' id='word_1_473' title='bbox 1548 5446 1905 5503; x_wconf 88' lang='lat' dir='ltr'><strong><em>crediderunt.</em></strong></span> 
     </span>
    </p>
   </div>
   <div class='ocr_carea' id='block_1_59' title="bbox 324 5539 1904 5614">
    <p class='ocr_par' dir='ltr' id='par_1_59' title="bbox 324 5539 1904 5614">
     <span class='ocr_line' id='line_1_59' title="bbox 324 5539 1904 5614; baseline -0.011 -4"><span class='ocrx_word' id='word_1_474' title='bbox 324 5555 490 5610; x_wconf 74' lang='lat' dir='ltr'><strong><em>Nemo</em></strong></span> <span class='ocrx_word' id='word_1_475' title='bbox 510 5553 650 5608; x_wconf 90' lang='lat' dir='ltr'><strong><em>enim</em></strong></span> <span class='ocrx_word' id='word_1_476' title='bbox 671 5549 935 5608; x_wconf 89' lang='lat' dir='ltr'><strong><em>contraria</em></strong></span> <span class='ocrx_word' id='word_1_477' title='bbox 956 5545 1111 5601; x_wconf 89' lang='lat' dir='ltr'><strong><em>simul</em></strong></span> <span class='ocrx_word' id='word_1_478' title='bbox 1133 5544 1414 5614; x_wconf 74' lang='lat' dir='ltr'><strong><em>vituperet,</em></strong></span> <span class='ocrx_word' id='word_1_479' title='bbox 1434 5547 1491 5596; x_wconf 88' lang='lat' dir='ltr'><strong><em>ut</em></strong></span> <span class='ocrx_word' id='word_1_480' title='bbox 1515 5554 1686 5610; x_wconf 92' lang='lat' dir='ltr'><strong><em>neque</em></strong></span> <span class='ocrx_word' id='word_1_481' title='bbox 1708 5539 1904 5594; x_wconf 89' lang='lat' dir='ltr'><strong><em>laudet.</em></strong></span> 
     </span>
    </p>
   </div>
   <div class='ocr_carea' id='block_1_60' title="bbox 385 5661 1080 5725">
    <p class='ocr_par' dir='ltr' id='par_1_60' title="bbox 385 5661 1080 5725">
     <span class='ocr_line' id='line_1_60' title="bbox 385 5661 1080 5725; baseline 0 -16"><span class='ocrx_word' id='word_1_482' title='bbox 385 5667 406 5698; x_wconf 66' lang='grc' dir='ltr'>ι</span> <span class='ocrx_word' id='word_1_483' title='bbox 439 5665 649 5723; x_wconf 69' lang='lat' dir='ltr'><strong><em>quidam,</em></strong></span> <span class='ocrx_word' id='word_1_484' title='bbox 676 5677 760 5725; x_wconf 81' lang='lat' dir='ltr'><strong><em>per</em></strong></span> <span class='ocrx_word' id='word_1_485' title='bbox 785 5661 1080 5711; x_wconf 72' lang='lat' dir='ltr'><strong><em>alterutram.</em></strong></span> 
     </span>
    </p>
   </div>
   <div class='ocr_carea' id='block_1_61' title="bbox 1005 183 2802 258">
    <p class='ocr_par' dir='ltr' id='par_1_61' title="bbox 1005 183 2802 258">
     <span class='ocr_line' id='line_1_61' title="bbox 1005 183 2802 258; baseline -0.012 0"><span class='ocrx_word' id='word_1_486' title='bbox 1005 203 1058 258; x_wconf 87' lang='lat' dir='ltr'><strong><em>S.</em></strong></span> <span class='ocrx_word' id='word_1_487' title='bbox 1099 197 1374 256; x_wconf 72' lang='lat' dir='ltr'><strong><em>JOANNIS</em></strong></span> <span class='ocrx_word' id='word_1_488' title='bbox 1408 191 1876 252; x_wconf 76' lang='lat' dir='ltr'><strong><em>CHRYSOSTOMI</em></strong></span> <span class='ocrx_word' id='word_1_489' title='bbox 1916 191 2230 244; x_wconf 80' lang='lat' dir='ltr'><strong><em>AllClllEP.</em></strong></span> <span class='ocrx_word' id='word_1_490' title='bbox 2274 183 2802 244; x_wconf 73' lang='lat' dir='ltr'><strong><em>CONSTANTINOP.</em></strong></span> 
     </span>
    </p>
   </div>
   <div class='ocr_carea' id='block_1_62' title="bbox 3450 183 3557 240">
    <p class='ocr_par' dir='ltr' id='par_1_62' title="bbox 3450 183 3557 240">
     <span class='ocr_line' id='line_1_62' title="bbox 3450 183 3557 240; baseline 0.019 -1"><span class='ocrx_word' id='word_1_491' title='bbox 3450 183 3557 240; x_wconf 55' lang='grc' dir='ltr'><strong><em>δεῖ</em></strong></span> 
     </span>
    </p>
   </div>
   <div class='ocr_carea' id='block_1_63' title="bbox 1975 298 3552 373">
    <p class='ocr_par' dir='ltr' id='par_1_63' title="bbox 1975 298 3552 373">
     <span class='ocr_line' id='line_1_63' title="bbox 1975 298 3552 373; baseline -0.004 -18"><span class='ocrx_word' id='word_1_492' title='bbox 1975 303 2128 356; x_wconf 76' lang='lat' dir='ltr'><strong><em>Verbi</em></strong></span> <span class='ocrx_word' id='word_1_493' title='bbox 2155 304 2319 373; x_wconf 85' lang='lat' dir='ltr'><strong><em>gratia</em></strong></span> <span class='ocrx_word' id='word_1_494' title='bbox 2339 345 2354 368; x_wconf 94' lang='lat'><strong><em>,</em></strong></span> <span class='ocrx_word' id='word_1_495' title='bbox 2383 303 2472 372; x_wconf 91' lang='lat' dir='ltr'><strong><em>qui</em></strong></span> <span class='ocrx_word' id='word_1_496' title='bbox 2500 303 2672 356; x_wconf 87' lang='lat' dir='ltr'><strong><em>virum</em></strong></span> <span class='ocrx_word' id='word_1_497' title='bbox 2703 300 2925 353; x_wconf 90' lang='lat' dir='ltr'><strong><em>hilarem</em></strong></span> <span class='ocrx_word' id='word_1_498' title='bbox 2956 312 3017 352; x_wconf 88' lang='lat' dir='ltr'><strong><em>ac</em></strong></span> <span class='ocrx_word' id='word_1_499' title='bbox 3046 298 3330 351; x_wconf 77' lang='lat' dir='ltr'><strong><em>remissum</em></strong></span> <span class='ocrx_word' id='word_1_500' title='bbox 3359 311 3552 364; x_wconf 84' lang='lat' dir='ltr'><strong><em>appro-</em></strong></span> 
     </span>
    </p>
   </div>
   <div class='ocr_carea' id='block_1_64' title="bbox 1969 388 3557 458">
    <p class='ocr_par' dir='ltr' id='par_1_64' title="bbox 1969 388 3557 458">
     <span class='ocr_line' id='line_1_64' title="bbox 1969 388 3557 458; baseline -0.003 -13"><span class='ocrx_word' id='word_1_501' title='bbox 1969 393 2056 446; x_wconf 88' lang='lat' dir='ltr'><strong><em>bat</em></strong></span> <span class='ocrx_word' id='word_1_502' title='bbox 2077 434 2091 456; x_wconf 91' lang='lat'><strong><em>,</em></strong></span> <span class='ocrx_word' id='word_1_503' title='bbox 2120 407 2364 448; x_wconf 85' lang='lat' dir='ltr'><strong><em>severum</em></strong></span> <span class='ocrx_word' id='word_1_504' title='bbox 2393 393 2474 448; x_wconf 87' lang='lat' dir='ltr'><strong><em>vel</em></strong></span> <span class='ocrx_word' id='word_1_505' title='bbox 2503 392 2785 447; x_wconf 89' lang='lat' dir='ltr'><strong><em>barbarum</em></strong></span> <span class='ocrx_word' id='word_1_506' title='bbox 2823 405 2928 443; x_wconf 93' lang='lat' dir='ltr'><strong><em>non</em></strong></span> <span class='ocrx_word' id='word_1_507' title='bbox 2958 388 3272 458; x_wconf 88' lang='lat' dir='ltr'><strong><em>approbabit</em></strong></span> <span class='ocrx_word' id='word_1_508' title='bbox 3300 405 3311 439; x_wconf 91' lang='lat'>:</span> <span class='ocrx_word' id='word_1_509' title='bbox 3341 388 3430 456; x_wconf 91' lang='lat' dir='ltr'><strong><em>qui</em></strong></span> <span class='ocrx_word' id='word_1_510' title='bbox 3468 402 3557 440; x_wconf 87' lang='lat' dir='ltr'><strong><em>se-</em></strong></span> 
     </span>
    </p>
   </div>
   <div class='ocr_carea' id='block_1_65' title="bbox 1971 478 3559 548">
    <p class='ocr_par' dir='ltr' id='par_1_65' title="bbox 1971 478 3559 548">
     <span class='ocr_line' id='line_1_65' title="bbox 1971 478 3559 548; baseline -0.003 -11"><span class='ocrx_word' id='word_1_511' title='bbox 1971 498 2148 538; x_wconf 84' lang='lat' dir='ltr'><strong><em>verum</em></strong></span> <span class='ocrx_word' id='word_1_512' title='bbox 2178 483 2387 548; x_wconf 88' lang='lat' dir='ltr'><strong><em>laudat,</em></strong></span> <span class='ocrx_word' id='word_1_513' title='bbox 2423 483 2606 536; x_wconf 61' lang='lat' dir='ltr'><strong><em>laetum</em></strong></span> <span class='ocrx_word' id='word_1_514' title='bbox 2636 497 2740 535; x_wconf 93' lang='lat' dir='ltr'><strong><em>non</em></strong></span> <span class='ocrx_word' id='word_1_515' title='bbox 2772 479 3023 534; x_wconf 87' lang='lat' dir='ltr'><strong><em>laudabit.</em></strong></span> <span class='ocrx_word' id='word_1_516' title='bbox 3057 478 3174 532; x_wconf 78' lang='lat' dir='ltr'><strong><em>Non</em></strong></span> <span class='ocrx_word' id='word_1_517' title='bbox 3206 488 3382 548; x_wconf 86' lang='lat' dir='ltr'><strong><em>potest</em></strong></span> <span class='ocrx_word' id='word_1_518' title='bbox 3415 479 3559 532; x_wconf 89' lang='lat' dir='ltr'><strong><em>enim</em></strong></span> 
     </span>
    </p>
   </div>
   <div class='ocr_carea' id='block_1_66' title="bbox 1969 568 3564 641">
    <p class='ocr_par' dir='ltr' id='par_1_66' title="bbox 1969 568 3564 641">
     <span class='ocr_line' id='line_1_66' title="bbox 1969 568 3564 641; baseline -0.002 -15"><span class='ocrx_word' id='word_1_519' title='bbox 1969 582 2023 626; x_wconf 91' lang='lat' dir='ltr'><strong><em>et</em></strong></span> <span class='ocrx_word' id='word_1_520' title='bbox 2049 573 2162 628; x_wconf 79' lang='lat' dir='ltr'><strong><em>lucc</em></strong></span> <span class='ocrx_word' id='word_1_521' title='bbox 2191 582 2244 627; x_wconf 89' lang='lat' dir='ltr'><strong><em>et</em></strong></span> <span class='ocrx_word' id='word_1_522' title='bbox 2275 574 2363 627; x_wconf 91' lang='lat' dir='ltr'><strong><em>illa</em></strong></span> <span class='ocrx_word' id='word_1_523' title='bbox 2407 572 2560 627; x_wconf 91' lang='lat' dir='ltr'><strong><em>simul</em></strong></span> <span class='ocrx_word' id='word_1_524' title='bbox 2592 571 2871 641; x_wconf 85' lang='lat' dir='ltr'><strong><em>approbari</em></strong></span> <span class='ocrx_word' id='word_1_525' title='bbox 2905 570 3186 624; x_wconf 88' lang='lat' dir='ltr'><strong><em>sententia.</em></strong></span> <span class='ocrx_word' id='word_1_526' title='bbox 3222 568 3452 638; x_wconf 86' lang='lat' dir='ltr'><strong><em>Ideoque</em></strong></span> <span class='ocrx_word' id='word_1_527' title='bbox 3489 570 3564 623; x_wconf 91' lang='lat' dir='ltr'><strong><em>ait</em></strong></span> 
     </span>
    </p>
   </div>
   <div class='ocr_carea' id='block_1_67' title="bbox 1972 662 3560 732">
    <p class='ocr_par' dir='ltr' id='par_1_67' title="bbox 1972 662 3560 732">
     <span class='ocr_line' id='line_1_67' title="bbox 1972 662 3560 732; baseline -0.004 -12"><span class='ocrx_word' id='word_1_528' title='bbox 1972 667 2092 732; x_wconf 87' lang='lat' dir='ltr'><strong><em>ille,</em></strong></span> <span class='ocrx_word' id='word_1_529' title='bbox 2141 666 2283 720; x_wconf 87' lang='lat' dir='ltr'><strong><em>Tibia</em></strong></span> <span class='ocrx_word' id='word_1_530' title='bbox 2320 667 2588 720; x_wconf 82' lang='lat' dir='ltr'><strong><em>cecinimus</em></strong></span> <span class='ocrx_word' id='word_1_531' title='bbox 2615 665 2770 732; x_wconf 89' lang='lat' dir='ltr'><strong><em>vobis,</em></strong></span> <span class='ocrx_word' id='word_1_532' title='bbox 2809 672 2855 718; x_wconf 89' lang='lat' dir='ltr'><strong><em>et</em></strong></span> <span class='ocrx_word' id='word_1_533' title='bbox 2894 679 2995 716; x_wconf 87' lang='lat' dir='ltr'><strong><em>non</em></strong></span> <span class='ocrx_word' id='word_1_534' title='bbox 3025 663 3280 724; x_wconf 87' lang='lat' dir='ltr'><strong><em>saltastis;</em></strong></span> <span class='ocrx_word' id='word_1_535' title='bbox 3311 662 3412 715; x_wconf 91' lang='lat' dir='ltr'><strong><em>hoc</em></strong></span> <span class='ocrx_word' id='word_1_536' title='bbox 3440 671 3522 715; x_wconf 90' lang='lat' dir='ltr'><strong><em>est</em></strong></span> <span class='ocrx_word' id='word_1_537' title='bbox 3546 702 3560 724; x_wconf 90' lang='lat'><strong><em>,</em></strong></span> 
     </span>
    </p>
   </div>
   <div class='ocr_carea' id='block_1_68' title="bbox 1972 755 3567 825">
    <p class='ocr_par' dir='ltr' id='par_1_68' title="bbox 1972 755 3567 825">
     <span class='ocr_line' id='line_1_68' title="bbox 1972 755 3567 825; baseline -0.006 -11"><span class='ocrx_word' id='word_1_538' title='bbox 1972 761 2268 816; x_wconf 82' lang='lat' dir='ltr'><strong><em>Remissam</em></strong></span> <span class='ocrx_word' id='word_1_539' title='bbox 2295 760 2510 814; x_wconf 89' lang='lat' dir='ltr'><strong><em>exhibui</em></strong></span> <span class='ocrx_word' id='word_1_540' title='bbox 2546 759 2705 813; x_wconf 85' lang='lat' dir='ltr'><strong><em>vitam</em></strong></span> <span class='ocrx_word' id='word_1_541' title='bbox 2727 799 2742 825; x_wconf 94' lang='lat'><strong><em>,</em></strong></span> <span class='ocrx_word' id='word_1_542' title='bbox 2774 765 2830 812; x_wconf 90' lang='lat' dir='ltr'><strong><em>et</em></strong></span> <span class='ocrx_word' id='word_1_543' title='bbox 2872 771 2978 810; x_wconf 91' lang='lat' dir='ltr'><strong><em>non</em></strong></span> <span class='ocrx_word' id='word_1_544' title='bbox 3017 755 3456 823; x_wconf 89' lang='lat' dir='ltr'><strong><em>obtemperastis;</em></strong></span> <span class='ocrx_word' id='word_1_545' title='bbox 3486 765 3567 819; x_wconf 82' lang='lat' dir='ltr'><strong><em>et,</em></strong></span> 
     </span>
    </p>
   </div>
   <div class='ocr_carea' id='block_1_69' title="bbox 1971 844 3566 919">
    <p class='ocr_par' dir='ltr' id='par_1_69' title="bbox 1971 844 3566 919">
     <span class='ocr_line' id='line_1_69' title="bbox 1971 844 3566 919; baseline -0.003 -16"><span class='ocrx_word' id='word_1_546' title='bbox 1971 849 2257 904; x_wconf 86' lang='lat' dir='ltr'><strong><em>Lamentati</em></strong></span> <span class='ocrx_word' id='word_1_547' title='bbox 2297 867 2503 915; x_wconf 81' lang='lat' dir='ltr'><strong><em>sumus,</em></strong></span> <span class='ocrx_word' id='word_1_548' title='bbox 2543 860 2589 904; x_wconf 89' lang='lat' dir='ltr'><strong><em>et</em></strong></span> <span class='ocrx_word' id='word_1_549' title='bbox 2628 865 2728 903; x_wconf 90' lang='lat' dir='ltr'><strong><em>non</em></strong></span> <span class='ocrx_word' id='word_1_550' title='bbox 2760 847 3027 919; x_wconf 72' lang='lat' dir='ltr'><strong><em>planaristis</em></strong></span> <span class='ocrx_word' id='word_1_551' title='bbox 3049 864 3067 912; x_wconf 90' lang='lat'><strong><em>;</em></strong></span> <span class='ocrx_word' id='word_1_552' title='bbox 3108 845 3157 900; x_wconf 90' lang='lat' dir='ltr'><strong><em>id</em></strong></span> <span class='ocrx_word' id='word_1_553' title='bbox 3187 856 3302 912; x_wconf 87' lang='lat' dir='ltr'><strong><em>est,</em></strong></span> <span class='ocrx_word' id='word_1_554' title='bbox 3332 844 3566 898; x_wconf 84' lang='lat' dir='ltr'><strong><em>Joannes</em></strong></span> 
     </span>
    </p>
   </div>
   <div class='ocr_carea' id='block_1_70' title="bbox 1972 940 3566 1012">
    <p class='ocr_par' dir='ltr' id='par_1_70' title="bbox 1972 940 3566 1012">
     <span class='ocr_line' id='line_1_70' title="bbox 1972 940 3566 1012; baseline -0.003 -17"><span class='ocrx_word' id='word_1_555' title='bbox 1972 957 2210 998; x_wconf 84' lang='lat' dir='ltr'><strong><em>severam</em></strong></span> <span class='ocrx_word' id='word_1_556' title='bbox 2240 951 2528 1012; x_wconf 82' lang='lat' dir='ltr'><strong><em>etgravem</em></strong></span> <span class='ocrx_word' id='word_1_557' title='bbox 2555 942 2714 996; x_wconf 82' lang='lat' dir='ltr'><strong><em>vitam</em></strong></span> <span class='ocrx_word' id='word_1_558' title='bbox 2743 940 3018 1010; x_wconf 82' lang='lat' dir='ltr'><strong><em>amplexus</em></strong></span> <span class='ocrx_word' id='word_1_559' title='bbox 3043 947 3145 1002; x_wconf 87' lang='lat' dir='ltr'><strong><em>est,</em></strong></span> <span class='ocrx_word' id='word_1_560' title='bbox 3177 947 3231 992; x_wconf 91' lang='lat' dir='ltr'><strong><em>et</em></strong></span> <span class='ocrx_word' id='word_1_561' title='bbox 3259 952 3360 992; x_wconf 82' lang='lat' dir='ltr'><strong><em>IlOIl</em></strong></span> <span class='ocrx_word' id='word_1_562' title='bbox 3392 946 3566 991; x_wconf 85' lang='lat' dir='ltr'><strong><em>atten-</em></strong></span> 
     </span>
    </p>
   </div>
   <div class='ocr_carea' id='block_1_71' title="bbox 1974 1030 3563 1106">
    <p class='ocr_par' dir='ltr' id='par_1_71' title="bbox 1974 1030 3563 1106">
     <span class='ocr_line' id='line_1_71' title="bbox 1974 1030 3563 1106; baseline -0.005 -16"><span class='ocrx_word' id='word_1_563' title='bbox 1974 1035 2145 1091; x_wconf 85' lang='lat' dir='ltr'><strong><em>distis.</em></strong></span> <span class='ocrx_word' id='word_1_564' title='bbox 2176 1035 2291 1091; x_wconf 84' lang='lat' dir='ltr'><strong><em>Non</em></strong></span> <span class='ocrx_word' id='word_1_565' title='bbox 2321 1035 2486 1100; x_wconf 85' lang='lat' dir='ltr'><strong><em>dixit,</em></strong></span> <span class='ocrx_word' id='word_1_566' title='bbox 2513 1036 2627 1106; x_wconf 86' lang='lat' dir='ltr'><strong><em>Ego</em></strong></span> <span class='ocrx_word' id='word_1_567' title='bbox 2657 1035 2799 1088; x_wconf 90' lang='lat' dir='ltr'><strong><em>illam</em></strong></span> <span class='ocrx_word' id='word_1_568' title='bbox 2827 1075 2842 1100; x_wconf 91' lang='lat'><strong><em>,</em></strong></span> <span class='ocrx_word' id='word_1_569' title='bbox 2873 1033 2963 1087; x_wconf 91' lang='lat' dir='ltr'><strong><em>ille</em></strong></span> <span class='ocrx_word' id='word_1_570' title='bbox 3004 1032 3142 1086; x_wconf 90' lang='lat' dir='ltr'><strong><em>hanc</em></strong></span> <span class='ocrx_word' id='word_1_571' title='bbox 3169 1032 3330 1085; x_wconf 89' lang='lat' dir='ltr'><strong><em>vitam</em></strong></span> <span class='ocrx_word' id='word_1_572' title='bbox 3363 1030 3510 1084; x_wconf 79' lang='lat' dir='ltr'><strong><em>duxit</em></strong></span> <span class='ocrx_word' id='word_1_573' title='bbox 3550 1048 3563 1082; x_wconf 94' lang='lat'>:</span> 
     </span>
    </p>
   </div>
   <div class='ocr_carea' id='block_1_72' title="bbox 1974 1125 3567 1200">
    <p class='ocr_par' dir='ltr' id='par_1_72' title="bbox 1974 1125 3567 1200">
     <span class='ocr_line' id='line_1_72' title="bbox 1974 1125 3567 1200; baseline -0.004 -16"><span class='ocrx_word' id='word_1_574' title='bbox 1974 1130 2066 1185; x_wconf 91' lang='lat' dir='ltr'><strong><em>sed</em></strong></span> <span class='ocrx_word' id='word_1_575' title='bbox 2094 1130 2214 1200; x_wconf 89' lang='lat' dir='ltr'><strong><em>quia</em></strong></span> <span class='ocrx_word' id='word_1_576' title='bbox 2242 1131 2517 1200; x_wconf 82' lang='lat' dir='ltr'><strong><em>utriusque</em></strong></span> <span class='ocrx_word' id='word_1_577' title='bbox 2540 1145 2640 1183; x_wconf 90' lang='lat' dir='ltr'><strong><em>una</em></strong></span> <span class='ocrx_word' id='word_1_578' title='bbox 2667 1138 2778 1184; x_wconf 90' lang='lat' dir='ltr'><strong><em>erat</em></strong></span> <span class='ocrx_word' id='word_1_579' title='bbox 2809 1128 3093 1193; x_wconf 88' lang='lat' dir='ltr'><strong><em>sententia,</em></strong></span> <span class='ocrx_word' id='word_1_580' title='bbox 3117 1126 3216 1181; x_wconf 88' lang='lat' dir='ltr'><strong><em>etsi</em></strong></span> <span class='ocrx_word' id='word_1_581' title='bbox 3240 1125 3413 1180; x_wconf 90' lang='lat' dir='ltr'><strong><em>studia</em></strong></span> <span class='ocrx_word' id='word_1_582' title='bbox 3435 1140 3567 1178; x_wconf 84' lang='lat' dir='ltr'><strong><em>eon-</em></strong></span> 
     </span>
    </p>
   </div>
   <div class='ocr_carea' id='block_1_73' title="bbox 1979 1216 3568 1290">
    <p class='ocr_par' dir='ltr' id='par_1_73' title="bbox 1979 1216 3568 1290">
     <span class='ocr_line' id='line_1_73' title="bbox 1979 1216 3568 1290; baseline -0.003 -14"><span class='ocrx_word' id='word_1_583' title='bbox 1979 1222 2170 1287; x_wconf 90' lang='lat' dir='ltr'><strong><em>traria,</em></strong></span> <span class='ocrx_word' id='word_1_584' title='bbox 2201 1221 2320 1276; x_wconf 89' lang='lat' dir='ltr'><strong><em>ideo</em></strong></span> <span class='ocrx_word' id='word_1_585' title='bbox 2373 1221 2671 1276; x_wconf 89' lang='lat' dir='ltr'><strong><em>communia</em></strong></span> <span class='ocrx_word' id='word_1_586' title='bbox 2723 1230 2867 1290; x_wconf 81' lang='lat' dir='ltr'><strong><em>gesta</em></strong></span> <span class='ocrx_word' id='word_1_587' title='bbox 2919 1219 3046 1274; x_wconf 91' lang='lat' dir='ltr'><strong><em>dicit</em></strong></span> <span class='ocrx_word' id='word_1_588' title='bbox 3087 1233 3228 1277; x_wconf 87' lang='lat' dir='ltr'><strong><em>esse.</em></strong></span> <span class='ocrx_word' id='word_1_589' title='bbox 3258 1218 3387 1274; x_wconf 84' lang='lat' dir='ltr'><strong><em>Nam</em></strong></span> <span class='ocrx_word' id='word_1_590' title='bbox 3429 1216 3568 1289; x_wconf 82' lang='lat' dir='ltr'><strong><em>quod</em></strong></span> 
     </span>
    </p>
   </div>
   <div class='ocr_carea' id='block_1_74' title="bbox 1975 1310 3569 1379">
    <p class='ocr_par' dir='ltr' id='par_1_74' title="bbox 1975 1310 3569 1379">
     <span class='ocr_line' id='line_1_74' title="bbox 1975 1310 3569 1379; baseline -0.002 -12"><span class='ocrx_word' id='word_1_591' title='bbox 1975 1313 2296 1367; x_wconf 88' lang='lat' dir='ltr'><strong><em>contrariam</em></strong></span> <span class='ocrx_word' id='word_1_592' title='bbox 2328 1313 2483 1367; x_wconf 90' lang='lat' dir='ltr'><strong><em>iniret</em></strong></span> <span class='ocrx_word' id='word_1_593' title='bbox 2511 1313 2646 1365; x_wconf 87' lang='lat' dir='ltr'><strong><em>viam</em></strong></span> <span class='ocrx_word' id='word_1_594' title='bbox 2669 1351 2685 1378; x_wconf 90' lang='lat'><strong><em>,</em></strong></span> <span class='ocrx_word' id='word_1_595' title='bbox 2727 1327 2790 1365; x_wconf 82' lang='lat' dir='ltr'><strong><em>ex</em></strong></span> <span class='ocrx_word' id='word_1_596' title='bbox 2834 1311 3035 1379; x_wconf 83' lang='lat' dir='ltr'><strong><em>majore</em></strong></span> <span class='ocrx_word' id='word_1_597' title='bbox 3060 1311 3342 1365; x_wconf 86' lang='lat' dir='ltr'><strong><em>concordia</em></strong></span> <span class='ocrx_word' id='word_1_598' title='bbox 3375 1310 3569 1365; x_wconf 82' lang='lat' dir='ltr'><strong><em>factum</em></strong></span> 
     </span>
    </p>
   </div>
   <div class='ocr_carea' id='block_1_75' title="bbox 1978 1400 3571 1474">
    <p class='ocr_par' dir='ltr' id='par_1_75' title="bbox 1978 1400 3571 1474">
     <span class='ocr_line' id='line_1_75' title="bbox 1978 1400 3571 1474; baseline -0.003 -15"><span class='ocrx_word' id='word_1_599' title='bbox 1978 1413 2060 1460; x_wconf 87' lang='lat' dir='ltr'><strong><em>est</em></strong></span> <span class='ocrx_word' id='word_1_600' title='bbox 2079 1446 2093 1471; x_wconf 91' lang='lat'><strong><em>,</em></strong></span> <span class='ocrx_word' id='word_1_601' title='bbox 2123 1420 2240 1474; x_wconf 76' lang='lat' dir='ltr'><strong><em>qua:</em></strong></span> <span class='ocrx_word' id='word_1_602' title='bbox 2266 1403 2511 1460; x_wconf 90' lang='lat' dir='ltr'><strong><em>eumdem</em></strong></span> <span class='ocrx_word' id='word_1_603' title='bbox 2543 1402 2818 1473; x_wconf 85' lang='lat' dir='ltr'><strong><em>spectabat</em></strong></span> <span class='ocrx_word' id='word_1_604' title='bbox 2845 1400 3024 1455; x_wconf 81' lang='lat' dir='ltr'><strong><em>ﬁnem.</em></strong></span> <span class='ocrx_word' id='word_1_605' title='bbox 3066 1400 3234 1468; x_wconf 86' lang='lat' dir='ltr'><strong><em>Quam</em></strong></span> <span class='ocrx_word' id='word_1_606' title='bbox 3268 1416 3393 1471; x_wconf 84' lang='lat' dir='ltr'><strong><em>ergo</em></strong></span> <span class='ocrx_word' id='word_1_607' title='bbox 3419 1401 3571 1455; x_wconf 84' lang='lat' dir='ltr'><strong><em>dein-</em></strong></span> 
     </span>
    </p>
   </div>
   <div class='ocr_carea' id='block_1_76' title="bbox 1979 1492 3575 1569">
    <p class='ocr_par' dir='ltr' id='par_1_76' title="bbox 1979 1492 3575 1569">
     <span class='ocr_line' id='line_1_76' title="bbox 1979 1492 3575 1569; baseline -0.006 -15"><span class='ocrx_word' id='word_1_608' title='bbox 1979 1513 2106 1569; x_wconf 90' lang='lat' dir='ltr'><strong><em>eeps</em></strong></span> <span class='ocrx_word' id='word_1_609' title='bbox 2134 1497 2502 1552; x_wconf 80' lang='lat' dir='ltr'><strong><em>defensionem</em></strong></span> <span class='ocrx_word' id='word_1_610' title='bbox 2533 1495 2804 1549; x_wconf 86' lang='lat' dir='ltr'><strong><em>habeatis?</em></strong></span> <span class='ocrx_word' id='word_1_611' title='bbox 2836 1493 2958 1548; x_wconf 88' lang='lat' dir='ltr'><strong><em>Ideo</em></strong></span> <span class='ocrx_word' id='word_1_612' title='bbox 2986 1492 3259 1563; x_wconf 87' lang='lat' dir='ltr'><strong><em>subjunxit</em></strong></span> <span class='ocrx_word' id='word_1_613' title='bbox 3292 1512 3304 1545; x_wconf 89' lang='lat'><strong>:</strong></span> <span class='ocrx_word' id='word_1_614' title='bbox 3337 1493 3400 1545; x_wconf 82' lang='lat' dir='ltr'><strong><em>Et</em></strong></span> <span class='ocrx_word' id='word_1_615' title='bbox 3417 1493 3575 1562; x_wconf 79' lang='lat' dir='ltr'><strong><em>justi-</em></strong></span> 
     </span>
    </p>
   </div>
   <div class='ocr_carea' id='block_1_77' title="bbox 1979 1583 3574 1660">
    <p class='ocr_par' dir='ltr' id='par_1_77' title="bbox 1979 1583 3574 1660">
     <span class='ocr_line' id='line_1_77' title="bbox 1979 1583 3574 1660; baseline -0.005 -16"><span class='ocrx_word' id='word_1_616' title='bbox 1979 1592 2131 1660; x_wconf 78' lang='lat' dir='ltr'><strong><em>ﬁcata</em></strong></span> <span class='ocrx_word' id='word_1_617' title='bbox 2157 1597 2228 1643; x_wconf 89' lang='lat' dir='ltr'><strong><em>est</em></strong></span> <span class='ocrx_word' id='word_1_618' title='bbox 2259 1587 2505 1657; x_wconf 85' lang='lat' dir='ltr'><strong><em>sapientia</em></strong></span> <span class='ocrx_word' id='word_1_619' title='bbox 2533 1603 2564 1639; x_wconf 93' lang='lat' dir='ltr'><strong><em>a</em></strong></span> <span class='ocrx_word' id='word_1_620' title='bbox 2591 1587 2712 1654; x_wconf 82' lang='lat' dir='ltr'><strong><em>ﬁliis</em></strong></span> <span class='ocrx_word' id='word_1_621' title='bbox 2751 1585 2891 1650; x_wconf 82' lang='lat' dir='ltr'><strong><em>suis;</em></strong></span> <span class='ocrx_word' id='word_1_622' title='bbox 2938 1584 3038 1638; x_wconf 92' lang='lat' dir='ltr'><strong><em>hoc</em></strong></span> <span class='ocrx_word' id='word_1_623' title='bbox 3067 1592 3150 1638; x_wconf 91' lang='lat' dir='ltr'><strong><em>est</em></strong></span> <span class='ocrx_word' id='word_1_624' title='bbox 3172 1625 3186 1650; x_wconf 88' lang='lat'><strong><em>,</em></strong></span> <span class='ocrx_word' id='word_1_625' title='bbox 3215 1583 3435 1637; x_wconf 88' lang='lat' dir='ltr'><strong><em>Etiamsi</em></strong></span> <span class='ocrx_word' id='word_1_626' title='bbox 3479 1598 3574 1636; x_wconf 84' lang='lat' dir='ltr'><strong><em>vos</em></strong></span> 
     </span>
    </p>
   </div>
   <div class='ocr_carea' id='block_1_78' title="bbox 1979 1677 3574 1751">
    <p class='ocr_par' dir='ltr' id='par_1_78' title="bbox 1979 1677 3574 1751">
     <span class='ocr_line' id='line_1_78' title="bbox 1979 1677 3574 1751; baseline -0.004 -13"><span class='ocrx_word' id='word_1_627' title='bbox 1979 1699 2086 1738; x_wconf 90' lang='lat' dir='ltr'><strong><em>non</em></strong></span> <span class='ocrx_word' id='word_1_628' title='bbox 2113 1679 2628 1751; x_wconf 89' lang='lat' dir='ltr'><strong><em>obtemperaveritis,</em></strong></span> <span class='ocrx_word' id='word_1_629' title='bbox 2647 1687 2701 1732; x_wconf 88' lang='lat' dir='ltr'><strong><em>at</em></strong></span> <span class='ocrx_word' id='word_1_630' title='bbox 2721 1693 2806 1732; x_wconf 90' lang='lat' dir='ltr'><strong><em>me</em></strong></span> <span class='ocrx_word' id='word_1_631' title='bbox 2827 1678 2962 1732; x_wconf 87' lang='lat' dir='ltr'><strong><em>ultra</em></strong></span> <span class='ocrx_word' id='word_1_632' title='bbox 2991 1677 3263 1731; x_wconf 89' lang='lat' dir='ltr'><strong><em>criminari</em></strong></span> <span class='ocrx_word' id='word_1_633' title='bbox 3295 1692 3398 1730; x_wconf 94' lang='lat' dir='ltr'><strong><em>non</em></strong></span> <span class='ocrx_word' id='word_1_634' title='bbox 3422 1686 3574 1747; x_wconf 88' lang='lat' dir='ltr'><strong><em>pote-</em></strong></span> 
     </span>
    </p>
   </div>
   <div class='ocr_carea' id='block_1_79' title="bbox 1981 1769 3575 1842">
    <p class='ocr_par' dir='ltr' id='par_1_79' title="bbox 1981 1769 3575 1842">
     <span class='ocr_line' id='line_1_79' title="bbox 1981 1769 3575 1842; baseline -0.004 -12"><span class='ocrx_word' id='word_1_635' title='bbox 1981 1777 2116 1830; x_wconf 88' lang='lat' dir='ltr'><strong><em>ritis.</em></strong></span> <span class='ocrx_word' id='word_1_636' title='bbox 2145 1774 2296 1842; x_wconf 85' lang='lat' dir='ltr'><strong><em>Quod</em></strong></span> <span class='ocrx_word' id='word_1_637' title='bbox 2329 1773 2395 1828; x_wconf 88' lang='lat' dir='ltr'><strong><em>de</em></strong></span> <span class='ocrx_word' id='word_1_638' title='bbox 2427 1773 2583 1828; x_wconf 88' lang='lat' dir='ltr'><strong><em>Patre</em></strong></span> <span class='ocrx_word' id='word_1_639' title='bbox 2608 1771 2736 1826; x_wconf 87' lang='lat' dir='ltr'><strong><em>dicit</em></strong></span> <span class='ocrx_word' id='word_1_640' title='bbox 2762 1769 3018 1840; x_wconf 87' lang='lat' dir='ltr'><strong><em>pr0pheta</em></strong></span> <span class='ocrx_word' id='word_1_641' title='bbox 3054 1787 3067 1824; x_wconf 92' lang='lat'>:</span> <span class='ocrx_word' id='word_1_642' title='bbox 3105 1769 3172 1824; x_wconf 87' lang='lat' dir='ltr'><strong><em>Ut</em></strong></span> <span class='ocrx_word' id='word_1_643' title='bbox 3200 1770 3494 1841; x_wconf 77' lang='lat' dir='ltr'><strong><em>justiﬁeeris</em></strong></span> <span class='ocrx_word' id='word_1_644' title='bbox 3521 1771 3575 1824; x_wconf 86' lang='lat' dir='ltr'><strong><em>in</em></strong></span> 
     </span>
    </p>
   </div>
   <div class='ocr_carea' id='block_1_80' title="bbox 1980 1862 3576 1938">
    <p class='ocr_par' dir='ltr' id='par_1_80' title="bbox 1980 1862 3576 1938">
     <span class='ocr_line' id='line_1_80' title="bbox 1980 1862 3576 1938; baseline -0.005 -13"><span class='ocrx_word' id='word_1_645' title='bbox 1980 1869 2290 1925; x_wconf 85' lang='lat' dir='ltr'><strong><em>sermonibus</em></strong></span> <span class='ocrx_word' id='word_1_646' title='bbox 2317 1868 2412 1921; x_wconf 87' lang='lat' dir='ltr'><strong><em>tuis</em></strong></span> <span class='ocrx_word' id='word_1_647' title='bbox 2432 1865 2600 1938; x_wconf 84' lang='lat' dir='ltr'><strong><em>(Psal.</em></strong></span> <span class='ocrx_word' id='word_1_648' title='bbox 2632 1865 2717 1920; x_wconf 83' lang='lat'><strong><em>50.</em></strong></span> <span class='ocrx_word' id='word_1_649' title='bbox 2754 1865 2828 1933; x_wconf 83' lang='lat'><strong><em>6).</em></strong></span> <span class='ocrx_word' id='word_1_650' title='bbox 2858 1865 2997 1919; x_wconf 88' lang='lat' dir='ltr'><strong><em>Dens</em></strong></span> <span class='ocrx_word' id='word_1_651' title='bbox 3018 1862 3160 1919; x_wconf 89' lang='lat' dir='ltr'><strong><em>enim</em></strong></span> <span class='ocrx_word' id='word_1_652' title='bbox 3187 1863 3420 1931; x_wconf 67' lang='lat' dir='ltr'><strong><em>etiamsi,</em></strong></span> <span class='ocrx_word' id='word_1_653' title='bbox 3447 1863 3576 1917; x_wconf 86' lang='lat' dir='ltr'><strong><em>dum</em></strong></span> 
     </span>
    </p>
   </div>
   <div class='ocr_carea' id='block_1_81' title="bbox 1983 1957 3580 2030">
    <p class='ocr_par' dir='ltr' id='par_1_81' title="bbox 1983 1957 3580 2030">
     <span class='ocr_line' id='line_1_81' title="bbox 1983 1957 3580 2030; baseline -0.003 -14"><span class='ocrx_word' id='word_1_654' title='bbox 1983 1961 2152 2016; x_wconf 88' lang='lat' dir='ltr'><strong><em>nostri</em></strong></span> <span class='ocrx_word' id='word_1_655' title='bbox 2177 1975 2356 2015; x_wconf 88' lang='lat' dir='ltr'><strong><em>curam</em></strong></span> <span class='ocrx_word' id='word_1_656' title='bbox 2388 1959 2557 2030; x_wconf 85' lang='lat' dir='ltr'><strong><em>gerit,</em></strong></span> <span class='ocrx_word' id='word_1_657' title='bbox 2600 1957 2731 2012; x_wconf 91' lang='lat' dir='ltr'><strong><em>nihil</em></strong></span> <span class='ocrx_word' id='word_1_658' title='bbox 2761 1957 3003 2026; x_wconf 83' lang='lat' dir='ltr'><strong><em>perﬁciat</em></strong></span> <span class='ocrx_word' id='word_1_659' title='bbox 3023 1996 3039 2022; x_wconf 88' lang='lat'><strong><em>,</em></strong></span> <span class='ocrx_word' id='word_1_660' title='bbox 3069 1971 3163 2010; x_wconf 89' lang='lat' dir='ltr'><strong><em>sua</em></strong></span> <span class='ocrx_word' id='word_1_661' title='bbox 3198 1965 3375 2011; x_wconf 90' lang='lat' dir='ltr'><strong><em>tamen</em></strong></span> <span class='ocrx_word' id='word_1_662' title='bbox 3400 1958 3580 2011; x_wconf 75' lang='lat' dir='ltr'><strong><em>omnia</em></strong></span> 
     </span>
    </p>
   </div>
   <div class='ocr_carea' id='block_1_82' title="bbox 1984 2047 3577 2122">
    <p class='ocr_par' dir='ltr' id='par_1_82' title="bbox 1984 2047 3577 2122">
     <span class='ocr_line' id='line_1_82' title="bbox 1984 2047 3577 2122; baseline -0.003 -15"><span class='ocrx_word' id='word_1_663' title='bbox 1984 2053 2199 2122; x_wconf 89' lang='lat' dir='ltr'><strong><em>implet,</em></strong></span> <span class='ocrx_word' id='word_1_664' title='bbox 2230 2053 2302 2106; x_wconf 90' lang='lat' dir='ltr'><strong><em>ita</em></strong></span> <span class='ocrx_word' id='word_1_665' title='bbox 2329 2060 2385 2104; x_wconf 93' lang='lat' dir='ltr'><strong><em>ut</em></strong></span> <span class='ocrx_word' id='word_1_666' title='bbox 2411 2066 2478 2105; x_wconf 91' lang='lat' dir='ltr'><strong><em>ne</em></strong></span> <span class='ocrx_word' id='word_1_667' title='bbox 2507 2049 2720 2119; x_wconf 90' lang='lat' dir='ltr'><strong><em>quidem</em></strong></span> <span class='ocrx_word' id='word_1_668' title='bbox 2750 2048 2990 2102; x_wconf 88' lang='lat' dir='ltr'><strong><em>umbram</em></strong></span> <span class='ocrx_word' id='word_1_669' title='bbox 3020 2047 3372 2102; x_wconf 88' lang='lat' dir='ltr'><strong><em>dubitationis</em></strong></span> <span class='ocrx_word' id='word_1_670' title='bbox 3401 2049 3577 2118; x_wconf 91' lang='lat' dir='ltr'><strong><em>impn-</em></strong></span> 
     </span>
    </p>
   </div>
   <div class='ocr_carea' id='block_1_83' title="bbox 1984 2139 3579 2212">
    <p class='ocr_par' dir='ltr' id='par_1_83' title="bbox 1984 2139 3579 2212">
     <span class='ocr_line' id='line_1_83' title="bbox 1984 2139 3579 2212; baseline -0.005 -12"><span class='ocrx_word' id='word_1_671' title='bbox 1984 2144 2233 2200; x_wconf 89' lang='lat' dir='ltr'><strong><em>dentibus</em></strong></span> <span class='ocrx_word' id='word_1_672' title='bbox 2262 2142 2622 2212; x_wconf 90' lang='lat' dir='ltr'><strong><em>improbisque</em></strong></span> <span class='ocrx_word' id='word_1_673' title='bbox 2650 2140 2934 2210; x_wconf 88' lang='lat' dir='ltr'><strong><em>relinquat.</em></strong></span> <span class='ocrx_word' id='word_1_674' title='bbox 2963 2139 3018 2194; x_wconf 92' lang='lat' dir='ltr'><strong><em>Si</em></strong></span> <span class='ocrx_word' id='word_1_675' title='bbox 3049 2155 3175 2194; x_wconf 89' lang='lat' dir='ltr'><strong><em>vero</em></strong></span> <span class='ocrx_word' id='word_1_676' title='bbox 3217 2139 3458 2208; x_wconf 88' lang='lat' dir='ltr'><strong><em>exempla</em></strong></span> <span class='ocrx_word' id='word_1_677' title='bbox 3489 2140 3579 2192; x_wconf 86' lang='lat' dir='ltr'><strong><em>illa</em></strong></span> 
     </span>
    </p>
   </div>
   <div class='ocr_carea' id='block_1_84' title="bbox 1985 2231 3579 2308">
    <p class='ocr_par' dir='ltr' id='par_1_84' title="bbox 1985 2231 3579 2308">
     <span class='ocr_line' id='line_1_84' title="bbox 1985 2231 3579 2308; baseline -0.004 -17"><span class='ocrx_word' id='word_1_678' title='bbox 1985 2237 2176 2308; x_wconf 90' lang='lat' dir='ltr'><strong><em>quibus</em></strong></span> <span class='ocrx_word' id='word_1_679' title='bbox 2193 2236 2360 2291; x_wconf 88' lang='lat' dir='ltr'><strong><em>utitur</em></strong></span> <span class='ocrx_word' id='word_1_680' title='bbox 2380 2235 2499 2290; x_wconf 86' lang='lat' dir='ltr'><strong><em>vilia</em></strong></span> <span class='ocrx_word' id='word_1_681' title='bbox 2518 2236 2624 2289; x_wconf 91' lang='lat' dir='ltr'><strong><em>sint</em></strong></span> <span class='ocrx_word' id='word_1_682' title='bbox 2641 2243 2694 2288; x_wconf 91' lang='lat' dir='ltr'><strong><em>et</em></strong></span> <span class='ocrx_word' id='word_1_683' title='bbox 2712 2233 3082 2303; x_wconf 89' lang='lat' dir='ltr'><strong><em>incomposita,</em></strong></span> <span class='ocrx_word' id='word_1_684' title='bbox 3107 2247 3173 2286; x_wconf 86' lang='lat' dir='ltr'><strong><em>ne</em></strong></span> <span class='ocrx_word' id='word_1_685' title='bbox 3190 2231 3398 2286; x_wconf 89' lang='lat' dir='ltr'><strong><em>mireris</em></strong></span> <span class='ocrx_word' id='word_1_686' title='bbox 3417 2247 3438 2295; x_wconf 62' lang='lat'><strong><em>;.</em></strong></span> <span class='ocrx_word' id='word_1_687' title='bbox 3454 2248 3579 2285; x_wconf 90' lang='lat' dir='ltr'><strong><em>nam</em></strong></span> 
     </span>
    </p>
   </div>
   <div class='ocr_carea' id='block_1_85' title="bbox 1987 2323 3584 2394">
    <p class='ocr_par' dir='ltr' id='par_1_85' title="bbox 1987 2323 3584 2394">
     <span class='ocr_line' id='line_1_85' title="bbox 1987 2323 3584 2394; baseline -0.004 -10"><span class='ocrx_word' id='word_1_688' title='bbox 1987 2331 2051 2384; x_wconf 91' lang='lat' dir='ltr'><strong><em>ad</em></strong></span> <span class='ocrx_word' id='word_1_689' title='bbox 2083 2330 2386 2386; x_wconf 90' lang='lat' dir='ltr'><strong><em>auditorum</em></strong></span> <span class='ocrx_word' id='word_1_690' title='bbox 2417 2328 2779 2383; x_wconf 76' lang='lat' dir='ltr'><strong><em>infirmitatem</em></strong></span> <span class='ocrx_word' id='word_1_691' title='bbox 2810 2341 2931 2381; x_wconf 79' lang='lat' dir='ltr'><strong><em>sese</em></strong></span> <span class='ocrx_word' id='word_1_692' title='bbox 2955 2325 3187 2394; x_wconf 87' lang='lat' dir='ltr'><strong><em>aptabat.</em></strong></span> <span class='ocrx_word' id='word_1_693' title='bbox 3223 2323 3498 2394; x_wconf 86' lang='lat' dir='ltr'><strong><em>Siquidem</em></strong></span> <span class='ocrx_word' id='word_1_694' title='bbox 3529 2335 3584 2377; x_wconf 89' lang='lat' dir='ltr'><strong><em>et</em></strong></span> 
     </span>
    </p>
   </div>
   <div class='ocr_carea' id='block_1_86' title="bbox 1991 2415 3583 2489">
    <p class='ocr_par' dir='ltr' id='par_1_86' title="bbox 1991 2415 3583 2489">
     <span class='ocr_line' id='line_1_86' title="bbox 1991 2415 3583 2489; baseline -0.006 -12"><span class='ocrx_word' id='word_1_695' title='bbox 1991 2422 2239 2478; x_wconf 82' lang='lat' dir='ltr'><strong><em>Ezechiel</em></strong></span> <span class='ocrx_word' id='word_1_696' title='bbox 2273 2421 2436 2475; x_wconf 90' lang='lat' dir='ltr'><strong><em>multa</em></strong></span> <span class='ocrx_word' id='word_1_697' title='bbox 2467 2419 2621 2474; x_wconf 80' lang='lat' dir='ltr'><strong><em>affert</em></strong></span> <span class='ocrx_word' id='word_1_698' title='bbox 2649 2419 2892 2489; x_wconf 82' lang='lat' dir='ltr'><strong><em>exempla</em></strong></span> <span class='ocrx_word' id='word_1_699' title='bbox 2925 2419 3027 2472; x_wconf 90' lang='lat' dir='ltr'><strong><em>illis</em></strong></span> <span class='ocrx_word' id='word_1_700' title='bbox 3056 2428 3373 2487; x_wconf 80' lang='lat' dir='ltr'><strong><em>Opportuna,</em></strong></span> <span class='ocrx_word' id='word_1_701' title='bbox 3401 2426 3452 2469; x_wconf 91' lang='lat' dir='ltr'><strong><em>et</em></strong></span> <span class='ocrx_word' id='word_1_702' title='bbox 3492 2415 3583 2469; x_wconf 92' lang='lat' dir='ltr'><strong><em>Dei</em></strong></span> 
     </span>
    </p>
   </div>
   <div class='ocr_carea' id='block_1_87' title="bbox 1990 2505 3584 2583">
    <p class='ocr_par' dir='ltr' id='par_1_87' title="bbox 1990 2505 3584 2583">
     <span class='ocr_line' id='line_1_87' title="bbox 1990 2505 3584 2583; baseline -0.006 -16"><span class='ocrx_word' id='word_1_703' title='bbox 1990 2513 2270 2583; x_wconf 81' lang='lat' dir='ltr'><strong><em>majeState</em></strong></span> <span class='ocrx_word' id='word_1_704' title='bbox 2299 2511 2510 2581; x_wconf 84' lang='lat' dir='ltr'><strong><em>indigna</em></strong></span> <span class='ocrx_word' id='word_1_705' title='bbox 2545 2510 2768 2580; x_wconf 73' lang='lat' dir='ltr'><strong><em>(Ezeeh.</em></strong></span> <span class='ocrx_word' id='word_1_706' title='bbox 2810 2509 2844 2563; x_wconf 76' lang='grc'>4</span> <span class='ocrx_word' id='word_1_707' title='bbox 2883 2519 2929 2562; x_wconf 92' lang='lat' dir='ltr'><strong><em>et</em></strong></span> <span class='ocrx_word' id='word_1_708' title='bbox 2969 2509 3034 2563; x_wconf 82' lang='grc'>16</span> <span class='ocrx_word' id='word_1_709' title='bbox 3059 2509 3097 2578; x_wconf 92' lang='grc'><strong><em>).</em></strong></span> <span class='ocrx_word' id='word_1_710' title='bbox 3147 2507 3340 2562; x_wconf 83' lang='lat' dir='ltr'><strong><em>Verum</em></strong></span> <span class='ocrx_word' id='word_1_711' title='bbox 3385 2516 3438 2561; x_wconf 92' lang='lat' dir='ltr'><strong><em>et</em></strong></span> <span class='ocrx_word' id='word_1_712' title='bbox 3485 2505 3584 2558; x_wconf 88' lang='lat' dir='ltr'><strong><em>hoe</em></strong></span> 
     </span>
    </p>
   </div>
   <div class='ocr_carea' id='block_1_88' title="bbox 1990 2601 3586 2677">
    <p class='ocr_par' dir='ltr' id='par_1_88' title="bbox 1990 2601 3586 2677">
     <span class='ocr_line' id='line_1_88' title="bbox 1990 2601 3586 2677; baseline -0.006 -16"><span class='ocrx_word' id='word_1_713' title='bbox 1990 2607 2150 2661; x_wconf 86' lang='lat' dir='ltr'><strong><em>etiam</em></strong></span> <span class='ocrx_word' id='word_1_714' title='bbox 2177 2607 2390 2677; x_wconf 86' lang='lat' dir='ltr'><strong><em>dignum</em></strong></span> <span class='ocrx_word' id='word_1_715' title='bbox 2420 2613 2503 2660; x_wconf 87' lang='lat' dir='ltr'><strong><em>cst</em></strong></span> <span class='ocrx_word' id='word_1_716' title='bbox 2530 2604 2694 2674; x_wconf 89' lang='lat' dir='ltr'><strong><em>ipsius</em></strong></span> <span class='ocrx_word' id='word_1_717' title='bbox 2723 2602 3072 2672; x_wconf 83' lang='lat' dir='ltr'><strong><em>providentia.</em></strong></span> <span class='ocrx_word' id='word_1_718' title='bbox 3105 2601 3391 2657; x_wconf 86' lang='lat' dir='ltr'><strong><em>Considera</em></strong></span> <span class='ocrx_word' id='word_1_719' title='bbox 3425 2614 3586 2669; x_wconf 90' lang='lat' dir='ltr'><strong><em>porro</em></strong></span> 
     </span>
    </p>
   </div>
   <div class='ocr_carea' id='block_1_89' title="bbox 1993 2692 3587 2754">
    <p class='ocr_par' dir='ltr' id='par_1_89' title="bbox 1993 2692 3587 2754">
     <span class='ocr_line' id='line_1_89' title="bbox 1993 2692 3587 2754; baseline -0.007 -1"><span class='ocrx_word' id='word_1_720' title='bbox 1993 2700 2109 2754; x_wconf 91' lang='lat' dir='ltr'><strong><em>illos</em></strong></span> <span class='ocrx_word' id='word_1_721' title='bbox 2136 2700 2296 2752; x_wconf 90' lang='lat' dir='ltr'><strong><em>etiam</em></strong></span> <span class='ocrx_word' id='word_1_722' title='bbox 2332 2696 2549 2751; x_wconf 87' lang='lat' dir='ltr'><strong><em>aliunde</em></strong></span> <span class='ocrx_word' id='word_1_723' title='bbox 2589 2695 2642 2749; x_wconf 94' lang='lat' dir='ltr'><strong><em>in</em></strong></span> <span class='ocrx_word' id='word_1_724' title='bbox 2680 2694 2974 2749; x_wconf 89' lang='lat' dir='ltr'><strong><em>contrarias</em></strong></span> <span class='ocrx_word' id='word_1_725' title='bbox 3001 2692 3326 2748; x_wconf 79' lang='lat' dir='ltr'><strong><em>circumferri</em></strong></span> <span class='ocrx_word' id='word_1_726' title='bbox 3360 2700 3587 2745; x_wconf 78' lang='lat' dir='ltr'><strong><em>sentcn-</em></strong></span> 
     </span>
    </p>
   </div>
   <div class='ocr_carea' id='block_1_90' title="bbox 1995 2784 3583 2848">
    <p class='ocr_par' dir='ltr' id='par_1_90' title="bbox 1995 2784 3583 2848">
     <span class='ocr_line' id='line_1_90' title="bbox 1995 2784 3583 2848; baseline -0.005 -4"><span class='ocrx_word' id='word_1_727' title='bbox 1995 2792 2114 2844; x_wconf 89' lang='lat' dir='ltr'><strong><em>tias.</em></strong></span> <span class='ocrx_word' id='word_1_728' title='bbox 2143 2789 2275 2844; x_wconf 86' lang='lat' dir='ltr'><strong><em>Nam</em></strong></span> <span class='ocrx_word' id='word_1_729' title='bbox 2295 2805 2414 2844; x_wconf 91' lang='lat' dir='ltr'><strong><em>eum</em></strong></span> <span class='ocrx_word' id='word_1_730' title='bbox 2435 2788 2692 2842; x_wconf 91' lang='lat' dir='ltr'><strong><em>Joannem</em></strong></span> <span class='ocrx_word' id='word_1_731' title='bbox 2723 2787 2981 2840; x_wconf 77' lang='lat' dir='ltr'><strong><em>dixissent</em></strong></span> <span class='ocrx_word' id='word_1_732' title='bbox 3000 2785 3321 2839; x_wconf 66' lang='lat' dir='ltr'><strong><em>daemonium</em></strong></span> <span class='ocrx_word' id='word_1_733' title='bbox 3362 2784 3583 2848; x_wconf 86' lang='lat' dir='ltr'><strong><em>habere,</em></strong></span> 
     </span>
    </p>
   </div>
   <div class='ocr_carea' id='block_1_91' title="bbox 1995 2877 3590 2948">
    <p class='ocr_par' dir='ltr' id='par_1_91' title="bbox 1995 2877 3590 2948">
     <span class='ocr_line' id='line_1_91' title="bbox 1995 2877 3590 2948; baseline -0.007 -11"><span class='ocrx_word' id='word_1_734' title='bbox 1995 2900 2102 2937; x_wconf 89' lang='lat' dir='ltr'><strong><em>non</em></strong></span> <span class='ocrx_word' id='word_1_735' title='bbox 2132 2883 2218 2937; x_wconf 91' lang='lat' dir='ltr'><strong><em>hic</em></strong></span> <span class='ocrx_word' id='word_1_736' title='bbox 2246 2888 2545 2946; x_wconf 87' lang='lat' dir='ltr'><strong><em>steterunt,</em></strong></span> <span class='ocrx_word' id='word_1_737' title='bbox 2577 2879 2672 2935; x_wconf 89' lang='lat' dir='ltr'><strong><em>sed</em></strong></span> <span class='ocrx_word' id='word_1_738' title='bbox 2702 2879 2802 2934; x_wconf 92' lang='lat' dir='ltr'><strong><em>hoc</em></strong></span> <span class='ocrx_word' id='word_1_739' title='bbox 2830 2880 3001 2948; x_wconf 91' lang='lat' dir='ltr'><strong><em>ipsum</em></strong></span> <span class='ocrx_word' id='word_1_740' title='bbox 3031 2877 3096 2932; x_wconf 88' lang='lat' dir='ltr'><strong><em>de</em></strong></span> <span class='ocrx_word' id='word_1_741' title='bbox 3123 2877 3334 2931; x_wconf 82' lang='lat' dir='ltr'><strong><em>Christo</em></strong></span> <span class='ocrx_word' id='word_1_742' title='bbox 3376 2886 3590 2930; x_wconf 70' lang='lat' dir='ltr'><strong><em>contra-</em></strong></span> 
     </span>
    </p>
   </div>
   <div class='ocr_carea' id='block_1_92' title="bbox 1996 2969 3589 3039">
    <p class='ocr_par' dir='ltr' id='par_1_92' title="bbox 1996 2969 3589 3039">
     <span class='ocr_line' id='line_1_92' title="bbox 1996 2969 3589 3039; baseline -0.006 -9"><span class='ocrx_word' id='word_1_743' title='bbox 1996 2976 2076 3030; x_wconf 93' lang='lat' dir='ltr'><strong><em>rio</em></strong></span> <span class='ocrx_word' id='word_1_744' title='bbox 2105 2974 2265 3028; x_wconf 91' lang='lat' dir='ltr'><strong><em>modo</em></strong></span> <span class='ocrx_word' id='word_1_745' title='bbox 2291 2973 2499 3027; x_wconf 81' lang='lat' dir='ltr'><strong><em>vivente</em></strong></span> <span class='ocrx_word' id='word_1_746' title='bbox 2529 2971 2778 3026; x_wconf 83' lang='lat' dir='ltr'><strong><em>dixerunt</em></strong></span> <span class='ocrx_word' id='word_1_747' title='bbox 2819 2988 2832 3024; x_wconf 89' lang='lat'><strong>:</strong></span> <span class='ocrx_word' id='word_1_748' title='bbox 2875 2972 2950 3025; x_wconf 89' lang='lat' dir='ltr'><strong><em>sic</em></strong></span> <span class='ocrx_word' id='word_1_749' title='bbox 2976 2986 3187 3039; x_wconf 89' lang='lat' dir='ltr'><strong><em>semper</em></strong></span> <span class='ocrx_word' id='word_1_750' title='bbox 3216 2971 3265 3023; x_wconf 93' lang='lat' dir='ltr'><strong><em>in</em></strong></span> <span class='ocrx_word' id='word_1_751' title='bbox 3293 2969 3589 3024; x_wconf 76' lang='lat' dir='ltr'><strong><em>sententias</em></strong></span> 
     </span>
    </p>
   </div>
   <div class='ocr_carea' id='block_1_93' title="bbox 1996 3057 3592 3134">
    <p class='ocr_par' dir='ltr' id='par_1_93' title="bbox 1996 3057 3592 3134">
     <span class='ocr_line' id='line_1_93' title="bbox 1996 3057 3592 3134; baseline -0.005 -14"><span class='ocrx_word' id='word_1_752' title='bbox 1996 3081 2177 3121; x_wconf 86' lang='lat' dir='ltr'><strong><em>secum</em></strong></span> <span class='ocrx_word' id='word_1_753' title='bbox 2204 3073 2498 3134; x_wconf 78' lang='lat' dir='ltr'><strong><em>pugnantes</em></strong></span> <span class='ocrx_word' id='word_1_754' title='bbox 2541 3061 2936 3117; x_wconf 77' lang='lat' dir='ltr'><strong><em>deferebantur.</em></strong></span> <span class='ocrx_word' id='word_1_755' title='bbox 2989 3061 3155 3114; x_wconf 83' lang='lat' dir='ltr'><strong><em>Lucas</em></strong></span> <span class='ocrx_word' id='word_1_756' title='bbox 3196 3075 3322 3114; x_wconf 85' lang='lat' dir='ltr'><strong><em>vero</em></strong></span> <span class='ocrx_word' id='word_1_757' title='bbox 3355 3073 3473 3111; x_wconf 89' lang='lat' dir='ltr'><strong><em>cum</em></strong></span> <span class='ocrx_word' id='word_1_758' title='bbox 3509 3057 3592 3112; x_wconf 88' lang='lat' dir='ltr'><strong><em>his</em></strong></span> 
     </span>
    </p>
   </div>
   <div class='ocr_carea' id='block_1_94' title="bbox 1998 3152 3587 3227">
    <p class='ocr_par' dir='ltr' id='par_1_94' title="bbox 1998 3152 3587 3227">
     <span class='ocr_line' id='line_1_94' title="bbox 1998 3152 3587 3227; baseline -0.006 -15"><span class='ocrx_word' id='word_1_759' title='bbox 1998 3158 2158 3212; x_wconf 87' lang='lat' dir='ltr'><strong><em>aliam</em></strong></span> <span class='ocrx_word' id='word_1_760' title='bbox 2185 3172 2398 3227; x_wconf 89' lang='lat' dir='ltr'><strong><em>quoque</em></strong></span> <span class='ocrx_word' id='word_1_761' title='bbox 2439 3154 2696 3224; x_wconf 88' lang='lat' dir='ltr'><strong><em>majorem</em></strong></span> <span class='ocrx_word' id='word_1_762' title='bbox 2738 3153 2891 3208; x_wconf 81' lang='lat' dir='ltr'><strong><em>allert</em></strong></span> <span class='ocrx_word' id='word_1_763' title='bbox 2929 3168 3113 3208; x_wconf 88' lang='lat' dir='ltr'><strong><em>eorum</em></strong></span> <span class='ocrx_word' id='word_1_764' title='bbox 3163 3152 3587 3214; x_wconf 79' lang='lat' dir='ltr'><strong><em>accusationem,</em></strong></span> 
     </span>
    </p>
   </div>
   <div class='ocr_carea' id='block_1_95' title="bbox 1999 3244 3590 3316">
    <p class='ocr_par' dir='ltr' id='par_1_95' title="bbox 1999 3244 3590 3316">
     <span class='ocr_line' id='line_1_95' title="bbox 1999 3244 3590 3316; baseline -0.005 -12"><span class='ocrx_word' id='word_1_765' title='bbox 1999 3250 2226 3305; x_wconf 87' lang='lat' dir='ltr'><strong><em>dicens:</em></strong></span> <span class='ocrx_word' id='word_1_766' title='bbox 2272 3248 2542 3302; x_wconf 84' lang='lat' dir='ltr'><strong><em>Publicani</em></strong></span> <span class='ocrx_word' id='word_1_767' title='bbox 2587 3247 2717 3300; x_wconf 88' lang='lat' dir='ltr'><strong><em>enim</em></strong></span> <span class='ocrx_word' id='word_1_768' title='bbox 2756 3247 3158 3316; x_wconf 71' lang='lat' dir='ltr'><strong><em>justiﬁcat&#39;crunt</em></strong></span> <span class='ocrx_word' id='word_1_769' title='bbox 3207 3244 3396 3309; x_wconf 86' lang='lat' dir='ltr'><strong><em>Deum,</em></strong></span> <span class='ocrx_word' id='word_1_770' title='bbox 3429 3245 3590 3298; x_wconf 87' lang='lat' dir='ltr'><strong><em>susci-</em></strong></span> 
     </span>
    </p>
   </div>
   <div class='ocr_carea' id='block_1_96' title="bbox 2004 3335 3588 3411">
    <p class='ocr_par' dir='ltr' id='par_1_96' title="bbox 2004 3335 3588 3411">
     <span class='ocr_line' id='line_1_96' title="bbox 2004 3335 3588 3411; baseline -0.005 -17"><span class='ocrx_word' id='word_1_771' title='bbox 2004 3343 2195 3411; x_wconf 84' lang='lat' dir='ltr'><strong><em>pientes</em></strong></span> <span class='ocrx_word' id='word_1_772' title='bbox 2223 3339 2475 3409; x_wconf 87' lang='lat' dir='ltr'><strong><em>baptisma</em></strong></span> <span class='ocrx_word' id='word_1_773' title='bbox 2518 3339 2734 3391; x_wconf 85' lang='lat' dir='ltr'><strong><em>Joannis</em></strong></span> <span class='ocrx_word' id='word_1_774' title='bbox 2766 3337 2926 3407; x_wconf 87' lang='lat' dir='ltr'><strong><em>(Luc.</em></strong></span> <span class='ocrx_word' id='word_1_775' title='bbox 2961 3337 3010 3388; x_wconf 84' lang='lat'><strong><em>7.</em></strong></span> <span class='ocrx_word' id='word_1_776' title='bbox 3041 3337 3110 3389; x_wconf 72' lang='grc'><strong><em>29</em></strong></span> <span class='ocrx_word' id='word_1_777' title='bbox 3132 3337 3170 3407; x_wconf 93' lang='grc'><strong><em>).</em></strong></span> <span class='ocrx_word' id='word_1_778' title='bbox 3201 3335 3351 3388; x_wconf 82' lang='lat' dir='ltr'><strong><em>Tunc</em></strong></span> <span class='ocrx_word' id='word_1_779' title='bbox 3376 3336 3588 3389; x_wconf 82' lang='lat' dir='ltr'><strong><em>demum</em></strong></span> 
     </span>
    </p>
   </div>
   <div class='ocr_carea' id='block_1_97' title="bbox 2001 3427 3588 3499">
    <p class='ocr_par' dir='ltr' id='par_1_97' title="bbox 2001 3427 3588 3499">
     <span class='ocr_line' id='line_1_97' title="bbox 2001 3427 3588 3499; baseline -0.004 -17"><span class='ocrx_word' id='word_1_780' title='bbox 2001 3431 2302 3486; x_wconf 71' lang='lat' dir='ltr'><strong><em>civitatibus</em></strong></span> <span class='ocrx_word' id='word_1_781' title='bbox 2339 3430 2658 3499; x_wconf 79' lang='lat' dir='ltr'><strong><em>exprobrat,</em></strong></span> <span class='ocrx_word' id='word_1_782' title='bbox 2704 3443 2822 3482; x_wconf 90' lang='lat' dir='ltr'><strong><em>cum</em></strong></span> <span class='ocrx_word' id='word_1_783' title='bbox 2849 3428 3133 3497; x_wconf 87' lang='lat' dir='ltr'><strong><em>jnstilicata</em></strong></span> <span class='ocrx_word' id='word_1_784' title='bbox 3165 3427 3261 3479; x_wconf 74' lang='lat' dir='ltr'><strong><em>fuit</em></strong></span> <span class='ocrx_word' id='word_1_785' title='bbox 3287 3427 3542 3494; x_wconf 81' lang='lat' dir='ltr'><strong><em>Sapientia</em></strong></span> <span class='ocrx_word' id='word_1_786' title='bbox 3574 3467 3588 3488; x_wconf 91' lang='lat'><strong><em>,</em></strong></span> 
     </span>
    </p>
   </div>
   <div class='ocr_carea' id='block_1_98' title="bbox 2002 3516 3592 3592">
    <p class='ocr_par' dir='ltr' id='par_1_98' title="bbox 2002 3516 3592 3592">
     <span class='ocr_line' id='line_1_98' title="bbox 2002 3516 3592 3592; baseline -0.005 -16"><span class='ocrx_word' id='word_1_787' title='bbox 2002 3523 2214 3592; x_wconf 90' lang='lat' dir='ltr'><strong><em>quando</em></strong></span> <span class='ocrx_word' id='word_1_788' title='bbox 2236 3521 2410 3576; x_wconf 90' lang='lat' dir='ltr'><strong><em>omnia</em></strong></span> <span class='ocrx_word' id='word_1_789' title='bbox 2433 3520 2650 3589; x_wconf 88' lang='lat' dir='ltr'><strong><em>impleta</em></strong></span> <span class='ocrx_word' id='word_1_790' title='bbox 2679 3519 2839 3574; x_wconf 77' lang='lat' dir='ltr'><strong><em>fuisse</em></strong></span> <span class='ocrx_word' id='word_1_791' title='bbox 2861 3519 3263 3572; x_wconf 83' lang='lat' dir='ltr'><strong><em>demonstravit.</em></strong></span> <span class='ocrx_word' id='word_1_792' title='bbox 3293 3517 3422 3584; x_wconf 85' lang='lat' dir='ltr'><strong><em>Quia</em></strong></span> <span class='ocrx_word' id='word_1_793' title='bbox 3451 3516 3592 3570; x_wconf 89' lang='lat' dir='ltr'><strong><em>enim</em></strong></span> 
     </span>
    </p>
   </div>
   <div class='ocr_carea' id='block_1_99' title="bbox 2004 3609 3594 3683">
    <p class='ocr_par' dir='ltr' id='par_1_99' title="bbox 2004 3609 3594 3683">
     <span class='ocr_line' id='line_1_99' title="bbox 2004 3609 3594 3683; baseline -0.005 -14"><span class='ocrx_word' id='word_1_794' title='bbox 2004 3615 2055 3669; x_wconf 92' lang='lat' dir='ltr'><strong><em>id</em></strong></span> <span class='ocrx_word' id='word_1_795' title='bbox 2088 3630 2192 3669; x_wconf 91' lang='lat' dir='ltr'><strong><em>non</em></strong></span> <span class='ocrx_word' id='word_1_796' title='bbox 2233 3613 2496 3683; x_wconf 88' lang='lat' dir='ltr'><strong><em>persuasit</em></strong></span> <span class='ocrx_word' id='word_1_797' title='bbox 2537 3613 2672 3676; x_wconf 91' lang='lat' dir='ltr'><strong><em>illis,</em></strong></span> <span class='ocrx_word' id='word_1_798' title='bbox 2717 3612 2940 3665; x_wconf 90' lang='lat' dir='ltr'><strong><em>miseros</em></strong></span> <span class='ocrx_word' id='word_1_799' title='bbox 2975 3611 3090 3664; x_wconf 90' lang='lat' dir='ltr'><strong><em>illos</em></strong></span> <span class='ocrx_word' id='word_1_800' title='bbox 3132 3610 3415 3679; x_wconf 82' lang='lat' dir='ltr'><strong><em>praedicat;</em></strong></span> <span class='ocrx_word' id='word_1_801' title='bbox 3456 3609 3594 3678; x_wconf 80' lang='lat' dir='ltr'><strong><em>quod</em></strong></span> 
     </span>
    </p>
   </div>
   <div class='ocr_carea' id='block_1_100' title="bbox 2007 3702 3596 3777">
    <p class='ocr_par' dir='ltr' id='par_1_100' title="bbox 2007 3702 3596 3777">
     <span class='ocr_line' id='line_1_100' title="bbox 2007 3702 3596 3777; baseline -0.006 -15"><span class='ocrx_word' id='word_1_802' title='bbox 2007 3707 2158 3777; x_wconf 89' lang='lat' dir='ltr'><strong><em>pejus</em></strong></span> <span class='ocrx_word' id='word_1_803' title='bbox 2178 3715 2260 3762; x_wconf 90' lang='lat' dir='ltr'><strong><em>est</em></strong></span> <span class='ocrx_word' id='word_1_804' title='bbox 2279 3721 2439 3776; x_wconf 88' lang='lat' dir='ltr'><strong><em>quam</em></strong></span> <span class='ocrx_word' id='word_1_805' title='bbox 2457 3706 2500 3759; x_wconf 88' lang='lat' dir='ltr'><strong><em>si</em></strong></span> <span class='ocrx_word' id='word_1_806' title='bbox 2519 3705 2978 3774; x_wconf 71' lang='lat' dir='ltr'><strong><em>perterrefaceret.</em></strong></span> <span class='ocrx_word' id='word_1_807' title='bbox 3004 3703 3211 3757; x_wconf 86' lang='lat' dir='ltr'><strong><em>Etenim</em></strong></span> <span class='ocrx_word' id='word_1_808' title='bbox 3231 3712 3284 3756; x_wconf 85' lang='lat' dir='ltr'><strong><em>et</em></strong></span> <span class='ocrx_word' id='word_1_809' title='bbox 3303 3702 3596 3755; x_wconf 84' lang='lat' dir='ltr'><strong><em>doctrin-am</em></strong></span> 
     </span>
    </p>
   </div>
   <div class='ocr_carea' id='block_1_101' title="bbox 2005 3793 3597 3864">
    <p class='ocr_par' dir='ltr' id='par_1_101' title="bbox 2005 3793 3597 3864">
     <span class='ocr_line' id='line_1_101' title="bbox 2005 3793 3597 3864; baseline -0.004 -11"><span class='ocrx_word' id='word_1_810' title='bbox 2005 3798 2248 3853; x_wconf 91' lang='lat' dir='ltr'><strong><em>adhibuit</em></strong></span> <span class='ocrx_word' id='word_1_811' title='bbox 2285 3808 2340 3854; x_wconf 87' lang='lat' dir='ltr'><strong><em>et</em></strong></span> <span class='ocrx_word' id='word_1_812' title='bbox 2381 3797 2656 3852; x_wconf 89' lang='lat' dir='ltr'><strong><em>miracula.</em></strong></span> <span class='ocrx_word' id='word_1_813' title='bbox 2689 3796 2822 3864; x_wconf 87' lang='lat' dir='ltr'><strong><em>Quia</em></strong></span> <span class='ocrx_word' id='word_1_814' title='bbox 2853 3810 2978 3851; x_wconf 88' lang='lat' dir='ltr'><strong><em>vero</em></strong></span> <span class='ocrx_word' id='word_1_815' title='bbox 3012 3795 3062 3849; x_wconf 94' lang='lat' dir='ltr'><strong><em>in</em></strong></span> <span class='ocrx_word' id='word_1_816' title='bbox 3091 3794 3275 3848; x_wconf 88' lang='lat' dir='ltr'><strong><em>eadem</em></strong></span> <span class='ocrx_word' id='word_1_817' title='bbox 3308 3793 3597 3849; x_wconf 88' lang='lat' dir='ltr'><strong><em>increduli-</em></strong></span> 
     </span>
    </p>
   </div>
   <div class='ocr_carea' id='block_1_102' title="bbox 2009 3884 3594 3956">
    <p class='ocr_par' dir='ltr' id='par_1_102' title="bbox 2009 3884 3594 3956">
     <span class='ocr_line' id='line_1_102' title="bbox 2009 3884 3594 3956; baseline -0.007 -11"><span class='ocrx_word' id='word_1_818' title='bbox 2009 3899 2116 3945; x_wconf 88' lang='lat' dir='ltr'><strong><em>tate</em></strong></span> <span class='ocrx_word' id='word_1_819' title='bbox 2141 3897 2484 3954; x_wconf 88' lang='lat' dir='ltr'><strong><em>manserunt,</em></strong></span> <span class='ocrx_word' id='word_1_820' title='bbox 2513 3888 2728 3942; x_wconf 91' lang='lat' dir='ltr'><strong><em>demum</em></strong></span> <span class='ocrx_word' id='word_1_821' title='bbox 2755 3887 3060 3956; x_wconf 82' lang='lat' dir='ltr'><strong><em>exprobrat.</em></strong></span> <span class='ocrx_word' id='word_1_822' title='bbox 3107 3885 3196 3940; x_wconf 71' lang='lat'><strong><em>20.</em></strong></span> <span class='ocrx_word' id='word_1_823' title='bbox 3241 3884 3386 3938; x_wconf 89' lang='lat' dir='ltr'><strong><em>Tunc</em></strong></span> <span class='ocrx_word' id='word_1_824' title='bbox 3428 3886 3558 3939; x_wconf 86' lang='lat' dir='ltr'><strong><em>enim</em></strong></span> <span class='ocrx_word' id='word_1_825' title='bbox 3582 3926 3594 3946; x_wconf 90' lang='lat'><strong><em>,</em></strong></span> 
     </span>
    </p>
   </div>
   <div class='ocr_carea' id='block_1_103' title="bbox 2006 3976 3598 4049">
    <p class='ocr_par' dir='ltr' id='par_1_103' title="bbox 2006 3976 3598 4049">
     <span class='ocr_line' id='line_1_103' title="bbox 2006 3976 3598 4049; baseline -0.004 -15"><span class='ocrx_word' id='word_1_826' title='bbox 2006 3981 2116 4048; x_wconf 87' lang='lat' dir='ltr'><strong><em>ait,</em></strong></span> <span class='ocrx_word' id='word_1_827' title='bbox 2141 3979 2293 4034; x_wconf 72' lang='lat' dir='ltr'><strong><em>Iesus</em></strong></span> <span class='ocrx_word' id='word_1_828' title='bbox 2323 3980 2469 4049; x_wconf 76' lang='lat' dir='ltr'><strong><em>cwpit</em></strong></span> <span class='ocrx_word' id='word_1_829' title='bbox 2498 3979 2803 4048; x_wconf 75' lang='lat' dir='ltr'><strong><em>exprobrare</em></strong></span> <span class='ocrx_word' id='word_1_830' title='bbox 2833 3976 3136 4042; x_wconf 82' lang='lat' dir='ltr'><strong><em>civitatibus,</em></strong></span> <span class='ocrx_word' id='word_1_831' title='bbox 3165 3978 3218 4029; x_wconf 85' lang='lat' dir='ltr'><strong><em>in</em></strong></span> <span class='ocrx_word' id='word_1_832' title='bbox 3247 3976 3423 4046; x_wconf 86' lang='lat' dir='ltr'><strong><em>quibus</em></strong></span> <span class='ocrx_word' id='word_1_833' title='bbox 3452 3976 3598 4044; x_wconf 74' lang='lat' dir='ltr'><strong><em>facta:</em></strong></span> 
     </span>
    </p>
   </div>
   <div class='ocr_carea' id='block_1_104' title="bbox 2011 4070 3599 4146">
    <p class='ocr_par' dir='ltr' id='par_1_104' title="bbox 2011 4070 3599 4146">
     <span class='ocr_line' id='line_1_104' title="bbox 2011 4070 3599 4146; baseline -0.005 -19"><span class='ocrx_word' id='word_1_834' title='bbox 2011 4079 2208 4146; x_wconf 88' lang='lat' dir='ltr'><strong><em>fuerant</em></strong></span> <span class='ocrx_word' id='word_1_835' title='bbox 2254 4073 2486 4144; x_wconf 77' lang='lat' dir='ltr'><strong><em>plurima:</em></strong></span> <span class='ocrx_word' id='word_1_836' title='bbox 2522 4071 2736 4125; x_wconf 77' lang='lat' dir='ltr'><strong><em>virtutes</em></strong></span> <span class='ocrx_word' id='word_1_837' title='bbox 2759 4072 2903 4142; x_wconf 87' lang='lat' dir='ltr'><strong><em>ejus,</em></strong></span> <span class='ocrx_word' id='word_1_838' title='bbox 2947 4070 3066 4140; x_wconf 79' lang='lat' dir='ltr'><strong><em>quia</em></strong></span> <span class='ocrx_word' id='word_1_839' title='bbox 3115 4070 3456 4138; x_wconf 75' lang='lat' dir='ltr'><strong><em>pcettitcnliain</em></strong></span> <span class='ocrx_word' id='word_1_840' title='bbox 3499 4084 3599 4119; x_wconf 89' lang='lat' dir='ltr'><strong><em>non</em></strong></span> 
     </span>
    </p>
   </div>
   <div class='ocr_carea' id='block_1_105' title="bbox 2007 4159 3598 4237">
    <p class='ocr_par' dir='ltr' id='par_1_105' title="bbox 2007 4159 3598 4237">
     <span class='ocr_line' id='line_1_105' title="bbox 2007 4159 3598 4237; baseline -0.004 -18"><span class='ocrx_word' id='word_1_841' title='bbox 2007 4174 2211 4237; x_wconf 76' lang='lat' dir='ltr'><strong><em>egerunt</em></strong></span> <span class='ocrx_word' id='word_1_842' title='bbox 2235 4206 2251 4230; x_wconf 94' lang='lat'><strong><em>,</em></strong></span> <span class='ocrx_word' id='word_1_843' title='bbox 2283 4165 2454 4218; x_wconf 85' lang='lat' dir='ltr'><strong><em>dicens</em></strong></span> <span class='ocrx_word' id='word_1_844' title='bbox 2487 4163 2620 4218; x_wconf 69' lang='lat'><strong><em>:21.</em></strong></span> <span class='ocrx_word' id='word_1_845' title='bbox 2664 4163 2748 4216; x_wconf 72' lang='lat' dir='ltr'><strong><em>Va:</em></strong></span> <span class='ocrx_word' id='word_1_846' title='bbox 2777 4163 2866 4216; x_wconf 86' lang='lat' dir='ltr'><strong><em>tibi</em></strong></span> <span class='ocrx_word' id='word_1_847' title='bbox 2897 4162 3186 4226; x_wconf 77' lang='lat' dir='ltr'><strong><em>Chorazin;</em></strong></span> <span class='ocrx_word' id='word_1_848' title='bbox 3219 4177 3288 4215; x_wconf 79' lang='lat' dir='ltr'><strong><em>ea:</em></strong></span> <span class='ocrx_word' id='word_1_849' title='bbox 3315 4161 3400 4214; x_wconf 88' lang='lat' dir='ltr'><strong><em>tibi</em></strong></span> <span class='ocrx_word' id='word_1_850' title='bbox 3442 4159 3598 4213; x_wconf 77' lang='lat' dir='ltr'><strong><em>Beth-</em></strong></span> 
     </span>
    </p>
   </div>
   <div class='ocr_carea' id='block_1_106' title="bbox 2007 4251 3596 4316">
    <p class='ocr_par' dir='ltr' id='par_1_106' title="bbox 2007 4251 3596 4316">
     <span class='ocr_line' id='line_1_106' title="bbox 2007 4251 3596 4316; baseline -0.005 -4"><span class='ocrx_word' id='word_1_851' title='bbox 2007 4258 2175 4312; x_wconf 86' lang='lat' dir='ltr'><strong><em>saidu.</em></strong></span> <span class='ocrx_word' id='word_1_852' title='bbox 2221 4256 2420 4310; x_wconf 91' lang='lat' dir='ltr'><strong><em>Deinde</em></strong></span> <span class='ocrx_word' id='word_1_853' title='bbox 2469 4263 2526 4309; x_wconf 91' lang='lat' dir='ltr'><strong><em>ut</em></strong></span> <span class='ocrx_word' id='word_1_854' title='bbox 2570 4255 2745 4310; x_wconf 85' lang='lat' dir='ltr'><strong><em>discas</em></strong></span> <span class='ocrx_word' id='word_1_855' title='bbox 2787 4269 2881 4308; x_wconf 92' lang='lat' dir='ltr'><strong><em>eos</em></strong></span> <span class='ocrx_word' id='word_1_856' title='bbox 2911 4269 3016 4307; x_wconf 91' lang='lat' dir='ltr'><strong><em>non</em></strong></span> <span class='ocrx_word' id='word_1_857' title='bbox 3062 4261 3247 4306; x_wconf 87' lang='lat' dir='ltr'><strong><em>natura</em></strong></span> <span class='ocrx_word' id='word_1_858' title='bbox 3279 4251 3409 4306; x_wconf 88' lang='lat' dir='ltr'><strong><em>tales</em></strong></span> <span class='ocrx_word' id='word_1_859' title='bbox 3437 4266 3596 4316; x_wconf 87' lang='lat' dir='ltr'><strong><em>esse,</em></strong></span> 
     </span>
    </p>
   </div>
   <div class='ocr_carea' id='block_1_107' title="bbox 2009 4345 3602 4418">
    <p class='ocr_par' dir='ltr' id='par_1_107' title="bbox 2009 4345 3602 4418">
     <span class='ocr_line' id='line_1_107' title="bbox 2009 4345 3602 4418; baseline -0.004 -12"><span class='ocrx_word' id='word_1_860' title='bbox 2009 4366 2204 4406; x_wconf 91' lang='lat' dir='ltr'><strong><em>nomen</em></strong></span> <span class='ocrx_word' id='word_1_861' title='bbox 2236 4349 2382 4403; x_wconf 86' lang='lat' dir='ltr'><strong><em>urbis</em></strong></span> <span class='ocrx_word' id='word_1_862' title='bbox 2429 4349 2566 4402; x_wconf 88' lang='lat' dir='ltr'><strong><em>illius</em></strong></span> <span class='ocrx_word' id='word_1_863' title='bbox 2605 4348 2792 4418; x_wconf 91' lang='lat' dir='ltr'><strong><em>ponit,</em></strong></span> <span class='ocrx_word' id='word_1_864' title='bbox 2838 4347 2980 4401; x_wconf 91' lang='lat' dir='ltr'><strong><em>unde</em></strong></span> <span class='ocrx_word' id='word_1_865' title='bbox 3018 4348 3252 4416; x_wconf 90' lang='lat' dir='ltr'><strong><em>quinque</em></strong></span> <span class='ocrx_word' id='word_1_866' title='bbox 3295 4345 3602 4416; x_wconf 89' lang='lat' dir='ltr'><strong><em>prodierant</em></strong></span> 
     </span>
    </p>
   </div>
   <div class='ocr_carea' id='block_1_108' title="bbox 2009 4438 3601 4512">
    <p class='ocr_par' dir='ltr' id='par_1_108' title="bbox 2009 4438 3601 4512">
     <span class='ocr_line' id='line_1_108' title="bbox 2009 4438 3601 4512; baseline -0.004 -15"><span class='ocrx_word' id='word_1_867' title='bbox 2009 4441 2254 4512; x_wconf 87' lang='lat' dir='ltr'><strong><em>apostoli.</em></strong></span> <span class='ocrx_word' id='word_1_868' title='bbox 2278 4439 2408 4495; x_wconf 89' lang='lat' dir='ltr'><strong><em>Nam</em></strong></span> <span class='ocrx_word' id='word_1_869' title='bbox 2436 4440 2710 4508; x_wconf 87' lang='lat' dir='ltr'><strong><em>Philippus</em></strong></span> <span class='ocrx_word' id='word_1_870' title='bbox 2738 4447 2791 4494; x_wconf 90' lang='lat' dir='ltr'><strong><em>et</em></strong></span> <span class='ocrx_word' id='word_1_871' title='bbox 2818 4438 2926 4493; x_wconf 94' lang='lat' dir='ltr'><strong><em>duo</em></strong></span> <span class='ocrx_word' id='word_1_872' title='bbox 2954 4438 3036 4492; x_wconf 88' lang='lat' dir='ltr'><strong><em>illa</em></strong></span> <span class='ocrx_word' id='word_1_873' title='bbox 3067 4439 3477 4509; x_wconf 76' lang='lat' dir='ltr'><strong><em>coryphmornm</em></strong></span> <span class='ocrx_word' id='word_1_874' title='bbox 3509 4452 3601 4507; x_wconf 87' lang='lat' dir='ltr'><strong><em>pa-</em></strong></span> 
     </span>
    </p>
   </div>
   <div class='ocr_carea' id='block_1_109' title="bbox 2010 4529 3600 4604">
    <p class='ocr_par' dir='ltr' id='par_1_109' title="bbox 2010 4529 3600 4604">
     <span class='ocr_line' id='line_1_109' title="bbox 2010 4529 3600 4604; baseline -0.003 -17"><span class='ocrx_word' id='word_1_875' title='bbox 2010 4535 2088 4588; x_wconf 91' lang='lat' dir='ltr'><strong><em>ria</em></strong></span> <span class='ocrx_word' id='word_1_876' title='bbox 2121 4534 2193 4604; x_wconf 88' lang='lat' dir='ltr'><strong><em>(a)</em></strong></span> <span class='ocrx_word' id='word_1_877' title='bbox 2227 4531 2348 4587; x_wconf 90' lang='lat' dir='ltr'><strong><em>inde</em></strong></span> <span class='ocrx_word' id='word_1_878' title='bbox 2373 4541 2544 4586; x_wconf 89' lang='lat' dir='ltr'><strong><em>erant.</em></strong></span> <span class='ocrx_word' id='word_1_879' title='bbox 2580 4532 2711 4596; x_wconf 84' lang='lat' dir='ltr'><strong><em>Quia</em></strong></span> <span class='ocrx_word' id='word_1_880' title='bbox 2753 4531 2796 4583; x_wconf 87' lang='lat' dir='ltr'><strong><em>si</em></strong></span> <span class='ocrx_word' id='word_1_881' title='bbox 2834 4531 2885 4583; x_wconf 90' lang='lat' dir='ltr'><strong><em>in</em></strong></span> <span class='ocrx_word' id='word_1_882' title='bbox 2933 4529 3066 4600; x_wconf 81' lang='lat' dir='ltr'><strong><em>Tyro</em></strong></span> <span class='ocrx_word' id='word_1_883' title='bbox 3108 4539 3154 4584; x_wconf 90' lang='lat' dir='ltr'><strong><em>et</em></strong></span> <span class='ocrx_word' id='word_1_884' title='bbox 3201 4529 3394 4584; x_wconf 88' lang='lat' dir='ltr'><strong><em>Sidone</em></strong></span> <span class='ocrx_word' id='word_1_885' title='bbox 3422 4571 3436 4593; x_wconf 94' lang='lat'><strong><em>,</em></strong></span> <span class='ocrx_word' id='word_1_886' title='bbox 3489 4530 3562 4582; x_wconf 87' lang='lat' dir='ltr'><strong><em>ait</em></strong></span> <span class='ocrx_word' id='word_1_887' title='bbox 3587 4571 3600 4592; x_wconf 87' lang='lat'><strong><em>,</em></strong></span> 
     </span>
    </p>
   </div>
   <div class='ocr_carea' id='block_1_110' title="bbox 2013 4620 3599 4695">
    <p class='ocr_par' dir='ltr' id='par_1_110' title="bbox 2013 4620 3599 4695">
     <span class='ocr_line' id='line_1_110' title="bbox 2013 4620 3599 4695; baseline -0.003 -18"><span class='ocrx_word' id='word_1_888' title='bbox 2013 4627 2160 4695; x_wconf 74' lang='lat' dir='ltr'><strong><em>factm</em></strong></span> <span class='ocrx_word' id='word_1_889' title='bbox 2191 4625 2399 4695; x_wconf 87' lang='lat' dir='ltr'><strong><em>fuissent</em></strong></span> <span class='ocrx_word' id='word_1_890' title='bbox 2429 4624 2654 4684; x_wconf 84' lang='lat' dir='ltr'><strong><em>virtutes,</em></strong></span> <span class='ocrx_word' id='word_1_891' title='bbox 2687 4638 2798 4688; x_wconf 72' lang='lat' dir='ltr'><strong><em>qua:</em></strong></span> <span class='ocrx_word' id='word_1_892' title='bbox 2819 4621 2869 4674; x_wconf 88' lang='lat' dir='ltr'><strong><em>in</em></strong></span> <span class='ocrx_word' id='word_1_893' title='bbox 2893 4620 3027 4674; x_wconf 86' lang='lat' dir='ltr'><strong><em>vobis</em></strong></span> <span class='ocrx_word' id='word_1_894' title='bbox 3056 4621 3204 4690; x_wconf 65' lang='lat' dir='ltr'><strong><em>facta:</em></strong></span> <span class='ocrx_word' id='word_1_895' title='bbox 3231 4631 3368 4688; x_wconf 87' lang='lat' dir='ltr'><strong><em>sunt,</em></strong></span> <span class='ocrx_word' id='word_1_896' title='bbox 3399 4621 3518 4674; x_wconf 89' lang='lat' dir='ltr'><strong><em>olim</em></strong></span> <span class='ocrx_word' id='word_1_897' title='bbox 3551 4621 3599 4673; x_wconf 89' lang='lat' dir='ltr'><strong><em>in</em></strong></span> 
     </span>
    </p>
   </div>
   <div class='ocr_carea' id='block_1_111' title="bbox 2011 4711 3604 4783">
    <p class='ocr_par' dir='ltr' id='par_1_111' title="bbox 2011 4711 3604 4783">
     <span class='ocr_line' id='line_1_111' title="bbox 2011 4711 3604 4783; baseline -0.003 -13"><span class='ocrx_word' id='word_1_898' title='bbox 2011 4733 2155 4770; x_wconf 81' lang='lat' dir='ltr'><strong><em>sacco</em></strong></span> <span class='ocrx_word' id='word_1_899' title='bbox 2193 4726 2237 4768; x_wconf 91' lang='lat' dir='ltr'><strong><em>et</em></strong></span> <span class='ocrx_word' id='word_1_900' title='bbox 2270 4716 2433 4768; x_wconf 89' lang='lat' dir='ltr'><strong><em>cinere</em></strong></span> <span class='ocrx_word' id='word_1_901' title='bbox 2463 4715 2804 4783; x_wconf 71' lang='lat' dir='ltr'><strong><em>paenitentiam</em></strong></span> <span class='ocrx_word' id='word_1_902' title='bbox 2833 4713 3068 4783; x_wconf 80' lang='lat' dir='ltr'><strong><em>egissent.</em></strong></span> <span class='ocrx_word' id='word_1_903' title='bbox 3114 4711 3206 4766; x_wconf 68' lang='lat'><strong><em>22.</em></strong></span> <span class='ocrx_word' id='word_1_904' title='bbox 3248 4711 3604 4766; x_wconf 78' lang='lat' dir='ltr'><strong><em>Verumtamen</em></strong></span> 
     </span>
    </p>
   </div>
   <div class='ocr_carea' id='block_1_112' title="bbox 2013 4803 3604 4875">
    <p class='ocr_par' dir='ltr' id='par_1_112' title="bbox 2013 4803 3604 4875">
     <span class='ocr_line' id='line_1_112' title="bbox 2013 4803 3604 4875; baseline -0.003 -16"><span class='ocrx_word' id='word_1_905' title='bbox 2013 4807 2124 4859; x_wconf 89' lang='lat' dir='ltr'><strong><em>dico</em></strong></span> <span class='ocrx_word' id='word_1_906' title='bbox 2152 4806 2307 4871; x_wconf 82' lang='lat' dir='ltr'><strong><em>vobis,</em></strong></span> <span class='ocrx_word' id='word_1_907' title='bbox 2337 4803 2474 4875; x_wconf 85' lang='lat' dir='ltr'><strong><em>Tyro</em></strong></span> <span class='ocrx_word' id='word_1_908' title='bbox 2503 4814 2548 4858; x_wconf 91' lang='lat' dir='ltr'><strong><em>et</em></strong></span> <span class='ocrx_word' id='word_1_909' title='bbox 2580 4803 2765 4858; x_wconf 90' lang='lat' dir='ltr'><strong><em>Sidoni</em></strong></span> <span class='ocrx_word' id='word_1_910' title='bbox 2792 4804 3048 4858; x_wconf 86' lang='lat' dir='ltr'><strong><em>remissius</em></strong></span> <span class='ocrx_word' id='word_1_911' title='bbox 3077 4804 3170 4857; x_wconf 89' lang='lat' dir='ltr'><strong><em>erit</em></strong></span> <span class='ocrx_word' id='word_1_912' title='bbox 3198 4804 3249 4856; x_wconf 88' lang='lat' dir='ltr'><strong><em>in</em></strong></span> <span class='ocrx_word' id='word_1_913' title='bbox 3279 4803 3361 4857; x_wconf 86' lang='lat' dir='ltr'><strong><em>die</em></strong></span> <span class='ocrx_word' id='word_1_914' title='bbox 3396 4804 3604 4873; x_wconf 80' lang='lat' dir='ltr'><strong><em>judicii,</em></strong></span> 
     </span>
    </p>
   </div>
   <div class='ocr_carea' id='block_1_113' title="bbox 2012 4894 3700 4968">
    <p class='ocr_par' dir='ltr' id='par_1_113' title="bbox 2012 4894 3700 4968">
     <span class='ocr_line' id='line_1_113' title="bbox 2012 4894 3700 4968; baseline -0.002 -18"><span class='ocrx_word' id='word_1_915' title='bbox 2012 4914 2162 4968; x_wconf 86' lang='lat' dir='ltr'><strong><em>quam</em></strong></span> <span class='ocrx_word' id='word_1_916' title='bbox 2187 4897 2342 4951; x_wconf 88' lang='lat' dir='ltr'><strong><em>vobis.</em></strong></span> <span class='ocrx_word' id='word_1_917' title='bbox 2371 4897 2460 4951; x_wconf 71' lang='lat'><strong><em>25.</em></strong></span> <span class='ocrx_word' id='word_1_918' title='bbox 2486 4894 2554 4949; x_wconf 90' lang='lat' dir='ltr'><strong><em>Et</em></strong></span> <span class='ocrx_word' id='word_1_919' title='bbox 2581 4905 2634 4949; x_wconf 90' lang='lat' dir='ltr'><strong><em>tu</em></strong></span> <span class='ocrx_word' id='word_1_920' title='bbox 2655 4896 2971 4964; x_wconf 85' lang='lat' dir='ltr'><strong><em>Capernaum</em></strong></span> <span class='ocrx_word' id='word_1_921' title='bbox 2988 4936 3002 4961; x_wconf 92' lang='lat'><strong><em>,</em></strong></span> <span class='ocrx_word' id='word_1_922' title='bbox 3032 4911 3144 4964; x_wconf 80' lang='lat' dir='ltr'><strong><em>quw</em></strong></span> <span class='ocrx_word' id='word_1_923' title='bbox 3164 4911 3319 4965; x_wconf 88' lang='lat' dir='ltr'><strong><em>usque</em></strong></span> <span class='ocrx_word' id='word_1_924' title='bbox 3345 4895 3413 4948; x_wconf 86' lang='lat' dir='ltr'><strong><em>ad</em></strong></span> <span class='ocrx_word' id='word_1_925' title='bbox 3430 4897 3606 4949; x_wconf 79' lang='lat' dir='ltr'><strong><em>cazlum</em></strong></span> <span class='ocrx_word' id='word_1_926' title='bbox 3698 4897 3700 4900; x_wconf 85' lang='grc'><em>’</em></span> 
     </span>
    </p>
   </div>
   <div class='ocr_carea' id='block_1_114' title="bbox 2013 4986 3605 5057">
    <p class='ocr_par' dir='ltr' id='par_1_114' title="bbox 2013 4986 3605 5057">
     <span class='ocr_line' id='line_1_114' title="bbox 2013 4986 3605 5057; baseline -0.003 -15"><span class='ocrx_word' id='word_1_927' title='bbox 2013 4990 2235 5044; x_wconf 76' lang='lat' dir='ltr'><strong><em>exaltata</em></strong></span> <span class='ocrx_word' id='word_1_928' title='bbox 2263 5004 2315 5042; x_wconf 90' lang='lat' dir='ltr'><strong><em>es</em></strong></span> <span class='ocrx_word' id='word_1_929' title='bbox 2334 5029 2349 5054; x_wconf 91' lang='lat'><strong><em>,</em></strong></span> <span class='ocrx_word' id='word_1_930' title='bbox 2393 5003 2548 5057; x_wconf 88' lang='lat' dir='ltr'><strong><em>usque</em></strong></span> <span class='ocrx_word' id='word_1_931' title='bbox 2583 4987 2652 5039; x_wconf 90' lang='lat' dir='ltr'><strong><em>ad</em></strong></span> <span class='ocrx_word' id='word_1_932' title='bbox 2690 4987 2944 5054; x_wconf 87' lang='lat' dir='ltr'><strong><em>infernum</em></strong></span> <span class='ocrx_word' id='word_1_933' title='bbox 2975 4987 3244 5040; x_wconf 85' lang='lat' dir='ltr'><strong><em>descendes</em></strong></span> <span class='ocrx_word' id='word_1_934' title='bbox 3276 5003 3294 5041; x_wconf 91' lang='lat'><em>:</em></span> <span class='ocrx_word' id='word_1_935' title='bbox 3336 4987 3455 5056; x_wconf 85' lang='lat' dir='ltr'><strong><em>quia</em></strong></span> <span class='ocrx_word' id='word_1_936' title='bbox 3485 4986 3527 5040; x_wconf 89' lang='lat' dir='ltr'><strong><em>si</em></strong></span> <span class='ocrx_word' id='word_1_937' title='bbox 3553 4987 3605 5038; x_wconf 89' lang='lat' dir='ltr'><strong><em>in</em></strong></span> 
     </span>
    </p>
   </div>
   <div class='ocr_carea' id='block_1_115' title="bbox 2015 5076 3606 5149">
    <p class='ocr_par' dir='ltr' id='par_1_115' title="bbox 2015 5076 3606 5149">
     <span class='ocr_line' id='line_1_115' title="bbox 2015 5076 3606 5149; baseline -0.003 -15"><span class='ocrx_word' id='word_1_938' title='bbox 2015 5079 2253 5134; x_wconf 86' lang='lat' dir='ltr'><strong><em>Sodomis</em></strong></span> <span class='ocrx_word' id='word_1_939' title='bbox 2282 5082 2429 5149; x_wconf 81' lang='lat' dir='ltr'><strong><em>facta:</em></strong></span> <span class='ocrx_word' id='word_1_940' title='bbox 2459 5078 2668 5148; x_wconf 83' lang='lat' dir='ltr'><strong><em>fuissent</em></strong></span> <span class='ocrx_word' id='word_1_941' title='bbox 2695 5077 2921 5140; x_wconf 88' lang='lat' dir='ltr'><strong><em>virtutes,</em></strong></span> <span class='ocrx_word' id='word_1_942' title='bbox 2953 5092 3064 5146; x_wconf 72' lang='lat' dir='ltr'><strong><em>qua:</em></strong></span> <span class='ocrx_word' id='word_1_943' title='bbox 3091 5076 3239 5145; x_wconf 72' lang='lat' dir='ltr'><strong><em>factte</em></strong></span> <span class='ocrx_word' id='word_1_944' title='bbox 3263 5087 3382 5129; x_wconf 89' lang='lat' dir='ltr'><strong><em>sunt</em></strong></span> <span class='ocrx_word' id='word_1_945' title='bbox 3424 5077 3476 5131; x_wconf 87' lang='lat' dir='ltr'><strong><em>in</em></strong></span> <span class='ocrx_word' id='word_1_946' title='bbox 3519 5085 3566 5130; x_wconf 87' lang='lat' dir='ltr'><strong><em>te</em></strong></span> <span class='ocrx_word' id='word_1_947' title='bbox 3589 5117 3606 5141; x_wconf 91' lang='lat'><strong><em>,</em></strong></span> 
     </span>
    </p>
   </div>
   <div class='ocr_carea' id='block_1_116' title="bbox 2014 5164 3607 5240">
    <p class='ocr_par' dir='ltr' id='par_1_116' title="bbox 2014 5164 3607 5240">
     <span class='ocr_line' id='line_1_116' title="bbox 2014 5164 3607 5240; baseline -0.001 -17"><span class='ocrx_word' id='word_1_948' title='bbox 2014 5171 2312 5224; x_wconf 82' lang='lat' dir='ltr'><strong><em>mansissent</em></strong></span> <span class='ocrx_word' id='word_1_949' title='bbox 2343 5170 2513 5240; x_wconf 84' lang='lat' dir='ltr'><strong><em>utique</em></strong></span> <span class='ocrx_word' id='word_1_950' title='bbox 2542 5168 2608 5221; x_wconf 89' lang='lat' dir='ltr'><strong><em>ad</em></strong></span> <span class='ocrx_word' id='word_1_951' title='bbox 2637 5168 2767 5221; x_wconf 84' lang='lat' dir='ltr'><strong><em>hanc</em></strong></span> <span class='ocrx_word' id='word_1_952' title='bbox 2798 5167 2950 5220; x_wconf 86' lang='lat' dir='ltr'><strong><em>diem.</em></strong></span> <span class='ocrx_word' id='word_1_953' title='bbox 2979 5164 3072 5221; x_wconf 61' lang='lat'><strong><em>‘24.</em></strong></span> <span class='ocrx_word' id='word_1_954' title='bbox 3113 5165 3466 5222; x_wconf 86' lang='lat' dir='ltr'><strong><em>Verumtamen</em></strong></span> <span class='ocrx_word' id='word_1_955' title='bbox 3495 5167 3607 5221; x_wconf 75' lang='lat' dir='ltr'><strong><em>dies</em></strong></span> 
     </span>
    </p>
   </div>
   <div class='ocr_carea' id='block_1_117' title="bbox 2015 5258 3608 5331">
    <p class='ocr_par' dir='ltr' id='par_1_117' title="bbox 2015 5258 3608 5331">
     <span class='ocr_line' id='line_1_117' title="bbox 2015 5258 3608 5331; baseline -0.003 -15"><span class='ocrx_word' id='word_1_956' title='bbox 2015 5263 2151 5316; x_wconf 88' lang='lat' dir='ltr'><strong><em>vobis</em></strong></span> <span class='ocrx_word' id='word_1_957' title='bbox 2176 5302 2190 5326; x_wconf 97' lang='lat'><strong><em>,</em></strong></span> <span class='ocrx_word' id='word_1_958' title='bbox 2232 5262 2349 5331; x_wconf 87' lang='lat' dir='ltr'><strong><em>quia</em></strong></span> <span class='ocrx_word' id='word_1_959' title='bbox 2391 5271 2536 5314; x_wconf 76' lang='lat' dir='ltr'><strong><em>terra:</em></strong></span> <span class='ocrx_word' id='word_1_960' title='bbox 2565 5259 2906 5314; x_wconf 86' lang='lat' dir='ltr'><strong><em>Sodomorum</em></strong></span> <span class='ocrx_word' id='word_1_961' title='bbox 2939 5258 3197 5312; x_wconf 82' lang='lat' dir='ltr'><strong><em>remissius</em></strong></span> <span class='ocrx_word' id='word_1_962' title='bbox 3221 5258 3313 5312; x_wconf 88' lang='lat' dir='ltr'><strong><em>erit</em></strong></span> <span class='ocrx_word' id='word_1_963' title='bbox 3340 5259 3392 5312; x_wconf 85' lang='lat' dir='ltr'><strong><em>in</em></strong></span> <span class='ocrx_word' id='word_1_964' title='bbox 3419 5259 3500 5312; x_wconf 89' lang='lat' dir='ltr'><strong><em>die</em></strong></span> <span class='ocrx_word' id='word_1_965' title='bbox 3518 5259 3608 5330; x_wconf 85' lang='lat' dir='ltr'><strong><em>ju-</em></strong></span> 
     </span>
    </p>
   </div>
   <div class='ocr_carea' id='block_1_118' title="bbox 2017 5347 3609 5420">
    <p class='ocr_par' dir='ltr' id='par_1_118' title="bbox 2017 5347 3609 5420">
     <span class='ocr_line' id='line_1_118' title="bbox 2017 5347 3609 5420; baseline -0.002 -15"><span class='ocrx_word' id='word_1_966' title='bbox 2017 5352 2138 5405; x_wconf 85' lang='lat' dir='ltr'><strong><em>dicii</em></strong></span> <span class='ocrx_word' id='word_1_967' title='bbox 2159 5393 2173 5416; x_wconf 95' lang='lat'><strong><em>,</em></strong></span> <span class='ocrx_word' id='word_1_968' title='bbox 2205 5367 2355 5420; x_wconf 86' lang='lat' dir='ltr'><strong><em>quam</em></strong></span> <span class='ocrx_word' id='word_1_969' title='bbox 2387 5351 2492 5404; x_wconf 89' lang='lat' dir='ltr'><strong><em>tibi.</em></strong></span> <span class='ocrx_word' id='word_1_970' title='bbox 2521 5348 2635 5404; x_wconf 86' lang='lat' dir='ltr'><strong><em>Non</em></strong></span> <span class='ocrx_word' id='word_1_971' title='bbox 2666 5350 2781 5404; x_wconf 74' lang='lat' dir='ltr'><strong><em>sine</em></strong></span> <span class='ocrx_word' id='word_1_972' title='bbox 2802 5363 2961 5403; x_wconf 86' lang='lat' dir='ltr'><strong><em>causa</em></strong></span> <span class='ocrx_word' id='word_1_973' title='bbox 2990 5347 3220 5402; x_wconf 89' lang='lat' dir='ltr'><strong><em>Sodoma</em></strong></span> <span class='ocrx_word' id='word_1_974' title='bbox 3249 5348 3486 5418; x_wconf 89' lang='lat' dir='ltr'><strong><em>apponit,</em></strong></span> <span class='ocrx_word' id='word_1_975' title='bbox 3515 5347 3609 5402; x_wconf 83' lang='lat' dir='ltr'><strong><em>sed</em></strong></span> 
     </span>
    </p>
   </div>
   <div class='ocr_carea' id='block_1_119' title="bbox 1966 5433 3608 5514">
    <p class='ocr_par' dir='ltr' id='par_1_119' title="bbox 1966 5433 3608 5514">
     <span class='ocr_line' id='line_1_119' title="bbox 1966 5433 3608 5514; baseline -0.003 -15"><span class='ocrx_word' id='word_1_976' title='bbox 1966 5433 1978 5448; x_wconf 58' lang='grc'><strong>”</strong></span> <span class='ocrx_word' id='word_1_977' title='bbox 2017 5454 2074 5499; x_wconf 89' lang='lat' dir='ltr'><strong><em>ut</em></strong></span> <span class='ocrx_word' id='word_1_978' title='bbox 2099 5452 2286 5514; x_wconf 89' lang='lat' dir='ltr'><strong><em>augeat</em></strong></span> <span class='ocrx_word' id='word_1_979' title='bbox 2307 5443 2720 5498; x_wconf 89' lang='lat' dir='ltr'><strong><em>accusationem.</em></strong></span> <span class='ocrx_word' id='word_1_980' title='bbox 2752 5440 2999 5512; x_wconf 79' lang='lat' dir='ltr'><strong><em>Magnum</em></strong></span> <span class='ocrx_word' id='word_1_981' title='bbox 3025 5440 3221 5511; x_wconf 89' lang='lat' dir='ltr'><strong><em>quippe</em></strong></span> <span class='ocrx_word' id='word_1_982' title='bbox 3249 5440 3495 5510; x_wconf 72' lang='lat' dir='ltr'><strong><em>nequitia:</em></strong></span> <span class='ocrx_word' id='word_1_983' title='bbox 3520 5455 3608 5494; x_wconf 46' lang='lat' dir='ltr'><strong><em>ard</em></strong></span> 
     </span>
    </p>
   </div>
   <div class='ocr_carea' id='block_1_120' title="bbox 2084 5582 3613 5648">
    <p class='ocr_par' dir='ltr' id='par_1_120' title="bbox 2084 5582 3613 5648">
     <span class='ocr_line' id='line_1_120' title="bbox 2084 5582 3613 5648; baseline -0.001 -14"><span class='ocrx_word' id='word_1_984' title='bbox 2084 5586 2156 5648; x_wconf 90' lang='lat' dir='ltr'><strong><em>(a)</em></strong></span> <span class='ocrx_word' id='word_1_985' title='bbox 2190 5585 2300 5633; x_wconf 90' lang='lat' dir='ltr'><strong><em>Duo</em></strong></span> <span class='ocrx_word' id='word_1_986' title='bbox 2321 5583 2683 5646; x_wconf 62' lang='lat' dir='ltr'><strong><em>coryphaeorum</em></strong></span> <span class='ocrx_word' id='word_1_987' title='bbox 2704 5584 2835 5646; x_wconf 86' lang='lat' dir='ltr'><strong><em>paria</em></strong></span> <span class='ocrx_word' id='word_1_988' title='bbox 2855 5589 2987 5642; x_wconf 86' lang='lat' dir='ltr'><strong><em>sunt,</em></strong></span> <span class='ocrx_word' id='word_1_989' title='bbox 3013 5588 3186 5631; x_wconf 79' lang='lat' dir='ltr'><strong><em>Petrus</em></strong></span> <span class='ocrx_word' id='word_1_990' title='bbox 3203 5588 3252 5631; x_wconf 87' lang='lat' dir='ltr'><strong><em>et</em></strong></span> <span class='ocrx_word' id='word_1_991' title='bbox 3280 5582 3512 5644; x_wconf 74' lang='lat' dir='ltr'><strong><em>Andreas,</em></strong></span> <span class='ocrx_word' id='word_1_992' title='bbox 3536 5589 3613 5633; x_wconf 76' lang='lat' dir='ltr'><strong><em>Ja-</em></strong></span> 
     </span>
    </p>
   </div>
   <div class='ocr_carea' id='block_1_121' title="bbox 2021 5649 2484 5696">
    <p class='ocr_par' dir='ltr' id='par_1_121' title="bbox 2021 5649 2484 5696">
     <span class='ocr_line' id='line_1_121' title="bbox 2021 5649 2484 5696; baseline -0.006 1"><span class='ocrx_word' id='word_1_993' title='bbox 2021 5649 2170 5696; x_wconf 85' lang='lat' dir='ltr'><strong><em>cobus</em></strong></span> <span class='ocrx_word' id='word_1_994' title='bbox 2193 5657 2241 5695; x_wconf 82' lang='lat' dir='ltr'><strong><em>et</em></strong></span> <span class='ocrx_word' id='word_1_995' title='bbox 2263 5655 2484 5695; x_wconf 76' lang='lat' dir='ltr'><strong><em>Joannes.</em></strong></span> 
     </span>
    </p>
   </div>
  </div>
