4010 6128
282 323 390 380 425

280 435 386 488 ὅσα
410 432 652 497 τοιαῦτα,
686 432 927 501 καίτοιγε
953 432 1179 505 οὐδεμία
1205 429 1274 506 ἦν
1314 435 1528 505 ἀνάγκη
1560 433 1733 489 ταῦτα
1760 434 1953 497 εἰπεῖν,

281 521 401 585 πῶς
426 521 535 573 τῶν
566 523 695 593 παρ’
718 520 884 575 αὑτοῦ
914 522 1242 592 λεγομένων,
1268 516 1342 577 ὧν
1368 525 1462 578 καὶ
1485 526 1605 587 ταῖς
1636 520 1957 592 ἀποκρίσεσι

280 609 486 679 μᾶλλον
520 609 818 674 ὑπεύθυνος
860 605 958 681 ἦν,
1009 612 1109 665 οὐκ
1152 611 1218 664 ἂν
1253 610 1515 683 ἐξήταζον
1545 610 1643 681 τὴν
1680 609 1956 673 διάνοιαν;

282 698 396 750 Καὶ
424 696 655 767 μάλιστα
688 698 849 751 ὁπότε
878 698 1038 762 αὐτὸς
1067 693 1133 768 ἦν
1158 701 1186 752 6
1212 698 1534 770 προτρέπων
1563 700 1644 762 είς
1666 696 1841 762 τοῦτο,
1867 697 1960 748 καὶ

281 784 686 856 ἐφελκόμενοςς
732 785 890 856 Τῷ⁵⁵
930 786 1036 858 γὰρ
1063 788 1255 854 εἰπεῖν,
1291 785 1543 841 Βιασταὶ
1591 783 1960 854 ἁρπάζουσιν

276 871 500 941 αὐτὴν,
536 874 617 937 είς
642 874 952 946 προθυμίαν
978 876 1175 939 αὐτοὺς
1202 874 1458 944 διεγείρει
1485 892 1498 904 ·
1535 873 1631 928 καὶ
1663 872 1740 943 τῷ
1762 874 1955 934 εἰπεῖν,

292 958 360 1012 '0
388 959 546 1028 ἔχων
582 956 704 1016 ὦτα
730 961 995 1026 ἀκούειν,
1030 961 1312 1024 ἀκουέτω,
1351 960 1413 1014 τὸ
1445 961 1576 1014 αὐτὸ
1607 958 1764 1013 τοῦτο
1794 959 1955 1012 ποιεί.

286 1042 412 1097 Τίνι
438 1044 507 1098 δὲ
533 1044 804 1115 όμοιώσω
833 1045 949 1113 τὴν
979 1044 1194 1115 γενεὰν
1217 1046 1446 1114 ταύτην
1470 1060 1489 1109 ;
1528 1044 1712 1115 φησίν.
1758 1042 1961 1112 Ὁμοία

279 1130 415 1186 ἐστὶ
451 1133 710 1199 παιδίοις
742 1132 1098 1203 καθημένοις
1135 1133 1233 1187 ἐπὶ
1278 1130 1387 1204 τῆς
1425 1131 1668 1203 ἀγορᾶς,
1720 1130 1816 1185 καί
1858 1128 1959 1184 λέ-

279 1234 537 1288 γουσιν’
587 1222 956 1290 Ηύλήσαμεν
998 1222 1175 1291 ὑμῖν,
1234 1223 1332 1275 καὶ
1395 1223 1507 1275 οὐκ
1559 1218 1918 1289 ὠρχήσασθε
1942 1233 1956 1247 ⁸

278 1308 704 1378 ἐθρηνήσαμεν
730 1309 889 1378 ὑμῖν,
928 1309 1026 1363 καί
1053 1312 1163 1364 οὐκ
1190 1310 1517 1378 ἐκόψασθε.

356 1394 528 1447 Πάλιν
567 1393 739 1449 ταῦτα
780 1395 929 1449 δοκεῖ
968 1396 1067 1466 μὲν
1113 1395 1463 1467 ἀπηρτῆσθαι
1502 1393 1610 1447 τῶν
1655 1393 1958 1465 προτέρων,

282 1483 491 1552 σφόδρα
514 1483 569 1536 δὲ
597 1484 780 1547 αὐτοῖς
811 1486 959 1537 ἐστιν
985 1485 1271 1539 ἀκόλουθα.
1300 1485 1409 1538 Καὶ
1432 1483 1540 1554 γὰρ
1566 1482 1644 1535 ἐτι
1672 1481 1766 1535 τοῦ
1793 1498 1961 1549 κεφα-

280 1569 436 1623 λαίου
470 1570 651 1641 ἔχεται
680 1571 775 1624 τοῦ
809 1570 1000 1637 αὐτοῦ,
1042 1572 1138 1626 καὶ
1166 1572 1260 1625 τοῦ
1283 1572 1328 1603 ’⁵⁸
1372 1569 1543 1635 δεῖξαι
1573 1567 1783 1639 συνῳδά
1812 1566 1959 1637 αύτῷ

281 1658 597 1729 πράττοντα
642 1658 732 1712 τὸν
784 1660 1070 1731 Ἰωάννην,
1120 1662 1169 1713 εἰ
1204 1661 1299 1713 καὶ
1326 1659 1393 1731 τά
1434 1658 1693 1729 γινόμενα
1741 1658 1957 1709 ἐναντία

279 1743 352 1818 ἦν
371 1763 386 1778 ⁸
434 1747 624 1820 ὥσπερ
659 1743 752 1802 οὖν
782 1750 877 1802 καὶ
903 1750 995 1802 ἐπὶ
1023 1750 1123 1820 τῆς
1152 1726 1470 1819 ἐωτήόεως
1495 1766 1509 1780 ⁸
1553 1748 1649 1801 καὶ
1693 1747 1964 1801 δείκνυσιν

278 1836 367 1888 ὅτι
394 1836 547 1889 οὐδὲν
588 1832 656 1907 ἦν
684 1837 894 1905 ὀφεῖλον
936 1837 1183 1905 γενέσθαι
1220 1836 1600 1908 είςσωτηρίαν
1631 1835 1829 1895 αὐτῶν.
1872 1834 1965 1887 καὶ

282 1921 627 1994 παρελείφθη
649 1940 662 1953 ·
707 1924 735 1977 ὃ
765 1924 900 1996 πρὸς
930 1923 1019 1977 τὸν
1052 1922 1353 1996 ἀμπελῶνά
1382 1939 1543 1994 φησιν
1576 1925 1605 1976 6
1632 1923 1921 1993 προφήτης
1947 1937 1962 1952 ⁶

288 2009 353 2062 Τί
403 2007 524 2062 ἔδει
563 2026 642 2079 με
682 2009 930 2080 ποιῆσαι
974 2010 1053 2077 τῷ
1080 2010 1389 2080 ἀμπελῶνι
1439 2011 1664 2076 τούτῳ,
1714 2009 1811 2062 καὶ
1851 2011 1964 2063 οὐκ

281 2093 546 2162 ἐποίησα
570 2112 591 2159 ;
629 2097 751 2151 Τίνι
776 2096 905 2168 γάρ,
936 2097 1120 2167 φησὶν,
1156 2095 1430 2166 ὁμοιώσω
1446 2095 1565 2163 τὴν
1584 2096 1800 2164 γενεὰν
1827 2094 1965 2147 ταύ-

280 2199 400 2250 την
410 2199 431 2247 ;
462 2184 656 2251 Ὁμοία
671 2185 802 2237 ἐστὶ
824 2184 1083 2249 παιδίοις
1102 2183 1460 2251 καθημένοις
1478 2182 1575 2234 ἐπὶ
1597 2180 1706 2249 τῆς
1724 2178 1962 2248 ἀγορᾶς,

282 2269 384 2321 καὶ
405 2269 720 2339 λέγουσιν·
745 2269 1116 2339 Ηύλήσαμεν
1134 2270 1296 2340 ὑμῖν,
1323 2268 1421 2323 καὶ
1445 2270 1553 2323 οὐκ
1575 2268 1932 2337 ὠρχήσασθε
1950 2284 1961 2296 ·

279 2356 707 2427 ἐθρηνήσαμεν
715 2357 877 2427 ὑμῖν,
894 2357 989 2411 καὶ
1005 2360 1115 2412 οὐκ
1132 2352 1641 2425 ἐκόψασθε.Ἦλθε
1658 2356 1767 2425 γὰρ
1781 2355 1968 2408 Ἰωιίνο

284 2461 401 2513 νης
410 2445 562 2515 μήτε
577 2445 816 2512 ἐσθίων,
834 2444 987 2516 μήτε
1007 2445 1218 2508 πίνων,
1239 2442 1337 2498 καί
1361 2444 1627 2512 λέγουσι’
1651 2442 1967 2512 Δαιμόνιον

281 2531 434 2602 ἔχει.
453 2528 675 2589 Ἦλθεν
697 2535 730 2588 ό
755 2533 887 2596 Υίὸς
912 2532 1016 2586 τοῦ
1042 2531 1355 2602 ἀνθρώπου
1382 2531 1601 2585 ἐσθίων
1627 2530 1725 2584 καί
1752 2530 1963 2595 πίνων,

284 2617 694 2689 καίλέγουσιν
711 2636 725 2651 ·
774 2618 928 2672 Ἰδοὺ
952 2617 1261 2687 ἄνθρωπος
1284 2616 1475 2687 φάγος
1501 2616 1599 2672 καὶ
1620 2618 1963 2684 οἰνοπότης,

284 2705 565 2759 τελωνῶν
595 2708 774 2775 φίλος
812 2705 909 2759 καὶ
940 2703 1323 2775 ἁμαρτωλῶν.
1356 2706 1420 2757 Ὃ
1446 2703 1503 2757 δέ
1529 2702 1697 2772 λέγει,
1724 2700 1965 2756 τοιοῦτόν

284 2795 466 2847 ἐστιν’
503 2793 779 2847 Ἐναντίαν
805 2793 1064 2863 ἐκάτερος
1089 2791 1324 2863 ἤλθομεν
1350 2792 1489 2855 ὁδὸν,
1524 2790 1635 2860 ἐγὼ
1668 2791 1760 2845 καὶ
1791 2791 1968 2845 Ἰωάν-

285 2897 388 2950 νης
409 2920 424 2945 ,
467 2878 562 2932 καὶ
602 2879 798 2933 ταύτὸν
844 2881 1200 2950 ἐποιήσαμεν,
1235 2872 1348 2932 οἷον
1376 2879 1441 2932 ἂν
1477 2879 1529 2931 ετ
1550 2895 1695 2941 τινες
1731 2877 1965 2949 θηραταὶ

284 2968 428 3033 ζῶον
459 2966 794 3040 δυσθήρατον
833 2967 923 3021 διὰ
953 2967 1046 3020 δύο
1078 2966 1272 3039 μέλλον
1300 2966 1593 3038 ἐμπίπτειν
1626 2965 1761 3019 ὁδῶν
1785 2968 1866 3029 είς
1895 2966 1964 3020 τά

284 3055 573 3128 θήρατρα,
642 3055 907 3125 ἑκατέραν
966 3055 1196 3119 ἕκαστος
1247 3053 1538 3107 ἀπολαϐὼν
1587 3054 1704 3108 ὁδὸν
1755 3054 1965 3107 ἐλαύνοι

285 3142 596 3209 ἐξεναντίας
634 3142 805 3205 ἐστὼς
847 3142 925 3213 τῷ
956 3142 1145 3212 ἑτέρῳ,
1186 3141 1326 3194 ὥστε
1373 3142 1589 3206 πάντως
1618 3144 1697 3204 εἰς
1741 3140 1966 3211 θάτερον

285 3232 569 3302 ἐμπεσεῖν.
594 3230 794 3283 Σκόπει
812 3229 941 3297 γοῦν
957 3228 1101 3281 ἀπαν
1117 3227 1177 3279 τὸ
1190 3227 1299 3279 τῶν
1314 3226 1409 3279 ἀνθ
1417 3226 1615 3296 ρώπων
1630 3226 1805 3294 γένος,
1820 3227 1967 3292 ὅπως

288 3318 428 3390 πρὸς
454 3318 516 3370 τὸ
542 3318 644 3387 τῆς
686 3315 938 3386 νηστείας
969 3315 1230 3384 ἐπτόηται
1259 3312 1464 3384 θαῦμα,
1490 3312 1584 3366 καὶ
1612 3313 1704 3367 τὸν
1735 3314 1969 3385 σκληρὸν

285 3405 479 3459 τοῦτον
506 3405 600 3458 καὶ
625 3403 912 3475 φιλόσοφον
943 3402 1073 3474 βίον.
1113 3401 1212 3455 Διά
1256 3401 1414 3455 τοῦτο
1442 3400 1761 3473 ᾠκονόμητο
1790 3401 1967 3468 τοῦτο,

284 3495 354 3547 ἐκ
382 3490 605 3564 πρώτης
641 3490 856 3563 ἡλικίας
901 3489 1043 3545 οὕτω
1076 3490 1348 3561 τραφῆναι
1387 3488 1478 3542 τὸν
1514 3488 1792 3560 Ἰωάννην,
1829 3488 1968 3543 ὥστε

288 3581 386 3635 καὶ
413 3578 565 3652 [4191
596 3579 846 3635 ἐντεῦθεν
876 3578 1165 3644 ἀξιόπιστα
1184 3575 1436 3646 γενέσθαι
1463 3577 1531 3632 τά
1551 3577 1818 3648 λεγόμενα
1838 3578 1967 3648 παρ’

287 3667 481 3722 αὐτοῦ.
528 3668 639 3721 Καὶ
672 3668 816 3731 τίνος
864 3667 1050 3720 ἕνεκεν
1087 3666 1197 3719 ὀὐκ
1228 3664 1411 3731 αὐτὸς,
1458 3666 1612 3735 φησὶ,
1658 3665 1863 3736 ταύτην
1893 3665 1971 3718 εἴ·

286 3756 412 3811 λετο
442 3756 488 3786 “
536 3756 635 3828 τὴν
665 3756 817 3820 685v;
865 3754 1116 3809 Μάλιστα
1150 3754 1247 3823 μέν
1273 3748 1367 3806 οὖν
1414 3753 1511 3807 καὶ
1560 3752 1722 3817 αὐτὸς
1766 3753 1969 3823 ταύτην

286 3839 454 3917 ἦλθεν
475 3884 489 3909 ,
537 3844 626 3897 ὅτε
667 3842 767 3906 τάς
799 3841 1204 3913 τεσσαράκοντα
1257 3840 1469 3911 ἡμέρας
1501 3841 1790 3912 ἐνήστευσε
1816 3882 1830 3907 ,
1877 3842 1970 3895 καὶ

287 3930 507 4003 περιῄει
529 3930 816 3993 διδάσκων,
849 3930 943 3984 καὶ
965 3930 1065 3983 οὐκ
1093 3928 1233 4000 έχων
1259 3928 1362 3983 ποῦ
1390 3928 1488 4001 τὴν
1517 3928 1758 3999 κεφαλὴν
1790 3930 1967 4002 κλίνῃ·

289 4020 432 4091 πλὴν
468 4018 601 4072 ἀλλά
631 4019 726 4072 καὶ
756 4018 958 4089 ἑτέρως
997 4018 1058 4071 τὸ
1095 4017 1227 4071 αὐτὸ
1258 4018 1416 4071 τοῦτο
1449 4016 1838 4083 κατεσκεύαζε,
1874 4019 1969 4070 καὶ

289 4110 349 4163 τὸ
384 4108 634 4162 ἐντεῦθεν
659 4108 926 4179 ᾠκονόμει
957 4107 1163 4179 κέρδος.
1202 4106 1310 4159 Τοῦ
1336 4106 1444 4178 γὰρ
1471 4106 1647 4161 ἐλθεῖν
1679 4107 1841 4160 αὑτὸν
1868 4107 1968 4178 τὴν

288 4194 408 4251 ὁδὸν
439 4194 665 4267 ταύτην,
699 4195 893 4250 ταύτὸν
921 4191 1012 4267 ἦν,
1037 4193 1071 4265 ἢ
1102 4194 1194 4247 καὶ
1220 4193 1397 4264 πολλῷ
1433 4193 1640 4264 μεῖζον,
1660 4193 1720 4246 τὸ
1748 4193 1853 4246 ὑπὸ
1874 4191 1966 4245 τοῦ

289 4282 537 4348 ἐλθόντος
564 4281 979 4355 μαρτυρεῖσθαι.
1024 4280 1233 4345 Ἀλλως
1266 4280 1344 4347 δὲ,
1376 4282 1404 4334 6
1439 4280 1536 4350 μὲν
1581 4279 1835 4351 Ἰωάννης
1876 4278 1966 4331 0'3-

289 4370 380 4426 δὲν
406 4372 565 4425 πλέον
593 4371 929 4440 ἐπεδείξατο,
961 4370 1099 4443 πλὴν
1128 4370 1222 4424 τοῦ
1252 4369 1368 4440 βίου
1399 4369 1494 4423 καὶ
1523 4370 1623 4440 τῆς
1652 4368 1925 4431 πολιτείας
1948 4385 1963 4399 ·

305 4458 580 4526 Ἰωάννης
629 4461 767 4532 γὰρ,
821 4459 986 4531 φησὶν
1009 4458 1078 4523 ⁸⁷,
1140 4456 1326 4512 οὐδὲν
1374 4457 1629 4525 ἐποίησε
1677 4454 1965 4524 σημεῖον·

293 4547 459 4611 αὐτὸς
478 4547 534 4600 δὲ
559 4548 651 4600 καὶ
675 4549 774 4618 τὴν
796 4548 903 4601 ἀπὸ
930 4546 1040 4600 τῶν
1071 4545 1310 4617 σημείων
1337 4544 1432 4598 καὶ
1451 4542 1549 4615 τὴν
1576 4542 1684 4596 ἀπὺ
1710 4542 1821 4596 τῶν
1844 4541 1971 4595 θαυ-

296 4635 486 4705 μάτων
520 4634 823 4706 μαρτυρίαν
846 4630 1010 4705 εἶχεν.
1054 4634 1234 4702 Ἀιρεὶς
1258 4632 1438 4686 τοίνυν
1471 4630 1722 4701 Ἰωάννην
1746 4628 1853 4683 ἀπὸ
1873 4630 1971 4699 τῆς

294 4722 551 4793 νηστείας
600 4722 871 4793 λάμπειν,
925 4723 1085 4785 αὐτὸς
1128 4722 1228 4793 τὴν
1278 4721 1528 4775 ἐναντίαν
1575 4715 1728 4790 ἦλθε,
1764 4718 1860 4773 καὶ
1892 4719 1973 4782 εἰς

294 4810 574 4882 τραπέζας
598 4810 782 4863 είσιὼν
809 4809 1073 4873 τελωνῶν,
1108 4810 1201 4863 καὶ
1227 4809 1422 4863 ἐσθίων
1449 4809 1542 4862 καὶ
1568 4808 1757 4863 πίνων.

367 4897 432 4950 δ’.
486 4896 770 4968 Ἐρώμεθα
795 4897 971 4951 τοίνυν
1006 4896 1289 4960 Ἰουδαίους
1312 4915 1324 4926 ·
1362 4896 1541 4950 Καλὸν
1568 4897 1601 4968 ἡ
1633 4894 1855 4966 νηστεία
1881 4893 1975 4947 καὶ

298 4984 645 5056 θαυμαστόν;
683 4985 890 5038 Οὐκοῦν
922 4984 1028 5038 ἔδει
1056 4983 1342 5038 πείθεσθαι
1380 4982 1620 5052 Ἰωάννῃ,
1657 4982 1750 5035 καὶ⁵
1782 4981 1976 5035 ἀποδέ-

299 5071 493 5142 χεσθαι
524 5072 708 5136 αὐτὸν,
730 5074 825 5125 καὶ
852 5072 1128 5126 πιστεύειν
1171 5074 1285 5135 τοῖς
1315 5070 1409 5123 ὑπ’
1440 5068 1607 5124 αὐτοῦ
1639 5067 1973 5139 λεγομένοις.

300 5158 458 5214 Οῦτω
490 5160 598 5230 γὰρ
647 5160 793 5231 ὑμᾶς
826 5159 1050 5231 ἔμελλεν
1095 5162 1277 5213 ἐκεῖνα
1309 5157 1378 5211 τὰ
1407 5158 1629 5229 ῥήματα
1677 5156 1978 5227 προσάγειν

300 5246 378 5318 τῷ
434 5247 630 5319 Ἰησοῦ.
698 5247 857 5302 Ἀλλὰ
905 5247 1162 5318 φορτικὸν
1208 5248 1242 5316 ή
1288 5244 1510 5315 νηστεία
1554 5242 1649 5298 καὶ
1699 5242 1976 5312 ἐπαχθές;

303 5335 512 5390 Οὐκοῦν
540 5336 647 5389 ἔδει
703 5335 987 5390 πείθεσθαι
1033 5333 1111 5405 τῷ
1155 5331 1351 5404 Ἰησοῦ,
1384 5331 1479 5385 καὶ
1523 5330 1799 5385 πιστεύειν
1830 5328 1980 5399 αὐτῷ

303 5422 401 5493 τὴν
434 5423 682 5478 ἐναντίαν
710 5423 936 5480 ἐλθόντι.
980 5424 1058 5475 Δι’
1085 5421 1399 5491 ἀμφοτέρας
1420 5420 1466 5450 ⁸⁸
1494 5418 1604 5489 γὰρ
1628 5418 1747 5471 ὀδοῦ
1778 5419 1857 5482 εἰς
1883 5417 1981 5486 τὴν

305 5508 581 5579 βασιλείαν
615 5511 870 5585 ἐμέλλετε
898 5510 1212 5582 ἐμπίπτειν.
1268 5506 1405 5561 Ἀλλ’
1431 5506 1622 5578 ῶσπερ
1645 5506 1834 5579 θηρίον
1857 5505 1983 5558 δύσ-

377 5675 424 5709 »
461 5677 574 5751 Τῷ]
604 5680 665 5732 τι
695 5680 779 5751 υἷε
814 5678 875 5733 D.

309 5744 352 5817 ξ’
393 5744 693 5817 φησίνόιῐι.
723 5749 857 5803 Mor.
891 5748 1024 5803 Ben.
1118 5747 1164 5779 ⁸⁸
1201 5748 1280 5816 ἀμ

1204 325 1272 382 ΙΝ
1310 322 1725 383 ΜΑΤΤΗᾹΞΗΜ
1763 318 1998 378 HOMIL.
2042 316 2305 373 XXXVII.
2338 319 2409 374 al.
2451 318 2736 375 XXXVIII.

985 5677 1031 5709 "
1069 5674 1163 5730 τοῦ
1190 5691 1304 5731 om.
1338 5673 1401 5728 A.
1432 5672 1495 5726 Π.
1523 5672 1609 5745 _E._
1622 5671 1872 5745 συνῳδὰ]
1886 5671 2037 5745 _adg.
2069 5667 2283 5745 βούλετο

2080 5667 2317 5745 Βούλει-αι
2339 5670 2405 5745 ΑΟ.
2443 5671 2504 5745 Ε..
2534 5680 2589 5725 et
2618 5669 3017 5745 ρι’.-αύτιῖνοηιί

1577 5743 1669 5798 Sic
1694 5737 1768 5799 Α]
1796 5737 1942 5795 ΒῘΡ.
1977 5737 2078 5811 Ep.
2107 5742 2305 5811 caeleri;
2331 5737 2787 5811 ἐκατέραςξγάρ]
2832 5737 2931 5809 μέν
2975 5738 3111 5811 Ειω.

3632 318 3741 375 421»

2064 448 2260 503 τροπον
2280 432 2570 504 ἑκατέρους
2601 430 2873 496 ἐκάκιζον.
2902 434 3014 488 Οὐκ
3038 435 3145 507 ἀρα
3166 435 3226 489 τὸ
3252 435 3500 510 ἔγκλημα
3526 439 3637 494 τῶν
3658 442 3729 511 μὴ

2066 517 2462 571 πιστευθέντων
2482 557 2496 581 ,
2546 518 2659 571 ἀλλ’
2688 519 2721 588 ή
2747 519 3052 591 κατηγορία
3082 521 3191 573 τῶν
3225 521 3299 593 μὴ
3333 525 3738 579 πιστευσάντων

2058 598 2152 673 ἦν.
2186 604 2373 669 Οὐδεὶς
2402 606 2512 676 γάρ
2545 622 2675 659 ποτε
2701 604 2769 658 τά
2793 606 3009 660 ἐναντία
3048 607 3293 671 κακίζειν
3324 610 3514 671 ἕλοιτο,
3550 611 3741 684 ὥσπερ

2064 686 2158 744 οὖν
2187 691 2308 744 οὑδέ
2340 693 2601 745 ἐπαινεῖν.
2636 687 2760 746 Οἶόν
2789 709 2840 745 τι
2879 692 3022 762 λέγω
3048 710 3061 724 ⁸
3115 696 3144 747 6
3176 696 3268 749 τὸν
3299 698 3520 768 φαιδρὸν
3548 699 3738 752 ἀποδε-

2065 778 2293 850 χόμενος
2336 777 2623 849 ἄνθρωπον
2671 780 2763 832 καὶ
2808 780 3111 851 ἀνειμένον,
3154 781 3247 835 τὸν
3294 783 3617 854 σκυθρωπὸν
3646 786 3738 838 καὶ

2068 865 2239 937 βαρὺν
2255 866 2300 897 ⁸⁸
2325 866 2424 919 οὐκ
2447 866 2766 933 ἀποδέξεται
2786 881 2801 896 ⁶
2837 868 2865 920 6
2892 868 2982 921 τὸν
3016 869 3339 940 σκυθρωπὸν
3369 871 3626 936 ἐπαινῶν,
3648 872 3739 926 τὸν

2069 953 2292 1025 φαιδρὸν
2328 954 2429 1007 οὐκ
2469 955 2764 1009 ἐπαινέσει.
2808 955 3113 1027 Ἀμήχανον
3154 957 3263 1028 γὰρ
3288 958 3382 1012 καὶ
3406 958 3610 1029 ταύτην
3642 960 3741 1013 κά-

2067 1042 2252 1113 κείνην
2275 1042 2484 1097 τιθέναι
2513 1044 2612 1113 τὴν
2638 1043 2839 1113 ψῆφον.
2882 1044 2980 1097 Διά
3010 1044 3171 1099 τοῦτο
3216 1048 3309 1100 καὶ¹
3341 1046 3504 1111 αὐτός
3532 1064 3698 1118 φησιν
3722 1061 3737 1075 '

2068 1129 2440 1199 Ηύλήσαμεν
2460 1130 2623 1200 ὑμῖν,
2658 1132 2757 1186 καὶ
2780 1134 2892 1187 οὐκ
2918 1132 3277 1202 ὠρχήσασθε
3294 1151 3307 1165 ⁸
3345 1134 3612 1207 τουτέστὶι,
3636 1133 3740 1187 Τὸν

2066 1218 2353 1289 ἀνειμένον
2400 1217 2513 1289 βίον
2563 1218 2914 1286 ύπέδειξακ,
2969 1221 3063 1275 καὶ
3102 1222 3204 1276 οὐκ
3249 1222 3558 1292 ἐπείσθητε.
3606 1222 3738 1288 Καὶ,

2080 1305 2546 1375 Ὲθρηνήσαμεν,
2579 1306 2678 1361 καὶ
2701 1310 2813 1361 οὐκ
2835 1309 3145 1377 ἐκόψασθε
3169 1328 3183 1340 ·
3217 1309 3515 1374 τουτέστιν,
3562 1310 3740 1364 Ἰωάν-

2066 1410 2166 1465 νης
2188 1392 2281 1447 τὸν
2311 1394 2548 1464 σκληρὸν
2581 1394 2674 1447 καὶ
2708 1394 2877 1465 βαρὺν
2910 1396 3142 1467 μετῆλθε
3178 1396 3314 1468 βίον,
3345 1397 3440 1450 καὶ
3471 1397 3533 1449 οὐ
3568 1412 3741 1468 προσ-

2067 1481 2275 1552 έσχετε.
2328 1482 2437 1534 Καὶ
2464 1482 2525 1534 οὐ
2559 1481 2727 1549 λέγει,
2770 1482 3005 1546 Ἐκεῖνος
3043 1482 3261 1547 τοῦτον,
3318 1482 3471 1552 κάγὼ
3510 1483 3700 1537 τοῦτον
3723 1499 3736 1513 ⁸

2067 1570 2181 1623 ἀλλ’
2209 1569 2395 1640 ἐπειδὴ
2426 1569 2525 1640 μία
2555 1568 2744 1640 γνώμη
2764 1571 2809 1602 ⁵³
2842 1570 3117 1640 ἑκατέρων
3148 1567 3234 1641 ἦν,
3268 1574 3315 1624 εί
3340 1573 3434 1625 καὶ
3455 1571 3523 1626 τὰ
3556 1573 3740 1643 ἐπιτη-

2065 1656 2312 1728 δεύματα
2334 1657 2572 1720 ἐναντία,
2603 1658 2686 1709 διὰ
2724 1656 2882 1709 τοῦτο
2912 1658 3066 1711 κοινά
3103 1658 3170 1711 τὰ
3201 1660 3541 1730 γεγενημένα
3575 1660 3739 1730 φησὶν

2066 1741 2223 1799 εἶναι.
2259 1745 2370 1800 Καὶ
2398 1744 2507 1817 γὰρ
2530 1744 2625 1799 καὶ
2652 1744 2711 1797 τὺ
2731 1744 2827 1815 τὴν
2848 1745 3097 1800 ἐναντίαν
3118 1746 3291 1799 ἐλθεῖν
3308 1746 3448 1809 ὁδὸν,
3480 1747 3589 1800 ἀπὸ
3610 1765 3740 1819 συμ-

2067 1834 2271 1904 φωνίας
2302 1833 2701 1905 ἐπιτεταμένης
2732 1834 2940 1903 ἐγίνετο
2957 1835 3024 1900 ⁹¹,
3070 1836 3164 1889 καὶ
3185 1836 3320 1907 πρὸς
3347 1835 3405 1889 ἓν
3436 1836 3739 1907 βλεπούσης

2065 1921 2239 1985 τέλος.
2282 1922 2451 1975 Ποίαν
2482 1916 2574 1974 οὖν
2613 1921 2832 1991 σχοίητε
2861 1921 3047 1975 λοιπὸν
3082 1922 3413 1992 ἀπολογίαν;
3450 1925 3548 1978 Διά
3583 1923 3743 1979 τοῦτο

2068 2010 2160 2062 καὶ
2190 2010 2439 2079 ἐπήγαγε
2471 2025 2482 2039 ·
2519 2007 2631 2063 Καὶ
2678 2008 2989 2077 ἐδικαιώθη
3023 2012 3062 2078 ή
3113 2012 3302 2079 σοφία
3346 2013 3465 2068 ἀπὸ
3496 2012 3616 2067 τῶν
3645 2012 3738 2066 τέ-

2068 2114 2226 2150 κνων
2271 2096 2493 2164 αὐτῆς·
2547 2095 2855 2157 τουτέστιν,
2890 2098 2951 2149 El
2980 2098 3072 2151 καὶ
3105 2099 3262 2168 ὑμεῖς
3293 2101 3393 2153 οὐκ
3427 2100 3740 2171 ἐπείσθητε,

2068 2185 2181 2237 ἀλλ’
2221 2186 2343 2255 ἐμοὶ
2380 2184 2565 2237 λοιπὸν
2604 2184 2852 2253 ἐγκαλεῖν
2881 2185 2981 2238 οὐκ
3008 2185 3180 2256 ἔχετε.
3221 2188 3288 2241 Ὃ
3337 2187 3589 2258 περὶτοῦ
3631 2184 3744 2241 Πα-

2066 2268 2196 2338 τρός
2229 2284 2392 2337 φησιν
2421 2268 2449 2320 6
2481 2270 2767 2339 προφήτης
2789 2286 2804 2300 ·
2841 2270 3038 2336 ’Ὅπως
3072 2269 3148 2324 ἂν
3176 2270 3496 2339 δικαιωθῇς
3523 2273 3592 2325 ἐν
3619 2271 3743 2338 τοῖς

2067 2351 2271 2419 λόγοις
2303 2364 2441 2403 σου.
2490 2351 2549 2404 '0
2584 2352 2692 2423 γὰρ
2721 2352 2872 2416 Θεὸς.
2921 2353 3025 2408 κᾶν
3062 2353 3227 2424 μηδὲν
3268 2354 3405 2424 ἀνύῃ
3448 2354 3606 2407 πλέον
3636 2355 3744 2408 ἀπὸ

2067 2435 2164 2505 τῆς
2190 2452 2255 2486 πε
2266 2434 2318 2505 ρὶ
2339 2436 2485 2505 ἡμᾶς
2505 2435 2850 2505 κηδεμονίας,
2873 2435 2940 2489 τὰ
2962 2440 3091 2507 παρ’
3113 2437 3306 2490 ἐαυτοῦ
3330 2439 3504 2492 πάντα
3526 2438 3741 2512 πληροῖ,

2067 2518 2207 2570 ὥστε
2228 2521 2341 2580 τοῖς
2368 2519 2744 2589 ἀναισχυντεῖν
2779 2518 3126 2589 βουλομένοις
3165 2520 3298 2590 μηδὲ
3325 2520 3481 2573 σκιάν
3501 2522 3547 2553 ⁵³
3579 2538 3745 2576 κατα-

2067 2600 2246 2654 λιπεῖν
2287 2600 2601 2676 ἀγνώμονος
2635 2600 2984 2669 ἀμφιϐολίας.
3033 2602 3093 2654 Εἰ
3122 2602 3177 2655 δέ
3223 2604 3292 2656 τὰ
3326 2603 3745 2674 παραδείγματα

2067 2681 2262 2751 εὐτελῆ
2305 2682 2399 2736 καὶ
2446 2682 2799 2751 κακέμφατα,
2846 2681 2920 2753 μὴ
2965 2682 3289 2756 θαυμάσῃς·
3337 2688 3474 2757 πρὸς
3511 2688 3620 2759 γάρ
3647 2687 3745 2759 τὴν

2067 2765 2353 2819 ἀσθένειαν
2393 2764 2501 2817 τῶν
2530 2765 2837 2818 ἀκουόντων
2859 2766 3148 2835 διελέγετο.
3209 2768 3361 2821 Ἐπεὶ
3402 2771 3545 2823 καὶὸ
3582 2770 3744 2836 Ἰεζεο

2068 2848 2193 2919 κιὴλ
2241 2847 2409 2902 πολλά
2456 2847 2603 2916 λέγει
2656 2850 3076 2927 παραδείγματα
3131 2852 3314 2917 αὐτοῖς
3370 2855 3654 2925 πρόσφορα,
3674 2855 3745 2918 ³⁸,

2070 2930 2220 3004 [420]
2257 2932 2350 2984 καὶ
2379 2932 2478 3001 τῆς
2507 2930 2599 2984 τοῦ
2619 2931 2754 2984 Θεοῦ
2790 2933 3178 3004 μεγαλωσύνης
3212 2935 3426 3001 ἀνάξια.
3470 2936 3628 2990 Ἀλλά
3653 2937 3748 2992 καὶ

2066 3014 2224 3069 τοῦτο
2270 3014 2503 3086 μάλιστα
2537 3014 2687 3080 ἄξιον
2730 3015 2894 3068 αὐτοῦ
2928 3017 3028 3086 τῆς
3068 3018 3414 3088 κηδεμονίας.
3457 3021 3656 3074 Σκόπει
3688 3022 3747 3075 δὲ

2067 3098 2263 3161 αὐτοὺς
2294 3097 2388 3149 καὶ
2408 3096 2675 3165 ἑτέρωθεν
2706 3098 2785 3159 εἰς
2816 3099 3067 3162 ἐναντίας
3094 3102 3541 3172 περιενεχθέντας
3568 3101 3743 3167 δόξας.

2068 3178 2327 3242 Είπόντες
2365 3178 2474 3247 γὰρ
2504 3178 2634 3249 περὶ
2686 3178 2958 3243 Ἰωάννου,
3005 3182 3086 3235 ὅτι
3139 3183 3413 3252 δαιμόνιον
3458 3184 3609 3255 ἔχει,
3646 3186 3749 3240 οὐκ

2069 3262 2303 3330 ἔστησαν
2328 3261 2490 3332 μέχρι
2520 3258 2735 3323 τούτου,
2768 3260 2904 3313 ἀλλά
2938 3262 3032 3315 καὶ
3061 3263 3188 3332 περὶ
3216 3263 3382 3317 αὑτοῦ
3424 3264 3492 3318 τὰ
3528 3267 3748 3321 ἐναντία

2069 3341 2395 3415 αἱρουμένου
2424 3341 2487 3395 τὸ
2522 3342 2655 3396 αὐτὸ
2692 3341 2853 3395 τοῦτο
2881 3338 3034 3397 εἶπον
3066 3345 3227 3399 πάλιν
3251 3363 3265 3377 ·
3317 3334 3492 3411 οὕτως
3532 3350 3613 3413 εἰς
3645 3367 3749 3422 μα-

2069 3425 2305 3498 χομένας
2344 3427 2433 3479 ἀεὶ
2480 3426 2873 3496 περιεφέροντο
2912 3426 3088 3491 δόξας.
3136 3429 3193 3482 '0
3236 3428 3293 3481 δὲ
3328 3432 3544 3496 Λουκᾶς
3611 3434 3747 3502 μετά

2067 3508 2276 3563 τούτων
2312 3508 2407 3562 καὶ
2436 3509 2628 3580 ἐτέραν
2662 3507 2886 3580 μείζονα
2921 3510 3133 3580 τίθησιν
3170 3511 3353 3565 αὐτῶν
3387 3515 3746 3585 κατηγορίαν,

2070 3589 2240 3645 είπών
2262 3608 2276 3622 ο
2323 3594 2389 3646 Ol
2424 3591 2534 3662 γὰρ
2571 3590 2820 3646 τελῶναι
2850 3592 3212 3647 ἐδικαίωσαν
3239 3595 3348 3649 τὸν
3382 3595 3550 3659 Θεὸν,
3582 3596 3752 3661 δεξά-

2064 3691 2237 3745 μενοι
2283 3674 2349 3729 τὸ
2384 3675 2705 3745 βάπτισμα
2755 3674 3061 3732 Ἰωάννου.
3108 3676 3242 3731 Τότε
3281 3677 3468 3732 λοιπὸν
3499 3678 3748 3744 ὀνειδίζει

2071 3757 2170 3820 τὰς
2199 3756 2401 3821 πόλεις,
2431 3758 2519 3810 ὅτε
2547 3756 2839 3830 ἐδικαιώθη
2869 3761 2902 3830 ὴ
2934 3759 3115 3827 σοφία,
3151 3760 3239 3813 ὅτε
3282 3761 3532 3828 ἀπέδειξε
3573 3765 3750 3818 πάντα

2072 3839 2498 3911 πεπληρωμένα.
2550 3840 2765 3911 Ἐπειδὴ
2794 3842 2903 3912 γὰρ
2927 3842 3027 3895 οὐκ
3062 3842 3267 3906 ἔπεισε,
3317 3844 3590 3908 ταλανίζει
3634 3847 3748 3899 λοι-

2070 3924 2194 3989 πὸν,
2229 3924 2257 3976 ὃ
2290 3921 2385 3976 τοῦ
2432 3923 2665 3993 φοϐῆσαι
2695 3923 2856 3976 πλέον
2885 3924 3021 3977 ἐστί.
3071 3926 3183 3977 Καὶ
3206 3926 3315 3997 γάρ
3352 3927 3450 3996 τὴν
3486 3928 3596 3980 ἀπὺ
3640 3928 3745 3983 τῶν

2070 4007 2244 4076 λόγων
2284 4005 2633 4059 διδασκαλίαν
2687 4005 3017 4071 ἐπεδείξατο,
3070 4007 3163 4059 καλ⁸
3211 4009 3309 4079 τὴν
3360 4009 3469 4061 ἀπὸ
3514 4010 3621 4063 τῶν
3653 4028 3749 4081 ση-

2074 4090 2243 4160 μείων
2273 4088 2737 4158 θαυματουργίαν.
2797 4086 3013 4160 Ἐπειδὴ
3053 4089 3108 4142 δὲ
3142 4088 3361 4159 ἔμειναν
3401 4092 3494 4145 ἐπί
3522 4092 3624 4165 τῆς
3652 4095 3749 4148 αὐ-

2072 4170 2180 4224 τῶν
2216 4170 2497 4233 ἀπειθείας
2512 4171 2581 4234 ”,
2628 4168 2873 4235 ὀνειδίζει
2902 4170 3111 4226 λοιπόν.
3156 4172 3294 4227 Τότε
3333 4172 3461 4245 γὰρ,
3497 4176 3680 4245 φησὶν,
3714 4179 3748 4231 ό

2083 4253 2313 4321 Ἰησοῦς
2361 4253 2586 4321 ἤρξατο
2614 4251 2919 4313 ὀνειδίζειν
2956 4253 3061 4319 τὰς
3101 4255 3329 4321 πόλεις,
3372 4256 3441 4309 ἐν
3488 4252 3583 4323 αἷς
3620 4257 3748 4322 ἐγέ-

2070 4352 2249 4389 νοντο
2279 4339 2339 4390 αἱ
2363 4334 2641 4389 πλεῖσται
2682 4334 2967 4405 δυνάμεις
2989 4337 3197 4400 αὐτοῦ,
3240 4337 3329 4391 ὅτι
3362 4340 3435 4392 οὐ
3468 4338 3750 4408 μετενοήο

2071 4434 2213 4481 σαν,
2239 4420 2460 4489 λέγων’
2490 4418 2637 4473 Οὺιιί
2662 4435 2782 4483 σοι,
2804 4418 3053 4488 Χοραζῒν
3072 4434 3087 4450 ο
3116 4421 3254 4475 οὐαί
3280 4436 3398 4486 σοι,
3423 4421 3747 4491 Βηθσαϊδὰ.

2074 4497 2209 4556 Εἶτα
2236 4501 2324 4556 ἵνα
2352 4501 2529 4572 μάθῃς
2556 4500 2657 4554 οὐκ
2678 4502 2786 4556 ἀπὸ
2810 4501 3026 4571 φύσεως
3056 4504 3254 4567 αὐτοὺς
3276 4504 3549 4570 τοιούτους
3567 4506 3745 4574 ὄντας,

2072 4582 2254 4655 τίθησι
2286 4584 2381 4637 καὶ
2408 4583 2468 4636 τὸ
2489 4583 2660 4654 ὄνομα
2684 4583 2781 4655 τῆς
2805 4584 3034 4651 πόλεως,
3068 4586 3162 4655 ἀφ’
3190 4582 3259 4657 ἧς
3288 4586 3451 4642 πέντε
3480 4589 3751 4661 προῆλθοι

2073 4666 2383 4720 ἀπόστολοι.
2436 4668 2503 4720 ’Ὀ
2537 4682 2598 4719 τε
2628 4664 2738 4737 γὰρ
2774 4665 3040 4731 Φίλιππος
3089 4669 3184 4721 καὶ
3226 4671 3281 4722 αἱ
3330 4668 3424 4723 δύο
3463 4669 3751 4742 ξυνωρίδες

2074 4755 2280 4808 ἐκεῖναι
2301 4757 2357 4807 αί
2387 4754 2435 4786 ⁸⁸
2467 4754 2575 4807 τῶν
2599 4754 2913 4824 κορυφαίων
2969 4756 3220 4810 ἐντεῦθεν
3251 4752 3414 4828 ἦσαν.
3442 4760 3571 4815 Ὅτι
3598 4764 3654 4815 εί
3682 4762 3754 4816 ἐν

2082 4838 2241 4905 Τύρῳ
2261 4836 2360 4891 καί
2383 4836 2596 4891 Σιδῶνι
2623 4835 2924 4906 ἐγένοντο,
2959 4839 3146 4909 φησὶν,
3175 4842 3236 4893 αί
3261 4839 3548 4912 δυνάμεις
3573 4847 3633 4897 αἱ
3659 4861 3753 4913 γε·

2076 4922 2324 4990 νόμεναι
2344 4922 2415 4974 ἐν
2429 4920 2571 4989 ὑμῖν
2586 4921 2655 4984 ⁵⁷,
2676 4920 2743 4973 ἐν
2774 4920 2985 4986 σάκκῳ
3008 4922 3105 4975 καί
3129 4922 3340 4989 σποδῷ
3349 4929 3750 4994 μετενόησαν.

2077 5005 2255 5071 Πλὴν
2278 5006 2434 5073 λέγω
2450 5003 2614 5073 ὑμῖν,
2644 5004 2806 5069 Τύρῳ
2824 5005 2922 5057 καὶ
2940 5005 3151 5061 Σιδῶνι
3169 5009 3564 5078 ἀνεκτότερον
3579 5009 3753 5063 ἔσται

2076 5086 2146 5140 ἐν
2178 5085 2366 5153 ἡμέρᾳ
2411 5084 2689 5152 κρίσεως,
2719 5085 2758 5153 ἢ
2789 5084 2953 5154 ὑμῖν.
3003 5089 3113 5141 Καὶ
3145 5090 3227 5144 σὺ
3260 5091 3673 5158 Καπερναοὺμ,
3714 5092 3754 5157 ἡ

2077 5169 2189 5235 ἓως
2218 5168 2328 5222 τοῦ
2358 5168 2620 5234 οὐρανοῦ
2657 5169 2991 5237 ὑψωθεῖσα,
3024 5170 3136 5239 ἕως
3171 5172 3320 5240 ᾅδου
3356 5174 3400 5206 ⁸⁸
3443 5174 3754 5226 καταϐιϐα-

2078 5250 2293 5320 σθήσῃ
2317 5265 2332 5280 ·
2363 5250 2452 5303 ὅτι
2473 5253 2528 5303 εί
2552 5250 2622 5304 ἐν
2644 5252 2931 5322 Σοδόμοις
2967 5254 3249 5324 ἐγένοντο
3296 5258 3358 5309 al
3393 5254 3677 5323 δυνάμεις
3697 5259 3756 5309 al

2081 5334 2396 5404 γενόμεναι
2425 5334 2496 5386 ἐν
2525 5334 2649 5397 σοὶ,
2694 5334 2942 5405 ἔμειναν
2968 5337 3046 5391 ἂν
3091 5338 3269 5407 μέχρι
3323 5336 3432 5403 τῆς
3467 5334 3753 5405 σήμερον.

2083 5417 2259 5485 Πλὴν
2277 5418 2433 5486 λέγω
2453 5417 2614 5487 ὑμῖν,
2641 5418 2732 5473 ὅτι
2754 5419 2832 5488 γῆ
2851 5419 3135 5487 Σοδόμων
3163 5419 3559 5488 ἀνεκτότερον
3585 5420 3759 5474 ἔσται

2082 5500 2151 5554 ἐν
2174 5501 2365 5571 ἡμέρα
2391 5503 2668 5572 κρίσεως,
2692 5504 2730 5573 ἢ
2755 5505 2878 5557 σοί.
2924 5505 3035 5556 Καὶ
3055 5504 3123 5555 τά
3148 5501 3425 5572 Σόδομαδέ
3458 5503 3643 5567 αὐτοῖς
3660 5505 3760 5575 οὐχ

3577 5666 3669 5721 λθε
3697 5668 3761 5723 F.

3231 5666 3276 5697 ιο
3314 5660 3572 5738 εἵλετοίῆ

3217 5735 3262 5770 ιν
3305 5735 3582 5809 βάρϐαρον
3624 5738 3761 5794 Edd.

310 5746 352 5776 "
393 5746 693 5817 φησίνόιη.
723 5749 857 5803 Mor.
891 5748 1024 5803 Ben.
1118 5747 1164 5779 ⁸⁸
1201 5746 1543 5870 ἀμφὶοτὲραςξ
1577 5746 1669 5798 Sic
1694 5746 1757 5799 A.
1796 5746 1942 5828 [κν.
1978 5746 2078 5811 Ep.
2107 5746 2283 5795 caeleri

310 5815 357 5847 “
394 5817 837 5902 ἐπέδειέαηευιιιη
910 5819 953 5852 "
995 5816 1256 5902 Μεθώνη
1433 5854 1447 5868 ·
1488 5811 2283 5902 ..',EY¢YF.‘?.‘3":'_-_3569?“:

2107 5746 2287 5795 caeleri
2331 5746 2620 5811 ἑκατέρας.
2658 5746 2787 5809 γάρ]
2832 5746 2931 5809 μέν
2976 5746 3111 5791 Ecld.
3217 5746 3262 5770 ’ν
3305 5746 3582 5809 βάρϐαρον
3624 5746 3761 5794 Edd.

2080 5812 2104 5902 ἱ
2122 5809 2309 5902 εξιέϊ]
2342 5813 2630 5902 ﬁdﬂti‘ff‘.
2640 5808 3011 5902 .E‘.“_‘1_‘39'3";.‘
3044 5809 3143 5902 E8.
3163 5817 3217 5902 εξ
3226 5809 3419 5902 .°2£‘£‘:.
3445 5809 3501 5902 ,1
3509 5808 3761 5902 ⁸ἐξρ⁶ῗῑ

313 5903 449 5959 ξορα
471 5889 535 5941 Α.
566 5889 628 5942 C.
653 5887 720 5959 Ε.
740 5887 1138 5959 refragantibus
1171 5889 1408 5959 lnlerpp‘.

316 5952 415 6028 Ειὶ.
488 5960 533 5993 ⁵⁷
574 5958 725 6032 ὑμῖν]
756 5952 1083 6019 εάάῖπάλαι
1110 5960 1173 6016 ἀν
1196 5963 1260 6014 Δ.
1297 5952 1333 6013 1⁷
1353 5952 1525 6029 Mosq.
1605 5954 1650 5987 ⁸⁸
1688 5952 1782 6008 τοῦ

1486 5885 1532 5918 η
1570 5875 1669 5951 τῆς
1697 5883 1867 6007 4652;
1898 5882 2232 5945 ἀποστασίας
2264 5882 2283 5936 l

1486 5971 1525 6007 ι,
1605 5954 1650 5987 ⁸⁸
1688 5970 1782 6007 του
1846 5952 1935 6005 δον
1964 5950 2099 6007 Edd.

2080 5882 2232 5945 ασίας
2264 5875 2325 5936 F.
2351 5878 2655 5951 ἀπειθείας]
2691 5878 2918 5944 ἀτοπίας
2954 5878 3020 5934 D.
3096 5880 3143 5911 ⁸⁸
3182 5880 3241 5933 αί
3271 5879 3423 5939 deest
3445 5879 3500 5933 in
3532 5875 3669 5932 Edd'.
3710 5886 3766 5933 ct

1875 5967 1935 6005 ου
1964 5967 2078 6007 Μια
2086 5993 2099 6007 .
