4010 6128
378 303 477 358 ωδ
1192 290 1255 346 IN
1294 289 1700 346 MATTILEUM
1741 287 1968 344 llOlllL.
2015 285 2276 341 XXXVII.
2317 289 2387 342 al.
2432 289 2718 344 XXXVIII.

369 424 678 487 gumentum
713 420 811 476 est,
837 424 954 464 cum
980 423 1082 461 non
1108 405 1266 460 modo
1291 404 1658 474 praesentibus,
1683 402 1774 458 sed
1798 402 1957 456 etiam

373 512 432 562 iis
455 508 543 578 qui
566 507 690 559 olim
717 504 927 558 fuerunt
946 499 1220 556 sceleratis
1241 498 1534 552 deteriores
1554 511 1671 551 esse
1693 495 1955 549 videntur.

371 601 458 653 Sic
483 607 536 654 et
563 598 686 652 alibi
718 598 859 666 ipsos
894 593 1213 650 condemnat
1253 591 1649 660 comparatione
1677 588 1810 643 facta
1838 603 1959 642 cum

374 691 621 745 Ninivitis
645 697 696 744 et
731 704 851 743 cum
891 687 1073 755 regina
1105 684 1282 739 Austri
1318 683 1525 756 (Matth.
1565 683 1654 737 l2.
1687 682 1776 737 4|.
1809 679 1906 752 42)
1941 699 1954 735 :

374 798 552 838 verum
585 781 690 836 illic
730 781 793 835 iis
832 780 918 849 qui
963 787 1107 834 recte
1150 776 1422 840 fecerunt,
1471 776 1560 831 hic
1603 789 1732 830 vero
1766 774 1828 828 iis
1871 773 1957 843 qui

373 873 510 928 male
531 881 752 942 egerunt
779 871 924 940 ipsos
948 877 1241 938 comparat,
1270 866 1409 937 quod
1439 868 1593 937 longe
1619 866 1830 936 gravius
1854 874 1954 920 est.

375 965 524 1018 llunc
544 978 754 1032 quoque
782 959 1064 1016 damnandi
1093 958 1304 1014 modum
1327 959 1471 1012 novit
1495 957 1766 1022 Ezechiel;
1796 971 1959 1025 quare

371 1055 504 1108 dixit
527 1053 874 1123 Jerosolyma:
904 1069 918 1104 :
959 1049 1264 1116 Iusti/iatin
1292 1065 1486 1104 sorores
1509 1059 1620 1102 tuas
1648 1048 1700 1101 in
1729 1046 1958 1102 omnibus

372 1147 584 1215 peccatis
609 1149 705 1199 tuis
737 1143 957 1214 (Ezeclt.
1004 1142 1086 1198 t6.
1135 1143 1264 1210 51).
1310 1142 1398 1197 Sic
1443 1141 1638 1210 ubique
1683 1141 1735 1194 in
1778 1138 1956 1195 Veteri

371 1239 714 1293 Testamento
743 1237 793 1290 in
825 1235 907 1290 his
935 1235 1135 1290 versari
1162 1237 1315 1288 solet.
1350 1233 1529 1302 Neque
1561 1233 1646 1287 hic
1683 1232 1838 1288 ﬁnem
1878 1233 1956 1286 di-

371 1329 522 1385 cendi
553 1329 694 1394 facit,
728 1327 820 1383 sed
856 1327 1102 1381 timorem
1129 1333 1284 1393 auget
1309 1323 1491 1378 dicens
1515 1363 1530 1388 ,
1559 1323 1799 1394 graviora
1831 1337 1955 1392 pas-

370 1436 522 1476 suros
551 1420 669 1474 illos
694 1433 810 1474 esse
831 1460 845 1484 ,
874 1433 1032 1488 quam
1057 1415 1361 1471 Sodomitas
1387 1424 1440 1470 et
1465 1414 1677 1486 Tyrios.
1707 1415 1781 1469 lta
1811 1415 1956 1484 ipsos

368 1512 600 1582 undique
630 1511 895 1578 concitat,
928 1520 982 1565 et
1007 1525 1127 1564 cum
1172 1509 1398 1565 miseros
1425 1508 1711 1579 praedicat,
1743 1517 1796 1564 et
1833 1525 1955 1564 cum

371 1602 759 1674 perterrefacit.

443 1696 496 1750 5.
527 1692 867 1762 Hospitalitas
892 1691 1287 1745 commendatur.
1320 1689 1504 1744 Contra
1531 1691 1809 1745 meretricia
1834 1708 1956 1745 can-

370 1787 488 1838 tica.
532 1815 603 1824 —
644 1783 770 1838 liceo
797 1797 1010 1852 quoque
1042 1797 1138 1836 nos
1168 1781 1462 1836 audiamus.
1497 1782 1677 1852 Neque
1703 1783 1843 1836 enim
1872 1782 1954 1836 iu-

368 1875 603 1930 credulis
648 1882 850 1928 tantnm
875 1915 890 1940 ,
929 1873 1022 1928 sed
1063 1873 1220 1927 etiam
1254 1873 1406 1926 nobis
1435 1874 1644 1942 gravius
1682 1873 1956 1929 constituit

367 1965 682 2035 supplicium
704 2006 718 2031 ,
751 1979 911 2034 quam
941 1961 1230 2018 Sodomitis
1255 2005 1267 2028 ,
1301 1963 1399 2017 nisi
1434 1963 1738 2033 peregrinos
1765 1963 1828 2016 ad
1857 1979 1955 2018 nos

368 2059 641 2112 venientes
673 2057 998 2126 excipiamus
1023 2100 1037 2122 ,
1065 2070 1183 2110 cum
1213 2055 1370 2111 etiam
1400 2055 1670 2125 pulverem
1699 2063 1955 2109 excutere

365 2150 615 2218 jusserit;
666 2165 729 2205 ac
763 2151 884 2220 jure
913 2150 1121 2202 merito.
1169 2147 1244 2202 Illi
1286 2162 1550 2215 namque,
1582 2147 1683 2202 etsi
1724 2146 1956 2217 graviter

372 2249 657 2311 peccarunt
682 2283 695 2307 ,
728 2250 782 2294 at
810 2248 933 2295 ante
962 2241 1132 2310 legem
1160 2250 1213 2293 et
1240 2239 1462 2309 gratiam
1491 2238 1620 2307 lapsi
1653 2247 1810 2303 sunt;
1858 2253 1955 2294 nos

370 2349 496 2386 vero
525 2334 610 2402 qui
651 2340 769 2400 post
806 2340 1001 2384 tantam
1051 2330 1202 2384 nobis
1232 2329 1518 2384 exhibitam
1550 2345 1730 2383 curam
1772 2345 1956 2398 pecea-

369 2440 488 2477 mus
509 2464 523 2488 ,
552 2438 652 2493 qua
683 2422 883 2476 erimus
926 2420 1078 2476 venia
1110 2421 1253 2489 digni
1281 2463 1295 2486 ,
1325 2420 1413 2490 qui
1453 2429 1653 2474 tantum
1685 2420 1952 2490 hospituni

366 2515 546 2569 odium
579 2513 892 2569 exhibemus
919 2554 934 2579 ,
978 2511 1265 2582 egenisque
1299 2522 1480 2581 portas
1501 2553 1514 2574 ,
1543 2520 1593 2566 et
1619 2521 1742 2566 ante
1776 2523 1954 2580 portas

365 2623 522 2661 aures
565 2604 904 2661 claudimus?
950 2619 1048 2659 nec
1086 2604 1246 2661 modo
1284 2604 1603 2675 pauperibus
1628 2647 1642 2670 ,
1673 2603 1766 2659 scd
1795 2603 1952 2658 etiam

367 2699 494 2769 ipsis
521 2699 812 2768 apostolis?
841 2695 964 2752 ldco
991 2698 1130 2753 enim
1157 2698 1503 2767 pauperibus,
1530 2697 1652 2766 quia
1678 2697 1950 2765 apostolis.

363 2793 497 2848 Cum
521 2793 662 2847 enim
695 2793 887 2863 legitur
915 2791 1110 2846 Paulus
1131 2832 1143 2855 ,
1172 2805 1270 2844 nec
1302 2800 1354 2844 tu
1382 2789 1642 2854 attendis;
1672 2804 1789 2844 cum
1820 2805 1954 2859 prse-

365 2885 507 2939 dicat
532 2885 800 2951 Joannes,
833 2892 886 2938 et
930 2893 984 2938 tu
1029 2897 1134 2937 non
1169 2882 1319 2936 audis
1349 2900 1360 2935 :
1389 2881 1723 2951 quandonam
1757 2897 1954 2951 paupe-

364 2992 475 3030 rem
506 2977 752 3045 recipies,
781 2976 868 3046 qui
897 2976 1198 3045 apostolum
1228 2991 1332 3028 non
1361 2975 1587 3044 recipis?
1613 2972 1678 3029 Ut
1705 2975 1880 3044 itaque
1900 2982 1954 3029 et

364 3070 446 3124 his
475 3069 636 3135 aedes,
669 3079 723 3125 et
752 3070 855 3124 illis
883 3084 1039 3126 aures
1068 3077 1324 3138 perpetuo
1351 3078 1550 3136 apert-.e
1577 3068 1702 3132 sint,
1736 3067 1949 3122 sordem

363 3176 574 3216 omnem
619 3160 687 3214 ab
728 3161 945 3214 auribus
986 3162 1177 3214 anima:
1217 3173 1590 3228 cxpurgemus.
1632 3157 1779 3212 Sicut
1809 3159 1950 3211 enim

362 3253 548 3309 sordes
573 3261 626 3306 et
651 3253 810 3305 limus
832 3266 986 3306 aures
1011 3251 1272 3320 corporis,
1299 3251 1374 3302 sic
1400 3247 1697 3307 meretricia
1725 3249 1949 3315 cantica,

361 3347 648 3402 saeculares
687 3343 1018 3399 narrationes
1037 3383 1051 3406 ,
1080 3341 1278 3408 debita,
1311 3357 1586 3396 sermones
1616 3340 1683 3396 de
1713 3357 1869 3395 usura
1899 3349 1953 3394 et

361 3447 545 3492 mutuo
569 3481 583 3504 ,
625 3436 792 3508 magis
818 3451 976 3503 quam
1009 3435 1208 3502 qntevis
1235 3434 1420 3488 sordes
1450 3448 1607 3487 aures
1634 3433 1824 3486 animm
1851 3434 1948 3486 oh-

363 3538 576 3593 turant;
612 3529 716 3582 imo
749 3543 850 3581 non
885 3526 1135 3580 obturant
1166 3524 1343 3592 modo,
1376 3524 1468 3578 sed
1500 3524 1800 3578 immundus
1832 3524 1952 3578 red-

359 3621 510 3674 dunt.
544 3619 674 3673 Nam
705 3618 792 3688 qui
845 3617 942 3672 ista
983 3625 1232 3682 narrant,
1267 3615 1448 3669 ﬁmum
1482 3617 1532 3669 in
1564 3631 1718 3670 aures
1748 3623 1951 3669 vestras

362 3711 623 3780 injiciunt.
667 3711 743 3764 Ac
764 3709 903 3780 quod
925 3708 1178 3763 barbarus
1198 3707 1286 3762 ille
1301 3707 1721 3761 comminabatur
1737 3706 1918 3761 dicens
1933 3726 1950 3760 :

361 3803 640 3856 Comedetis
666 3813 853 3856 stercus
894 3810 1126 3864 vestrum,
1157 3809 1260 3854 etc.
1295 3799 1312 3869 (
1345 3797 1470 3852 lsai.
1500 3798 1586 3852 56.
1616 3797 1720 3868 12)
1753 3816 1764 3851 :
1792 3798 1867 3851 sic
1898 3806 1950 3852 et

363 3896 448 3949 isti
479 3911 582 3948 non
610 3895 792 3958 verbo,
826 3893 919 3947 sed
944 3893 1194 3962 operibus
1223 3907 1286 3945 eo
1313 3905 1406 3944 vos
1430 3889 1714 3952 deducunt,
1749 3897 1803 3942 ut
1833 3888 1949 3942 haec

362 3984 703 4049 sustineatis;
735 3985 841 4037 imo
867 3991 918 4037 et
951 3983 1104 4052 longe
1130 3983 1358 4052 gravius.
1391 3981 1596 4036 Etenim
1629 3979 1716 4033 illa
1743 3978 1946 4034 cantica

363 4078 446 4130 his
487 4075 644 4144 longe
687 4072 909 4128 fcediora
939 4080 1065 4126 sunt
1106 4089 1120 4124 :
1165 4072 1408 4140 quodque
1437 4072 1669 4126 deterius
1694 4078 1805 4132 est,
1842 4085 1947 4123 non

361 4165 521 4220 modo
545 4164 659 4219 haec
689 4163 911 4217 moleste
943 4176 1049 4216 non
1081 4162 1256 4226 fertis,
1288 4161 1381 4215 sed
1409 4162 1566 4214 etiam
1597 4160 1796 4224 ridetis,
1827 4174 1946 4214 cum

361 4265 631 4328 oporteret
657 4255 925 4312 exsecrari
957 4269 1018 4308 ac
1052 4253 1251 4323 fugere.
1283 4252 1433 4320 Quod
1467 4253 1509 4306 si
1535 4251 1647 4306 haec
1676 4250 1950 4305 abomina-

364 4350 486 4403 bilia
513 4364 618 4403 non
645 4355 788 4412 sunt,
817 4343 1081 4401 descende
1112 4345 1162 4398 in
1190 4343 1536 4408 orchestram,
1572 4343 1777 4396 imitare
1807 4341 1946 4411 (ιωιύ

362 4440 577 4504 laudas;
624 4440 730 4493 imo
756 4439 838 4493 adi
870 4453 990 4492 eum
1013 4438 1102 4507 qui
1130 4435 1269 4489 hunc
1296 4435 1458 4490 risum
1487 4435 1700 4490 excitat.
1752 4435 1945 4489 Verum

365 4531 414 4586 id
444 4545 728 4600 numquam
755 4529 928 4584 facere
954 4529 1116 4584 ausis.
1148 4529 1253 4583 Cur
1278 4544 1404 4597 ergo
1430 4528 1505 4581 illi
1535 4536 1734 4582 tantum
1763 4527 1947 4582 tribuis

366 4627 620 4676 honorem
643 4620 666 4672 ?
691 4620 849 4688 Atqui
877 4619 1185 4673 Graecorum
1219 4619 1362 4688 leges
1388 4617 1686 4686 dt‘SCl‘ipltB,
1722 4619 1836 4671 illos
1863 4618 1944 4671 in-

362 4711 529 4766 fames
559 4710 740 4764 haberi
774 4711 957 4763 volunt
988 4729 1000 4764 :
1031 4719 1085 4763 tu
1124 4726 1251 4763 vero
1295 4711 1412 4763 illos
1444 4724 1562 4763 cum
1597 4717 1702 4763 tota
1733 4709 1946 4764 civitate

363 4803 554 4870 recipis
576 4841 590 4865 ,
637 4801 786 4870 quasi
815 4800 1014 4869 legatos
1041 4801 1055 4830 ³
1087 4810 1139 4854 et
1165 4801 1329 4854 duces
1349 4842 1362 4863 ,
1395 4815 1684 4869 omnesque
1713 4814 1904 4854 evocas
1927 4841 1940 4865 ,

363 4903 420 4947 ut
465 4893 646 4945 ﬁmum
692 4893 742 4944 in
782 4891 999 4944 auribus
1040 4890 1318 4959 accipiant.
1383 4892 1460 4944 Ac
1503 4905 1688 4944 servus
1731 4889 1943 4958 quidem

364 4997 502 5051 tuus,
533 4986 576 5040 si
609 4984 730 5053 quid
762 4992 912 5052 turpe
932 5024 946 5048 ,
979 4992 1028 5036 te
1058 4982 1335 5046 audiente,
1367 4982 1627 5052 loquatur,
1661 4983 1801 5035 mille
1830 4983 1943 5049 pla-

359 5092 454 5148 gas
481 5076 708 5145 accipit;
737 5083 789 5128 et
815 5076 857 5128 si
891 5075 1029 5126 ﬁlius
1049 5114 1061 5138 ,
1091 5073 1133 5127 si
1164 5089 1315 5138 uxor,
1342 5073 1386 5126 si
1417 5073 1655 5143 quisquis
1679 5074 1815 5126 alius
1845 5073 1945 5127 hoc

363 5171 555 5234 faciat,
586 5183 697 5221 rem
739 5165 879 5218 illam
911 5178 1068 5218 vocas
1097 5164 1469 5218 contumeliam
1502 5181 1513 5216 :
1543 5165 1585 5218 si
1618 5178 1742 5217 vero
1773 5163 1945 5215 homi-

363 5276 457 5315 nes
489 5258 808 5313 verberones
841 5265 890 5309 et
930 5255 1118 5324 ahjecti
1161 5263 1210 5308 te
1235 5264 1423 5308 vocent
1451 5297 1463 5318 ,
1498 5264 1553 5307 ut
1585 5254 1751 5322 turpia
1785 5253 1942 5307 verba

363 5353 565 5418 audias,
601 5365 704 5403 non
738 5347 896 5401 modo
925 5361 1028 5401 non
1059 5345 1369 5415 indignaris,
1398 5346 1492 5400 sed
1526 5347 1674 5401 etiam
1704 5346 1899 5416 gaudes
1925 5386 1939 5410 ,

367 5444 562 5496 laudas.
592 5439 795 5509 Ecquid
824 5437 947 5492 huic
973 5437 1252 5491 dementiae
1277 5452 1372 5504 par
1392 5435 1619 5489 fuerit”?
1643 5435 1745 5490 Sed
1772 5436 1942 5505 turpia

368 5531 727 5602 hujuscemodi
773 5546 879 5584 non
923 5528 1192 5597 loqueris?
1236 5526 1437 5595 Ecquid
1477 5526 1599 5579 hinc
1628 5527 1802 5580 lucri?
1832 5526 1943 5580 lino

429 5666 687 5730 {Quidni-ii,
712 5663 847 5730 quasi
871 5660 1185 5730 consiliarios:
1300 5721 1310 5730 ,
1455 5718 1485 5730 η,
1599 5719 1608 5729 ,
1697 5721 1716 5730 _
1803 5721 1812 5730 ,

424 5724 448 5757 ⁸
478 5721 688 5778 ﬁomzulh‘
712 5721 897 5777 habent
922 5739 932 5776 :
959 5722 1143 5789 Ecquid
1164 5722 1253 5773 hac
1277 5721 1515 5772 dementia
1527 5721 1665 5783 pejus
1684 5721 1830 5783 fuerit
1854 5721 1877 5772 Ρ

3514 301 3520 310 '
3551 297 3653 353 4:10

2069 415 2194 453 vero
2217 399 2354 455 unde
2378 401 2573 471 liqueat
2596 412 2644 457 te
2669 417 2770 457 non
2794 404 2972 472 loqui?
2996 403 3049 459 Si
3073 406 3212 462 enim
3237 405 3348 463 haec
3369 424 3654 480 numquam

2068 488 2371 557 proferres,
2409 507 2510 545 non
2553 492 2758 548 rideres
2800 494 3022 549 audiens
3048 537 3062 561 ,
3096 513 3266 567 neque
3309 509 3456 555 tanto
3480 501 3654 556 studio

2064 594 2311 636 curreres
2338 582 2403 636 ad
2436 598 2618 638 vocem
2647 601 2765 654 qum
2794 594 2844 640 te
2870 585 3134 642 dedecore
3158 589 3338 654 afﬁcit.
3391 592 3481 647 Dic
3511 594 3652 648 enim

2067 671 2194 726 mihi
2224 713 2236 737 ,
2264 673 2535 742 gaudesne
2565 674 2784 730 audiens
2825 675 3223 746 blaSpheniias?
3251 695 3426 736 annon
3453 683 3651 738 exhor-

2065 763 2250 829 reseis,
2275 772 2330 819 et
2353 779 2508 820 aures
2533 765 2810 820 obstruis?
2840 768 2951 838 Ego
2977 779 3120 824 certe
3144 771 3192 824 id
3217 781 3362 840 puto.
3386 772 3494 827 Cur
3518 775 3653 829 hoc?

2063 853 2192 920 Quia
2235 862 2288 908 tu
2331 871 2614 926 numquam
2656 857 3010 926 blasphemas.
3060 861 3286 930 ldipsutn
3321 862 3476 918 facito
3510 866 3652 920 circa

2065 946 2234 1017 turpia
2265 948 2356 1002 illa
2389 949 2570 1003 verba.
2621 951 2686 1004 Et
2715 950 2759 1005 si
2785 951 2862 1004 vis
2893 951 3045 1006 nobis
3073 953 3214 1008 clare
3245 954 3610 1013 demonstrare
3633 1000 3647 1022 ,

2065 1049 2114 1096 te
2138 1055 2241 1094 nou
2265 1042 2500 1111 gaudere
2521 1042 2645 1097 dum
2671 1044 2841 1115 turpia
2861 1044 3126 1108 dicuntur.
3151 1062 3217 1102 ne
3237 1048 3418 1103 auditu
3439 1049 3650 1119 quidem

2064 1130 2150 1184 illa
2179 1134 2335 1187 feras.
2369 1134 2715 1199 Quandonam
2744 1137 2941 1204 probus
2969 1138 3047 1192 vir
3071 1153 3190 1194 esse
3219 1141 3435 1208 poteris,
3469 1143 3524 1196 in
3553 1143 3651 1198 hu-

2058 1223 2291 1291 jusmodi
2319 1227 2559 1296 turpibus
2587 1228 2864 1284 audiendis
2885 1231 3181 1286 enutritus?
3205 1234 3539 1302 qnandonam
3562 1253 3651 1292 ca.

2062 1316 2259 1373 szitatis
2288 1319 2512 1374 sudores
2553 1320 2691 1375 ferre
2733 1322 2932 1390 poteris
2956 1363 2969 1386 ,
3000 1323 3077 1377 sic
3117 1325 3364 1392 paulatim
3401 1326 3648 1384 diffluens

2060 1424 2122 1462 ex
2169 1410 2277 1464 risu
2303 1453 2317 1478 ,
2351 1412 2591 1467 cantilnts
2614 1453 2629 1478 ,
2663 1421 2715 1467 et
2765 1414 2940 1467 verbis
2967 1414 3273 1470 obscoenis?
3316 1417 3444 1473 Nam
3490 1421 3532 1474 si
3563 1422 3647 1474 vix

2059 1501 2236 1555 anima
2261 1542 2275 1566 ,
2309 1519 2425 1570 qua:
2451 1502 2517 1556 ab
2547 1502 2630 1556 his
2657 1505 2904 1559 omnibus
2928 1519 2987 1559 se
3019 1521 3200 1574 puram
3230 1520 3403 1562 servat
3428 1549 3441 1573 ,
3475 1518 3649 1578 potest

2062 1606 2181 1645 esse
2209 1591 2428 1648 honesta
2458 1603 2508 1648 et
2541 1603 2703 1659 casta,
2733 1603 2930 1663 quanto
2955 1596 3127 1649 minus
3155 1599 3347 1666 poterit
3374 1615 3494 1668 quae
3535 1600 3649 1654 lucc

2059 1683 2244 1738 audire
2267 1684 2441 1739 solet?
2470 1687 2550 1737 An
2578 1685 2812 1750 nescitis,
2845 1699 2940 1739 nos
2961 1686 3026 1740 ad
3061 1687 3348 1756 nequitiam
3372 1691 3647 1758 proniores

2059 1791 2178 1832 esse
2193 1776 2221 1829 ?
2240 1776 2374 1832 Cum
2401 1785 2576 1831 autem
2607 1777 2720 1832 haec
2748 1777 2802 1832 in
2828 1787 2998 1832 artem
3020 1787 3074 1834 et
3097 1793 3230 1849 Opus
3251 1792 3645 1848 convertamus,

2059 1869 2327 1937 quomodo
2371 1869 2638 1924 fornacem
2689 1868 2832 1922 illam
2876 1868 3109 1939 effugere
3155 1871 3486 1940 poterimus?
3532 1873 3646 1929 Non

2059 1960 2250 2013 audisti
2272 1959 2397 2028 quid
2421 1959 2552 2014 dicit
2571 1960 2784 2027 Paulus,
2817 1959 3046 2014 Gaudete
3067 1961 3118 2014 in
3143 1960 3359 2016 Domino
3387 1963 3641 2034 (Philipp.

2059 2050 2112 2102 4.
2140 2051 2252 2120 4)?
2277 2050 2390 2104 Non
2419 2050 2572 2118 dixit,
2607 2050 2662 2104 In
2691 2051 2922 2106 diabolo.

2133 2142 2181 2195 6.
2223 2140 2555 2196 Tlteutrorum
2583 2143 2872 2213 spectacula
2905 2160 3057 2214 quam
3084 2144 3328 2200 dantuosa
3366 2157 3414 2202 et
3455 2151 3642 2219 turpia.

2059 2262 2129 2270 ——
2150 2231 2372 2297 Quando
2401 2233 2558 2302 igitur
2581 2233 2765 2288 audire
2796 2234 3013 2288 Paulum
3053 2237 3287 2306 poteris?
3331 2236 3554 2304 Quando
3595 2241 3646 2294 in

2059 2337 2272 2376 sensum
2317 2324 2498 2378 venire
2551 2334 2888 2392 prccatorum
2915 2365 2930 2390 ,
2971 2326 3058 2396 qui
3109 2341 3174 2380 ex
3217 2330 3516 2396 spectaculo
3557 2331 3647 2386 illo

2059 2413 2237 2468 ebrius
2263 2430 2477 2484 semper
2502 2430 2559 2469 es
2581 2416 2604 2468 ?
2652 2416 2802 2481 Quod
2831 2417 2971 2471 enim
3002 2417 3105 2472 huc
3136 2421 3376 2488 veneris,
3417 2437 3522 2476 non
3551 2424 3648 2476 mi-

2059 2522 2177 2559 rum
2220 2522 2318 2562 nec
2363 2523 2609 2578 magnum
2649 2519 2764 2575 est;
2813 2509 2921 2564 imo
2959 2511 3134 2580 potius
3166 2512 3358 2566 mirum
3387 2523 3486 2568 est.
3533 2515 3646 2569 lfuc

2058 2599 2198 2652 enim
2235 2607 2289 2652 et
2329 2600 2564 2668 segniter
2602 2609 2655 2654 et
2695 2600 3055 2670 perfunctorie
3090 2604 3271 2670 venis;
3314 2605 3439 2660 illuc
3466 2617 3642 2662 autem

2058 2706 2252 2760 magno
2290 2691 2467 2747 studio
2497 2702 2550 2746 et
2588 2693 2766 2748 animo
2797 2695 3048 2750 accurris.
3083 2696 3242 2766 quue
3271 2699 3439 2766 palam
3471 2709 3552 2754 est
3579 2717 3644 2755 ex

2059 2782 2122 2834 iis
2151 2798 2268 2852 qua:
2298 2782 2514 2838 domum
2538 2784 2707 2840 refers
2729 2827 2742 2850 ,
2770 2800 2890 2840 cum
2921 2786 3042 2842 inde
3069 2789 3294 2843 recedis.
3325 2790 3531 2844 Etenim
3560 2792 3643 2847 luo

2059 2881 2166 2926 tum
2199 2872 2349 2928 vobis
2387 2874 2496 2930 illic
2538 2873 2769 2931 infusum
2802 2892 2897 2946 per
2928 2877 3089 2933 verba
3115 2920 3129 2944 ,
3159 2880 3362 2935 cantica
3389 2923 3404 2947 ,
3434 2881 3596 2936 risum
3627 2925 3641 2950 ,

2057 2965 2246 3034 singuli
2268 2966 2485 3022 domum
2507 2970 2820 3038 reportatis;
2845 2971 2948 3023 imo
2975 2986 3077 3026 non
3108 2971 3157 3026 in
3179 2971 3394 3028 domum
3419 2983 3640 3042 tantum,

2056 3057 2149 3112 sed
2178 3058 2230 3112 in
2262 3069 2492 3114 mentem
2528 3070 2757 3114 vestram
2785 3061 3032 3116 inducitis
3063 3083 3074 3116 :
3105 3065 3252 3119 etab
3278 3066 3342 3119 iis
3370 3082 3488 3135 quae
3513 3067 3643 3122 abo-

2057 3150 2347 3204 minationc
2391 3150 2549 3220 digna
2595 3167 2698 3206 non
2743 3160 2903 3218 sunt,
2950 3155 3242 3219 averteris;
3291 3155 3642 3213 abominanda

2057 3255 2184 3293 vero
2211 3255 2315 3293 non
2348 3241 2471 3294 odio
2499 3241 2679 3306 habes,
2716 3244 2822 3295 imo
2843 3242 3038 3314 diligis.
3073 3243 3214 3298 Multi
3239 3254 3383 3300 certe
3411 3261 3440 3300 a
3470 3250 3646 3318 sepulo

2055 3331 2159 3383 cris
2199 3328 2479 3383 redeuntes
2519 3345 2639 3385 sese
2676 3332 2893 3386 abluunt
2921 3350 2934 3398 ;
2965 3349 2993 3386 a
3027 3333 3246 3390 theatris
3280 3351 3408 3392 vero
3444 3341 3643 3395 reversi

2058 3436 2162 3474 non
2185 3430 2422 3491 gemunt,
2445 3437 2548 3479 non
2573 3423 2922 3494 lacrymarum
2947 3424 3119 3481 fontes
3141 3427 3446 3495 effundunt;
3467 3447 3644 3502 quam-

2055 3529 2213 3584 quam
2261 3524 2504 3570 mortuus
2551 3531 2656 3569 non
2701 3517 2770 3570 sit
2813 3516 3160 3573 immundus:
3200 3531 3473 3590 peccatum
3517 3539 3644 3580 vero

2060 3617 2255 3666 tantam
2290 3609 2550 3662 maculam
2581 3619 2854 3680 aspergat,
2886 3620 2941 3664 ut
2972 3627 3037 3667 ne
3067 3612 3215 3669 mille
3243 3615 3456 3685 quidem
3487 3618 3643 3673 fonti-

2056 3697 2152 3752 bus
2184 3701 2350 3769 possit
2371 3700 2536 3765 ablui,
2566 3701 2660 3756 sed
2687 3702 2815 3757 solis
2845 3703 3094 3774 lacrymis
3117 3713 3170 3760 et
3195 3706 3638 3764 confessionibus.

2053 3789 2156 3845 Sed
2188 3807 2345 3846 nemo
2373 3793 2632 3846 maculam
2661 3791 3026 3863 hujuscemodi
3052 3799 3229 3852 sentit.
3260 3799 3391 3866 Quia
3418 3801 3558 3854 enim
3580 3817 3640 3854 ea

2054 3897 2171 3950 qu.e
2204 3883 2434 3938 timenda
2465 3893 2643 3938 essent
2669 3901 2773 3938 non
2811 3885 3058 3940 timemus
3083 3928 3097 3951 ,
3126 3903 3186 3941 ea
3213 3930 3228 3955 ,
3262 3905 3377 3958 qua:
3411 3891 3640 3946 timenda

2055 3993 2158 4030 non
2187 3984 2346 4041 sunt,
2379 3977 2682 4030 metuimus.
2719 3977 2847 4044 Quis
2873 3985 3052 4032 autem
3085 3979 3172 4032 ille
3202 3983 3493 4049 strepitus?
3522 3986 3641 4052 quis

2057 4068 2332 4134 tumultus,
2361 4067 2448 4137 qui
2475 4069 2695 4122 satanici
2729 4068 2994 4122 clamores
3041 4077 3096 4124 et
3124 4069 3369 4126 diabolici
3397 4071 3642 4129 habitus?

2054 4160 2201 4213 Alius
2223 4160 2432 4228 juvenis
2453 4175 2576 4214 cum
2603 4159 2706 4225 sit,
2741 4175 2946 4214 comam
2977 4168 3119 4215 retro
3143 4160 3414 4216 reductam
3441 4163 3638 4232 habet,

2053 4258 2108 4303 ct
2151 4259 2392 4304 naturam
2434 4251 2599 4319 ipsam
2638 4250 2908 4305 effeminat
2945 4261 3160 4320 aspectu
3185 4292 3200 4317 ,
3235 4253 3412 4308 habitu
3437 4295 3451 4316 ,
3485 4255 3642 4309 vesti-

2054 4341 2279 4406 mentis,
2313 4341 2525 4396 detnum
2555 4342 2799 4396 omnibus
2820 4384 2832 4406 ,
2865 4342 3198 4413 formamque
3225 4352 3422 4400 tenerae
3453 4346 3640 4415 puellae

2054 4434 2283 4489 affectat.
2332 4435 2481 4489 Alius
2516 4451 2642 4490 vero
2671 4435 2930 4504 quispiam
2968 4451 3129 4490 senex
3157 4478 3170 4502 ,
3198 4451 3229 4491 e
3257 4437 3524 4492 contrario
3554 4453 3640 4493 ca-

2055 4526 2192 4595 pillis
2222 4527 2473 4581 novacula
2503 4527 2728 4593 abrasis,
2760 4527 2976 4582 renibus
3009 4527 3326 4594 succinctus,
3358 4537 3634 4599 postquam

2055 4619 2308 4688 pudorem
2352 4630 2474 4674 ante
2517 4621 2738 4688 capillos
2777 4620 3022 4686 succidit,
3055 4630 3160 4675 stat
3189 4621 3253 4675 ad
3293 4621 3472 4690 alapas
3500 4624 3621 4676 acci-

2055 4712 2274 4780 piendas
2313 4720 2366 4767 ct
2416 4711 2481 4766 ad
2525 4713 2700 4767 omnia
2738 4712 2958 4767 dicenda
3011 4711 3355 4781 faciendoque
3399 4723 3630 4782 paratus.

2053 4803 2298 4858 Mulieres
2338 4813 2514 4858 autem
2561 4803 2704 4857 nudo
2744 4803 2953 4871 capite,
2997 4803 3140 4856 omni
3189 4803 3354 4857 misso
3396 4803 3592 4861 rubore
3617 4845 3632 4870 ,

2051 4903 2193 4948 stant
2215 4895 2464 4964 populum
2486 4893 2835 4963 alloquentes,
2863 4901 3065 4947 tantum
3088 4893 3332 4949 videlicet
3355 4895 3635 4965 impuden-

2055 4987 2140 5039 tia:
2171 4985 2404 5039 studium
2437 4985 2690 5038 habentes
2712 5024 2726 5049 ,
2755 4999 3072 5054 omnemque
3104 4986 3446 5054 petulantiam
3474 4997 3527 5041 et
3555 4988 3633 5042 la-

2051 5075 2274 5130 sciviam
2299 5075 2349 5127 in
2375 5073 2674 5128 auditorum
2703 5074 2908 5128 animos
2931 5074 3283 5131 infundentes.
3315 5076 3446 5132 Illud
3471 5094 3628 5130 unum

2051 5166 2283 5220 studium
2314 5164 2529 5229 habent,
2561 5173 2616 5218 ut
2645 5166 2940 5220 castitatem
2968 5182 3181 5222 onmem
3213 5167 3460 5222 radicitus
3491 5167 3633 5221 evel-

2052 5257 2183 5323 lant,
2215 5268 2456 5311 naturam
2485 5256 2788 5326 deturpent,
2821 5259 2944 5313 mali
2971 5259 3226 5314 dtemonis
3254 5258 3634 5326 concupiscen-

2053 5351 2178 5403 tiam
2227 5346 2500 5418 expleant.
2553 5347 2686 5403 Nam
2737 5349 2823 5404 hic
2867 5351 3034 5404 verba.
3073 5350 3322 5402 obscaena
3352 5389 3366 5412 ,
3423 5347 3632 5403 habitus

2050 5441 2295 5506 ridiculi,
2339 5450 2552 5495 tonsura
2594 5442 2820 5509 similis,
2863 5443 3100 5496 incessus
3125 5480 3138 5504 ,
3182 5449 3440 5506 vestitus,
3487 5456 3585 5495 vox
3613 5482 3629 5508 ,

2049 5531 2412 5586 membrorum
2438 5533 2709 5598 mollities,
2739 5533 3012 5586 oculorum
3043 5532 3389 5597 inrersiones,
3419 5531 3626 5598 ﬁstula,

2051 5623 2208 5687 tibize,
2237 5621 2476 5678 dramata
2495 5665 2511 5690 ,
2543 5631 2873 5693 argumenta,
2906 5621 3187 5690 omniaque
3214 5622 3425 5676 demum
3453 5631 3630 5681 extre-

2048 5729 2150 5770 mae
2179 5713 2406 5770 lasciviae
2431 5715 2583 5786 plena
2613 5724 2753 5768 sunt.
2785 5712 3129 5780 Quandonam
3151 5753 3164 5776 ,
3198 5729 3405 5783 qumso,
3440 5717 3626 5786 resipi.
