4010 6128
369 243 470 296 127

364 373 514 424 secs,
543 373 663 413 cum
695 365 896 412 tantum
930 357 1020 412 tibi
1049 356 1408 412 fornicationis
1434 357 1676 426 poculum
1710 352 1950 409 infundat

363 450 606 505 diabolus
624 493 640 516 ,
665 457 845 519 totque
873 449 1295 518 intemperantia:
1320 449 1512 503 calices
1538 446 1792 502 misceat?
1818 445 1947 500 Nam

365 543 472 597 illic
515 542 933 608 fornicationes,
979 540 1275 606 adulteria,
1317 541 1570 594 mulieres
1614 539 1944 610 prostituta),

365 635 462 690 viri
495 633 772 689 muliebria
802 634 1066 704 patientes
1089 675 1102 698 ,
1131 633 1356 704 juvenes
1385 631 1575 686 molles
1601 671 1613 696 ,
1647 630 1820 684 omnia
1851 629 1950 682 ini-

360 729 561 798 quitate
610 729 767 798 plena
793 767 808 794 ,
850 726 1171 797 portentosis
1215 724 1374 778 rebus
1412 739 1476 778 ac
1515 722 1784 793 prodigiis.
1830 720 1945 774 Non

361 837 490 890 ergo
514 820 582 876 de
613 818 916 890 hujusmodi
956 818 1114 873 rebus
1150 816 1327 871 ridere
1365 815 1610 872 sedentes
1635 822 1904 884 Oportcret
1927 853 1942 878 ,

361 913 454 968 sed
483 913 767 984 lacrymari
791 922 844 967 et
875 910 1241 979 ingemiscere.
1273 909 1408 978 Quid
1437 909 1629 979 igitur?
1658 923 1723 962 an
1752 907 1944 962 orche-

361 1018 524 1062 stram
551 1007 878 1069 claudemus,
907 1005 1130 1073 inquies,
1157 1011 1210 1057 et
1232 1002 1384 1071 jussu
1409 1009 1500 1056 tuo
1525 1002 1701 1056 omnia
1728 999 1946 1055 subver-

363 1099 578 1155 tantur?
621 1097 772 1152 Nunc
797 1105 943 1152 certe
973 1095 1150 1150 omnia
1181 1094 1435 1148 subversa
1474 1100 1616 1147 sunt.
1666 1091 1942 1147 Undenam

361 1192 395 1245 ii
439 1192 526 1260 qui
570 1190 766 1260 nuptiis
796 1189 1015 1243 insidias
1057 1187 1283 1258 parant?
1314 1200 1490 1240 nonne
1519 1185 1585 1239 ab
1615 1183 1713 1238 hac
1743 1182 1944 1238 scena?

361 1283 510 1339 Unde
552 1284 587 1337 ii
617 1283 706 1352 qui
747 1283 1008 1337 thalamos
1048 1279 1340 1334 effodiunt?
1372 1291 1550 1332 nonne
1577 1276 1644 1330 ab
1670 1274 1942 1330 orchestra

358 1378 486 1432 illa?
522 1391 699 1432 nonne
743 1375 866 1430 hinc
904 1374 1000 1427 viri
1042 1372 1292 1426 uxoribus
1329 1380 1452 1424 sunt
1483 1367 1735 1423 molesti?
1767 1381 1944 1421 nonne

359 1471 481 1523 hinc
507 1484 536 1522 a
565 1466 694 1522 viris
722 1481 916 1520 uxores
945 1461 1354 1533 despiciuntur?
1383 1475 1558 1514 nonne
1589 1459 1712 1514 hinc
1749 1456 1941 1512 mmehi

359 1560 615 1630 plurimi?
647 1559 829 1626 Itaque
871 1557 960 1626 qui
1004 1555 1180 1608 omnia
1223 1551 1515 1614 subvertit,
1561 1549 1604 1602 is
1647 1558 1729 1603 est
1758 1548 1844 1617 qui
1876 1546 1942 1601 ad

360 1653 623 1706 theatrum
655 1649 860 1717 pergit,
891 1647 1084 1716 quique
1109 1658 1322 1712 gravem
1356 1640 1686 1712 tyrannidem
1720 1638 1937 1692 inducit.

358 1744 721 1813 Nequaquam,
754 1739 979 1809 inquies,
1009 1737 1101 1791 sed
1129 1736 1178 1790 id
1206 1737 1346 1792 bono
1377 1736 1551 1804 legum
1579 1733 1766 1788 ordine
1791 1732 1939 1785 insli-

359 1846 527 1891 tutum
552 1843 652 1890 est.
681 1833 813 1887 Nam
835 1830 1083 1885 mulieres
1104 1827 1368 1897 abripere,
1397 1839 1587 1896 pueros
1606 1821 1942 1878 contumeliis

356 1930 609 1985 adbibere
628 1967 642 1993 ,
676 1926 864 1982 domos
893 1932 1133 1978 evertere
1154 1963 1168 1988 ,
1203 1921 1318 1974 haec
1347 1923 1412 1973 ad
1441 1920 1560 1972 illos
1587 1926 1827 1988 spectant
1853 1915 1942 1984 qui

355 2035 505 2075 arces
546 2026 826 2086 occupant.
878 2014 944 2068 Et
987 2014 1105 2082 quis
1146 2011 1424 2076 mmchus,
1459 2010 1663 2079 inquies
1689 2051 1703 2075 ,
1743 2023 1806 2063 ex
1859 2007 1942 2061 his

355 2110 671 2182 spectaculis
716 2108 881 2162 factus
925 2105 1047 2160 est?
1096 2103 1206 2158 lano
1247 2103 1362 2172 quis
1407 2117 1512 2156 non
1555 2099 1837 2156 moechus?
1885 2099 1939 2155 Si

355 2205 540 2258 liceret
579 2199 891 2255 nominatim
925 2195 1116 2252 etI‘erre
1139 2236 1153 2258 ,
1184 2194 1364 2249 dicere
1413 2193 1610 2262 possim
1643 2201 1772 2260 quot
1800 2189 1940 2243 viros

357 2295 470 2347 haec
501 2293 569 2347 ab
596 2289 848 2347 uxoribus
879 2286 1262 2358 sequestrarint
1285 2327 1300 2353 ,
1329 2295 1383 2339 et
1406 2294 1536 2354 quot
1563 2285 1800 2352 captivos
1830 2297 1940 2336 mc-

356 2385 576 2440 retrices
607 2382 710 2435 ilhc
740 2380 1010 2448 ceperint,
1040 2392 1266 2447 quorum
1296 2377 1425 2431 alios
1454 2391 1482 2429 a
1516 2375 1775 2445 conjugali
1803 2376 1939 2430 lecto

353 2476 706 2538 abduxerunt,
729 2471 863 2524 alios
886 2485 952 2524 ne
975 2482 1169 2522 uxores
1190 2467 1447 2522 ducerent
1469 2465 1777 2520 effecerunt.
1803 2465 1936 2533 Quid

355 2569 553 2640 igitur?
597 2581 779 2638 qumso
807 2582 820 2619 :
852 2566 1064 2634 legesne
1091 2578 1277 2618 omnes
1303 2561 1645 2617 evertcmus?
1689 2561 1938 2627 Quinimo

355 2662 576 2716 theatris
591 2660 792 2714 eversis
812 2659 985 2728 legum
1005 2655 1452 2726 transgressiones
1471 2653 1780 2709 evertimus.
1804 2652 1936 2707 Nam

354 2753 441 2822 qui
479 2752 722 2806 civitates
763 2749 1103 2818 pessumdant
1127 2787 1141 2811 ,
1179 2762 1247 2800 ex
1287 2747 1476 2800 horum
1510 2761 1734 2800 numero
1764 2755 1887 2800 sunt
1919 2763 1932 2801 :

354 2847 480 2902 hinc
505 2847 793 2902 seditiones
821 2853 874 2898 ct
901 2842 1348 2912 perturbationes.
1388 2841 1520 2895 Nam
1548 2841 1636 2912 qui
1669 2841 1719 2895 in
1748 2841 1830 2896 his
1856 2843 1935 2896 lu-

352 2937 434 2991 dis
475 2937 720 3002 aluntur,
751 2935 948 3004 quique
990 2948 1174 2988 vocem
1221 2934 1419 2988 ventris
1457 2947 1614 2988 causa
1659 2934 1932 2999 vendunt,

350 3043 576 3098 quorum
593 3041 727 3096 Opus
745 3025 1082 3094 officiumque
1098 3032 1180 3079 est
1196 3025 1446 3089 clamare,
1466 3035 1517 3078 ct
1533 3025 1741 3094 quidvis
1758 3025 1933 3078 absur-

349 3121 474 3175 dum
506 3119 712 3184 facere;
747 3117 798 3170 hi
830 3117 1056 3172 maxime
1095 3125 1218 3172 sunt
1250 3118 1338 3187 qui
1371 3117 1592 3186 pepulos
1620 3118 1887 3172 concitant
1914 3157 1929 3184 ,

348 3213 437 3282 qui
464 3211 718 3264 tumultus
739 3209 791 3263 iu
816 3209 1031 3263 urbibus
1057 3207 1273 3262 faciunt.
1296 3208 1556 3263 Juventus
1577 3209 1717 3262 enim
1739 3209 1928 3276 otiosa,

347 3306 399 3358 in
429 3303 575 3358 hisce
601 3301 756 3356 malis
785 3300 1028 3367 educata,
1059 3299 1167 3354 fera
1194 3300 1378 3369 quavis
1404 3301 1579 3354 acrior
1607 3299 1856 3354 efﬁcitur.

416 3397 470 3450 7.
514 3393 789 3450 Undenam
815 3433 829 3458 ,
861 3407 1042 3461 quaeso
1067 3433 1081 3458 ,
1109 3391 1562 3461 priestigiatores?
1599 3406 1776 3446 nonne
1807 3390 1930 3446 inde

346 3486 784 3558 proficiscuntur,
812 3492 872 3537 ut
898 3483 1148 3553 populum
1179 3492 1454 3537 vacantem
1485 3492 1684 3537 temere
1715 3481 1926 3536 inﬂam-

345 3586 514 3644 ment,
547 3577 705 3646 idque
729 3575 924 3630 faciant
954 3581 1012 3628 ut
1039 3589 1104 3628 ex
1137 3573 1444 3627 tumultibus
1472 3573 1752 3627 saltatores
1777 3574 1926 3628 bonis

345 3671 607 3734 fruantur,
639 3676 694 3721 et
733 3664 1044 3719 meretrices
1077 3663 1318 3716 honestis
1357 3663 1667 3717 mulieribus
1697 3665 1923 3732 impedi-

344 3768 528 3816 mento
555 3758 701 3813 sint?
731 3757 785 3811 In
832 3764 1035 3810 tantum
1063 3755 1204 3809 enim
1243 3754 1490 3810 maleticii
1526 3770 1696 3826 genus
1739 3771 1926 3825 perve-

343 3855 512 3917 niunt,
535 3860 592 3906 ut
611 3857 940 3906 mortuorum
963 3863 1080 3903 ossa
1100 3863 1315 3904 movere
1337 3865 1440 3902 non
1458 3847 1716 3904 dubitent.
1741 3849 1925 3904 Nonne

345 3962 457 4001 nmo
483 3945 606 4000 inde
637 3944 755 3999 ideo
777 3943 1041 4010 oriuntur,
1063 3941 1204 4012 quod
1229 3941 1295 3996 ad
1321 3942 1464 3996 illum
1485 3942 1680 3997 diaboli
1702 3943 1922 3998 chorum

340 4045 581 4107 sumptus
597 4037 906 4090 innumeros
925 4049 1239 4089 consumere
1259 4034 1552 4103 cogantur?
1571 4035 1807 4090 Lascivia
1829 4051 1920 4089 au-

340 4139 447 4182 tem
479 4125 637 4192 unde,
666 4139 874 4182 necnon
905 4124 1042 4198 mala
1068 4125 1382 4178 innumera?
1411 4123 1594 4178 Vidcn’
1619 4133 1669 4179 te
1691 4141 1810 4180 esse
1831 4127 1919 4195 qui

336 4221 496 4274 vitam
523 4219 806 4273 humanam
836 4201 1033 4272 evertis
1051 4256 1067 4281 ,
1094 4216 1221 4272 dum
1246 4217 1311 4270 ad
1338 4215 1452 4272 haec
1479 4217 1778 4286 pertrahis?
1810 4218 1920 4288 Ego

335 4326 464 4366 vero
489 4325 604 4365 rem
632 4307 1010 4363 destruendam
1041 4322 1264 4364 censeo.
1285 4307 1554 4362 Tollamus
1579 4323 1704 4378 ergo
1728 4309 1919 4364 orche-

333 4410 520 4468 stram,
549 4400 772 4470 inquies.
797 4398 1011 4454 Utinam
1033 4397 1147 4452 tolli
1171 4407 1384 4467 posset;
1410 4400 1515 4453 imo
1543 4415 1692 4467 vero,
1726 4401 1770 4455 si
1797 4403 1915 4456 vul-

334 4495 402 4548 tis
425 4535 440 4560 ,
473 4492 613 4565 quod
644 4491 710 4547 ad
740 4498 975 4546 nostram
1005 4499 1208 4561 partem
1239 4492 1460 4557 attinet,
1496 4493 1603 4561 jam
1631 4495 1836 4549 sublata
1862 4505 1916 4551 et

333 4585 588 4640 subversa
614 4592 714 4639 est.
747 4583 994 4636 Attamen
1025 4596 1130 4636 non
1159 4580 1259 4636 hoc
1285 4582 1464 4650 jubco.
1499 4582 1736 4638 Stantem
1769 4586 1912 4641 illam

333 4691 437 4728 non
482 4675 864 4744 frcquentatam
912 4671 1156 4738 reddite,
1199 4687 1316 4742 qua:
1363 4672 1532 4741 major
1571 4673 1686 4729 laus
1730 4685 1908 4744 esset,

331 4779 486 4834 quam
505 4763 737 4820 diruere.
760 4764 814 4820 Si
837 4778 941 4818 non
958 4763 1112 4830 alios,
1132 4763 1387 4818 barbaros
1404 4764 1588 4819 saltem
1609 4765 1909 4836 imitamini,

1147 241 1201 297 S.
1241 239 1518 296 JOANNIS
1553 233 2026 294 CIIRYSOSTOIII
2070 235 2386 298 ARCIIIEP.
2431 241 2967 300 CONSTANTI‘NOP.

3539 250 3643 306 4'28

2058 353 2145 424 qui
2174 354 2477 424 hujusmodi
2503 356 2789 427 spectaculi
2816 353 3137 425 turpitudine
3164 368 3364 412 carent.
3391 359 3519 427 Quae
3541 378 3642 418 no-

2055 444 2136 499 bis
2167 446 2322 516 igitur
2346 443 2596 515 deinceps
2625 448 2896 502 excusatio
2928 449 3028 502 erit
3051 490 3065 508 .
3094 463 3212 502 cum
3252 464 3348 504 nos
3388 453 3644 507 cmlomm

2054 537 2230 601 cives,
2279 537 2702 591 Cherubinorum
2741 537 2907 592 choro
2947 537 3234 608 adscripti,
3278 543 3591 612 angelorum
3625 551 3646 576 ι

2053 637 2331 685 consortes
2351 671 2365 694 ,
2388 631 2632 687 barbaris
2662 632 2759 686 hac
2790 633 2843 687 in
2871 648 2928 687 re
2955 633 3164 702 pejores
3190 635 3357 690 simus
3378 677 3392 702 ,
3421 652 3541 691 cum
3577 638 3642 693 li-

2051 730 2172 774 ceat
2201 731 2482 777 sexcentas
2508 723 2638 776 alias
2669 723 2750 776 his
2777 723 3007 792 majores
3033 725 3327 794 voluptates
3358 730 3601 796 reperire
3619 728 3644 779 ?

2053 812 2107 868 Si
2135 815 2213 868 vis
2239 814 2378 867 enim
2409 815 2642 869 animum
2675 830 2920 871 recreare
2947 857 2959 879 ,
2989 816 3121 870 vade
3157 816 3224 870 ad
3258 819 3494 887 pomaria
3520 863 3535 887 ,
3574 821 3641 874 ad

2052 905 2290 973 ﬂuvium,
2317 907 2383 962 ad
2409 917 2627 978 stagna:
2654 908 2838 963 hortos
2862 909 3249 979 contemplare,
3280 911 3491 966 cicadas
3518 912 3643 967 audi

2049 1008 2336 1065 canentes;
2377 1011 2670 1072 martyrum
2700 1003 2941 1072 sepulcra
2971 1001 3246 1071 frequenta
3277 1044 3290 1068 ,
3324 1004 3411 1058 ubi
3442 1020 3640 1075 corpo-

2049 1091 2123 1145 ris
2148 1091 2396 1146 valetudo
2417 1132 2432 1159 ,
2479 1093 2669 1147 animae
2707 1093 2903 1147 utilitas
2923 1134 2940 1161 ,
2989 1094 3225 1164 nihilque
3252 1094 3427 1148 damni
3451 1137 3466 1162 ,
3497 1098 3640 1152 nulla

2051 1193 2169 1254 post
2199 1185 2393 1239 factum
2423 1185 2754 1255 poenitentia,
2784 1195 2841 1241 ut
2872 1195 2990 1255 post
3020 1187 3109 1242 illa
3140 1190 3462 1257 spectacula.
3491 1189 3636 1244 Uxo-

2049 1291 2162 1330 rem
2191 1276 2355 1331 habes
2375 1285 2427 1331 et
2448 1276 2583 1330 filios
2606 1294 2619 1330 :
2644 1292 2760 1347 qua:
2788 1278 3029 1346 voluptas
3055 1277 3175 1332 huic
3206 1293 3302 1347 par
3321 1280 3444 1334 eSt?
3467 1280 3640 1336 Ilabes

2048 1367 2262 1422 domum
2292 1378 2346 1422 et
2374 1369 2574 1423 amicos
2604 1386 2616 1422 :
2652 1371 2764 1424 haec
2787 1369 3042 1438 jucunda,
3070 1379 3261 1424 etcum
3288 1375 3636 1441 temperantia

2048 1475 2295 1529 magnum
2337 1460 2541 1534 lucrum
2585 1461 2810 1530 pariunt.
2866 1461 3002 1528 Quid
3043 1461 3218 1526 enim,
3248 1479 3430 1532 qurcso
3458 1507 3473 1528 ,
3515 1463 3637 1518 filiis

2043 1551 2366 1621 jucundius?
2391 1537 2516 1620 quid
2555 1567 2718 1605 uxore
2747 1551 2952 1606 dulcius
2989 1553 3053 1606 iis
3073 1594 3087 1616 ,
3117 1553 3206 1622 qui
3237 1554 3513 1609 continere
3542 1572 3635 1610 vo-

2050 1642 2200 1696 lunt?
2222 1642 2414 1697 Fertur
2439 1643 2787 1697 barbarorum
2811 1643 3009 1697 dictum
3039 1643 3367 1714 phiIOSOphia
3397 1648 3630 1716 plenum.

2048 1733 2177 1787 Nam
2204 1732 2272 1787 de
2303 1733 2521 1787 theatris
2550 1734 2653 1788 illis
2681 1734 2894 1804 iniquis,
2920 1744 2973 1789 et
2999 1734 3064 1789 de
3095 1737 3395 1805 importuna
3430 1739 3516 1792 illa
3545 1756 3635 1793 vo-

2046 1825 2247 1892 luptate
2284 1825 2561 1880 audientes
2602 1825 2850 1879 dicebant
2886 1843 2899 1880 :
2935 1825 3162 1880 Romani
3205 1843 3266 1881 ac
3311 1829 3354 1882 si
3400 1829 3540 1884 filios
3581 1840 3630 1886 et

2048 1930 2241 1970 uxores
2269 1932 2374 1969 non
2420 1916 2673 1970 haberent
2695 1958 2709 1982 ,
2755 1915 2848 1970 has
2887 1919 3257 1986 excogitavere
3288 1919 3585 1989 voluptates
3617 1938 3632 1976 :

2045 2007 2237 2076 quibus
2265 2006 2568 2069 ostendunt,
2602 2007 2728 2060 nihil
2757 2006 2964 2061 dulcius
2990 2023 3109 2062 esse
3141 2009 3262 2063 filiis
3293 2017 3345 2064 et
3370 2026 3558 2077 uxore,
3588 2012 3632 2066 si

2045 2099 2162 2168 quis
2190 2099 2411 2153 honeste
2436 2100 2612 2153 vivere
2639 2099 2782 2153 velit.
2811 2098 2947 2166 Quid
2979 2115 3105 2169 ergo
3132 2100 3177 2154 si
3205 2102 3484 2156 ostendam
3507 2145 3519 2166 ,
3549 2105 3631 2157 in-

2043 2193 2214 2261 quies,
2241 2189 2373 2246 nihil
2393 2192 2569 2245 damni
2593 2207 2659 2246 ex
2691 2190 2792 2245 hac
2819 2190 3111 2261 frequentia
3141 2196 3451 2262 emergere?
3473 2195 3632 2251 Certe

2045 2283 2128 2337 vel
2157 2283 2258 2336 hoc
2287 2283 2457 2352 ipsum
2484 2282 2734 2337 damnum
2755 2293 2856 2349 est,
2881 2284 2995 2338 sine
3020 2300 3179 2340 causa
3199 2300 3262 2339 ac
3281 2295 3478 2340 temere
3501 2295 3632 2340 tem-

2045 2391 2142 2444 pus
2183 2376 2488 2440 insumere,
2536 2383 2589 2429 et
2629 2376 2745 2430 aliis
2784 2375 3102 2430 oﬁ‘endiculo
3132 2391 3271 2431 esse.
3315 2375 3447 2430 Nam
3492 2377 3535 2430 si
3577 2386 3628 2430 tu

2043 2469 2293 2524 damnum
2326 2484 2430 2524 non
2461 2469 2700 2538 patiaris,
2734 2469 2893 2523 alium
2924 2468 3081 2538 hujus
3109 2469 3398 2538 spectaculi
3426 2469 3629 2523 studio-

2042 2561 2236 2615 siorem
2263 2559 2460 2615 reddis.
2484 2559 2760 2626 Quomodo
2783 2569 2957 2613 autem
2981 2559 3229 2613 damnum
3252 2575 3353 2612 non
3385 2561 3626 2628 patiaris,

2041 2651 2129 2719 qui
2158 2650 2361 2720 praebes
2393 2649 2474 2703 his
2501 2649 2818 2719 spectaculis
2847 2650 3226 2704 occasionem?
3257 2649 3388 2704 Nam
3419 2652 3626 2718 prmsti-

2040 2743 2231 2811 giator,
2266 2750 2546 2810 corruptus
2579 2756 2742 2810 puer,
2774 2739 3058 2794 fornicaria
3089 2739 3299 2804 mulier,
3330 2754 3627 2809 omneSque

2043 2831 2118 2885 illi
2145 2831 2391 2886 diabolici
2422 2831 2568 2886 chori
2601 2833 2653 2885 in
2681 2840 2839 2900 caput
2868 2839 3012 2885 tuum
3042 2846 3254 2886 causam
3296 2832 3627 2901 Spectaculo-

2040 2939 2156 2978 rum
2181 2933 2447 2994 regerunt.
2469 2923 2924 2991 Quemadmodum
2943 2924 3081 2977 enim
3107 2923 3151 2978 si
3173 2934 3498 2993 spectatores
3517 2941 3624 2981 non

2039 3026 2256 3083 essent,
2289 3032 2386 3072 nec
2414 3025 2596 3071 essent
2637 3018 2725 3086 qui
2757 3017 2910 3072 ludos
2934 3015 3237 3087 hujusmodi
3265 3017 3618 3072 exhiberem:

2037 3111 2115 3165 sic
2154 3110 2276 3180 quia
2319 3119 2646 3179 spectatores
2687 3117 2851 3174 sunt,
2897 3118 2949 3163 et
2994 3110 3093 3177 ipsi
3137 3118 3406 3178 gestorum
3447 3111 3621 3180 ignem

2037 3205 2354 3273 partiuntur.
2375 3203 2555 3273 Itaque
2573 3203 2694 3256 licet
2718 3203 2832 3256 sine
2851 3202 3106 3256 castitatis
3129 3202 3407 3272 dispendio
3425 3203 3476 3256 id
3494 3219 3618 3274 age-

2036 3309 2143 3359 res,
2173 3293 2224 3348 id
2250 3293 2388 3364 quod
2417 3302 2561 3347 certe
2591 3292 2705 3347 fieri
2738 3292 2920 3362 nequit
2939 3335 2952 3359 ,
2987 3293 3208 3346 aliorum
3238 3304 3411 3348 tamen
3442 3294 3621 3363 perni.

2034 3385 2132 3439 eiei
2163 3399 2350 3454 graves
2379 3384 2529 3439 dabis
2560 3399 2742 3453 pcenas
2763 3425 2777 3447 ,
2806 3384 2920 3438 sive
2951 3386 3301 3453 spectantium
3324 3427 3337 3451 ,
3365 3386 3475 3439 sive
3499 3401 3619 3455 ερε-

2033 3476 2238 3531 ctacula
2291 3473 2581 3528 edentium.
2627 3476 2800 3544 Atque
2843 3476 2910 3528 ad
2957 3476 3254 3528 castitatem
3303 3475 3615 3530 servandam

2032 3569 2202 3638 majus
2231 3569 2435 3624 lucrum
2472 3568 2689 3623 fecisses
2710 3608 2725 3636 ,
2762 3569 2807 3624 si
2850 3569 2940 3623 illo
2970 3585 3073 3624 non
3107 3571 3363 3625 venisses.
3394 3570 3446 3626 Si
3474 3571 3613 3625 enim

2031 3671 2210 3718 castus
2241 3677 2382 3717 nunc
2411 3676 2470 3716 es
2497 3701 2510 3725 ,
2541 3662 2707 3716 multo
2732 3663 2928 3717 castior
2955 3677 3100 3717 esses
3127 3663 3171 3717 si
3197 3663 3496 3733 spectacula
3525 3664 3613 3717 illa

2034 3756 2272 3812 vitasses.
2299 3755 2374 3810 Ne
2394 3756 2570 3825 itaque
2593 3755 2846 3811 inutiliter
2866 3758 3270 3826 contendamus,
3299 3775 3470 3830 neque
3493 3761 3613 3814 inu-

2030 3851 2150 3906 tiles
2173 3848 2512 3904 defensioncs
2538 3851 2920 3919 exeogitemus.
2950 3850 3064 3906 Una
3096 3850 3335 3907 defensio
3366 3862 3418 3907 et
3447 3869 3610 3907 excu-

2028 3943 2162 3997 satio
2189 3951 2291 4007 est,
2319 3941 2364 3995 si
2395 3941 2654 4011 fugiamus
2685 3940 2954 3996 fornacem
2988 3941 3382 4012 Babylonicam,
3414 3945 3458 3997 si
3493 3961 3611 4012 pro-

2027 4035 2112 4089 cul
2149 4035 2217 4087 ab
2252 4033 2498 4103 [Egyptia
2536 4033 2819 4088 meretrice
2864 4033 3117 4103 degamus
3140 4075 3154 4099 ,
3186 4036 3396 4090 etiamsi
3439 4037 3610 4091 nudos

2027 4130 2271 4194 oporteat
2302 4123 2371 4178 ab
2400 4123 2490 4177 illa
2520 4123 2775 4194 effugere.
2819 4124 2891 4178 Ita
2922 4125 3063 4178 enim
3093 4135 3148 4181 et
3177 4127 3340 4180 multa
3371 4129 3609 4182 fruenmr

2025 4219 2316 4286 voluptate,
2344 4218 2665 4272 conscientia
2699 4232 2796 4272 nos
2824 4232 2926 4272 non
2958 4228 3258 4285 accusante,
3288 4229 3606 4289 prmsentem

2023 4311 2182 4365 vitam
2223 4318 2368 4364 caste
2406 4324 2621 4380 agemus
2645 4350 2660 4375 ,
2703 4308 2980 4379 futuraque
3018 4309 3154 4364 bona
3195 4325 3603 4381 consequemur,

2022 4402 2192 4471 gratia
2220 4410 2273 4456 et
2302 4400 2626 4470 benignitate
2655 4401 2863 4455 Domini
2902 4401 3066 4454 nostri
3104 4401 3230 4456 Jesu
3253 4401 3485 4469 Christi,
3518 4404 3606 4457 cui

2019 4492 2187 4563 gloria
2217 4501 2270 4546 et
2295 4492 2598 4561 imperium,
2629 4507 2769 4546 nunc
2794 4501 2847 4546 et
2869 4507 3100 4562 semper,
3123 4505 3174 4548 et
3201 4493 3251 4547 in
3283 4495 3477 4549 saecula
3506 4509 3606 4548 sa:-

2019 4584 2278 4638 culorum.
2311 4583 2497 4638 Amen.

2081 4720 2098 4750 ¹
2133 4717 2349 4780 Nonnulli
2371 4718 2581 4780 habent,
2605 4716 3020 4780 mrhrmgetoram,
3045 4729 3146 4778 pro,
3171 4717 3471 4780 angelorum.
3497 4726 3599 4767 mox

2014 4780 2182 4843 iidem,
2203 4777 2420 4830 barbaris
2443 4777 2534 4828 hac
2556 4779 2606 4828 in
2627 4792 2680 4828 re
2700 4777 2886 4841 peieras
2909 4777 3173 4829 videamur.

1356 4993 1699 5058 HOMILIA
1740 4997 2094 5060 XXXVIII.
2138 4999 2224 5060 al.
2265 4995 2571 5059 XXXIX.

325 5136 452 5192 Car.
485 5135 571 5189 II.
595 5149 646 5190 ν.
675 5133 766 5187 ‘25.
797 5133 863 5186 In
887 5135 974 5188 illo
1000 5143 1219 5204 tempore
1242 5138 1548 5208 respondens
1567 5139 1716 5194 Jews
1739 5142 1865 5195 dixit
1883 5160 1902 5195 :

395 5227 651 5294 Conﬁteor
678 5225 785 5288 tibi,
812 5223 984 5290 Pater,
1009 5223 1220 5279 Domine
1241 5229 1351 5282 ειειὶ
1371 5239 1416 5282 et
1438 5239 1609 5294 terra,
1640 5233 1758 5298 quia
1784 5233 1900 5286 abs-

393 5319 608 5374 condiin
633 5321 739 5373 Ιιιεο
759 5335 791 5372 a
817 5317 1122 5388 sapientibus
1147 5327 1195 5370 et
1226 5321 1569 5386 prudentibus,
1602 5333 1648 5374 et
1674 5325 1903 5378 revelasti

391 5427 448 5462 ea
483 5409 724 5478 parvulis.
767 5409 859 5464 26.
903 5408 990 5462 Ita
1013 5450 1029 5476 ,
1067 5406 1243 5475 Pater,
1277 5411 1395 5478 quia
1433 5412 1502 5464 sic
1530 5414 1624 5481 [ait
1661 5415 1899 5482 placitum

387 5511 504 5554 ante
528 5511 594 5554 te.

389 5593 440 5644 1.
461 5590 594 5647 Vide
622 5601 751 5660 quot
778 5593 1094 5662 quantisque
1119 5591 1292 5648 modis
1319 5591 1436 5646 il'os
1465 5593 1528 5648 ad
1554 5593 1707 5650 fidem
1729 5595 1895 5652 dedu-

315 5687 421 5734 cat.
452 5679 629 5736 Primo
653 5721 667 5748 ,
701 5697 791 5749 per
815 5683 1032 5739 Joannis
1064 5683 1263 5740 laudes.
1293 5683 1423 5740 Nam
1453 5699 1572 5740 cum
1604 5688 1894 5744 ostenderit

2009 5157 2130 5197 eum
2169 5156 2416 5212 magnum
2453 5141 2857 5213 mirabilemque
2885 5158 3003 5198 esse
3026 5185 3039 5207 ,
3065 5143 3180 5212 ejus
3207 5143 3349 5199 dicta
3375 5154 3430 5200 et
3456 5145 3592 5200 facta

2012 5232 2115 5286 fide
2144 5232 2303 5301 digna
2332 5248 2452 5287 esse
2479 5233 2755 5302 probavit,
2787 5248 2884 5302 per
2912 5250 3029 5302 qua:
3061 5235 3177 5288 illos
3201 5235 3265 5289 ad
3297 5236 3378 5289 sui
3405 5237 3590 5305 cogni«

2009 5323 2202 5377 tionem
2221 5325 2456 5379 attraxit.
2480 5324 2747 5391 Secundo,
2772 5325 2912 5394 quod
2939 5325 3150 5391 dixerit,
3183 5325 3408 5397 Regnum
3432 5330 3586 5382 cwto-

2005 5431 2118 5468 rum
2144 5416 2241 5468 vim
2279 5417 2488 5484 patitur,
2522 5426 2567 5470 et
2596 5418 2798 5471 violenti
2831 5418 3037 5486 rapiunt
3075 5419 3204 5472 illud
3230 5420 3248 5490 (
3274 5418 3453 5472 Matth.
3499 5421 3586 5474 Il.

2006 5506 2128 5575 I2).
2162 5505 2274 5560 [Ioc
2316 5508 2455 5561 enim
2496 5509 2764 5563 incitantis
2792 5517 2844 5563 et
2879 5509 3199 5577 impellentis
3237 5518 3338 5563 est.
3372 5509 3586 5576 Tertio,

2005 5598 2142 5668 quod
2169 5598 2614 5654 demonstraverit
2646 5600 3017 5670 prephetarum
3053 5601 3190 5655 dicta
3229 5601 3404 5653 ornnia
3436 5614 3584 5653 com-

2004 5691 2140 5760 pleta
2166 5707 2303 5749 esse.
2335 5691 2465 5746 Nam
2496 5691 2619 5747 hinc
2659 5693 2960 5748 declaratur
2989 5693 3158 5764 ipsum
3188 5691 3254 5747 ab
3281 5691 3382 5745 illis
3421 5691 3586 5748 fuisse
