4010 6128
238 296 339 352 429

238 409 667 478 praznnntiatum.
688 404 906 472 Quarto,
923 400 1064 473 quod
1082 401 1375 456 ostenderit
1393 399 1567 452 omnia
1582 395 1648 448 ab
1666 410 1722 449 se
1738 393 1818 446 t'a-

234 515 317 557 cla
340 515 458 556 esse
473 515 590 570 qua:
613 500 724 554 licri
741 494 1038 567 oportebat,
1057 491 1268 563 quando
1289 498 1344 545 et
1365 504 1644 560 puerorum
1670 503 1820 556 para-

236 591 411 646 bolam
433 590 766 646 memoravit.
783 588 1000 656 Quinto,
1017 600 1135 639 cum
1154 581 1440 638 incredulis
1458 580 1716 649 evprobra
1726 578 1816 643 vit,

236 685 528 739 terroribus
540 693 696 754 atque
713 681 870 734 minis
887 677 1098 733 additis.
1115 675 1296 737 Sexto,
1315 689 1432 728 cum
1453 688 1547 744 pro
1561 669 1817 726 credenti-

235 774 336 827 bus
357 773 550 843 gratias
571 774 694 842 agit.
721 771 848 826 Nam
869 769 1016 833 illud,
1036 765 1408 834 Conﬁteortibi,
1437 763 1518 818 hic
1534 761 1813 830 significat,

233 864 445 919 Gratias
469 879 568 932 ago
598 863 688 916 tibi
711 879 724 917 :
750 861 959 917 Gratias
988 875 1108 930 ago,
1132 858 1319 927 inquit,
1353 856 1485 922 Quia
1515 852 1819 907 abscondisti

234 958 385 1012 lutea
400 957 704 1026 sapientibus
727 966 770 1009 et
789 953 1132 1026 prudentibus.
1153 949 1286 1017 Quid
1313 947 1508 1018 igitur?
1525 963 1588 1000 au
1611 945 1677 999 de
1697 960 1816 1012 per-

232 1049 374 1103 nicie
400 1047 588 1118 gaudet
613 1088 626 1112 ,
659 1056 710 1101 et
735 1045 874 1116 quod
905 1044 978 1098 illi
1007 1043 1120 1097 lure
1149 1039 1429 1096 noverint?
1457 1038 1668 1093 Minime
1688 1054 1700 1089 :
1723 1035 1816 1091 sed

233 1141 352 1196 haec
372 1149 454 1196 est
477 1139 662 1194 salutis
688 1141 771 1192 via
799 1138 1018 1207 Optima,
1047 1144 1102 1190 ut
1129 1135 1216 1206 qui
1246 1141 1523 1204 respuunt,
1549 1140 1606 1185 et
1635 1130 1818 1184 nolunt

230 1248 295 1288 ea
312 1249 431 1304 quae
446 1232 690 1286 dicuntur
705 1232 990 1300 suscipere,
1009 1230 1154 1283 nullo
1167 1236 1320 1298 pacto
1333 1236 1608 1296 cogantur,
1624 1232 1679 1279 ut
1693 1226 1814 1296 quia

230 1324 406 1377 vocati
431 1340 534 1378 non
562 1323 812 1377 meliores
835 1322 955 1376 facti
993 1331 1136 1382 sunt,
1161 1321 1254 1375 sed
1277 1321 1578 1374 reciderunt
1605 1329 1657 1374 et
1685 1335 1814 1372 con-

233 1421 583 1483 tempserunt,
604 1413 741 1482 quod
760 1430 816 1468 se
834 1413 1059 1482 rejeetos
1076 1413 1311 1477 videant,
1333 1413 1381 1464 in
1401 1411 1588 1464 borum
1610 1409 1816 1464 deside-

231 1506 370 1559 rium
390 1504 738 1559 adducantur.
760 1503 834 1558 lla
853 1505 992 1558 enim
1022 1504 1076 1570 ii,
1101 1504 1189 1574 qui
1216 1503 1449 1556 animum
1477 1501 1812 1566 adhiberent,

230 1595 581 1650 studiosiores
611 1595 770 1649 l‘uluri
801 1604 972 1649 erant.
1004 1594 1134 1648 Nam
1163 1595 1300 1663 quod
1326 1609 1386 1648 ea
1413 1594 1542 1662 ipsis
1566 1593 1812 1647 revelen-

233 1695 340 1751 tur,
364 1687 414 1741 id
441 1688 562 1756 jure
586 1687 834 1756 gaudium
867 1685 1035 1756 pariat
1061 1705 1073 1739 :
1101 1685 1242 1756 quod
1273 1700 1398 1740 vero
1425 1684 1816 1739 abscondantur

231 1777 356 1842 illis,
389 1793 491 1830 non
517 1777 730 1848 gaudio,
760 1777 854 1831 sed
883 1777 1132 1846 laerymis
1161 1775 1375 1845 dignmu
1403 1783 1502 1828 est.
1530 1773 1662 1828 Illud
1689 1789 1814 1829 vero

231 1868 378 1932 facit,
405 1869 526 1922 dum
559 1869 882 1940 lacrymatur
909 1868 1168 1922 miserans
1192 1867 1484 1922 civitatem.
1519 1865 1631 1920 Non
1657 1865 1814 1936 igitur

231 1958 352 2012 ideo
383 1959 611 2028 gaudet,
642 1957 734 2012 sed
772 1957 911 2028 quod
953 1972 1014 2011 ea
1045 1971 1162 2026 qua:
1192 1957 1457 2026 sapientes
1503 1973 1606 2010 non
1643 1971 1810 2010 nove-

230 2057 375 2113 runt,
406 2049 500 2118 ipsi
532 2048 800 2114 noverint,
829 2055 887 2102 ut
913 2063 1033 2102 cum
1065 2047 1190 2100 dicit
1220 2047 1411 2100 Paulus
1441 2063 1453 2098 :
1485 2045 1689 2099 Gratias
1718 2062 1813 2115 ago

231 2137 343 2191 Deo
368 2181 382 2204 ,
411 2139 646 2206 quoniam
679 2139 843 2206 fuistis
871 2138 998 2191 servi
1032 2138 1220 2205 peccati
1246 2178 1260 2202 ,
1294 2135 1528 2189 obedistis
1559 2145 1724 2188 autem
1743 2123 1815 2188 ea:

229 2229 382 2282 corde
412 2229 461 2281 in
492 2245 641 2298 quam
671 2228 843 2280 traditi
871 2227 986 2280 estis
1017 2230 1234 2296 formam
1262 2227 1503 2278 doctrina:
1530 2223 1723 2295 (Rom.
1755 2224 1807 2278 6.

232 2320 297 2373 17
317 2319 358 2388 ).
386 2317 500 2372 Νοιι
531 2333 656 2388 ergo
689 2319 880 2372 Paulus
907 2325 1185 2387 propterea
1217 2317 1432 2386 gaudet,
1465 2315 1604 2385 quod
1635 2325 1814 2370 essent

231 2411 368 2464 servi
401 2410 640 2480 peccati,
679 2409 772 2463 sed
811 2408 952 2478 quod
989 2408 1121 2462 tales
1150 2422 1270 2461 cum
1302 2415 1518 2473 essent,
1558 2415 1636 2460 tot
1675 2407 1811 2460 bona

233 2500 444 2554 tandem
482 2500 587 2553 sint
625 2499 958 2570 consequuti.
1005 2499 1286 2568 Sapientes
1323 2509 1498 2553 autem
1544 2499 1628 2552 hic
1659 2511 1806 2553 vocat

231 2590 432 2644 scribas
459 2598 513 2643 et
544 2588 857 2643 Phariszcos.
889 2588 1016 2643 Ilaec
1047 2605 1206 2659 porro
1232 2589 1393 2654 dicit,
1429 2597 1484 2642 ut
1519 2588 1812 2657 discipulos

231 2680 519 2734 alacriores
541 2679 745 2744 reddat,
779 2689 832 2734 et
852 2680 1124 2746 ostendat,
1147 2688 1342 2749 quanta
1365 2679 1679 2748 consequuti
1707 2679 1811 2731 sint

233 2772 544 2840 piscatores,
573 2785 602 2823 a
630 2770 821 2839 quibus
847 2770 921 2823 illi
949 2784 1136 2824 omnes
1161 2769 1492 2826 exciderunt.
1523 2769 1655 2822 Cum
1682 2783 1812 2821 vero

229 2861 498 2925 sapientes
529 2870 676 2913 vocat
711 2859 846 2924 illos,
879 2874 981 2912 non
1009 2859 1076 2914 de
1103 2874 1224 2913 vera
1248 2868 1300 2912 et
1327 2859 1571 2913 laudabili
1602 2859 1812 2926 sapien-

231 2951 299 3002 tia
331 2949 582 3018 loquitur,
605 2949 695 3004 sed
727 2948 794 3003 de
821 2949 907 3002 illa
934 2964 1088 3018 quam
1124 2949 1438 3003 videbantur
1463 2963 1528 3003 ex
1549 2948 1809 3017 gravitate

229 3041 561 3108 consequuti.
599 3041 796 3096 Idcirco
825 3056 930 3096 non.
961 3041 1122 3102 dixit,
1161 3040 1425 3094 Rcvelasti
1454 3041 1656 3104 stultis,
1691 3038 1806 3102 sed,

236 3133 468 3187 Parrulis
489 3149 508 3185 ς
530 3134 754 3187 sinceris
782 3134 984 3187 scilicet
1006 3148 1067 3186 ac
1084 3131 1415 3200 simplicibus
1439 3150 1449 3182 :
1476 3131 1810 3199 ostenditque

230 3225 351 3278 illos
371 3240 475 3277 non
505 3225 674 3277 soium
697 3222 838 3292 quod
863 3222 1007 3291 digni
1036 3237 1140 3276 non
1167 3231 1365 3284 essent,
1397 3221 1488 3274 sed
1507 3223 1625 3287 jure
1651 3221 1808 3274 etiam

227 3317 342 3370 haec
371 3332 475 3369 non
506 3330 623 3368 esse
650 3314 868 3382 adeptos
897 3331 908 3367 :
939 3326 1142 3381 nosque
1171 3327 1262 3381 per
1289 3311 1465 3366 omnia
1491 3310 1664 3374 docet,
1698 3319 1752 3364 ut
1780 3327 1808 3363 a

227 3406 476 3475 superbia
509 3404 768 3474 fugiamus
787 3444 801 3466 ,
831 3402 924 3459 sed
954 3403 1346 3472 simplicitatem
1371 3411 1656 3456 sectemur.
1688 3402 1809 3456 Ideo

227 3496 424 3550 Paulus
451 3496 564 3549 lucc
593 3495 828 3565 pluribus
854 3493 1139 3563 ampliﬁcat
1157 3537 1170 3558 ,
1205 3496 1274 3547 ita
1302 3494 1543 3548 scribens
1569 3509 1582 3543 :
1609 3493 1667 3547 Si
1697 3495 1810 3561 quis

227 3590 282 3642 in
309 3587 442 3641 vobis
467 3587 658 3641 videtur
675 3588 724 3640 in
741 3587 834 3640 hoc
853 3586 1038 3640 swculo
1059 3588 1258 3656 sapiens
1279 3603 1402 3652 esse,
1425 3588 1469 3640 is
1495 3587 1585 3654 fiat
1602 3588 1804 3650 stultus,

226 3692 282 3735 ut
322 3681 523 3748 sapiens
557 3680 798 3749 efﬁciatur
831 3678 920 3751 (1.
948 3677 1066 3733 Cor.
1101 3680 1154 3733 5.
1190 3680 1313 3749 18).
1355 3680 1441 3735 Sic
1471 3679 1611 3734 enim
1639 3679 1807 3748 gratia

228 3771 322 3826 Dei
354 3770 768 3824 demonstratur.
802 3769 910 3824 Cur
935 3778 1108 3823 autem
1142 3769 1282 3824 Patri
1311 3769 1507 3838 gratias
1534 3769 1662 3839 agit,
1687 3785 1806 3822 cum

231 3863 338 3918 hoc
367 3862 480 3930 ipse
515 3861 740 3916 fecerit?
773 3861 836 3915 Ut
869 3859 1032 3914 Deum
1067 3870 1333 3928 precatur,
1369 3874 1618 3928 magnam
1644 3873 1797 3912 suam

233 3971 364 4025 erga
415 3971 512 4010 nos
551 3956 828 4008 caritatem
863 3956 1164 4021 declarans,
1213 3956 1290 4009 sic
1312 3964 1365 4008 et
1403 3954 1604 4025 gratias
1647 3952 1795 4023 agit:

235 4064 360 4102 nam
395 4046 526 4100 illud
566 4062 774 4115 magnae
804 4046 1046 4100 caritatis
1075 4056 1156 4099 est
1197 4046 1489 4111 indicium;
1530 4054 1585 4100 et
1617 4054 1801 4099 osten-

229 4141 349 4205 dit,
399 4141 517 4194 illos
564 4156 671 4193 non
718 4155 748 4193 a
783 4140 962 4207 seipso
1001 4138 1197 4198 solum,
1235 4139 1325 4191 sed
1372 4139 1533 4190 etiam
1565 4153 1596 4191 a
1646 4138 1802 4191 Patre

229 4231 509 4286 excidisse.
544 4229 674 4284 Nam
713 4229 854 4300 quod
883 4229 1018 4285 dixit
1041 4229 1314 4298 discipulis
1335 4271 1352 4297 ,
1381 4228 1556 4282 Nolite
1580 4241 1809 4284 sanctum

229 4322 353 4375 dare
382 4321 585 4374 canibus
614 4319 836 4391 (Matth.
866 4320 917 4373 7.
949 4319 1052 4391 6),
1085 4319 1136 4373 id
1159 4321 1267 4388 jam
1302 4319 1444 4389 prius
1476 4319 1562 4372 ille
1587 4317 1806 4372 fecerat.

231 4415 434 4470 Deinde
452 4431 543 4483 per
560 4416 674 4468 lucc
693 4414 924 4470 ostendit
939 4421 992 4468 et
1013 4428 1162 4468 suam
1184 4423 1237 4468 et
1261 4413 1428 4466 Patris
1447 4413 1769 4466 voluntatem
1791 4427 1804 4465 :

229 4525 403 4574 suam,
427 4508 565 4577 quod
589 4509 783 4577 gratias
805 4517 921 4578 agat
945 4517 997 4562 et
1021 4507 1246 4577 gaudeat
1265 4505 1332 4561 de
1358 4521 1414 4560 re
1433 4514 1577 4576 gesta
1601 4523 1614 4570 ;
1639 4505 1808 4559 Patris

229 4615 378 4666 vero,
411 4608 466 4653 ut
492 4599 755 4661 ostendat,
782 4599 925 4652 illum
953 4613 1057 4653 non
1086 4608 1326 4669 rogatum
1355 4597 1455 4652 hoc
1477 4596 1689 4661 fecisse,
1714 4597 1808 4651 sed

227 4700 419 4761 sponte
456 4705 548 4744 sua
587 4704 652 4744 eo
689 4690 921 4744 animum
956 4692 1261 4759 appulisse;
1305 4704 1425 4744 nam
1456 4689 1565 4754 ait,
1599 4689 1688 4744 Sic
1713 4689 1809 4758 fuit

228 4783 470 4852 placitum
489 4791 604 4834 ante
625 4789 704 4844 te;
732 4781 781 4834 id
799 4791 900 4846 est,
928 4781 998 4835 Ita
1023 4782 1114 4835 tibi
1139 4781 1350 4851 placuit.
1375 4781 1482 4836 Cur
1503 4791 1680 4836 autem
1706 4781 1808 4834 illis

229 4873 538 4929 abscondita
573 4871 784 4936 fuerint,
815 4872 937 4927 audi
970 4873 1190 4927 Paulum
1215 4873 1480 4928 dicentem
1511 4890 1524 4926 :
1556 4873 1808 4940 Quoniam

227 4977 502 5040 maerentes
523 4967 780 5038 prOpriam
800 4967 1051 5036 justitiam
1075 4976 1305 5032 statuere,
1329 4968 1544 5038 justitiw
1575 4966 1666 5020 Dei
1689 4967 1808 5020 sub-

229 5060 347 5121 iecti
385 5074 485 5112 non
525 5060 726 5128 fuerunt
755 5055 940 5127 (Rom.
976 5055 1061 5110 l0.
1092 5059 1125 5112 5
1147 5059 1184 5127 ).
1222 5057 1494 5126 Perpende
1525 5058 1680 5126 igitur
1705 5071 1810 5126 quo

229 5150 421 5203 all‘eetu
453 5147 616 5202 fuisse
655 5147 941 5215 discipulos
979 5147 1264 5201 verisimile
1293 5157 1376 5202 est
1399 5189 1414 5213 ,
1451 5148 1564 5202 hate
1589 5148 1810 5202 audien-

234 5250 352 5305 tcs;
384 5239 524 5309 quod
569 5253 760 5308 nempe
797 5237 880 5290 illa
913 5253 1031 5306 quae
1068 5237 1338 5306 sapientes
1377 5253 1479 5292 non
1513 5247 1805 5301 noverant,

233 5333 331 5402 ipsi
361 5332 624 5396 noverint,
659 5330 1007 5399 noverintque
1038 5330 1238 5398 parvuli
1271 5339 1565 5397 manentes,
1597 5331 1810 5400 Deoque

233 5423 518 5479 rcvelante.
569 5422 741 5476 Lucas
794 5420 942 5492 (Cap.
970 5420 1056 5474 10.
1089 5437 1136 5474 υ.
1163 5421 1246 5474 l'l.
1279 5421 1371 5490 il)
1399 5436 1525 5474 vero
1555 5423 1711 5487 dicit,
1759 5424 1810 5478 in

235 5514 322 5569 illa
353 5512 500 5574 liora,
529 5528 630 5582 qua
662 5521 921 5568 venerunt
947 5512 1275 5580 septuaginta
1305 5514 1607 5567 nuntiantes
1631 5515 1717 5570 illa
1745 5516 1810 5570 de

231 5605 597 5666 daemonibus,
629 5614 754 5659 tunc
780 5603 1129 5659 exsultas-isse
1154 5611 1207 5656 ct
1235 5602 1322 5656 illa
1349 5602 1548 5657 dixisse
1569 5641 1584 5666 ,
1617 5621 1732 5673 quae
1756 5617 1813 5660 ut

233 5694 582 5750 studiosiores
631 5695 749 5750 illos
797 5694 1130 5760 reddebant,
1169 5693 1237 5748 ita
1283 5691 1348 5748 ad
1392 5689 1808 5753 moderationem

1147 288 1210 346 IN
1249 283 1655 343 MATTIl/EU.“
1697 279 1923 337 HOMIL.
1967 282 2249 339 XXXVIII.
2293 286 2360 339 al.
2407 286 2644 341 XXXIX.

3400 289 3502 346 430

1928 393 2297 464 disponebant.
2323 401 2452 466 Quia
2481 401 2620 454 enim
2641 401 2921 456 verisimile
2943 411 3055 456 erat
3080 404 3198 457 illos
3223 404 3383 458 altum
3410 419 3496 457 sa-

1928 503 2054 556 pere
2077 530 2090 552 ,
2123 491 2260 559 quod
2287 491 2557 547 dmmonas
2600 492 2855 562 pellerent
2879 535 2892 557 ,
2938 493 3058 548 hinc
3089 495 3208 548 illos
3239 496 3494 564 reprimit.

1929 579 2196 634 [ievelatio
2218 582 2358 636 enim
2379 592 2492 637 erat
2519 583 2642 638 illud
2661 584 2800 654 quod
2829 583 3021 638 factum
3045 586 3234 653 fuerat,
3256 602 3358 640 non
3388 594 3493 639 stu-

1924 671 1995 726 dii
2025 671 2240 730 fructus.

1993 762 2044 814 2.
2078 763 2304 834 Ideoque
2331 767 2518 821 scriba:
2548 777 2599 821 et
2627 769 2922 837 sapientes,
2951 771 3040 840 qui
3070 786 3128 825 se
3157 771 3407 840 putabant
3432 786 3493 823 ex

1923 855 2111 922 seipsis
2139 857 2422 924 prudentes
2443 875 2580 924 esse,
2609 861 2678 915 ob
2704 870 2960 916 tumorem
2987 863 3254 932 proprium
3283 861 3493 916 excide-

1923 954 2064 1000 runt.
2095 945 2147 1002 Si
2178 949 2430 1015 itaqueid
2462 951 2565 1006 illis
2593 952 2708 1006 ideo
2739 952 3104 1006 absconditum
3135 961 3215 1007 est
3235 995 3248 1018 ,
3281 955 3494 1015 timete,

1924 1036 2124 1105 inquit,
2158 1048 2205 1091 et
2251 1041 2452 1108 parvuli
2486 1051 2713 1096 manete.
2742 1041 2795 1096 ld
2825 1042 2964 1096 enim
2997 1043 3169 1098 eil'ecit
3200 1052 3250 1095 ut
3288 1043 3494 1097 revela-

1923 1126 2066 1181 tione
2093 1128 2430 1194 lrueremini,
2463 1142 2518 1186 ut
2546 1148 2606 1186 ex
2630 1135 2899 1187 contrario
2925 1133 3050 1187 vitio
3076 1133 3174 1186 hac
3205 1134 3276 1186 illi
3309 1133 3495 1202 privati

1921 1225 2063 1270 sunt.
2085 1217 2216 1271 Nam
2244 1235 2363 1274 eum
2390 1220 2534 1286 dicit,
2562 1223 2827 1286 Revelasti,
2849 1240 2950 1276 non
2976 1232 3138 1276 totum
3162 1239 3224 1277 ex
3248 1224 3353 1276 Deo
3380 1238 3498 1277 esse

1921 1311 2130 1372 asserit,
2165 1310 2256 1364 sed
2287 1312 2424 1364 sicut
2449 1327 2567 1364 cum
2597 1313 2786 1366 Paulus
2813 1312 2957 1376 dicit,
2980 1312 3211 1366 Tradidit
3235 1327 3317 1366 eos
3343 1313 3392 1364 in
3421 1329 3500 1365 re-

1921 1400 2131 1468 probum
2147 1419 2368 1468 sensum,
2389 1413 2433 1456 et
2451 1405 2709 1457 exctecavit
2729 1403 3108 1474 intelligentiam
3124 1420 3294 1456 eorum
3317 1403 3494 1472 (lieni.

1923 1494 1972 1546 l.
2004 1492 2108 1562 28)
2133 1533 2147 1555 ,
2178 1508 2285 1547 non
2313 1494 2460 1547 illum
2495 1494 2607 1548 luce
2635 1494 2811 1548 omnia
2855 1495 3040 1548 iecisse
3075 1494 3335 1560 signilieat
3357 1535 3370 1554 ,
3404 1493 3497 1545 sed

1922 1584 2040 1637 illos
2069 1584 2157 1652 qui
2182 1598 2395 1638 caus:un
2424 1585 2758 1652 prasbuerunt
2785 1601 2797 1636 :
2830 1584 2898 1636 ita
2925 1591 2977 1637 et
3009 1579 3239 1636 bicillud
3255 1577 3352 1641 ait,
3371 1577 3494 1631 Abs-

1906 1671 2438 1739 comlisti.Qniacnim
2467 1673 2616 1739 dixit,
2647 1672 2900 1742 Conﬁteor
2922 1672 3027 1732 tibi.
3051 1673 3170 1742 quia
3193 1672 3498 1724 abscondisti

1918 1767 2040 1829 illis,
2064 1777 2105 1820 et
2130 1767 2356 1820 revelasti
2377 1783 2434 1819 ea
2456 1766 2695 1835 parvulis,
2724 1781 2790 1819 ne
2817 1776 2967 1835 putes
2994 1765 3162 1834 ipsum
3193 1763 3292 1817 hac
3310 1763 3500 1814 virtute

1921 1860 2181 1929 privatum
2207 1901 2222 1924 ,
2254 1875 2372 1912 cum
2407 1858 2534 1912 illud
2563 1857 2774 1912 efticere
2813 1873 2916 1910 non
2955 1863 3169 1925 posset,
3198 1855 3274 1908 sic
3301 1853 3498 1923 gratias

1918 1965 2097 2018 agerc,
2120 1950 2299 2018 adjicit
2321 1967 2332 2000 :
2356 1948 2444 2000 27.
2469 1947 2648 2000 Omnia
2665 1947 2786 2000 milii
2806 1946 2990 1999 tradita
3010 1954 3123 1997 sunt
3145 1961 3175 1995 a
3203 1943 3352 1995 Patre
3369 1959 3494 1994 meo.

1919 2041 2000 2095 Ad
2037 2056 2129 2092 eos
2157 2055 2282 2091 νυΓο
2307 2039 2394 2108 qui
2430 2038 2759 2100 laetabantur,
2788 2036 2927 2105 quod
2965 2035 3236 2089 daemones
3275 2033 3374 2087 sibi
3409 2049 3499 2102 pa-

1920 2139 2098 2185 rerent
2117 2171 2130 2193 ,
2158 2129 2292 2195 Quid
2327 2129 2611 2193 miramini,
2643 2128 2841 2196 inquit,
2866 2127 2907 2180 si
2933 2125 3204 2180 daemones
3232 2124 3378 2178 vobis
3407 2139 3497 2178 ce-

1919 2223 2082 2278 dant?
2104 2221 2291 2276 Omnia
2321 2235 2436 2274 mea
2465 2229 2606 2282 Slllll,
2641 2219 2824 2272 ()nmia
2855 2219 2974 2271 mihi
2996 2217 3179 2271 tradita
3201 2226 3335 2269 sunt.
3363 2215 3496 2269 Cum

1917 2323 2095 2370 autem
2126 2314 2398 2377 audieris,
2445 2313 2574 2365 Milli
2615 2311 2800 2365 tradita
2840 2321 2989 2374 sunt,
3037 2310 3162 2363 nihil
3207 2309 3494 2361 humanum

1917 2406 2222 2475 suspiceris.
2257 2405 2331 2459 Ne
2357 2403 2497 2458 enim
2525 2403 2658 2457 duos
2688 2417 2792 2456 non
2822 2402 3030 2472 genitos
3050 2399 3179 2454 deos
3201 2399 3492 2459 existimes,

1917 2499 2055 2554 hanc
2095 2499 2240 2568 ponit
2285 2497 2592 2552 dictionem.
2639 2495 2768 2549 Nam
2811 2495 2952 2565 quod
2993 2495 3149 2548 simul
3192 2493 3402 2563 genitus
3444 2501 3498 2545 et

1916 2592 2154 2646 omnium
2186 2590 2438 2644 Dominus
2465 2589 2552 2652 sit,
2581 2601 2724 2656 saepe
2749 2587 2873 2640 alibi
2905 2583 3184 2655 signiﬁcat.

1990 2685 2153 2738 Filius
2183 2683 2404 2754 ejusdem
2431 2699 2541 2734 cum
2574 2680 2724 2734 Patre
2749 2679 3055 2734 substantiae.
3084 2676 3312 2730 Marcion
3339 2675 3495 2728 obiter

1915 2776 2178 2844 refellitur.
2207 2773 2479 2826 Ilumilitas
2515 2781 2672 2825 mater
2714 2779 2784 2824 est
2838 2770 2998 2822 omnis
3053 2767 3401 2837 p/tilosOpliite.
3427 2795 3484 2804 —

1917 2867 2083 2934 Majus
2111 2865 2378 2934 quidpiam
2423 2863 2616 2918 deinde
2655 2863 2799 2928 dicit,
2837 2870 3171 2929 mentemque
3203 2857 3493 2912 luamdiri-

1910 2959 1982 3026 git
2015 2959 2029 2988 ¹
2057 2975 2069 3007 :
2102 2957 2165 3010 Et
2184 2973 2326 3010 nemo
2349 2957 2481 3010 novit
2512 2955 2722 3019 Filium,
2760 2955 2855 3008 nisi
2887 2951 3079 3016 Pater;
3107 2968 3260 3018 neque
3292 2949 3497 3004 Patrem

1912 3051 2025 3117 quis
2053 3052 2206 3112 novit,
2228 3050 2326 3103 nisi
2346 3048 2527 3102 Filius.
2551 3047 2771 3101 Videtur
2796 3054 2970 3100 autem
2998 3046 3078 3109 iis,
3099 3046 3184 3115 qui
3217 3060 3326 3099 rem
3351 3044 3498 3112 igno-

1918 3152 2054 3208 rant,
2081 3143 2196 3196 haec
2236 3157 2340 3195 non
2373 3141 2578 3194 lia‘rrere
2607 3138 3007 3208 superioribus:
3038 3146 3090 3190 at
3116 3137 3278 3190 multa
3307 3147 3382 3189 est
3419 3135 3497 3187 iu-

1917 3242 1995 3286 tcr
2017 3233 2128 3286 lucc
2153 3231 2516 3286 consonantia.
2543 3231 2675 3297 Quia
2721 3230 2862 3283 enim
2890 3228 3112 3292 dixerat,
3145 3226 3328 3279 Omnia
3375 3225 3496 3277 mihi

1913 3326 2098 3377 tradita
2138 3332 2252 3376 sunt
2291 3341 2322 3374 a
2361 3321 2515 3375 Patre
2537 3339 2663 3386 meo,
2689 3319 2956 3388 subjungit
2987 3337 3000 3370 :
3038 3317 3236 3386 Ecquid
3279 3315 3494 3380 mirmn,

1913 3417 1956 3470 si
2000 3416 2236 3468 omnium
2279 3414 2377 3468 sim
2409 3411 2680 3477 Dominus,
2722 3426 2840 3464 cum
2872 3408 3010 3462 aliud
3043 3408 3212 3477 majus
3247 3405 3492 3468 habeam,

1913 3507 2054 3577 quod
2081 3505 2292 3560 Patrem
2323 3518 2657 3573 cognoscam,
2685 3513 2736 3556 et
2758 3500 2995 3571 ejusdem
3019 3515 3137 3554 enm
3167 3514 3229 3552 eo
3250 3498 3494 3552 substan-

1916 3600 2000 3654 tia:
2030 3599 2174 3652 sim?
2214 3596 2420 3651 Etenim
2454 3595 2553 3649 hoc
2579 3594 2837 3649 occultius
2867 3592 3128 3662 signiticat
3165 3606 3231 3645 ex
3261 3605 3325 3643 eo
3353 3589 3492 3658 quod

1915 3692 2065 3744 solus
2096 3689 2268 3758 ipsum
2317 3695 2620 3757 cognoscat.
2651 3686 2782 3740 Cum
2813 3686 2953 3738 enim
2985 3684 3132 3748 dicit,
3167 3681 3329 3735 Nemo
3360 3681 3492 3734 novit

1917 3782 2126 3836 Patrem
2144 3782 2239 3836 nisi
2260 3780 2444 3844 Filius,
2474 3779 2575 3832 hoc
2599 3778 2878 3847 signiﬁcat.
2912 3777 2980 3830 Et
3011 3775 3132 3829 vide
3158 3775 3491 3846 quandonam

1915 3875 2028 3928 luce
2054 3874 2214 3927 dicat.
2239 3872 2369 3925 Cum
2401 3885 2592 3938 nempe
2623 3885 2717 3938 per
2739 3883 2898 3936 opera
2928 3867 3040 3935 ejus
3071 3865 3356 3934 potentiam
3384 3865 3492 3917 ela-

1913 3983 1970 4021 re
1997 3966 2408 4020 demonstratam
2437 3963 2712 4024 baberent,
2735 3975 2854 4014 cum
2884 3973 2986 4010 non
3010 3957 3168 4011 modo
3198 3958 3367 4025 ipsqu
3395 3954 3492 4007 mi-

1913 4057 2086 4113 racula
2120 4063 2411 4126 patrantem
2435 4050 2818 4116 vidissent,sed
2845 4050 2941 4119 ipsi
2963 4063 3172 4118 quoque
3199 4049 3248 4101 in
3277 4045 3492 4101 nomine

1915 4151 2080 4220 ipsius
2117 4157 2257 4202 tanta
2301 4146 2460 4200 edere
2497 4144 2809 4213 potuissent.
2842 4141 3072 4204 Deinde,
3105 4140 3225 4208 quia
3262 4139 3488 4202 dixerat,

1913 4240 2166 4295 Revelasti
2191 4255 2250 4292 ea
2281 4236 2522 4307 parvulis,
2555 4234 2786 4289 ostendit
2827 4234 2924 4287 hoc
2951 4232 3108 4286 ctiam
3139 4231 3205 4285 ad
3237 4246 3294 4286 se
3325 4231 3489 4298 perti-

1916 4349 2042 4388 nere
2069 4351 2083 4387 :
2118 4348 2237 4387 nam
2268 4332 2361 4395 ait,
2392 4329 2555 4383 Nemo
2583 4329 2717 4382 norit
2748 4327 2967 4393 Patrem,
3009 4326 3106 4378 nisi
3138 4323 3317 4388 Filius,
3348 4332 3390 4376 et
3412 4323 3490 4374 cui

1913 4426 2123 4480 voluerit
2159 4423 2328 4477 Filius
2365 4423 2618 4475 revelare:
2648 4435 2753 4473 non
2786 4419 2867 4474 cui
2900 4416 3234 4488 prteceperit,
3265 4431 3360 4468 nec
3404 4416 3486 4466 cui

1914 4515 2262 4570 mandaverit.
2294 4513 2443 4579 Quod
2471 4514 2512 4566 si
2544 4513 2752 4566 Patrem
2787 4511 3004 4575 revelat,
3028 4517 3080 4562 et
3108 4508 3338 4577 scipsum
3361 4521 3488 4574 quo-

1913 4624 2034 4678 que.
2065 4607 2259 4662 Verum
2293 4606 2419 4660 illud
2450 4604 2661 4676 quidem
2687 4603 2835 4672 quasi
2867 4603 2915 4655 in
2942 4602 3186 4655 confesso
3229 4599 3296 4653 sit
3327 4598 3490 4651 relin-

1913 4700 2044 4768 quit,
2077 4700 2174 4752 llOC
2203 4714 2332 4753 vero
2354 4698 2548 4766 posuit,
2576 4704 2736 4764 atque
2763 4694 2954 4762 ubique
2981 4691 3126 4757 dicit,
3151 4700 3206 4745 ut
3233 4706 3350 4743 cum
3379 4689 3448 4741 ait
3477 4707 3490 4740 :

1917 4791 2082 4844 Nemo
2113 4799 2268 4859 potest
2293 4791 2457 4844 venire
2479 4789 2546 4840 ad
2580 4786 2782 4839 Patrem
2805 4827 2820 4851 ,
2857 4783 2952 4836 nisi
2991 4800 3078 4852 per
3110 4799 3204 4835 me.
3237 4781 3336 4834 Per
3377 4780 3493 4835 lucc

1913 4892 2090 4936 autem
2121 4881 2261 4935 aliud
2285 4894 2495 4948 quoque
2523 4877 2814 4940 constituit,
2845 4875 2982 4944 quod
3010 4873 3383 4942 ejusdemcum
3403 4872 3494 4926 Illo

1915 4977 1982 5030 sit
2017 4972 2300 5028 voluntatis
2337 4987 2397 5024 ac
2426 4968 2721 5024 sententiae.
2753 4967 2976 5021 Tantum
3007 4965 3154 5018 abest
3179 5007 3191 5025 ,
3223 4964 3407 5032 inquit,
3441 4975 3491 5016 nt

1915 5083 2034 5123 cum
2063 5067 2152 5119 illo
2183 5077 2442 5133 pugnem,
2469 5069 2523 5112 ut
2550 5075 2652 5112 non
2682 5059 2846 5128 possit
2873 5057 2990 5126 quis
3014 5056 3078 5110 ad
3106 5056 3250 5109 illum
3276 5057 3455 5109 venire.
3479 5097 3492 5118 ,

1917 5160 2016 5212 nisi
2063 5174 2156 5227 per
2181 5171 2288 5209 me.
2320 5154 2450 5220 Quia
2482 5152 2623 5206 enim
2674 5151 2723 5204 id
2766 5151 2993 5204 maxime
3041 5150 3140 5202 illis
3175 5148 3492 5203 oll'cndicnln

1917 5261 2049 5313 erat,
2101 5247 2240 5318 quod
2286 5245 2551 5300 videretur
2599 5243 2704 5299 Deo
2750 5243 3082 5297 adversarius
3131 5255 3268 5304 esse,
3301 5238 3348 5291 id
3403 5253 3496 5304 per

1917 5341 2092 5396 omnia
2131 5336 2394 5401 confutat,
2428 5351 2525 5390 ncc
2561 5335 2734 5389 minus
2775 5335 2873 5388 hoc
2901 5333 3116 5388 curabat
3159 5344 3312 5398 quam
3345 5329 3491 5394 signa

1917 5433 2096 5497 cdere,
2129 5431 2234 5484 imo
2264 5429 2433 5498 majus
2462 5443 2521 5482 ea
2553 5427 2602 5480 in
2636 5443 2693 5481 re
2718 5425 2948 5480 studium
2972 5419 3326 5490 impendebat.
3360 5417 3492 5468 (‘2qu

1921 5537 2078 5591 porro
2114 5520 2261 5586 dicit,
2290 5519 2464 5589 Neque
2491 5518 2692 5572 Patrem
2727 5519 2836 5587 quis
2870 5515 3022 5579 novit,
3047 5513 3140 5564 nisi
3173 5510 3356 5575 Filius,
3391 5524 3494 5561 non

1986 5706 2000 5736 ι
2038 5702 2143 5763 Alii,
2166 5707 2365 5752 nn'ntem
2387 5706 2516 5750 tuam
2545 5696 2785 5761 aperiens.
