4010 6128
1293 140 1316 158 Ν

550 295 648 350 151

546 406 764 471 indicat,
813 404 960 458 illum
1002 417 1187 459 omnes
1235 403 1497 476 ignorare,
1526 401 1617 456 sed
1664 399 1928 454 nemiuem
1981 398 2119 451 illam

548 498 763 561 habere,
794 512 951 566 quam
984 497 1095 565 ipse
1125 496 1359 560 haberet,
1393 495 1632 550 notitiam
1663 489 1838 561 :quod
1869 490 2025 543 etiam
2057 486 2124 540 de

548 589 680 642 Filio
714 587 1017 642 dicendum.
1056 587 1236 658 Neque
1282 588 1422 642 enim
1453 587 1519 640 de
1564 586 1742 654 ignoto
1765 590 1820 637 et
1849 596 1876 635 a
1909 579 2124 633 nemine

540 679 752 747 cognito
781 678 881 733 deo
913 679 1023 733 haec
1057 678 1282 744 ἀίει-ωε,
1314 686 1370 731 ιιι
1407 676 1633 730 Marcion
1673 674 1881 736 asserit,
1910 670 2002 726 sed
2030 685 2120 724 ac-

541 779 779 824 curatam
809 770 893 825 hic
927 772 1223 828 subindicat
1249 769 1604 840 cognitionem
1635 784 1647 820 :
1674 782 1794 820 nam
1825 780 1892 820 ne
1927 763 2119 818 Filiqu

540 860 754 928 quidem
782 862 1148 930 cognoscimus
1187 868 1245 914 ut
1271 874 1430 915 nosse
1459 867 1667 928 oportet
1693 876 1705 911 :
1738 865 1792 912 et
1823 856 1922 909 hoc
1949 854 2120 923 ipsum

541 952 737 1006 Paulus
780 952 856 1006 sic
897 953 1201 1007 declarabat
1229 969 1243 1005 :
1275 951 1358 1006 Ea:
1396 960 1538 1021 parte
1578 949 1940 1019 cognoscimus,
1971 955 2016 1000 et
2059 961 2122 998 ea:

543 1052 684 1110 parte
726 1043 1078 1112 prophetamus
1107 1043 1182 1111 (l.
1215 1043 1333 1096 Cor.
1369 1043 1453 1095 15.
1494 1040 1606 1109 12).
1641 1039 1837 1092 Deinde
1865 1052 1984 1091 cum
2027 1049 2121 1104 per

540 1147 602 1185 ea
632 1149 748 1200 qua:
788 1132 995 1186 dixerat
1032 1134 1158 1202 ipsis
1196 1118 1514 1188 desiderium
1543 1131 1839 1196 indidisset,
1866 1141 2120 1196 suamque

538 1222 859 1277 ineffabilem
889 1226 1177 1292 potentiam
1209 1224 1645 1288 demonstrasset,
1679 1231 1803 1276 tunc
1829 1219 2034 1274 vocavit
2057 1218 2120 1272 il-

536 1313 618 1368 los
660 1314 883 1368 dicens:
917 1316 1006 1370 28.
1047 1316 1220 1370 Venite
1263 1317 1330 1370 ad
1363 1332 1440 1368 me
1465 1330 1634 1368 omnes
1665 1314 1749 1384 qui
1790 1311 2030 1366 laboratis
2073 1319 2119 1362 et

535 1410 729 1462 onerati
752 1410 890 1469 estis,
915 1419 963 1462 et
1003 1426 1091 1480 ego
1132 1410 1354 1477 reﬁciam
1391 1424 1497 1462 vos.
1529 1407 1642 1461 Non
1670 1405 1757 1459 hic
1785 1414 1840 1460 et
1883 1404 1995 1469 ille,
2025 1402 2119 1458 sed

535 1514 722 1553 omnes
742 1500 828 1568 qui
848 1500 897 1552 in
917 1499 1290 1565 sollicitudine,
1319 1501 1367 1552 in
1390 1499 1616 1562 tristitia,
1641 1498 1693 1550 in
1722 1497 1949 1565 peccatis
1968 1496 2116 1550 estis.

540 1590 743 1654 Venite,
775 1604 878 1643 non
908 1598 963 1643 ut
991 1604 1175 1658 pmuas
1217 1597 1482 1658 expetam,
1513 1589 1604 1643 sed
1650 1597 1707 1642 ut
1748 1596 1962 1657 peccata
2006 1586 2118 1640 sol-

535 1697 656 1734 vam
682 1697 696 1746 ;
728 1682 924 1743 venite,
953 1698 1054 1736 non
1085 1681 1223 1751 quod
1246 1683 1411 1751 gloria
1434 1691 1607 1735 vestra
1636 1697 1840 1751 egeam,
1864 1681 1955 1735 sed
1977 1677 2117 1748 quod

533 1773 756 1826 Salutem
786 1781 1014 1826 vestram
1039 1773 1233 1826 sitiam.
1252 1771 1386 1842 Ego,
1414 1773 1600 1841 inquit,
1625 1771 1849 1837 reﬁciam
1875 1787 1976 1823 vos.
2001 1769 2116 1822 Non

535 1863 628 1928 ait,
677 1863 862 1916 Salvos
905 1863 1130 1928 faciam;
1162 1862 1254 1917 sed
1301 1863 1440 1932 quod
1483 1863 1651 1917 multo
1699 1864 1866 1932 magis
1911 1871 2026 1925 est,
2065 1862 2118 1915 In

532 1956 676 2009 omni
704 1956 882 2024 quiete
913 1956 1253 2009 constituam.
1280 1955 1370 2009 29.
1400 1956 1582 2009 Tollite
1614 1957 1796 2025 jugum
1836 1971 1998 2007 uicum
2026 1971 2116 2008 su—

531 2062 620 2114 per
646 2062 748 2110 vos,
775 2055 820 2098 ct
847 2046 1018 2098 discite
1041 2063 1071 2098 a
1093 2063 1187 2111 me,
1209 2048 1327 2112 quia
1350 2047 1480 2099 mitis
1505 2063 1612 2099 smn
1637 2055 1684 2098 et
1709 2045 1911 2097 Immitis
1932 2044 2117 2109 corde;

530 2145 576 2187 ct
602 2135 856 2188 invenietis
886 2136 1106 2202 requiem
1140 2135 1403 2188 animabus
1429 2137 1615 2188 vestris.
1647 2136 1733 2189 '50.
1765 2133 1958 2203 Jugtnn
1985 2135 2118 2187 enim

530 2241 692 2278 meum
718 2240 866 2278 suave
893 2235 984 2291 est,
1008 2235 1052 2279 et
1078 2243 1203 2280 onus
1241 2243 1402 2278 nteant
1423 2225 1541 2279 leve.
1563 2225 1638 2280 Ne
1659 2227 1906 2289 limi-alis,
1927 2225 2114 2293 inquit,

528 2329 647 2367 cum
683 2299 866 2384 jugum
907 2315 1099 2370 auditis
1127 2333 1140 2368 :
1171 2331 1329 2371 suave
1356 2317 1550 2386 Quippe
1580 2326 1697 2378 est;
1733 2331 1797 2369 uc
1823 2315 2116 2370 fortn‘detis

528 2409 649 2476 quia
681 2408 811 2473 dixi,
842 2425 1014 2463 onus:
1049 2411 1163 2464 leve
1206 2412 1400 2480 quippe
1430 2421 1530 2465 cst.
1562 2411 1628 2464 Et
1661 2411 1926 2479 quomoda
1957 2426 2114 2478 supra

523 2497 696 2552 dixit:
727 2499 953 2569 Angusta
994 2512 1063 2554 est
1095 2512 1273 2571 porta,
1307 2512 1350 2554 et
1381 2514 1520 2555 arcta
1559 2502 1639 2554 via
1661 2501 1871 2569 (Matth.
1896 2503 1947 2554 7.
1981 2501 2066 2570 Μ)
2094 2501 2116 2554 ?

525 2589 727 2660 Nempe
770 2592 812 2646 si
842 2593 1017 2664 segnis
1055 2593 1128 2648 sis
1152 2634 1168 2660 ,
1200 2595 1242 2646 si
1274 2595 1564 2649 remissus:
1613 2594 1736 2647 utsi
1779 2610 1936 2662 supra
1977 2593 2114 2648 dicta

528 2682 816 2752 perfeceris
837 2726 850 2752 ,
883 2685 993 2739 leve
1019 2686 1122 2740 erit
1150 2701 1286 2740 onus
1311 2703 1324 2752 ;
1372 2686 1570 2741 idcirco
1599 2701 1740 2739 nunc
1780 2686 1904 2739 illud
1933 2686 2114 2755 hujus-

528 2775 671 2830 tnodi
694 2792 812 2831 esse
840 2777 992 2831 dixit.
1019 2780 1296 2845 Quomodo
1323 2789 1498 2833 autem
1528 2779 1575 2833 id
1601 2780 1912 2848 perficitur?
1943 2779 1997 2834 Si
2027 2780 2116 2832 hu-

525 2869 665 2922 milis
687 2869 868 2934 fueris,
899 2880 1206 2924 mansuetus
1233 2879 1284 2924 et
1313 2871 1607 2925 modestus.
1640 2871 1764 2924 Haec
1787 2872 1981 2940 quippe
2008 2871 2113 2925 vir-

523 2968 610 3013 tus
641 2971 809 3014 mater
849 2969 931 3014 cst
972 2961 1147 3016 omnis
1192 2961 1562 3031 philosophiae.
1591 2963 1925 3031 Quapropter
1971 2962 2112 3031 leges

523 3050 732 3104 divinas
773 3051 1040 3118 efferens,
1075 3052 1196 3106 hinc
1249 3053 1452 3119 incipit.
1498 3053 1593 3106 llic
1641 3069 1852 3123 quoque
1901 3069 2110 3107 rursum

525 3142 754 3210 idipsum
803 3141 963 3207 facit,
1018 3159 1369 3215 magnamque
1419 3146 1567 3214 ponit
1617 3146 1941 3200 mercedem.
1995 3146 2108 3200 Non

523 3243 726 3288 tantum
752 3235 914 3302 enim,
943 3235 1130 3304 inquit,
1157 3236 1311 3290 alteri
1335 3237 1476 3291 utilis
1501 3237 1627 3300 eris,
1653 3237 1746 3291 sed
1773 3248 1895 3291 ante
1925 3253 2110 3292 omnes

524 3327 616 3380 tibi
650 3330 888 3397 requiem
919 3343 1094 3396 paras.
1140 3328 1409 3384 Invenietis
1435 3331 1575 3385 enim
1603 3332 1822 3400 requiem
1847 3331 2110 3386 animabus

519 3421 713 3474 vestris.
743 3422 879 3474 Ante
907 3420 1080 3476 futura
1106 3421 1214 3491 jam
1239 3422 1324 3476 hic
1353 3423 1442 3477 tibi
1465 3423 1894 3488 datmercedem,
1917 3432 1970 3477 et
1990 3425 2110 3476 bra-

523 3513 662 3564 vium
698 3528 835 3566 tuine
862 3515 1064 3581 prtebet
1094 3531 1106 3565 :
1137 3523 1295 3584 atque
1340 3515 1461 3569 hinc
1495 3524 1550 3570 et
1575 3516 1715 3585 quod
1756 3516 1987 3585 seipsum
2019 3515 2110 3570 det

523 3602 576 3657 in
605 3603 928 3670 exentplum,
957 3618 1257 3659 sermonem
1289 3605 1460 3660 reddit
1483 3607 1857 3674 acccptiorcm.

596 3691 650 3744 5.
679 3693 814 3755 Quid
855 3693 995 3745 enim
1031 3694 1224 3747 times?
1248 3694 1450 3763 inquit;
1481 3710 1546 3749 ue
1576 3697 1750 3750 minor
1790 3696 2032 3750 Itabearis
2061 3697 2103 3750 si

513 3782 593 3834 sis
621 3781 873 3837 luuuilis?
919 3783 1002 3838 ille
1036 3784 1238 3854 rt‘Spice
1265 3793 1318 3839 ct
1346 3801 1462 3840 mea
1495 3787 1670 3840 omnia
1701 3802 1729 3841 a
1771 3803 1855 3841 me
1893 3787 2102 3851 discito,

515 3884 570 3926 et
610 3880 736 3926 tunc
761 3873 905 3927 clare
933 3875 1070 3928 scies
1103 3884 1358 3944 quantum
1395 3877 1467 3930 sit
1505 3878 1724 3930 hanutn.
1755 3876 1942 3932 Viden’
1967 3893 2102 3946 quo-

519 3963 681 4016 modo
705 3965 848 4017 omni
873 3979 936 4022 ex
968 3975 1116 4032 parte
1142 3966 1284 4034 ipsos
1313 3966 1523 4021 inducat
1553 3965 1618 4021 ad
1644 3967 2034 4022 humilitatem?
2060 3971 2104 4022 Α

517 4057 710 4126 quibus
753 4059 864 4125 ipse
912 4057 1078 4112 fecit:
1119 4057 1326 4124 Discite,
1375 4059 1563 4130 inquit,
1597 4078 1628 4113 a
1669 4077 1767 4125 me,
1810 4062 1927 4130 quia
1972 4062 2106 4115 ruitis

516 4165 626 4204 sum
652 4167 668 4213 ;
698 4152 763 4204 ab
799 4152 863 4205 iis
891 4167 1010 4222 qua:
1041 4151 1140 4222 ipsi
1167 4152 1417 4207 lucraturi
1445 4163 1568 4207 sunt
1595 4172 1608 4207 :
1639 4168 1781 4218 nam,
1812 4151 2102 4218 Invenietis,

518 4244 707 4312 inquit,
734 4245 954 4311 requiem
984 4245 1246 4298 animabus
1280 4246 1489 4311 vestris;
1513 4245 1580 4299 ab
1606 4246 1671 4300 iis
1697 4262 1814 4315 qua:
1848 4246 1974 4314 ipsis
2005 4246 2106 4298 lar-

511 4337 658 4404 gitur
686 4355 698 4385 τ
736 4337 977 4404 Reﬁciam
1009 4353 1117 4402 vos,
1149 4337 1317 4406 inquit
1341 4355 1354 4401 ;
1383 4338 1447 4392 ab
1473 4353 1538 4392 eo
1561 4339 1702 4408 quod
1731 4353 1866 4392 (IIIUS
1894 4339 2007 4392 leve
2026 4338 2105 4392 ef-

514 4428 700 4482 fecerit
730 4445 742 4482 :
773 4428 968 4497 Iugum
1006 4429 1134 4480 enim
1167 4445 1329 4481 meum
1370 4445 1524 4483 suave
1548 4440 1620 4482 est
1643 4470 1656 4492 ,
1696 4439 1741 4483 et
1771 4446 1896 4483 onus
1941 4445 2106 4482 nteant

517 4519 642 4573 leve.
677 4519 746 4572 Ita
795 4528 846 4572 et
879 4519 1074 4573 Paulus
1103 4518 1291 4572 suadet
1331 4521 1515 4572 dicens
1557 4538 1570 4572 :
1615 4519 2020 4573 Momentaneum
2061 4530 2105 4572 ct

513 4611 621 4664 leve
646 4609 1003 4675 tribulationis,
1034 4610 1159 4662 mire
1184 4619 1230 4662 ct
1254 4625 1408 4679 supra
1434 4610 1639 4662 modum
1658 4620 1900 4663 aeternum
1927 4610 2106 4680 gloria:

517 4703 713 4770 pondus
740 4710 980 4770 oneratur
1002 4703 1018 4769 (
1043 4701 1096 4754 2.
1122 4701 1238 4755 Cor.
1273 4702 1325 4755 4.
1362 4702 1425 4753 17
1445 4702 1483 4769 ).
1511 4701 1574 4754 Et
1598 4701 1864 4770 quomodo
1888 4701 2002 4755 leve
2025 4710 2107 4756 cst.

516 4807 673 4857 onus,
705 4793 932 4861 inquies,
957 4808 1078 4846 cum
1107 4791 1250 4846 dicat
1277 4811 1288 4844 :
1326 4791 1445 4845 Nisi
1473 4792 1584 4859 quis
1616 4789 1731 4844 odio
1760 4791 1988 4844 habuerit
2014 4809 2104 4860 pa—

520 4893 642 4934 trem
679 4893 725 4934 et
767 4893 998 4948 matrem;
1021 4894 1094 4945 et,
1123 4885 1222 4951 Qui
1250 4901 1347 4938 non
1375 4885 1506 4938 tollit
1539 4900 1735 4938 crucem
1763 4900 1926 4948 suam,
1958 4894 2001 4936 et
2027 4901 2104 4938 se-

513 4973 684 5043 quitur
721 4991 818 5039 me,
852 4992 950 5028 non
994 4986 1062 5028 est
1093 4993 1170 5029 mc
1195 4977 1418 5047 (lignus;
1449 4985 1518 5042 et,
1555 4976 1656 5042 Qui
1700 4991 1801 5028 non
1851 4976 2103 5028 renuntiat

515 5061 746 5115 omnibus
775 5079 887 5130 (μιαν
925 5068 1163 5133 possidet.
1198 5085 1297 5120 non
1337 5077 1496 5136 potest
1526 5084 1663 5120 meus
1693 5083 1798 5120 esse
1827 5066 2103 5135 discipulus

511 5155 686 5226 (Luc.
719 5155 805 5208 14.
855 5157 945 5210 26.
977 5158 1066 5213 27.
1096 5158 1239 5229 55);
1284 5176 1403 5214 cmn
1450 5161 1634 5230 jnbeat
1683 5161 1848 5230 ipsam
1893 5175 2103 5229 quoque

508 5248 744 5302 animam
775 5246 899 5300 odio
927 5246 1163 5302 habere?
1186 5251 1259 5304 Te
1289 5252 1482 5306 Paulus
1509 5253 1696 5307 doceat
1724 5252 1944 5306 dicens:
1979 5251 2102 5312 Quis

515 5358 607 5393 nos
638 5340 888 5410 separabit
934 5357 964 5392 a
995 5340 1205 5394 caritate
1248 5343 1431 5397 Christi
1457 5346 1480 5396 ?
1519 5345 1770 5398 tribulatio
1793 5346 1820 5398 ?
1843 5362 1908 5398 an
1937 5361 2099 5415 angu-

508 5433 608 5484 stia
629 5431 654 5484 ?
679 5450 742 5484 an
767 5433 1043 5501 persecutio
1063 5433 1089 5485 .9
1119 5449 1184 5485 an
1216 5437 1372 5502 fames
1393 5436 1416 5487 ἰ)
1446 5453 1511 5488 an
1540 5436 1741 5489 nuditas
1763 5439 1788 5490 ?
1815 5454 1880 5489 an
1903 5437 2102 5506 pericu-

515 5521 667 5576 lum?
697 5539 761 5576 an
789 5525 989 5594 gladius
1024 5522 1196 5594 (llom.
1222 5525 1275 5578 8.
1309 5524 1439 5594 55)?
1469 5534 1538 5587 et,
1574 5524 1692 5579 Νοη
1709 5537 1821 5580 sunt
1841 5527 2103 5597 condigna:

513 5612 769 5680 passiones
815 5614 968 5683 hujus
1007 5615 1246 5682 temporis
1289 5614 1356 5666 ad
1417 5619 1642 5686 futtn'am
1700 5617 1946 5685 gloriam,
1991 5634 2103 5687 qua:

500 5705 803 5759 “multum
825 5697 874 5752 in
891 5699 1035 5755 nobis
1057 5700 1102 5772 (Ι
1112 5701 1160 5756 b.
1175 5701 1190 5754 1
1203 5699 1521 5770 8).Doccant
1537 5712 1587 5759 te
1602 5709 1690 5779 qui
1709 5725 1738 5764 a
1753 5712 2103 5769 consesquu-

1331 290 1387 345 S.
1427 287 1703 344 JOANNlS
1740 285 2212 343 CllRYSOSTOMl
2249 287 2563 342 ARCHIEP.
2604 288 3130 345 CONSTANTINOP.

3715 297 3822 351 43:

2232 396 2467 450 daeornm
2499 407 2616 466 post
2665 398 2808 452 mille
2835 400 3052 454 verbera
3081 400 3323 456 redibant
3349 402 3656 470 Gaudentes,
3702 409 3821 471 quia

2228 489 2367 558 digni
2413 490 2569 542 habiti
2622 491 2821 558 fuerant
2869 508 2958 560 pro
2992 495 3189 544 nomine
3235 493 3426 554 Christi~
3459 499 3817 550 contumeliam

2229 581 2334 648 pati
2359 578 2507 650 (Act.
2536 582 2588 635 5.
2619 582 2680 635 M
2701 582 2740 651 ).
2769 582 2919 649 Quod
2951 583 2996 636 si
3038 584 3210 639 adhuc
3243 585 3394 640 times
3437 597 3490 641 et
3517 587 3780 642 formidas
3801 630 3818 653 ,

2221 668 2405 737 jttgum
2437 679 2490 724 et
2509 685 2642 724 onus
2670 671 2909 737 audiens,
2935 688 3040 725 non
3065 689 3096 726 a
3127 683 3313 728 natura
3341 676 3415 730 rei
3439 678 3598 731 timor
3623 680 3817 744 oritur,

2227 761 2320 814 sed
2348 776 2376 814 a
2410 771 2493 814 tua
2542 764 2806 832 segnitie;
2840 765 2907 817 ita
2937 777 2990 819 ut
3018 766 3062 818 si
3107 767 3181 820 sis
3219 777 3435 835 paratus
3464 777 3516 822 et
3545 769 3818 839 diligens,

2226 867 2402 906 annua
2431 853 2524 907 tibi
2555 852 2724 908 facilia
2753 863 2807 908 et
2848 855 2978 910 levia
3007 855 3181 911 futura
3229 858 3353 912 sint.
3385 859 3728 929 Quapmpter
3761 871 3820 916 et

2223 939 2465 996 Christus
2490 945 2778 999 ostendens
2806 946 2958 1000 nobis
2988 961 3108 1001 esse
3134 948 3502 1016 laborandum,
3534 968 3642 1005 non
3693 968 3825 1006 sua-

2227 1033 2312 1087 via
2344 1043 2542 1087 tantum
2577 1037 2768 1104 posuit,
2793 1052 2962 1106 neque
2983 1053 3205 1093 onerosa
3228 1040 3420 1105 solum,
3443 1043 3535 1096 sed
3563 1054 3819 1112 utraque.

2225 1125 2355 1180 Nam
2390 1137 2442 1181 ct
2468 1128 2651 1198 jugum
2683 1132 2877 1198 posuit,
2909 1139 2962 1184 ct
2983 1146 3144 1186 suave
3175 1133 3303 1187 illud
3337 1136 3572 1201 vocavit,
3596 1147 3651 1191 et.
3677 1151 3822 1192 onus

2225 1221 2550 1287 nominavit,
2589 1222 2894 1292 addiditque
2928 1225 3077 1289 leve;
3111 1241 3176 1279 ne
3217 1226 3301 1278 illa
3331 1235 3394 1301 ut,
3425 1227 3691 1282 laboriosa
3736 1229 3821 1284 fu-

2224 1312 2357 1380 gias,
2382 1328 2515 1367 neve
2544 1323 2599 1366 ut
2623 1314 2904 1368 admodum
2937 1316 3104 1368 facilia
3125 1316 3408 1385 despicias.
3439 1319 3590 1385 Quod
3619 1321 3665 1375 si
3699 1332 3821 1389 post

2226 1404 2339 1456 haec
2379 1405 2556 1458 omnia
2596 1404 2824 1458 difficilis
2864 1407 3028 1460 virtus
3067 1421 3190 1461 esse
3238 1409 3328 1463 tibi
3367 1409 3594 1476 videtur,
3637 1413 3817 1481 cogita

2225 1492 2574 1548 difficiliorem
2603 1509 2720 1549 esse
2751 1496 3060 1564 nequitiam,
3083 1498 3222 1565 quod
3254 1499 3422 1567 ipsum
3445 1501 3814 1566 subindicans,

2224 1599 2328 1637 non
2357 1585 2528 1652 primo
2557 1586 2709 1652 dixit,
2740 1585 2924 1639 Tollite
2951 1589 3137 1656 jugum
3184 1605 3368 1655 meum,
3398 1591 3488 1644 sed
3520 1592 3776 1659 pra-misit
3799 1632 3816 1656 ,

2233 1675 2408 1730 Venite
2424 1678 2508 1746 qui
2527 1678 2768 1730 laboratis
2795 1688 2840 1730 et
2861 1680 3053 1732 onerati
3081 1681 3216 1743 estis,
3237 1681 3513 1735 declarans
3533 1696 3816 1752 peceatum

2226 1767 2390 1820 labori
2435 1783 2554 1822 esse
2594 1768 2908 1833 obnoxium,
2941 1779 2992 1823 et
3017 1785 3151 1824 onus
3177 1786 3295 1825 csse
3325 1788 3486 1842 grave
3513 1789 3575 1826 ac
3600 1785 3812 1843 gestatu

2224 1856 2461 1912 difficile.
2513 1858 2695 1928 Neque
2740 1860 2882 1914 enim
2941 1861 3248 1916 laborantes
3302 1865 3473 1916 solum
3527 1865 3684 1930 dixit,
3718 1867 3814 1920 scd

2224 1947 2382 2001 etiam
2411 1958 2678 2003 oneratos.
2705 1950 2814 2003 lloc
2845 1951 3002 2004 etiam
3034 1951 3290 2020 propheta
3320 1952 3548 2016 diccbat,
3583 1955 3700 2023 ejus
3722 1972 3814 2007 na-

2225 2047 2393 2093 turam
2425 2040 2733 2095 describens
2764 2059 2776 2096 :
2809 2043 2953 2096 Sicut
2983 2061 3109 2098 onus
3133 2061 3283 2114 grave
3303 2057 3525 2115 gravata:
3561 2058 3680 2100 sunt
3729 2065 3810 2100 stt-

2223 2149 2312 2199 per
2341 2150 2418 2186 me
2448 2133 2618 2203 (Psal.
2651 2136 2738 2189 57.
2765 2136 2841 2205 5).
2880 2136 3007 2189 Illud
3039 2153 3250 2206 quoque
3275 2138 3584 2194 describens
3611 2139 3810 2193 Zacha-

2221 2224 2365 2286 rias,
2398 2224 2471 2276 ait
2515 2224 2684 2292 ipsum
2735 2225 2934 2294 plumbi
2983 2227 3234 2281 talentum
3280 2244 3401 2284 esse
3443 2229 3625 2300 (Zach.
3656 2231 3807 2300 7).

2223 2311 2561 2382 ldipsumque
2583 2316 2910 2382 experientia
2931 2317 3184 2372 declarat.
3205 2318 3346 2372 Nihil
3365 2321 3506 2373 enim
3532 2320 3602 2374 ita
3623 2337 3807 2391 aggra-

2221 2414 2307 2458 vat
2355 2405 2610 2471 animam,
2657 2407 2728 2459 ita
2778 2417 3009 2461 tuentem
3063 2419 3295 2463 excmcat
3338 2425 3399 2464 ac
3448 2410 3720 2479 deprimit.
3755 2424 3814 2466 ut

2221 2497 2548 2550 conscientia
2580 2499 2782 2566 peccati
2807 2514 2820 2558 ;
2847 2499 2978 2552 nihil
3006 2500 3149 2553 illam
3181 2502 3505 2556 voluntatem
3542 2503 3608 2555 ita
3638 2504 3810 2557 subli-

2220 2601 2359 2640 mem
2389 2587 2574 2652 efftcit,
2594 2597 2652 2642 ut
2668 2588 2886 2657 iustitiae
2909 2605 2971 2643 ac
2993 2591 3202 2644 virtutis
3223 2594 3509 2660 possessio.
3532 2593 3812 2660 Animum,

2219 2694 2421 2748 qua‘so,
2449 2679 2660 2734 adhibe.
2681 2680 2817 2747 Quid
2848 2682 3147 2748 oaerosius,
3169 2698 3327 2752 quam
3353 2683 3478 2736 nihil
3507 2685 3811 2753 possidere,

2219 2779 2428 2825 vertere
2457 2772 2614 2824 aliam
2655 2773 2956 2837 maxillam,
2995 2775 3310 2842 percutienti
3346 2791 3450 2829 non
3488 2777 3660 2830 vicem
3691 2778 3810 2830 red-

2218 2861 2346 2916 dere
2369 2903 2383 2928 ,
2414 2865 2548 2917 mori
2589 2864 2818 2918 violenta
2849 2866 3058 2920 morte?
3080 2872 3328 2923 Attamen
3371 2868 3415 2923 si
3458 2868 3810 2939 philosophe-

2218 2969 2359 3020 mur,
2393 2955 2506 3010 hinc
2531 2957 2710 3010 omnia
2749 2958 2882 3012 levia
2915 2970 2970 3014 et
2996 2960 3168 3014 facilia
3200 2970 3341 3026 sunt,
3372 2962 3811 3032 voluptatemque

2220 3047 2566 3114 pariunt.Sed
2596 3063 2663 3104 ne
2692 3051 2994 3115 turbemiui,
3020 3066 3204 3106 eorum
3230 3053 3433 3122 singula
3463 3053 3812 3121 exploremus

2217 3145 2271 3192 et
2299 3146 2605 3206 tractemus,
2637 3147 2710 3206 et,
2738 3141 2781 3195 si
2808 3141 2986 3206 vultis,
3009 3144 3182 3211 primo
3208 3143 3260 3197 id
3286 3145 3425 3213 quod
3453 3145 3698 3212 plurimis
3731 3147 3809 3199 la-

2216 3227 2485 3283 boriosum
2517 3245 2635 3284 esse
2667 3231 2898 3286 videtur.
2932 3233 3143 3299 Utrum,
3175 3249 3355 3303 quaeso
3383 3243 3453 3298 te,
3472 3251 3632 3305 grave
3659 3246 3716 3291 et
3741 3237 3809 3290 la-

2215 3319 2487 3375 boriosum
2542 3322 2783 3389 videtur,
2820 3340 2980 3378 unum
3023 3336 3261 3380 ventrem
3314 3343 3529 3389 curare.
3558 3343 3622 3381 an
3656 3329 3810 3384 mille

2217 3411 2664 3469 sollicitudinibus
2709 3415 2946 3470 involvi?
2979 3433 3084 3471 uno
3113 3417 3431 3474 vestimento
3459 3419 3599 3473 indui
3624 3421 3808 3475 homi-

2214 3519 2356 3563 nem.
2387 3513 2440 3559 et
2460 3504 2589 3558 nihil
2619 3506 2752 3560 ultra
2781 3523 3039 3576 quaerere,
3067 3525 3132 3562 an
3162 3509 3325 3563 multa
3348 3509 3488 3565 intus
3516 3510 3806 3567 habentem

2212 3594 2297 3650 die
2340 3605 2599 3666 nocteque
2636 3599 2889 3665 cruciari,
2920 3598 2974 3654 in
3003 3614 3186 3655 eorum
3231 3602 3469 3656 custodia
3503 3606 3801 3671 timentem,

2215 3697 2560 3757 trementem,
2591 3693 2804 3746 anxium
2831 3733 2846 3757 ,
2891 3707 2958 3748 ne
3006 3709 3035 3748 a
3078 3696 3234 3750 tineis
3282 3697 3666 3763 corrodantur,
3699 3715 3807 3755 neu

2213 3795 2400 3834 servus
2427 3797 2547 3836 cum
2579 3783 2682 3836 illis
2718 3783 2988 3854 aufugiat?
3021 3785 3216 3842 Verum
3240 3790 3568 3858 quantalibet
3592 3791 3804 3856 dixero,

2213 3869 2314 3924 tale
2339 3870 2488 3935 nihil,
2517 3873 2673 3941 quale
2693 3889 2869 3928 rerum
2898 3876 3246 3945 experientia,
3271 3879 3558 3950 depingere
3575 3883 3803 3937 valeam.

2211 3962 2387 4028 Quare
2414 3963 2604 4017 vellem
2637 3965 2824 4022 adesse
2848 3969 3132 4036 quemdam
3162 3985 3380 4036 eorum,
3412 3973 3499 4042 qui
3533 3989 3804 4029 summum

2214 4052 2568 4122 philosophia:
2595 4055 2805 4124 apicem
2849 4059 3157 4128 attigerunt,
3189 4071 3242 4114 et
3283 4071 3402 4117 tunc
3431 4062 3572 4117 clare
3599 4065 3676 4118 rei
3703 4081 3804 4120 vo-

2212 4143 2463 4211 luptatem
2487 4147 2807 4214 perciperes.
2837 4147 2904 4202 Et
2931 4164 3088 4204 nemo
3109 4166 3294 4205 eorum
3325 4152 3408 4221 qui
3438 4163 3802 4222 panper-latet

2211 4247 2412 4303 amant,
2431 4236 2639 4292 divitias
2665 4240 2823 4294 etiam
2841 4240 3049 4296 oblatas
3077 4243 3364 4312 acciperet.
3381 4244 3447 4298 Et
3471 4245 3546 4310 hi,
3573 4247 3802 4316 inquies,

2211 4343 2276 4380 an
2313 4343 2574 4396 pauperes
2619 4345 2866 4399 umquam
2914 4332 3026 4386 lieri
3076 4334 3293 4398 vellent,
3323 4342 3376 4388 et
3401 4339 3802 4403 possessionum

2210 4434 2390 4472 curam
2421 4419 2687 4489 abjicere?
2715 4421 2784 4475 Et
2809 4422 2935 4492 quid
2970 4423 3071 4478 hoc
3099 4427 3218 4480 est?
3244 4428 3630 4497 Argumentum
3661 4440 3805 4484 certe

2211 4511 2447 4564 stultitiae
2497 4519 2551 4566 et
2589 4513 2890 4580 gravissimi
2934 4515 3138 4584 morbi,
3164 4533 3264 4573 nec
3297 4519 3372 4573 rei
3414 4519 3804 4589 jucunditatem

2210 4608 2506 4664 declarans.

2281 4701 2332 4753 4.
2362 4699 2525 4768 Cujus
2552 4701 2625 4754 rei
2659 4701 2812 4756 nobis
2843 4710 3006 4757 testes
3046 4702 3244 4759 fuerint
3274 4705 3330 4772 ii,
3363 4706 3451 4775 qui
3473 4707 3715 4776 quOIidie
3740 4709 3805 4765 de

2212 4789 2294 4843 his
2325 4789 2765 4846 sollicitudinibus
2797 4793 3155 4849 lamentantur
3175 4838 3189 4860 ,
3221 4805 3278 4850 et
3305 4798 3464 4852 vitam
3498 4799 3804 4870 huiusmodi

2211 4897 2313 4935 non
2349 4882 2560 4936 vitalem
2603 4897 2722 4937 esse
2752 4893 2957 4952 putant.
2988 4886 3054 4939 At
3085 4885 3159 4939 illi
3205 4903 3309 4942 non
3349 4889 3482 4945 tales
3518 4902 3679 4956 sunt,
3709 4892 3803 4947 sed

2210 4974 2406 5040 rident,
2436 4975 2726 5038 exsultant,
2758 4992 2855 5032 nec
2880 4979 3058 5032 minus
3083 4979 3151 5034 de
3172 4989 3507 5050 paupertate,
3531 4998 3692 5052 quam
3721 5001 3805 5040 rc-

2207 5081 2300 5136 ges
2324 5066 2394 5122 de
2419 5066 2720 5122 diademate
2747 5068 3064 5137 gloriantur.
3097 5070 3328 5125 Rursum
3379 5075 3648 5129 maxillam
3678 5091 3802 5143 per—

2208 5157 2426 5212 cutienti
2457 5157 2668 5221 offerre,
2708 5174 2865 5228 quam
2898 5172 3196 5230 percutere,
3228 5162 3395 5216 levius
3419 5173 3476 5218 et
3513 5165 3804 5232 jucundius

2208 5259 2308 5314 est,
2337 5251 2381 5304 si
2424 5250 2706 5305 attendas:
2737 5265 2860 5304 nam
2906 5252 3051 5306 illiue
3093 5251 3301 5307 initium
3343 5254 3487 5318 belli,
3518 5255 3645 5311 hinc
3687 5257 3804 5325 ejus

2207 5341 2404 5396 solutio
2430 5344 2699 5410 provenit;
2731 5351 2784 5397 et
2806 5344 2898 5397 illo
2925 5344 3138 5413 quidem
3168 5345 3326 5399 modo
3353 5346 3577 5400 alterius
3613 5363 3802 5418 rogum

2204 5431 2528 5494 accendisti,
2585 5433 2685 5486 hoc
2733 5443 2910 5487 autem
2967 5434 3234 5488 flaaunam
3290 5445 3432 5490 tuam
3473 5438 3800 5492 exstinxisti.

2207 5523 2354 5590 Quod
2397 5533 2573 5578 autem
2623 5539 2727 5579 non
2773 5526 2854 5578 uri
2892 5525 3097 5580 dulcius
3147 5529 3236 5593 sit,
3265 5543 3421 5596 quam
3461 5529 3566 5595 uri,
3603 5531 3800 5585 nemini

2207 5633 2311 5669 non
2345 5625 2525 5670 uotum
2547 5626 2647 5671 est.
2672 5617 2823 5684 Quod
2851 5619 2894 5671 si
2922 5633 3008 5672 res
3031 5619 3082 5671 iu
3114 5621 3385 5688 corporeis
3407 5619 3474 5672 ita
3498 5635 3559 5675 se
3587 5621 3802 5688 habeat,

2209 5709 2373 5764 multo
2418 5709 2583 5779 magis
2635 5711 2687 5763 in
2729 5711 2792 5765 iis
2831 5727 2949 5780 qua)
2979 5711 3043 5765 ad
3090 5711 3320 5766 animam
3365 5725 3634 5782 speetant.
3665 5715 3803 5783 Quid
