4010 6128
257 279 353 334 ιελξς

256 402 427 444 autem
471 390 639 443 levius
668 397 778 452 est,
827 401 1086 456 pugnare,
1119 400 1184 438 an
1222 385 1507 439 coronari?
1548 383 1835 454 pugilatum

256 495 525 544 exercere,
556 494 622 532 an
671 479 910 532 bravium
947 476 1164 530 tenere?
1196 475 1437 528 ﬂuctibus
1468 475 1746 539 obsistere,
1770 490 1836 528 an

256 574 303 627 in
331 581 480 641 portu
508 571 747 625 solvere?
773 569 929 624 (ierte
959 569 1116 622 etiam
1148 568 1282 621 mori
1321 568 1508 620 melius
1535 575 1616 620 est
1635 608 1650 632 ,
1680 581 1836 635 quam

250 667 447 718 vivere.
483 663 622 717 Mors
646 663 785 717 enim
815 677 877 715 ex
909 660 1153 714 ﬂuctibus
1181 668 1233 712 et
1258 675 1320 713 ex
1355 658 1599 726 periculis
1627 658 1834 722 educit;

251 756 350 808 vita
394 771 519 808 vero
551 755 600 807 in
640 753 888 822 periculis
926 752 1226 811 constituit,
1261 759 1314 805 et
1343 751 1631 804 obnoxium
1660 749 1836 803 reddit

250 846 395 900 nnlle
455 847 658 900 insidiis
703 853 756 899 et
801 844 1242 909 necessitatibus,
1288 843 1356 896 ob
1397 857 1531 912 quas
1578 843 1836 910 ingratam

250 939 409 992 vitam
443 939 740 993 existimes.
771 936 920 1003 Quod
955 937 997 990 si
1024 937 1178 991 dictis
1206 951 1311 990 non
1339 936 1530 990 credas
1550 977 1564 1001 ,
1593 935 1714 988 audi
1744 950 1836 989 eos

247 1032 332 1100 qui
363 1032 711 1086 certaminum
746 1039 984 1099 tempore
1028 1029 1276 1083 viderunt
1307 1029 1485 1082 vultus
1517 1037 1833 1099 martyrum,

248 1122 538 1189 quomodo,
567 1121 692 1177 dum
735 1122 1128 1191 ﬂagellarentur
1154 1131 1207 1174 et
1240 1121 1575 1175 caederentur
1599 1161 1613 1185 ,
1646 1119 1749 1173 laeti
1786 1128 1838 1172 et

246 1212 442 1269 hilares
471 1223 625 1268 erant
656 1233 668 1266 :
702 1215 974 1282 magisque
1011 1212 1307 1282 gaudebant
1343 1220 1405 1272 et
1443 1211 1754 1264 lmtabantur
1784 1211 1833 1263 in

245 1306 563 1372 sartagincm
585 1305 998 1372 immissi,quam
1029 1304 1062 1357 ii
1084 1303 1170 1372 qui
1197 1303 1246 1355 in
1270 1301 1474 1356 rosario
1493 1301 1830 1354 reclinantur.

245 1395 473 1465 Ideoque
495 1396 687 1449 Paulus
715 1395 944 1449 violenta
971 1404 1138 1449 morte
1162 1395 1321 1448 vitam
1343 1393 1620 1448 clausurus
1640 1403 1694 1447 et
1715 1392 1835 1446 abs-

243 1500 509 1552 cessurus,
543 1485 787 1540 diccbat:
824 1484 1030 1539 Gaudeo
1073 1494 1116 1538 et
1161 1487 1450 1556 congauch
1492 1487 1626 1538 vobis
1667 1485 1833 1538 omni-

242 1575 368 1640 bus;
396 1587 442 1629 et
469 1594 554 1630 vos
603 1579 793 1646 puriter
822 1578 1036 1647 gaudete
1075 1586 1120 1629 et
1159 1576 1468 1646 congaudete
1505 1576 1628 1629 milii
1667 1574 1835 1646 (Plii-

242 1669 371 1738 lipp.
396 1670 449 1722 ‘2.
488 1671 570 1723 17.
606 1669 730 1740 l8).
769 1670 924 1724 Vides
952 1678 1144 1739 quanta
1171 1685 1290 1722 cum
1322 1669 1482 1722 animi
1522 1668 1835 1723 celsitudine

244 1769 412 1815 tozum
443 1761 626 1815 orbem
651 1762 716 1815 ad
740 1762 914 1832 gaudii
946 1763 1022 1814 sui
1044 1762 1366 1815 consortium
1393 1762 1577 1814 vocet?
1607 1761 1833 1815 Tantum

239 1866 362 1907 esse
406 1853 600 1906 bonum
653 1853 775 1906 hinc
813 1853 1087 1907 discedere
1129 1853 1382 1922 putabat;
1430 1853 1499 1907 ita
1548 1852 1832 1921 optabilem

240 1953 470 1998 mortem
518 1944 657 1998 illam
689 1945 1009 2010 terribilem,
1042 1945 1111 1999 ita
1139 1944 1418 1999 amabilem
1451 1953 1503 1999 et
1531 1944 1836 1999 desideran-

238 2034 382 2087 dam.
402 2034 505 2088 Sed
534 2036 674 2105 quod
708 2037 915 2090 virtutis
937 2037 1121 2106 jugum
1153 2037 1222 2090 sit
1245 2036 1397 2091 dulce
1424 2051 1484 2089 ac
1514 2036 1648 2098 leve,
1673 2035 1834 2088 multa

239 2126 342 2179 alia
378 2127 672 2182 declarant.
703 2128 924 2182 Demum
951 2171 964 2193 ,
998 2129 1040 2181 si
1087 2129 1294 2196 placet,
1327 2128 1524 2196 peccati
1552 2141 1715 2180 onera
1755 2126 1836 2179 vi-

237 2217 482 2271 deamus.
519 2220 723 2272 Avaros
750 2221 927 2288 itaque
959 2219 1011 2271 in
1058 2218 1290 2272 medium
1320 2218 1646 2272 adducamus
1667 2260 1682 2284 ,
1717 2218 1836 2273 illos

239 2323 435 2376 nempe
462 2308 551 2377 qui
583 2308 918 2378 impudentes
945 2308 1149 2364 fmnora
1183 2317 1409 2363 tractant
1445 2317 1498 2363 et
1525 2318 1832 2364 retractant.

239 2399 378 2464 Quid
424 2414 551 2470 ergo
590 2401 872 2456 onerosius
925 2402 1012 2455 tali
1054 2401 1443 2472 negotiatione‘
1476 2399 1673 2454 fuerit?
1709 2409 1839 2470 quot

238 2492 478 2556 dolores,
515 2501 644 2563 quot
673 2493 1077 2560 sollicitudines,
1111 2503 1242 2564 quot
1265 2494 1490 2564 scopuli,
1521 2500 1649 2562 quot
1691 2494 1837 2564 peri—

239 2584 359 2638 cula
386 2624 400 2648 ,
443 2593 573 2653 quot
615 2585 820 2639 insidiae
865 2597 917 2639 et
964 2586 1102 2640 bella
1149 2585 1386 2656 quotidie
1430 2601 1494 2641 ex
1542 2586 1644 2641 hoc
1689 2585 1838 2639 lucro

240 2674 528 2728 oriuntur?
571 2684 701 2744 quot
742 2676 908 2729 turbae
957 2685 1012 2729 et
1051 2675 1342 2731 tumultus?
1383 2676 1837 2742 Quemadmodum

238 2766 386 2819 enim
424 2781 570 2820 mare
610 2781 899 2836 numquam
931 2768 1044 2822 sine
1088 2766 1334 2822 ﬂuetibus
1372 2769 1584 2834 videas,
1629 2769 1706 2822 sic
1741 2782 1840 2822 nec

240 2857 555 2927 hujusmodi
588 2859 823 2911 animum
868 2859 983 2913 sine
1024 2874 1148 2912 cura
1174 2901 1187 2926 ,
1231 2875 1500 2923 mmrore,
1547 2861 1734 2913 timore
1777 2873 1840 2913 ac

240 2949 648 3019 perturbatione
671 2992 683 3014 ,
713 2949 806 3005 sed
843 2951 1016 3020 priora
1047 2966 1076 3003 a
1107 2953 1451 3021 sequentibus
1481 2952 1834 3021 excipiuntur,

309 3065 325 3093 ι
366 3061 451 3110 Alii
471 3062 674 3122 habent,
695 3061 965 3126 iniquitate,
999 3076 1102 3124 pro,
1127 3061 1462 3125 negotiatione.

1214 271 1276 325 IN
1317 269 1720 325 MA'I‘TlleUM
1765 266 1992 322 llOilllu
2040 268 2276 324 XXXIX.
2319 272 2387 326 al.
2429 271 2538 326 XL.

3418 286 3524 342 1.54

1946 379 2060 435 huic
2099 383 2165 436 ab
2215 385 2352 450 aliis,
2385 388 2574 457 quibus
2605 390 2836 445 nondum
2868 393 3063 448 sedatis
3093 396 3192 450 alia
3221 397 3518 469 insurgunt.

2017 474 2302 532 Iracundus
2330 495 2479 548 quam
2508 483 2772 535 crucietur.
2812 483 3048 538 Omnium
3087 487 3328 542 bonorum
3367 502 3525 544 mater

1943 567 2224 623 clementia.
2255 601 2325 611 -—
2357 571 2516 625 Visne
2543 575 2909 630 contumeliosi
2938 587 2992 630 et
3018 578 3254 632 iracundi
3287 582 3520 635 animum

1942 656 2244 727 dispicere?
2265 660 2398 728 Quid
2425 663 2721 730 hujnsmudi
2740 666 2974 719 cruciatu
2997 669 3178 736 pejus?
3199 671 3322 738 quid
3345 675 3520 724 acrius

1943 749 2208 805 intestinis
2229 753 2567 807 vulneribus?
2589 755 2712 824 quid
2737 756 3025 812 ferventius
3048 759 3261 815 fornace
3282 763 3367 815 illa
3391 779 3523 818 sem-

1943 860 2037 912 per
2060 846 2305 910 ardente,
2336 856 2390 900 et
2415 845 2626 902 ﬂamma
2655 849 2741 903 illa
2771 865 2889 919 qua:
2915 867 3200 919 numquam
3232 855 3520 922 exstingui-

1944 937 2066 990 tur?
2094 935 2148 990 Si
2176 936 2240 990 ad
2265 938 2383 991 illos
2409 947 2460 992 te
2483 949 2761 994 convertas
2781 944 2871 1011 qui
2897 957 3181 1012 corporum
3210 943 3408 999 formas
3429 947 3519 1000 de-

1943 1036 2167 1094 pereunt
2197 1037 2250 1082 et
2280 1032 2524 1099 pnesenti
2560 1033 2679 1085 vitm
2710 1032 2902 1087 addicti
2933 1045 3055 1088 sunt
3079 1076 3092 1098 ,
3125 1036 3250 1104 quid
3280 1036 3378 1091 hac
3403 1052 3520 1094 ser-

1940 1117 2108 1172 vitute
2130 1119 2380 1186 gravius?
2409 1120 2556 1174 Caini
2583 1123 2742 1176 vitam
2766 1123 2840 1176 illi
2864 1123 3058 1178 ducunt
3079 1165 3094 1190 ,
3127 1126 3176 1177 iu
3209 1127 3397 1181 timore
3428 1139 3522 1183 tre-

1943 1223 2195 1278 moreque
2237 1219 2492 1280 perpetuo
2531 1211 2730 1282 degunt
2754 1253 2767 1277 ,
2801 1223 2852 1267 et
2883 1215 2925 1267 si
2957 1215 3044 1283 qui
3077 1230 3142 1269 ex
3169 1218 3358 1271 amatis
3405 1234 3521 1270 mo-

1940 1301 2177 1369 riantur,
2228 1305 2395 1372 magis
2439 1319 2595 1372 quam
2647 1306 2924 1374 ιηόνίιιίιυί
2970 1315 3021 1359 et
3060 1308 3270 1376 cognati
3312 1308 3523 1363 illorum

1941 1397 2139 1450 obitum
2172 1397 2372 1466 lugent.
2404 1398 2538 1464 Quid
2585 1415 2742 1467 porro
2789 1399 3143 1456 turbulentius
3188 1401 3524 1472 ferociusque

1939 1487 2222 1554 superbis?
2251 1486 2470 1553 Discite,
2500 1489 2701 1556 inquit,
2725 1507 2756 1541 a
2781 1506 2887 1553 me,
2916 1495 3033 1559 quia
3061 1492 3193 1545 mitis
3219 1509 3328 1546 sum
3357 1504 3401 1548 et
3423 1494 3520 1546 hu-

1939 1577 2074 1630 milis
2097 1578 2267 1643 corde,
2298 1587 2343 1630 et
2364 1579 2619 1631 invenietis
2645 1581 2866 1647 requiem
2891 1583 3153 1634 animabus
3172 1585 3362 1637 vestris.
3399 1586 3525 1638 0m-

1940 1669 2083 1721 nium
2112 1669 2306 1738 quippe
2333 1668 2589 1723 bonorum
2620 1679 2790 1724 mater
2811 1680 2892 1724 est
2913 1673 3214 1727 clementia.
3245 1674 3322 1729 Ne
3349 1677 3524 1745 itaque

1940 1765 2128 1815 timeas
2150 1804 2164 1825 ,
2197 1777 2369 1830 neque
2410 1762 2616 1816 resilias
2641 1777 2668 1814 a
2691 1762 2818 1831 jugo
2847 1763 2938 1816 illo
2959 1803 2972 1827 ,
3005 1779 3110 1833 quo
3140 1765 3207 1819 ab
3239 1765 3320 1819 his
3347 1768 3523 1820 omni-

1941 1852 2038 1906 bus
2067 1852 2308 1920 eripieris
2333 1868 2348 1916 ;
2381 1852 2474 1906 sed
2506 1851 2632 1906 illud
2665 1853 2911 1908 alacriter
2940 1855 3133 1908 subeas
3153 1895 3166 1919 ,
3200 1863 3254 1909 et
3283 1856 3399 1926 ejus
3427 1873 3523 1910 vo-

1940 1946 2192 2013 luptatem
2224 1953 2350 1998 tunc
2377 1945 2688 2013 experieris.
2712 1943 2896 2013 Neque
2919 1947 3057 1999 enim
3089 1947 3352 2001 cervicem
3382 1959 3521 2001 tuam

1940 2045 2158 2100 atteret,
2205 2035 2297 2088 scd
2338 2034 2459 2089 ideo
2495 2032 2800 2104 impositum
2841 2045 2957 2100 est,
2988 2047 3042 2089 ut
3071 2037 3244 2091 bonus
3283 2051 3525 2094 servetur

1940 2129 2092 2194 ordo,
2121 2137 2178 2182 ut
2217 2137 2268 2182 te
2297 2128 2558 2182 concinne
2590 2127 2836 2182 incedere
2891 2128 3101 2195 doceat,
3151 2140 3204 2184 et
3233 2131 3299 2184 ad
3328 2133 3523 2201 regiam

1942 2221 2079 2274 viam
2108 2219 2300 2284 ducztt,
2335 2228 2492 2288 atque
2518 2235 2547 2271 a
2589 2220 2892 2288 prmcipitiis
2930 2219 3056 2274 hinc
3084 2229 3138 2274 ot
3176 2220 3299 2274 inde
3339 2222 3525 2290 positis

1941 2312 2151 2378 liberet,
2181 2321 2236 2365 ut
2262 2321 2539 2380 angustam
2590 2311 2727 2364 viam
2761 2309 2915 2364 facile
2943 2311 3232 2365 emetiaris.
3265 2311 3523 2379 Quoniam

1944 2405 2100 2474 igitur
2127 2413 2204 2457 tot
2235 2411 2486 2470 tantaque
2511 2403 2646 2456 bona
2675 2402 3059 2466 subministrat,
3096 2411 3294 2457 tantam
3319 2405 3524 2459 securi-

1943 2507 2125 2559 tatem,
2147 2504 2344 2550 tantam
2371 2495 2626 2558 laetitiam,
2644 2503 2754 2548 t0to
2777 2495 2977 2560 animo,
3000 2503 3216 2564 totoque
3233 2496 3407 2549 studio
3427 2494 3526 2549 hoc

1943 2592 2122 2661 iugum
2154 2587 2466 2649 trahamus;
2500 2594 2556 2639 ut
2583 2594 2636 2640 et
2663 2585 2751 2640 hic
2777 2587 3110 2640 inveniamus
3139 2586 3376 2655 requiem
3407 2586 3524 2639 ani—

1941 2683 2128 2736 mabus
2161 2679 2358 2733 nostris
2382 2720 2396 2742 ,
2448 2687 2499 2732 et
2532 2676 2707 2731 futura
2739 2693 3128 2748 consequamur
3159 2679 3293 2732 bona
3315 2718 3329 2744 ,
3361 2679 3527 2747 gratia

1942 2783 1996 2829 et
2027 2773 2349 2843 benignitate
2381 2769 2588 2823 Domini
2620 2771 2786 2824 nostri
2829 2769 2955 2824 .lesu
2979 2769 3175 2824 Christi
3203 2809 3218 2834 ,
3247 2770 3330 2822 cui
3361 2769 3526 2838 gloria

1943 2876 1991 2921 et
2043 2866 2320 2935 imperium
2345 2905 2360 2930 ,
2394 2876 2533 2916 nunc
2560 2869 2614 2914 et
2642 2875 2854 2931 semper
2874 2902 2888 2926 ,
2918 2869 2972 2914 et
3002 2860 3052 2914 in
3081 2861 3272 2914 saecula
3303 2859 3528 2914 szeculo-

1942 2973 2082 3012 rum.
2125 2957 2317 3012 Amen.

1405 3173 1739 3241 HOMILIA
1786 3175 2092 3234 XXXIX.
2139 3171 2223 3232 al.
2269 3168 2405 3229 XL.

242 3317 374 3374 CAP.
411 3321 494 3374 1'2.
530 3335 579 3371 v.
613 3319 663 3373 Ι.
713 3317 778 3370 1η
818 3316 908 3371 illo
939 3325 1161 3385 tempore
1188 3315 1308 3369 abiit
1337 3314 1489 3368 Jesus
1515 3315 1720 3368 sabbato
1750 3332 1838 3384 per

314 3425 431 3469 sata
462 3429 480 3465 :
529 3412 768 3482 discipuli
807 3419 973 3463 autem
1005 3410 1112 3479 ejus
1143 3409 1412 3462 esurientes
1455 3416 1709 3477 coeperunt
1741 3406 1836 3459 vel-

317 3509 423 3561 lere
453 3506 618 3574 spicas
641 3516 686 3558 et
710 3503 1033 3557 manducare.
1064 3502 1119 3555 2.
1159 3501 1410 3554 ΡΙιανίείιλὶ
1433 3510 1597 3555 autem
1622 3499 1842 3554 videntes

319 3600 562 3653 dixerunt
591 3598 634 3650 ei
658 3613 675 3650 :
711 3597 838 3650 Ecce
868 3595 1102 3664 discipuli
1131 3595 1201 3647 tui
1223 3594 1413 3666 faciunt
1442 3593 1575 3662 quod
1605 3610 1704 3646 non
1732 3593 1842 3646 licet

317 3693 489 3761 facere
534 3691 584 3743 in
620 3688 844 3743 sabbato.
871 3688 923 3741 5.
965 3685 1110 3740 Dixit
1147 3695 1313 3739 autem
1339 3686 1408 3738 eis
1433 3702 1450 3737 :
1480 3682 1600 3736 Non
1655 3683 1843 3753 legistis

317 3783 446 3852 quid
472 3783 642 3852 fecerit
675 3781 840 3835 Duvid
879 3797 993 3834 cum
1017 3781 1216 3834 esurivit
1256 3780 1363 3847 ipse
1389 3787 1434 3831 et
1473 3778 1558 3846 qui
1597 3794 1710 3830 cum
1750 3777 1839 3830 illo

316 3873 507 3928 crant?
531 3874 584 3927 4.
612 3872 861 3943 quomodo
912 3871 1166 3941 ingressus
1208 3879 1278 3923 est
1307 3870 1358 3922 in
1391 3869 1594 3921 domum
1651 3866 1768 3934 Dei,
1799 3876 1844 3920 et

318 3980 478 4036 panes
504 3963 859 4032 propositionis
885 3961 1118 4024 comedit,
1142 3977 1266 4031 quos
1295 3976 1396 4014 non
1426 3959 1604 4012 licebat
1632 3960 1676 4012 ei
1705 3974 1843 4010 com-

316 4055 488 4119 edere,
531 4070 687 4122 aeque
710 4054 771 4105 iis
797 4052 882 4119 qui
918 4067 1030 4104 cum
1058 4051 1145 4104 illo
1170 4059 1309 4103 erant
1331 4091 1346 4116 ,
1387 4048 1475 4103 sed
1509 4049 1630 4103 solis
1672 4064 1846 4102 sacer-

319 4144 527 4199 dotibus
548 4143 572 4196 ?

320 4239 348 4292 1
363 4277 377 4290 .
396 4236 628 4290 Christus
639 4232 888 4304 quomodo
903 4233 1161 4287 sabbatum
1183 4231 1597 4285 solvit.—Lucas
1609 4245 1737 4285 vero
1750 4229 1842 4284 ait:

245 4328 316 4383 In
335 4310 544 4382 sabbato
559 4326 778 4380 secundo
798 4325 959 4394 primo
976 4323 1051 4394 (a)
1071 4322 1220 4393 (Luc.
1242 4322 1375 4392 6.1).
1409 4321 1544 4388 Quid
1567 4329 1742 4374 autem
1767 4327 1848 4374 cst

247 4418 550 4474 secundum
579 4416 844 4485 primum?
884 4415 1105 4483 Quando
1133 4413 1374 4484 duplices
1401 4412 1548 4467 feriae
1574 4421 1726 4466 erant
1747 4454 1760 4475 ,
1789 4421 1844 4467 et

246 4507 464 4566 sabbati
509 4505 745 4574 proprii.
781 4518 831 4560 et
859 4507 1076 4560 alterius
1104 4504 1224 4559 festi
1256 4504 1612 4559 succedentis.
1646 4502 1848 4556 Sabbu-

247 4611 367 4656 tum
401 4599 542 4653 enim
573 4598 833 4667 quaslibet
889 4598 1043 4652 ferias
1084 4607 1136 4651 et
1191 4596 1422 4666 quietem
1481 4594 1840 4664 appellabant.

250 4694 322 4748 Et
350 4708 449 4747 cur
472 4691 595 4744 illuc
623 4706 716 4744 eos
739 4690 908 4755 duxit,
935 4691 1022 4758 qui
1051 4690 1226 4742 omnia
1257 4687 1594 4758 prresciebat,
1623 4687 1722 4740 nisi
1755 4703 1846 4739 vo-

249 4786 449 4838 luisset
476 4781 607 4835 solvi
635 4781 944 4835 sabbatum?
978 4779 1196 4834 Volebat
1216 4779 1450 4847 quidem,
1475 4778 1568 4832 sed
1597 4793 1700 4832 non
1729 4777 1846 4830 sine

248 4887 458 4933 causa;
505 4871 726 4938 ideoque
766 4885 1052 4940 numquam
1093 4871 1208 4923 sine
1242 4884 1402 4923 causa
1444 4869 1604 4922 solvit
1647 4869 1844 4936 ipsum,

249 4965 351 5021 scd
397 4978 463 5017 ex
511 4963 791 5017 occasione
832 4961 1058 5032 quadam
1107 4960 1454 5029 congruenti;
1490 4967 1545 5012 ut
1589 4966 1644 5012 et
1674 4959 1844 5026 legem

251 5060 542 5128 abrogaret
556 5065 636 5120 ,et
657 5055 727 5108 illi
749 5069 853 5108 non
871 5053 1282 5108 oﬂ'enderentur.
1302 5053 1395 5107 Est
1412 5053 1570 5107 etiam
1589 5067 1707 5106 cum
1727 5049 1849 5103 illud

252 5148 452 5210 solvit,
490 5145 635 5199 nulla
685 5145 859 5198 oblata
891 5144 1206 5206 occasione;
1242 5153 1298 5195 ut
1327 5158 1446 5197 cum
1494 5143 1677 5196 oculos
1723 5141 1848 5194 (εποί

254 5241 376 5294 luto
428 5238 666 5301 inunxit;
700 5245 754 5290 et
794 5250 912 5290 cum
942 5235 1072 5289 dicit
1100 5251 1114 5288 :
1152 5233 1304 5287 Pater
1349 5249 1488 5286 meus
1520 5249 1674 5303 usque
1701 5231 1850 5285 modo

253 5341 534 5399 operatur,
567 5339 610 5382 et
639 5344 728 5398 ego
755 5344 934 5396 aperor
965 5324 1156 5396 (Joan.
1187 5325 1238 5379 5.
1272 5324 1360 5393 7).
1395 5323 1526 5378 Illud
1555 5338 1684 5378 vero
1729 5323 1853 5378 facit

255 5433 374 5478 tum
405 5432 460 5476 ut
484 5421 584 5477 hoc
613 5421 771 5476 modo
797 5418 1058 5490 glorificet
1083 5418 1294 5473 Patrem
1324 5431 1477 5471 suum
1499 5457 1514 5484 ,
1547 5425 1654 5471 tum
1683 5427 1740 5470 ut
1763 5418 1850 5471 illa

320 5582 402 5643 (a)
434 5579 510 5631 De
530 5582 733 5631 Satibato
752 5578 970 5643 secundo
990 5578 1144 5639 primo
1154 5586 1327 5643 magna
1347 5571 1613 5643 etdifficilis
1628 5579 1854 5643 estquae-

254 5633 547 5753 stiin'quam
569 5644 678 5714 vide
700 5641 824 5715 apud
854 5633 1149 5713 Scaligerum
1193 5633 1258 5686 in'
1271 5635 1450 5686 Canon.
1478 5634 1667 5743 lsagog.
1692 5633 1776 5683 lib.
1799 5636 1848 5696 5,

255 5721 309 5753 ι)-
337 5705 404 5753 32
440 5738 452 5753 .
475 5704 505 5752 2
525 5704 642 5753 ρᾱιι.
668 5712 717 5753 et
740 5717 788 5753 In
808 5710 1002 5753 Svnonsn
1023 5700 1307 5752 Crtttcorum
1328 5697 1386 5746 ad
1409 5696 1536 5746 hunc
1574 5709 1732 5746 οςιιιι..

255 5696 309 5772 p.
337 5696 452 5764 32‘,
475 5704 505 5752 2
525 5704 642 5754 edit.
668 5696 788 5757 etin
808 5696 1002 5767 εἵπουεῖ
1023 5700 1307 5752 Criticorum
1328 5697 1386 5746 ad
1409 5696 1536 5746 hunc
1557 5696 1732 5746 locum.

1945 3314 2153 3369 ratione
2197 3310 2544 3367 imbecillitati
2597 3307 2839 3363 consulat
2895 3305 3223 3361 Judarorum.
3286 3306 3338 3359 ld
3393 3305 3534 3374 quod

1947 3405 2105 3460 etiam
2130 3404 2229 3458 hoc
2251 3403 2369 3458 loco
2391 3401 2534 3464 facit,
2563 3409 2766 3453 natura:
2794 3398 3167 3452 necessitatem
3194 3397 3490 3452 obtendens
3516 3415 3528 3450 :

1946 3511 2266 3566 quamquam
2288 3509 2498 3560 eorum,
2521 3509 2636 3562 qua!
2659 3500 2874 3561 peccata
2905 3504 3025 3544 esse
3055 3489 3107 3542 in
3137 3488 3384 3544 confesso
3426 3497 3530 3553 est,

1949 3589 2086 3643 nulla
2119 3589 2284 3658 possit
2305 3602 2426 3642 esse
2450 3583 2713 3640 defensio.
2739 3582 2921 3651 Neque
2943 3581 3086 3635 enim
3110 3580 3374 3634 homicida
3397 3581 3530 3635 iram

1949 3681 2000 3734 in
2047 3679 2443 3735 excusationem
2490 3676 2782 3732 obtendere
2827 3674 3026 3742 possit,
3075 3688 3248 3742 neque
3292 3674 3541 3730 mmchus

1948 3770 2430 3838 Concupiscentiam
2453 3809 2468 3833 ,
2501 3781 2675 3835 neque
2705 3765 2862 3818 aliam
2895 3763 3136 3832 quamvis
3164 3778 3415 3818 causam:
3451 3764 3537 3817 hic

1948 3880 2076 3919 vero
2097 3878 2216 3918 cum
2242 3860 2434 3915 famem
2457 3858 2671 3928 objecit,
2696 3856 2840 3910 omni
2865 3855 2982 3909 illos
3012 3855 3239 3909 crimine
3264 3856 3527 3909 liberavit.

1950 3956 2029 4011 Tu
2064 3969 2190 4009 vero
2235 3951 2364 4006 mihi
2396 3952 2480 4005 hic
2526 3947 2815 4017 discipulos
2866 3948 3084 4010 mirare,
3119 3946 3197 4000 sic
3234 3957 3454 4016 egentes
3481 3956 3536 4001 et

1951 4048 2148 4102 nullam
2173 4057 2549 4113 corporearum
2589 4055 2767 4095 rerum
2798 4053 2978 4092 curam
3012 4036 3306 4104 habentes;
3336 4039 3427 4092 sed
3461 4040 3533 4094 ita

1951 4137 2310 4208 perfunctorie
2337 4147 2572 4188 mensam
2595 4138 2935 4200 apparentes,
2965 4137 3021 4182 ut
3046 4127 3186 4183 fame
3213 4128 3526 4200 plerumque

1952 4235 2326 4298 premerentur
2346 4267 2360 4292 ,
2403 4239 2502 4278 nec
2530 4233 2705 4277 tamen
2737 4221 2815 4276 sic
2852 4220 3210 4275 discederent.
3242 4219 3353 4275 Nisi
3381 4223 3523 4275 enim

1953 4319 2122 4373 fames
2159 4318 2278 4372 illos
2307 4315 2593 4370 admodum
2642 4312 2954 4377 invasisset,
2989 4326 3093 4364 non
3132 4311 3179 4366 id
3227 4314 3409 4381 utique
3439 4314 3520 4364 fa-

1952 4411 2085 4466 cturi
2114 4417 2285 4464 erant.
2318 4405 2452 4474 Quid
2484 4405 2640 4473 igitur
2675 4401 2973 4456 Pharisaei?
3005 4400 3062 4455 Id
3100 4399 3334 4454 Videntes
3379 4401 3529 4454 dixe-

1952 4512 2067 4557 runt
2097 4503 2143 4554 ei
2181 4517 2199 4557 .°
2251 4499 2380 4553 Ecce
2421 4497 2659 4567 discipuli
2687 4495 2757 4549 tui
2790 4496 2983 4566 faciunt
3024 4494 3158 4562 quod
3187 4511 3288 4547 non
3315 4495 3427 4548 licet
3453 4498 3538 4564 fa-

1953 4611 2062 4649 cere
2083 4595 2132 4648 in
2173 4592 2398 4647 sabbato.
2431 4589 2526 4644 llic
2551 4603 2710 4658 porro
2740 4603 2843 4642 non
2873 4585 3160 4640 admodum
3187 4585 3538 4641 vehementes

1953 4689 2096 4741 sunt,
2129 4679 2228 4733 etsi
2257 4676 2306 4730 id
2336 4689 2421 4730 res
2448 4675 2667 4743 exigere
2693 4672 3004 4734 videretur;
3035 4679 3270 4723 attamen
3316 4683 3420 4723 non
3443 4670 3536 4722 ad-

1955 4771 2170 4825 modum
2202 4768 2402 4822 incensi
2430 4775 2574 4830 sunt,
2605 4763 2699 4818 sed
2737 4761 3056 4830 simpliciter
3089 4769 3365 4816 accusant.
3396 4761 3527 4814 Cum

1955 4872 2131 4917 autem
2181 4875 2397 4916 manum
2425 4857 2628 4912 aridam
2675 4853 2918 4909 extendit
2956 4861 3010 4908 et
3033 4852 3240 4906 sanavit
3265 4891 3282 4918 ,
3311 4859 3435 4906 tunc
3465 4851 3536 4905 ita

1955 4956 2159 5011 efferati
2197 4961 2339 5014 sunt,
2372 4961 2427 5004 ut
2457 4949 2618 5003 etiam
2647 4947 2714 5000 de
2742 4961 2874 5000 nece
2900 4945 3001 5014 ipsi
3034 4943 3307 4999 inferenda
3333 4944 3538 4999 delibe-

1955 5056 2154 5102 rarent.
2187 5043 2287 5100 Ubi
2309 5040 2452 5095 enim
2477 5039 2608 5094 nihil
2633 5038 2825 5092 mirum
2852 5037 3045 5108 agitur,
3074 5037 3364 5107 quietiores
3383 5046 3536 5096 sunt:

1955 5141 2043 5196 ubi
2065 5152 2190 5193 vero
2211 5135 2469 5207 quosdam
2489 5133 2671 5188 vident
2698 5133 2888 5187 morbo
2913 5132 3136 5198 levatos,
3164 5132 3430 5187 ferociunt
3455 5140 3534 5182 at-

1955 5245 2059 5301 que
2090 5227 2390 5291 turbantur,
2407 5223 2754 5292 omniumque
2770 5221 3310 5278 suntmolestissimi:
3341 5221 3410 5271 ita
3439 5217 3534 5270 huc

1955 5321 2156 5375 miuum
2184 5315 2338 5372 saluti
2363 5313 2617 5370 invident.
2640 5313 2757 5380 Quo
2780 5323 2934 5383 pacto
2951 5321 3128 5366 autem
3149 5310 3302 5365 Jesus
3325 5307 3536 5360 illorum

1956 5411 2322 5467 defensionem
2373 5405 2626 5475 suscipit?
2657 5403 2780 5458 Non
2822 5405 3048 5474 legistis,
3078 5401 3184 5466 ait,
3212 5398 3336 5469 quid
3365 5396 3537 5466 fecerit

1955 5500 2125 5556 David
2154 5501 2206 5555 in
2233 5497 2418 5568 templo
2439 5539 2453 5564 ,
2499 5495 2703 5567 quando
2742 5495 2945 5549 esurivit
2988 5494 3097 5560 ipse
3125 5499 3172 5546 et
3217 5491 3300 5559 qui
3325 5505 3437 5542 cum
3475 5503 3533 5541 eo

1955 5592 2138 5648 erant?
2162 5589 2411 5664 quomodo
2429 5587 2688 5642 intraverit
2708 5587 2760 5639 in
2787 5585 2992 5638 domum
3015 5582 3129 5647 Dei,
3153 5590 3200 5634 et
3229 5595 3383 5649 panes
3412 5594 3532 5646 pro-

1956 5685 2214 5757 positionis
2227 5679 2521 5745 comederit,
2552 5693 2675 5748 quos
2690 5691 2786 5729 non
2813 5671 2992 5727 licebat
3016 5674 3058 5728 t-i
3079 5671 3355 5738 comedere,
3377 5685 3531 5739 neque
