4010 6128
423 231 526 282 455

425 345 485 395 iis
510 342 591 411 qui
617 356 726 393 cum
757 356 810 392 co
838 347 1002 400 erant,
1028 336 1125 390 nisi
1148 335 1267 389 solis
1293 333 1636 389 sacerdotibus
1656 328 1863 400 (LReg.
1881 326 2002 397 2|)?

429 436 558 489 Nam
610 450 730 488 cum
779 449 875 498 pro
916 431 1192 499 discipulis
1243 443 1458 483 causam
1486 426 1632 491 dicit,
1671 422 1923 477 Dav-idem
1957 421 2008 473 in

428 529 662 583 medium
701 525 956 590 adducit;
1020 521 1234 594 quando
1281 529 1461 575 autem
1507 532 1603 587 pro
1653 516 1864 584 seipso,
1920 511 2010 566 Pa-

431 632 565 674 trem
616 627 900 674 memorat.
951 618 1028 672 Ac
1054 614 1173 670 vide
1204 627 1362 683 quam
1405 611 1618 675 acriter,
1649 607 1769 661 Non
1799 605 2006 677 legistis,

431 713 620 783 inquit,
645 711 765 780 quid
791 708 961 780 fecerit
988 705 1190 760 David?
1219 705 1402 775 Magna
1424 703 1620 773 quippe
1644 711 1758 755 erat,
1784 698 2010 770 pl'Opile-

432 813 496 855 ta:
529 801 688 870 hujus
728 798 1084 861 existimatio;
1115 797 1186 851 ita
1217 805 1274 850 ut
1306 803 1490 865 postea
1515 793 1702 846 Petrus
1727 805 1848 843 cum
1872 787 2008 856 apud

428 892 642 946 ludat-os
669 905 789 945 sese
816 887 1161 951 defenderet,
1205 887 1272 939 ita
1301 886 1540 940 diceret:
1575 882 1714 936 Licet
1740 881 1807 932 ad
1837 896 1920 933 vos
1951 879 2014 931 li-

432 985 544 1036 bere
571 983 632 1035 de
662 980 950 1050 patriarcha
981 977 1145 1032 David
1187 979 1384 1040 dicere,
1432 975 1670 1045 quoniam
1715 972 1836 1026 obiit
1861 979 1906 1024 et
1931 987 2010 1023 se-

433 1077 606 1144 pultus
632 1084 701 1129 est
725 1076 742 1142 (
766 1075 876 1126 Act.
899 1075 953 1126 2.
986 1071 1053 1125 29
1076 1073 1114 1140 ).
1149 1072 1254 1126 Cur
1282 1079 1456 1124 autem
1485 1083 1605 1122 cum
1637 1066 1752 1134 ejus
1783 1063 2014 1118 mentio-

435 1185 554 1223 nem
588 1179 696 1222 tum
741 1168 825 1224 hic
857 1176 963 1220 tum
997 1173 1180 1236 postea
1224 1164 1386 1226 facit,
1420 1161 1730 1231 dignitatem
1761 1158 1877 1226 ejus
1907 1171 2012 1210 non

433 1262 856 1318 commemorat?
891 1260 1048 1313 Forte
1073 1259 1194 1327 quia
1239 1273 1306 1311 ex
1351 1256 1442 1309 illo
1481 1267 1650 1324 genus
1678 1249 1924 1305 ducebat.
1959 1248 2014 1302 Si

434 1355 533 1408 viri
565 1353 711 1422 probi
745 1351 1190 1421 indulgeutesque
1218 1347 1474 1410 fuissent,
1507 1343 1660 1397 famis
1687 1355 1900 1395 causam
1931 1339 2012 1392 in-

437 1448 698 1502 ducturus
728 1454 839 1498 erat
862 1462 875 1507 ;
901 1444 1019 1512 quia
1049 1456 1176 1496 vero
1207 1437 1419 1496 scelesti
1439 1434 1822 1502 inhumanique
1843 1437 2014 1496 erant,

438 1537 710 1592 historiam
755 1535 861 1589 illis
907 1533 1090 1587 refert.
1132 1530 1340 1584 Marcus
1385 1535 1561 1582 autem
1603 1525 1702 1580 sub
1732 1523 2019 1578 Abiathare

438 1627 714 1681 sacerdote
754 1625 804 1680 id
834 1624 1027 1678 factum
1059 1621 1223 1685 dicit,
1259 1635 1362 1673 non
1395 1616 1737 1686 repugnantia
1783 1613 2020 1670 historitc

439 1718 658 1781 dicens,
690 1715 783 1770 sed
829 1712 1116 1768 ostendens
1146 1712 1292 1764 illum
1337 1708 1662 1762 binominem
1695 1705 1893 1769 fuisse,
1923 1702 2020 1757 ad-

440 1811 619 1878 ditque
643 1809 815 1877 ipsum
839 1807 885 1862 ei
911 1821 1071 1874 panes
1099 1804 1310 1859 dedisse
1345 1802 1361 1872 (
1388 1801 1554 1854 Marc.
1581 1799 1635 1854 2.
1666 1798 1735 1853 26
1756 1799 1774 1868 )
1795 1839 1809 1862 ,
1839 1797 2021 1850 simul-

441 1917 546 1968 que
595 1914 840 1969 magnam
886 1896 1116 1951 alierens
1163 1893 1530 1963 purgationem
1554 1931 1570 1956 ,
1600 1889 1740 1960 quod
1771 1887 2022 1943 sacerdos

441 1992 490 2046 id
525 1991 884 2064 permisisset;
919 2003 1016 2043 nec
1043 1986 1203 2042 modo
1230 1984 1578 2054 permisisset,
1607 1981 1703 2037 sed
1729 1981 1886 2035 etiam
1918 1980 2022 2033 mi-

440 2084 737 2138 nistrasset.
769 2081 882 2136 Nec
933 2078 1061 2134 mihi
1093 2077 1238 2132 dicas
1260 2119 1274 2141 ,
1310 2075 1564 2130 Davidem
1597 2073 1759 2126 fuisse
1790 2069 2022 2140 prophe-

443 2187 546 2230 tam
571 2192 582 2228 :
613 2189 732 2228 nam
758 2188 927 2242 neque
949 2172 1025 2226 sic
1047 2169 1259 2233 licebat,
1283 2166 1374 2222 sed
1399 2179 1564 2234 penes
1584 2162 1890 2218 sacerdotes
1913 2160 2025 2213 lucc

440 2265 791 2337 praerogativa
818 2273 932 2317 erat
963 2281 974 2317 :
1004 2261 1202 2316 idcirco
1232 2257 1473 2321 addidit,
1507 2255 1626 2310 Nisi
1653 2255 1774 2308 solis
1794 2251 2027 2308 saccrtlo~

441 2357 592 2410 tibus.
613 2354 833 2408 Etiamsi
855 2353 995 2408 enim
1021 2350 1277 2420 propheta
1296 2355 1462 2414 esset,
1484 2362 1587 2401 non
1609 2343 1858 2400 sacerdos
1880 2352 2023 2406 erat;

443 2447 551 2502 imo
569 2445 776 2502 etiamsi
796 2444 1052 2514 prepheta
1072 2452 1231 2506 esset,
1255 2449 1308 2494 at
1323 2455 1430 2493 non
1447 2439 1482 2492 ii
1499 2437 1587 2507 qui
1607 2452 1726 2490 cum
1747 2435 1836 2488 illo
1853 2442 2024 2500 erant;

445 2554 566 2592 nam
593 2545 645 2592 et
669 2536 770 2591 illis
792 2549 1003 2604 quoque
1028 2547 1216 2602 panem
1239 2530 1404 2590 dedit.
1434 2528 1570 2594 Quid
1593 2527 1771 2596 igitur,
1799 2526 2025 2594 inquies,

444 2645 668 2702 paresne
698 2637 848 2683 erant
877 2628 948 2681 illi
984 2625 1210 2680 Davidi?
1238 2622 1375 2691 Quid
1405 2621 1536 2676 mihi
1568 2619 1879 2688 dignitatem
1913 2633 2028 2672 nte-

443 2736 641 2785 moras,
671 2720 758 2776 ubi
789 2719 919 2790 legis
947 2717 1300 2786 transgressio
1326 2729 1444 2770 esse
1474 2720 1711 2782 putatur,
1741 2719 1794 2764 et
1817 2720 2031 2765 natura-

445 2813 510 2865 lis
538 2812 698 2865 instat
720 2810 1009 2864 necessitas
1041 2809 1055 2837 ยน
1079 2810 1102 2858 'l
1130 2805 1341 2860 Etenim
1366 2804 1464 2858 hac
1489 2803 1693 2859 ratione
1719 2802 1887 2871 magis
1910 2801 2032 2856 illos

443 2920 473 2958 a
501 2904 721 2958 crimine
747 2909 968 2972 purgat,
998 2914 1118 2954 cum
1143 2899 1186 2953 is
1207 2897 1296 2969 qui
1321 2897 1490 2966 major
1519 2904 1602 2951 est
1622 2895 1852 2965 idipsum
1885 2893 2028 2948 fecit.

513 2999 567 3050 2.
602 2997 667 3050 Et
687 2994 813 3065 quid
840 2994 961 3058 hoc,
997 2992 1224 3062 inquies,
1254 2990 1322 3044 ad
1349 2988 1738 3059 qurestionem?
1763 3003 1864 3040 non
1891 2987 2030 3040 enim

447 3089 536 3143 ille
561 3088 836 3142 sabbatum
868 3095 1229 3153 transgressus
1258 3091 1360 3136 est.
1394 3081 1560 3149 Majas
1587 3088 1732 3135 certe
1763 3079 2030 3148 quidpiam

445 3178 578 3233 dicis
602 3219 616 3241 ,
650 3176 791 3247 quod
819 3175 1017 3229 Christi
1045 3174 1357 3242 sapientiam
1389 3171 1740 3236 demonstrat,
1771 3170 1892 3238 quia
1922 3168 2030 3234 ille,

448 3271 612 3324 misso
641 3268 882 3330 sabbato,
911 3265 1052 3320 aliud
1076 3265 1380 3333 exemplum
1411 3262 1565 3317 affert
1591 3261 1810 3316 sabbato
1839 3260 2032 3327 majus.

450 3361 565 3416 Non
593 3360 735 3415 enim
761 3359 964 3429 :equale
989 3365 1123 3421 erat,
1150 3356 1292 3411 diem
1321 3355 1464 3408 illam
1491 3355 1712 3419 violare,
1745 3361 1799 3407 et
1825 3367 2032 3406 sacram

455 3453 598 3506 illam
631 3466 870 3506 mensam
898 3450 1181 3518 attingere,
1201 3462 1358 3517 quam
1389 3446 1536 3500 adire
1568 3445 1764 3500 nemini
1794 3445 1870 3497 fas
1897 3451 2030 3498 erat.

453 3543 586 3598 Nam
617 3543 893 3599 sabbatum
926 3556 1069 3608 smpe
1098 3539 1328 3593 solutum
1361 3537 1475 3603 fuit,
1502 3538 1608 3590 imo
1640 3552 1852 3605 semper
1881 3535 2040 3588 solvi-

453 3644 560 3698 tur,
591 3643 648 3686 et
677 3634 726 3688 in
759 3630 1186 3695 circumcisione,
1217 3637 1270 3682 ct
1295 3629 1347 3681 in
1374 3629 1490 3681 aliis
1519 3627 1760 3696 plurimis
1789 3627 2039 3696 operibus

455 3723 655 3793 (Nam.
687 3723 775 3779 28.
808 3723 879 3792 9)
913 3742 926 3777 :
967 3731 1020 3776 et
1049 3721 1101 3775 in
1127 3720 1339 3775 Jericho
1369 3719 1597 3788 idipsum
1629 3719 1824 3772 factum
1859 3718 2040 3772 videre

454 3827 535 3874 est
561 3816 752 3883 (Josue
802 3815 857 3870 6.
887 3815 957 3886 4)
983 3831 997 3867 :
1031 3814 1132 3868 hoc
1155 3822 1332 3867 autem
1361 3823 1485 3867 tunc
1513 3814 1682 3866 solum
1713 3811 1907 3866 factum
1934 3819 2036 3866 est.

454 3911 631 3977 Quare
656 3924 687 3964 a
719 3908 905 3978 majori
935 3906 1181 3974 exemplo
1211 3919 1297 3959 res
1328 3905 1608 3959 evincitur.
1642 3903 1753 3958 Cur
1783 3918 1910 3972 ergo
1942 3917 2038 3957 ฯฮนฮธฮฑ

458 4020 546 4058 mo
579 4003 832 4058 Davidem
858 4001 1130 4057 accusavit
1149 4043 1163 4066 ,
1192 4000 1398 4054 etiamsi
1431 4001 1530 4053 alia
1562 3999 1733 4068 major
1757 3997 2042 4053 accusandi

457 4096 676 4150 materia
721 4094 966 4160 adesset,
999 4094 1067 4148 ob
1114 4091 1448 4147 sacerdotum
1483 4090 1683 4145 crcdem
1709 4132 1722 4152 ,
1775 4104 1895 4159 quae
1921 4088 2044 4143 inde

457 4187 734 4244 exordium
765 4187 1033 4240 duxerat?
1077 4185 1274 4239 Verum
1305 4183 1432 4238 illud
1476 4199 1581 4236 non
1624 4190 1888 4237 memorat
1916 4181 2003 4236 ille
2026 4221 2042 4247 ,

459 4280 556 4336 sed
577 4280 628 4333 in
652 4294 712 4334 re
733 4279 1002 4347 proposita
1028 4277 1290 4332 consistit.
1321 4275 1525 4330 Deinde
1548 4283 1723 4328 autem
1752 4275 1858 4327 alio
1887 4273 2046 4326 modo

460 4371 884 4427 criminationem
935 4369 1110 4422 solvit.
1146 4366 1300 4419 Initio
1339 4366 1536 4434 quippe
1568 4363 1817 4418 Davidem
1851 4363 1902 4416 in
1934 4377 2048 4417 mc-

461 4463 606 4519 dium
631 4462 870 4526 adduxit,
900 4460 1014 4529 ejus
1042 4473 1284 4529 personae
1311 4458 1566 4526 dignitate
1595 4457 1951 4526 arrogantiam
1983 4456 2048 4508 il-

460 4556 638 4610 lorum
663 4553 1000 4624 reprimens;
1028 4561 1307 4621 postquam
1334 4558 1510 4602 autem
1541 4549 1661 4601 illos
1693 4557 2044 4617 represserat,

463 4648 877 4716 superbiamque
922 4645 1136 4698 illorum
1178 4649 1521 4706 coercuerat,
1566 4649 1691 4694 tunc
1720 4639 1885 4708 magis
1929 4639 2044 4693 ido-

465 4754 618 4793 neam
661 4739 814 4795 affert
861 4737 1203 4792 solutionem.
1232 4733 1488 4801 Quaenam
1521 4733 1608 4787 illa
1651 4733 1802 4786 erat?
1832 4733 1884 4786 5.
1936 4731 2046 4784 Nc-

467 4832 603 4885 scitis
620 4833 859 4899 quoniam
881 4831 931 4883 in
959 4829 1144 4898 templo
1173 4826 1458 4881 sacerdotes
1483 4824 1743 4878 sabbatum
1771 4824 1979 4887 violant,
2003 4832 2050 4875 et

466 4922 575 4973 sine
615 4921 822 4973 crimine
847 4921 1002 4974 sunt?
1044 4920 1155 4974 Illic
1179 4962 1193 4986 ,
1228 4918 1435 4987 inquit,
1469 4916 1681 4970 occasio
1708 4930 1820 4970 rem
1851 4914 2004 4968 solvit
2033 4932 2047 4981 ;

471 5011 556 5066 hic
579 5025 708 5064 vero
732 5011 882 5064 adest
901 5013 1015 5066 sine
1044 5012 1325 5066 occasione
1353 5009 1570 5066 solutio.
1599 5008 1703 5063 Sed
1733 5023 1836 5061 non
1869 5008 2049 5062 statim

469 5114 536 5158 tta
569 5101 764 5167 solvit;
794 5116 978 5154 verum
1007 5105 1178 5171 primo
1206 5103 1356 5172 quasi
1386 5117 1501 5156 rem
1529 5101 1681 5155 venia
1711 5100 1923 5170 dignam
1957 5116 2052 5168 po-

467 5201 581 5266 nit,
626 5207 809 5268 postea
857 5211 987 5251 vero
1034 5196 1220 5250 fortius
1268 5197 1448 5251 instat.
1493 5195 1624 5249 Nam
1652 5195 1795 5265 quod
1827 5194 2053 5248 validius

466 5303 598 5358 erat,
631 5300 904 5362 postremo
932 5288 1261 5343 afferendum
1293 5289 1406 5354 fuit,
1440 5289 1648 5342 etiamsi
1680 5287 1731 5342 id
1760 5286 1900 5356 quod
1943 5287 2052 5357 pri-

468 5400 614 5438 mum
643 5384 864 5439 allatum
894 5391 1006 5446 est,
1041 5381 1146 5434 vim
1177 5393 1325 5432 suam
1371 5379 1610 5433 haberet.
1641 5377 1718 5432 Ne
1749 5378 1877 5432 mihi
1909 5377 2050 5432 enim

468 5474 648 5540 dicas,
697 5475 747 5528 id
798 5491 904 5530 non
948 5488 1067 5530 esse
1109 5487 1138 5526 a
1165 5470 1387 5526 crimine
1419 5468 1678 5539 liberari,
1706 5483 1802 5541 par
1833 5468 2053 5525 alterius

535 5653 550 5682 ฮน
565 5648 932 5715 Lege,qttamvis
956 5651 1191 5703 naturalis
1209 5651 1348 5703 instet
1372 5647 1643 5702 necessitas.

1143 220 1197 276 S.
1237 217 1514 274 JOANNIS
1563 209 2038 270 CIIRYSOSTOMl
2091 209 2406 265 ARCHIEP.
2449 211 2981 268 CONSTANTINOP.

3607 212 3729 269 455

2117 328 2318 381 crimen
2353 329 2403 380 in
2436 327 2668 383 medium
2713 327 2922 382 alTerre.
2967 325 3097 381 Nam
3127 326 3338 396 quando
3367 328 3411 381 is
3441 330 3529 398 qui
3586 329 3724 385 fecit

2118 433 2220 472 non
2252 428 2560 484 accusatur,
2595 427 2718 474 tunc
2747 419 2798 472 id
2830 419 2879 472 in
2925 417 3289 473 defensionem
3322 421 3570 488 usurpari
3611 437 3723 491 po-

2117 517 2238 564 test.
2271 510 2466 565 V'erum
2499 512 2588 564 illo
2619 527 2722 565 non
2755 519 3036 565 contentus
3067 509 3202 575 fuit,
3236 511 3330 564 sed
3362 512 3505 580 quod
3537 515 3727 583 magis

2116 611 2530 657 consentaneum
2575 609 2657 656 est
2699 600 2852 654 a๏ฌ'ert
2875 641 2891 667 ,
2924 599 3107 654 dicens
3140 598 3193 654 id
3221 600 3362 669 quod
3397 602 3597 656 factum
3635 612 3731 656 est

2118 707 2222 746 non
2247 706 2363 747 eSSe
2383 702 2658 763 peccatum
2683 709 2696 744 :
2727 691 2866 761 quod
2896 691 3200 759 conspicua:
3227 691 3465 746 victoria:
3493 691 3725 761 signum

2117 792 2232 838 erat
2255 824 2270 849 ,
2300 798 2421 838 cum
2465 783 2767 838 ostenderet
2799 798 2856 837 se
2902 782 3072 852 legem
3103 781 3325 837 solvisse
3349 823 3362 847 ,
3398 783 3506 836 imo
3539 782 3597 836 id
3637 783 3732 838 bis

2120 879 2309 933 fecisse
2334 920 2348 943 ,
2382 887 2491 932 tum
2531 893 2559 931 a
2606 878 2722 932 loco
2746 920 2760 942 ,
2794 885 2906 931 tum
2938 891 2966 929 a
2996 876 3260 942 sabbato;
3303 877 3429 945 quin
3461 876 3634 930 etiam
3667 886 3731 930 et

2123 981 2203 1027 ter
2229 972 2414 1026 fecisse
2437 1014 2450 1038 ,
2484 971 2624 1041 quod
2656 972 2850 1040 duplex
2880 984 3013 1040 opus
3041 971 3235 1024 factum
3265 979 3443 1034 esset,
3479 979 3535 1025 ct
3562 969 3727 1024 aliud

2120 1081 2186 1120 ex
2211 1065 2579 1120 sacerdotibus
2603 1065 2967 1134 subjunxisset
2991 1082 3003 1117 :
3029 1062 3278 1134 quodque
3301 1063 3471 1132 majus
3494 1075 3599 1130 cst,
3629 1080 3730 1120 ne-

2121 1174 2224 1228 que
2263 1160 2464 1214 crimen
2496 1159 2620 1213 illud
2661 1174 2797 1224 esse.
2845 1157 2977 1212 Nam
3018 1158 3124 1221 ait,
3160 1157 3284 1212 Sine
3327 1159 3533 1213 crimine
3568 1171 3724 1213 sunt.

2126 1250 2309 1305 Videnโ
2340 1259 2536 1318 quanta
2568 1251 2782 1319 posuit?
2813 1249 3011 1305 Locum
3049 1261 3064 1299 :
3090 1265 3241 1315 nam,
3276 1248 3342 1302 In
3375 1249 3560 1315 templo
3588 1294 3603 1316 ,
3640 1252 3730 1306 in-

2123 1345 2273 1413 quit,
2317 1342 2511 1398 factum
2560 1352 2680 1407 est;
2729 1356 3050 1410 personam:
3094 1355 3320 1411 nempe,
3357 1341 3722 1406 Sacerdotes;

2127 1445 2366 1505 tempus:
2393 1451 2535 1499 nam,
2563 1435 2837 1490 Sabbalum
2862 1443 3009 1499 erat;
3037 1449 3150 1488 rem
3179 1435 3375 1504 ipsam:
3402 1451 3524 1488 nam
3547 1477 3560 1499 ,
3597 1434 3729 1488 Vio-

2127 1529 2268 1590 laut,
2303 1529 2508 1597 inquit:
2544 1543 2718 1596 neque
2761 1528 2902 1581 enim
2953 1527 3118 1595 dixit,
3147 1527 3406 1594 Solvunt;
3436 1529 3530 1582 scd
3570 1531 3726 1600 quod

2126 1622 2338 1690 gravius
2382 1628 2496 1684 est,
2554 1619 2804 1673 Violant:
2851 1619 2989 1688 quod
3041 1635 3144 1672 non
3193 1619 3350 1674 modo
3390 1635 3574 1689 poenas
3613 1638 3726 1675 non

2129 1714 2285 1776 dent,
2331 1713 2424 1767 sed
2465 1711 2604 1782 quod
2645 1712 2867 1766 crimine
2915 1711 3246 1777 liberentur;
3280 1726 3399 1764 nam
3431 1711 3546 1776 ait,
3595 1711 3730 1765 Sine

2130 1807 2338 1858 crimine
2377 1814 2510 1858 sunt.
2555 1804 2609 1859 ld
2652 1819 2776 1858 vero
2819 1819 2883 1859 ne
2925 1805 3120 1873 putetis
3157 1804 3332 1858 simile
3368 1805 3534 1874 priori
3573 1820 3723 1859 esse.

2130 1897 2259 1950 Nam
2289 1897 2414 1950 illud
2447 1897 2610 1950 semel
2639 1894 2836 1950 factum
2863 1903 2946 1950 est
2969 1937 2984 1963 ,
3017 1909 3118 1950 nec
3144 1910 3174 1948 a
3203 1894 3572 1950 sacerdotibus
3594 1936 3611 1959 ,
3645 1905 3729 1949 at-

2131 2003 2233 2056 que
2262 2003 2324 2041 ex
2355 1989 2672 2041 necessitate
2699 2003 2711 2050 ;
2756 1986 2876 2040 ideo
2905 1985 3059 2040 venia
3086 1985 3230 2055 digni
3255 1993 3410 2040 erant
3440 2003 3453 2038 :
3491 1985 3595 2040 hoc
3624 2001 3725 2040 au-

2133 2090 2237 2134 tem
2269 2080 2491 2149 singulis
2522 2079 2756 2134 sabbatis
2782 2119 2794 2142 ,
2824 2094 2853 2131 a
2881 2076 3279 2141 sacerdotibus,
3312 2077 3364 2130 in
3399 2077 3602 2146 templo
3627 2118 3641 2140 ,
3670 2087 3729 2130 et

2133 2172 2422 2227 secundum
2452 2171 2645 2240 legem.
2673 2169 3009 2239 Quapropter
3037 2185 3141 2222 non
3194 2167 3354 2222 modo
3381 2169 3535 2222 venia
3575 2168 3728 2237 digni

2133 2273 2291 2328 sunt,
2322 2263 2417 2318 sed
2442 2264 2600 2318 etiam
2631 2251 2924 2316 secundum
2953 2262 3120 2332 legem
3149 2262 3301 2331 culpa
3333 2262 3503 2315 vacui.
3535 2261 3726 2332 Neque

2134 2355 2277 2409 enim
2317 2352 2650 2409 criminando
2679 2353 2796 2406 hazc
2824 2352 2932 2406 dixi
2959 2394 2972 2418 ,
3017 2352 3224 2422 inquit,
3265 2367 3439 2420 neque
3466 2367 3531 2405 ex
3570 2355 3730 2406 venia

2136 2451 2307 2503 solum
2337 2449 2489 2518 culpa
2523 2447 2720 2502 liberos
2751 2454 2925 2500 statuo
2945 2487 2959 2511 ,
2990 2444 3083 2500 sed
3117 2461 3181 2499 ex
3215 2445 3436 2515 justitiac
3468 2445 3604 2515 lege.
3639 2445 3734 2499 Vโi-

2136 2543 2399 2610 deturque
2427 2541 2548 2595 illos
2578 2538 2895 2602 defendere,
2926 2539 3024 2593 bos
3051 2547 3228 2592 autem
3259 2539 3481 2592 crimine
3512 2539 3730 2592 liberat.

2137 2635 2268 2690 Cum
2299 2635 2440 2689 enim
2467 2635 2556 2698 ait,
2590 2633 2713 2688 Sine
2742 2633 2949 2685 crimine
2977 2640 3094 2685 sunt
3118 2648 3134 2684 :
3165 2638 3219 2684 at
3248 2631 3298 2684 hi
3331 2632 3500 2684 multo
3523 2631 3720 2701 magis,

2139 2727 2328 2794 inquit.
2362 2723 2468 2779 Sed
2491 2739 2596 2778 non
2619 2732 2743 2778 sunt
2764 2721 3095 2777 sacerdotes.
3123 2724 3191 2775 At
3217 2722 3587 2776 sacerdotibus
3617 2738 3734 2776 ma-

2134 2815 2281 2884 jores
2313 2833 2324 2868 :
2355 2815 2468 2884 ipse
2496 2828 2724 2883 namque
2754 2813 2934 2881 templi
2968 2812 3218 2866 Dominus
3250 2811 3335 2865 hic
3356 2811 3510 2866 ade-st
3535 2826 3549 2878 ;
3579 2813 3729 2867 veri-

2143 2915 2220 2960 tas
2244 2948 2259 2972 ,
2293 2921 2396 2960 non
2427 2905 2594 2976 ๏ฌgura
2621 2922 2633 2960 :
2679 2904 2797 2958 ideo
2835 2904 3046 2959 dicebat
3068 2945 3082 2969 ,
3117 2904 3168 2958 6.
3201 2902 3327 2956 Dico
3358 2915 3523 2957 autem
3550 2907 3691 2958 vobis
3712 2947 3729 2971 ,

2139 2998 2256 3066 quia
2276 2997 2461 3066 lentplo
2482 3000 2648 3066 major
2669 3005 2739 3050 est
2763 2997 2860 3049 ltic.
2888 2996 3134 3049 Attamen
3158 3009 3278 3050 cum
3305 2994 3428 3048 talia
3454 2995 3728 3061 audirent,

2141 3090 2273 3144 nihil
2301 3089 2588 3144 dixerunt:
2624 3087 2745 3157 quia
2770 3086 2964 3141 nonde
2993 3087 3164 3140 Salute
3190 3085 3418 3140 hominis
3447 3085 3729 3155 agebatur.

2144 3181 2345 3236 Deinde
2366 3181 2486 3250 quia
2511 3179 2562 3232 id
2585 3178 2926 3235 audientibus
2952 3193 3113 3248 grave
3138 3177 3416 3232 videbatur
3448 3192 3585 3244 esse,
3620 3177 3733 3232 cito

2143 3272 2268 3326 illud
2298 3270 2615 3336 occultavit,
2648 3285 2831 3323 rursus
2869 3267 2936 3322 ad
2969 3268 3176 3322 veniam
3207 3282 3510 3322 sermonem
3539 3282 3724 3336 agens,

2145 3379 2243 3418 nec
2269 3364 2384 3417 sine
2411 3361 2774 3432 increpatione
2801 3361 2879 3416 sic
2908 3360 3092 3414 dicens
3122 3378 3134 3414 :
3169 3360 3220 3413 7.
3254 3358 3315 3414 Si
3345 3369 3510 3412 autent
3538 3361 3732 3413 sciretis

2147 3455 2270 3525 quid
2307 3463 2401 3520 est,
2437 3453 2841 3506 Misericordiam
2870 3453 2980 3505 volo
3001 3493 3015 3519 ,
3047 3461 3094 3505 et
3122 3467 3219 3504 non
3253 3452 3558 3519 sacri๏ฌcium
3579 3494 3593 3515 ,
3627 3468 3730 3504 non

2145 3547 2566 3601 condcmnassetis
2589 3546 2876 3599 innocentes
2901 3543 2920 3614 (
2945 3542 3073 3597 Osee
3097 3543 3147 3598 6.
3175 3542 3265 3613 6).
3297 3541 3480 3596 Vidcuโ
3507 3558 3731 3612 quomo-

2145 3638 2214 3693 do
2245 3653 2427 3694 rursus
2457 3651 2759 3693 sermonem
2790 3636 2857 3690 ad
2888 3635 3093 3690 veniam
3123 3646 3245 3704 agat
3270 3678 3284 3702 ,
3317 3645 3369 3689 et
3397 3651 3609 3690 rursum
3640 3651 3730 3689 ve-

2147 3731 2232 3784 nia
2275 3729 2576 3799 superiores
2615 3729 2632 3760 ยน
2768 3726 3051 3782 ostendat?
3103 3727 3224 3780 Non
3266 3727 3688 3782 condemnassctis
3713 3770 3729 3794 ,

2148 3822 2354 3892 inquit,
2395 3823 2701 3875 innocentes.
2744 3820 2896 3875 Prius
2935 3818 3271 3874 sacerdotum
3312 3821 3613 3890 exemplum
3646 3832 3728 3875 at-

2151 3915 2268 3970 tulit
2294 3957 2307 3982 ,
2340 3914 2527 3970 dicens
2555 3913 2866 3967 innocentes
2896 3911 3017 3966 illos
3044 3925 3164 3965 esse
3192 3928 3206 3964 :
3251 3911 3352 3965 hoc
3379 3920 3557 3965 autem
3587 3928 3616 3964 a
3649 3927 3729 3964 se-

2149 4005 2378 4074 metipso
2403 4004 2584 4074 ponit;
2615 4004 2723 4056 imo
2750 4018 2876 4057 vero
2902 4012 2956 4057 et
2982 4002 3082 4055 hoc
3108 4017 3135 4055 a
3168 4002 3286 4071 lege
3310 4019 3323 4055 :
3359 4001 3727 4071 propheticum

2151 4097 2292 4150 enim
2317 4095 2517 4149 dictum
2558 4094 2818 4149 recitavit.

2187 4220 2201 4237 ฮฟ
2220 4189 2274 4243 '5.
2303 4186 2510 4242 Sabbali
2524 4187 2574 4239 in
2600 4186 2749 4239 veteri
2771 4185 2876 4254 lege
2898 4183 3107 4248 utilitas,
3128 4183 3375 4236 inutilitas
3394 4184 3444 4236 in
3468 4200 3595 4236 nova
3608 4201 3732 4253 apro-

2156 4279 2618 4334 batur.โDemum
2667 4278 2821 4331 aliam
2863 4276 3015 4330 affert
3042 4291 3256 4330 causam
3285 4276 3466 4331 dicens
3502 4295 3514 4329 :
3551 4277 3601 4332 8.
3627 4277 3732 4329 Do-

2154 4375 2319 4426 minus
2344 4373 2474 4426 enim
2500 4380 2572 4425 est
2621 4370 2831 4424 Sabbati
2873 4370 3036 4423 Filius
3067 4369 3285 4423 hominis
3305 4411 3319 4436 ,
3349 4369 3416 4422 de
3453 4371 3629 4437 scipso
3659 4370 3734 4422 ฮนฮฟ.

2153 4477 2341 4534 quens.
2391 4462 2598 4516 Marcus
2657 4476 2784 4514 vero
2832 4459 2979 4513 illum
3027 4459 3093 4513 de
3121 4460 3390 4514 communi
3445 4472 3630 4513 natura
3683 4461 3732 4513 id

2153 4556 2352 4609 dixisse
2382 4554 2582 4608 rcl'crt:
2619 4552 2896 4606 Sabbatunt
2922 4593 2935 4617 ,
2982 4551 3182 4620 inqttit,
3223 4563 3429 4621 propter
3486 4552 3735 4607 hominem

2157 4647 2345 4716 fectant
2369 4653 2478 4711 est,
2510 4660 2610 4696 non
2639 4651 2804 4696 autem
2833 4643 2980 4694 homo
3009 4650 3215 4711 propter
3239 4641 3503 4694 sabbatum
3537 4641 3723 4711 (Marc.

2157 4738 2211 4791 9..
2243 4736 2355 4807 27).
2399 4735 2504 4790 Cur
2527 4750 2653 4805 ergo
2681 4735 2998 4804 supplicium
3031 4733 3129 4787 lnit
3171 4733 3261 4788 ille
3287 4734 3376 4803 qui
3408 4734 3550 4803 ligna
3587 4733 3734 4787 colli-

2161 4832 2319 4903 gebat
2350 4829 2536 4902 (Nam.
2565 4829 2648 4883 15.
2685 4829 2770 4882 55.
2803 4828 2959 4901 sqq.)?
2976 4827 3106 4894 Quia
3157 4825 3200 4879 si
3232 4826 3381 4879 initio
3427 4825 3572 4894 leges
3615 4841 3734 4878 cou-

2163 4933 2375 4996 tempta:
2406 4923 2647 4986 fuissent,
2677 4920 2763 4973 vix
2790 4929 2971 4989 postea
2993 4918 3267 4974 servanda:
3286 4926 3456 4972 erant.
3477 4917 3608 4972 Nam
3642 4918 3734 4970 iniยซ

2160 5018 2231 5071 tio
2260 5016 2536 5071 sabbatum
2569 5014 2619 5067 in
2648 5012 2826 5066 multis
2853 5011 3209 5082 gravibusque
3241 5011 3399 5065 rebus
3426 5010 3553 5064 utile
3589 5017 3700 5064 erat
3719 5053 3731 5062 .

2157 5107 2384 5176 exetnpli
2419 5120 2574 5159 causa
2596 5145 2610 5170 ,
2640 5103 2691 5158 id
2717 5101 2984 5157 efficiebat
3011 5111 3066 5155 ut
3097 5102 3253 5156 mites
3297 5100 3622 5170 humanique
3651 5117 3736 5156 es-

2158 5207 2278 5252 sent
2309 5211 2430 5251 cum
2458 5195 2802 5265 propinquis;
2841 5192 3066 5247 docebat
3104 5206 3198 5249 eos
3226 5192 3318 5246 Dei
3357 5191 3736 5261 providentiam

2159 5301 2213 5346 et
2241 5291 2560 5345 creationem
2592 5307 2603 5342 :
2637 5288 2776 5359 quod
2806 5289 2880 5342 ait
2908 5287 3154 5343 Ezechiel
3185 5304 3197 5340 :
3229 5287 3468 5342 Erudivit
3488 5302 3584 5342 eos
3615 5304 3737 5358 pau-

2160 5383 2341 5448 latim,
2373 5391 2431 5437 ut
2471 5383 2844 5437 abstinerenta
2890 5381 3161 5450 nequitia,
3193 5390 3246 5435 et
3294 5390 3348 5434 ut
3379 5381 3735 5449 spiritualibus

2161 5475 2528 5532 incumberent
2557 5475 2768 5530 (Ezeclt.
2795 5472 2908 5546 20).
2942 5474 3072 5530 Nam
3117 5475 3159 5530 si
3185 5489 3306 5527 cum
3338 5473 3509 5544 legem
3542 5473 3738 5530 sabbati

2193 5646 2264 5710 (ฮฑ)
2282 5647 2336 5700 Id
2357 5641 2449 5714 cst,
2475 5649 2627 5714 potius
2648 5647 2792 5699 laude
2815 5660 2958 5712 quant
2978 5647 3112 5698 venia
3137 5644 3322 5708 dignos.
