4010 6128
255 227 362 288 ,35

252 342 415 408 αὐτῷ
435 339 666 413 φαγεῖν,
689 339 832 396 οὐδὲ
857 339 980 407 τοῖς
994 341 1120 410 μετ’
1139 336 1347 400 αὑτοῦ,
1377 340 1430 391 εἱ
1453 337 1540 406 μὴ
1566 339 1779 406 μόνοις
1797 339 1922 405 τοῖς

249 426 549 496 ἱερεῦσιν-ς
579 426 749 480 Ὅταν
787 426 884 495 μὲν
911 424 1019 495 γάρ
1047 424 1186 493 ὑπὲρ
1218 421 1326 474 τῶν
1361 421 1619 491 μαθητῶν
1643 421 1920 491 ἀπολογῆ-

248 527 364 572 ται,
391 509 482 562 τὸν
511 508 672 561 Δαυῒδ
698 509 778 569 εἰς
803 507 965 577 μέσον
993 507 1236 576 παράγει
1259 521 1274 535 ·
1293 505 1423 556 ὅταν
1446 504 1503 556 δὲ
1533 504 1675 575 ὑπὲρ
1698 503 1918 569 ἑαυτοῦ,

247 592 343 645 τὸν
363 589 600 659 Πατέρα.
619 589 729 643 Καὶ
750 590 851 660 ὅρα
878 587 992 652 πῶς
1013 585 1422 656 ἐπιπληκτικῶς
1442 603 1454 616 ·
1487 588 1609 640 Οὐκ
1625 586 1922 656 ἀνέγνωτε

249 672 311 725 τί
350 671 602 738 ἐποίησε
647 669 858 733 Δαυτδ;
906 668 1009 722 Καὶ
1043 668 1153 737 γὰρ
1188 667 1354 738 πολλὴ
1379 667 1472 720 τοῦ
1490 668 1774 738 Προφήτου
1799 665 1918 739 ἧνὴ

247 752 398 817 δόξα,
414 753 488 816 ὼς
515 754 608 806 καὶ
627 753 831 822 Πέτρον
851 751 986 820 μετά
1009 750 1180 806 ταῦτα
1189 750 1456 818 ἀπολογού
1465 767 1622 820 μενον
1641 751 1776 820 πρὸς
1791 751 1922 804 Ἰου-

249 835 436 899 δαίους
486 835 657 900 οὕτως
704 837 908 888 εἱπεῖν·
957 835 1136 899 Ἐξὸν
1162 833 1352 888 εἰπεῖν
1393 833 1542 901 μετὰ
1581 835 1921 906 παῤῥησίας

249 921 403 986 πρὸς
429 918 582 988 ὑμᾶς
613 919 745 986 περὶ
778 919 887 973 τοῦ
923 918 1288 987 πατριάρχου
1320 917 1520 980 Δαυῒδ,
1555 916 1642 970 ὅτι
1675 916 1774 971 καὶ
1801 915 1924 971 ἐτε-

245 1002 516 1070 λεύτησε
564 1001 664 1055 καὶ
711 1000 920 1068 ἐτάφη.
967 1000 1120 1052 Διατὶ
1170 998 1227 1052 δέ
1279 999 1438 1052 αὐτὸν
1484 999 1604 1068 οὐχὶ
1644 996 1782 1068 μετά
1826 997 1921 1052 τοῦ

247 1082 558 1149 ἀξιώματος
583 1083 758 1146 καλεῖ,
793 1082 916 1136 οὕτε
937 1083 1190 1146 ἐνταῦθα,
1225 1081 1348 1135 οὕτε
1380 1081 1516 1152 μετά
1543 1081 1713 1135 ταῦτα
1737 1081 1922 1146 flow;

246 1165 436 1236 ἐπειδὴ
463 1165 674 1219 ἐκεῖθεν
703 1165 763 1218 rb
787 1165 941 1234 γένος
969 1165 1230 1236 κατῆγεν.
1261 1166 1324 1218 Εἱ
1356 1165 1453 1235 μὲν
1474 1159 1566 1216 οὖν
1598 1180 1921 1234 συγγνωμο-

245 1247 388 1298 νικοί
430 1247 474 1277 δ’
491 1263 634 1310 τινες
648 1243 809 1316 ἦσαν,
840 1248 930 1299 ἐπὶ
953 1247 1013 1300 rb
1039 1249 1208 1310 πάθος
1227 1247 1292 1300 ἂν
1311 1246 1411 1316 τῆς
1431 1247 1624 1317 πείνης
1657 1247 1749 1300 τὸν
1764 1247 1921 1314 λόγον

243 1327 455 1396 ἤγαγεν
475 1344 486 1356 ·
522 1328 705 1398 ἐπειδὴ
736 1328 792 1380 δὲ
817 1328 1003 1398 μιαροὶ
1027 1328 1120 1380 καὶ
1152 1326 1531 1397 ἀπάνθρωποι,
1557 1327 1652 1381 καὶ
1680 1327 1922 1397 ἱστορίαν

244 1409 429 1471 αὐτοῖς
449 1409 826 1477 ἀναγινώσκει.
868 1410 925 1462 Ὀ
965 1409 1022 1462 δὲ
1057 1409 1302 1478 Μάρκος,
1351 1409 1483 1462 Ἐπὶ
1529 1409 1790 1476 Ἀϐιάθαρ
1814 1408 1920 1462 τοῦ

243 1490 584 1558 ἀρχιερέως,
634 1493 820 1561 φησὶν,
870 1492 970 1544 οὐκ
1027 1492 1243 1545 ἐναντία
1292 1491 1466 1560 λέγων
1517 1491 1563 1523 ’⁵⁸
1589 1495 1654 1562 τῇ
1687 1491 1919 1562 ἱστορίᾳ,

242 1573 381 1626 ἀλλὰ
407 1574 616 1636 δεικνὺς
640 1575 720 1627 ὅτι
745 1575 1010 1644 διώνυμος
1042 1571 1109 1646 ἦν
1129 1593 1142 1606 ·
1175 1576 1270 1640 καὶ
1297 1574 1656 1646 προστίθησιν
1673 1577 1754 1628 ὅτι
1777 1577 1920 1628 ἐκεῖ-

240 1673 333 1719 νος
363 1657 558 1710 ἔδωκεν
585 1656 761 1727 αύτῷ·
795 1658 1009 1720 δεικνὺς
1058 1661 1154 1712 καὶ
1201 1658 1455 1712 ἐντεῦθεν
1480 1661 1724 1730 μεγάλην
1751 1655 1918 1713 οὖσαν

241 1739 559 1806 ἀπολογίαν,
593 1740 728 1792 ὅπου
759 1756 821 1807 γε
854 1739 991 1793 καὶὸ
1024 1740 1202 1812 ἱερεὺς
1224 1741 1522 1813 ἐπέτρεψε·
1551 1743 1646 1796 καὶ
1673 1743 1734 1795 ού
1757 1743 1919 1812 μόνον

240 1821 558 1891 ἐπέτρεψεν,
618 1821 754 1875 ἀλλά
809 1823 902 1876 καὶ
949 1822 1328 1894 διηκονήσατο.
1365 1826 1456 1894 Μὴ
1501 1827 1610 1898 γάρ
1649 1843 1738 1896 μοι
1767 1825 1916 1894 λέγε,

239 1903 323 1956 δτι
349 1906 633 1975 προφήτης
685 1900 753 1975 ἦν
783 1907 810 1958 6
842 1906 1032 1958 Δαυῒδ·
1061 1907 1181 1959 οὐδὲ
1237 1907 1348 1977 γὰρ
1386 1908 1561 1973 οὕτως
1603 1907 1753 1979 ἐξῆν,
1783 1909 1918 1964 ἀλλά

239 1985 352 2039 τῶν
410 1987 598 2058 ἱερέων
647 1981 718 2058 ἦν
760 1987 819 2040 rb
863 1987 1223 2060 προτέρημα·
1282 1990 1363 2043 διὸ
1400 1993 1495 2044 καὶ
1553 1991 1915 2063 προσέθηκεν,

237 2070 311 2121 El
347 2068 433 2136 μὴ
463 2068 588 2133 τοῖς
641 2070 864 2136 ἱερεῦσι
903 2070 1135 2138 μόνοις.
1178 2071 1241 2123 Εἱ
1287 2071 1397 2143 γὰρ
1429 2075 1525 2127 καὶ
1559 2073 1820 2143 μυριάκις
1849 2069 1918 2143 ἦν

187 2172 192 2176 “
237 2152 548 2222 προφήτης,
580 2152 694 2204 ἀλλ’
726 2153 824 2221 οὐχ
857 2153 1036 2222 ἱερεύς
1056 2169 1068 2182 ·
1097 2154 1146 2205 εἱ
1175 2152 1232 2205 δέ
1252 2155 1347 2206 καὶ
1376 2157 1582 2218 ἐκεῖνος
1609 2156 1917 2224 προφήτης,

238 2232 394 2304 [455]
424 2233 538 2286 ἀλλ’
567 2234 688 2302 ούχὶ⁸
715 2235 809 2286 καὶ
837 2235 886 2286 οἱ
912 2236 1029 2304 μετ’
1059 2234 1223 2287 αὑτοῦ
1250 2249 1266 2264 ·
1300 2235 1395 2288 καὶ
1431 2235 1540 2306 γὰρ
1568 2235 1661 2288 καὶ
1687 2236 1918 2298 ἐκείνοις

237 2314 431 2368 ἔδωκε.
464 2315 529 2368 Τί
556 2311 684 2381 οὗν;
720 2315 918 2385 φησίν·
956 2314 1080 2369 ἴσον
1103 2315 1150 2348 ⁸⁸
1181 2316 1342 2370 Δαυῖδ
1375 2319 1468 2371 καὶ
1517 2311 1696 2383 οὗτοι;
1733 2317 1799 2368 Τί
1827 2333 1916 2387 μοι

237 2397 421 2466 λέγεις
449 2396 628 2463 ἀξίαν,
653 2397 785 2450 ὅπου
831 2397 994 2467 νόμου
1034 2398 1347 2470 παράϐασις
1381 2396 1518 2454 εἶναι
1540 2400 1707 2462 δοκεῖ,
1739 2398 1841 2452 κᾶν
1869 2398 1916 2431 ⁸³

240 2479 458 2548 φύσεώς
482 2481 630 2533 ἐστιν
671 2480 916 2550 ἀνάγκης
952 2481 1062 2534 Καὶ
1097 2482 1206 2552 γὰρ
1249 2482 1343 2536 καὶ
1381 2482 1553 2554 ταύτῃ
1591 2482 1791 2553 μᾶλλον
1815 2480 1917 2536 αύ-

239 2563 368 2625 τοὺς
389 2560 663 2632 ἀπήλλαξε
695 2561 802 2614 τῶν
835 2562 1197 2633 ἐγκλημάτων
1228 2564 1296 2630 ⁸⁸,
1332 2565 1462 2619 ὅταν
1487 2568 1516 2618 6
1552 2564 1754 2636 μείζων
1789 2565 1920 2635 φαί-

239 2661 400 2714 νηται
425 2643 484 2696 rb
518 2639 651 2697 αύτό
673 2644 1012 2715 πεποιηκώς.

315 2725 381 2794 β’.
411 2726 520 2779 Καὶ
547 2725 598 2778 τί
626 2726 785 2779 τοῦτο
828 2728 964 2798 πρὸς
993 2728 1054 2782 rb
1085 2728 1452 2802 ζητούμενον;
1483 2733 1648 2802 φησίν
1667 2747 1680 2761 ·
1712 2733 1773 2785 οὐ
1806 2730 1915 2803 γὰρ

237 2808 306 2877 δὴ
344 2807 610 2860 σάϐϐατον
641 2810 844 2872 ἐκεῖνος
867 2810 1104 2881 παρέϐη.
1135 2812 1209 2864 Τὸ
1246 2813 1430 2882 μεῖζόν
1467 2831 1555 2884 μοι
1587 2813 1783 2882 λέγεις,
1821 2817 1914 2868 καὶ

236 2890 267 2942 ὃ
302 2891 537 2960 μάλιστα
562 2893 799 2946 δείκνυσι
821 2893 914 2946 τοῦ
941 2894 1178 2964 Χριστοῦ
1207 2896 1305 2966 τὴν
1338 2897 1550 2964 σοφίαν,
1575 2897 1653 2950 ὄτι
1689 2897 1749 2950 rb
1782 2897 1911 2950 σάϐ-

237 2972 405 3024 ϐατον
432 2974 609 3040 ἀφεὶς,
637 2973 822 3044 ἕτερον
839 2975 1143 3046 ὑπόδειγμα
1176 2977 1330 3047 φέρει
1367 2976 1461 3030 τοῦ
1490 2977 1759 3031 σαϐϐάτου
1796 2981 1912 3049 μεῖ-

239 3054 354 3115 ζον.
387 3055 518 3107 Ούδὲ
550 3054 658 3125 γὰρ
679 3055 718 3086 ⁸⁷
751 3057 886 3118 ἴσον,
913 3057 1226 3127 παραϐῆναι
1245 3059 1480 3129 ἡμέραν,
1507 3060 1599 3113 καὶ
1623 3061 1718 3131 τῆς
1761 3061 1910 3131 ἱερᾶς

241 3135 455 3203 ἐκείνης
489 3131 727 3204 ἅψασθαι
750 3140 1049 3206 τραπέζης,
1083 3135 1150 3208 ἦς
1183 3141 1368 3208 μηδενὶ
1399 3141 1556 3208 θέμις
1583 3137 1670 3209 ἦν.
1707 3141 1780 3192 Tb
1813 3142 1910 3210 μὲν

237 3216 350 3288 γὰρ
381 3217 648 3270 σάϐϐατον
679 3220 772 3270 καὶ
799 3219 962 3288 ἐλύθη
989 3219 1270 3283 πολλάκις,
1297 3221 1495 3289 μᾶλλον
1509 3221 1566 3273 δὲ
1597 3221 1684 3273 ἀεὶ
1703 3222 1907 3288 λύεται,

238 3300 336 3350 καὶ
383 3300 439 3351 ἐν
487 3302 552 3370 τῇ
611 3303 902 3370 περιτομῇ,
948 3301 1043 3353 καὶ
1071 3302 1128 3353 ἐν
1173 3301 1382 3374 ἑτέροις
1419 3303 1658 3356 πλείοσιν
1692 3303 1907 3374 ἔργοις·

238 3382 337 3433 καὶ
367 3384 423 3434 ἐν
445 3384 510 3452 τῇ
542 3382 749 3452 Ἰεριχῶ
772 3382 828 3436 δὲ
852 3381 910 3434 rb
940 3383 1069 3436 αὐτὸ
1091 3383 1380 3454 γενόμενον
1404 3383 1498 3438 ἴδοι
1523 3402 1605 3448 τις
1638 3385 1704 3439 ἄν
1724 3405 1736 3418 ·
1755 3386 1911 3439 τοῦτο

237 3465 297 3517 δὲ
323 3464 444 3517 τότε
479 3464 634 3534 μόνον
672 3465 906 3533 ἐγένετο.
933 3466 1094 3518 Ὥστε
1141 3467 1248 3519 ἀπὸ
1280 3466 1374 3519 τοῦ
1410 3467 1651 3529 πλείονος
1683 3469 1716 3538 ἡ
1759 3468 1905 3537 νίκη.

238 3546 367 3609 Πῶς
397 3543 490 3600 οὖν
523 3547 696 3610 οὐδεὶς
727 3549 1010 3602 ἐνεκάλεσε
1044 3547 1122 3617 τῷ
1151 3549 1331 3612 Δαυῖδ,
1369 3550 1548 3604 καίτοι
1592 3548 1686 3601 καὶ
1718 3548 1907 3602 τούτου

243 3627 430 3697 μεῖζον
460 3629 707 3700 ἔγκλημα
733 3630 919 3700 ἕτερον
949 3625 1036 3700 ἦν,
1071 3631 1132 3683 rb
1157 3631 1249 3684 τοῦ
1275 3633 1436 3700 φόνου
1469 3630 1576 3684 τῶν
1613 3631 1800 3701 ἱερέων
1818 3633 1907 3685 ἐν·

239 3711 431 3764 τεῦθεν
448 3711 607 3764 λαϐὸν
623 3713 721 3784 τὴν
744 3715 945 3785 ἀρχήνς
987 3715 1123 3766 Ἀλλ’
1143 3715 1202 3766 ού
1225 3714 1433 3784 τίθησιν
1455 3715 1586 3767 αὐτό
1606 3731 1620 3746 ·
1648 3716 1785 3786 πρὸς
1799 3715 1906 3787 γάρ

239 3795 303 3846 rb
330 3795 692 3865 προκείμενον
733 3797 947 3850 ἵσταται
998 3798 1179 3866 μόνον.
1217 3793 1350 3850 Εἶτα
1381 3797 1542 3851 πάλιν
1584 3799 1678 3850 καὶ
1707 3797 1908 3868 ἑτέρως

241 3877 374 3930 αὐτὸ
411 3876 547 3930 λύει.
590 3879 678 3931 Ἐν
720 3880 860 3949 ἀρχῇ
906 3880 1004 3948 μὲν
1033 3880 1142 3950 γὰρ
1170 3880 1260 3934 τὸν
1297 3879 1459 3932 Δαυῒδ
1491 3882 1799 3953 παρήγαγε,
1828 3883 1906 3953 τῷ

238 3958 514 4028 ἀξιώματι
546 3961 639 4012 τοῦ
670 3962 959 4032 προσώπου
1007 3963 1384 4017 καταστέλλων
1429 3965 1610 4017 αὐτῶν
1636 3965 1734 4036 τὴν
1771 3966 1909 4020 ἀπό-

241 4061 390 4098 νοιαν
416 4061 428 4074 ·
468 4046 655 4117 ἐπειδὴ
710 4047 766 4099 δὲ
818 4049 1014 4110 αὐτοὺς
1066 4049 1412 4119 ἐπεστόμισε,
1458 4051 1549 4103 καὶ
1586 4051 1686 4121 τὴν
1711 4051 1905 4114 ἀλαζοο

239 4133 388 4184 νείαν
418 4132 652 4196 καθεῖλε,
705 4133 822 4186 τότε
859 4135 951 4187 καὶ
987 4133 1086 4202 τὴν
1124 4136 1462 4204 κυριωτέραν
1501 4137 1696 4205 ἐπάγει
1729 4137 1902 4192 λύσιν.

240 4219 380 4271 Ποία
411 4217 467 4271 δὲ
500 4215 567 4290 ἦν
599 4219 770 4288 αὖτη;
810 4223 930 4275 Οὐκ
947 4221 1166 4283 οἴδατε,
1199 4220 1370 4276 ὅτιέν
1384 4221 1465 4286 τῷ
1502 4224 1635 4290 ἱερῷ
1655 4227 1708 4279 οἱ
1733 4225 1906 4292 ἱερεῖς

240 4305 306 4359 τὸ
329 4305 627 4361 σάϐϐατον
638 4309 994 4375 βεϐηλοῦσι,
1013 4309 1106 4362 καὶ
1133 4310 1390 4364 ἀναίτιοί
1409 4312 1600 4376 εισιν;
1634 4313 1780 4364 Ἐκεῖ
1809 4314 1906 4383 μὲν

239 4393 311 4460 γά
323 4409 373 4462 ρ,
397 4394 582 4462 φησὶν,
605 4396 638 4463 ἡ
659 4396 978 4464 περίστασις
996 4395 1093 4466 τὴν
1123 4396 1276 4450 λύσιν
1290 4397 1542 4468 ἐποίησεν
1563 4415 1576 4428 ·
1598 4399 1831 4452 ἐνταῦθα
1849 4399 1907 4453 δέ

239 4480 335 4532 καὶ
372 4480 540 4549 χωρὶς
578 4483 1002 4554 περιστάσεωςὴ
1032 4482 1204 4546 λύσις.
1237 4483 1374 4537 Ἀλλ’
1391 4485 1487 4537 οὐκ
1511 4484 1713 4549 εὐθέως
1737 4486 1909 4552 οὕτως

238 4565 428 4620 ἔλυσεν
454 4583 467 4596 ·
519 4567 654 4620 ἀλλά
693 4569 905 4639 πρῶτον
929 4570 1070 4624 κατὰ
1114 4571 1461 4643 συγγνώμην,
1503 4568 1622 4627 εἶτα
1649 4574 1794 4628 κατά
1823 4575 1909 4629 ἐν·

241 4670 449 4707 στασιν.
481 4654 553 4706 Tb
581 4654 690 4726 γάρ
737 4658 1077 4729 ἰσχυρότερον
1120 4659 1345 4730 ὕστερον
1383 4660 1431 4693 ⁸⁸
1457 4661 1684 4730 ἐπάγειν
1717 4665 1906 4735 ἐχρῆν,

239 4741 485 4807 καίτοιγε
515 4742 608 4794 καὶ
641 4741 702 4794 rb
740 4743 1004 4814 πρότερον
1025 4745 1120 4816 τὴν
1141 4748 1346 4801 οἰκείαν
1378 4743 1492 4818 εἶχε
1524 4749 1772 4821 δύναμιν.
1816 4752 1906 4823 Μὴ

238 4826 350 4896 γάρ
378 4843 468 4897 μοι
501 4826 649 4895 λέγε,
680 4829 761 4880 ὃτι
783 4831 882 4882 οὐκ
912 4831 1058 4884 ἔστιν
1080 4833 1422 4904 ἀπηλλάχθαι
1450 4836 1812 4908 ἐγκλήματος,
1844 4839 1906 4892 rb

239 4915 336 4966 καὶ
391 4914 575 4985 ἕτερον
607 4915 666 4968 rb
721 4917 851 4970 αὐτὸ
890 4919 1270 4989 ἁμαρτάνοντα
1308 4924 1389 4986 εἱς
1445 4923 1608 4994 μέσον
1640 4927 1901 4991 ἐνεγκεῖν.

242 5000 410 5053 Ὅταν
440 4999 546 5070 γὰρ
573 5000 647 5071 μὴ
673 5003 967 5072 ἐγκαλῆται
999 5007 1027 5056 6
1056 5008 1388 5078 πεποιηκὼς,
1413 5010 1572 5079 νόμος
1611 5011 1904 5080 ἀπολογίας

240 5087 448 5155 γίνεται
475 5088 536 5140 τὸ
569 5089 852 5160 τολμηθὲν.
884 5091 1024 5161 Πλὴν
1049 5094 1147 5146 οὐκ
1176 5097 1418 5165 ἠρκέσθη
1441 5099 1634 5170 τούτῳ,
1657 5099 1790 5153 ἀλλά
1811 5103 1905 5154 καὶ

240 5175 300 5227 τὸ
328 5176 658 5248 κυριώτερον
697 5178 893 5244 ἐπάγει
939 5178 1132 5247 λέγων,
1166 5182 1248 5234 ὅτι
1286 5184 1403 5236 οὐδὲ
1435 5187 1738 5260 ἁμάρτημά
1789 5192 1903 5242 ἐστι

312 5311 358 5342 η
395 5309 483 5367 Sic
499 5312 743 5395 ,ςοᾱὸηοῑ
771 5311 865 5367 Gc.
886 5311 1296 5395 ηεύγνωμονικοέ
1316 5312 1448 5395 Εέά.
1476 5326 1755 5395 νςτεοτμιι
1775 5315 1905 5395 {Erga

2053 5319 2101 5395 “_
2127 5320 2352 5395 ’ἐναντία
2375 5321 2573 5395 λέγων]
2600 5324 2892 5395 ἀντιλέγων
2917 5325 3053 5380 Mor.
3087 5326 3218 5378 Ben.

1377 221 1444 276 IN
1484 222 1904 282 MATTHEUM
1936 221 2192 280 HOMIL.'
2210 221 2455 278 XXXIX.
2491 222 2562 276 al.
2605 219 2719 276 XL.

3583 218 3687 270 436

2021 339 2082 392 τὸ
2112 337 2506 408 γεγενημένον·
2546 337 2684 405 ὅπερ
2724 333 2957 405 μάλιστα
2999 334 3259 404 λαμπρᾶς
3289 331 3446 402 νίκης
3490 327 3579 400 ἦν,
3627 331 3690 383 rb

2020 424 2192 489 δεῖξαι
2217 425 2309 478 τὸν
2341 425 2504 494 νόμον
2547 423 2739 476 ἑαυτὸν
2785 420 3150 492 παραλύοντα,
3200 419 3299 473 καὶ
3333 419 3493 488 διπλῇ
3530 417 3691 471 τοῦτο

2023 510 2304 571 ποιοῦντα.
2354 513 2448 564 καὶ
2496 510 2604 564 ἀπὸ
2653 508 2746 562 τοῦ
2775 509 2941 561 τόπου
2977 507 3068 560 καὶ
3107 507 3213 560 ἀπὸ
3238 504 3332 558 τοῦ
3383 503 3686 557 σαϐϐάτου·

2026 598 2226 668 μᾶλλον
2254 598 2310 652 δὲ
2338 599 2431 651 καὶ
2463 597 2684 668 τριπλῇ,
2725 595 2803 666 τῷ
2824 595 2870 628 δ’
2895 597 2989 648 καὶ⁵
3012 593 3232 647 διπλοῦν
3254 593 3316 645 rb
3354 591 3513 663 ἔργον
3535 592 3691 658 γενέ-

2025 685 2167 747 σθαι,
2204 687 2294 738 καὶ
2343 685 2480 754 μετὰ
2507 685 2698 738 τούτου
2752 685 2847 736 καὶ
2872 683 3081 752 ἕτερον,
3105 681 3166 732 rb
3200 679 3304 733 ὑπὸ
3329 679 3436 732 τῶν
3459 678 3650 749 ἱερέων
3673 693 3689 708 ·

2022 770 2118 823 καὶ
2143 770 2204 822 rb
2230 770 2294 842 δὴ
2333 768 2535 840 μεῖζον,
2586 769 2646 820 rb
2675 769 2810 838 μηδέ
2845 768 2887 800 ⁸⁰
2917 766 3167 836 ἔγκλημα
3197 761 3337 817 εἶναι
3357 781 3370 793 ·
3422 764 3692 817 Ἀναίτιοι

2021 861 2150 931 γάρ,
2187 861 2368 930 φησὶν,
2392 860 2570 912 εἰσίν.
2594 854 2747 921 Εἶδες
2774 856 2918 910 πόσα
2946 855 3192 920 τέθεικε;
3219 854 3311 906 τὸν
3340 853 3503 905 τόπον
3526 867 3540 882 ·
3590 852 3693 917 Ἐν

2022 947 2104 1013 τῷ
2133 946 2267 1017 ἱερῷ
2307 948 2414 1018 γάρ
2454 964 2625 1017 φησι·
2663 946 2724 998 rb
2763 945 3088 1015 πρόσωπον·
3124 946 3187 996 οι
3226 939 3398 1009 ἱερεῖς
3424 938 3566 1011 γάρ·
3602 937 3693 991 τὸν

2021 1037 2212 1106 καιρόν
2236 1052 2249 1064 ·
2291 1035 2360 1088 Τὸ
2385 1035 2686 1088 σάϐϐατον
2706 1033 2814 1103 γάρ
2839 1048 3006 1103 φησι·
3029 1031 3091 1084 rb
3117 1031 3352 1098 πρᾶγμα
3382 1026 3515 1080 αὐτό
3536 1041 3550 1054 ·
3580 1029 3688 1078 Βε-

2024 1122 2278 1189 ϐηλοῦσι
2301 1123 2410 1192 γάρ
2433 1137 2447 1151 ·
2475 1121 2592 1174 οὐδὲ
2621 1120 2730 1190 γὰρ
2767 1115 2908 1183 εἱπε,
2942 1117 3195 1180 Λύουσιν,
3247 1113 3384 1168 ἀλλὰ
3411 1114 3472 1167 rb
3506 1128 3692 1182 φορτιο

2022 1207 2283 1280 κώτερον,
2329 1207 2664 1275 Βεϐηλοῦσι
2687 1224 2702 1239 ·
2748 1206 2810 1258 rb
2847 1206 2922 1276 μὴ
2966 1206 3126 1276 μόνον
3157 1203 3232 1274 μὴ
3284 1203 3442 1272 δίκην
3467 1199 3689 1261 διδόναι,

2021 1295 2158 1349 ἀλλά
2187 1297 2281 1348 καὶ
2305 1295 2483 1357 αἰτίας
2511 1293 2856 1364 ἀπηλλάχθαι
2880 1309 2893 1322 ·
2935 1293 3201 1346 Ἀναίτιοι
3222 1291 3332 1360 γάρ
3358 1291 3478 1342 εἰσι
3511 1287 3578 1340 ³⁸.
3597 1285 3689 1355 Μὴ

2021 1382 2088 1453 δὴ
2121 1383 2166 1415 ⁵²
2195 1382 2452 1452 νομίσητε
2489 1380 2648 1434 τοῦτο
2675 1381 2859 1452 ὅμοιον
2897 1375 3057 1442 εἶναι,
3112 1378 3266 1448 φησὶ,
3299 1375 3377 1446 τῷ
3420 1375 3688 1444 προτέρῳ.

2026 1468 2176 1541 [454]
2220 1469 2426 1522 Ἐκεῖνο
2462 1469 2560 1538 μὲν
2593 1467 2700 1538 γὰρ
2749 1467 2841 1520 καὶ
2877 1465 3024 1530 ἆπαξ
3069 1465 3292 1533 γέγονε,
3330 1462 3425 1516 καὶ
3458 1463 3556 1530 οὐχ
3587 1460 3692 1512 ὑπὸ

2026 1555 2216 1625 ἱερέως
2265 1555 2333 1618 ⁵⁸,
2377 1555 2473 1608 καὶ
2503 1554 2750 1623 ἀνάγκης
2781 1550 2847 1623 ἦν
2868 1569 2882 1583 ·
2914 1553 3002 1605 διά
3036 1551 3194 1604 τοῦτο
3225 1551 3319 1602 καὶ
3363 1547 3691 1618 συγγνώμης

2019 1642 2268 1709 ἐγένοντο
2320 1641 2460 1704 ἄξιοι
2483 1659 2496 1671 ·
2557 1641 2714 1693 τοῦτο
2763 1640 2818 1692 δὲ
2854 1641 2948 1693 καὶ
2976 1637 3099 1691 καθ’
3133 1638 3361 1690 ἕκαστον
3398 1635 3688 1697 σάϐϐατον,

2017 1727 2113 1780 καὶ
2147 1727 2252 1780 ὑπὸ
2297 1727 2506 1798 ἱερέων,
2545 1727 2638 1778 καὶ
2669 1728 2725 1778 ἐν
2754 1724 2914 1795 ἱερῷ,
2962 1723 3057 1779 καὶ
3099 1723 3238 1776 κατὰ
3273 1723 3454 1792 νόμον.
3491 1723 3690 1792 Διόπερ

2016 1814 2136 1868 ούδέ
2175 1813 2315 1866 κατὰ
2341 1811 2690 1883 συγγνώμην,
2724 1811 2858 1864 ἀλλά
2885 1810 3028 1865 κατὰ
3055 1808 3101 1844 ⁸⁸
3130 1811 3292 1881 νόμον
3323 1811 3460 1863 εἱσὶν
3505 1807 3690 1878 ἀπηλι-

2015 1899 2274 1968 λαγμένοι
2317 1899 2424 1951 τῶν
2458 1898 2839 1967 ἐγκλημάτων.
2887 1898 3023 1950 Οὐδὲ
3063 1896 3173 1968 γὰρ
3225 1895 3474 1963 ἐγκαλῶν
3518 1895 3692 1948 ταῦτα

2018 1983 2190 2050 εἷπον,
2230 1987 2414 2054 φησὶν.
2450 1987 2570 2037 οὐδὲ
2603 1985 2744 2037 κατὰ
2793 1983 3124 2054 συγγνώμην
3185 1984 3383 2046 αὐτοὺς
3412 1983 3458 2014 ⁵⁵
3510 1980 3691 2043 αἱτίας

2017 2073 2399 2136 ἀπαλλάττων,
2425 2072 2559 2124 άλλά
2583 2072 2724 2124 κατά
2747 2072 2834 2124 τὸν
2862 2071 2954 2124 τοῦ
2981 2071 3190 2124 δικαίου
3221 2070 3397 2137 λόγον.
3417 2070 3527 2120 Καὶ
3544 2069 3692 2121 δοκεῖ

2020 2159 2118 2228 μὲν
2172 2159 2309 2229 ὑπὲρ
2357 2160 2579 2211 ἐκείνων
2628 2158 3032 2227 ἀπολογεῖσθαι,
3061 2157 3284 2220 τούτους
3335 2156 3391 2208 δὲ
3417 2155 3692 2224 ἐλευθεροῖ

2016 2245 2127 2297 τῶν
2179 2245 2562 2315 ἐγκλημάτων.
2609 2247 2778 2298 Ὅταν
2850 2244 2957 2316 γὰρ
3012 2245 3169 2314 εἴπῃ·
3222 2243 3494 2296 Ἀναίτιοί
3531 2243 3691 2294 εἱσιν

2017 2333 2252 2386 ἐκεῖνοι·
2309 2332 2495 2402 nam.
2556 2333 2757 2402 μᾶλλον
2787 2326 2956 2393 οὗτοι,
2997 2331 3182 2401 φησίν.
3239 2331 3375 2382 Ἀλλ’
3411 2329 3511 2382 οὐκ
3554 2328 3690 2380 εἰσὶν

2019 2420 2205 2490 ἱερεῖς.
2243 2419 2382 2472 Ἀλλ’
2424 2419 2614 2490 ἱερέων
2651 2420 2885 2490 μείζους.
2940 2420 3110 2481 Αὐτὸς
3142 2417 3252 2489 γάρ
3287 2419 3552 2488 πάρεστιν
3599 2417 3691 2468 ἐν-

2014 2505 2191 2559 ταῦθα
2221 2507 2248 2558 ὁ
2275 2505 2366 2559 τοῦ
2420 2505 2565 2577 ἱεροῦ
2605 2507 2879 2575 Δεσπότης
2899 2523 2912 2536 ·
2950 2507 2982 2576 ἡ
3032 2505 3276 2576 ἀλήθεια,
3311 2505 3407 2574 οὐχ
3440 2507 3468 2558 6
3496 2503 3689 2566 τύπος.

2014 2595 2106 2648 Διδ
2140 2595 2187 2627 ⁵⁸
2214 2595 2304 2648 καὶ
2333 2594 2516 2661 ἔλεγε·
2549 2594 2711 2663 Λέγω
2745 2594 2812 2646 δὲ
2838 2595 3000 2661 ὑμῖν,
3034 2594 3121 2646 ὅτι
3159 2593 3266 2646 τοῦ
3297 2592 3456 2660 ἱεροῦ
3491 2589 3690 2660 μεῖζόν

2015 2677 2184 2730 ἐστιν
2237 2671 2374 2730 ὦδε.
2422 2677 2559 2729 Ἀλλ’
2610 2677 2760 2746 ὅμως
2788 2677 3091 2746 τηλικαῦτα
3139 2676 3490 2738 ἀκούσαντες,
3537 2673 3689 2727 οὐδὲν

2015 2758 2165 2815 εἷπον
2191 2779 2205 2795 ·
2228 2764 2288 2817 οὑ
2320 2764 2364 2795 ⁸⁷
2397 2762 2504 2833 γὰρ
2528 2759 2596 2834 ἦν
2627 2764 2869 2834 σωτηρία
2902 2761 3189 2832 ἀνθρώπου
3220 2762 3282 2815 rb
3305 2761 3686 2833 προκείμενον.

2017 2844 2149 2901 Εῐτα
2202 2849 2388 2919 ἐπειδὴ
2440 2849 2577 2920 βαρὺ
2604 2851 2716 2914 τοῖς
2748 2849 3036 2903 ἀκούουσιν
3061 2849 3235 2902 ἐδόκει
3285 2847 3446 2910 εἶναι,
3477 2847 3689 2917 ταχέως

2017 2935 2150 2987 αὐτὸ
2184 2936 2539 3004 συνεκάλυψε,
2569 2937 2728 2990 πάλιν
2755 2937 2846 2988 ἐπὶ
2872 2937 3205 3007 συγγνώμην
3229 2935 3320 2988 τὸν
3335 2935 3491 3002 λόγον
3513 2934 3687 3002 άγων,

2018 3024 2109 3075 καὶ
2139 3024 2184 3055 ⁵⁸
2217 3023 2354 3092 μετά
2387 3023 2730 3092 ἐπιπλήξεως
2768 3024 2863 3075 καὶ
2890 3023 3032 3076 οὕτω
3061 3023 3253 3090 λέγων.
3301 3025 3371 3076 El
3419 3022 3487 3075 δὲ
3506 3022 3688 3090 ἐγνώ-

2016 3125 2172 3160 κειτε
2194 3108 2250 3158 τί
2270 3108 2461 3168 ἐστιν,
2495 3109 2716 3160 Ἔλεον
2744 3107 2896 3162 θέλω
2915 3149 2929 3172 ,
2962 3109 3060 3160 καὶ
3097 3110 3169 3160 οὐ
3203 3109 3444 3170 θυσίαν,
3473 3110 3582 3160 οὐκ
3612 3105 3690 3160 ἂν

2017 3193 2444 3247 κατεδικάσατε
2495 3194 2638 3258 τοὺς
2669 3194 2994 3258 ἀναιτίους.
3048 3190 3201 3256 Εἶδες
3233 3193 3349 3255 πῶς
3392 3193 3554 3246 πάλιν
3596 3194 3688 3246 ἐπὶ

2019 3279 2349 3350 συγγνώμην
2375 3280 2499 3348 ἄγει
2531 3280 2623 3334 τὸν
2648 3281 2827 3349 λόγον,
2859 3281 2954 3334 καλ⁸
2987 3281 3151 3334 πάλιν
3183 3279 3513 3351 συγγνώμης
3543 3281 3688 3333 ἀνω-

2015 3367 2206 3436 τέρους
2223 3366 2514 3434 ἀποφαίνει
2535 3383 2551 3432 ;
2575 3369 2658 3420 Οὐ
2676 3367 2782 3439 γὰρ
2808 3367 2884 3420 ἂν
2905 3365 3352 3427 κατεδικάσατε,
3373 3366 3525 3436 φησὶ,
3543 3365 3689 3430 τοὺς

2015 3453 2338 3518 ἀναιτίους.
2365 3452 2437 3506 Tb
2467 3454 2564 3524 μὲν
2592 3454 2855 3525 πρότερον
2886 3455 3159 3525 συνήγαγε
3195 3453 3254 3505 rb
3283 3452 3389 3505 τῶν
3427 3451 3618 3522 ἱερέων
3637 3454 3685 3484 ⁸⁸

2015 3541 2094 3603 είς
2116 3539 2176 3592 τὸ
2205 3541 2336 3594 αὐτὸ
2361 3540 2555 3610 λέγων,
2603 3542 2876 3595 Ἀναίτιοί
2903 3543 3041 3594 εἱσι.
3090 3540 3262 3593 Τοῦτο
3290 3539 3346 3592 δὲ
3375 3539 3466 3608 ἀφ’
3487 3537 3682 3592 ἑαυτοῦ

2013 3626 2220 3697 τίθησι·
2248 3627 2447 3698 μᾶλλον
2475 3627 2532 3681 δὲ
2557 3628 2652 3682 καὶ
2677 3626 2833 3682 τοῦτο
2859 3627 2966 3684 ἀπὸ
2990 3625 3082 3681 τοῦ
3111 3628 3277 3698 νόμου
3299 3643 3313 3657 ·
3341 3625 3686 3698 προφητικὴν

2013 3715 2122 3787 γὰρ
2156 3717 2365 3784 ἀνέγνω
2392 3718 2570 3788 ῥῆσιν.

2081 3810 2150 3870 γ’.
2187 3799 2320 3855 Εἶτα
2345 3804 2438 3856 καὶ
2469 3803 2634 3874 ἀλλην
2657 3805 2839 3858 αἰτίαν
2866 3806 3043 3873 λέγει·
3080 3807 3297 3874 Κύριος
3334 3805 3462 3876 γὰρ,
3494 3804 3680 3874 φησὶν,

2011 3889 2141 3942 ἐστὶ
2171 3890 2277 3944 τοῦ
2299 3889 2598 3944 σαϐϐάτου
2622 3894 2654 3944 ὁ
2683 3891 2815 3955 Υἱὸς
2840 3891 2947 3944 τοῦ
2972 3892 3305 3958 ἀνθρώπου,
3329 3893 3456 3960 περὶ
3487 3892 3680 3944 ἑαυτοῦ

2011 3973 2204 4041 λέγων.
2247 3975 2305 4027 'U
2343 3976 2399 4029 δὲ
2421 3975 2640 4046 Μάρκος
2671 3977 2766 4030 καὶ
2799 3978 2925 4048 περὶ
2950 3977 3048 4048 τῆς
3072 3978 3254 4047 κοινῆς
3287 3976 3500 4045 φύσεως
3518 3977 3680 4030 αὑτὸν

2010 4060 2168 4114 τοῦτο
2187 4063 2463 4133 εἰρηκέναι
2493 4063 2690 4134 φησίν·
2720 4063 2874 4131 ἔλεγε
2904 4065 3044 4133 γάρ·
3110 4063 3180 4118 Τὸ
3235 4062 3538 4116 σάϐϐατον
3581 4063 3682 4118 διὰ

2010 4147 2119 4200 τὸν
2141 4147 2455 4215 ἄνθρωπον
2474 4149 2730 4218 ἐγένετο,
2766 4152 2877 4218 οὑχ
2908 4153 2940 4204 ὁ
2963 4150 3272 4217 ἅνθρωπος
3320 4148 3418 4201 διὰ
3445 4149 3510 4202 τὸ
3536 4151 3679 4202 σάϐ-

2013 4234 2216 4290 ϐατον.
2250 4235 2406 4298 Τίνος
2433 4230 2526 4288 οὖν
2551 4235 2737 4289 ἕνεκεν
2776 4238 3062 4301 ἐκολάζετο
3083 4240 3111 4290 ὁ
3139 4237 3205 4289 τά
3237 4235 3368 4302 ξύλα
3396 4237 3679 4304 συνάγων;

2015 4320 2137 4374 Ὀτι
2167 4321 2216 4373 εἱ
2248 4319 2473 4390 ἔμελλον
2514 4323 2607 4375 καὶ
2648 4324 2707 4376 ἐν
2742 4325 2884 4395 ἀρχῇ
2917 4322 3373 4393 καταφρονεῖσθαι
3408 4324 3458 4376 οἱ
3500 4323 3677 4393 νόμοι,

2015 4407 2176 4478 σχολῇ
2200 4408 2252 4476 γ’
2285 4409 2353 4462 ἂν
2391 4408 2613 4480 ὕστερον
2637 4411 3037 4483 ἐφυλάχθησαν.
3068 4411 3176 4464 Καὶ
3201 4411 3310 4482 γὰρ
3341 4409 3508 4462 πολλὰ
3539 4411 3683 4479 ώφέά

2010 4499 2094 4548 λει
2121 4495 2272 4565 παρά
2299 4496 2398 4567 τὴν
2425 4497 2599 4568 ἀρχὴν
2617 4498 2678 4550 rb
2703 4499 2970 4552 σάϐϐατον
2991 4500 3082 4552 καὶ
3108 4499 3318 4569 μεγάλα
3337 4513 3353 4530 ·
3383 4497 3515 4561 οἷον,
3542 4498 3680 4568 ὴμέ-

2011 4600 2139 4655 ρους
2171 4583 2344 4636 ἐποίει
2367 4585 2503 4654 πρὸς
2526 4587 2653 4647 τοὺς
2675 4587 2909 4650 οἰκείους
2930 4584 3070 4640 εῖναι
3104 4589 3196 4641 καὶ
3234 4586 3643 4656 φιλανθρώπους
3661 4601 3674 4615 ·

2008 4670 2286 4724 ἐδίδασκεν
2306 4673 2504 4737 αὐτοὺς
2532 4673 2624 4726 τοῦ
2642 4674 2776 4727 θεοῦ
2794 4676 2892 4745 τὴν
2918 4676 3173 4746 πρόνοιαν
3195 4676 3288 4728 καὶ
3311 4675 3410 4744 τὴν
3428 4675 3680 4746 δημιουρ-

2007 4759 2133 4827 γίαν
2159 4775 2173 4788 ·
2210 4760 2348 4830 ὅπερ
2380 4761 2544 4832 φησὶν
2571 4764 2599 4814 6
2634 4761 2888 4833 Ἰεζεχιήλ
2908 4779 2921 4793 ·
2963 4763 3279 4814 ἐπαίδευσεν
3316 4762 3509 4824 αὐτοὺς
3540 4763 3678 4816 κατὰ

2011 4847 2206 4918 μικρὸν
2222 4846 2520 4917 ἀπέχεσθαι
2551 4849 2835 4918 πονηρίας.
2855 4848 2948 4901 καί
2968 4851 3080 4911 τοῖς
3102 4849 3490 4918 πνευματικοῖς
3513 4865 3679 4916 προσ-

2009 4935 2154 5004 έχειν
2185 4933 2616 5005 παρεσκεύαζεν.
2657 4935 2873 5004 Ἐπειδὴ
2898 4936 3026 5005 γάρ,
3061 4935 3151 4988 τὸν
3180 4937 3344 5006 νόμον
3375 4937 3549 4997 διδοὺς
3587 4935 3678 4987 τὸν

2008 5022 2100 5074 τοῦ
2128 5021 2419 5082 σαϐϐάτου,
2455 5018 2667 5085 είεὶπε,
2713 5023 2793 5075 Τὰ
2839 5023 2935 5093 μὲν
2963 5023 3142 5091 ἀγαθά
3191 5026 3460 5095 πράττετε
3503 5026 3560 5076 ὲν
3601 5023 3678 5092 τῷ

2010 5108 2284 5178 σαϐϐάτῳ,
2326 5108 2394 5161 τά
2420 5109 2476 5161 δὲ
2506 5109 2654 5162 κακά
2683 5111 2756 5180 μὴ
2805 5114 3011 5164 ποιεῖτε
3038 5153 3050 5174 ,
3099 5113 3197 5164 οὐκ
3250 5112 3315 5164 ἂν
3349 5111 3637 5179 ἠνέσχοντο
3658 5125 3672 5137 ·

2010 5195 2261 5248 ἁπάντων
2299 5196 2344 5226 ⁸ο
2391 5195 2593 5266 ὁμοίως
2638 5198 2869 5269 ἀπεῖργε
2894 5215 2909 5231 ·
2960 5199 3164 5268 Μηδὲν
3211 5199 3319 5269 γάρ
3363 5196 3670 5262 ποιήσητε.

3295 5323 3344 5354 ⁸⁸
3384 5323 3484 5374 ἶσοι
3513 5323 3576 5375 Α.
3608 5322 3666 5376 Ε.

241 5390 296 5462 ει
317 5395 460 5462 τοῖν.
495 5381 556 5435 D.
589 5383 682 5436 καὶ
705 5393 830 5436 ante
857 5379 1000 5462 οὗτοι
1034 5379 1217 5462 oin._A
1459 5383 1537 5462 ’ξ’
1559 5385 1809 5462 κάνλκαὶ
1841 5387 1905 5462 Eg

2025 5390 2137 5458 yuid
2163 5391 2210 5443 si
2239 5389 2334 5445 Ge.
2351 5461 2383 5462 η
2411 5379 2460 5422 δέ
2493 5379 2648 5446 αὐτοὶ
2675 5379 3102 5450 ἀπαλλάττονται
3131 5392 3488 5462 ἐγκλημάτων
3607 5391 3666 5444 ΙΞ.

243 5451 338 5504 Ge.
363 5448 650 5520 Vulgatum
692 5462 874 5505 tuetur
907 5455 1058 5507 Arm.
1137 5453 1179 5486 ⁸⁷
1232 5450 1365 5522 γὰρ]
1409 5453 1532 5506 add.

243 5521 274 5554 0
303 5521 492 5554 ονρίιὶἱι
617 5522 661 5554 ιν
700 5521 879 5554 -:.'.1..A
909 5524 936 5554 Δ
996 5524 1034 5554 l‘
1088 5523 1128 5554 ι·
1183 5538 1215 5554 η
1271 5536 1302 5554 n
1345 5521 1524 5554 υἴυεηα

245 5521 277 5572 2
303 5521 517 5575 excidit.
617 5522 661 5554 ι’
700 5521 798 5595 τῷ]
822 5522 879 5575 τό
901 5524 964 5576 Α.
996 5524 1056 5577 C.
1088 5523 1150 5576 E.
1183 5538 1234 5590 ρ.
1271 5536 1321 5587 p.
1345 5521 1592 5588 γίνεσθαί
1611 5523 1670 5580 Ε.

245 5591 306 5643 1).
338 5588 478 5662 E.p.
508 5607 560 5658 ι).
584 5593 714 5662 φησὶ
743 5596 894 5646 deest
931 5594 982 5646 in
1026 5593 1161 5662 ΕΜ.
1254 5591 1530 5662 δθ-ἱερέων
1555 5594 1686 5648 Edd.

239 5521 277 5572 2
303 5521 517 5575 excidit.

1556 5451 1796 5528 ἦν-Ειὶιὶἶ
1867 5457 1915 5489 ⁴⁸
1941 5451 2177 5528 ὕστερον
2207 5475 2316 5513 om.
2349 5461 2408 5516 E.
2440 5463 2510 5516 ob
2538 5463 2848 5520 hommotel.
2894 5464 3069 5518 Simili
3102 5451 3229 5518 caéu
3258 5451 3419 5515 etiam
3449 5461 3501 5514 in
3533 5459 3665 5514 Ben.

1776 5525 1822 5599 ἴτ’
1856 5525 2011 5597 μηδὲ]
2045 5525 2138 5599 κάὶ
2171 5530 2244 5599 μή
2270 5529 2404 5584 Edd-

1779 5596 1824 5627 36
1864 5613 1927 5648 συ

2480 5532 2525 5605 '_‘
2568 5534 2697 5605 εἱσι]
2721 5551 2850 5605 φησι
3021 5533 3194 5605 ⁵³,Μῂ
3219 5531 3315 5605 δή]
3353 5530 3487 5605 μηδέ
3603 5534 3666 5605 β·

1932 5597 2193 5669 γγνώμην
2220 5597 2398 5666 μόνον,
2424 5601 2557 5654 ἀλλά
2585 5597 2840 5656 καῖ’κατὰ
2872 5603 2930 5657 Ε.
2962 5612 3016 5656 ει
3043 5603 3122 5656 sic
3158 5597 3315 5655 Eddf
3354 5597 3365 5602 ⁷
3385 5597 3434 5632 ⁸⁸
3472 5599 3665 5669 αὑτρῦιι

243 5674 350 5738 byn.
484 5659 658 5738 αἰτίας
679 5679 788 5715 om.
813 5663 874 5716 C.
1001 5661 1058 5716 ιτ.
1123 5664 1183 5738 _'°
1217 5659 1327 5738 διό]
1351 5659 1449 5738 Alﬁ:
1479 5663 1634 5738 τοῦτο
1663 5665 1796 5738 Edd.
1875 5667 1905 5697 ⁸“

2025 5666 2038 5738 ]
2071 5659 2188 5724 οὐδέ
2220 5659 2282 5722 Ῐ).
2357 5659 2402 5702 ’ἀ
2441 5675 2534 5724 καί
2553 5688 2661 5724 om.
2690 5674 2749 5724 Α.
2776 5673 2865 5724 καί
2897 5681 3022 5726 ante
3049 5671 3191 5725 οὕτω
3213 5687 3322 5725 om.
3352 5669 3414 5728 D.
3489 5669 3533 5700 "
3561 5659 3666 5722 Cu;

245 5731 392 5783 (lic-os
413 5731 730 5812 ἀρχιερέων.
763 5734 1090 5812 sacer_do_lum
1113 5733 1208 5788 Gc.
1233 5735 1378 5812 Αιςιῃ.
1409 5731 1609 5812 Deinde
1639 5737 1884 5812 voqqlam

2025 5731 2234 5812 Ξιοιο-τὸ
2265 5740 2395 5812 αύτό
2425 5758 2488 5812 ex
2524 5742 2776 5812 munibus
2808 5742 2964 5797 codd.
2992 5743 3189 5812 recepi.
3269 5743 3314 5775 ⁸ο
3352 5740 3520 5812 Vulgo
3542 5740 3664 5809 ἠνέ-

247 5815 420 5867 σχετο·
452 5801 563 5852 ἀλλ’
593 5803 863 5853 ἁπάντων.
900 5805 1184 5871 ἠνέσχοντο
1211 5803 1369 5858 codd.
1397 5812 1448 5857 ει
1472 5801 1653 5859 Verss.
1686 5806 1800 5858 ἀλλ’
1822 5822 1905 5861 om

2055 5809 2114 5862 Ε.
2140 5808 2198 5864 F.
2235 5811 2501 5865 culelcvil
2535 5811 2658 5864 δαν.

635 5900 903 5962 ΡΑτιιοι..
953 5903 997 5959 G
1011 5923 1065 5962 ιι.
1123 5905 1304 5968 LVII.

3168 5901 3244 5960 :23
