4010 6128
1550 123 1608 134 -νν-
1616 122 1661 129 ..α
1705 123 1709 126 .

256 233 370 289 ιὸἹ

258 336 442 408 dedit,
465 339 718 397 dixisset:
747 337 895 394 Bona
925 333 1075 389 facﬂc
1099 331 1154 388 in
1177 331 1418 395 sabbato,
1449 330 1544 385 sed
1574 329 1708 383 mala
1733 343 1840 380 non

249 435 600 508 'operemlni,
649 432 820 501 legem
875 443 980 483 non
1026 433 1292 480 servasset
1355 423 1616 492 populus;
1661 435 1841 474 verum

259 527 447 583 omnia
475 523 632 580 simul
656 520 822 577 vetuit
849 538 863 573 :
888 518 1036 572 Nihil
1067 517 1259 586 facietis
1279 555 1293 578 ,
1323 514 1515 582 inquit.
1553 511 1735 580 Neque
1762 523 1831 564 ta-

254 634 392 674 men
409 617 501 673 sic
526 630 588 670 se
611 614 938 669 continuere.
987 609 1104 678 Ipse
1129 621 1257 662 vero
1285 620 1405 660 cum
1435 605 1610 675 legem
1640 603 1844 658 sabbati

259 713 434 776 dedit,
463 711 688 766 obscure
710 707 1058 778 signiﬁcavit,
1088 704 1226 759 velle
1251 717 1309 758 se
1338 713 1394 756 ut
1422 717 1452 755 a
1497 701 1650 755 malis
1674 701 1843 753 solum

260 807 618 862 abstinerent.
671 801 819 855 Nihil
843 800 982 854 enim
1014 797 1240 866 facietis,
1272 797 1475 865 inquit,
1520 794 1616 846 nisi
1647 809 1704 845 ea
1732 807 1846 858 qua!

249 899 421 968 :faciet
448 897 619 949 anima
645 892 838 966 (Exod.
872 891 959 946 12.
993 887 1104 962 16).
1149 887 1202 941 1η
1233 887 1429 956 templo
1467 895 1642 939 autem
1668 883 1844 937 omnia

264 989 493 1051 fiebant,
523 996 578 1040 et
605 1001 726 1040 cum
748 983 936 1052 majori
976 980 1151 1034 studio
1175 1019 1190 1041 ,
1221 978 1522 1047 duplicique
1547 991 1728 1044 opera.
1759 974 1847 1028 Sic

250 1094 368 1149 vper
398 1079 569 1148 ipsam
596 1077 836 1130 umbram
867 1074 1144 1128 veritatem
1169 1069 1273 1125 illis
1298 1069 1589 1139 aperiebat.
1609 1065 1844 1120 'Tantum

249 1185 402 1239 ergo
429 1172 634 1224 lucrum
655 1209 672 1234 ,
705 1165 910 1236 inquies
928 1205 944 1230 ,
972 1163 1192 1218 abstulit
1214 1161 1491 1217 Christus?
1518 1159 1701 1222 Absit;
1733 1159 1842 1211 imo

251 1261 403 1314 illud
435 1259 716 1314 admodum
743 1257 906 1310 auxit.
941 1255 1172 1323 Tempus
1201 1254 1340 1307 enim
1358 1260 1485 1305 erat
1513 1259 1568 1303 ut
1595 1265 1691 1318 per
1718 1249 1846 1302 sub-

261 1353 480 1408 limiora
529 1351 902 1405 emdirentur:
968 1360 1143 1414 neque
1187 1343 1464 1412 oportebat
1509 1355 1698 1395 manus
1732 1340 1848 1407 ejus

264 1445 472 1514 ligare,
501 1443 588 1511 qui
617 1457 647 1494 a
685 1439 916 1509 nequitia
947 1445 1161 1500 erutus,
1207 1433 1273 1486 ad
1319 1433 1454 1486 bona
1483 1431 1659 1485 omnia
1695 1431 1845 1483 vola-

265 1535 393 1598 bat;
435 1547 607 1602 neque
655 1531 776 1586 inde
802 1529 1040 1584 ediscere
1086 1526 1248 1580 Deum
1275 1523 1452 1578 omnia
1499 1522 1722 1586 fecisse;
1752 1534 1850 1576 nec

265 1624 396 1681 inde
426 1623 626 1678 institui
652 1620 717 1675 ad
763 1617 1222 1673 mansuetudinem
1251 1629 1344 1670 eos
1364 1655 1377 1677 ,
1403 1614 1490 1684 qui
1517 1612 1583 1666 ad
1631 1612 1721 1666 Dei
1750 1612 1848 1666 be-

249 1715 580 1784 nignitatem
626 1709 933 1764 imitandam
963 1707 1136 1762 vocati
1179 1713 1332 1760 erant
1368 1721 1382 1756 :
1413 1703 1581 1758 Estote
1604 1744 1619 1768 ,
1649 1702 1846 1772 inquit,

246 1804 620 1860 misericordes
665 1803 794 1855 sicut
833 1798 991 1852 Pater
1031 1806 1190 1852 vester
1218 1795 1426 1850 caelestis
1453 1793 1605 1864 (Luc.
1627 1794 1685 1846 '6.
1717 1791 1844 1863 56);

253 1895 479 1949 nullum
509 1893 649 1947 diem
698 1891 890 1946 festum
935 1904 1092 1960 agere
1121 1902 1234 1953 eos,
1260 1887 1346 1956 qui
1378 1900 1470 1954 per
1495 1893 1659 1938 totam
1685 1883 1847 1937 vitam

251 1986 468 2042 festum
496 1998 654 2056 agere
665 1984 1017 2053 jubebantur:
1045 1995 1165 2034 nam
1182 1980 1275 2044 ait,
1301 1977 1503 2032 Fest-um
1520 1977 1843 2041 celebremus,

247 2094 370 2132 -ηοη
388 2078 439 2130 in
458 2077 696 2145 fermento
721 2073 900 2137 veteri,
917 2087 1072 2140 neque
1086 2072 1138 2123 in
1156 2073 1397 2140 fermento
1410 2069 1614 2120 malitia:
1629 2076 1674 2120 et
1685 2067 1851 2134 nequi-

263 2171 376 2234 tia,
409 2168 497 2222 sed
523 2168 577 2220 in
605 2165 797 2235 azymis
821 2162 1119 2216 sinceritatis
1139 2169 1184 2214 et
1204 2160 1423 2212 veritatis
1444 2156 1662 2227 (l.‘Cor.
1691 2156 1744 2210 ὃ.
1770 2156 1846 2224 8).

247 2262 386 2317 Non
435 2266 645 2330 oportet
692 2257 834 2312 enim
877 2268 1045 2324 prope
1092 2266 1269 2306 arcam
1315 2259 1370 2305 et
1422 2249 1588 2304 altare
1630 2261 1847 2302 aureum

247 2361 413 2406 stare
439 2365 553 2414 eos,
574 2349 673 2420 qui
700 2347 937 2402 omnium
981 2345 1260 2400 Dominum
1291 2341 1493 2396 habent
1534 2354 1715 2395 secum
1749 2340 1845 2392 ha-

261 2443 525 2498 bitantem
553 2481 570 2506 ,
599 2440 795 2510 quique
836 2452 934 2508 per
961 2437 1139 2491 omnia
1187 2435 1356 2503 ipsum
1404 2433 1760 2501 alloquuntur,
1794 2435 1848 2482 et

252 2550 366 2606 «per
390 2534 704 2598 orationem,
732 2539 786 2586 et
816 2545 911 2600 per
935 2528 1280 2591 oblationem,
1311 2533 1365 2580 et
1396 2539 1488 2593 per
1509 2521 1841 2590 ‘Scripturas,

251 2635 322 2681 et
367 2641 461 2694 per
489 2624 882 2693 eleemosynam
903 2661 918 2683 ,
952 2629 1005 2674 et
1041 2617 1184 2689 quod
1230 2617 1369 2671 intus
1401 2614 1546 2668 illum
1597 2611 1844 2665 habeant.

253 2717 400 2784 Quae
439 2730 567 2785 ergo
609 2712 813 2769 sabbati
853 2709 1143 2766 necessitas
1189 2709 1239 2760 ei
1268 2708 1358 2777 qui
1397 2719 1609 2774 semper
1655 2702 1846 2757 festum

261 2807 542 2872 celebrat,
572 2806 662 2875 qui
693 2807 744 2858 in
770 2804 906 2858 caelo
947 2800 1223 2856 versatur?
1245 2798 1460 2853 Festum
1491 2809 1619 2865 ergo
1652 2808 1849 2864 perpe-

255 2911 362 2956 tuo
391 2913 628 2969 agamus,
650 2897 885 2966 nihilque
903 2895 1030 2948 mali
1055 2906 1368 2963 operemur;
1399 2889 1525 2945 illud
1550 2889 1690 2942 enim
1717 2900 1847 2941 vere

253 2993 463 3048 festum
507 2998 591 3044 est
627 3007 640 3040 :
683 2987 777 3042 sed
822 2985 1118 3056 spiritualia
1157 2981 1528 3046 intendamus,
1559 2977 1848 3035 abscedant

254 3094 483 3140 terrena
503 3122 517 3144 ,
548 3081 808 3152 Spirituali
852 3081 960 3132 otio
988 3079 1252 3140 etiemur,
1282 3086 1472 3126 manus
1512 3071 1579 3123 ab
1627 3069 1847 3123 avaritia

257 3178 612 3238 cohibentes,
660 3187 855 3241 corpus
887 3185 916 3222 a
959 3166 1328 3235 superﬂuis-et
1372 3161 1647 3215 inutilibus
1674 3159 1844 3212 abdu-

262 3277 454 3324 centes
483 3262 753 3318 laboribus
773 3302 786 3324 ,
811 3259 998 3328 quibus
1023 3255 1249 3309 afflictus
1274 3261 1356 3308 est
1381 3252 1506 3304 olim
1535 3252 1588 3303 in
1615 3248 1850 3320 Egypto

262 3357 618 3414 Hebraeorum
669 3350 935 3420 populus:
977 3347 1110 3401 nihil
1151 3345 1293 3398 enim
1343 3341 1639 3396 differimus
1688 3347 1848 3408 quot-

261 3455 400 3518 quot
427 3457 614 3498 aurum
641 3439 958 3509 colligimus,
988 3437 1055 3491 ab
1080 3435 1144 3488 iis
1169 3434 1258 3504 qui
1276 3432 1428 3486 luteo
1455 3430 1603 3500 operi
1631 3427 1849 3482 addice-

265 3541 497 3599 bantur,
528 3535 828 3601 lateresque
857 3537 1140 3600 operantes
1163 3567 1179 3593 ,
1217 3534 1282 3580 'et
1313 3524 1490 3593 paleas
1538 3520 1850 3589 colligentes

264 3627 690 3698 flagellabantur.
745 3621 877 3676 Nam
928 3633 1066 3672 nunc
1103 3630 1315 3687 quoque
1370 3613 1612 3668 diabolus
1660 3606 1851 3666 lateres

264 3722 417 3794 jubet
439 3730 696 3788 apparare
717 3757 732 3780 ,
760 3723 820 3768 ut
844 3713 969 3768 olim
1000 3711 1228 3765 Pharao.
1257 3707 1392 3773 Quid
1414 3707 1554 3760 enim
1602 3704 1742 3758 aliud
1769 3711 1852 3758 est

268 3826 458 3866 aurum
480 3850 495 3873 ,
527 3823 684 3879 quam
731 3807 898 3860 lutum
919 3804 944 3856 τ
992 3801 1118 3872 quid
1167 3799 1312 3854 aliud
1348 3805 1624 3867 argentum
1648 3837 1661 3859 ,
1690 3809 1848 3864 quam

268 3901 466 3974 palea?
492 3900 622 3954 Nam
648 3903 925 3966 argentum
953 3895 1096 3947 velut
1116 3893 1266 3962 palea
1293 3890 1634 3959 cupiditatem
1662 3900 1855 3940 accen~

269 3995 383 4058 dit,
415 4000 471 4046 et
499 4004 682 4043 aurum
713 3988 807 4040 luti
837 3987 1006 4040 instar
1036 3984 1184 4036 illum
1214 3982 1452 4049 inquinat
1475 3979 1565 4048 qui
1595 3976 1851 4047 possidet.

273 4086 405 4141 ideo
437 4083 584 4136 misit
627 4077 782 4133 nobis
823 4091 928 4130 non
969 4075 1153 4128 Mosen
1184 4087 1251 4124 ex
1299 4070 1514 4126 deserto
1538 4068 1750 4138 A‘Igypti
1782 4067 1797 4098 ⁸
1833 4105 1851 4131 ,

278 4176 374 4231 sed
404 4174 596 4229 Filium
623 4185 776 4226 suum
805 4167 872 4222 de
898 4166 1048 4220 caelo.
1077 4163 1131 4218 Si
1175 4163 1348 4231 itaque
1373 4170 1494 4230 post
1517 4160 1633 4227 ejus
1657 4159 1855 4212 adven-

276 4277 388 4321 tum
416 4267 466 4320 in
489 4264 718 4334 Egypto
747 4257 1040 4321 manseris,
1070 4254 1254 4309 eadem
1296 4252 1512 4322 patieris
1538 4265 1655 4319 (una:
1686 4249 1854 4319 Egy—

276 4360 371 4429 ptii
395 4375 410 4412 :
437 4357 518 4410 sin
547 4355 777 4424 Egypto
797 4351 980 4405 relicta
1003 4347 1198 4401 abieris
1217 4359 1337 4398 cum
1363 4342 1617 4411 spirituali
1641 4341 1850 4404 lsraele,

276 4453 658 4510 miraculorum
686 4448 921 4502 omnium
952 4449 1220 4514 specta-tor
1246 4439 1374 4492 eris.

274 4545 302 4568 ‘
349 4546 402 4598 4.
436 4541 544 4596 Nec
584 4548 760 4593 tamen
804 4537 857 4590 id
906 4537 1076 4589 solum
1125 4530 1193 4584 ad
1232 4531 1456 4584 salutem
1484 4524 1696 4580 sufficit.
1737 4523 1852 4578 Non

276 4638 421 4692 enim
451 4634 516 4686 ab
538 4630 988 4700 [Egyptotantnm
1017 4621 1372 4679 recedendum
1400 4628 1516 4682 est;
1548 4618 1640 4671 sed
1672 4617 1721 4669 in
1746 4623 1856 4668 ter-

279 4745 390 4784 ram
425 4722 794 4797 promissionis
825 4717 1149 4772 intrandum.
1177 4711 1614 4782 Quandoquidem
1655 4707 1854 4772 Judaei,

279 4833 336 4876 ut
385 4821 459 4873 ait
505 4817 694 4871 Paulus
742 4811 941 4883 (Hebr.
983 4809 1072 4862 ll.
1110 4807 1262 4874 29),
1289 4821 1380 4874 per
1429 4818 1574 4857 mare
1619 4800 1855 4854 Rubrum

276 4909 624 4970 transierunt,
652 4917 842 4957 manna
872 4899 1248 4961 comederunt,
1279 4905 1334 4949 et
1376 4902 1557 4964 potum
1607 4890 1857 4960 spiritua-

285 5005 387 5058 lem
419 5001 700 5061 biberunt,
735 5002 964 5048 attamen
997 4981 1182 5043 omnes
1222 4987 1447 5057 periere.
1474 4983 1551 5038 Ne
1575 4983 1732 5050 igitur
1762 4992 1858 5032 nos

283 5109 492 5165 quoque
516 5091 638 5145 talia
669 5089 968 5158 patiamur,
999 5100 1064 5137 ne
1093 5096 1284 5151 segnes
1314 5081 1480 5133 simus
1505 5120 1518 5144 ,
1544 5077 1635 5129 sed
1665 5073 1728 5126 ad
1757 5089 1856 5141 pu-

284 5201 442 5256 gnam
470 5183 635 5253 parati
669 5194 684 5231 :
713 5187 766 5232 at
795 5177 839 5231 si
865 5189 1004 5229 nunc
1042 5172 1226 5226 audias
1255 5170 1424 5224 malos
1451 5168 1820 5236 exploratores
1840 5202 1857 5230 ,

286 5277 374 5346 qui
405 5283 679 5345 angustam
722 5277 776 5324 et
819 5275 1018 5321 arctam
1049 5265 1188 5317 viam
1220 5260 1615 5315 calumnientur
1635 5298 1650 5322 ,
1697 5268 1857 5324 atque

345 5408 360 5438 ί
389 5403 470 5453 Sic
493 5403 643 5452 Savtl.
669 5406 720 5448 et
745 5397 916 5446 Morel.
938 5409 950 5453 ;
972 5393 1056 5442 alii
1080 5405 1142 5442 ex
1169 5391 1380 5449 deserto,
1398 5397 1606 5452 tantum,
1633 5399 1688 5441 ut
1713 5393 1848 5441 (irae-

282 5464 637 5516 ce'edidimus;
664 5460 883 5518 quidam.
909 5469 972 5507 ex
995 5457 1222 5519 ngypto,
1246 5459 1457 5502 tantum.

1206 221 1278 276 ΙΝ
1317 216 1724 278 MATTHEUM
1763 219 1994 277 HOMIL.
2035 219 2280 278 XXXIX.
2321 219 2391 277 al.
2437 218 2546 274 XL.

3427 213 3529 267 4⁸58

1961 329 2044 382 illa
2071 329 2271 392 dicant,
2301 347 2418 400 quae
2449 331 2574 382 olim
2602 327 2674 382 illi
2703 326 2954 384 dicebant
2981 326 3346 397 exploratores
3373 365 3386 387 ,
3421 343 3524 377 non

1954 421 2129 490 populi
2158 421 2385 482 turbam,
2416 420 2509 474 sed
2530 420 2709 474 Jesum
2741 420 3030 482 imitamur,
3056 427 3110 471 ct
3134 417 3332 471 Chalcb
3363 417 3527 468 ﬁliuni

1957 510 2232 578 Jephone;
2265 526 2436 580 neque
2466 512 2610 579 prius
2639 509 2914 574 abscedas,
2944 524 3100 577 quam
3130 509 3182 561 in
3209 506 3524 576 promissum

1953 603 2140 657 caelum
2182 603 2494 671 ingrediaris
2530 602 2547 671 (
2577 600 2735 654 Num.
2784 602 2870 656 l3.
2897 601 3054 654 Josue
3095 602 3160 654 Μ
3187 611 3230 653 et
3264 601 3329 655 15
3354 601 3391 666 ).
3422 600 3530 654 Ne-

1956 710 2060 764 que
2087 694 2359 749 difﬁcilem
2403 703 2557 762 putes
2583 708 2702 748 esse
2728 692 2888 746 viain.
2917 691 3050 746 Nam
3081 692 3126 746 si
3172 692 3370 745 inimici
3407 706 3528 744 eum

1956 801 2217 852 essemus,
2243 801 2341 840 nos
2362 800 2482 840 cum
2511 785 2620 838 Deo
2639 784 3099 839 reconciliavimus
3123 825 3136 847 ,
3167 783 3336 837 multo
3364 784 3539 852 magis.

1961 877 2289 933 reconciliati
2318 875 2540 930 salutem
2571 889 2976 944 consequemur.
3009 873 3202 927 Verum
3230 881 3448 942 angusta
3474 883 3528 925 et

1957 975 2124 1030 arcta,
2149 967 2372 1036 inquies,
2392 967 2483 1020 illa
2503 966 2588 1019 via
2609 974 2708 1020 est.
2733 964 2836 1018 Sed
2876 964 3040 1032 prior,
3065 977 3159 1032 per
3175 977 3331 1031 quam
3359 970 3532 1016 trans-

1947 1060 2112 1122 ‘ivisti,
2147 1074 2252 1112 non
2277 1065 2495 1126 anglista
2522 1066 2576 1111 et
2601 1063 2743 1110 arcta
2770 1053 2929 1109 modo
2949 1062 3051 1118 est,
3075 1053 3167 1107 sed
3190 1054 3347 1107 etiam
3369 1053 3526 1116 invia,

1954 1165 2017 1204 ac
2053 1148 2179 1204 feris
2217 1148 2522 1218 agrestibus
2572 1147 2727 1216 plena
2774 1159 2880 1198 :ac
2925 1143 3369 1212 quemadmodum
3419 1158 3527 1195 non

1956 1248 2202 1309 poterant
2245 1255 2342 1308 per
2368 1254 2514 1292 mare
2562 1238 2802 1291 Rubrum
2852 1236 3078 1290 transire
3103 1235 3222 1288 sine
3268 1233 3528 1288 miraculo

1956 1331 2047 1384 illo
2083 1331 2198 1384 :sic
2241 1329 2346 1382 noti
2391 1336 2697 1397 poteramus
2739 1327 2792 1379 in
2828 1327 3008 1394 priore
3038 1326 3142 1378 vita
3173 1334 3452 1378 manentes
3477 1323 3528 1376 in

1957 1422 2144 1475 cmlum
2175 1419 2465 1474 ascendere
2489 1459 2504 1485 ,
2537 1418 2638 1472 nisi
2683 1417 2942 1486 baptisma
2976 1416 3027 1469 in
3053 1414 3231 1470 medio
3251 1414 3532 1482 apparuis-

1955 1521 2058 1567 set.
2086 1512 2141 1568 Si
2171 1521 2351 1566 autem
2393 1510 2520 1564 illud
2550 1508 2690 1578 quod
2720 1508 2832 1562 ﬁeri
2862 1523 2966 1560 non
3009 1513 3250 1575 poterat,
3303 1507 3414 1560 lieri
3448 1515 3529 1558 ta-

1956 1619 2076 1658 men
2100 1605 2304 1674 potuit,
2335 1601 2500 1656 multo
2528 1600 2695 1669 magis
2736 1597 2878 1668 quod
2917 1597 3132 1651 difficile
3175 1605 3325 1659 erat,
3373 1595 3524 1649 facile

1953 1696 2162 1751 evadet.

2021 1785 2217 1840 Gratia:
2247 1786 2428 1839 divina:
2458 1783 2600 1838 labor
2622 1789 2790 1836 noster
2826 1775 3114 1834 addendos.
3156 1778 3530 1848 Prwceptorum

1951 1880 2197 1952 facilitas.
2220 1879 2492 1932 —\'erum
2522 1875 2684 1942 illud,
2718 1875 2953 1943 inquies,
2987 1889 3080 1940 per
3106 1872 3274 1926 solam
3307 1871 3530 1941 gratiam

1947 1973 2131 2026 ‘ﬁcbat.
2181 1972 2247 2024 Et
2289 1970 2408 2024 ideo
2438 1970 2668 2021 maxime
2710 1967 2831 2034 jure
2875 1963 3135 2018 confidas.
3172 1962 3234 2017 Si
3264 1965 3403 2016 enim
3442 1962 3531 2016 ubi

1938 2062 2068 2116 'sola
2098 2061 2268 2130 gratia
2299 2069 2445 2122 erat,
2469 2057 2559 2111 illa
2594 2067 2768 2110 tamen
2808 2051 3023 2124 operata
3042 2063 3134 2108 est
3167 2073 3180 2105 :
3209 2052 3298 2106 ubi
3325 2052 3534 2106 labores

1955 2150 2288 2213 addiderilis,
2319 2162 2493 2201 annon
2524 2147 2693 2200 multo
2729 2145 2898 2216 magis
2926 2143 3333 2212 cooperabitur?
3360 2143 3405 2196 si
3450 2143 3532 2194 ni-

1946 2243 2031 2298 ’hil
2059 2251 2301 2314 agentem
2329 2240 2558 2295 servavit
2583 2280 2601 2306 ,
2635 2253 2811 2292 annon
2841 2236 3007 2290 multo
3033 2235 3198 2305 magis
3224 2243 3530 2304 operantem
3564 2271 3570 2278 ς

1949 2336 2196 2407 juvabit?
2223 2335 2392 2403 Supra
2419 2331 2657 2386 dicebam
2681 2371 2694 2392 ,
2726 2344 2785 2384 ex
2834 2329 2898 2383 iis
2927 2343 3046 2397 quae
3086 2326 3203 2380 ﬁeri
3242 2340 3346 2380 non
3377 2338 3533 2394 posse

1947 2431 2286 2493 videbantur,
2320 2436 2375 2482 et
2401 2436 2574 2479 tamen
2603 2423 2744 2477 facta
2787 2430 2939 2487 sunt,
2970 2421 3030 2474 in
3059 2418 3361 2474 difﬁcilibus
3392 2418 3530 2471 ﬁdu-

1951 2521 2086 2575 ciam
2117 2520 2208 2573 tibi
2250 2518 2402 2572 dari:
2437 2532 2575 2570 nunc
2613 2523 2788 2568 autem
2821 2513 2969 2576 dico,
3003 2512 3047 2565 si
3077 2510 3385 2581 vigilemus,
3419 2509 3533 2563 inre

1951 2629 2020 2667 ne
2069 2611 2302 2667 difﬁcilia
2346 2608 2560 2678 quidem
2611 2606 2744 2660 fore.
2784 2604 3104 2659 Consideres
3150 2601 3291 2655 enim
3333 2601 3529 2665 velim,

1952 2714 2178 2761 mortem
2231 2703 2590 2758 eonculcatam
2648 2698 2842 2764 fuisse,
2888 2695 3153 2750 diabolum
3203 2694 3529 2759 concidisse,

1952 2800 2120 2870 legero
2140 2796 2338 2867 peccati
2361 2793 2671 2850 exstinctam
2691 2805 2830 2854 esse,
2849 2789 3075 2859 Spiritus
3091 2787 3311 2858 gratiam
3331 2787 3530 2846 datam,

1949 2893 2112 2946 vitam
2141 2891 2193 2944 in
2224 2889 2384 2942 breve
2411 2895 2619 2955 tempus
2638 2889 2984 2946 contractam,
3017 2893 3176 2933 onera
3202 2878 3441 2947 praecisa.
3465 2877 3535 2930 Et

1951 2985 2012 3037 tit
2035 2982 2147 3036 haze
2173 2980 2240 3034 ab
2268 2979 2396 3048 ipsis
2421 2977 2676 3046 operibus
2696 2974 2906 3028 ediscas
2930 3012 2945 3036 ,
2976 2970 3247 3041 perpende
3271 2977 3402 3038 quot
3427 2969 3536 3023 sint

1951 3074 2038 3143 qui
2070 3072 2268 3140 majora
2291 3112 2304 3132 ,
2335 3083 2492 3138 quam
2535 3065 2778 3119 Christus
2819 3062 3092 3130 praecipiat
3113 3101 3128 3126 ,
3178 3059 3402 3113 fecerint
3431 3075 3442 3110 :
3477 3066 3534 3111 tu

1950 3179 2078 3219 vero
2106 3160 2524 3215 mediocritatem
2557 3155 2754 3209 times?
2781 3153 2949 3219 Quam
2984 3165 3110 3219 ergo
3138 3149 3534 3202 excusationem

1953 3255 2174 3310 habebis
2200 3293 2213 3314 ,
2247 3266 2365 3306 cum
2390 3250 2513 3302 aliis
2555 3248 2688 3300 ultra
2732 3254 2904 3299 metas
2932 3241 3300 3297 exsilientibus
3321 3283 3334 3302 ,
3365 3248 3420 3292 tu
3449 3239 3536 3292 vel

1953 3349 2018 3404 ad
2040 3345 2383 3403 constitutum
2411 3339 2692 3394 terminum
2721 3334 2999 3404 pervenire
3020 3331 3292 3402 graveris?
3315 3329 3389 3383 Te
3412 3328 3537 3382 hor-

1954 3452 2129 3498 tamur
2152 3455 2216 3494 ex
2263 3435 2605 3493 facultatibus
2633 3434 2737 3487 tuis
2758 3432 3159 3499 ‘eleemosynam
3179 3427 3364 3496 ~dare;
3398 3424 3534 3477 alius

1953 3551 2082 3592 vero
2104 3548 2224 3588 sese
2253 3531 2364 3587 suis
2391 3528 2636 3583 omnibus
2657 3522 2904 3594 spoliavit
2933 3539 2946 3574 :
2977 3530 3028 3575 te
3050 3533 3297 3589 rogamus
3323 3526 3380 3570 ut
3406 3532 3527 3570 cum

1955 3641 2120 3682 uxore
2165 3634 2253 3679 tua
2283 3629 2430 3678 caste
2475 3621 2658 3682 vivas;
2690 3617 2824 3670 alius
2852 3629 2977 3668 vero
3004 3614 3161 3668 etiam
3211 3627 3239 3664 a
3270 3607 3536 3664 connubio

1956 3717 2211 3773 abstinuit
2240 3735 2252 3770 :
2285 3726 2336 3769 te
2367 3725 2643 3768 monemus
2674 3725 2741 3764 ne
2769 3708 2843 3762 sis
2891 3703 3098 3760 invidus
3124 3721 3138 3767 ;
3171 3704 3331 3756 alium
3359 3710 3535 3754 autem

1957 3810 2214 3864 habemus
2234 3847 2248 3868 ,
2277 3806 2365 3874 qui
2391 3818 2456 3858 ex
2486 3802 2706 3856 caritate
2743 3800 2832 3851 dat
2879 3799 3046 3865 ipsam
3078 3795 3308 3848 animam
3339 3807 3487 3846 suam
3518 3805 3532 3842 :

1958 3911 2011 3957 te
2040 3902 2387 3956 obsecramus
2411 3905 2466 3949 ut
2497 3894 2773 3962 indulgens
2819 3889 2894 3944 sis
2923 3904 3022 3942 nec
3053 3887 3211 3940 nimis
3241 3899 3458 3939 severus
3483 3885 3535 3935 in

1957 4000 2271 4064 peccantes;
2294 3991 2428 4042 alius
2456 3996 2758 4055 percussus,
2785 3979 3003 4033 alteram
3026 3975 3218 4030 obtulit
3247 3973 3534 4027 maxillam.

1958 4085 2093 4156 Quid
2148 4086 2305 4154 igitur
2327 4123 2341 4145 ,
2389 4091 2571 4148 quaso
2595 4119 2608 4140 ,
2641 4072 2916 4127 dicemus?
2955 4082 3111 4137 quam
3141 4066 3537 4120 excusationem

1959 4179 2272 4240 all'eremus,
2319 4188 2385 4228 ne
2411 4172 2496 4226 illa
2542 4166 2756 4237 quidem
2804 4162 3058 4216 facientes
3079 4200 3094 4222 ,
3123 4173 3241 4229 quae
3267 4157 3353 4211 alii
3386 4157 3540 4224 longe

1960 4267 2249 4339 superant?
2276 4265 2456 4333 Neque
2477 4261 2616 4314 enim
2648 4260 3009 4325 superassent,
3043 4249 3141 4304 nisi
3165 4263 3369 4302 summa
3397 4255 3540 4300 esset

1960 4367 2036 4419 rei
2081 4369 2364 4431 praarep'tte
2416 4355 2660 4408 facilitas.
2712 4350 2840 4415 Quis
2882 4346 3023 4400 enim
3065 4343 3322 4405 tabescit,
3355 4355 3420 4393 an
3449 4354 3540 4408 qtll

1960 4456 2184 4510 aliorum
2215 4451 2366 4505 bouis
2410 4445 2642 4506 invidet,
2674 4457 2739 4494 an
2772 4440 2860 4510 qui
2901 4437 2968 4491 de
2999 4437 3063 4490 iis
3088 4433 3280 4505 gaudet
3310 4441 3363 4486 et
3390 4432 3540 4484 la-ta-

1961 4547 2082 4600 tur?
2131 4545 2248 4613 quis
2285 4540 2460 4594 omnia
2507 4543 2750 4605 suspecta
2802 4531 2962 4585 habet
3005 4537 3061 4582 et
3107 4526 3322 4588 tremit,
3382 4523 3542 4575 homo

1961 4646 2138 4692 castus
2167 4649 2232 4687 an
2265 4628 2544 4687 machus?
2577 4626 2695 4692 quis
2738 4623 2875 4676 bona
2909 4633 3028 4674 eum
3071 4631 3166 4685 spe
3209 4613 3434 4683 gaudet,
3474 4626 3540 4664 an

1964 4738 2182 4796 raptor,
2233 4740 2298 4778 an
2351 4722 2394 4774 is
2440 4719 2528 4788 qui
2585 4717 2899 4775 miseratus,
2932 4725 3024 4763 sua
3051 4706 3224 4778 egenti
3277 4701 3540 4772 largitur?

1965 4822 2090 4875 lla'c
2139 4819 2315 4886 itaque
2344 4787 2638 4882 cogitantes
2659 4847 2673 4870 ,
2705 4822 2772 4858 ne
2813 4816 3004 4872 segnes
3034 4799 3199 4854 simus
3240 4795 3305 4850 ad
3336 4787 3546 4848 virtutis

1965 4925 2176 4966 cursum
2204 4902 2622 4976 capessendum;
2654 4897 2745 4952 sed
2777 4895 3022 4949 alacriter
3053 4891 3120 4944 ad
3169 4890 3284 4943 haec
3326 4886 3543 4958 pulchra

1965 5000 2254 5055 certamina
2284 5011 2378 5049 nos
2405 4995 2749 5052 instruentes,
2775 4986 2922 5040 brevi
2952 4995 3192 5052 tempore
3219 4981 3542 5043 laboremus,

1969 5103 2025 5147 ut
2081 5101 2359 5162 perpetuas
2406 5093 2461 5138 et
2521 5081 2843 5135 immortales
2893 5090 3118 5131 coronas
3179 5073 3543 5141 accipiamus:

1966 5202 2098 5257 quas
2125 5182 2323 5236 minam
2372 5176 2726 5244 adipisCamnr
2766 5169 2934 5240 gratia
2982 5175 3038 5223 et
3082 5161 3544 5235 benignitateDo-

1966 5248 2095 5333 lllllll
2145 5273 2311 5326 nostri
2359 5269 2482 5322 .lcsu
2529 5265 2762 5324 Christi,
2789 5265 2872 5317 cui
2901 5260 3064 5332 gloria
3093 5267 3147 5316 et
3177 5253 3454 5324 imperimn
3494 5248 3544 5300 in

1966 5369 2161 5425 secula
2187 5363 2526 5420 s:eculorum.
2556 5362 2745 5414 Amen.
