4010 6128
474 285 2249 312 —_—-————-—————-———-—-—-—-—

1210 153 1268 208 S.
1303 149 1582 210 SOANNTS
1599 147 2072 210 CHRYSOSTOMI
2112 153 2424 212 ARCHIEP.
2465 158 2994 222 CONSTANTINOP.

3647 179 3773 236 HO

2724 297 3766 329 ,_________

2254 289 2451 306 Ἠ

2457 292 2720 306 —_—

1651 358 1997 420 HOMILIA
2048 351 2184 417 XL.
2231 361 2318 422 al.
2349 363 2512 426 XLI.

467 509 596 565 CAP.
637 507 724 564 12.
755 523 805 560 v.
833 507 886 562 9.
938 506 1002 560 Et
1039 506 1286 560 transiens
1325 505 1462 567 inde,
1495 503 1625 558 venit
1651 504 1704 556 in
1739 516 2049 572 synagogam
2148 512 2329 570 ratur,
2371 517 2419 560 et
2455 524 2546 579 ego
2573 526 2756 578 operor
2789 512 2981 584 (Joan.
3015 517 3069 571 5.
3119 519 3185 572 17
3213 518 3256 584 ).
3281 520 3455 591 Super
3477 527 3760 594 apostoli,

535 616 709 654 eorum
737 615 755 652 :
788 597 874 653 10.
920 607 968 652 et
1006 613 1118 652 ecce
1162 598 1310 649 homo
1349 605 1458 648 erat
1500 595 1568 648 ibi
1616 594 1801 649 habens
1839 610 2044 648 manum

537 690 754 743 aridam.

537 783 589 835 1.
621 780 852 834 Rursum
901 779 953 832 in
998 777 1218 833 sabbato
1246 784 1432 843 curat,
1471 777 1548 832 sic
1588 791 1818 847 purgans
1860 791 1922 831 ac
1951 775 2043 831 de-

468 874 691 930 fendens
737 871 1116 941 discipulorum
1157 885 1373 925 suorum
1399 879 1566 940 gesta.
1597 869 1666 924 Et
1708 870 1796 923 alii
1825 869 2040 938 quidem

467 965 806 1036 evangelista:
852 963 1069 1029 dicunt,
1114 961 1296 1017 Jesum
1319 960 1534 1016 homine
1585 959 1676 1014 illo
1708 960 1760 1014 in
1808 958 2042 1034 medium

465 1058 692 1112 adducto
715 1098 729 1120 ,
761 1056 1116 1126 interrogasse
1161 1055 1277 1110 illos
1296 1096 1311 1118 ,
1344 1054 1394 1106 Ν
1402 1070 1485 1106 um
1512 1054 1624 1108 licet
1650 1051 1866 1106 sabbatis
1893 1051 2040 1105 bene-

465 1154 629 1216 facere
649 1146 837 1216 (Marc.
869 1148 922 1201 5.
951 1148 1010 1210 1.;
1041 1144 1168 1200 Luc.
1192 1146 1242 1200 6.
1276 1145 1370 1216 9)?
1393 1144 1675 1214 Perpende
1703 1143 1910 1198 Domini
1942 1143 2042 1198 mi-

463 1237 829 1292 sericordiam.
888 1237 1060 1305 Ipsum
1108 1237 1158 1292 in
1206 1235 1384 1290 medio
1423 1235 1729 1301 constituit,
1762 1243 1821 1288 ut
1863 1233 2043 1289 vel~ex

456 1340 679 1402 aspectu
716 1331 857 1399 ipsos
887 1329 1123 1384 ﬂecteret
1142 1371 1156 1392 ,
1181 1340 1234 1384 et
1255 1345 1320 1400 ex
1343 1328 1648 1398 spectaculo
1678 1326 1828 1381 fracti
1853 1326 2043 1396 nequi-

463 1423 588 1475 tiam
617 1421 966 1490 deponerent,
996 1428 1049 1474 et
1077 1419 1343 1474 hominem
1374 1419 1624 1484 reveriti,
1655 1418 2040 1472 immanitatem

462 1526 610 1565 suam
639 1512 907 1566 sedarent.
938 1509 1137 1564 Verum
1177 1510 1252 1563 illi
1285 1509 1525 1564 indomiti
1549 1518 1603 1564 et
1631 1508 1903 1562 inhumani
1929 1522 2043 1561 ma-

463 1603 581 1656 lunt
622 1601 820 1656 Christi
867 1602 1087 1671 gloriam
1143 1601 1373 1665 laedere,
1421 1615 1579 1670 quam
1625 1599 1766 1654 hunc
1800 1610 2041 1654 sanatum

467 1694 798 1762 conspicere,
831 1691 1080 1760 utrinque
1110 1690 1271 1744 animi
1315 1691 1628 1760 pravitatem
1660 1689 2038 1753 ostendentes,

462 1795 516 1840 et
535 1785 676 1855 quod
699 1784 967 1839 Christum
993 1784 1366 1853 impugnarent
1384 1824 1399 1849 ,
1427 1789 1480 1836 et
1504 1797 1624 1836 cum
1655 1790 1799 1836 tanta
1824 1790 2043 1836 conten-

462 1877 606 1930 tione
636 1874 686 1928 id
717 1873 954 1929 facerent
973 1915 988 1941 ,
1019 1883 1076 1928 ut
1098 1877 1260 1928 etiam
1305 1874 1494 1928 collata
1541 1873 1594 1926 in
1623 1873 1756 1928 alios
1785 1871 2041 1927 beneﬁcia

460 1967 894 2022 iuterturbarent.
927 1965 1027 2019 Alii
1055 1965 1268 2035 quidem
1297 1965 1640 2036 evangelista:
1666 1965 1850 2018 dicunt
1870 1965 2041 2033 ipsum

458 2061 834 2129 interrogasse;
858 2057 947 2112 hic
968 2073 1093 2112 vero
1111 2059 1203 2122 ait,
1229 2057 1400 2125 ipsum
1427 2057 1808 2126 interrogatum
1835 2053 2001 2109 fuisse
2025 2070 2038 2106 :

459 2149 525 2204 Et
542 2151 969 2219 interrogaverunt
987 2165 1116 2212 eum,
1140 2147 1330 2217 inquit,
1350 2148 1585 2212 dicentes,
1612 2146 1672 2201 Si
1695 2146 1806 2200 licet
1825 2145 2041 2200 sabbatis

457 2259 653 2306 curare,
678 2251 730 2293 ut
754 2249 1046 2294 accusarent
1064 2238 1706 2293 eum.Yerisimile.autem
1735 2245 1818 2292 est
1838 2245 2042 2291 utrum-

460 2349 564 2403 que
581 2333 778 2388 l'actum
801 2347 938 2386 esse.
963 2330 1182 2386 Scelesti
1206 2331 1490 2385 enim-cum
1517 2337 1718 2396 essent,
1738 2329 2041 2398 scirentque

458 2427 628 2496 ipsum
647 2425 713 2478 ad
729 2424 1056 2479 curationem
1077 2422 1213 2476 haud
1229 2423 1388 2477 dubie
1408 2431 1687 2476 venturum
1708 2436 1847 2487 esse,
1873 2421 2043 2476 inter-

459 2519 738 2587 rogatione
787 2527 1110 2587 prtcvertere
1134 2516 1282 2569 illum
1303 2514 1654 2580 Studuerunt;
1679 2525 1956 2583 sperantes
1981 2528 2040 2568 se

457 2610 510 2664 id
532 2610 634 2664 hoc
661 2608 820 2663 modo
847 2607 1195 2678 impedituros
1227 2622 1362 2662 esse.
1387 2604 1510 2661 ldco
1539 2604 1959 2674 interrogabant,
1981 2605 2042 2659 Si

458 2703 570 2754 licet
616 2700 834 2755 sabbatis
873 2716 1075 2764 curare,
1105 2714 1210 2753 non
1239 2706 1294 2751 ut
1323 2696 1624 2770 discerent,
1662 2694 1757 2749 sed
1798 2704 1854 2749 ut
1878 2709 2038 2748 accu-

458 2790 610 2845 sandi
639 2789 912 2843 materiam
953 2787 1232 2841 haberent.
1284 2785 1505 2839 Etiamsi
1546 2785 1717 2854 ipsum
1749 2799 1883 2853 opus
1912 2785 2040 2839 satis

452 2891 622 2947 esset,
653 2881 696 2935 si
728 2895 982 2935 accusare
1017 2878 1313 2933 voluissent
1339 2895 1352 2932 :
1378 2892 1444 2932 ex
1470 2877 1650 2932 verbis
1677 2885 1851 2931 tamen
1883 2891 2041 2930 occa-

459 2975 663 3028 sionem
683 2981 896 3043 captare
916 2971 1250 3039 studuerunt,
1270 2981 1327 3027 ut
1348 2971 1448 3027 sibi
1473 2971 1729 3041 majorem
1751 2971 2008 3026 crimiuau
2031 3001 2042 3012 -

457 3067 510 3119 di
537 3067 741 3135 contam
768 3072 1032 3136 pararent.
1055 3064 1327 3135 Benignus
1353 3072 1530 3118 autem
1556 3063 1811 3117 Dominus
1837 3070 1891 3116 et
1909 3061 2042 3117 illud

459 3159 604 3224 facit,
638 3167 692 3214 et
711 3157 1016 3227 respondet,
1038 3172 1134 3212 nos
1153 3156 1466 3212 modestiam
1494 3165 1548 3210 et
1574 3154 2039 3209 mansuetudinem

457 3252 657 3307 docens
685 3253 722 3317 ί,
772 3260 1046 3321 totumque
1091 3250 1143 3303 in
1175 3250 1319 3320 ipsos
1357 3247 1622 3304 convertit
1651 3288 1668 3316 ,
1700 3247 2041 3318 ipsorumque

459 3342 898 3399 inhumanitatem
930 3340 1185 3396 ostendit.
1218 3340 1499 3395 Hominem
1540 3339 1591 3394 in
1621 3338 1796 3393 medio
1823 3339 2037 3404 statuit;

452 3451 563 3490 non
593 3433 732 3505 quod
758 3435 876 3490 illos
907 3434 1150 3499 timeret,
1177 3431 1270 3486 sed
1295 3431 1361 3484 ad
1389 3433 1624 3501 ipsorum
1649 3429 1954 3495 utilitatem,
1985 3436 2043 3483 ut

457 3525 524 3580 ad
554 3524 971 3581 misericordiam
1013 3530 1249 3577 voearet.
1287 3519 1418 3576 Cum
1463 3530 1638 3576 autem
1691 3535 1759 3575 ne
1799 3521 1876 3574 sic
1921 3520 2041 3589 qui-

455 3616 581 3670 dem
629 3616 748 3670 illos
778 3614 1035 3678 ﬂecteret,
1068 3621 1194 3666 tunc
1238 3611 1585 3665 contristatus
1613 3618 1726 3676 est,
1755 3610 1960 3680 inquit,
1988 3618 2043 3664 et

459 3708 626 3761 iratus
646 3715 727 3760 est
750 3715 965 3776 propter
986 3704 1231 3759 duritiam
1257 3704 1433 3758 cordis
1454 3718 1638 3759 eorum
1666 3702 1855 3772 (Marc.
1880 3705 1930 3758 5.
1958 3703 2038 3772 5),

458 3799 697 3869 dixitque
724 3816 735 3850 :
763 3799 849 3852 11.
878 3797 1003 3865 Quis
1031 3806 1102 3850 est
1129 3813 1191 3851 ea:
1217 3797 1353 3850 vobis
1381 3796 1550 3859 homo,
1578 3797 1666 3864 qui
1696 3795 1873 3848 habeat
1902 3810 2040 3847 ovem

458 3907 642 3956 unam,
675 3899 720 3944 et
749 3891 793 3944 si
817 3891 868 3943 in
889 3889 1085 3958 foveant
1119 3888 1350 3942 ceciderit
1375 3888 1594 3941 sabbatis
1619 3928 1633 3952 ,
1667 3902 1831 3940 nonne
1855 3901 2040 3954 appre-

455 3982 640 4037 hendet
664 3997 776 4035 eam
804 3989 850 4035 et
879 3980 1073 4050 eriget?
1101 3979 1184 4032 1‘2.
1219 3979 1418 4044 Quanto
1445 3994 1564 4048 ergo
1592 3979 1767 4031 melior
1791 3987 1862 4031 est
1890 3977 2040 4030 homo

455 4075 584 4128 ove?
633 4079 812 4144 itaque
853 4073 964 4126 licet
993 4071 1212 4126 sabbatis
1255 4071 1558 4142 benefacere.
1601 4069 1678 4123 Ne
1708 4067 2042 4138 impudenter

456 4175 651 4237 agant,
680 4181 813 4221 neve
840 4165 990 4236 quasi
1025 4173 1473 4234 transgressorem
1503 4170 1786 4226 accusent,
1817 4175 1910 4230 per
1937 4159 2040 4215 hoc

383 4321 386 4324 ,
457 4260 758 4330 exemplum
788 4274 909 4314 cum
955 4258 1059 4312 illis
1088 4257 1454 4311 ratiocinator.
1488 4255 1568 4309 Tu
1596 4269 1722 4310 vero
1751 4253 1878 4308 mihi
1915 4267 2037 4321 per-

429 4351 662 4421 ipende,
691 4364 850 4419 quam
893 4348 1040 4403 varie
1068 4356 1123 4402 et
1153 4361 1312 4416 quam
1341 4353 1697 4416 congruenter
1724 4343 1915 4412 ubique
1944 4341 2041 4397 de-

432 4408 729 4498 1fensiones
767 4448 923 4512 paret
965 4439 1105 4493 circa
1154 4437 1359 4492 sabbati
1402 4435 1740 4490 solutionem.
1777 4433 1907 4487 Nam
1951 4432 2040 4487 ubi

459 4548 661 4592 catcttm
683 4531 926 4596 curavit,
970 4529 1250 4598 lutumque
1293 4527 1451 4591 fecit,
1485 4541 1590 4580 non
1621 4539 1740 4580 sese
1763 4524 2036 4593 purgavit,

457 4626 581 4680 licet
605 4623 676 4678 illi
708 4624 1012 4677 incusarent
1039 4621 1057 4691 (
1080 4618 1237 4673 Joan.
1261 4617 1318 4688 9)
1347 4636 1359 4670 :
1389 4616 1585 4672 etenim
1610 4615 1898 4671 creationis
1927 4628 2042 4668 mo-

455 4719 558 4772 dus
581 4716 666 4772 hic
691 4729 976 4787 expressus
1003 4715 1178 4784 ipsum
1203 4727 1322 4768 esse
1348 4710 1479 4781 legis
1511 4708 1789 4763 Dominum
1815 4705 2039 4762 demon-

456 4809 678 4863 strabat.
707 4809 762 4864 ln
795 4808 1086 4880 paralytico
1135 4804 1347 4879 (Matth.
1379 4803 1436 4874 9)
1459 4811 1635 4857 autem
1661 4843 1676 4868 ,
1705 4801 1795 4871 qui
1843 4800 2037 4855 lectum

461 4900 720 4969 portavit,
748 4900 874 4954 dum
903 4900 976 4954 illi
1014 4904 1362 4963 accusarent,
1409 4894 1566 4950 modo
1593 4901 1650 4948 ut
1693 4893 1851 4957 Deus,
1881 4889 2040 4945 modo

460 4999 519 5046 ut
567 4990 727 5044 homo
773 5004 896 5046 sese
935 4998 1121 5061 purgat
1152 5007 1166 5043 :
1195 4996 1254 5044 ut
1291 4987 1454 5043 homo
1496 5001 1619 5041 cum
1662 4983 1826 5049 dicit,
1857 4981 1916 5036 Si
1940 4983 2040 5035 cir-

457 5082 812 5139 cumcisione":
851 5081 1032 5148 accipit
1067 5081 1214 5135 homo
1239 5082 1294 5154 in
1321 5080 1558 5144 sabbato,
1601 5085 1654 5130 ut
1693 5089 1793 5129 non
1821 5073 2042 5128 solvatur

459 5177 545 5230 ira:
567 5175 588 5244 .(
613 5187 708 5227 uec
733 5170 900 5236 dixit,
931 5169 1002 5225 lit
1043 5169 1203 5225 homo
1233 5157 1576 5238 adjuvetur),
1605 5166 1729 5218 mihi
1757 5159 2040 5218 irascimini

459 5267 579 5332 quia
626 5273 788 5317 totum
835 5261 1089 5314 hominem
1134 5276 1315 5313 sanum
1362 5258 1457 5327 feci
1487 5254 1685 5328 (Joan.
1733 5257 1789 5310 Ἴ.
1819 5253 1955 5323 93)?
1984 5260 2042 5306 ut

463 5360 603 5413 Deus
631 5366 831 5421 autem,
860 5369 979 5409 cum
1009 5351 1137 5409 dicit
1163 5367 1176 5403 :
1214 5349 1366 5402 Pater
1391 5365 1529 5402 meus
1556 5362 1713 5416 usque
1745 5345 1892 5398 modo
1917 5359 2042 5412 ope-

462 5576 484 5625 ῐ
525 5517 540 5546 ι
569 5514 680 5585 Ἀιίἱ,
712 5527 849 5623 sitiam
890 5509 1216 5575 benignitatem
1259 5505 1606 5559 demonstrans.
1651 5510 1858 5565 Utraque
1898 5499 2044 5550 lectio

484 5590 579 5625 errt
607 5585 743 5625 notes
765 5607 781 5624 ο

484 5590 579 5627 errt
607 5585 781 5638 potest.

2146 611 2276 652 vero
2321 611 2600 658 accusatus
2647 605 2763 658 ait:
2798 604 2918 660 Non
2952 607 3153 678 :legistis
3198 613 3320 680 quid
3363 617 3480 685 fecit
3534 617 3756 688 David,

2143 691 2350 758 quando
2382 693 2584 747 esurioit
2605 696 2711 765 ipse
2739 707 2784 750 et
2805 700 2890 767 qui
2929 715 3044 753 cum
3071 718 3127 757 eo
3154 715 3296 758 erant
3316 706 3342 758 .9
3361 711 3630 777 quomodo
3659 714 3755 766 iis-

2145 781 2308 834 troivit
2349 781 2403 835 in
2445 783 2652 839 domum
2702 787 2829 852 Dei,
2862 800 2908 843 et
2938 807 3092 859 panes
3117 797 3475 864 propositionis
3515 803 3754 858 comedit

2151 869 2357 939 (Matth.
2391 873 2477 928 12.
2499 877 2552 931 ὅ.
2582 877 2678 947 4)ἱ³
2702 877 3016 936 Sacerdotes
3043 898 3256 954 quoque
3280 887 3332 941 in
3370 890 3609 947 medium
3639 895 3750 948 ad-

2148 964 2313 1020 ducit.
2345 966 2440 1023 Hic
2462 983 2670 1024 rursum
2696 1011 2711 1036 ,
2745 971 2822 1025 Αη
2863 974 2978 1028 licet
3006 975 3059 1028 in
3086 976 3290 1031 sabbato
3317 980 3638 1051 benefacere,
3672 1001 3750 1039 an

2148 1057 2484 1128 malefacere?
2530 1059 2655 1123 Quis
2689 1062 2818 1115 enim
2862 1079 2924 1117 ea:
2969 1067 3106 1120 vobis
3152 1067 3350 1121 habebit
3393 1087 3533 1125 ovem
3571 1090 3746 1129 unam

2149 1147 2343 1218 (Marc.
2371 1150 2428 1205 3.
2451 1151 2547 1219 4)?
2575 1151 2802 1207 Noverat
2819 1155 2960 1208 enim
2989 1171 3082 1211 eos
3111 1159 3349 1226 pecunia:
3371 1161 3597 1231 cupidos
3622 1180 3748 1220 ma-

2148 1240 2230 1310 gis
2251 1255 2408 1310 quam
2453 1239 2781 1297 immanitate
2821 1244 3091 1312 praeditos.
3136 1247 3286 1301 Alius
3311 1263 3470 1318 porro
3500 1267 3744 1323 evange-

2150 1330 2268 1383 lista
2317 1329 2494 1400 (Ibid.
2535 1347 2580 1384 υ.
2624 1333 2657 1386 5
2686 1332 2704 1401 )
2731 1334 2844 1399 ait,
2876 1333 3046 1402 ipsum
3095 1337 3573 1409 circnmspexisse,
3606 1359 3740 1399 cum

2148 1421 2250 1473 hoc
2300 1420 2682 1491 interrogaret,
2716 1432 2775 1477 ut
2820 1423 2902 1477 vel
2941 1434 3161 1493 aspectu
3205 1427 3349 1497 ipsos
3391 1431 3690 1488 attraheret
3715 1451 3734 1488 :

2144 1523 2203 1564 at
2231 1526 2298 1566 ne
2328 1513 2404 1566 sic
2433 1513 2646 1582 quidem
2691 1514 2940 1569 meliores
2969 1516 3142 1572 effecti
3183 1527 3327 1574 sunt.
3357 1520 3455 1576 llic
3481 1538 3613 1578 vero
3637 1539 3739 1580 so-

2149 1603 2257 1658 lum
2305 1603 2569 1673 loquitur,
2599 1605 2724 1660 alibi
2775 1622 2966 1663 manus
3007 1609 3167 1664 etiam
3216 1610 3440 1680 imponit
3469 1623 3525 1668 ut
3549 1625 3734 1672 sanet.

2148 1696 2394 1750 Attamen
2441 1695 2573 1750 nihil
2601 1711 2788 1752 eorum
2841 1698 2960 1753 illos
3004 1699 3070 1753 ad
3103 1702 3575 1760 mansuetudinem
3606 1707 3735 1761 alli-

2128 1784 2350 1850 vciebat;
2399 1786 2494 1842 sed
2537 1786 2701 1843 homo
2731 1789 2946 1856 quidem
2976 1789 3310 1858 satiabatur,
3355 1793 3431 1848 illi
3466 1811 3604 1851 avere
3627 1813 3736 1868 per

2149 1874 2265 1945 ejus
2287 1876 2648 1933 valetudinem
2677 1878 2971 1936 deteriores
2987 1879 3373 1938 efﬁciebantur.
3401 1885 3494 1942 llle
3521 1889 3736 1945 volebat

2149 1967 2292 2037 ipsos
2318 1977 2442 2024 ante
2466 1985 2664 2040 aagrum
2691 1985 2900 2038 sanare,
2925 1972 3336 2046 innumerasque
3366 1979 3588 2035 medela:
3619 1984 3735 2039 vias

2150 2061 2405 2126 tentabat,
2434 2071 2488 2116 et
2516 2077 2613 2133 per
2633 2077 2696 2118 ea
2723 2078 2842 2134 quae
2885 2073 3011 2120 ante
3053 2065 3282 2134 fecerat,
3315 2078 3370 2124 et
3397 2087 3492 2140 per
3517 2088 3579 2127 ea
3607 2089 3728 2144 qua:

2147 2151 2462 2222 loquebatur
2491 2169 2505 2207 :
2537 2155 2788 2224 quoniam
2827 2165 3003 2211 autem
3049 2157 3330 2214 iucurabili
3361 2163 3553 2219 morbo
3578 2165 3732 2221 labo-

2146 2245 2368 2312 rabant,
2401 2245 2467 2300 ad
2497 2261 2630 2316 opus
2669 2261 2728 2301 se
2753 2249 2998 2303 contulit.
3047 2251 3131 2305 13.
3166 2249 3307 2306 Tunc
3332 2254 3462 2308 dixit
3490 2255 3732 2311 homini:

2149 2335 2376 2391 Extende
2401 2355 2606 2398 manum
2633 2349 2791 2393 tuam.
2843 2339 2907 2394 Et
2933 2342 3186 2408 extendit,
3214 2353 3263 2398 et
3291 2347 3523 2400 restituta
3550 2358 3619 2403 est
3648 2367 3735 2405 sa-

2147 2431 2293 2486 nitati
2313 2473 2327 2498 ,
2356 2440 2411 2485 ut
2435 2440 2480 2485 et
2505 2432 2683 2486 altera.
2716 2432 2851 2500 Quid
2900 2434 3056 2503 igitur
3084 2435 3199 2490 illi?
3227 2437 3585 2507 Egrediuntur
3603 2482 3619 2507 ,
3651 2443 3735 2498 in-

2147 2524 2289 2592 quit,
2333 2533 2389 2577 et
2431 2523 2773 2589 consultant,
2805 2533 2862 2578 ut
2903 2525 3208 2580 occiderent
3234 2541 3368 2581 eum
3393 2546 3406 2581 :
3436 2531 3510 2583 ait
3537 2531 3682 2585 enim
3713 2547 3732 2586 :

2149 2615 2235 2669 14.
2286 2613 2537 2669 Phoriswi
2584 2625 2851 2682 exeuntes,
2903 2618 3169 2672 consilium
3209 2633 3444 2690 ceperunt
3490 2624 3735 2681 adversus

2144 2721 2259 2759 eum
2277 2747 2291 2770 ,
2320 2715 2376 2758 ut
2403 2723 2514 2759 eum
2546 2706 2829 2776 perderen't.
2857 2707 2995 2762 Nihil
3022 2709 3132 2765 lassi
3160 2712 3406 2768 occidere
3435 2717 3731 2774 tentabant.

2217 2795 2272 2850 2.
2304 2795 2508 2850 Invidia
2525 2808 2779 2868 quantum
2816 2799 3024 2853 malum.
3067 2830 3137 2840 —
3175 2801 3402 2858 Tantum
3430 2815 3510 2860 est
3533 2807 3733 2864 invidia

2144 2885 2368 2941 malum.
2407 2885 2539 2940 Nam
2573 2901 2636 2940 ea
2666 2903 2771 2941 non
2802 2888 3008 2943 alienos
3034 2889 3206 2944 solum
3228 2933 3244 2957 ,
3291 2894 3383 2947 sed
3411 2895 3572 2949 etiam
3600 2913 3730 2960 pro-

2150 2977 2373 3045 pinquos
2400 2991 2612 3045 semper
2639 2977 2929 3048 impugnat.
2958 2979 3166 3037 Marcus
3196 2991 3368 3036 autem
3393 2983 3547 3055 dicit,
3579 2987 3730 3055 ipsos

2147 3083 2266 3122 cum
2307 3067 2624 3124 Herodianis
2682 3067 2734 3123 id
2776 3068 3102 3125 deliberasse
3131 3069 3150 3141 (
3176 3069 3314 3126 Ibid.
3345 3088 3393 3125 υ.
3443 3074 3478 3128 6
3519 3078 3558 3144 ).
3589 3077 3729 3144 Quid

2148 3175 2276 3230 ergo
2318 3161 2405 3215 ille
2444 3168 2755 3214 mansuetus
2783 3168 2839 3216 et
2878 3161 3024 3214 mitis
3049 3161 3073 3214 Ἰ
3100 3161 3224 3217 Haec
3256 3179 3374 3218 cum
3399 3165 3670 3224 didicisset
3697 3212 3721 3236 ,

2147 3253 2387 3306 secessit.
2418 3250 2505 3305 15.
2528 3249 2681 3304 Iesus
2707 3259 2894 3317 autem,
2923 3251 3122 3320 inquit,
3153 3269 3267 3305 cum
3291 3254 3440 3309 sciret
3461 3257 3727 3327 cogitatio-

2147 3359 2234 3396 nes
2252 3358 2445 3408 eorum,
2470 3342 2670 3396 recessit
2695 3341 2830 3394 inde.
2855 3340 2956 3396 Ubi
2984 3352 3108 3396 sunt
3134 3342 3167 3396 ii
3198 3343 3286 3414 qui
3317 3343 3533 3413 dicunt,
3561 3364 3725 3417 opor-

2149 3443 2265 3489 tere
2312 3434 2462 3503 signa
2507 3431 2792 3488 ﬁeri?liis
2841 3433 3038 3502 quippe
3091 3434 3371 3501 ostendit,
3425 3437 3726 3507 improbam

2149 3527 2379 3580 animam
2405 3540 2472 3580 ne
2500 3524 2666 3595 signis
2697 3523 2912 3594 quidem
2937 3524 3314 3592 obtemperare
3347 3568 3362 3590 ,
3384 3529 3729 3601 ostenditque

2147 3621 2306 3677 etiam
2337 3617 2626 3688 discipulos
2651 3617 2767 3674 sine
2796 3632 2952 3672 causa
2996 3619 3256 3673 accusari.
3287 3618 3420 3673 lllud
3451 3635 3608 3688 porro
3633 3623 3729 3678 ob-

2147 3709 2466 3767 servandum
2511 3716 2594 3764 est
2620 3748 2635 3774 ,
2669 3709 2812 3778 ipsos
2851 3707 2919 3763 ob
2960 3706 3216 3763 beneﬁcia
3260 3709 3502 3778 proximo
3538 3711 3727 3768 collata

2147 3803 2313 3872 magis
2339 3800 2590 3856 etl‘eratos
2621 3813 2742 3854 esse
2769 3839 2784 3863 ,
2831 3806 2886 3852 et
2931 3797 3021 3852 ubi
3066 3797 3250 3853 vident
3291 3799 3520 3868 aliquem
3561 3811 3654 3856 aut
3693 3817 3724 3858 a

2148 3894 2336 3949 morbo
2355 3901 2446 3946 aut
2473 3906 2503 3945 a
2531 3889 2764 3959 nequitia
2788 3889 3087 3952 liberatum,
3123 3899 3248 3942 tunc
3274 3903 3566 3956 accusare,
3602 3901 3724 3946 tunc

2148 3986 2351 4040 feroces
2375 3997 2515 4038 esse.
2547 3982 2678 4036 Nam
2703 3997 2826 4036 cum
2851 3981 3186 4035 meretricem
3212 3980 3276 4034 ad
3308 3981 3722 4051 resipisceutiam

2146 4077 2472 4132 deducturus
2503 4082 2656 4140 erat,
2707 4071 3168 4128 calumniabantur
3211 4087 3374 4136 eum;
3418 4081 3472 4127 et
3513 4073 3724 4141 quando

2146 4182 2269 4222 cum
2315 4165 2612 4237 publicanis
2644 4162 3003 4226 comedebat,
3055 4161 3349 4216 similiter:
3397 4170 3453 4215 ut
3495 4171 3548 4215 et
3585 4177 3726 4218 nunc

2149 4275 2268 4314 cum
2297 4272 2512 4313 manum
2540 4257 2842 4312 restitutam
2870 4253 3141 4308 viderunt.
3188 4252 3266 4307 Tu
3293 4267 3421 4307 vero
3444 4252 3572 4306 mihi
3592 4267 3722 4308 cou-

2149 4349 2324 4405 sidera
2352 4347 2619 4418 quomodo
2645 4355 2699 4401 et
2721 4345 2788 4399 ab
2819 4352 3139 4413 aegrotorum
3166 4357 3294 4397 cura
3317 4357 3425 4396 non
3453 4341 3675 4397 absistat
3704 4384 3723 4409 ,

2151 4450 2204 4495 et
2226 4440 2436 4494 illorum
2465 4436 2713 4492 invidiam
2739 4434 2962 4504 mitiget.
3000 4432 3066 4487 Et
3095 4443 3317 4502 sequuta:
3341 4442 3590 4486 suntcum
3618 4443 3724 4487 tur-

2152 4533 2227 4586 bte
2252 4531 2454 4593 multm,
2480 4535 2524 4581 et
2539 4527 2738 4580 curavit
2769 4525 2888 4578 illos
2911 4539 3119 4590 omnes;
3158 4522 3246 4578 16.
3274 4533 3319 4576 et
3343 4521 3616 4593 increpavit
3645 4539 3725 4577 eos

2148 4624 2231 4694 qui
2244 4622 2410 4676 curati
2432 4621 2652 4690 fuerant,
2670 4625 2722 4671 ut
2747 4616 2933 4671 nemini
2957 4615 3125 4684 ipsum
3145 4613 3470 4684 manifestum
3485 4613 3721 4681 facerent.

2147 4713 2340 4768 Turba:
2366 4710 2563 4778 ubique
2603 4718 2654 4763 et
2693 4707 2955 4762 mirantur
2987 4713 3042 4760 et
3080 4713 3378 4774 sequuntur
3407 4721 3422 4758 :
3451 4703 3528 4757 illi
3553 4713 3724 4758 autem

2149 4818 2178 4858 a
2210 4801 2408 4857 malitia
2436 4815 2540 4855 non
2565 4797 2849 4853 absistunt.
2883 4795 3085 4852 Deinde
3125 4809 3192 4850 ne
3227 4793 3455 4850 turberis
3480 4791 3550 4848 de
3567 4795 3725 4863 gestis

2148 4895 2322 4965 deque
2349 4891 2646 4947 incredibili
2673 4889 2886 4944 illorum
2915 4886 3091 4942 furore
3116 4927 3131 4952 ,
3169 4885 3487 4956 prophetam
3508 4884 3723 4942 adducit

2149 4986 2266 5040 haec
2309 4981 2775 5055 prtenuntiantem.
2824 4978 2991 5033 Tanta
3019 4977 3160 5033 enim
3201 4986 3316 5031 erat
3343 4976 3718 5046 prophetarum

2147 5075 2419 5134 accuratio
2442 5116 2457 5143 ,
2504 5083 2562 5128 ut
2604 5087 2673 5127 ne
2703 5072 2817 5127 haec
2844 5070 3058 5140 quidem
3087 5069 3558 5138 prmtermitlcrent
3589 5107 3607 5132 ,
3634 5068 3726 5122 sed

2149 5171 2260 5226 vias
2287 5168 2402 5239 ejus
2433 5175 2487 5222 et
2513 5163 2766 5221 transitus
2789 5162 3187 5233 prophetarent,
3215 5173 3427 5216 necnon
3447 5173 3548 5229 qua
3578 5173 3728 5212 men-

2151 5263 2342 5318 tehtec
2366 5259 2566 5314 iaceret
2594 5273 2609 5322 ;
2640 5264 2699 5311 ut
2723 5253 2899 5310 discas
2923 5295 2939 5320 ,
2994 5253 3115 5308 illos
3140 5259 3392 5307 movente
3416 5249 3617 5319 Spiritu
3645 5249 3724 5304 lo-

2148 5365 2340 5427 quutos
2367 5368 2508 5409 esse.
2554 5350 2690 5407 Nam
2719 5349 2764 5404 si
2793 5347 3068 5402 hominum
3101 5352 3307 5412 secreta
3346 5341 3597 5412 cognosci
3625 5354 3724 5394 non

2148 5455 2406 5518 possunt,
2431 5444 2599 5499 multo
2637 5439 2804 5510 magis
2847 5437 3043 5494 Christi
3092 5451 3284 5505 scopus
3309 5431 3472 5488 edisci
3504 5446 3612 5486 non
3639 5445 3729 5499 po-

2150 5552 2272 5610 test,
2302 5540 2401 5596 nisi
2427 5538 2625 5610 Spiritu
2655 5533 2950 5590 revelante.
2997 5528 3132 5598 Quid
3165 5537 3341 5582 autem
3372 5524 3569 5579 dixerit
3599 5537 3722 5594 pro-
