4010 6128
342 237 465 295 Alt

343 353 540 424 pheta,
571 346 648 402 sic
676 340 866 399 affert:
895 339 982 394 17.
1025 336 1092 392 Ut
1132 333 1423 404 impleretur
1469 329 1601 400 quod
1642 329 1831 380 dictum
1857 333 1927 380 est

360 421 463 514 per
487 439 678 495 Isaiam
695 433 990 507 prophetam
1014 429 1257 482 dicentem
1282 438 1302 478 :
1326 424 1410 478 18.
1440 421 1572 474 Ecce
1600 434 1724 490 puer
1749 432 1885 469 meus
1912 453 1928 477 ,

349 509 507 600 quem
529 529 675 598 elegi,
697 525 906 579 dilectus
929 536 1082 582 meus,
1107 519 1160 571 in
1186 532 1284 586 quo
1305 510 1600 582 complacuit
1615 509 1783 562 anima
1799 522 1926 560 mea.

356 597 565 676 bonum
594 597 824 685 spiritum
849 627 1013 666 meum
1037 624 1186 678 super
1210 621 1339 668 eum,
1369 611 1413 656 et
1433 601 1682 673 judicium
1706 597 1932 668 gentibus

353 711 630 767 nuntiabit.
663 706 746 762 19.
775 703 898 758 Νοη
931 699 1221 763 contendet,
1267 709 1424 764 neque
1467 690 1736 753 clamabit,
1779 701 1934 756 neque

354 803 533 856 audiet
553 801 662 870 quis
687 801 740 852 in
770 795 945 867 plateis
971 807 1138 846 uocem
1154 791 1293 859 ejus;
1311 786 1402 841 20.
1424 784 1672 838 calamum
1692 795 1935 848 conquas-

354 903 528 948 satum
557 907 656 945 non
686 888 1000 957 confringet,
1039 892 1086 936 et
1129 882 1288 935 linum
1329 877 1584 946 fumigans
1617 890 1716 926 non
1749 871 1937 925 exstin-

353 995 481 1056 guet
511 1025 526 1050 ,
566 985 720 1036 donec
743 978 958 1034 emiserit
989 977 1040 1027 in
1066 971 1320 1027 uictoriam
1362 967 1604 1031 iudicium
1643 962 1811 1036 (Jsai.
1842 961 1932 1014 42.

359 1054 482 1143 1-5)
505 1095 520 1139 ;
547 1074 637 1126 21.
661 1081 706 1124 et
745 1071 800 1122 in
825 1065 1021 1120 nomine
1036 1064 1151 1132 ejus
1171 1069 1337 1131 gentes
1361 1055 1648 1128 sperabunt.
1675 1054 1764 1107 llis
1789 1068 1956 1105 man-.

359 1165 700 1221 suetudinem
717 1161 838 1230 ejus
862 1199 877 1224 ,
900 1166 954 1212 et
980 1162 1292 1225 potestatem
1318 1148 1636 1204 ineffabilem
1657 1146 1889 1201 celebrat
1917 1186 1932 1210 ,

360 1267 718 1324 magnamque
739 1259 794 1306 et
820 1255 1055 1317 apertam
1077 1243 1321 1314 gentibus
1341 1248 1547 1308 portam
1575 1237 1741 1306 aperit
1763 1276 1777 1297 ,
1798 1235 1937 1288 mala

360 1343 766 1400 ctiam-Iudaeos
794 1340 1038 1392 invasura
1072 1329 1391 1403 praenuntiat
1417 1345 1431 1394 ;
1475 1337 1540 1382 et—
1557 1325 1790 1380 ostendit
1819 1324 1936 1392 ejus

361 1451 490 1490 cum
538 1434 693 1487 Patre
745 1436 1251 1482 consensumznam
1277 1419 1394 1484 ait,
1445 1416 1578 1471 Ecce
1605 1433 1729 1484 puer
1753 1432 1934 1479 meus,

360 1539 512 1594 quem
541 1521 684 1590 elegi,
707 1519 913 1571 dilectus
928 1530 1091 1576 meus,
1113 1514 1165 1566 in
1183 1527 1282 1578 quo
1301 1507 1600 1577 complacuit
1619 1506 1788 1558 anima
1808 1520 1938 1556 mea.

361 1614 425 1668 Si
452 1621 628 1665 autem
655 1609 813 1678 elegit
838 1621 960 1661 eum
993 1645 1009 1670 ,
1042 1603 1238 1671 utique.
1262 1615 1367 1653 non
1415 1597 1703 1652 adversaus
1734 1595 1843 1664 ipsi.
1859 1596 1937 1648 Ie-

363 1717 490 1772 gem
519 1700 696 1764 solvit,
720 1711 894 1766 nequo
910 1704 976 1748 ut
1002 1687 1574 1758 inimieuslegislatoris
1599 1685 1650 1739 id
1678 1686 1815 1754 agit,
1845 1684 1940 1738 sed

366 1805 431 1847 ut
455 1789 793 1847 consentiens
825 1827 840 1852 ,
875 1785 1166 1851 eademque
1181 1793 1427 1850 operans.
1454 1776 1653 1832 Deinde
1691 1789 1940 1830 mansue-

370 1883 606 1937 tudinem
634 1877 1068 1948 ejus-prtedicans
1096 1872 1224 1927 dicit
1253 1888 1266 1924 :
1295 1869 1413 1923 Non
1438 1865 1698 1922 contendet
1731 1907 1747 1932 ,
1787 1881 1942 1935 neque

366 1973 623 2028 clamabit.
650 1971 766 2039 Ipse
793 1968 988 2038 quippe
1017 1963 1226 2018 volebat
1251 1976 1344 2016 eos
1381 1973 1570 2013 sanare
1607 1977 1620 2010 :
1653 1958 1772 2026 quia
1813 1970 1942 2009 vero

369 2065 544 2133 ipsum
565 2061 827 2130 repulcre,
857 2057 947 2111 ille
987 2051 1232 2108 reluctari
1259 2050 1448 2104 noluit.
1477 2047 1679 2106 Deinde,
1708 2046 1821 2114 ejus
1847 2058 1942 2113 po-

371 2154 590 2208 tentiam
619 2151 934 2214 illorumque
969 2141 1382 2196 imbecillitatem
1411 2135 1698 2191 ostendens
1727 2176 1741 2199 ,
1771 2133 1900 2187 dicit
1927 2151 1941 2187 :

369 2244 636 2299 Calamam
677 2244 1061 2316 conquassatum
1106 2248 1205 2284 non
1254 2229 1556 2299 confringet.
1613 2224 1946 2282 Namfacile

371 2343 489 2388 erat
539 2321 632 2386 eos
671 2341 855 2382 omnes
899 2334 957 2378 ut
993 2323 1253 2377 calamum
1296 2319 1628 2388 confringere
1660 2333 1675 2380 ;
1706 2317 1810 2369 imo
1829 2331 1944 2369 non

376 2423 538 2477 modo
557 2419 816 2475 calamum
843 2457 858 2482 ,
879 2413 972 2469 sed
998 2414 1106 2483 jam
1136 2418 1562 2480 conquassatum.
1590 2405 1653 2460 Et
1681 2407 1839 2460 linum
1865 2409 1948 2475 {u-

375 2516 572 2584 migans
589 2529 688 2565 non
710 2509 1008 2578 exstinguet.
1042 2505 1144 2558 llic
1163 2503 1375 2566 illorum
1398 2501 1528 2554 iram
1551 2500 1820 2552 incensam
1849 2497 1946 2551 de-

374 2608 543 2660 clarat
575 2645 588 2664 ,
621 2603 862 2668 illiusque
904 2595 1267 2651 fortitudinem
1293 2632 1306 2656 ,
1338 2607 1455 2660 qua:
1501 2597 1679 2658 posset
1716 2589 1947 2642 furorem

377 2699 611 2765 ipsorum
641 2693 870 2756 solvere,
889 2697 942 2743 et
969 2702 1090 2741 cum
1113 2684 1360 2739 facilitate
1391 2697 1575 2751 magna
1591 2680 1945 2749 exstinguere.

381 2789 531 2844 Unde
554 2788 668 2854 ejus
695 2780 1044 2836 mansuetudo
1069 2779 1251 2848 ingens
1271 2775 1587 2830 ostenditur.
1613 2773 1747 2840 Quid
1771 2771 1972 2842 igitur?-

375 2898 445 2934 an
475 2880 588 2932 inec
616 2890 825 2944 semper
853 2881 1006 2926 erunt
1033 2871 1056 2923 ?
1091 2885 1157 2923 an
1185 2882 1395 2936 semper
1419 2865 1554 2919 feret
1579 2879 1672 2919 eos
1697 2863 1949 2916 insidian-

380 2983 460 3026 tes
475 2985 534 3023 ac
564 2965 842 3022 furentes?
865 2965 1062 3034 Apage;
1092 2959 1185 3014 sed
1210 2975 1328 3014 cum
1358 2973 1450 3011 sua
1480 2955 1808 3016 exhibuerit,
1827 2963 1953 3010 tunc

379 3074 436 3118 et
478 3062 564 3121 illa
603 3065 959 3125 exsequetur:
989 3053 1043 3106 id
1088 3052 1228 3105 enim
1263 3048 1578 3117 significavit
1615 3046 1696 3097 his
1727 3045 1900 3098 verbis
1933 3061 1946 3096 :

378 3155 552 3207 Donec
569 3151 761 3205 emittat
784 3149 833 3198 in
860 3144 1116 3198 victoriam
1134 3141 1388 3210 judicium
1415 3156 1432 3202 ;
1456 3193 1459 3196 ,
1481 3138 1596 3190 etin
1625 3137 1822 3188 nomine
1843 3136 1952 3204 ejus

377 3255 549 3315 gentes
574 3225 840 3308 sperabunt
867 3251 886 3285 :
915 3231 1358 3302 quemadmodum
1388 3238 1441 3282 et
1468 3227 1665 3281 Paulus
1693 3226 1764 3279 ait
1799 3242 1811 3277 :
1849 3223 1954 3277 Ρα-

379 3337 481 3390 rati
503 3349 695 3388 onmem
717 3328 1098 3385 inobedientiam
1127 3325 1300 3378 ulcisci
1326 3364 1342 3386 ,
1382 3339 1498 3376 cum
1522 3321 1770 3390 completa
1796 3321 1948 3391 fuerit

381 3425 663 3481 obedientia
690 3431 852 3476 vestra
887 3418 960 3492 (1.
1001 3416 1118 3472 Cor.
1160 3415 1246 3470 10.
1275 3415 1350 3485 6).
1378 3413 1514 3481 Quid
1541 3427 1665 3467 vero
1694 3413 1955 3482 significat

384 3518 512 3573 illud
543 3560 557 3583 ,
594 3517 720 3570 Cum
753 3515 969 3582 emiserit
1007 3513 1060 3565 in
1096 3511 1354 3565 victoriam
1373 3507 1668 3578 judicium?
1693 3507 1827 3559 Cum
1856 3520 1953 3560 sua

383 3609 561 3664 omnia
584 3606 903 3675 impleverit,
935 3602 1140 3672 inquit,
1167 3611 1291 3654 tunc
1320 3599 1607 3652 vindictam
1631 3597 1843 3652 inducet
1863 3638 1878 3662 ,
1901 3603 1956 3650 et

385 3700 638 3754 ultionem
693 3696 996 3766 perfectam.
1044 3693 1194 3745 'l‘unc
1239 3690 1418 3760 gravia
1472 3689 1778 3756 patientur,
1831 3702 1952 3741 cum

386 3788 720 3858 Splenditbun
747 3785 995 3839 statuerit
1023 3794 1304 3850 tropaeum,
1319 3832 1322 3836 ,
1337 3788 1393 3833 et
1413 3777 1958 3847 ejusjustiﬁeationes

387 3883 615 3936 vicerint
648 3898 660 3945 ;
693 3896 755 3933 ac
801 3894 869 3933 ne
921 3876 1256 3944 impudenter
1300 3872 1516 3942 quidem
1555 3868 1956 3926 contradicendi

386 3987 570 4027 ansam
599 3970 879 4037 relinquet.
898 3965 1046 4021 Solet
1061 3965 1204 4018 enim
1225 3962 1481 4031 judicium
1505 3960 1674 4029 ipsam
1694 3959 1955 4028 justitiam

388 4061 585 4117 dicere.
615 4059 717 4114 Sed
751 4075 854 4111 non
887 4058 938 4110 in
967 4056 1067 4108 hoc
1091 4063 1292 4106 tantum
1317 4051 1714 4120 consistetejus
1739 4064 1958 4104 (econo-

389 4154 493 4206 mia
516 4193 534 4218 ,
579 4150 718 4220 quod
749 4147 1002 4203 increduli
1049 4144 1366 4213 puniantur:
1399 4155 1582 4194 verum
1606 4141 1764 4194 etiam
1791 4149 1957 4192 totum

389 4243 571 4297 orbem
598 4241 846 4297 attrahet.
877 4238 1210 4305 Quapropter
1238 4233 1507 4301 subjunxit
1539 4248 1554 4284 :
1584 4229 1650 4282 Et
1672 4231 1725 4282 in
1754 4229 1954 4282 nomine

391 4335 498 4404 ejus
518 4344 682 4404 gentes
703 4330 992 4400 sperabunt.
1018 4325 1226 4382 Deinde
1252 4333 1308 4378 ut
1331 4323 1527 4386 discas,
1556 4321 1659 4376 hoc
1687 4321 1843 4376 etiam
1873 4335 1961 4373 se-

396 4424 624 4479 cundum
668 4423 995 4475 voluntatem
1040 4417 1210 4471 Patris
1253 4429 1374 4469 esse
1406 4456 1421 4480 ,
1460 4413 1512 4466 in
1546 4413 1660 4482 ipso
1705 4410 1963 4480 principio

397 4518 648 4588 propheta
698 4514 799 4568 hoc
841 4528 962 4566 cum
1012 4508 1280 4580 prioribus
1321 4505 1658 4561 confirmavit
1686 4544 1699 4568 ,
1733 4503 1916 4556 dicens
1949 4518 1963 4556 :

396 4607 617 4660 Dilectus
646 4619 810 4665 meus,
849 4602 901 4654 in
922 4617 1027 4670 quo
1064 4598 1156 4652 sibi
1184 4596 1490 4666 complacuit
1519 4594 1690 4647 anima
1717 4609 1843 4646 mea.
1872 4592 1965 4646 Et-

395 4697 533 4750 enim
563 4693 736 4762 palam
782 4699 860 4744 est
890 4689 1138 4743 dilectmn
1165 4673 1465 4741 secundum
1505 4683 1770 4754 diligentis
1796 4697 1854 4735 se
1877 4697 1970 4737 νον

397 4788 652 4840 luntatem
676 4783 788 4837 ιιωο
805 4781 1012 4836 fecisse.
1035 4778 1121 4831 2'2.
1155 4777 1294 4830 Tunc
1318 4777 1597 4831 obtulerunt
1625 4775 1668 4828 ei
1695 4773 1970 4828 diemonia-

396 4895 532 4943 cum,
561 4893 748 4930 crucum
775 4883 822 4928 et
852 4882 1062 4935 mutum,
1093 4879 1138 4924 et
1178 4871 1364 4926 curavit
1398 4885 1535 4933 eum,
1567 4869 1634 4920 itu
1662 4875 1712 4918 ut
1737 4881 1895 4918 ca’cus
1918 4872 1972 4922 et

399 4982 566 5024 mutus
595 4969 876 5036 loqueretur
900 4962 1173 5016 etvideret.

467 5063 522 5116 5.
566 5059 794 5113 Christus
840 5054 1087 5120 beneﬁcus
1115 5093 1129 5117 ,
1182 5051 1561 5106 Pliarisceorum
1604 5047 1841 5101 invidiam
1885 5063 1970 5100 ea:-

399 5159 538 5207 citat.
588 5149 804 5203 Invidia:
853 5143 1048 5199 nullum
1102 5159 1194 5212 par
1239 5143 1446 5195 malum.
1513 5139 1686 5209 Ipsius
1730 5139 1968 5193 remedia.

398 5273 469 5284 -—
505 5243 550 5297 0
595 5238 793 5294 inalitia
839 5232 1141 5290 daemonis!
1187 5231 1477 5299 Utramque
1526 5231 1663 5284 viam
1703 5270 1718 5292 ,
1773 5245 1875 5298 qua
1929 5229 1972 5281 is

400 5334 701 5389 crediturus
730 5336 866 5391 erat,
897 5325 1256 5385 obstruxerat,
1288 5322 1459 5376 vismn
1482 5329 1536 5374 et
1560 5320 1797 5374 auditum
1829 5337 1842 5372 :
1877 5318 1971 5373 sed

404 5436 682 5494 utramque
725 5419 970 5475 Christus
1015 5413 1242 5485 aperuit.
1273 5413 1363 5468 9.5.
1399 5411 1462 5464 Et
1510 5413 1775 5480 stupebant
1819 5409 1975 5464 turba:

406 5519 622 5570 dicentes
653 5530 670 5568 :
699 5508 962 5580 Numquid
984 5508 1066 5560 hic
1093 5515 1165 5560 est
1191 5504 1330 5573 ﬁlius
1371 5502 1581 5556 David?
1608 5501 1699 5557 ‘24.
1727 5500 1974 5555 Pliariswi

412 5607 832 5664 αιιιεηιώπνιυιι
865 5618 887 5658 ἰ
920 5592 1280 5666 Π,ὶεηοηε]ἱεὶι
1298 5590 1578 5660 dwmonia,
1595 5590 1693 5644 ηἰδὶ
1715 5591 1760 5644 ἱιι
1775 5591 1975 5650 Beelze-

1373 216 1443 273 [N
1475 212 1880 272 MATTIMSUM
1919 211 2148 269 IlOMTL.
2191 213 2300 269 XL.
2341 213 2410 268 ai;
2453 213 2606 268 XLI.’

2041 325 2137 378 bub
2167 327 2389 396 principe
2408 326 2786 380 dwmoniorum.
2805 324 2964 394 Atqui
2991 323 3115 394 quid
3138 325 3310 395 magni
3340 326 3508 381 turba:
3528 326 3610 380 di-

2039 421 2272 476 xerant?
2301 423 2549 473 Attamen
2579 418 2630 472 id
2661 417 2917 472 Pharisaei
2947 433 3051 471 non
3083 419 3317 472 tulerunt
3347 436 3362 474 :
3388 418 3466 472 sic
3491 419 3600 484 illi,

2040 521 2095 566 ut.
2124 526 2282 580 supra
2311 510 2457 575 dixi,
2485 525 2696 578 semper
2721 525 2784 563 ex
2817 509 3089 564 beneficiis
3119 510 3363 578 proximo
3393 509 3602 564 collatis

2039 604 2351 659 mordentur
2369 644 2384 668 ,
2414 602 2547 656 nihil
2575 603 2644 654 ita
2672 601 2775 654 illis
2800 601 3039 654 dolorem
3069 600 3232 668 parit,
3257 610 3315 653 ut
3334 599 3606 653 hominum

2041 699 2214 752 salus.-
2233 697 2564 764 Quamquam
2591 694 2744 750 Jesus
2764 700 3084 760 recesserat,
3107 698 3162 746 et
3190 692 3365 746 locum
3391 690 3610 745 dederat

2043 800 2097 842 ut
2125 789 2202 843 ira
2228 787 2544 842 sedaretur:
2583 785 2674 840 sed
2706 797 2888 839 rursus
2929 797 3211 837 accensum
3243 781 3440 836 rnatum
3469 781 3563 835 fuit
3593 821 3610 845 ,

2042 879 2164 947 quia
2196 894 2380 932 rursus
2413 877 2729 932 beneficium
2775 875 2970 929 factum
2998 882 3109 940 est,
3153 873 3334 940 il-liquc
3363 873 3609 942 indigna-

2043 972 2234 1026 bantur
2260 970 2379 1040 plus
2399 986 2554 1039 quam
2578 971 2689 1039 ipse
2709 969 2940 1035 daemon,
2960 967 3050 1036 qui
3074 976 3369 1021 secesserat
3397 981 3464 1021 ex
3491 980 3612 1021 cor-

2045 1077 2174 1130 pore
2197 1103 2212 1127 ,
2241 1071 2294 1116 et
2320 1061 2618 1131 aufugerat,
2663 1060 2793 1114 nihil
2819 1059 3068 1129 loquutus
3095 1075 3110 1122 ;
3171 1057 3221 1110 hi
3251 1067 3425 1111 autem
3453 1058 3611 1111 modo

2046 1153 2192 1207 illum
2239 1153 2533 1207 interficere
2571 1152 2886 1216 tentabant,
2931 1149 3090 1205 modo
3134 1149 3612 1203 calumniabantur.

2045 1244 2178 1310 Quia
2206 1245 2346 1298 enim
2376 1243 2504 1297 illud
2541 1258 2644 1296 non
2681 1251 2826 1296 recte
2855 1239 3175 1310 procedebat
3206 1281 3222 1306 ,
3272 1240 3455 1309 gloriae
3502 1239 3618 1306 ejus

2049 1351 2245 1391 nocere
2266 1335 2530 1390 volebant.
2559 1333 2870 1403 Hujusmodi
2900 1347 2989 1387 res
3015 1341 3097 1386 est
3126 1331 3342 1393 invidia,
3379 1332 3462 1386 cui
3491 1331 3610 1384 nul-

2047 1428 2155 1481 lum
2200 1443 2292 1496 par
2332 1428 2552 1480 malum.
2600 1425 2732 1479 Nam
2779 1424 3020 1479 Inmchus
3060 1423 3384 1493 voluptatem
3429 1423 3618 1478 saltem

2047 1519 2328 1588 quamdam
2352 1517 2612 1586 percipit,
2631 1525 2690 1570 et
2712 1515 2857 1570 brevi
2888 1524 3130 1583 tempore
3157 1523 3432 1584 peccatum
3462 1528 3618 1588 suum

2051 1607 2287 1677 perlicit:
2317 1608 2525 1662 invidus
2552 1623 2676 1662 vero
2704 1622 2769 1661 se
2793 1607 2938 1676 prius
2967 1621 3124 1675 quam
3155 1621 3276 1660 eum
3305 1606 3395 1675 qui
3422 1576 3634 1659 invidet"

2049 1699 2308 1769 supplicio
2334 1698 2517 1762 afficit,
2551 1713 2725 1768 neque
2741 1698 2906 1752 finem
2928 1711 3176 1765 umquam
3199 1696 3454 1767 peccandi
3477 1697 3616 1759 facit,

2049 1792 2176 1846 etin
2199 1801 2416 1860 peccato
2444 1800 2708 1845 versatur.
2730 1788 2880 1845 Sicut
2904 1805 2994 1843 sus
3019 1789 3072 1842 in
3095 1789 3206 1843 luto
3229 1829 3243 1855 ,
3267 1797 3322 1843 et
3349 1787 3489 1842 sicut
3518 1787 3623 1842 da:-

2050 1882 2326 1936 mones-de
2350 1882 2546 1936 damno
2573 1889 2755 1935 nostro
2785 1880 3031 1934 laetantur
3063 1897 3075 1931 :
3109 1879 3187 1933 sic
3226 1886 3279 1932 ct
3319 1877 3534 1931 invidus
3559 1877 3625 1930 de

2053 1974 2460 2044 proximimalis
2482 1971 2678 2041 gaudet
2707 1989 2720 2024 :
2749 1979 2803 2025 et
2831 1970 2876 2023 si
2907 1969 3032 2038 quid
3063 1969 3164 2038 ipsi
3205 1971 3356 2022 triste
3393 1976 3447 2021 ct
3491 1968 3626 2035 inju-

2051 2063 2282 2118 cundum
2311 2061 2542 2125 eveniat,
2564 2069 2688 2120 tunc
2715 2059 2806 2114 ille
2835 2058 3058 2128 quiescit
3083 2066 3138 2113 et
3162 2057 3625 2125 respirat,alienas

2053 2169 2320 2209 aerumnas
2365 2152 2616 2223 gaudium
2652 2165 2773 2207 esse
2825 2165 2979 2205 suum
3024 2158 3214 2219 putans
3241 2191 3256 2214 ,
3297 2157 3350 2203 et
3403 2148 3623 2201 aliorum

2053 2247 2190 2301 bona
2227 2247 2499 2315 proprium
2543 2244 2644 2299 sibi
2675 2245 2872 2297 malum
2903 2258 2918 2308 ;
2949 2256 3122 2311 neque
3166 2223 3469 2295 considerat
3503 2241 3625 2308 quid

2055 2338 2152 2392 sibi
2181 2352 2363 2402 suave,
2395 2335 2490 2390 sed
2512 2335 2637 2404 quid
2670 2335 2912 2404 proximo
2938 2347 3294 2387 mrumnosum
3323 2332 3409 2385 sit.
3443 2331 3627 2384 Nonne

2054 2428 2188 2481 tales
2211 2426 2450 2480 homines
2479 2424 2742 2494 lapidandi
2773 2433 2828 2478 et
2853 2421 3126 2495 suppliciis
3155 2419 3435 2491 torquendi
3465 2429 3587 2474 sunt
3612 2462 3625 2480 .

2056 2529 2112 2573 ut
2140 2535 2300 2574 caries
2321 2517 2488 2572 rabidi
2515 2559 2529 2583 ,
2561 2526 2620 2571 ut
2648 2516 2918 2570 dmmones
2949 2513 3125 2568 infesti
3153 2521 3250 2578 ,,ut
3276 2513 3404 2580 ipsae
3431 2495 3578 2564 facim
3607 2511 3630 2561 ?

2054 2609 2186 2663 Nam
2209 2607 2653 2676 quemadmodum
2685 2605 2938 2660 scarabazi
2966 2605 3016 2656 in
3049 2595 3498 2656 ﬁmo‘nutrinntur
3517 2642 3530 2664 ,
3549 2601 3630 2654 sic

2057 2711 2108 2754 et
2135 2700 2188 2752 hi
2212 2701 2262 2753 in
2285 2699 2472 2753 alienis
2497 2697 2884 2751 calamitatibus
2914 2737 2928 2758 ,
2957 2708 3270 2748 communes
3298 2689 3499 2746 naturae
3528 2691 3631 2746 ini.-

2057 2791 2176 2844 mici
2207 2799 2261 2844 et
2293 2788 2496 2843 hostes.
2539 2787 2608 2841 Et
2644 2786 2732 2840 alii
2767 2785 2978 2855 quidem
3022 2785 3066 2837 si
3113 2783 3300 2838 brutas
3325 2782 3638 2836 animantes.

2053 2881 2317 2951 jugulatas
2365 2879 2631 2942 viderint,
2669 2877 3028 2931 misericordia
3076 2885 3382 2940 moventur;
3411 2883 3465 2928 tu
3495 2888 3622 2927 vero

2058 2971 2326 3030 hominem
2348 2971 2530 3025 videns
2557 2968 2814 3023 beneficio
2845 2967 3112 3031 allectum,
3140 2965 3400 3033 efferaris,
3427 2965 3634 3025 tremis.

2059 3063 2230 3130 palles
2254 3061 2278 3114 ?
2302 3060 2506 3129 Ecquid
2553 3059 2655 3113 hoc
2698 3058 2876 3116 furore
2898 3057 3136 3111 deterius
3160 3058 3183 3109 ‘t
3211 3056 3334 3110 Ideo
3363 3055 3630 3109 fornicarii

2059 3162 2113 3206 et
2162 3150 2524 3220 publicani.in
2574 3164 2796 3218 regnum
2846 3148 3045 3201 intrare
3094 3154 3424 3216 potuerunt;
3473 3145 3634 3198 invidi

2059 3259 2207 3308 vero,
2239 3242 2328 3312 qui
2348 3245 2501 3298 intus
2525 3250 2676 3295 erant
2701 3281 2714 3304 ,
2747 3240 2946 3308 egressi
2969 3247 3092 3294 sunt
3119 3257 3130 3290 ε
3159 3254 3279 3292 nam
3309 3236 3432 3290 Filii
3465 3239 3628 3306 regni,

2063 3333 2252 3400 inquit,
2288 3331 2717 3402 forasejicientur
2751 3329 2962 3400 (Matth.
2992 3329 3043 3382 8.
3072 3327 3184 3398 η).
3218 3328 3286 3382 Et
3315 3327 3388 3380 illi
3414 3327 3628 3396 quidem

2061 3425 2127 3480 ab
2157 3425 2386 3493 nequitia
2409 3423 2596 3491 erepti,
2622 3437 2739 3492 qua:
2764 3437 3048 3491 numquam
3067 3429 3639 3489 exspectaverantcou—

2062 3515 2268 3585 sequuti
2296 3523 2420 3569 sunt
2443 3533 2455 3568 :
2483 3514 2535 3567 hi
2566 3528 2691 3568 vero
2721 3513 2856 3566 bona
2880 3528 2997 3581 qua:
3024 3511 3132 3580 jam
3165 3511 3419 3566 tenebant
3445 3509 3638 3563 amise-

2062 3613 2187 3661 runt
2217 3622 2232 3670 ;
2263 3606 2453 3676 etjure
2476 3604 2708 3674 quidem.
2731 3603 2842 3657 Hoc
2861 3603 3004 3659 enim
3035 3601 3302 3656 diabolum
3333 3617 3399 3655 cx
3423 3600 3638 3653 homine

2063 3699 2225 3764 facit;
2257 3699 2355 3752 hoc
2381 3698 2607 3752 ferocem
2634 3697 2929 3750 dmmoncm
2952 3693 3135 3749 efficit.
3171 3693 3258 3748 Sic
3280 3695 3446 3763 prima
3468 3689 3640 3745 cmdcs

2064 3791 2199 3844 facta
2229 3798 2312 3844 est
2340 3807 2354 3855 ;
2383 3790 2460 3843 sic
2486 3798 2687 3842 natura:
2715 3787 2855 3840 milia
2885 3785 3063 3844 habita
3092 3785 3227 3838 ratio
3256 3785 3352 3838 fuit
3378 3783 3530 3853 (Gen.
3561 3781 3638 3843 4);

2067 3885 2151 3940 sic
2174 3894 2315 3939 terra
2354 3883 2558 3952 polluta
2597 3891 2716 3944 est;
2745 3879 2823 3933 sic
2871 3886 3051 3945 postea
3095 3891 3157 3930 os
3196 3890 3350 3928 suum
3392 3873 3640 3941 aperiens

2069 3989 2227 4040 terra,
2268 3975 2492 4038 Dathan,
2515 3974 2652 4027 Core
2673 3981 2728 4026 et
2752 3969 2972 4030 Abiron,
3000 3976 3270 4036 totumque
3302 3965 3448 4018 illiilli
3473 3979 3641 4033 popu-

2069 4071 2175 4124 lum
2207 4069 2412 4137 escepit
2441 4075 2496 4122 et
2521 4065 2744 4134 perdidit
2767 4061 2951 4132 (Num.
2982 4059 3096 4128 16).
3126 4060 3227 4120 Αι,
3261 4057 3455 4111 dixerit
3480 4057 3604 4125 quis
3624 4083 3636 4093 ο

2070 4164 2233 4232 piam,
2257 4161 2408 4215 facile
2432 4168 2514 4214 est
2539 4158 2607 4211 de
2631 4155 2825 4209 invidia
2851 4167 3103 4208 accusare
3126 4192 3142 4217 ,
3171 4150 3263 4206 sed
3298 4148 3596 4203 docendum
3623 4148 3636 4179 '

2069 4270 2175 4323 quo
2200 4261 2355 4320 pacto
2385 4249 2545 4303 invidi
2573 4249 2640 4301 ab
2669 4247 2768 4300 hoc
2805 4245 2993 4298 morbo
3023 4243 3334 4296 liberentur.
3364 4237 3645 4304 Quomodo

2071 4357 2198 4412 ergo
2227 4340 2570 4395 liberabimur
2598 4337 2664 4390 ab
2686 4335 2960 4405 iniquitate
2982 4329 3348 4402 hujuscemodi
3370 4330 3393 4381 ?
3417 4327 3473 4382 Si
3503 4332 3626 4401 (ιοςί
3644 4360 3659 4368 -

2075 4446 2266 4499 tentus,
2290 4429 2747 4487 sicutfornicatori
2774 4444 2890 4482 non.
2906 4427 3028 4480 licet
3049 4427 3244 4483 intrare
3265 4426 3316 4475 in
3339 4419 3622 4477 ecclesiam
3644 4463 3654 4477 .

2073 4525 2150 4578 sic
2176 4539 2348 4594 neque
2376 4521 2589 4586 invido;
2623 4524 2728 4574 imo
2769 4519 2955 4575 minus.
2987 4515 3110 4569 huic
3151 4514 3315 4568 licere
3357 4526 3516 4581 (piam
3551 4510 3647 4562 illi.

2073 4613 2670 4683 Nunc.quidem.utalum
2701 4609 2830 4667 illud
2856 4607 3002 4677 quasi
3025 4604 3329 4664 indifferens
3358 4616 3476 4656 esse
3507 4599 3649 4653 vide-

2079 4717 2202 4771 tura;
2230 4707 2452 4774 ideoque
2478 4702 2800 4772 negligitur:
2825 4699 2917 4752 sed
2941 4696 2985 4751 si
3015 4694 3352 4750 manifestum
3383 4691 3548 4745 semel
3579 4694 3650 4744 sit

2079 4800 2274 4854 malum
2311 4812 2432 4852 esse
2457 4837 2470 4861 ,
2505 4795 2656 4848 facile
2685 4793 2752 4847 ab
2789 4808 2853 4851 eo
2881 4791 3198 4845 resiliemus.
3232 4787 3376 4855 Luge
3406 4787 3563 4856 igitur
3593 4796 3647 4839 et

2077 4888 2404 4958 ingemisce;
2433 4886 2727 4938 lamentare
2753 4890 2806 4934 et
2834 4880 3003 4933 Deum
3037 4892 3276 4947 precare.
3315 4876 3469 4929 Disce
3496 4878 3647 4944 quasi

2082 4982 2150 5036 de
2182 4979 2500 5050 gravissimo
2523 4985 2743 5044 peccato
2779 4973 2948 5053 allici,
2989 4970 3426 5039 etpoenitentiam
3469 4984 3645 5036 agerc.

2079 5071 2220 5128 Etsi
2259 5072 2340 5126 sic
2373 5068 2597 5125 allectus
2645 5066 2813 5120 fueris
2839 5106 2853 5130 ,
2889 5065 2997 5119 cito
3039 5063 3107 5117 ab
3131 5063 3233 5118 hoc
3274 5063 3461 5115 morbo
3511 5059 3646 5110 Iit-cr

2082 5160 2292 5217 evades.
2327 5158 2517 5228 Ecquis
2561 5159 2804 5226 ignorat,
2833 5153 3039 5223 inquies
3063 5194 3079 5216 ,
3110 5152 3358 5206 invidiam
3389 5163 3507 5202 esse
3535 5161 3648 5198 ma-

2082 5253 2236 5311 lum?
2267 5254 2479 5322 Ignorat
2516 5249 2730 5319 quidem
2758 5263 2916 5307 nemo
2954 5264 2968 5310 ;
3002 5245 3097 5303 sed
3130 5255 3306 5297 tamen
3335 5251 3438 5292 non
3468 5253 3650 5306 parcnt

2081 5361 2201 5402 esse
2239 5343 2480 5397 morbum
2508 5348 2692 5410 putant
2720 5336 3056 5392 fornicationi
3096 5341 3150 5387 et
3191 5328 3469 5384 adulterio.
3519 5326 3650 5379 Nam

2082 5439 2200 5508 quis
2220 5449 2468 5505 umquam
2499 5429 2932 5492 sesedamnavil,
2959 5423 3100 5494 quod
3135 5421 3279 5492 gravi
3310 5417 3506 5473 invidia
3548 5421 3649 5476 du:-

2147 5588 2160 5618 ¹
2185 5589 2318 5654 Lege
2336 5587 2420 5642 sed
2440 5583 2791 5652 inquirendum.
