4010 6128
407 221 515 280 443

410 345 529 391 ctus
550 335 776 390 fuisset?
799 333 1146 402 Quandonatn
1178 337 1298 408 quis
1317 342 1525 410 rogavit
1547 337 1736 407 Deum,
1765 349 1824 395 ut
1845 339 1986 396 circa

410 425 551 481 hunc
571 427 819 482 morbum
846 427 944 482 sibi
969 429 1229 499 propitius
1254 433 1440 486 esset?
1471 431 1636 487 Nemo
1656 433 1839 504 utique
1865 449 1985 488 um-

404 531 584 586 quam;
609 517 701 572 sed
721 520 763 573 si
776 517 978 588 jejunct
993 534 1056 574 ac
1076 521 1338 576 tantillum
1360 524 1598 591 pecuniae
1619 523 1711 579 det
1740 525 1981 594 pauperi,

403 611 742 679 quantumvis
759 612 1065 678 sitinvidus,
1079 613 1212 668 nihil
1233 629 1292 669 se
1310 630 1470 684 grave
1489 616 1770 671 admisisse
1793 627 1941 688 putat
1964 637 1979 685 ;

407 700 529 754 licet
567 703 884 770 gravissimo
923 705 1159 760 omnium
1191 706 1655 762 morboleneatur.
1707 708 1981 764 Undenam

401 793 532 847 Cain
551 803 657 848 tam
673 796 927 851 scelestus
942 797 1160 852 effectus
1176 801 1292 855 est?
1313 801 1454 856 unde
1469 801 1634 857 Esau?
1654 803 1791 858 unde
1809 803 1980 857 Laba-

402 888 453 939 ni
483 886 611 942 filii?
632 890 769 945 unde
791 891 884 944 filii
905 891 1127 946 Jacobi?
1157 894 1296 948 unde
1316 893 1453 948 Core
1481 936 1497 960 ,
1539 895 1741 950 Dathan
1773 905 1828 951 et
1849 895 1980 950 Abi-

401 979 538 1031 ron?
568 979 707 1034 unde
740 980 945 1035 Maria?
971 982 1113 1036 unde
1137 985 1314 1040 Aaron
1341 984 1364 1036 ?
1393 983 1532 1040 unde
1552 985 1666 1054 ipse
1695 985 1980 1040 diabolus?

469 1073 524 1126 4.
558 1071 706 1127 Cum
727 1072 811 1127 his
841 1073 945 1129 hoc
987 1075 1149 1129 etiam
1177 1076 1448 1146 perpende
1471 1118 1487 1142 ,
1523 1085 1572 1132 te
1613 1092 1717 1132 non
1743 1093 1868 1132 eum
1893 1078 1976 1132 cui

400 1164 602 1218 invides
632 1164 833 1220 laedere
863 1207 877 1231 ,
911 1166 1006 1221 sed
1044 1167 1095 1220 in
1123 1168 1352 1236 teipsum
1385 1169 1616 1239 gladium
1645 1178 1876 1225 vertere.
1919 1169 1974 1223 In

397 1271 502 1325 quo
528 1257 671 1312 enim
700 1257 924 1312 ‘Abelum
946 1258 1076 1313 Cain
1101 1259 1236 1315 lmsit
1255 1260 1279 1313 ?
1300 1260 1449 1315 Illum
1479 1262 1636 1316 citius
1665 1262 1749 1316 vel
1779 1262 1976 1316 invitus

397 1350 449 1403 in
481 1365 700 1421 regnum
730 1351 894 1416 misit,
924 1367 1086 1422 seque
1111 1354 1378 1408 sexcentis
1404 1354 1626 1408 involvit
1654 1354 1828 1409 malis.
1860 1353 1976 1420 Qua

395 1441 448 1493 in
483 1455 540 1495 re
579 1440 780 1496 Jacobo
809 1443 987 1496 nocuit
1036 1441 1181 1498 Esau
1208 1444 1232 1497 ?
1259 1458 1438 1497 annon
1481 1444 1569 1499 ille
1591 1444 1742 1499 dives
1778 1453 1893 1498 erat
1921 1454 1976 1500 et

394 1529 537 1584 mille
557 1530 715 1585 bonis
739 1530 1030 1596 fruebatur,
1065 1531 1148 1586 hic
1174 1548 1300 1587 vero
1329 1541 1544 1602 paterna
1571 1533 1733 1588 domo
1753 1535 1971 1600 excidit,

398 1633 451 1676 et
493 1632 614 1691 post
657 1631 885 1676 structas
931 1623 1151 1677 insidias
1178 1623 1231 1677 in
1261 1623 1434 1677 aliena
1479 1624 1698 1692 regione
1725 1624 1974 1680 erravit?

396 1711 534 1780 Quid
581 1721 760 1766 autem
789 1711 974 1767 Jacobi
1017 1712 1160 1788 filii?
1192 1729 1260 1768 an
1307 1713 1597 1784 Josephum
1639 1715 1692 1769 in
1734 1715 1971 1786 pejorem

389 1813 586 1858 statum
612 1803 948 1859 adduxerunt
971 1848 987 1869 ,
1015 1806 1222 1861 etiamsi
1245 1821 1413 1878 usque
1439 1807 1505 1862 ad
1535 1809 1845 1879 sanguinem
1877 1825 1970 1864 ve-

390 1895 596 1948 nisscnt
620 1893 644 1947 ?
669 1893 857 1950 Nonne
883 1896 970 1950 isti
988 1896 1181 1951 famem
1213 1898 1376 1967 passi,
1405 1913 1468 1952 ac
1496 1898 1564 1954 de
1593 1898 1848 1955 extremis
1877 1914 1969 1970 pe-

388 1984 602 2042 riclitati
628 1999 770 2051 sunt,
800 1989 890 2066 ille
912 2004 1042 2044 vero
1070 2004 1165 2045 rex
1194 1990 1245 2044 in
1275 1999 1382 2045 tota
1411 1991 1644 2062 Λεωτρῑο
1669 1991 1810 2046 fuit?
1835 1992 1969 2047 Nam

388 2089 585 2148 quanto
613 2080 780 2150 magis
807 2080 1003 2134 invidia
1033 2081 1384 2148 laboraveris,
1419 2091 1567 2138 tanto
1587 2085 1789 2153 majora
1813 2084 1861 2138 ei
1883 2084 1968 2138 cui

388 2171 592 2226 invides
618 2171 755 2226 bona
784 2172 1054 2227 concilias.
1079 2173 1218 2227 Deus
1233 2174 1376 2228 enim
1398 2215 1412 2239 ,
1431 2175 1518 2244 qui
1545 2183 1735 2229 cuncta
1764 2175 1967 2244 perspi-

387 2264 461 2318 cit
493 2305 507 2328 ,
544 2279 664 2318 eum
688 2263 831 2318 videt
854 2279 975 2319 eum
998 2263 1120 2318 la:di
1146 2265 1236 2334 qui
1268 2264 1398 2319 nihil
1428 2266 1585 2334 lazsit,
1613 2267 1762 2322 illum
1788 2267 1963 2337 erigit,

385 2355 835 2424 illustrioremque
872 2354 1074 2421 efficit;
1126 2355 1362 2410 invidum
1407 2372 1536 2412 vero
1583 2359 1785 2428 plectit.
1830 2359 1962 2413 Nam

385 2447 429 2500 si
455 2462 568 2513 eos,
593 2439 683 2518 qui
699 2447 765 2502 de
790 2443 944 2502 malis
970 2448 1301 2504 inimicorum
1324 2450 1588 2517 laetentur,
1608 2467 1712 2508 non
1745 2454 1963 2522 impuni-

385 2549 470 2594 tos
513 2540 641 2594 sinit
685 2537 810 2614 (Ne
853 2540 1078 2610 gaudeas
1117 2541 1265 2607 enim,
1296 2542 1482 2611 inquit.
1501 2545 1566 2598 de
1593 2561 1712 2598 casu
1737 2546 1964 2599 inimico-

383 2649 496 2684 rum
531 2641 727 2685 tuorum
750 2653 847 2697 ,ne
868 2632 1070 2700 quando
1123 2631 1260 2687 Deus
1310 2634 1492 2700 videat,
1521 2645 1569 2689 et
1610 2636 1872 2706 displiceat
1917 2637 1962 2690 ei

384 2719 563 2793 [Ρνου.
585 2723 676 2778 24.
705 2720 900 2794 17.18]
925 2724 979 2793 ):
1009 2724 1176 2778 multo
1204 2724 1380 2778 minus
1395 2739 1488 2779 eos
1510 2726 1598 2795 qui
1617 2725 1852 2782 invident
1873 2727 1956 2799 iis,

380 2828 410 2864 a
435 2813 626 2882 quibus
648 2813 782 2866 nihil
809 2813 923 2866 lmsi
948 2822 1093 2867 sunt.
1137 2813 1328 2868 Feram
1355 2815 1534 2885 itaque
1565 2815 1700 2872 hanc
1729 2857 1744 2883 ,
1779 2817 1960 2872 multis

379 2903 694 2985 instructam
739 2904 1001 2974 capitibus
1029 2945 1045 2970 ,
1086 2908 1481 2963 exscindamus.
1546 2909 1722 2965 Multae
1763 2911 1962 2981 quippe

378 3005 501 3048 sunt
523 2994 730 3048 invidiae
757 2996 980 3065 species.
1008 2995 1138 3050 Nam
1166 2997 1209 3050 si
1234 2997 1401 3067 is,qui
1423 3013 1482 3055 se
1507 3009 1772 3055 amantem
1793 3011 1959 3067 amat,

379 3085 510 3138 nihil
554 3085 674 3154 plus
703 3085 884 3149 habet,
913 3102 1071 3157 quam
1102 3088 1415 3158 publicanus
1439 3131 1454 3155 ,
1487 3091 1573 3159 qui
1621 3107 1680 3145 se
1710 3091 1838 3145 nihil
1867 3091 1961 3145 la:-

377 3177 591 3232 denlem
620 3177 743 3232 odio
775 3177 965 3243 habet,
997 3194 1102 3249 quo
1132 3181 1182 3233 in
1211 3180 1326 3234 loco
1351 3179 1554 3234 stabit?
1578 3182 1846 3250 quomodo
1875 3183 1957 3236 ef-

375 3270 537 3339 fugict
564 3269 860 3340 gehennam
883 3313 898 3337 ,
943 3286 1063 3326 cum
1094 3271 1321 3328 ethnicis
1357 3273 1508 3342 pejor
1535 3273 1706 3329 factus
1729 3277 1842 3330 sit?
1872 3276 1956 3332 ld-

374 3359 518 3414 eirco
582 3360 867 3415 admodum
935 3360 1092 3417 doleo
1124 3404 1140 3428 ,
1194 3363 1335 3432 quod
1383 3364 1472 3434 qui
1536 3365 1792 3435 angelos,
1846 3367 1954 3422 imo

373 3451 682 3522 angelorum
715 3452 994 3506 Dominum
1025 3454 1222 3508 imitari
1244 3455 1378 3523 jussi
1417 3469 1632 3522 sumus,
1683 3458 1950 3515 diabolum

371 3542 662 3597 imitemur.
714 3542 845 3597 Nam
893 3544 1057 3597 multa
1099 3554 1154 3600 et
1201 3546 1253 3598 in
1299 3546 1536 3601 Ecclesia
1582 3549 1778 3604 invidia
1827 3560 1949 3615 est;

372 3635 649 3703 multoque
673 3634 840 3703 magis
873 3635 924 3687 in
958 3635 1114 3689 nobis
1142 3677 1156 3700 ,
1183 3651 1341 3704 quam
1369 3637 1420 3690 in
1452 3638 1699 3693 subditis.
1735 3639 1858 3695 ldeo
1883 3643 1950 3696 ad

369 3738 472 3779 nos
499 3738 676 3778 sermo
705 3733 958 3778 vertatur.
993 3725 1169 3790 Quare
1192 3767 1206 3789 ,
1239 3725 1324 3780 dic
1354 3727 1480 3781 mihi
1505 3769 1520 3793 ,
1552 3730 1794 3798 proximo
1816 3731 1952 3785 invi-

369 3813 511 3869 des?
538 3813 670 3882 Quia
697 3813 897 3868 honore
925 3824 978 3869 et
1015 3815 1323 3871 celebritate
1347 3815 1610 3872 fruentem
1638 3819 1819 3875 vides?
1841 3821 1952 3877 Nec

368 3907 571 3977 cogitas
599 3915 853 3976 quantum
885 3907 1008 3961 mali
1039 3907 1273 3962 honores
1298 3909 1598 3965 afferantiis
1618 3913 1708 3982 qui
1738 3929 1842 3968 non
1867 3923 1947 3969 at-

368 3997 637 4052 tendunt?
664 3996 721 4051 ln
747 4013 937 4052 vanam
956 3999 1180 4068 gloriam
1209 4001 1475 4054 extollunt
1503 4042 1517 4064 ,
1549 4001 1601 4054 in
1631 4002 1824 4058 fastum
1850 4046 1865 4070 ,
1891 4004 1946 4058 in

365 4091 747 4161 arrogantiam,
777 4091 831 4144 in
857 4091 1162 4160 superbiam
1188 4134 1204 4157 ,
1235 4093 1648 4164 negligentiores
1669 4096 1901 4152 reddunt
1925 4141 1942 4166 ,

364 4197 429 4239 ac
467 4191 661 4253 praeter
698 4182 812 4237 lucc
856 4184 994 4237 mala
1028 4224 1044 4248 ,
1088 4183 1243 4239 facile
1292 4195 1645 4240 marcescunt.
1687 4187 1946 4259 Quodque

363 4274 732 4345 gravissimum
754 4282 856 4341 est,
877 4274 1014 4328 mala
1038 4273 1164 4328 hinc
1179 4275 1458 4344 importata
1485 4287 1702 4332 manent
1726 4279 1944 4334 immor-

365 4367 487 4422 talia
517 4384 532 4422 :
563 4368 803 4436 voluptas
835 4381 960 4422 vero
986 4366 1073 4420 ubi
1119 4367 1343 4436 primmn
1374 4369 1636 4438 apparuit,
1688 4373 1937 4426 avolavit.

362 4460 530 4516 Hisne
557 4502 572 4526 ,
615 4474 799 4530 quaeso
820 4500 838 4526 ,
881 4459 950 4514 de
989 4459 1166 4514 causis
1211 4459 1464 4516 invides?
1493 4461 1594 4515 Sed
1624 4472 1939 4532 potestatem

363 4556 581 4609 multam
609 4553 767 4608 habet
793 4552 879 4607 ille
893 4551 1032 4620 apud
1054 4552 1424 4621 imperantem,
1453 4555 1628 4608 omnia
1651 4569 1742 4610 sus
1767 4555 1939 4626 deque

362 4655 537 4701 versat
564 4659 659 4715 pro
685 4643 870 4708 lubito,
894 4643 1236 4698 adversantes
1256 4643 1353 4697 sibi
1376 4643 1668 4710 ulciscitur,
1696 4646 1939 4702 adulato-

361 4751 452 4791 res
475 4736 746 4791 beneficiis
773 4733 939 4790 afficit
963 4777 977 4801 ,
1012 4749 1306 4805 magnaque
1333 4735 1524 4789 fruitur
1548 4738 1803 4808 potentia.
1829 4739 1942 4794 Sa:-

361 4825 617 4880 cularium
645 4825 918 4881 hominum
947 4825 1060 4881 haec
1083 4825 1246 4881 verba
1265 4834 1410 4881 sunt.
1443 4825 1575 4880 Nam
1602 4827 1934 4898 Spiritualem

361 4917 630 4972 hominem
651 4919 792 4973 nulla
825 4934 910 4972 res
933 4919 1120 4974 dolore
1149 4919 1365 4975 afficere
1401 4927 1595 4989 potest.
1628 4920 1766 4987 Quid
1793 4923 1935 4976 enim

358 5012 433 5066 illi
465 5009 586 5063 mali
615 5010 816 5064 faciet?
844 5026 911 5064 an
940 5027 971 5065 a
1008 5012 1264 5082 dignitate
1290 5012 1549 5083 dejiciet?
1588 5013 1654 5067 Et
1679 5013 1803 5084 quid
1835 5015 1938 5070 hoc

357 5114 438 5161 cst
465 5105 486 5160 ?
515 5104 570 5161 Si
602 5104 743 5160 enim
769 5104 911 5173 juste
933 5146 949 5170 ,
991 5106 1043 5159 id
1085 5106 1216 5162 utile
1243 5107 1339 5176 ipsi
1367 5107 1472 5162 erit
1502 5125 1515 5161 :
1543 5107 1675 5163 nihil
1701 5110 1842 5163 enim
1867 5109 1937 5163 ita

355 5200 468 5255 Deo
488 5197 746 5268 displicet,
781 5211 938 5266 quam
969 5197 1013 5251 si
1041 5198 1159 5266 quis
1187 5199 1402 5268 indigne
1431 5200 1733 5254 sacerdotio
1757 5200 1938 5271 funga—

356 5301 458 5345 tur.
484 5289 581 5344 Sin
604 5289 801 5358 injuste
825 5330 839 5354 ,
886 5287 1038 5356 culpa
1067 5302 1229 5356 penes
1265 5289 1619 5358 deponentem
1656 5291 1760 5344 erit
1785 5332 1800 5358 ,
1831 5307 1938 5346 non

355 5397 519 5453 penes
545 5382 845 5453 depositum
879 5399 892 5435 :
927 5395 1046 5435 nam
1074 5380 1162 5450 qui
1205 5379 1399 5449 injuste
1441 5381 1568 5450 quid
1618 5382 1816 5450 patitur
1845 5423 1860 5448 ,
1890 5382 1936 5436 si

1187 224 1242 280 S.
1280 223 1556 282 JOANNIS
1590 225 2062 282 CIIRYSOSTOMI
2101 227 2416 285 ARCHIEP.
2459 228 2986 291 CONSTANTINOP.

3567 249 3677 304 ιη

2090 341 2147 395 ὶηι
2180 343 2374 398 virtute
2401 355 2558 414 atque
2583 345 2916 416 philoSOphia
2943 366 3238 409 versemur.
3279 355 3412 414 Nam
3437 359 3678 434 dignita-

2091 441 2172 487 tes
2198 432 2264 487 ad
2292 434 2456 489 multa
2487 437 2598 491 Deo
2618 453 2724 492 non
2750 441 2942 510 placita
2965 447 3218 513 patranda
3246 432 3554 524 inducunt,
3580 469 3676 514 at-

2087 536 2193 592 que
2220 523 2416 594 ingenti
2457 541 2589 596 opus
2615 537 2697 582 est
2739 532 2949 597 animo,
2981 543 3037 588 ut
3070 536 3326 607 dignitate
3363 559 3426 598 ac
3475 523 3675 614 poten-

2088 614 2158 667 tia
2197 626 2342 671 recte
2371 627 2614 674 utamur:
2646 623 2732 690 qui
2778 639 2906 678 vero
2950 641 2981 680 a
3025 627 3276 697 dignitate
3317 633 3624 695 detruditur
3649 681 3672 711 ,

2087 704 2215 759 velit
2243 706 2378 760 nolit
2406 709 2812 780 philosophatur
2843 731 2855 766 :
2887 723 2943 769 at
2966 717 3058 785 qui
3097 719 3184 772 illa
3216 723 3409 778 fruitur
3441 768 3456 791 ,
3487 704 3671 786 simile

2085 798 2212 890 quid
2235 801 2452 869 patitur,
2478 817 2541 856 ac
2564 804 2607 858 si
2638 805 2756 874 quis
2781 821 2904 860 cum
2933 806 3166 865 formosa
3188 816 3361 882 puella
3391 818 3667 890 habitans,

2085 887 2202 957 lege
2226 901 2469 946 arceatur
2490 909 2556 949 ne
2579 895 2720 949 illam
2743 898 2952 953 lascivis
2973 916 3220 971 umquam
3239 907 3404 963 oculis
3419 887 3663 980 aspiciat.

2085 979 2228 1036 Talis
2271 993 2353 1037 est
2379 986 2635 1054 potentia.
2665 987 2894 1060 Ideoque
2938 994 3132 1049 multos
3175 1012 3312 1066 pene
3357 979 3548 1060 invitos
3593 1009 3668 1063 ad

2082 1076 2458 1129 contumeliam
2486 1077 2811 1135 inferendam
2836 1082 3080 1148 induxit,
3112 1087 3180 1141 ad
3214 1089 3345 1144 iram
3374 1094 3610 1153 incitavit
3639 1141 3662 1167 ,

2081 1161 2274 1232 linguae
2301 1164 2510 1222 frenum
2542 1169 2670 1238 ipsis
2689 1170 2927 1238 abstulit,
2957 1184 3011 1230 et
3037 1176 3254 1245 januam
3282 1183 3392 1238 oris
3417 1189 3611 1242 avulsit

2082 1255 2224 1309 venti
2247 1255 2415 1312 instar
2438 1261 2673 1315 animum
2696 1264 3108 1338 circumquaque
3135 1271 3298 1339 agitat
3322 1314 3339 1339 ,
3367 1285 3421 1330 et
3453 1279 3504 1332 in
3533 1255 3662 1348 pro;

2079 1346 2294 1402 fundum
2338 1351 2600 1407 malorum
2636 1354 2886 1424 scapham
2930 1356 3210 1430 demergit.
3241 1364 3378 1430 Quid
3411 1346 3568 1436 igitur
3593 1371 3652 1426 in

2081 1444 2226 1492 tanto
2254 1441 2490 1507 periculo
2523 1442 2732 1498 miraris
2757 1454 2808 1500 et
2837 1447 3174 1504 invidendum
3203 1464 3353 1521 putas
3382 1456 3406 1508 ?
3433 1465 3656 1528 etqute-

2078 1541 2198 1580 nam
2223 1527 2335 1584 haec
2362 1539 2445 1584 est
2471 1531 2784 1590 dementia?
2813 1536 2942 1591 Cum
2971 1539 3037 1593 iis
3063 1557 3191 1596 vero
3219 1560 3338 1614 qum
3367 1546 3506 1602 dicta
3524 1527 3658 1608 sunt

2076 1618 2247 1688 cogita
2276 1661 2290 1685 ,
2315 1632 2442 1691 quot
2463 1617 2704 1680 inimicos
2731 1635 2786 1682 et
2810 1640 3166 1700 accusatores,
3193 1645 3322 1705 quot
3351 1639 3654 1698 adulatores

2077 1709 2268 1766 habeat
2289 1727 2347 1768 se
2375 1714 2700 1770 obsidentes.
2731 1718 2974 1776 Hmccine
3012 1723 3172 1792 igitur
3199 1767 3212 1786 .
3237 1743 3419 1798 qumso
3441 1773 3457 1795 ,
3495 1733 3655 1803 digna

2075 1811 2200 1856 sunt
2228 1820 2346 1872 qua:
2369 1806 2518 1861 beata
2548 1808 2906 1876 prccdicentur
2929 1813 2953 1865 ?
2981 1813 3178 1884 Ecquis
3201 1817 3301 1873 hoc
3321 1820 3559 1877 dixerit?
3583 1827 3654 1880 At

2074 1895 2212 1962 apud
2245 1897 2519 1966 populum,
2551 1900 2780 1970 inquies,
2803 1902 3122 1960 celebratur.
3160 1907 3360 1978 Ecquid
3388 1913 3490 1968 hoc
3519 1926 3603 1970 est
3629 1918 3657 1970 ?

2072 1984 2253 2053 Neque
2283 1988 2422 2041 enim
2447 1989 2673 2059 populus
2699 2000 2780 2047 est
2809 1992 2946 2050 Deus
2965 2036 2980 2060 ,
3010 1997 3094 2051 cui
3117 1997 3238 2055 vita:
3268 2004 3501 2059 rationes
3526 2008 3651 2062 red-

2071 2076 2279 2133 diturus
2301 2081 2388 2135 sit.
2419 2080 2597 2151 Itaque
2622 2085 2839 2153 quando
2869 2088 3123 2157 populum
3155 2091 3314 2159 dicis,
3344 2096 3478 2150 nihil
3500 2099 3652 2156 aliud

2068 2184 2337 2226 memoras
2365 2214 2379 2237 ,
2408 2189 2566 2243 quam
2594 2174 2775 2231 obices
2805 2216 2820 2242 ,
2852 2179 3101 2246 scopulos
3124 2221 3139 2246 ,
3177 2182 3361 2238 brevia
3381 2228 3396 2252 ,
3435 2188 3650 2246 latentia

2070 2275 2218 2315 saxa.
2253 2262 2345 2317 illa
2375 2265 2517 2319 enim
2549 2266 2600 2320 in
2626 2269 2823 2336 populo
2850 2269 3152 2338 celebritas,
3186 2284 3386 2344 quanto
3405 2281 3645 2348 splendi-

2068 2351 2270 2407 diorem
2301 2354 2494 2422 reddit,
2516 2365 2663 2411 tanto
2689 2359 2980 2428 majoribus
3008 2370 3153 2430 patet
3181 2367 3452 2436 periculis,
3482 2374 3645 2439 curis,

2067 2445 2408 2498 muneribus.
2436 2445 2566 2500 Nam
2585 2447 2673 2518 qui
2701 2449 2818 2502 talis
2839 2457 2941 2515 est,
2970 2467 3069 2506 nec
3093 2462 3236 2510 stare
3258 2472 3358 2512 nec
3383 2464 3649 2529 respirare

2067 2543 2264 2602 potest,
2297 2551 2417 2590 cum
2447 2547 2554 2591 tam
2573 2540 2824 2594 acerbum
2853 2540 3045 2598 habeat
3078 2543 3374 2602 domi-num.
3421 2551 3489 2606 Et
3516 2555 3645 2622 quid

2065 2625 2186 2680 dico
2214 2634 2355 2682 stare
2380 2628 2466 2682 vel
2507 2631 2772 2699 respirare
2796 2634 2820 2686 ?
2847 2633 3067 2691 Etiamsi
3114 2638 3158 2691 is
3194 2645 3461 2699 sexcentis
3489 2647 3647 2704 bonis

2064 2719 2315 2787 operibus
2343 2721 2412 2775 sit
2433 2722 2686 2790 prmditus
2705 2764 2719 2786 ,
2743 2724 2956 2781 difficile
2988 2729 3038 2782 in
3067 2745 3288 2801 regnum
3324 2735 3646 2805 ingreditur.

2063 2808 2204 2864 Nihil
2229 2813 2368 2866 enim
2392 2813 2710 2871 labefactare
2740 2817 2874 2872 solet
2902 2860 2918 2885 ,
2965 2830 3022 2874 ut
3051 2823 3341 2880 multorum
3372 2830 3647 2888 existima-

2065 2903 2156 2968 tio,
2190 2919 2306 2974 qua:
2331 2905 2562 2976 timidos,
2598 2909 2884 2965 illiberales
2903 2954 2917 2975 ,
2942 2912 3246 2971 adulatores
3274 2920 3642 2980 simulatores-

2063 3010 2166 3066 que
2193 2995 2336 3051 facit.
2369 2995 2476 3053 Cur
2513 3016 2641 3071 ergo
2670 3002 2918 3058 Pharismi
2949 3005 3201 3063 dicebant
3223 3011 3488 3069 Christum
3518 3016 3639 3071 dm-

2062 3086 2362 3142 moniacum
2407 3092 2573 3144 esse?
2615 3092 2805 3148 Annon
2848 3095 2968 3163 quia
3014 3097 3151 3168 vulgi
3191 3103 3640 3163 existimationem

2061 3180 2390 3248 captabant?
2418 3180 2527 3237 Cur
2573 3192 2750 3239 autem
2791 3187 2943 3242 multi
2974 3198 3175 3245 rectam
3205 3193 3272 3248 de
3300 3195 3392 3248 illo
3421 3207 3642 3254 senten-

2063 3271 2186 3325 tiam
2228 3271 2522 3328 ferebant?
2558 3273 2746 3331 Nonne
2775 3278 2897 3346 quia
2933 3278 3036 3335 hoc
3066 3282 3259 3338 morbo
3292 3300 3398 3340 non
3428 3287 3638 3345 detine-

2059 3361 2252 3417 bantur
2276 3365 2299 3416 ?
2326 3365 2469 3419 Nihil
2497 3366 2639 3420 enim
2663 3409 2678 3433 ,
2705 3368 2836 3422 nihil
2859 3380 3007 3425 certe
3029 3371 3273 3431 homines
3300 3378 3378 3432 sic
3405 3379 3634 3450 iniquos,

2058 3454 2137 3508 sic
2168 3456 2361 3511 stultos
2388 3456 2574 3524 efficit,
2597 3474 2756 3528 quam
2779 3460 2919 3530 quod
2944 3462 3010 3517 ad
3039 3464 3330 3522 multorum
3360 3469 3634 3527 existima-

2059 3548 2255 3602 tionem
2287 3548 2527 3614 inhient;
2553 3550 2683 3604 nihil
2712 3551 2782 3605 ita
2809 3552 3062 3621 probatos
3083 3565 3242 3625 atque
3258 3559 3633 3618 adamantinos

2055 3637 2249 3702 reddit,
2283 3647 2342 3693 ut
2370 3639 2560 3694 famam
2578 3640 2877 3710 despicere.
2901 3644 3078 3712 Quare
3105 3646 3395 3706 fortissimo
3412 3653 3637 3724 quisque

2055 3743 2190 3798 opus
2219 3729 2379 3785 habet
2402 3731 2580 3786 animo
2609 3775 2622 3797 ,
2657 3742 2714 3787 ut
2741 3733 2898 3804 hujus
2921 3739 3065 3793 venti
3091 3739 3309 3810 impetui
3336 3752 3390 3798 et
3415 3745 3466 3798 vi
3497 3748 3634 3801 resi-

2053 3833 2195 3877 stere
2219 3823 2405 3892 possit.
2434 3823 2564 3877 Nam
2593 3825 2804 3894 quando
2825 3841 3081 3897 prospere
3103 3845 3216 3886 rem
3230 3833 3358 3902 agit,
3385 3837 3635 3892 omnibus

2052 3927 2110 3967 se
2137 3913 2412 3982 anteponit
2441 3929 2456 3977 ;
2496 3929 2617 3968 cum
2648 3918 2912 3971 contraria
2940 3920 3192 3975 accidunt
3216 3963 3232 3987 ,
3260 3925 3496 3994 seipsum
3521 3928 3632 3982 suf-

2050 4003 2233 4058 fodere
2259 4005 2405 4072 eupit
2430 4020 2444 4070 ;
2475 4013 2530 4059 et
2552 4005 2654 4061 hoc
2683 4007 2782 4076 ipsi
2812 4018 2865 4064 et
2880 4010 3124 4080 gehenna
3154 4014 3312 4070 simul
3334 4026 3388 4071 et
3406 4034 3630 4091 regnum

2054 4105 2158 4160 est,
2190 4111 2311 4152 cum
2340 4097 2442 4153 hoc
2461 4098 2625 4154 animi
2652 4101 2839 4155 morbo
2869 4103 3130 4160 obruitur.

2119 4187 2174 4242 5.
2205 4187 2469 4256 Hmccine,
2495 4204 2696 4259 quaeso,
2731 4192 2922 4247 invidia
2957 4194 3114 4265 digna
3139 4199 3300 4254 sunt?
3324 4215 3501 4257 nonne
3529 4216 3630 4272 pu-

2050 4278 2154 4334 tius
2192 4278 2402 4334 fletibus
2434 4296 2498 4336 ac
2540 4280 2827 4352 lacrymis?
2859 4283 3054 4355 Utique
3086 4287 3136 4342 id
3167 4291 3416 4346 omnibus
3456 4296 3630 4362 palam

2047 4380 2146 4426 est.
2181 4371 2261 4426 Tu
2290 4387 2420 4428 vero
2445 4373 2670 4443 idipsum
2694 4376 2842 4441 facis,
2876 4390 2997 4432 cum
3026 4379 3076 4435 ei
3105 4383 3293 4451 quisic
3329 4385 3632 4444 celebratur

2046 4461 2274 4530 invides,
2299 4479 2363 4519 ac
2391 4465 2437 4520 si
2477 4467 2594 4536 quis
2626 4468 2890 4524 hominem
2926 4469 3112 4527 videns
3151 4474 3381 4532 vinctum
3429 4494 3491 4534 ac
3529 4481 3631 4536 fla-

2044 4555 2196 4624 gellis
2221 4570 2436 4622 caesum,
2469 4558 2536 4611 ab
2571 4557 2966 4631 innumerisque
3002 4563 3131 4618 feris
3160 4577 3442 4637 raptatum,
3489 4572 3630 4626 invi-

2044 4647 2196 4703 deret
2223 4647 2388 4717 ipsius
2419 4649 2586 4719 plagis
2623 4659 2679 4704 et
2712 4653 3036 4710 vulneribus.
3066 4655 3198 4712 Nam
3227 4646 3356 4730 quot
3385 4661 3630 4719 homines

2043 4738 2098 4793 in
2128 4739 2322 4808 populo
2351 4749 2493 4807 sunt,
2537 4749 2614 4796 tot
2643 4743 2800 4799 habet
2839 4745 2926 4802 hic
2957 4748 3182 4815 vincula,
3219 4761 3294 4807 tot
3333 4753 3579 4811 dominos
3613 4775 3630 4810 :

2041 4830 2290 4901 quodque
2315 4835 2526 4902 gravius
2551 4843 2652 4901 est,
2683 4834 2907 4892 diversa:
2928 4849 3052 4895 sunt
3077 4841 3298 4912 singulis
3322 4849 3621 4914 sententiar,

2041 4934 2097 4980 et
2118 4941 2236 4997 qua:
2256 4927 2424 4982 menti
2453 4919 2767 4984 succurrunt
2791 4930 2858 4986 de
2877 4934 3232 4990 servientibus
3260 4938 3360 4993 sibi
3388 4949 3632 4998 statuunt

2041 5031 2249 5084 omnes,
2282 5017 2411 5072 nihil
2436 5019 2822 5088 examinantes,
2853 5022 2948 5078 sed
2982 5040 3101 5093 quae
3142 5025 3266 5082 huic
3301 5029 3383 5083 vel
3415 5030 3490 5084 illi
3515 5033 3626 5087 visa

2037 5107 2238 5164 fuerint
2261 5108 2660 5164 confirmantes.
2690 5111 2815 5166 Hmc
2835 5114 3025 5180 quibus
3053 5113 3321 5183 fluctibus,
3356 5135 3460 5189 qua
3490 5130 3627 5176 tem-

2040 5207 2247 5264 pestate
2275 5199 2515 5269 graviora
2545 5215 2650 5254 non
2679 5202 2842 5256 sunt?
2870 5203 3076 5258 Etenim
3118 5208 3163 5260 is
3204 5207 3357 5264 facile
3392 5212 3565 5264 statim
3593 5228 3628 5267 a

2038 5289 2310 5358 voluptate
2348 5289 2582 5354 inflatur,
2619 5300 2674 5346 et
2713 5292 2866 5348 facile
2909 5310 3118 5350 rursum
3149 5297 3528 5371 submergitur,
3572 5301 3625 5355 in

2043 5378 2164 5433 vitae
2188 5380 2602 5449 inaequabilitate
2631 5397 2862 5452 semper,
2895 5385 2949 5439 in
2977 5387 3156 5456 quiete
3187 5405 3471 5460 numquam
3505 5406 3629 5460 per-

354 5475 565 5530 fnrtiter
593 5474 728 5529 ferat
754 5514 770 5539 ,
813 5473 1068 5542 majorem
1098 5471 1222 5526 hinc
1249 5470 1388 5540 apud
1416 5470 1584 5527 Deum
1612 5473 1940 5527 nanciscitur
2040 5480 2206 5526 stans.
2237 5469 2369 5524 Nam
2409 5481 2690 5543 antequam
2723 5475 2774 5528 in
2814 5477 3086 5532 concionis
3120 5479 3383 5535 theatrum
3426 5481 3628 5550 veniat,

355 5565 651 5621 libertatem
683 5579 745 5619 ac
770 5562 1035 5618 fiduciam.
1082 5561 1160 5618 Ne
1187 5562 1366 5633 itaque
1389 5561 1442 5617 id
1465 5562 1517 5615 in
1541 5575 1705 5630 scopo
1735 5562 1930 5617 habea-

357 5670 494 5722 mus,
522 5664 580 5708 ut
600 5653 836 5709 fruamur
860 5654 1112 5724 potentia,
1141 5653 1362 5721 honore,
1394 5651 1727 5717 auctoritate,
1751 5651 1844 5706 scd
1873 5661 1930 5706 ut

2040 5569 2095 5614 et
2119 5568 2399 5629 antequam
2421 5560 2740 5616 laboriosam
2768 5568 3061 5621 orationem
3091 5567 3324 5638 incipiat,
3355 5570 3548 5624 anxius
3571 5581 3629 5625 et

2041 5661 2273 5707 tremens
2294 5663 2407 5718 est;
2437 5662 2557 5722 post
2581 5653 2813 5710 solutum
2843 5673 2970 5714 vero
2992 5658 3258 5717 theatrum
3287 5661 3367 5718 vel
3393 5676 3627 5718 mturare
