4010 6128
180 219 302 275 443

178 335 384 407 φησὶν,
413 335 494 386 δτι
528 333 822 405 πονηρδνή
861 333 1156 404 βασκανία;
1200 337 1412 404 Ἀγνοεῖ
1448 340 1546 410 μὲν
1574 341 1765 404 οὐδείς’
1801 343 1863 396 οὐ

183 418 308 488 μὴν
338 416 434 487 τὴν
460 411 628 481 αὐτὴν
659 417 786 487 περὶ
809 416 1064 488 πορνείας
1086 419 1177 470 καὶ
1208 420 1455 490 μοιχείας
1483 421 1665 491 ἔχουσι
1687 423 1862 490 δόξαν,

177 500 292 553 καὶ
320 498 446 569 περὶ
477 497 568 550 τοῦ
599 497 802 562 πάθους
837 499 1048 555 τούτου.
1073 502 1211 554 Πότε
1237 503 1366 571 γοῦν
1397 503 1591 557 ἐαυτοῦ
1625 524 1706 570 τις
1733 525 1866 560 κατ-

176 582 339 650 έγνω
368 581 578 653 πικρῶς
606 581 912 652 βασκήνας;
947 584 1080 637 πότε
1115 584 1246 638 Θεόν
1280 583 1512 656 ἠξίωσεν
1545 587 1698 659 ’ὑπὲρ
1742 589 1866 642 τού-

177 681 288 718 του
325 665 419 718 τοῦ
453 666 780 735 νοσήματος,
810 665 951 719 ὥστε
980 668 1232 735 γενέσθαι
1261 670 1408 741 αὐτῴ
1435 671 1629 737 ἴλεωνς
1674 673 1864 736 Οὐδεὶς

179 747 468 802 οὐδέποτε⁸
504 748 620 801 ἀλλ’
650 751 696 802 εἰ
727 750 1012 817 νηστεύσει
1037 751 1078 781 ¹¹
1109 753 1202 804 καὶ
1231 753 1422 822 πένητι
1446 753 1521 824 δῷ
1549 755 1742 824 μικρὸν
1767 756 1865 825 ἀρ-

182 826 404 897 γύριον,
460 830 563 883 κᾶν
609 827 869 900 μυριάκις
915 829 1181 898 βάσκανος
1213 827 1269 903 ᾖ,
1323 833 1474 886 οὐδὲν
1514 834 1728 904 ἡγεῖται
1776 850 1866 886 πε-

184 913 480 982 ποιηκέναι
514 912 705 974 δεινὸν,
743 912 820 982 τῷ
858 912 1076 966 πάντων
1129 914 1454 985 μιαρωτέρῳ
1501 915 1864 986 κατεχόμενος

183 994 376 1048 πάθει.
425 993 596 1048 Πόθεν
634 993 763 1062 γοῦν
795 996 823 1047 6
869 996 1010 1050 Κάῖν
1051 995 1290 1060 τοιοῦτος
1336 998 1584 1063 ἐγένετος
1626 997 1786 1050 πόθεν
1835 997 1864 1048 6

198 1077 406 1142 Ἦσαῦ;
447 1076 610 1130 πόθεν
639 1079 687 1129 οἰ
716 1075 810 1130 τοῦ
839 1077 1026 1131 Λάϐαν
1063 1078 1279 1145 παῖδες;
1312 1079 1476 1132 πόθεν
1521 1081 1570 1131 οἰ
1608 1078 1700 1130 τοῦ
1761 1079 1866 1131 Ἰα-

183 1159 310 1212 κὼϐ
337 1159 474 1226 υίοί;
497 1159 661 1213 πόθεν
686 1161 734 1212 οί
770 1161 896 1231 περὶ
916 1162 1060 1232 Κορὲ
1095 1162 1188 1215 καὶ
1221 1163 1399 1216 Δαθάν
1439 1165 1533 1217 καί⁹
1568 1159 1860 1233 Ἀ.ϐειρών;

185 1242 356 1296 πόθεν
384 1242 611 1313 Μαρία;
653 1241 814 1295 πόθεν
846 1242 1113 1314 ,Ἀαρών;
1151 1243 1316 1297 πόθεν
1345 1245 1506 1310 αὐτὸς
1530 1249 1558 1299 6
1588 1245 1860 1312 διάϐολος;

257 1361 324 1414 δ’.
345 1359 497 1413 Μετά
522 1358 726 1412 τούτων
743 1359 962 1413 κάκεῖνο
981 1359 1171 1425 ἐννόει,
1200 1360 1360 1413 ὅτιού
1382 1361 1472 1414 τὸν
1501 1361 1863 1432 φθονούμενον

181 1442 415 1504 ἀδικεῖς,
446 1440 582 1494 ἀλλά
610 1441 750 1493 κατά
779 1441 978 1494 σαυτοῦ
1007 1442 1067 1495 τὸ
1108 1441 1259 1510 ξίφος
1299 1443 1479 1507 ὠθεῖς.
1531 1444 1594 1496 Τί
1633 1444 1739 1514 γὰρ
1772 1443 1862 1496 τὸν

184 1524 362 1576 Ἀϐελ
387 1523 641 1593 ἠδίκησεν
664 1525 691 1576 6
714 1522 853 1576 Κάῖν
876 1539 891 1586 ;
913 1523 1025 1577 Οὐκ
1041 1524 1246 1577 ἐκεῖνον
1269 1525 1368 1595 μὲν
1388 1527 1430 1557 ¹²
1451 1525 1746 1598 ταχύτερον
1769 1527 1862 1580 καὶ
1939 1572 1947 1580 .

181 1607 338 1660 ἄκων
364 1609 443 1670 εἰς
479 1605 754 1675 βασιλείαν
780 1605 1160 1675 παρέπεμψεν,
1185 1608 1376 1660 ἑαυτὸν
1400 1607 1455 1661 δὲ
1479 1609 1694 1678 μυρίοις
1717 1625 1866 1679 περι-

183 1690 378 1760 ἐπειρε
411 1690 620 1750 κακοῖς.
657 1688 721 1740 Τί
766 1686 856 1740 τὸν
899 1687 1089 1740 Ἰακὼϐ
1135 1689 1415 1760 ἔϐλαψενό
1453 1690 1656 1757 Ἠσαῦ;
1688 1691 1808 1760 οὐχὶ
1836 1694 1866 1745 6

184 1772 288 1840 μὲν
314 1770 564 1824 ἐπλούτει
608 1771 700 1823 καὶ
748 1770 955 1840 μυρίων
982 1771 1252 1825 ἀπέλαυεν
1280 1773 1324 1804 ¹³
1349 1773 1588 1840 ἀγαθῶν,
1613 1774 1774 1836 αὐτὸς
1807 1773 1864 1826 66

181 1853 283 1905 καὶ
335 1853 437 1922 τῆς
488 1851 746 1921 πατρῴας
799 1852 974 1916 οἰκίας
1023 1853 1297 1920 ἐξέπιπτε,
1351 1856 1444 1908 καὶ
1490 1857 1548 1908 ἐν
1607 1856 1863 1927 ἀλλοτρία

181 1937 460 1988 ἐπλανᾶτο
494 1935 629 2005 μετὰ
658 1935 756 2005 τὴν
797 1935 1088 2007 ἐπιϐουλὴν
1128 1937 1378 2008 ἐκείνην;
1408 1939 1474 1991 Τί
1499 1939 1555 1991 66
1595 1941 1644 1991 οί
1676 1939 1866 2002 παῖδες

180 2018 375 2071 τούτου
412 2018 503 2071 τὸν
528 2019 572 2049 ⁸⁵
617 2017 811 2088 Ἰωσὴφ
853 2019 1115 2088 ἐποίησαν
1146 2022 1313 2091 χείρω
1338 2022 1404 2081 ⁸⁸,
1436 2023 1532 2074 καὶ
1563 2021 1735 2074 ταῦτα
1765 2022 1861 2092 μέ-

180 2117 308 2171 χρις
335 2101 566 2170 αἵματος
593 2100 875 2165 ἐλθόντες;
922 2101 1070 2172 [Il-42]
1097 2103 1217 2172 οὐχὶ
1256 2098 1399 2157 οὗτοι
1435 2105 1533 2172 μὲν
1570 2107 1664 2158 καὶ
1707 2105 1863 2176 λιμὸν

184 2185 487 2254 ὑπέμειναν
511 2183 605 2237 καὶ
638 2183 766 2252 περὶ
798 2183 907 2236 τῶν
951 2185 1195 2253 ἐσχάτων
1229 2186 1626 2251 ἐκινδύνευσαν,
1659 2189 1864 2252 ἐκεῖνος

182 2267 239 2319 δὲ
278 2265 530 2336 βασιλεὺς
565 2264 754 2332 γέγονε
799 2265 899 2334 τῆς
945 2265 1222 2334 Αἰγύπτου
1270 2270 1525 2340 ἀπάσης;
1559 2272 1707 2340 Ὅσῳ
1753 2270 1862 2342 γὰρ

182 2348 250 2401 ἂν
293 2347 511 2417 φθονῇς,
539 2345 776 2416 τοσούτῳ
803 2346 924 2418 γίνῃ
963 2347 1005 2378 ¹⁶
1041 2348 1300 2418 μειζόνων
1339 2352 1595 2422 πρόξενος
1644 2353 1863 2420 ἀγαθῶν

180 2430 263 2500 τῷ
295 2427 657 2498 φθονουμένῳ.
691 2428 823 2492 Θεὸς
848 2431 955 2500 γάρ
983 2431 1127 2484 ἐστιν
1166 2432 1194 2483 6
1225 2431 1396 2486 ταῦτα
1431 2434 1473 2465 ⁸⁷
1498 2433 1734 2504 ἐφορῶν·
1767 2435 1863 2488 καὶ

181 2513 313 2567 ὅταν
362 2513 447 2583 ἴδῃ
489 2511 578 2564 τὸν
622 2511 774 2565 οὐδὲν
823 2513 1114 2566 ἀδικοῦντα
1156 2515 1527 2584 ἀδικούμενον,
1570 2516 1734 2570 αὐτὸν
1763 2518 1863 2586 μὲν

182 2595 405 2663 ἐπαίρει
433 2593 631 2664 μᾶλλον
659 2594 753 2648 καὶ
777 2596 922 2646 ποιεῖ
945 2595 1195 2667 λαμπρὸν
1226 2597 1418 2668 ταύτῃ,
1453 2599 1510 2651 σὲ
1539 2598 1596 2650 66
1623 2598 1859 2661 κολάζει.

183 2679 247 2730 Εἰ
274 2677 382 2747 γὰρ
417 2677 545 2740 τοὺς
573 2677 932 2746 ἐφηδομένους
958 2680 1071 2740 τοῖς
1105 2677 1316 2748 ἐχθροῖς
1356 2681 1454 2732 οὐκ
1481 2680 1704 2750 ἀφίησιν
1746 2680 1865 2733 ἀτι⁹

184 2759 403 2831 μωρητὶ
439 2757 746 2828 παρελθεῖν,
767 2757 863 2826 Μὴ
894 2759 1164 2827 ἐπίχαιρε
1195 2763 1324 2831 γὰρ,
1355 2761 1540 2831 φησὶν,
1570 2761 1668 2814 ἐπὶ
1706 2761 1858 2815 πτώ-

174 2860 320 2912 ματι
348 2840 577 2909 ἐχθρῶν
611 2855 750 2904 σου,
773 2841 858 2910 μή
905 2858 1049 2896 ποτε
1102 2843 1201 2912 ἴδῃ
1245 2847 1278 2897 ό
1332 2843 1494 2909 Θεὸς,
1525 2845 1622 2898 καί
1665 2848 1738 2900 οὐ
1769 2845 1856 2914 μὴ

179 2923 377 2992 ἀρέσῃ
424 2921 616 2991 αὐτῷ·
669 2923 847 2993 πολλῷ
899 2924 1095 2994 μᾶλλον
1145 2926 1272 2989 τοὺς
1323 2925 1706 2996 βασκαίνοντας
1749 2930 1862 2992 τοῖς

179 3007 336 3062 οὐδὲν
387 3008 721 3078 ἠδικηκόσιν.
768 3008 1120 3076 Ἐκκόψωμεν
1160 3007 1338 3061 τοίνυν
1380 3009 1441 3061 τὸ
1493 3010 1862 3079 πολυκέφαλον

180 3090 393 3161 θηρίον.
418 3094 528 3146 Καὶ
560 3092 668 3161 γὰρ
699 3091 869 3144 πολλὰ
893 3091 960 3142 τὰ
990 3091 1104 3159 εἴδη
1133 3093 1232 3159 τῆς
1257 3090 1572 3158 βασκανίας.
1607 3091 1673 3145 Εἰ
1699 3093 1807 3162 γὰρ
1833 3093 1862 3144 6

177 3174 278 3226 τὸν
319 3174 576 3242 φιλοῦντα
617 3171 848 3240 ἀγαπῶν
897 3171 1051 3224 οὐδὲν
1094 3169 1255 3224 πλέον
1284 3170 1396 3240 ἔχει
1434 3170 1530 3223 τοῦ
1555 3171 1807 3238 τελώνου,
1833 3173 1864 3226 6

176 3257 275 3310 16v
305 3257 456 3309 οὐδὲν
493 3253 782 3308 ἀδικοῦντα
821 3252 993 3323 μισῶν
1031 3251 1134 3305 ποῦ
1185 3252 1479 3322 στήσεται;
1525 3251 1643 3315 πῶς
1677 3253 1734 3306 δὲ
1767 3255 1862 3307 ἐκ-

179 3339 442 3405 φεύξεται
487 3337 584 3406 τὴν
615 3337 861 3405 γέενναν,
891 3335 998 3388 τῶν
1029 3334 1258 3387 ἐθνικῶν
1294 3333 1491 3404 χείρων
1537 3335 1818 3405 γινόμενος
1845 3353 1862 3402 ;

179 3421 277 3473 Διὸ
316 3419 410 3472 καὶ
448 3419 654 3489 σφόδρα
689 3416 978 3486 ὀδυνῶμαι,
1010 3415 1092 3468 ὅτι
1124 3416 1174 3467 οί
1200 3415 1326 3476 τοὺς
1351 3414 1634 3483 ἀγγέλους,
1664 3417 1864 3486 μᾶλλον

179 3504 241 3556 δὲ
271 3503 316 3534 ιδ
345 3501 453 3555 τῶν
476 3501 722 3568 ἀγγέλων
757 3499 849 3552 τὸν
877 3498 1155 3567 Δεσπότην
1185 3495 1466 3568 μιμεῖσθαι
1499 3497 1861 3568 κελευόμενοι,

181 3584 276 3637 τὸν
307 3582 549 3636 διάϐολον
578 3580 868 3652 ζηλοῦμεν.
898 3581 1009 3634 Καὶ
1023 3579 1130 3652 γὰρ
1155 3579 1322 3650 πολλὴ
1347 3580 1440 3632 καὶ
1458 3579 1515 3631 ἐν
1531 3581 1596 3650 τῇ
1641 3581 1865 3654 Ἐκκλη-

183 3667 280 3736 σίᾳ
311 3668 344 3735 ἡ
377 3665 642 3733 βασκανία
660 3681 676 3697 ο
709 3663 909 3735 μᾶλλον
931 3663 989 3716 δὲ
1023 3663 1066 3696 ³⁸
1092 3665 1151 3716 ἐν
1176 3665 1307 3734 ἡμῖν
1333 3663 1365 3732 ἢ
1403 3664 1460 3716 ἐν
1482 3666 1594 3726 τοῖς
1621 3665 1864 3736 ἀρχομέ-

181 3765 317 3810 νοις.
345 3748 434 3799 Διὸ
457 3748 551 3800 καὶ
574 3748 708 3816 ἡμῖν
748 3747 931 3808 αὐτοῖς
973 3745 1302 3800 διαλεκτέον.
1333 3745 1488 3808 Τίνος
1519 3745 1626 3816 γὰρ
1653 3747 1860 3808 ἕνεκεν,

183 3831 308 3884 εἰπέ
340 3847 449 3901 μοι,
475 3829 786 3900 βασκαίνεις
809 3828 887 3899 τῷ
909 3828 1165 3898 πλησίον;
1198 3829 1318 3881 Ὅτι
1339 3828 1504 3897 τιμῆς
1525 3826 1864 3880 ἀπολαύοντα

184 3914 403 3983 βλέπεις
429 3914 524 3966 καὶ
556 3912 808 3983 χρηστῶν
843 3911 1102 3982 ῥημάτων
1126 3929 1141 3977 ;
1171 3907 1306 3964 Εἶτα
1339 3912 1440 3964 οὐκ
1468 3912 1862 3984 ὲννοεῖςπόσον

181 3997 410 4067 φέρουσι
434 3995 602 4048 κακὸν
631 3996 687 4048 αἰ
717 3994 876 4063 τιμαὶ
900 3995 1013 4056 τοῖς
1044 3993 1118 4063 μὴ
1152 3992 1544 4063 προσέχουσιν;
1593 3995 1674 4057 εἰς
1712 4009 1864 4046 κενο-

181 4079 363 4143 δοξίαν
413 4079 685 4149 αἴρουσαι,
735 4077 814 4139 είς
854 4074 1051 4144 τῦφον,
1105 4075 1185 4138 εἰς
1236 4075 1515 4138 ἀπόνοιαν,
1565 4076 1645 4137 είς
1696 4075 1863 4144 ὑπερ-

180 4161 364 4231 οψίαν,
419 4160 826 4233 ρᾳθυμοτέρους
866 4157 1148 4211 ποιοῦσαι·
1198 4157 1290 4209 καὶ
1334 4157 1474 4227 μετὰ
1512 4156 1715 4210 τούτων
1755 4155 1862 4208 τῶν

181 4244 371 4296 κακῶν
392 4244 486 4296 καὶ
515 4242 864 4314 μαραίνονται
899 4239 1116 4312 ῥαδίως.
1141 4239 1213 4291 Τὸ
1240 4237 1349 4308 γάρ
1378 4239 1442 4306 δὴ
1483 4237 1863 4308 χαλεπώτατον

179 4326 364 4388 τοῦτο,
391 4327 472 4378 ὅτι
509 4325 576 4379 τὰ
608 4325 706 4396 μὲν
747 4325 806 4390 ἐξ
842 4323 1006 4378 αὐτοῦ
1051 4323 1096 4354 ¹⁰
1141 4323 1287 4376 κακά
1319 4321 1565 4375 ἀθάνατα
1610 4322 1788 4391 μένει·
1826 4325 1859 4392 ἡ

178 4411 238 4464 δὲ
263 4408 428 4479 ἡδονὴ
462 4406 598 4479 ὁμοῦ
644 4425 703 4460 τε
755 4407 931 4477 ἐφάνη
981 4407 1077 4462 καὶ
1118 4406 1360 4478 ἀπέπτη.
1410 4404 1508 4458 Διά
1552 4405 1724 4459 ταῦτα
1771 4400 1862 4459 οὖν

183 4492 537 4563 βασκαίνεις;
591 4489 714 4544 εἰπέ
768 4507 877 4560 μοι.
937 4488 1074 4543 Ἀλλ’
1116 4488 1362 4554 ἐξουσίαν
1415 4487 1527 4558 ἔχει
1580 4486 1731 4558 παρά
1783 4487 1862 4557 τῷ

181 4571 474 4645 κρατοῦντι
508 4571 729 4643 πολλὴν,
756 4572 849 4625 καὶ
880 4571 1002 4639 ἄγει
1031 4571 1124 4626 καὶ
1159 4571 1310 4643 φέρει
1342 4570 1518 4624 πάντα
1551 4569 1858 4632 ὅποιθέλει,

182 4657 430 4720 καὶτοὺς
463 4653 899 4726 προσκρούοντας
934 4654 1112 4720 λυπεῖ,
1167 4655 1260 4708 καὶ
1302 4654 1431 4718 τοὺς
1473 4650 1863 4713 κολακεύοντας

182 4741 480 4811 εὐεργετεῖ,
509 4738 603 4791 καὶ
645 4737 842 4808 πολλὴν
875 4737 986 4808 ἔχει
1027 4737 1274 4806 δύναμιν.
1309 4735 1586 4790 Βιωτικῶν
1613 4735 1656 4767 ⁸⁸
1689 4732 1864 4786 ταῦτα

183 4823 252 4877 τὰ
295 4824 534 4894 ῥήματα,
571 4821 664 4874 καὶ
701 4819 809 4874 τῶν
835 4823 902 4891 τῇ
960 4822 1030 4891 γῇ
1079 4820 1517 4890 προσηλωμένων
1561 4816 1862 4888 ἀνθρώπων

185 4907 321 4960 ἐστί.
354 4905 458 4958 Τὸν
501 4903 610 4974 γὰρ
658 4903 1024 4974 πνευματικὸν
1069 4903 1220 4957 οὐδὲν
1273 4901 1515 4972 λυπῆσαι
1554 4900 1857 4971 δυνήσεται.

185 4991 251 5044 Τί
311 4989 420 5060 γὰρ
473 4987 620 5058 αὐτῷ
669 4989 714 5021 ’³
759 4988 1052 5058 ἐργάσεται
1115 4987 1288 5042 δεινόν
1315 4995 1341 5054 ;‘
1384 4983 1861 5057 νάποχειροτονήσει

185 5072 282 5142 τῆς
339 5069 531 5136 ἀξίας;
584 5069 694 5122 Καὶ
744 5071 796 5123 τί
854 5070 1045 5135 τοῦτο;
1077 5071 1173 5122 Ἂν
1213 5071 1310 5141 μὲν
1347 5070 1456 5141 γὰρ
1496 5068 1736 5132 δικαίως,
1768 5066 1862 5118 καὶ

186 5152 472 5222 ὠφελεῖται
492 5171 506 5184 ο
534 5153 688 5206 οὐδὲν
718 5153 822 5221 γὰρ
847 5152 989 5206 οὕτω
1014 5155 1301 5226 παροξύνει
1334 5155 1486 5219 Θεὸν,
1517 5154 1594 5216 ὡς
1636 5152 1698 5205 τὸ
1730 5149 1861 5220 παρ’

1286 220 1355 276 IN
1392 220 1809 280 MATTHEUM
1849 221 2084 280 HOMIL.
2122 221 2237 278 XL.
2275 225 2347 280 al.
2390 222 2525 279 XLI.

3542 229 3644 286 Ml

1973 340 2196 403 ἐκεῖνον,
2225 340 2326 393 οὐκ
2355 340 2449 392 ἐπὶ
2481 339 2666 393 τοῦτον
2694 343 2866 411 χωρεῖ
2884 357 2897 370 °
2931 342 2959 394 6
2991 341 3100 414 γὰρ
3126 341 3326 408 ἀδίκως
3353 360 3409 398 τι
3438 344 3650 405 παθὼν.

1971 423 2066 476 καὶ⁵
2095 422 2354 491 γενναίως
2385 421 2642 490 ἐνεγκὼν,
2675 423 2894 476 πλείονα
2931 423 3100 494 ταύτῃ
3144 427 3339 479 κτᾶται
3386 425 3521 496 πρὸς
3558 428 3650 481 τὸν

1971 507 2104 559 Θεὸν
2127 503 2226 575 τὴν
2250 504 2584 576 παρῤησίαν.
2616 507 2707 577 Μὴ
2746 506 2923 561 τοίνυν
2958 505 3118 561 τοῦτο
3146 515 3456 580 σκοπῶμεν,
3499 511 3649 573 ὅπως

1970 580 2120 655 ὦμεν
2160 589 2217 638 ἐν
2265 586 2624 650 δυναστείαις,
2668 587 2763 640 καὶ
2806 588 2864 640 ἐν
2903 590 3105 658 τιμαῖς,
3147 591 3239 643 καὶ
3267 593 3324 643 ἐν
3357 590 3646 657 ἐξουσίαις,

1970 670 2086 724 ἀλλ’
2114 669 2260 732 ὅπως
2292 663 2440 740 ῶμεν
2471 671 2530 721 ἐν
2553 671 2719 740 ἀρετῇ
2767 671 2860 723 καὶ
2904 671 3207 743 φιλοσοφίᾳ.
3256 674 3344 736 Ὠς
3375 675 3436 726 αῖ
3467 692 3531 742 γε
3563 673 3651 739 ἐξ·

1970 752 2146 806 ουσίαι
2176 752 2343 814 πολλά
2365 753 2474 804 τῶν
2499 752 2577 823 τῷ
2603 752 2720 822 Θεῷ
2750 753 2825 823 μὴ
2852 753 3149 808 δοκούντων
3175 759 3347 809 ποιεῖν
3376 757 3644 822 πείθουσι,

1972 838 2064 890 καὶ
2097 837 2300 907 σφόδρα
2343 837 2593 907 νεανικῆς
2641 835 2723 888 δεῖ
2765 835 2962 906 ψυχῆς,
3008 837 3147 891 ὥστε
3190 841 3254 908 τῇ
3309 836 3526 908 ἐξουσίᾳ
3567 840 3644 901 εἰς

1969 918 2086 972 δέον
2115 917 2440 989 χρήσασθαι.
2477 918 2535 970 Ὀ
2571 917 2667 988 μὲν
2699 917 2810 988 γάρ
2843 919 3282 989 ἀπεστερημένος
3330 921 3516 990 αὐτῆς,
3552 920 3645 973 καὶ
3694 946 3711 964 ι

1969 999 2111 1054 ἑκὼν
2140 999 2232 1052 καὶ
2269 1000 2415 1054 ἄκων
2441 997 2748 1066 φιλοσοφεῖο
2780 1001 2807 1050 6
2839 999 2895 1050 66
2928 999 3213 1052 ἀπολαύων
3253 1002 3443 1071 αὐτῆς,
3472 1001 3648 1054 τοιοῦ-

1976 1084 2059 1136 τόν
2083 1100 2135 1135 τι
2169 1082 2388 1151 πάσχει,
2415 1076 2524 1134 οἷον
2563 1081 2626 1134 ἃν
2657 1080 2708 1134 εἰ
2733 1097 2817 1143 τις
2850 1081 2988 1153 κόρῃ
3031 1083 3292 1136 συνοικῶν
3321 1084 3516 1137 εὐειδεῖ
3551 1086 3646 1136 καὶ

1970 1165 2128 1235 καλῇ,
2181 1165 2379 1232 νόμους
2423 1163 2632 1227 δέξαιτο
2677 1161 2826 1234 [445]
2886 1163 3150 1234 μηδέποτε
3195 1167 3274 1229 εἰς
3311 1166 3477 1236 αὐτὴν
3517 1168 3645 1220 ἰδεῖν

1969 1246 2297 1308 ἀκολάστως.
2349 1245 2597 1298 Τοιοῦτον
2630 1245 2804 1315 γὰρὴ
2853 1245 3090 1311 ἐξουσία.
3143 1248 3232 1300 Διὸ
3285 1247 3511 1312 πολλοὺς
3550 1251 3644 1302 καὶ

1969 1328 2200 1390 ἄκοντας
2229 1330 2308 1390 εἰς
2340 1328 2401 1380 τὸ
2430 1327 2669 1398 ὑϐρίζειν
2702 1327 2944 1388 ἐνέϐαλε,
2983 1329 3075 1381 καὶ
3111 1329 3276 1398 θυμὸν
3314 1330 3520 1400 ἤγειρε,
3550 1332 3645 1383 καὶ

1969 1411 2179 1481 χαλινὸν
2213 1409 2454 1480 γλώττης
2485 1408 2690 1478 ἀφεῖλε,
2721 1408 3008 1480 καὶ-θύραν
3045 1410 3316 1463 ἀνέσπασε
3357 1413 3640 1481 στόματος,

1968 1494 2156 1562 ὥσπερ
2179 1493 2283 1544 ὑπὸ
2307 1493 2611 1561 πνεύματος
2638 1490 2735 1560 τὴν
2758 1491 2932 1562 ψυχὴν
2955 1493 3403 1565 ἀναρριπίζουσα,
3437 1495 3529 1547 καὶ
3561 1497 3643 1557 εἰς

1967 1572 2058 1628 τὸν
2086 1574 2310 1643 ἔσχατον
2340 1573 2449 1625 τῶν
2489 1573 2673 1625 κακῶν
2707 1572 2864 1641 βυθὸν
2912 1575 3377 1639 καταποντίζουσα
3409 1577 3468 1628 τὸ
3506 1577 3642 1629 σκά-

1968 1673 2085 1726 φος.
2115 1657 2216 1709 Τὸν
2254 1652 2345 1709 οὖν
2371 1657 2418 1687 ⁸³
2447 1656 2502 1708 ἐν
2529 1654 2767 1724 τοσούτῳ
2793 1655 3021 1724 κινδύνῳ
3053 1656 3371 1727 θαυμάζεις,
3417 1659 3510 1710 καὶ
3544 1659 3643 1727 ζη-

1965 1737 2132 1791 λωτὸν
2163 1733 2301 1792 εἶναι
2351 1736 2488 1808 φῄς;
2530 1736 2624 1789 καὶ
2670 1736 2839 1808 πόσης
2880 1737 3052 1796 ταῦτα
3101 1739 3320 1806 ἀνοίας;
3359 1740 3641 1810 Ἐννόησον

1965 1819 2093 1888 γοῦν
2120 1821 2258 1891 μετά
2282 1819 2391 1873 τῶν
2421 1818 2740 1890 εἰρημένων,
2769 1820 2968 1883 πόσους
2993 1821 3218 1892 ἐχθροὺς
3263 1824 3356 1875 καὶ
3403 1823 3640 1892 κατηγό-

1970 1919 2114 1974 ρους,
2149 1903 2346 1964 πόσους
2386 1901 2444 1953 δὲ
2487 1901 2726 1964 κόλακας
2751 1895 2906 1966 οὗτος
2947 1903 3060 1972 ἔχει
3089 1904 3505 1977 πολιορκοῦντας
3538 1909 3642 1960 αὐ-

1965 1986 2076 2038 τόν.
2099 1984 2262 2036 Ταῦτ’
2283 1979 2394 2046 οῦν,
2419 1983 2539 2034 εἰπέ
2575 1999 2686 2052 μοι,
2715 1984 3076 2053 μακαρισμῶν
3107 1985 3267 2051 ἀξια;
3307 1986 3418 2039 K0l
3455 1987 3537 2049 τίς
3572 1987 3640 2040 ἂν

1965 2066 2124 2119 τοῦτο
2146 2065 2288 2117 εἴποι
2311 2081 2324 2127 ;
2362 2063 2521 2116 Ἀλλά
2546 2063 2695 2134 παρὰ
2731 2064 2807 2134 τῷ
2827 2065 2962 2134 λαῷ,
2985 2065 3168 2136 φησὶν,
3197 2067 3490 2137 εὐδοκιμεῖ.
3528 2070 3640 2121 Kal

1965 2148 2018 2200 τί
2058 2145 2248 2212 τοῦτο;
2289 2147 2364 2199 Οὐ
2408 2146 2516 2216 γὰρ
2543 2146 2608 2214 δὴ
2647 2147 2676 2197 6
2706 2147 2830 2210 λαός
2858 2149 3001 2200 ἐστιν
3024 2150 3052 2200 6
3078 2147 3227 2213 Θεὸς,
3251 2143 3294 2214 ᾧ
3315 2149 3498 2219 μέλλει
3536 2149 3640 2214 τὰς

1966 2231 2192 2294 εὐθύνας
2212 2231 2620 2299 ὑπέχειν.Ὤστε
2641 2231 2766 2282 ὅταν
2783 2230 2907 2282 λαὸν
2929 2228 3109 2302 εἴπῃς,
3130 2231 3281 2284 οὐδὲν
3300 2232 3424 2285 ἄλλο
3438 2232 3636 2299 λέγεις,

1965 2312 1999 2383 ἥ
2038 2313 2333 2384 προϐόλους
2371 2311 2613 2381 ἐτέρους,
2646 2313 2738 2364 καὶ
2772 2313 3081 2378 σκοπέλους,
3119 2314 3212 2365 καὶ
3253 2314 3506 2382 ὑφάλους,
3544 2318 3641 2369 καὶ

1967 2395 2246 2458 σπιλάδας.
2271 2394 2344 2447 Τὸ
2369 2394 2475 2462 γὰρ
2507 2394 2808 2464 εὐδοκιμεῖν
2837 2395 2893 2447 ἐν
2921 2395 3096 2465 δήμῳ,
3124 2397 3233 2466 ὅσῳ
3267 2397 3642 2469 λαμπρότερον

1966 2479 2126 2542 ποιεῖ,
2154 2477 2393 2546 τοσούτῳ
2444 2475 2660 2544 μείζους
2697 2475 2807 2546 ἔχει
2846 2477 2972 2538 τοὺς
3015 2476 3310 2543 κινδύνους,
3343 2479 3442 2540 τὰς
3475 2497 3642 2550 φρον-

1962 2560 2150 2624 τίδας,
2204 2559 2302 2622 τὰς
2349 2558 2606 2628 ἀθυμίας.
2660 2559 3022 2612 Ἀναπνεῦσαι
3075 2559 3183 2630 γὰρ
3233 2562 3260 2612 6
3311 2562 3552 2626 τοιοῦτος
3603 2564 3640 2633 ἢ

1966 2643 2158 2710 στῆναι
2191 2644 2252 2694 οὐ
2301 2641 2521 2693 δύναται
2571 2640 2726 2703 ὅλως,
2772 2641 2912 2693 οὕτω
2948 2643 3142 2711 πικρὸν
3187 2643 3326 2714 έχων
3352 2645 3640 2717 δεσπότην.

1964 2725 2074 2778 Kal
2100 2727 2154 2776 τί
2174 2724 2318 2792 λέγω
2351 2724 2540 2794 στῆναι
2575 2723 2668 2776 καὶ
2685 2724 2731 2754 ²⁶
2759 2723 3127 2790 ἀναπνεῦσαις
3155 2727 3276 2780 Κᾶν
3320 2728 3486 2800 μυρία
3513 2745 3644 2781 κατ-

1963 2807 2260 2878 ορθώματα
2293 2808 2392 2879 ἔχῃ
2425 2810 2452 2860 6
2491 2807 2752 2870 τοιοῦτος,
2783 2807 3056 2871 δυσκόλως
3098 2810 3178 2872 είς
3221 2809 3494 2878 βασιλείαν
3525 2813 3642 2862 εἱσ-

1964 2891 2204 2961 έρχεται.
2264 2891 2429 2945 Οὐδὲν
2474 2891 2582 2961 γὰρ
2625 2889 2798 2954 οὕτως
2849 2885 3296 2962 ἐκτραχηλιάζειν
3327 2895 3372 2926 ³⁸
3428 2894 3641 2959 εἴωθεν,

1963 2973 2040 3036 ὡς
2061 2975 2093 3044 ή
2122 2973 2274 3044 παρὰ
2295 2972 2402 3026 τῶν
2428 2972 2638 3024 πολλῶν
2664 2972 2809 3036 δόξα,
2834 2972 3060 3036 δειλοὺς,
3089 2974 3356 3041 ἀγεννεῖς,
3383 2976 3640 3041 κόλακας,

1965 3055 2267 3124 ὑποκριτὰς
2298 3053 2546 3107 ποιοῦσα.
2582 3053 2738 3114 Τίνος
2776 3051 2906 3120 γοῦν
2934 3052 3119 3106 ἕνεκεν
3152 3055 3202 3106 οἰ
3229 3057 3510 3125 Φαρισαῖοι
3550 3056 3642 3108 τὸν

1963 3137 2200 3207 Χριστὸν
2240 3137 2422 3204 ἐλεγον
2471 3136 2730 3205 δαιμονᾷν
2753 3153 2768 3202 ;
2809 3136 2909 3188 οὐκ
2950 3137 3137 3205 ἐπειδὴ
3191 3138 3290 3204 τῆς
3342 3139 3492 3208 παρά
3531 3140 3643 3192 τῶν

1965 3218 2176 3272 πολλῶν
2209 3219 2517 3288 ἐπεθύμουν
2543 3217 2738 3286 δόξηςς
2767 3216 2941 3269 Πόθεν
2966 3217 3022 3270 δὲ
3051 3219 3100 3270 οἱ
3130 3218 3312 3270 πολλοὶ
3345 3219 3442 3290 τὴν
3473 3221 3642 3292 ὀρθὴν

1975 3302 2108 3372 περὶ
2135 3300 2300 3353 αὐτοῦ
2326 3300 2518 3370 ἔφερον
2542 3299 2756 3368 ψῆφον;
2789 3297 2904 3354 Οὐκ
2925 3299 3115 3370 ἐπειδὴ
3151 3300 3326 3371 τούτῳ
3362 3303 3420 3354 οὐ
3455 3305 3642 3356 κατεί-
3667 3325 3669 3327 ί

1963 3399 2120 3454 χοντο
2150 3381 2228 3452 τῷ
2265 3383 2570 3452 νοσήματι;
2607 3381 2772 3434 Οὐδὲν
2802 3380 2933 3452 γὰρ,
2986 3381 3140 3434 οὐδὲν
3172 3381 3313 3435 οὕτω
3355 3387 3503 3436 ποιεῖ
3538 3403 3643 3438 πα-

1969 3465 2238 3536 ρανόμους
2284 3464 2380 3517 καὶ
2428 3465 2709 3534 ἀνοήτους,
2757 3463 2833 3526 ὼς
2863 3463 2924 3516 16
2968 3465 3105 3534 πρὸς
3151 3465 3250 3535 τὴν
3277 3465 3386 3518 τῶν
3429 3465 3640 3520 πολλῶν

1965 3549 2253 3618 κεχηνέναι
2300 3546 2493 3610 δόξανο
2528 3546 2679 3598 οὐδὲν
2719 3545 3036 3615 εὐδοκίμους
3089 3546 3183 3599 καὶ
3223 3546 3637 3618 ἀδαμαντίνους,

1963 3629 2040 3692 ὼς
2087 3629 2149 3682 τὸ
2190 3628 2392 3700 ταύτης
2424 3630 2718 3699 ὑπερορᾷν.
2769 3629 2860 3682 Διὸ
2889 3629 2981 3681 καὶ
3024 3630 3229 3700 σφόδρα
3277 3631 3532 3700 νεανικῆς
3559 3631 3642 3683 δεῖ

1962 3712 2143 3782 ψυχῆς
2181 3711 2260 3781 τῷ
2298 3711 2545 3782 μέλλοντι
2574 3711 2712 3781 πρὸς
2746 3711 3015 3780 τοσαύτην
3061 3711 3307 3782 ἀντέχειν
3336 3712 3516 3782 ῥύμην
3548 3714 3640 3765 καὶ

1966 3793 2088 3864 βίαν
2115 3793 2443 3863 πνεύματος.
2477 3791 2582 3846 Καὶ
2602 3792 2710 3862 γὰρ
2740 3795 2866 3848 ὅταν
2897 3795 3164 3864 εὐημερῇ,
3197 3793 3415 3847 πάντων
3444 3793 3639 3846 ἑαυτὸν

1964 3876 2253 3949 προτίθησι
2278 3893 2292 3906 ·
2324 3876 2418 3930 καὶ
2442 3877 2568 3929 ὅταν
2596 3877 2854 3929 τάναντία
2881 3877 3171 3945 ὑπομείνῃ,
3194 3875 3489 3946 κατορύξαι
3515 3877 3642 3928 ἐαυ-

1963 3959 2054 4012 τὸν
2091 3959 2339 4029 βούλεται
2361 3976 2375 3989 ·
2411 3959 2505 4010 καὶ
2531 3957 2687 4010 τοῦτο
2713 3956 2860 4027 αὐτῷ
2899 3957 2994 4010 καὶ
3023 3956 3219 4024 γέεννα
3245 3957 3339 4009 καὶ
3367 3956 3635 4027 βασιλεία,

1962 4042 2092 4095 ὅταν
2116 4042 2446 4114 ὑποϐρύχιος
2476 4044 2580 4096 ὐπὸ
2608 4043 2702 4096 τοῦ
2732 4042 2936 4107 πάθους
2963 4043 3186 4113 γένηται
3211 4041 3424 4095 τούτου.

2035 4161 2097 4215 ε’.
2125 4161 2307 4215 Ταῦτα
2347 4157 2440 4214 οῦν
2489 4161 2698 4231 φθόνων
2743 4160 2889 4226 ἀξια,
2935 4159 3054 4213 εἰπέ
3108 4176 3197 4228 μοι
3224 4161 3306 4225 ²⁶;
3355 4159 3469 4213 ἀλλ’
3517 4159 3640 4231 οὐχ).

1966 4243 2176 4314 θρήνων
2207 4246 2299 4298 καὶ
2335 4244 2623 4316 δακρύων;
2670 4245 2840 4298 Παντί
2885 4261 2986 4296 που
3029 4243 3208 4314 δῆλον.
3235 4245 3309 4296 Σὺ
3359 4244 3414 4296 δὲ
3442 4243 3638 4297 ταύτὸν
3674 4312 3676 4314 τ

1965 4329 2138 4388 ποιεῖς
2163 4325 2371 4394 φθονῶν
2404 4325 2482 4396 τῷ
2519 4325 2691 4389 οὕτως
2716 4323 3110 4394 εὐδοκιμοῦντι,
3141 4323 3329 4396 ὥσπερ
3373 4324 3438 4378 ἂν
3468 4325 3521 4376 εῖ
3554 4341 3639 4386 τις

1963 4405 2244 4477 δεδεμένον
2295 4407 2417 4462 ἰδὼν
2466 4410 2562 4462 καὶ
2607 4409 3094 4479 μεμαστιγωμένον
3130 4409 3224 4462 καὶ
3283 4408 3387 4462 ὑπὸ
3428 4408 3640 4480 μυρίων

1965 4489 2256 4560 ἑλκόμενον
2283 4490 2507 4563 θηρίων,
2538 4493 2859 4545 ἐϐάσκαινεν
2888 4491 3039 4562 αὐτῷ
3060 4491 3170 4545 τῶν
3195 4493 3524 4562 τραυμάτων
3546 4493 3640 4546 καὶ

1967 4572 2266 4643 μαστίγων.
2309 4574 2419 4626 Καὶ
2450 4574 2560 4644 γάρ
2596 4575 2754 4637 ὅσους
2798 4573 2863 4627 ἂν
2898 4572 3215 4644 ἀνθρώπους
3259 4574 3288 4625 6
3315 4573 3485 4643 δῆμος
3515 4573 3635 4644 ἔχῃ,

1962 4654 2249 4719 τοσούτους
2287 4657 2383 4710 καὶ
2419 4653 2573 4721 οὗτος
2605 4656 2859 4727 δεσμοὺς,
2894 4656 3181 4720 τοσούτους
3214 4655 3508 4719 δεσπότας*
3543 4659 3638 4710 καὶ

1963 4734 2024 4788 16
2050 4735 2114 4806 δὴ
2167 4737 2565 4809 χαλεπώτερον,
2607 4739 2690 4791 ὅτι
2740 4739 2834 4790 καὶ
2878 4737 3132 4808 διάφορον
3161 4738 3364 4794 τούτων
3407 4739 3637 4804 ἕκαστος

1964 4816 2190 4889 γνώμην
2217 4819 2352 4889 ἔχει,
2387 4821 2482 4873 καὶ
2517 4819 2586 4872 τά
2616 4819 2837 4872 ἐπιόντα
2879 4820 3007 4890 περὶ
3034 4817 3129 4873 τοῦ
3170 4821 3511 4885 δουλεύοντος
3539 4822 3635 4874 αὐ-

1963 4903 2074 4963 τοῖς
2101 4900 2429 4971 ψηφίζονται
2465 4901 2688 4964 πάντες,
2715 4901 2870 4953 οὐδὲν
2896 4901 3303 4970 βασανίζοντες,
3345 4903 3459 4956 ἀλλ’
3492 4903 3636 4972 άπερ

1964 4983 2030 5038 ἂν
2051 4984 2128 5054 τῷ
2150 4985 2280 5038 δεῖνι
2308 4985 2436 5058 δόξῃ
2467 4985 2563 5038 καὶ
2595 4983 2673 5055 τῷ
2700 4985 2853 5049 δεῖνι,
2886 4983 3060 5038 ταῦτα
3090 4985 3184 5039 καὶ
3222 4987 3376 5039 αὐτοὶ
3408 4985 3637 5056 κυροῦν-

1961 5083 2072 5130 τες.
2107 5067 2282 5120 Ποίων
2313 5062 2405 5120 οὖν
2431 5066 2604 5121 ταῦτα
2644 5067 2924 5136 κυμάτων,
2955 5067 3108 5122 ποίου
3149 5068 3416 5130 κλύδωνος
3442 5069 3502 5120 οὐ
3532 5082 3634 5135 χα-

1961 5149 2244 5221 λεπώτερα
2269 5166 2284 5215 ;
2317 5150 2430 5203 Καὶ
2459 5151 2566 5222 γὰρ
2589 5149 2684 5203 καὶ
2710 5152 2947 5218 φυσᾶται
2976 5151 3170 5221 ἀθρόον
3196 5152 3301 5204 ὑπὸ
3317 5153 3414 5219 τῆς
3443 5148 3636 5218 ήῦονῆς

187 5237 340 5303 ἀξίαν
373 5237 650 5310 ἱερᾶσθαι·
683 5235 750 5291 ἀν
786 5234 844 5290 δὲ
877 5235 1098 5300 ἀδίκως,
1150 5237 1210 5290 τὸ
1257 5235 1508 5307 ἔγκλημα
1563 5234 1724 5289 πάλιν
1774 5233 1871 5284 ἐπὶ
1959 5235 1990 5288 6
2019 5233 2281 5300 τοιοῦτος,
2313 5235 2408 5288 καὶ
2443 5234 2761 5305 βαπτίζεται
2788 5234 2950 5290 πάλιν
2985 5237 3240 5298 εὐκόλως,
3271 5237 3330 5287 ἐν
3350 5229 3635 5300 ἀνωμαλίᾳ

260 5413 312 5484 “7
332 5413 580 5484 νηστεύει
619 5412 755 5468 Edd-
784 5426 834 5468 e1
866 5413 946 5469 sic
978 5430 1060 5481 pr.
1099 5414 1162 5484 Ε.
1198 5413 1274 5484 Qe
1304 5409 1863 5484 soltccismo_dixi_in_

2043 5408 2235 5484 .-δᾴ-ρ.
2259 5408 2504 5484 ιρι-Εᾎ-
2528 5411 2572 5442 ¹²
2610 5411 2722 5465 Οὐκ
2752 5413 2970 5484 ἐκεῖνον
2989 5409 3109 5479 μέν]
3141 5407 3231 5484 S_ic
3252 5405 3318 5484 .
3352 5405 3446 5458 Ge.
3477 5406 3630 5484 @1111.

190 5499 244 5540 et
278 5475 422 5538 F101".
464 5502 516 5554 p.
549 5485 676 5540 245.
698 5484 933 5554 Ἐκεῖνον
966 5475 1082 5551 μέν.
1109 5482 1194 5554 (3ζ
1214 5482 1278 5537 D.
1315 5483 1549 5554 Ἐκεῖνον
1583 5479 1863 5554 μὲνῌγάρλΑ

2068 5478 2111 5509 ³³
2139 5475 2243 5554 βία
2444 5478 2591 5554 Fl0_r.
2629 5483 2809 5554 βίοις-ξ
2832 5475 3133 5554 Αάπήλὰυεῇ.
3159 5476 3464 5554 ἀπέλαυσεν
3487 5475 3630 5554 ἔξω.

195 5557 236 5633 ξξ
271 5545 590 5633 τούτουέηού
612 5554 710 5633 τὸν
741 5555 814 5633 Α.¹
939 5545 1124 5633 90111113
1158 5553 1304 5633 Ειρτ.
1319 5545 1628 5633 εινετθβξη
1669 5545 1863 5633 ’τιχείρ

2035 5551 2254 5633 ιἿχεῖρον
2288 5549 2435 5605 Flor.
2469 5622 2480 5633 _
2506 5551 2559 5633 _"
2580 5550 2713 5633 γένη
2735 5550 2868 5633 E111].
2935 5545 2990 5633 1"
3016 5546 3216 5633 ταῦτα]Δ
3264 5545 3439 5626 πάντα
3465 5545 3629 5633 ῚΙῖΙος.

193 5625 286 5680 Ge.
355 5625 408 5695 _”
447 5619 684 5695 66]”addi.
721 5625 814 5677 καί
846 5623 1009 5688 Εάό-
1063 5625 1106 5657 ¹⁰
1146 5624 1242 5695 κοιλ1
1270 5622 1469 5693 μᾶλλον
1497 5621 1554 5673 δέ
1588 5619 1647 5673 F.

1725 5621 1771 5651 ²⁰
1810 5619 1970 5673 αὐτοῦ

193 5625 286 5680 Ge.
366 5625 408 5657 ⁸³
562 5624 684 5678 add.
721 5625 814 5677 καί
846 5623 1009 5688 Εάό-
1063 5625 1106 5657 ¹⁰
1146 5624 1240 5677 καὶ
1270 5622 1469 5693 μᾶλλον
1497 5621 1554 5673 δέ
1588 5619 1647 5673 F.
1725 5617 1771 5651 ’6
1810 5617 1863 5672 01‘

152 5730 154 5733 -
195 5693 496 5764 προσώπων
529 5693 588 5764 εξ.
614 5694 740 5764 add.
762 5695 1102 5764 πραγμάτων
1121 5695 1179 5748 C.
1199 5691 1863 5764 Neutrumagnoqunﬂly

2035 5617 2122 5672 Sic
2147 5617 2283 5674 Mor.
2307 5631 2361 5675 el
2382 5621 2541 5676 codd.
2571 5617 2752 5674 αὐτῶν
2789 5618 2914 5672 Sav.
2935 5619 3068 5673 Ben.
3111 5619 3155 5650 ²¹

2064 5688 2186 5764 Mox
2222 5689 2523 5764 ἀνθρώπων
2551 5705 2661 5764 0111.
2687 5690 2771 5764 Α.-
2829 5691 2874 5764 ’ξ
2904 5689 3158 5764 αὐτόν-Α.

3229 5615 3480 5688 ιιυτικῶν]
3504 5615 3628 5668 add.

3237 5726 3250 5739 .
3277 5697 3328 5740 et
3354 5701 3495 5740 corr.
3522 5700 3632 5740 rec.

2030 5617 2122 5672 Sic
2147 5617 2283 5674 Mor.
2307 5631 2361 5675 el
2382 5621 2541 5676 codd.
2571 5617 2752 5674 αὐτῶν
2789 5618 2914 5672 Sav.
2935 5619 3068 5673 Ben.
3111 5619 3155 5650 ²¹

197 5752 256 5820 υξ
332 5765 377 5796 ³³
416 5765 480 5816 Τί
511 5759 598 5816 05"
634 5763 770 5819 Mor.
799 5752 930 5820 8011:
961 5782 1054 5819 cur
1085 5765 1247 5835 igitur
1276 5763 1373 5818 Gc.
1453 5752 1654 5830 ²³νκαί3
1688 5761 1720 5830 ’ἡ
1749 5760 1806 5812 (ὶ-
1833 5759 1863 5811 Ι]

2066 5761 2111 5792 ’⁸
2151 5752 2562 5832 ἐκτραχηλίζειν
2587 5758 2648 5812 F.
2727 5760 2773 5793 “
2817 5757 2938 5813 εἰπέ
2968 5757 3089 5831 μοι]
3126 5757 3496 5828 εἴποιμιΛ.(ἶ.
3530 5753 3596 5812 D.
3634 5807 3642 5814 .
