4010 6128
355 262 504 320 445

355 375 592 440 deficit,
633 372 715 430 vel
753 370 869 429 sine
906 386 1152 428 mensura
1194 373 1435 438 laetatur;
1467 372 1608 442 quod
1648 373 1762 440 ipso
1786 371 1971 426 dolore

357 465 623 518 deterius
648 473 749 518 est.
781 462 930 528 Quod
951 473 1128 517 autem
1158 461 1398 530 voluptas
1435 477 1541 514 non
1566 461 1630 514 sit
1658 460 1831 514 minus
1856 475 1970 513 ma-

357 556 518 621 lum,
549 571 706 625 quam
732 555 904 620 dolor,
936 554 1267 610 manifestum
1306 565 1387 609 est
1414 570 1480 609 ex
1516 554 1675 608 modo
1716 569 1822 623 quo
1848 555 1967 607 ani-

358 663 541 703 mum
560 659 797 704 nostrum
827 649 1016 711 afficit;
1050 649 1219 703 levem
1247 649 1386 702 enim
1415 647 1561 700 illum
1585 646 1776 711 reddit,
1804 647 1968 701 subli-

361 753 528 792 mem
556 747 609 792 et
635 738 788 808 quasi
827 739 923 792 alis
953 740 1291 793 in-SIructum.
1327 737 1394 791 Et
1420 737 1520 792 hoc
1546 752 1576 790 a
1608 737 1796 804 priscis
1836 737 1966 791 viris

355 842 610 883 cernere
638 838 738 882 est.
764 827 1109 896 Quand‘onam
1140 829 1296 898 igitur
1319 827 1515 898 probus
1542 838 1654 882 erat
1680 827 1838 880 David
1855 828 1878 880 ?
1897 843 1964 881 an

360 934 509 973 cum
560 919 859 990 gaudebat,
926 935 991 973 an
1047 935 1168 975 cum
1220 920 1271 973 in
1323 917 1563 989 angustia
1619 917 1967 972 versabatur?

357 1013 606 1079 Quando
628 1013 876 1068 Judaicus
899 1013 1124 1084 pepulus
1138 1013 1163 1065 ?
1185 1027 1252 1065 an
1273 1026 1394 1065 cum
1421 1010 1700 1079 gemebant
1722 1019 1775 1065 et
1797 1010 1962 1064 Deum

361 1104 722 1170 invocabant,
744 1120 810 1159 an
832 1121 950 1158 cum
979 1105 1290 1159 ltetabantur
1322 1104 1372 1156 in
1400 1103 1632 1166 deserto,
1665 1113 1718 1156 et
1738 1102 1962 1156 vitulum

359 1194 727 1250 adorabant?
758 1195 1089 1264 Quapropter
1123 1193 1396 1259 Salomon,
1445 1193 1534 1262 qui
1579 1193 1806 1246 maxime
1844 1207 1961 1245 om-

365 1285 530 1338 nium
561 1285 760 1340 sciebat
789 1285 914 1355 quid
943 1293 1086 1340 esset
1113 1284 1373 1352 voluptas,
1402 1282 1551 1345 dicit,
1583 1281 1768 1334 Melius
1793 1291 1864 1334 est
1888 1282 1963 1336 ire

361 1375 441 1429 in
466 1377 670 1429 domum
708 1377 889 1440 luctus,
919 1392 1071 1445 quam
1097 1376 1148 1428 in
1175 1374 1380 1427 domum
1407 1373 1538 1426 risus
1575 1372 1766 1441 (Eccle.
1795 1373 1847 1425 7.
1881 1372 1956 1442 3).

362 1465 450 1521 Et
489 1465 734 1523 Christus
783 1468 902 1522 illos
943 1467 1156 1537 quidem
1198 1465 1381 1520 beatos
1415 1465 1692 1534 praedicat,
1738 1464 1953 1529 dicens,

1396 252 1462 314 ΙΝ
1500 250 1904 314 MATTILEUM
1943 258 2168 314 llOillL.
2209 254 2344 316 XLI.
2385 263 2455 315 al.
2496 258 2663 318 XL".

3544 274 3655 329 446

2072 372 2213 426 Beati
2233 376 2320 441 qui
2346 375 2518 444 lugent
2551 375 2759 443 (Matth.
2783 376 2836 430 5.
2861 376 2938 446 5)‘,
2966 376 3063 432 hos
3091 379 3459 435 vero'miseros
3480 383 3607 438 dicit
3632 403 3643 436 :

2083 460 2170 515 νω
2197 462 2350 527 vobis,
2395 464 2482 532 qni
2520 464 2712 530 ridetis,
2755 466 2873 530 quia
2908 467 3090 533 ﬂebitis
3136 467 3287 535 (Luc.
3332 469 3387 523 6.
3431 471 3543 541 25).
3581 477 3650 529 Et

2067 549 2184 618 jure
2209 551 2422 619 quidem
2451 553 2642 606 merito
2667 569 2681 606 :
2711 569 2830 606 nam
2865 555 2915 607 in
2937 556 3207 624 voluptate
3237 559 3448 612 mollior
3476 570 3530 614 et
3556 577 3646 616 so-

2072 641 2232 696 lutior
2259 653 2340 696 est
2367 644 2564 709 anima,
2597 644 2650 698 in
2681 643 2823 699 luctu
2859 646 3213 714 contrahitur,
3241 659 3295 703 et
3334 651 3490 718 sapit,
3526 661 3581 705 et
3616 670 3644 705 a

2068 733 2318 800 congerie
2345 734 2360 764 ί
2387 735 2692 789 morborum
2729 737 2886 789 animi
2917 737 3192 803 liberatur,
3219 738 3495 794 sublimior
3519 742 3649 796 item

2068 831 2122 875 et
2164 821 2350 877 fortior
2385 832 2487 878 est.
2516 823 2642 879 Haec
2683 826 2858 879 omnia
2906 841 3025 880 cum
3078 830 3330 896 sciamus,
3383 829 3650 898 fugiamus

2068 911 2210 966 illam
2253 913 2537 968 multorum
2575 915 3016 971 existimationem
3047 917 3266 988 ejusque
3295 919 3644 988 voluptatem,

2067 1013 2127 1058 ut
2154 1020 2335 1059 veram
2380 1014 2435 1059 et
2481 1017 2783 1061 manentem
2827 1023 3041 1077 semper
3079 1010 3299 1079 gloriam
3350 1025 3645 1081 consequa-

2065 1110 2187 1148 mur
2215 1112 2230 1147 :
2258 1111 2414 1164 quam
2443 1096 2641 1150 utinam
2662 1112 2848 1152 omnes
2872 1100 3179 1166 sortiantur,
3209 1102 3378 1170 gratia
3405 1111 3462 1156 et
3487 1102 3644 1156 beni-

2065 1187 2264 1255 gnitate
2292 1187 2499 1241 Domini
2540 1189 2709 1243 nostri
2736 1188 2861 1244 Jcsu
2899 1189 3118 1256 Christi,
3148 1191 3230 1245 cui
3260 1192 3427 1262 gloria
3457 1202 3510 1247 et
3537 1193 3644 1247 itu-

2067 1278 2290 1347 perium,
2323 1279 2375 1334 in
2402 1280 2595 1336 saecula
2624 1282 2963 1337 saeculorum.
2988 1285 3178 1338 Amen.

2125 1473 2144 1506 ί
2179 1474 2319 1524 Savil.
2346 1482 2398 1525 et
2415 1475 2578 1525 Morel.
2605 1476 2806 1537 habent,
2829 1477 3031 1538 vinculo,
3055 1491 3161 1540 pro,
3184 1478 3423 1541 congerie.

1529 1671 1878 1734 HOMILIA
1933 1673 2101 1736 XLI.
2147 1675 2234 1737 al.
2279 1676 2475 1737 XLII.

365 1817 512 1873 ΟΑΡ.
537 1818 621 1874 12.
646 1834 696 1873 ν.
723 1819 815 1873 25,
840 1817 1018 1872 Sciens
1044 1827 1210 1870 antem
1234 1817 1384 1870 .lesu‘s
1409 1815 1732 1885 cogitationes
1757 1830 1952 1878 eorum,

450 1910 575 1963 dixit
605 1911 712 1963 eis:
739 1909 901 1962 Omne
934 1925 1141 1979 regnum
1174 1917 1347 1961 contra
1379 1924 1432 1961 se
1449 1907 1682 1968 divisum,
1707 1905 1956 1959 desolabi-

453 2009 533 2052 tur
553 2016 571 2052 :
587 2002 749 2053 onmis
763 2001 989 2053 civitaset
1007 2000 1184 2052 domus
1199 2008 1373 2050 contra
1389 2013 1441 2050 se
1469 1996 1646 2057 divisa,
1663 2011 1763 2048 non
1783 1995 1950 2048 stabit.

446 2089 536 2143 26.
573 2090 634 2142 Et
662 2092 706 2144 si
729 2099 930 2144 satanas
958 2101 1186 2143 satanam
1214 2088 1367 2157 ejicit,
1414 2089 1649 2140 adversus
1677 2103 1729 2139 se
1767 2086 1954 2140 divisus

447 2190 539 2233 est.
569 2181 831 2244 Quomodo
854 2196 970 2249 ergo
991 2179 1138 2232 stabit
1168 2195 1376 2248 regnum
1400 2179 1507 2248 ejus
1526 2179 1554 2231 .9

446 2271 500 2324 1.
529 2268 756 2324 Christus
796 2287 884 2339 per
913 2285 1214 2322 arcanorum
1257 2269 1503 2333 notitiam,
1548 2267 1782 2322 deitatem
1807 2285 1952 2322 suam

367 2363 834 2417 declarat—Jan)
865 2369 1246 2416 accusaverant
1274 2361 1441 2424 illum,
1480 2359 1691 2428 quodin
1739 2359 1951 2415 Beelze-

365 2454 482 2508 bub
509 2455 526 2485 ¹
553 2453 768 2522 ejiceret
789 2454 1068 2507 daemonia.
1097 2452 1200 2507 Sed
1223 2462 1344 2505 tunc
1373 2465 1474 2504 non
1499 2450 1790 2519 increpavit
1818 2464 1944 2515 eos;

365 2558 555 2597 verum
583 2559 647 2598 ex
675 2543 838 2611 signis
865 2542 1105 2611 plurimis
1128 2541 1430 2595 facultatem
1455 2539 1602 2593 dedit
1622 2539 1701 2593 eis
1726 2553 1836 2593 suae
1857 2552 1948 2593 co-

365 2634 686 2703 gnoscendae
720 2634 1011 2701 potestatis,
1040 2647 1212 2700 exque
1250 2631 1491 2684 doctrina
1529 2629 1944 2699 magnitudinem

365 2739 522 2777 suam
550 2723 777 2778 edocuit.
801 2723 932 2789 Quia
955 2737 1080 2776 vero
1100 2721 1285 2776 eadem
1311 2721 1488 2774 dicere
1509 2719 1941 2789 perseverabant,

366 2813 491 2866 illos
517 2812 729 2867 demum
770 2814 1006 2882 increpat
1034 2829 1047 2864 :
1076 2813 1178 2866 hoc
1224 2812 1392 2880 primo
1416 2818 1730 2880 argumento
1771 2809 1946 2863 deita-

366 2913 477 2956 tem
507 2917 654 2956 suam
694 2902 1001 2968 ostendens,
1034 2901 1172 2971 quod
1221 2915 1411 2968 nempe
1448 2915 1641 2954 arcana
1675 2914 1858 2953 eorum
1891 2900 1942 2952 in

363 2993 601 3048 medium
635 2993 952 3057 adduceret;
979 2991 1212 3046 secundo
1250 3001 1448 3057 autem,
1489 2991 1630 3059 quod
1673 2989 1943 3045 daamonas

363 3086 521 3142 facile
547 3086 784 3154 ejiceret.
812 3085 1138 3150 Quamquam
1168 3082 1450 3136 admodum
1479 3082 1757 3150 impudens
1781 3097 1942 3136 accn-

365 3177 503 3231 satio
526 3184 656 3230 erat.
697 3175 849 3239 Nam,
882 3185 941 3228 ut
983 3175 1110 3238 dixi,
1149 3172 1342 3226 invidia
1388 3188 1494 3228 non
1532 3174 1773 3242 explorat
1817 3174 1940 3241 quid

363 3269 526 3329 dicat,
558 3267 651 3321 sed
693 3276 892 3322 temere
922 3265 1170 3335 loquitur.
1213 3266 1459 3319 Attamen
1503 3281 1569 3319 ne
1605 3264 1682 3318 sic
1726 3264 1940 3334 quidem

365 3367 584 3428 agentes
605 3359 848 3428 despexit
874 3358 1134 3422 Christus,
1160 3357 1254 3413 sed
1275 3373 1395 3412 cum
1423 3357 1786 3412 moderatione
1806 3373 1939 3411 con-

361 3448 572 3517 gruenti
598 3463 715 3503 sese
741 3458 946 3518 purgat,
991 3463 1086 3501 nos
1118 3449 1393 3502 instituens
1433 3455 1489 3502 ut
1534 3462 1659 3517 erga
1698 3447 1942 3501 inimicos

363 3539 522 3592 mites
569 3539 734 3593 simus
773 3557 787 3592 :
831 3540 1040 3594 etiamsi
1087 3540 1173 3593 illa
1215 3539 1413 3604 dicant,
1444 3539 1511 3593 de
1552 3539 1744 3607 quibus
1786 3539 1939 3591 nobis

362 3631 564 3686 conscii
592 3647 698 3685 non
726 3647 940 3694 sumus;
987 3642 1145 3701 utque
1191 3646 1295 3685 non
1325 3632 1616 3695 turbemur,
1647 3631 1739 3685 sed
1784 3645 1940 3700 wquo

362 3721 545 3776 animo
572 3723 804 3776 rationes
851 3723 981 3792 ipsis
1026 3721 1330 3777 reddamus.
1377 3721 1528 3788 Quod
1563 3730 1616 3775 et
1663 3721 1776 3790 ipse
1817 3732 1939 3774 tunc

362 3815 618 3884 praeclare
654 3815 896 3879 faciebat,
942 3816 1146 3885 signum
1174 3811 1478 3868 ‘maximum
1520 3814 1763 3883 praebens
1806 3812 1937 3868 falsa

361 3905 452 3960 illa
477 3919 595 3959 esse
621 3920 737 3974 quae
765 3905 834 3959 ab
862 3905 987 3972 ipsis
1008 3905 1337 3960 dicebantur.
1363 3903 1547 3974 Neque
1575 3904 1716 3959 enim
1739 3903 1939 3958 daemo-

361 3998 509 4051 nium
539 3996 778 4050 habentis
803 4006 919 4051 erat
941 4007 1135 4050 tantam
1158 3996 1411 4052 exhibere
1435 3997 1893 4052 mansuetudinem
1918 4013 1934 4048 :

361 4103 470 4141 non
517 4087 837 4141 dtemonium
887 4087 1127 4140 habentis
1171 4096 1287 4142 erat
1331 4097 1536 4142 secreta
1589 4101 1933 4156 cognoscere.

363 4179 572 4232 Etenim
605 4179 744 4247 quod
784 4176 1087 4246 hujusmodi
1131 4178 1311 4246 opinio
1345 4176 1628 4231 admodum
1661 4177 1936 4246 impudens

363 4280 522 4332 esset,
553 4280 606 4325 et
642 4271 781 4340 quod
824 4271 1028 4340 plebem
1062 4270 1328 4334 timerent,
1379 4284 1483 4323 non
1531 4268 1797 4323 audebant
1842 4267 1937 4321 has

363 4363 726 4414 accusationes
754 4360 962 4430 publice
993 4361 1251 4429 proferre,
1280 4359 1372 4413 sed
1401 4372 1492 4413 eas
1522 4358 1573 4412 in
1605 4369 1783 4412 mente
1812 4373 1934 4411 vcr-

364 4450 570 4504 sabaut.
599 4451 714 4518 ipse
737 4466 866 4506 vero
903 4450 1190 4506 ostendens
1218 4450 1366 4519 ipsis,
1408 4463 1467 4504 se
1493 4449 1581 4503 illa
1617 4464 1794 4514 nosse,
1829 4464 1934 4501 non

366 4551 539 4594 tamen
576 4541 783 4594 illorum
825 4543 1216 4597 accusationem
1257 4540 1542 4610 expromit,
1573 4554 1747 4607 neque
1789 4540 1935 4608 ipso-

365 4647 480 4685 rum
509 4632 795 4700 nequitiam
820 4631 1090 4695 declarat;
1123 4632 1217 4685 scd
1246 4630 1566 4686 solutionem
1594 4628 1766 4693 affert,
1805 4643 1937 4682 con-

365 4721 600 4775 scientia:
650 4721 882 4790 ipsorum
931 4721 1342 4776 confutationem
1387 4721 1710 4789 relinquens.
1761 4717 1935 4774 Unum

364 4817 505 4870 enim
531 4817 700 4869 solum
727 4817 967 4881 curabat,
999 4824 1302 4884 peccatores
1336 4816 1546 4885 juvare,
1589 4829 1694 4868 non
1724 4814 1775 4868 in
1820 4813 1935 4867 vul-

363 4920 459 4973 gus
485 4905 781 4961 traducere.
809 4906 1138 4975 Quamquam
1159 4907 1203 4961 si
1226 4906 1476 4961 voluisset
1514 4907 1727 4974 longum
1758 4914 1937 4959 texere

363 5012 686 5064 sermonem,
732 4998 956 5067 illosque
1004 4999 1252 5053 ridiculos
1295 4998 1568 5061 exhibere,
1616 4997 1936 5066 insuperque

363 5099 629 5144 extremas
656 5089 722 5142 ab
761 5089 881 5142 illis-
907 5103 1092 5157 poenas
1116 5103 1422 5158 exposcere,
1467 5088 1595 5142 nihil
1625 5087 1890 5142 ofﬁciebat
1917 5104 1932 5141 :

364 5188 726 5233 verumtamen
757 5178 932 5232 missis
960 5179 1062 5232 illis
1082 5178 1345 5241 omnibus,
1379 5194 1538 5231 unum
1571 5177 1796 5231 habebat
1818 5191 1938 5230 sco-

366 5285 510 5337 pum,
540 5280 594 5322 ut
625 5285 693 5323 ne
728 5269 846 5323 illus
890 5268 1334 5323 contentiosiores
1375 5272 1588 5331 faceret,
1635 5267 1730 5321 sed
1782 5282 1936 5320 man-

363 5361 642 5427 suetiores,
694 5370 748 5414 et
799 5359 899 5414 hoc
949 5368 1100 5425 pacto
1140 5359 1206 5412 ad
1246 5359 1665 5412 emendationem
1704 5358 1936 5425 aptiores

363 5455 629 5512 redderet.
680 5453 957 5523 Quomodo
1004 5463 1183 5506 autem
1241 5466 1359 5506 sese
1403 5451 1628 5520 purgat?
1678 5449 1821 5504 Nihil
1869 5465 1936 5503 ex

425 5589 442 5618 ι
480 5594 607 5649 rost,
631 5585 907 5649 Beelzebub,
946 5583 1162 5636 nonnulli
1192 5581 1389 5641 addunt,
1422 5579 1635 5644 principe
1673 5579 1931 5632 daemonio-

377 5666 485 5703 rum
492 5691 501 5702 .

2063 1813 2350 1884 Scripturis
2375 1816 2526 1872 aﬂ‘ert
2567 1817 2766 1888 (neque
2793 1821 2934 1875 enim
2985 1821 3059 1876 illi
3100 1821 3333 1876 animum
3369 1823 3636 1878 adhibuis-

2058 1915 2198 1969 sent,
2230 1906 2322 1959 scd
2372 1923 2534 1975 prave
2581 1909 2974 1978 interpretaturi
3013 1914 3208 1981 erant),
3250 1929 3432 1967 verum
3473 1915 3635 1968 abiis

2058 2011 2176 2064 qua:
2200 1997 2362 2065 vulgo
2383 2000 2634 2052 eveniunt
2661 2000 2820 2054 verba
2851 2003 2973 2055 facit
2996 2019 3008 2054 :
3041 2003 3201 2055 Omne
3228 2019 3433 2073 regnum
3459 2013 3634 2056 contra

2055 2085 2274 2154 seipsum
2327 2087 2538 2140 divisum
2592 2106 2690 2142 non
2741 2091 2889 2143 stabit
2943 2106 2962 2145 :
3017 2101 3061 2144 et
3117 2093 3288 2145 civitas
3335 2093 3412 2145 vel
3456 2094 3633 2148 domus

2057 2174 2287 2240 discissa,
2319 2178 2416 2230 cito
2454 2179 2767 2232 dissolvetur.
2799 2179 2977 2250 Neque
3005 2182 3144 2235 enim
3191 2182 3266 2236 sic
3313 2191 3530 2236 externa
3573 2191 3632 2236 ut

2053 2267 2229 2322 civilia
2257 2269 2393 2324 bella
2425 2280 2638 2325 nocent.
2667 2271 2720 2324 ld
2751 2273 2907 2326 etiam
2936 2273 2986 2325 iu
3015 2273 3327 2340 corporibus
3348 2274 3543 2336 cvvnil,
3576 2274 3628 2328 in

2053 2359 2406 2429 omnibusque
2447 2361 2626 2415 rebus.
2670 2361 2772 2416 Sed
2816 2363 3024 2416 interim
3069 2379 3098 2416 a
3141 2363 3431 2418 notioribus
3472 2364 3630 2418 rebus

2053 2448 2294 2518 exempla
2324 2450 2554 2505 adducit.
2597 2451 2734 2517 Quid
2771 2453 2914 2506 enim
2965 2453 3016 2506 in
3050 2464 3189 2508 terra
3231 2463 3311 2508 est
3337 2470 3498 2522 regno
3533 2469 3628 2523 po.

2053 2539 2303 2593 tentius?
2359 2539 2524 2594 Nihil.
2583 2542 2831 2596 Attamen
2888 2542 3238 2597 seditionibus
3299 2543 3622 2600 dissolvitur.

2049 2624 2216 2689 .Quod
2252 2626 2299 2681 si
2328 2627 2436 2682 illic
2479 2631 2817 2698 negotiorum
2862 2635 3055 2686 molem
3096 2637 3151 2688 in
3195 2651 3359 2690 causa
3391 2652 3512 2692 esse
3537 2639 3622 2691 in-

2063 2717 2262 2782 nuerit,
2290 2718 2419 2788 quia
2446 2734 2641 2789 nempe
2669 2737 2848 2776 secum
2884 2724 3141 2787 decertat,
3172 2727 3300 2794 quid
3324 2727 3526 2782 dixeris
3557 2730 3625 2784 de

2049 2811 2282 2877 civitate,
2310 2821 2400 2866 aut
2425 2811 2490 2866 de
2507 2813 2700 2868 domo?
2719 2814 2848 2868 Nam
2873 2816 2984 2870 sive
3001 2831 3218 2885 parvum
3240 2819 3350 2871 sive
3375 2833 3621 2887 magnum

2048 2901 2176 2971 quid
2215 2903 2389 2966 fuerit,
2422 2905 2467 2957 si
2511 2919 2690 2959 secum
2733 2906 3008 2973 dissideat,
3043 2907 3201 2976 perit.
3247 2907 3303 2962 Si
3334 2909 3491 2978 igitur
3517 2909 3624 2963 dae-

2047 2997 2283 3050 monium
2306 2996 2507 3052 habens
2527 3014 2647 3067 ego,
2675 2999 2789 3067 cjus
2817 3016 2917 3069 ope
2945 3001 3216 3057 daemonas
3248 3004 3401 3071 pello,
3431 3003 3622 3058 seditio

2047 3094 2101 3139 et
2123 3102 2294 3155 pugna
2323 3097 2404 3140 est
2428 3087 2564 3141 inter
2589 3089 2878 3152 daemonas,
2909 3091 3049 3159 iique
3087 3100 3229 3146 stant
3255 3093 3406 3147 divisi
3441 3105 3495 3148 et
3523 3095 3620 3147 ad-

2051 3175 2293 3228 versarii.
2323 3175 2378 3230 Si
2407 3176 2496 3229 alii
2535 3187 2720 3230 contra
2749 3178 2884 3232 alios
2921 3187 3085 3244 stant,
3125 3180 3330 3234 illorum
3368 3182 3619 3238 fortitudo

2046 3262 2203 3330 periit
2228 3271 2281 3316 et
2308 3263 2618 3318 labefactata
2647 3273 2748 3320 est.
2791 3266 2852 3320 Si
2875 3267 3017 3321 enim
3045 3279 3250 3322 satanas
3273 3279 3502 3323 satanam
3526 3273 3619 3342 eji-

2044 3354 2108 3406 cit
2147 3354 2275 3420 (non
2322 3354 2473 3420 dixit,
2526 3355 2805 3410 Dzemonas
2837 3358 3002 3427 ejicit,
3057 3358 3345 3414 ostendens
3395 3361 3613 3415 multam

2043 3459 2162 3499 esse
2189 3445 2325 3500 inter
2345 3446 2465 3500 illos
2491 3447 2874 3517 concordiam),
2920 3449 2972 3501 in
3001 3448 3218 3516 seipsnm
3262 3465 3390 3518 ergo
3427 3451 3617 3505 divisus

2043 3545 2135 3600 est,
2165 3535 2355 3604 inquit.
2385 3537 2440 3591 Si
2463 3536 2662 3592 divisus
2688 3548 2792 3603 est,
2822 3553 2950 3608 ergo
2975 3539 3291 3594 imbecillior
3315 3539 3484 3594 factus
3509 3551 3616 3606 est,

2041 3635 2096 3678 et
2118 3626 2277 3694 periit
2306 3643 2318 3678 :
2353 3627 2394 3682 si
2437 3628 2621 3696 periit,
2657 3628 2925 3697 quomodo
2960 3639 3133 3698 potest
3173 3631 3330 3684 alium
3373 3632 3616 3701 ejicere?

2042 3715 2228 3770 Vidcn’
2249 3733 2405 3785 quam
2429 3718 2646 3771 ridicula
2676 3721 2745 3773 sit
2769 3719 3051 3785 accusatio,
3075 3737 3234 3790 quam
3255 3721 3431 3785 stulta,
3457 3738 3614 3792 quam

2041 3821 2222 3862 secum
2242 3806 2354 3876 ipsa
2397 3810 2669 3877 pugnans?
2698 3809 2812 3863 Non
2854 3821 3024 3878 potest
3057 3813 3196 3866 enim
3229 3812 3368 3867 idem
3400 3813 3512 3882 ipse
3535 3813 3618 3867 di-

2041 3913 2182 3963 cere,
2215 3908 2452 3953 satanam
2483 3908 2628 3953 stare
2666 3909 2720 3954 et
2749 3901 2944 3967 ejicere
2972 3901 3263 3967 daemonas,
3304 3919 3366 3956 ac
3401 3913 3617 3971 prOplet‘

2042 3989 2170 4043 illud
2199 3998 2365 4054 stare,
2390 3999 2604 4058 prOptcr
2621 3989 2761 4060 quod
2785 3990 2892 4059 jam
2919 3993 3186 4047 corruisse
3205 3991 3382 4048 debet.
3409 3994 3470 4047 Et
3499 3995 3612 4051 haec

2041 4095 2124 4140 est
2153 4085 2322 4155 prima
2355 4085 2550 4140 solutio
2579 4104 2590 4139 :
2625 4085 2856 4140 secunda
2899 4085 3095 4140 solutio
3138 4087 3279 4142 circa
3323 4088 3616 4158 discipulos

2041 4187 2284 4231 versatur
2313 4194 2326 4230 :
2355 4191 2527 4246 neque
2550 4177 2692 4230 enim
2719 4192 2824 4231 uno
2851 4183 3051 4230 tantum
3079 4191 3290 4244 semper
3321 4179 3500 4241 modo,
3519 4181 3613 4234 scd

2041 4269 2199 4324 etiam
2226 4268 2464 4324 secundo
2491 4278 2547 4323 et
2577 4270 2734 4322 tertio
2767 4269 3092 4337 objectiones
3121 4269 3299 4336 solvit,
3330 4271 3468 4338 quod
3496 4271 3613 4324 illo-

2041 4374 2158 4413 rum
2196 4358 2576 4428 impudentiam
2617 4374 2681 4413 ex
2712 4357 2998 4413 abundanti
3040 4360 3332 4428 reprimere
3363 4360 3510 4414 velit.
3555 4360 3614 4416 ld

2040 4449 2182 4516 quod
2209 4449 2368 4504 etiam
2396 4447 2540 4514 fecit,
2571 4463 2690 4503 cum
2719 4447 2786 4502 de
2816 4448 3034 4503 sabbato
3062 4457 3328 4518 ageretur,
3358 4449 3612 4505 Davidetn

2040 4539 2313 4595 adducens
2339 4540 2391 4594 iu
2418 4540 2671 4603 medium,
2707 4539 2938 4609 itemque
2966 4540 3270 4595 sacerdotes
3295 4549 3350 4594 et
3379 4542 3616 4596 testimo-

2043 4633 2188 4687 nium
2227 4647 2331 4701 quo
2374 4631 2585 4696 dicitur,
2621 4630 3014 4684 Misericordiam
3055 4631 3187 4696 volo,
3217 4641 3262 4686 et
3295 4647 3394 4685 non
3421 4634 3620 4701 sacriﬁ-

2041 4725 2174 4777 rium
2205 4723 2356 4794 (Osee
2406 4722 2460 4778 6.
2492 4721 2583 4792 6);
2614 4737 2828 4775 causam
2869 4721 3097 4790 denique
3134 4721 3203 4774 ob
3239 4735 3397 4790 quam
3429 4722 3619 4776 sabba-

2041 4824 2154 4868 tum
2181 4815 2280 4868 luit
2324 4813 2618 4868 institutum
2645 4828 2658 4864 :
2685 4811 2904 4878 Propter
2930 4811 3181 4864 hominem
3213 4811 3377 4877 enim,
3421 4813 3614 4882 inquit,

2040 4913 2111 4958 est
2136 4905 2396 4958 sabbatum
2425 4902 2614 4970 (Marc.
2641 4899 2696 4953 2.
2727 4898 2819 4972 27)
2851 4917 2864 4953 :
2893 4900 2995 4954 hoc
3023 4915 3150 4970 ergo
3170 4899 3257 4954 hic
3285 4901 3444 4956 etiam
3466 4901 3614 4958 facit.

2040 4994 2170 5049 Nam
2220 5003 2342 5064 post
2392 4995 2612 5060 primam
2657 4991 2981 5046 solutionem
3030 4990 3098 5045 ad
3138 4991 3427 5047 secundam
3473 4991 3619 5046 venit

2043 5087 2218 5154 priore
2241 5084 2541 5138 clariorem.
2572 5083 2660 5135 Ait
2687 5082 2828 5136 enim
2862 5098 2874 5134 :
2903 5081 2992 5137 27.
3026 5081 3088 5136 Si
3128 5099 3218 5153 ego
3245 5084 3300 5137 in
3342 5081 3616 5136 Beelzebub

2040 5176 2184 5246 ejicio
2210 5175 2478 5239 dwrnonia,
2503 5173 2596 5243 ﬁlii
2625 5174 2770 5228 vestri
2796 5173 2847 5227 in
2872 5190 2970 5245 quo
2999 5175 3201 5246 ejiciunt
3217 5175 3244 5227 2

2112 5265 2166 5319 2.
2200 5265 2294 5319 llic
2336 5279 2547 5334 quoque
2583 5263 2701 5332 ejus
2739 5264 3197 5318 mansuetudinem
3233 5259 3613 5318 animadverte.

2041 5356 2158 5411 Non
2188 5357 2330 5410 enim
2377 5354 2525 5420 dicit,
2571 5354 2824 5425 Discipuli
2868 5352 2995 5417 mei,
3042 5366 3158 5413 nec,
3207 5350 3445 5418 Apostoli
3487 5352 3614 5415 mei,

2041 5447 2158 5511 sed,
2187 5445 2314 5500 Filii
2337 5445 2505 5508 vestri,
2545 5453 2602 5500 ut
2628 5445 2676 5499 si
2706 5445 2875 5498 velint
2911 5442 2978 5496 ad
3007 5439 3248 5495 eamdem
3287 5439 3616 5498 nobilitatem

2041 5539 2244 5603 venire,
2286 5535 2409 5591 hinc
2454 5551 2637 5590 ansam
2666 5533 2920 5602 arripiant
2949 5549 2962 5584 :
2995 5530 3078 5584 sin
3108 5529 3297 5600 ingrati
3337 5529 3390 5586 in
3427 5528 3616 5586 iisdem

2042 5630 2404 5702 persisterent,
2429 5642 2498 5683 ne
2526 5623 2882 5696 impudentem
2903 5620 3116 5695 quidem
3146 5629 3362 5693 possent
3397 5634 3621 5678 excusa-
