4010 6128
354 237 387 289 4
397 237 458 290 i7

287 382 293 387 -
352 348 548 399 tionem
596 343 850 413 proferre.
897 343 1048 408 Quod
1090 353 1265 396 autem
1303 341 1432 396 dicit
1475 339 1577 393 hoc
1621 336 1924 408 signiﬁcat:

351 435 593 504 Apostoli
637 435 688 488 in
736 449 854 502 quo
886 433 1136 502 ejiciunt?
1159 432 1276 486 .lam
1307 431 1448 485 enim
1490 429 1776 498 ejecerant,
1807 441 1929 481 eum

354 534 670 595 potestatem
697 525 764 579 ab
793 525 882 578 illo
907 524 1259 593 accepissent,
1291 536 1465 590 neque
1490 531 1664 574 tamen
1692 520 1812 574 illos
1835 533 1928 572 ac-

351 617 606 671 cusabant
634 635 647 670 :
676 631 848 686 neque
874 616 1017 671 enim
1058 626 1241 669 contra
1286 627 1374 668 res
1417 614 1579 683 ipsas,
1610 610 1700 665 sed
1746 618 1928 664 contra

353 701 634 776 personam
676 717 877 761 tantum
911 705 1198 775 litigabant.
1236 702 1308 759 Ut
1346 703 1592 758 ostendat
1619 701 1798 771 igitur,
1836 714 1929 754 eos

352 815 416 852 ex
463 797 657 851 invidia
708 799 878 852 solum
922 797 1007 850 illa
1045 795 1263 860 dixisse,
1289 796 1557 860 apostolos
1603 793 1654 846 in
1696 791 1928 846 medium

351 889 587 944 adducit.
617 887 750 943 Nam
771 890 814 941 si
839 904 937 956 ego
963 888 1038 942 sic
1061 887 1233 956 ejieio,
1265 886 1430 940 multo
1461 885 1625 954 magis
1664 884 1758 950 illi,
1781 883 1869 952 qui
1898 896 1929 936 a

353 995 440 1033 me
467 988 779 1049 potestatem
803 989 1142 1049 acceperunt.
1173 981 1420 1034 Attamen
1446 978 1579 1032 nihil
1599 977 1770 1032 simile
1796 975 1931 1030 dixi-

353 1072 449 1124 stis
480 1072 604 1125 illis.
633 1070 740 1125 Cur
759 1086 886 1142 ergo
915 1087 1000 1126 me
1023 1072 1303 1136 accusatis,
1335 1072 1421 1141 qui
1447 1079 1632 1125 auctor
1655 1070 1760 1125 illis
1775 1085 1927 1136 sum;

354 1161 474 1214 illos
512 1176 640 1217 vero
682 1162 905 1218 crimine
944 1163 1141 1218 liberos
1181 1162 1428 1217 mittitis?
1469 1162 1585 1216 Non
1639 1163 1741 1217 hoc
1769 1176 1863 1216 vos
1899 1178 1928 1218 a

353 1253 612 1322 supplicio
639 1254 904 1322 liberabit,
932 1255 1025 1310 sed
1066 1256 1255 1324 majori
1287 1254 1613 1309 damnationi
1639 1253 1882 1321 subjiciet
1910 1268 1926 1304 :

355 1343 475 1397 ideo
500 1344 795 1412 subjunxit,
822 1345 931 1414 Ipsi
949 1346 1150 1416 judices
1178 1347 1324 1400 vestri
1348 1355 1513 1399 erunt.
1535 1343 1667 1399 Cum
1697 1346 1835 1400 enim
1863 1361 1931 1400 ex

351 1436 502 1490 vobis
531 1436 638 1491 sint
666 1439 788 1502 orti,
819 1449 873 1494 et
916 1439 1030 1493 haec
1056 1447 1366 1504 exerceant,
1398 1454 1518 1494 cum
1557 1438 1684 1493 mihi
1729 1439 1933 1494 obtem-

353 1537 540 1596 perent
571 1537 624 1584 et
658 1529 928 1595 obeiliant,
963 1532 1174 1598 planum
1214 1541 1296 1586 est
1324 1533 1442 1586 illos
1478 1532 1929 1587 condemnaturos

351 1631 470 1670 esse
496 1632 589 1671 eos
618 1620 705 1685 qui
737 1621 1000 1673 contraria
1047 1620 1250 1675 faciunt
1279 1629 1332 1674 et
1375 1622 1576 1675 dicunt.
1616 1622 1703 1676 28.
1749 1623 1809 1676 Si
1832 1639 1925 1675 au-

355 1718 451 1761 tem
479 1709 532 1760 in
581 1710 779 1776 Spiritu
823 1710 920 1763 Dei
947 1711 1196 1764 daemonia
1244 1713 1411 1782 ejicio,
1448 1714 1671 1782 profecto
1714 1715 1932 1783 pervenit

353 1798 408 1851 in
443 1813 528 1852 vos
582 1816 793 1869 regnum
842 1799 954 1854 Dei.
1001 1800 1136 1868 Quid
1185 1811 1294 1866 est,
1347 1803 1623 1873 Regnum?
1659 1804 1932 1858 Adventus

357 1903 528 1943 meus.
561 1889 695 1943 V'idc
722 1891 986 1957 quomodo
1014 1907 1199 1946 rursus
1227 1907 1320 1947 eos
1347 1894 1542 1948 alliciat
1581 1905 1636 1948 et
1665 1903 1832 1959 curet,
1864 1893 1929 1948 ad

355 1994 614 2048 suamque
657 1981 1011 2050 cognitionem
1037 1985 1052 2014 ¹
1079 1983 1370 2053 pertrahat,
1418 1985 1764 2056 ostendatque
1813 1987 1932 2040 illos

354 2071 491 2124 bona
521 2086 615 2125 sua
662 2072 991 2142 impugnare,
1020 2083 1074 2130 et
1123 2085 1306 2130 contra
1355 2077 1582 2132 salutem
1626 2092 1774 2133 suam
1822 2078 1932 2132 liti-

353 2162 517 2230 gare?
541 2161 673 2215 Cum
719 2173 1007 2232 oporteret,
1045 2165 1235 2234 inquit,
1279 2166 1508 2236 gaudere
1553 2178 1608 2223 et
1644 2169 1929 2233 exsultare,

354 2253 476 2321 quia
506 2268 695 2323 magna
742 2255 828 2308 illa
879 2266 935 2310 et
985 2256 1266 2312 ineffabilia
1310 2258 1530 2312 daturus
1551 2258 1788 2324 advenit,
1815 2275 1933 2328 quae

354 2343 480 2396 olim
512 2344 782 2412 propheta:
811 2346 1137 2412 cecinerunt,
1184 2356 1240 2402 et
1289 2349 1429 2417 quod
1479 2349 1628 2402 vobis
1673 2349 1810 2404 bene
1837 2365 1929 2419 ge.

357 2433 506 2486 rcndi
537 2442 742 2503 tempus
779 2436 1054 2491 advenerit
1082 2454 1094 2489 :
1129 2453 1222 2492 vos
1255 2439 1578 2493 contrarium
1606 2438 1795 2505 facitis,
1827 2456 1932 2494 non

357 2522 514 2576 modo
541 2523 676 2576 bona
713 2541 817 2578 non
861 2527 1200 2594 accipientes,
1228 2527 1321 2583 sed
1353 2529 1512 2582 etiam
1550 2530 1934 2584 calumniantes

355 2621 618 2666 etcausas
637 2615 1118 2668 comminiscentes.
1161 2615 1438 2670 Mattha'us
1475 2619 1686 2686 quidem
1735 2621 1844 2673 ait:
1877 2619 1935 2671 Si

356 2714 520 2756 autem
549 2719 640 2772 ego
664 2705 714 2757 in
742 2705 938 2774 Spiritu
965 2705 1056 2760 Dei
1078 2708 1222 2775 ejicio
1251 2724 1268 2769 ;
1293 2708 1462 2762 Lucas
1489 2725 1617 2764 vero
1647 2729 1657 2762 :
1685 2710 1747 2765 Si
1771 2721 1936 2765 autem

357 2807 448 2860 ego
473 2793 527 2844 in
550 2792 706 2862 digito
733 2793 823 2847 Dei
849 2796 994 2865 ejicio
1020 2797 1268 2849 daemonia
1295 2798 1443 2868 (Luc.
1479 2801 1564 2854 Η.
1592 2801 1684 2871 20)
1715 2820 1727 2856 ε
1751 2812 1936 2857 osten-

355 2882 490 2936 dens
528 2885 776 2937 maxima:
818 2887 1065 2951 potentiae
1102 2903 1236 2955 opus
1288 2903 1408 2944 esse
1458 2890 1606 2956 illud,
1667 2893 1936 2948 daemonas

356 2971 574 3039 ejicere,
605 2987 666 3026 ac
695 2975 876 3043 grati-.e
913 2990 1018 3029 non
1055 2977 1303 3046 vulgaris.
1345 2979 1480 3034 Hinc
1517 2991 1693 3035 autem
1722 2984 1936 3037 ratioci-

358 3061 471 3114 nari
502 3062 613 3115 vult
648 3072 702 3116 et
738 3062 935 3126 dicere,
969 3065 1026 3120 Si
1070 3065 1170 3121 hoc
1215 3068 1286 3122 ita
1327 3079 1430 3136 est,
1475 3085 1602 3140 ergo
1635 3071 1799 3126 Filius
1843 3073 1934 3128 Dei

356 3154 588 3208 advenit.
647 3154 752 3210 Sed
795 3155 897 3211 hoc
937 3173 1049 3214 non,
1080 3159 1226 3226 dicit,
1263 3176 1443 3215 verum
1485 3163 1730 3230 obscure,
1771 3164 1840 3218 ita
1881 3176 1939 3221 ut

359 3245 461 3298 illis
480 3259 765 3299 onerosum
793 3261 898 3300 non
924 3257 1084 3314 esset,
1121 3249 1171 3303 id
1218 3251 1516 3306 subindicat
1539 3254 1764 3309 dicens:
1803 3255 1939 3326 Ergo

358 3338 577 3404 pervenit
608 3337 662 3390 in
690 3353 776 3392 vos
801 3355 1010 3408 regnum
1039 3339 1152 3394 Dei.
1184 3341 1366 3398 Viden‘
1393 3344 1705 3413 sapientiam
1746 3347 1935 3416 ingen-

359 3425 506 3481 tem?
539 3427 614 3481 Ex
636 3429 720 3494 iis,
749 3445 866 3499 qure
893 3431 969 3484 illi
998 3432 1341 3501 objiciebant,
1382 3437 1667 3504 conspicue
1709 3438 1942 3493 ostendit

357 3516 640 3572 adventum
663 3535 839 3574 suum.
871 3521 1069 3577 Deinde
1093 3532 1147 3577 ut
1177 3525 1294 3579 illos
1320 3528 1632 3594 attraheret,
1665 3545 1772 3584 non
1811 3530 1941 3586 dicit

357 3607 689 3676 simpliciter,
716 3610 952 3664 Pervenit
977 3629 1206 3682 regnum,
1252 3615 1347 3669 sed
1387 3617 1588 3684 adjicit,
1619 3619 1699 3671 Ad
1723 3635 1849 3685 vos;
1877 3636 1941 3675 ac

358 3696 402 3748 si
433 3696 653 3761 diceret,
691 3697 852 3753 Vobis
875 3699 1163 3754 adveniunt
1185 3703 1340 3757 bona.
1369 3705 1477 3760 Cur
1500 3721 1626 3777 ergo
1648 3709 1698 3763 in
1728 3711 1939 3780 propria

359 3785 496 3839 bona
524 3786 640 3842 sine
683 3801 843 3842 sensu
887 3790 1176 3846 estis?cur
1211 3804 1394 3848 contra
1447 3806 1675 3852 vestram
1716 3800 1939 3855 salutem

359 3877 458 3947 ipsi
487 3881 768 3949 pugnatis?
797 3881 907 3936 Hoc
930 3892 1014 3937 est
1041 3893 1246 3954 tempus
1286 3886 1437 3952 illud,
1477 3888 1618 3958 quod
1647 3891 1772 3945 olim
1818 3908 1942 3962 pro-

357 3967 533 4037 pheta:
567 3969 966 4038 praedixerunt:
998 3973 1098 4030 hoc
1135 3975 1342 4045 signum
1391 3979 1652 4035 adventus
1691 3997 1785 4052 per
1822 3982 1940 4038 illos

355 4061 643 4129 decantati,
676 4065 818 4134 quod
861 4082 1054 4136 nempe
1096 4068 1272 4123 divina
1326 4073 1558 4138 potentia
1597 4073 1714 4128 ham
1765 4075 1937 4129 ﬁant”.

355 4152 486 4207 Nam
513 4154 653 4223 quod
683 4157 830 4222 ﬁant,
861 4173 958 4213 vos
987 4159 1189 4225 nostis;
1227 4161 1366 4230 quod
1406 4173 1582 4218 autem
1623 4164 1798 4220 divina
1839 4181 1939 4236 po-

357 4245 544 4309 tentia,
574 4262 662 4301 res
699 4248 827 4317 ipsa:
860 4250 1111 4304 clamant.
1143 4250 1324 4322 Neque
1361 4255 1502 4308 enim
1537 4255 1652 4310 ﬁeri
1683 4267 1855 4327 potest
1883 4267 1943 4314 ut

358 4345 572 4392 satanas
601 4353 746 4394 nunc
771 4340 840 4394 sit
877 4341 1082 4408 fortior,
1113 4343 1219 4397 imo
1249 4347 1551 4400 necessario
1579 4356 1662 4402 est
1697 4349 1938 4405 imbecil-

353 4427 438 4480 lus
469 4445 485 4480 :
517 4442 624 4482 non
649 4437 824 4498 potest
841 4439 1018 4485 autem
1047 4431 1338 4488 imbecillus
1365 4436 1484 4504 quis
1513 4435 1704 4492 fortem
1741 4439 1940 4495 daemo-

355 4533 478 4574 nem
507 4519 720 4589 ejicere.
763 4520 888 4575 llaec
923 4537 1082 4591 porro
1108 4523 1337 4589 dicebat,
1360 4527 1593 4582 caritatis
1615 4529 1722 4584 vim
1756 4539 1940 4586 osten—

353 4609 510 4675 dens,
532 4625 594 4664 ac
621 4611 825 4666 dissidii
856 4622 1013 4682 atque
1048 4613 1196 4684 litigii
1233 4615 1667 4673 imbecillitatem.
1711 4618 1940 4690 Ideoque

357 4703 471 4771 ipse
499 4702 800 4774 frequenter
833 4706 1123 4777 discipulos
1163 4707 1305 4763 circa
1345 4709 1620 4765 caritatem
1673 4711 1934 4780 hortatur,

355 4793 699 4862 declaratque
727 4797 994 4852 diabolum
1023 4799 1152 4852 nihil
1193 4815 1297 4854 non
1334 4815 1495 4870 agere
1524 4811 1581 4855 ut
1609 4801 1750 4856 illam
1785 4805 1938 4860 aufe-

354 4894 456 4939 rat.
491 4883 618 4938 Post
649 4889 934 4942 secundam
975 4905 1102 4960 ergo
1139 4891 1459 4946 solutionem
1493 4893 1700 4947 tertiam
1725 4907 1938 4964 quoque

357 4975 562 5030 inducit
578 4973 763 5030 dicens
796 4978 922 5032 :29.
954 4981 1218 5046 Quomodo
1257 4991 1416 5051 potest
1445 4982 1626 5054 aliquis
1667 4984 1859 5038 intrare
1883 4985 1938 5040 in

349 5067 559 5119 deorum
584 5065 748 5136 fortis,
779 5076 824 5119 et
851 5083 968 5120 vasa
991 5070 1128 5124 illius
1154 5072 1391 5141 diripere,
1418 5075 1516 5128 nisi
1545 5077 1686 5146 prius
1711 5077 1938 5148 ligaverit

353 5160 553 5227 fortem,
586 5165 635 5210 et
659 5165 780 5209 tune
800 5171 920 5210 vasa
943 5159 1049 5227 ejus
1087 5161 1342 5230 diripiat?
1365 5162 1515 5230 Quod
1540 5181 1642 5220 non
1665 5168 1834 5234 possit
1852 5182 1937 5224 Stt-

353 5255 503 5300 tauas
526 5254 767 5301 satanam
792 5247 1007 5317 ejicere,
1034 5263 1099 5302 ex
1128 5254 1547 5318 przecedentibus
1577 5255 1771 5326 liquet;
1793 5257 1936 5328 quod

350 5348 528 5393 autem
559 5355 666 5394 non
686 5339 906 5395 omnino
937 5341 1104 5410 possit
1130 5343 1250 5412 quis
1278 5343 1425 5398 illum
1451 5345 1668 5415 ejicere,
1704 5350 1805 5405 nisi
1828 5351 1935 5420 pri-

354 5445 496 5484 mum
535 5432 819 5500 superarit,
866 5431 1006 5501 apud
1045 5447 1233 5488 omnes
1271 5433 1324 5489 in
1369 5434 1616 5493 confesso
1654 5450 1752 5494 est.
1796 5439 1933 5508 Quid

421 5563 438 5639 ξ
470 5569 662 5639 Quidam
681 5568 1226 5639 habenttadrsuamque
1247 5577 1541 5627 sententiam.

418 5626 439 5656 ³
471 5625 576 5687 alii,
592 5634 723 5678 tanta
744 5629 848 5678 Iure
870 5629 1007 5692 ﬁant.

1060 229 1116 286 S.
1155 227 1432 285 JOANNIS
1469 220 1941 283 CHRYSOSTOSH
1979 220 2292 280 ARCHIEP.
2321 224 2855 282 CONSTANTINOP'.

3506 233 3640 286 458'

2039 334 2196 405 igitur
2215 351 2280 392 ex
2321 337 2404 392 his
2435 339 2750 394 coniicitur?
2787 339 2938 407 Quod
2976 339 3121 409 prius
3149 339 3346 395 dictum
3378 351 3482 408 est,
3520 347 3648 400 sed;

2033 426 2190 495 longe
2217 426 2461 482 validius.
2480 429 2706 484 Tantum
2727 430 2898 494 abeSt,
2923 429 3109 498 inquit,
3135 441 3191 484 ut
3215 431 3464 499 adjutore
3498 442 3627 488 utar

2033 515 2267 585 diabolo,
2295 527 2353 572 ut
2376 520 2684 574 eum-etiam
2720 520 3022 590 impuguem
3067 531 3122 575 et
3162 522 3429 588 vinciam;
3462 524 3628 594 cujus

2032 606 2112 662 rei
2145 607 2352 676 signum
2383 617 2498 674 est,
2524 611 2665 680 quod
2710 626 2834 666 vasa
2863 612 2980 680 ejus
3005 611 3270 681 diripiam.
3312 614 3444 669 Vide
3479 630 3622 685 quo-

2035 695 2189 750 modo
2213 697 2558 766 contrarium,
2588 715 2744 769 quam
2771 701 2846 756 illi
2885 715 3046 770 supra
3078 711 3315 759 statuere
3341 703 3624 760 conaban-

2035 793 2150 850 tur,
2202 783 2615 843 demonstretur.
2665 789 2742 843 llli
2789 791 2930 845 enim
2986 792 3271 848 ostendere
3320 793 3620 864 volebant,

2034 875 2206 943 ipsum
2232 891 2336 931 non
2359 877 2410 931 vi
2437 881 2646 948 propria
2681 881 2952 936 daemonas
2985 882 3178 951 ejicere
3203 901 3216 936 :
3241 883 3332 940 ille
3355 900 3484 940 vero
3513 885 3621 941 de-

2033 974 2315 1034 monstrat,
2346 983 2405 1022 se
2439 985 2544 1023 non
2579 971 2740 1026 modo
2771 973 3062 1041 dmmonas,
3093 975 3186 1029 sed
3225 974 3436 1031 illorum
3462 978 3620 1046 prin-

2034 1059 2204 1126 cipem
2231 1057 2448 1128 ligatum
2477 1061 2528 1114 vi
2553 1061 2811 1129 detinere,
2850 1063 3106 1134 illumque
3142 1065 3372 1134 priorem
3401 1067 3628 1136 propria-

2034 1160 2294 1220 potestate
2321 1153 2544 1218 vicisse;
2583 1153 2734 1223 quod
2759 1170 2789 1206 a
2817 1153 2976 1209 rebus
3020 1155 3187 1225 gestis
3217 1157 3618 1226 comprobatur.

2033 1241 2162 1296 Nam
2183 1243 2228 1298 si
2257 1243 2342 1298 hic
2367 1245 2613 1314 princeps
2627 1254 2725 1308 est,
2748 1247 3034 1316 caeterique
3053 1246 3249 1302 subditi
3277 1265 3290 1299 :
3319 1249 3629 1317 quomodo,

2034 1333 2124 1388 illo
2163 1349 2268 1388 non
2315 1335 2456 1388 victo
2483 1336 2523 1400 ¹,
2555 1350 2654 1389 nec
2696 1335 2936 1401 cedente,
2984 1335 3038 1390 hi
3081 1336 3476 1406 diriperentur?
3521 1339 3619 1394 llic

2033 1439 2161 1479 vero
2192 1425 2398 1480 videtur
2421 1425 2547 1479 mihi
2579 1426 2852 1496 prophetia
2881 1442 3000 1482 esse
3030 1428 3170 1498 quod
3195 1428 3406 1484 dicitur.
3431 1430 3617 1500 Neque

2034 1517 2176 1571 enim
2203 1517 2360 1572 modo
2380 1518 2652 1573 daemones
2679 1534 2800 1573 vasa
2829 1520 3026 1575 diaboli
3057 1530 3198 1586 sunt,
3222 1523 3316 1577 sed
3348 1524 3504 1577 etiam
3529 1523 3618 1577 ho-

2033 1608 2206 1662 mines
2271 1608 2361 1677 qui
2403 1610 2693 1664 secundum
2735 1611 2904 1679 ipsum
2952 1624 3258 1681 operantur.
3307 1614 3486 1668 Palam
3534 1626 3629 1671 est

2035 1698 2191 1768 igitur
2225 1698 2310 1753 hic
2339 1699 2439 1755 dici
2471 1715 2592 1754 eum
2623 1716 2726 1756 non
2759 1702 3028 1758 dmmonas
3063 1705 3232 1758 solum
3271 1706 3486 1774 ejicere,
3521 1709 3638 1761 sed--

2033 1791 2193 1844 etiam
2224 1806 2461 1846 errorem
2492 1808 2556 1847 ex
2585 1801 2698 1847 toto
2737 1793 2866 1849 orbe
2891 1794 3282 1850 eliminaturum
3322 1813 3461 1862 esse,
3495 1797 3651 1851 dia-~

2034 1879 2249 1948 bolique
2278 1883 2571 1950 prazstigias
2615 1884 2929 1949 soluturum,
2980 1895 3034 1940 et
3085 1887 3261 1940 omnia
3310 1903 3429 1957 qua:
3475 1888 3618 1942 illius

2035 1982 2160 2024 sunt
2183 1971 2384 2025 inutilia
2423 1972 2772 2026 redditurum.
2822 1975 3004 2044 Neque
3049 1976 3199 2042 dixit,
3251 1978 3458 2048 Rapiet,
3501 1979 3634 2044 sed,.

2037 2062 2282 2131 Diripiet;
2306 2063 2582 2118 declarans
2611 2064 2739 2119 illud
2767 2080 2885 2118 cum
2910 2076 3168 2134 potestate
3192 2067 3383 2121 factum
3406 2084 3549 2124 esse.

2106 2155 2159 2208 3.
2193 2155 2404 2209 Fortem
2437 2166 2612 2211 autem
2642 2158 2788 2211 illum
2814 2159 3085 2227 appellat,
3115 2175 3220 2215 non
3258 2160 3408 2230 quod
3430 2171 3618 2214 natura

2038 2246 2156 2300 talis
2185 2248 2297 2303 sit:
2331 2245 2502 2312 absit;
2533 2248 2627 2302 sed
2670 2249 2900 2317 priorem
2941 2251 3243 2320 significans
3284 2254 3620 2322 tyrannidem

2037 2354 2102 2394 ex
2133 2337 2450 2408 negligentia
2481 2348 2663 2394 nostra
2692 2340 2995 2395 stabilitam.
3029 2342 3116 2396 30.
3148 2343 3247 2409 Qui
3286 2361 3388 2396 non
3415 2355 3486 2398 est
3518 2360 3622 2397 me-

2037 2445 2169 2493 cum,
2200 2439 2375 2482 contra
2400 2445 2478 2482 me
2505 2438 2611 2493 est;
2643 2441 2689 2484 et
2709 2433 2793 2500 qui
2817 2449 3008 2485 mecum
3033 2449 3134 2486 non
3156 2435 3371 2503 coltigit,
3401 2436 3618 2505 spargit.

2039 2519 2178 2574 Ecce
2200 2529 2441 2590 quartam
2468 2521 2807 2575 solutionem.
2831 2523 2968 2590 Quid
2996 2524 3154 2579 volo?
3185 2525 3375 2594 inquit.
3401 2525 3508 2579 Deo
3537 2526 3626 2580 of-

2041 2607 2178 2663 ferre
2213 2650 2228 2673 ,
2279 2610 2528 2666 virtutem
2569 2611 2797 2676 docere,
2842 2628 3061 2682 regnum
3106 2615 3442 2672 annuntiare.
3486 2618 3622 2682 Quid

2039 2699 2283 2754 diabolus
2307 2709 2362 2755 et
2389 2701 2660 2756 daemones
2679 2703 2897 2756 volunt?
2918 2704 3011 2759 His
3031 2706 3317 2760 contraria.
3344 2707 3624 2772 Quomodo

2039 2791 2199 2861 igitur
2223 2792 2287 2855 is,
2315 2793 2404 2860 qui
2435 2809 2642 2848 mecum
2672 2809 2776 2848 non
2808 2796 3040 2865 colligit,
3071 2812 3243 2867 neque
3269 2813 3474 2852 mecum
3500 2808 3622 2865 est,

2041 2897 2246 2935 mecum
2289 2893 2603 2951 operaturus
2629 2885 2746 2939 est?
2776 2879 2972 2955 etquid
3015 2887 3134 2943 dico
3180 2902 3386 2943 mecum
3427 2903 3621 2958 opera-

2043 2974 2229 3027 turus?
2278 2973 2389 3028 lmo
2444 2977 2809 3042 contrarium;
2860 2979 3006 3048 cupit
3051 2979 3193 3033 enim
3249 2994 3366 3034 mea
3408 2980 3620 3048 disper-

2041 3080 2184 3133 gere.
2217 3065 2314 3132 Qui
2346 3080 2474 3136 ergo
2512 3081 2620 3121 non
2658 3068 2816 3123 modo
2851 3085 3057 3125 mecum
3087 3087 3191 3126 non
3225 3081 3494 3141 cperatur,
3523 3073 3636 3129 sed:

2042 3156 2202 3208 etiam
2250 3155 2540 3226 dispergit,
2583 3159 2850 3228 quomodo
2899 3169 3097 3215 tantam
3141 3177 3349 3218 mecum
3403 3179 3623 3220 concor-

2028 3244 2184 3299 diam
2205 3246 2500 3311 exhiberet,
2516 3257 2574 3301 ut
2599 3264 2805 3304 meeum
2827 3249 3096 3306 daamonas
3125 3252 3380 3320 ejiceret?
3403 3255 3510 3309 Hoc
3531 3271 3626 3310 auo

2045 3343 2149 3388 teni
2199 3351 2306 3390 non
2353 3336 2421 3391 de
2461 3336 2674 3393 diabolo
2714 3348 2943 3407 tantum,
2987 3341 3082 3396 sed
3130 3343 3300 3412 ipsum
3341 3343 3408 3399 de
3448 3346 3625 3416 seipse

2043 3425 2331 3481 verisimile
2353 3436 2435 3481 est
2459 3426 2679 3492 dixisse,
2702 3438 2887 3499 utpote
2913 3431 3000 3500 qui
3021 3443 3205 3487 contra
3234 3434 3504 3489 diabolum
3531 3435 3633 3500 sit,

2043 3524 2099 3569 et
2122 3531 2240 3584 quze
2278 3517 2418 3570 illius
2464 3527 2588 3572 sunt
2633 3518 2922 3590 dispergat.
2953 3521 3019 3576 Et
3047 3525 3338 3592 quomodo,
3385 3526 3622 3594 inquies,

2044 3607 2132 3674 qui
2163 3622 2266 3660 non
2307 3615 2391 3662 est
2433 3623 2674 3674 mecum,
2705 3619 2888 3664 contra
2927 3627 3014 3666 me
3053 3613 3168 3667 est?
3197 3613 3250 3668 Id
3283 3624 3384 3681 est,
3416 3631 3483 3670 eo
3510 3616 3626 3685 ipso

2044 3696 2187 3766 quod
2235 3712 2344 3752 non
2383 3698 2617 3770 colligat.
2661 3700 2716 3756 Si
2753 3711 2929 3756 autem
2961 3701 3062 3758 hoc
3101 3719 3284 3766 verum
3309 3717 3422 3771 est,
3456 3707 3627 3760 multo

2044 3790 2210 3858 magis
2234 3791 2324 3859 qui
2350 3799 2538 3846 contra
2578 3793 2749 3861 ipsum
2795 3803 2896 3860 est,
2927 3809 3049 3849 eum
3087 3795 3176 3850 illo
3217 3811 3320 3852 non
3350 3807 3627 3866 cperatur.

2044 3878 2176 3933 Nam
2205 3881 2248 3934 si
2277 3881 2321 3934 is
2346 3881 2435 3950 qui
2465 3896 2586 3936 cum
2635 3883 2728 3937 illo
2756 3899 2861 3938 non
2901 3896 3184 3954 operatur,
3215 3886 3458 3942 inimicus
3493 3900 3577 3945 est
3607 3906 3624 3943 :

2044 3970 2211 4025 multo
2241 3971 2410 4040 magis
2425 3971 2516 4041 qui
2539 3971 2831 4043 impugnat.
2857 3973 2983 4029 Hzec
3012 3990 3172 4044 porro
3197 3977 3376 4032 omnia
3397 3977 3544 4045 dicit,
3567 3991 3626 4035 ut

2044 4061 2291 4116 ostendat
2319 4077 2563 4133 magnam
2592 4064 2690 4120 sibi
2724 4081 2842 4121 cum
2869 4066 3081 4121 diabolo
3121 4067 3452 4123 inimicitiam
3477 4084 3617 4124 esse.

2046 4150 2140 4205 Dic
2177 4150 2330 4216 mihi,
2361 4167 2566 4222 quaeso,
2597 4154 2640 4208 si
2686 4155 2825 4223 quis,
2851 4171 2972 4210 cum
3017 4157 3087 4211 sit
3125 4157 3462 4226 pugnandum
3484 4201 3499 4224 ,
3529 4159 3621 4214 tibi

2045 4241 2244 4296 auxilio
2272 4256 2391 4297 esse
2419 4244 2581 4310 nolit,
2612 4258 2789 4299 nonne
2825 4246 2910 4300 vel
2936 4261 3001 4302 eo
3029 4247 3146 4317 ipso
3187 4257 3372 4302 contra
3401 4256 3453 4302 te
3478 4249 3628 4302 erit?

2044 4333 2195 4400 Quod
2228 4333 2271 4388 si
2297 4334 2422 4388 alibi
2444 4333 2619 4400 dicat,
2651 4335 2750 4400 Qui
2777 4353 2878 4390 non
2919 4348 2990 4392 est
3018 4349 3190 4392 contra
3218 4354 3332 4404 vos,
3374 4356 3465 4408 pro
3487 4339 3628 4393 vobis

2045 4435 2120 4476 est
2143 4421 2298 4494 (Luc.
2327 4423 2381 4478 9.
2409 4425 2524 4492 50),
2554 4440 2660 4479 non
2691 4434 2774 4480 est
2799 4425 2924 4481 huic
2951 4427 3096 4482 dicto
3120 4429 3466 4482 contrarium.
3492 4428 3628 4482 Nam

2043 4514 2132 4569 hic
2158 4514 2521 4570 adversarium
2551 4517 2630 4572 eis
2656 4518 2909 4585 ostendit,
2941 4519 3049 4575 illic
3075 4535 3203 4575 vero
3229 4535 3294 4575 ex
3325 4532 3480 4590 parte
3522 4520 3623 4574 ad-

2046 4608 2360 4662 versarium.
2405 4609 2560 4674 Nam,
2587 4609 2653 4664 1n
2681 4611 2882 4664 nomine
2901 4619 3006 4675 tuo,
3037 4612 3237 4682 inquit,
3272 4613 3480 4683 ejiciunt
3518 4613 3624 4666 ἀω-

2043 4700 2214 4753 monia
2255 4699 2468 4768 (Matth.
2499 4702 2552 4754 7.
2606 4700 2722 4772 22).
2751 4702 2876 4756 Mihi
2905 4719 3036 4759 vero
3056 4705 3261 4759 videtur
3292 4704 3377 4759 hic
3408 4704 3624 4760 Judrcos

2043 4789 2402 4854 subindicare,
2430 4805 2566 4860 quos
2587 4806 2706 4846 cum
2726 4791 2939 4848 diabolo
2963 4795 3258 4850 constituit.
3283 4795 3418 4849 Nam
3446 4807 3500 4850 et
3521 4795 3624 4865 ipsi

2047 4879 2492 4946 adversabantur,
2537 4891 2592 4936 et
2632 4898 2752 4951 qua:
2777 4884 2893 4952 ipse
2935 4896 3310 4956 congregasset
3351 4885 3622 4956 disperge-

2041 4969 2190 5026 bant.
2218 4971 2372 5039 Quod
2415 4972 2558 5026 enim
2598 4973 2741 5042 ipsos
2783 4975 3180 5041 subindicaret,
3220 4977 3510 5032 declaravit
3536 4977 3622 5031 his

2041 5062 2222 5117 verbis
2245 5079 2258 5116 :
2281 5063 2367 5118 51.
2393 5061 2520 5118 Ideo
2542 5064 2654 5118 dico
2674 5066 2830 5133 vobis,
2853 5065 3014 5121 Omne
3033 5077 3290 5138 peccatum
3311 5079 3358 5123 et
3379 5070 3616 5140 blasphe-

2044 5154 2148 5207 mia
2181 5153 2459 5208 remittetur
2500 5155 2802 5210 Itominibus.
2841 5157 3189 5229 Posteaquam
3218 5161 3360 5214 enim
3392 5175 3616 5229 respon-

2041 5244 2196 5300 derat
2225 5252 2280 5299 et
2317 5244 2670 5314 objectionem
2719 5249 2983 5315 solverat,
3019 5251 3432 5321 ostenderatque
3472 5250 3618 5320 ipsos

2041 5334 2238 5391 frustra
2258 5337 2592 5405 impudenter
2603 5352 2777 5408 agere,
2803 5338 3015 5395 demum
3035 5350 3217 5397 terret.
3231 5342 3450 5398 Consilii
3471 5342 3613 5397 enim

2041 5435 2096 5482 et
2137 5428 2486 5484 correctionis
2531 5429 2649 5484 hinc
2691 5445 2796 5486 non
2840 5433 3138 5500 spernenda
3184 5448 3314 5504 pars
3358 5442 3458 5500 est,
3504 5447 3616 5488 non

2041 5517 2200 5574 modo
2226 5517 2448 5588 objectis
2491 5520 2815 5589 respondere
2840 5529 2895 5578 et
2939 5524 3279 5596 persuadere,
3311 5523 3407 5582 sed
3452 5523 3613 5581 etiam

2104 5630 2117 5660 ‘
2145 5634 2262 5700 Alii,
2281 5632 2366 5685 illo
2381 5645 2474 5685 non
2489 5639 2657 5686 iuncto.
