4010 6128
202 242 308 298 ατ

199 353 395 421 αὐτοῦ,
426 353 520 408 καί.
543 353 699 409 οὐδὲν
725 353 907 418 αὐτοῖς
945 346 1440 407 ἐνεκάλουν-οὖτοι⁴
1485 351 1548 403 οὺ
1581 351 1689 420 γὰρ
1739 346 1883 419 πρά-

200 461 438 516 γμασιν,
473 443 609 499 ἀλλά
663 443 940 516 προσώπῳ
981 442 1142 513 μόνον
1166 440 1459 512 ἐμάχοντο.
1487 437 1669 492 Θέλων
1705 437 1885 491 τοίνυν

201 532 400 598 δεῖξαι,
432 533 514 585 ὅτι
535 530 729 599 φθόνου
759 526 827 602 ἦν
848 529 941 584 τοῦ
972 529 1109 601 πρὸς
1131 529 1294 582 αὐτὸν
1316 527 1385 582 τά
1406 526 1670 600 εἰρημένα
1701 526 1880 595 μόνον,

200 624 328 690 ἀτει
359 621 490 683 τοὺς
519 619 848 683 ἀποστόλους
876 621 956 684 εἰς
992 619 1173 690 μέσον.
1207 618 1268 672 Εἰ
1306 616 1414 688 γὰρ
1443 614 1553 683 ἐγὼ
1595 614 1768 678 οὓτως
1794 616 1887 669 ἐκ·

201 709 412 773 ϐάλλω,
443 707 623 778 πολλῷ
661 707 860 778 μᾶλλον
875 709 1071 760 ἐκεῖνοι
1095 707 1144 761 οἱ
1165 705 1295 775 παρ’
1328 703 1462 774 ἐμοῦ
1497 706 1594 776 τὴν
1637 703 1884 769 ἐξουσίαν

199 796 486 860 λαϐόντες.
543 795 682 848 Ἀλλ’
711 796 862 865 ὅμως
903 795 1054 848 οὐδὲν
1090 793 1330 848 τοιοῦτον
1369 794 1623 865 εἰρήκατε
1677 794 1878 856 αὐτοῖς.

200 887 330 950 Πῶς
353 881 450 939 οῦν
480 884 605 956 ἐμοὶ
631 884 709 956 τῷ
748 884 1016 947 κάκείνοις
1043 882 1198 954 αἰτίῳ
1238 881 1348 936 τῶν
1375 883 1675 952 γινομένων
1707 880 1883 934 ταῦτα

201 974 516 1045 ἐγκαλεῖτε,
566 973 806 1036 ἐκείνους
858 971 1184 1034 ἀπολύοντες
1215 971 1323 1024 τῶν
1356 970 1756 1041 ἐγκλημάτων;
1806 969 1880 1023 Οὐ

202 1063 315 1134 μὴν
336 1061 500 1116 τοῦτο
515 1061 660 1132 ὑμᾶς
684 1057 1039 1130 ἐλευθερώσει
1063 1059 1160 1128 τῆς
1183 1058 1471 1129 τιμωρίας,
1501 1057 1637 1111 ἀλλά
1658 1059 1752 1112 καὶ
1780 1075 1882 1112 κα-

199 1149 490 1203 ταδικάσει
541 1146 823 1218 μειζόνως.
873 1145 972 1200 Διά
1029 1145 1185 1199 τοῦτο
1221 1147 1316 1200 καὶ
1362 1148 1670 1217 ἐπήγαγενο
1702 1144 1883 1201 Αὐτοὶ

200 1238 400 1306 κριταὶ
425 1238 592 1306 ὑμῶν
622 1237 886 1290 ἔσονται.
924 1236 1091 1288 Ὅταν
1130 1234 1236 1306 γάρ
1281 1234 1342 1299 ἐξ
1379 1233 1532 1306 ὑμῶν
1560 1235 1746 1300 ὄντες,
1786 1235 1882 1288 καὶ

203 1327 383 1382 ταῦτα
417 1324 869 1398 μεμελετηκότες,
897 1324 990 1378 καὶ
1016 1322 1307 1377 πείθωνταί
1333 1340 1424 1394 μοι
1451 1324 1495 1357 ιδ
1516 1324 1612 1377 καὶ
1642 1321 1882 1377 ὑπακού-

201 1431 364 1478 ωσιν,
391 1414 614 1485 εὔδηλον
655 1415 740 1469 ὅτι
786 1415 881 1468 καὶ
928 1412 1377 1485 κατακρινοῦσι¹⁵⁸
1407 1415 1533 1478 τοὺς
1564 1413 1634 1467 τά
1665 1413 1880 1469 ἐναντία

199 1503 297 1557 καὶ
337 1503 631 1564 ποιοῦντας
665 1502 761 1556 καὶ
800 1502 1076 1568 λέγοντας.
1120 1504 1190 1556 El
1213 1500 1282 1554 δὲ
1310 1500 1381 1554 ἐν
1403 1503 1701 1570 [Ινεύματι
1733 1501 1881 1556 Θεοῦ

198 1589 484 1644 ἐκϐάλλω
516 1589 590 1644 τὰ
616 1589 911 1658 δαιμόνια,
951 1588 1064 1656 ἄρα
1094 1587 1361 1658 ἔφθασεν
1385 1589 1476 1658 ἐφ’
1503 1588 1658 1658 ὑμᾶς
1690 1590 1730 1658 ἢ
1762 1591 1878 1654 ,βα-

199 1679 410 1734 σιλεια
439 1678 547 1732 τοῦ
578 1678 744 1732 Θεοῦ.
775 1678 840 1730 Τί
873 1679 1042 1740 ἐστιν,
1084 1679 1155 1732 Ἦ
1172 1680 1488 1743 βασιλεία;
1521 1679 1586 1733 Ἦ
1612 1681 1882 1750 παρουσία

199 1767 232 1838 ὴ
255 1767 546 1837 ἐμή.”ορα
569 1765 688 1828 πῶς
718 1764 880 1820 πάλιν
911 1767 1108 1831 αὐτοὺς
1125 1767 1410 1837 ἐφέλκεται
1437 1769 1532 1822 καὶ
1563 1767 1878 1840 θεραπεύει,

197 1855 295 1909 καλΙ
328 1854 472 1924 πρὸς
503 1853 602 1924 τὴν
632 1851 826 1906 ἑαυτοῦ
855 1852 1056 1921 γνῶσιν
1107 1855 1428 1923 ἐπισπᾶται,
1479 1855 1572 1909 καὶ
1611 1855 1881 1910 δείκνυσιν

198 1941 282 1994 ὅτι
316 1942 436 2004 τοῖς
462 1940 682 2004 οἰκείοις
719 1939 1044 2010 πολεμοῦσιν
1091 1941 1335 2009 ἀγαθοῖς,
1384 1943 1479 1996 καὶ
1518 1943 1880 2014 φιλονεικοῦσι

200 2029 344 2084 κατά
373 2031 477 2100 τῆς
526 2027 736 2082 ἐαυτῶν
790 2028 1084 2099 σωτηρίας.
1119 2029 1248 2082 Δέον
1280 2030 1389 2101 γὰρ
1420 2031 1632 2102 χαίρειν
1655 2072 1670 2097 ,
1726 2033 1878 2101 φησὶ,

200 2118 296 2172 καὶ
326 2119 580 2188 σκιρτᾷν,
611 2119 692 2171 ὃτι
717 2116 786 2170 τὰ
817 2117 1028 2187 μεγάλα
1060 2117 1154 2170 καὶ
1182 2119 1470 2189 ἀπόρρητα
1493 2120 1673 2172 ἐκεῖνα
1707 2135 1884 2190 παρα-

199 2207 404 2275 γέγονε
435 2205 478 2237 ⁸⁸³
519 2204 859 2275 δωρούμενος
902 2205 972 2257 τά
1014 2205 1181 2259 πάλαι
1235 2206 1384 2277 παρά
1431 2207 1541 2260 τῶν
1590 2207 1882 2280 προφητῶν

201 2296 467 2367 ᾀδόμενα,
505 2293 600 2347 καὶ¹
633 2293 733 2361 τῆς
759 2291 1065 2363 εὐπραγίας
1093 2292 1246 2363 ὑμῶν
1274 2293 1574 2365 ἐφέστηκεν
1599 2295 1626 2347 6
1653 2296 1841 2368 καιρός
1863 2313 1878 2326 ·

201 2383 364 2452 ὑμεῖς
394 2381 450 2434 δὲ
477 2379 788 2432 τούναντίον
828 2380 1060 2444 ποιεῖτε,
1096 2380 1158 2432 οὐ
1203 2379 1362 2450 μόνον
1407 2381 1468 2432 οὐ
1506 2381 1785 2453 δεχόμενοι
1816 2385 1884 2438 τὰ

200 2469 412 2538 ἀγαθὰ,
443 2468 579 2522 ἀλλὰ
612 2468 704 2522 καὶ
736 2467 1131 2530 διαϐάλλοντες,
1162 2467 1256 2520 καὶ
1300 2469 1637 2534 συντιθέντες
1663 2472 1763 2524 οὐκ
1790 2473 1882 2526 οῦ-

202 2576 306 2622 σας
341 2556 544 2621 αἰτίας.
581 2557 642 2610 ’0
676 2556 776 2627 μὲν
809 2551 902 2608 οὖν
928 2555 974 2587 ⁵⁸
1002 2555 1278 2619 Ματθαῖός
1308 2573 1472 2627 φησιν
1497 2575 1510 2588 ·
1567 2561 1638 2612 El
1669 2558 1738 2612 δὲ
1770 2560 1883 2631 ἐγὼ

202 2651 274 2704 ἐν
297 2650 599 2719 Πνεύματι
623 2648 770 2702 Θεοῦ
793 2648 1068 2702 ἐκϐάλλω
1085 2664 1097 2678 ·
1123 2650 1150 2700 6
1169 2649 1224 2700 66
1245 2650 1480 2716 Λουκᾶς,
1496 2652 1562 2705 El
1587 2653 1655 2706 δὲ
1684 2654 1797 2723 ἐγὼ
1815 2655 1885 2708 ἐν

202 2737 487 2802 δακτύλῳ
511 2735 658 2790 Θεοῦ
688 2735 960 2790 ἐκϐάλλω
983 2737 1056 2789 τὰ
1075 2736 1349 2806 δαιμόνια
1373 2779 1388 2803 ,
1416 2739 1630 2803 δεικνὺς
1671 2741 1752 2794 ὅτι
1790 2760 1885 2812 με-

202 2826 402 2896 γίστης
433 2824 715 2894 δυνάμεως
743 2823 901 2893 ἔργον
927 2824 1042 2876 ἐστὶ
1063 2825 1124 2877 τὸ
1148 2824 1414 2895 δαίμονας
1432 2827 1713 2881 ἐκϐάλλειν
1731 2871 1745 2894 ,
1789 2831 1884 2884 καὶ

203 2915 266 2967 οὐ
287 2915 392 2985 τῆς
419 2902 688 2984 τυχούσης
717 2912 954 2982 χάριτος.
995 2911 1107 2966 Καὶ
1138 2911 1382 2982 βούλεται
1417 2915 1515 2986 μὲν
1546 2916 1656 2970 ἀπὸ
1683 2916 1887 2971 τούτων

207 3000 634 3070 συλλογίσασθαι
678 3000 774 3053 καὶ
807 3002 1005 3064 εἰπεῖν,
1039 3000 1120 3053 ὃτι
1151 3001 1211 3055 Εἰ
1236 3000 1292 3053 δὲ
1321 3001 1479 3055 τοῦτό
1519 3005 1688 3067 ἐστιν,
1719 3006 1830 3077 ἄρα
1860 3008 1889 3059 6

207 3091 338 3153 Υἱὸς
365 3090 460 3142 τοῦ
490 3087 626 3142 Θεοῦ
659 3088 1048 3157 παραγέγονεν.
1095 3087 1255 3140 ’Λλλά
1289 3089 1444 3142 τοῦτο
1496 3090 1594 3158 μὲν
1628 3093 1687 3143 οὺ
1719 3093 1886 3160 λέγει,

210 3176 690 3246 συνεσκιασμένως
709 3175 790 3238 δὲ,
813 3175 906 3226 καλ⁸
926 3175 1002 3236 ὼς
1025 3174 1254 3236 ἐκείνοις
1281 3176 1587 3245 ἀνεπαχθὲς
1615 3173 1703 3246 ἦν,
1722 3180 1890 3232 αἰνίτ-

212 3282 357 3318 τεται
388 3263 537 3333 αὐτῷ
563 3262 735 3330 λέγων
754 3278 768 3292 ο
800 3263 940 3328 Ἄρα
964 3259 1231 3328 ἔφθασεν
1247 3261 1338 3330 ἐφ’
1362 3262 1518 3330 ὑμᾶς
1540 3263 1692 3336 [M7]
1719 3265 1756 3333 ἡ
1775 3266 1890 3330 βα-

203 3354 415 3407 σιλειά
444 3350 548 3404 τοῦ
579 3347 748 3402 Θεοῦ.
777 3344 931 3410 Εἶδες
957 3347 1273 3418 περιουσίαν
1303 3350 1494 3416 σοφίας
1519 3367 1532 3415 ;
1564 3354 1642 3404 Δι’
1671 3347 1745 3408 ὧν
1770 3355 1887 3408 ἐνε-

209 3443 434 3502 κάλουν,
471 3437 559 3491 διὰ
589 3436 793 3490 τούτων
821 3435 1018 3500 ἔδειξεν
1048 3435 1212 3489 αὐτοῦ
1233 3436 1332 3507 τὴν
1361 3440 1663 3508 παρουσίαν
1685 3441 1891 3512 ἐκλάμ⁴

210 3545 445 3582 πουσαν.
465 3521 597 3579 Εἶτα
630 3525 717 3577 ἵνα
746 3523 1131 3594 ἐφελκύσηται,
1155 3524 1254 3576 οὐκ
1270 3520 1421 3577 εἶπεν
1453 3526 1656 3592 ἁπλῶς,
1681 3529 1888 3596 Ἔφθα-

212 3635 302 3670 σεν
326 3617 360 3688 ή
385 3613 652 3685 βασιλεία,
676 3611 792 3664 ἀλλ’
831 3610 922 3679 ἐφ’
963 3603 1120 3679 ὑμᾶς
1149 3628 1161 3639 ⁸
1205 3611 1403 3666 ὠσανεὶ
1430 3613 1612 3683 ἔλεγεν
1639 3618 1684 3650 ⁸³
1701 3633 1714 3648 ο
1732 3617 1888 3687 Ὑμῖν

210 3706 336 3774 ἥκει
352 3705 422 3758 τά
445 3700 651 3770 ἀγαθά·
679 3698 819 3754 διατί
841 3693 933 3751 οὖν
954 3698 1090 3768 πρὸς
1111 3698 1178 3750 τά
1198 3701 1374 3753 οἰκεῖα
1401 3701 1541 3755 καλὰ
1565 3703 1745 3776 ἀηδῶς
1781 3705 1890 3759 διά-

210 3791 396 3845 κεισθε
416 3807 430 3856 ;
449 3788 588 3842 διατί
608 3789 673 3858 τῇ
693 3788 721 3840 ὑ
729 3785 845 3857 μῶν
867 3784 1046 3838 αὐτῶν
1063 3786 1109 3816 ⁸⁰
1124 3785 1409 3856 πολεμεῖτε
1434 3791 1676 3861 σωτηρίᾳ
1694 3809 1707 3858 ;
1723 3786 1889 3856 Οὗτος

214 3881 424 3940 ἐκεῖνος
443 3879 470 3930 6
487 3875 697 3947 καιρὸς,
716 3874 774 3926 ὃν
796 3873 962 3927 πάλαι
985 3871 1284 3943 προῦλεγον
1321 3876 1370 3927 οί
1395 3875 1668 3946 προφῆται
1683 3896 1698 3910 ·
1732 3879 1889 3932 τοῦτο

213 3968 272 4020 τὸ
299 3967 526 4037 σημεῖον
548 3964 644 4032 τῆς
665 3961 968 4031 παρουσίας
983 3960 1084 4029 τῆς
1107 3962 1234 4031 παρ’
1258 3963 1436 4015 αὐτῶν
1454 3963 1718 4036 ᾀδομένης
1741 3967 1808 4031 ει,
1829 3966 1889 4019 τὸ

214 4055 386 4109 ταῦτα
429 4049 674 4120 γίνεσθαι
702 4049 822 4118 θείᾳ
845 4048 1092 4118 δυνάμει.
1129 4049 1249 4100 Ὀτι
1275 4050 1372 4118 μὲν
1403 4050 1511 4120 γὰρ
1538 4052 1765 4120 γίνεται,
1797 4056 1889 4107 καὶ

216 4143 369 4211 ὑμεῖς
401 4140 516 4192 ἴστε
537 4154 549 4166 ·
574 4139 652 4191 ὅτι
698 4137 754 4189 δέ
797 4135 917 4206 θείᾳ
941 4135 1163 4204 δυνάμει
1203 4135 1432 4202 γίνεται,
1460 4139 1530 4191 τὰ
1587 4143 1888 4213 πράγματα

217 4224 334 4295 βοᾷ.
382 4222 519 4277 Οῠτε
552 4221 660 4292 γὰρ
685 4219 908 4273 δυνατὸν
943 4219 1186 4272 Σατανᾶν
1213 4220 1555 4291 ἰσχυρότερον
1586 4219 1726 4277 εἶναι
1770 4225 1886 4293 νῦν,

214 4310 327 4364 ἀλλ’
361 4308 578 4377 ἀνάγκη
615 4307 762 4359 πᾶσα
793 4304 994 4374 ἀσθενῆ
1015 4321 1028 4333 ·
1067 4305 1153 4358 τὸν
1173 4305 1230 4358 δὲ
1253 4305 1584 4362 ἀσθενοῦντα
1607 4309 1708 4362 οὐκ
1743 4309 1888 4366 ἔστιν

207 4393 288 4458 ιὼς
327 4390 548 4462 ἰσχυρὸν
585 4388 866 4442 ἐκϐάλλειν
917 4388 1009 4442 τὸν
1057 4388 1276 4460 ἰσχυρὸν
1332 4389 1581 4460 δαίμονα.
1619 4393 1804 4448 Ταῦτα,
1833 4395 1888 4448 δὲ

213 4481 391 4549 ἔλεγε,
419 4481 517 4548 τῆς
535 4475 754 4546 ἀγάπης
780 4475 992 4537 δεικνὺς
1019 4477 1117 4548 τὴν
1152 4476 1398 4547 δύναμιν,
1433 4478 1525 4530 καὶ
1545 4481 1644 4550 τῆς
1673 4479 1889 4533 διαστάο

216 4582 356 4628 σεως
403 4563 497 4616 καὶ
526 4563 623 4631 τῆς
670 4560 999 4629 φιλονεικίας
1028 4562 1126 4632 τὴν
1150 4560 1451 4615 ἀσθένειαν.
1483 4562 1574 4616 Διὸ
1606 4564 1698 4616 καὶ
1729 4564 1888 4628 αὐτὸς

219 4646 458 4716 συνεχῶς
509 4647 620 4707 τοῖς
677 4643 943 4714 μαθηταῖς
986 4643 1098 4697 ἀνω
1143 4644 1237 4696 καὶ
1283 4643 1433 4696 κάτω
1492 4646 1621 4716 περὶ
1666 4645 1890 4717 ἀγάπης

219 4731 473 4801 παρῄνει,
509 4727 602 4780 καὶ
626 4727 706 4780 ὅτι
761 4729 788 4780 6
826 4726 1070 4790 διάϐολος
1125 4729 1262 4797 ὑπὲρ
1298 4727 1390 4780 τοῦ
1428 4727 1630 4798 ταύτην
1678 4728 1886 4782 ἀνελεῖν

219 4815 397 4867 πάντα
429 4813 591 4866 ποιεῖ.
639 4811 824 4864 Εἰπὼν
862 4811 1038 4864 τοίνυν
1086 4810 1184 4882 τὴν
1208 4809 1465 4881 δευτέραν
1488 4810 1664 4876 λύσιν,
1691 4814 1887 4882 ἐπάγει

221 4897 312 4950 καὶ
349 4897 541 4967 τρίτην
561 4897 607 4927 ⁶²
638 4896 778 4949 οὕτω
803 4895 976 4963 λέγων
997 4910 1008 4923 ·
1040 4893 1175 4960 Πῶς
1193 4893 1444 4948 δύναται
1471 4912 1561 4961 τις
1591 4899 1890 4952 εἰσελθεῖν

218 4981 306 5046 εἰς
337 4982 453 5044 τὴν
499 4979 695 5032 οἰκίαν
750 4977 856 5032 τοῦ
913 4978 1189 5047 ἰσχυροῦ,
1236 4979 1334 5032 καί
1361 4980 1432 5032 τὰ
1470 4980 1663 5047 σκεύη
1700 4981 1887 5035 αὐτοῦ

221 5061 567 5131 διαρπάσαι,
595 5062 703 5115 ἐὰν
725 5061 810 5130 μὴ
857 5061 1094 5128 πρῶτον
1141 5061 1300 5130 δήσῃ
1343 5062 1449 5116 τὸν
1475 5061 1750 5132 ἰσχυρὸν,
1789 5063 1888 5118 καὶ

221 5147 351 5200 τότε
398 5146 469 5200 τὰ
505 5145 697 5210 σκεύη
753 5143 938 5197 αὐτοῦ
983 5142 1319 5212 διαρπάσῃ;
1359 5144 1478 5198 Ὅτι
1526 5145 1624 5215 μὲν
1655 5144 1763 5216 γὰρ
1789 5146 1889 5198 οὐκ

222 5233 452 5305 ἐγχωρεῖ
485 5235 728 5298 Σατανᾶς
749 5233 989 5285 Σατανᾶν
1017 5232 1319 5298 ἐκϐάλλειν,
1341 5233 1494 5304 δῆλον
1516 5235 1581 5288 ἐκ
1605 5234 1712 5287 τῶν
1740 5235 1888 5306 εἰρη-

226 5319 398 5388 μένων
419 5337 430 5350 ·
469 5324 549 5374 ὅτι
581 5320 637 5374 δὲ
669 5320 787 5374 οὐδὲ
814 5319 988 5385 ἄλλως
1016 5321 1063 5352 ⁵³
1087 5319 1312 5373 δυνατὸν
1334 5321 1638 5388 ἐκϐάλλειν,
1688 5321 1782 5375 ἐάν
1812 5323 1888 5393 μὴ

1348 233 1420 289 IN
1452 229 1864 288 .IIA'I‘TlI/EUM
1904 227 2130 287 IIOMIL.
2172 233 2306 290 XLI.
2349 247 2421 288 an.
2463 230 2620 289 XLII.

3518 239 3634 295 με

1972 349 2237 418 πρότερον
2269 348 2483 402 ἐκείνου
2515 348 2909 417 περιγένηται,
2953 347 3049 402 καί
3077 346 3238 401 τοῦτο
3283 348 3451 402 πᾶσίν
3484 352 3635 406 ἐστιν

1972 435 2416 507 ὡμολογημένον.
2444 437 2510 489 Τί
2530 433 2624 490 οὖν
2645 437 2708 488 ἐκ
2728 435 2936 488 τούτων
2957 435 3273 489 συνίσταται
3295 452 3312 502 ;
3337 437 3408 489 Τὸ
3428 439 3637 508 ἐμπρομ

1968 525 2104 598 ,σθεν
2131 525 2423 596 εἰρημένον
2450 523 2590 596 μετά
2613 525 2859 588 πλείονος
2881 525 2980 596 τῆς
3007 526 3350 596 περιουσίας.
3371 527 3637 582 Τοσοῦτον

1973 613 2085 682 γάρ
2107 613 2318 683 ἀπέχω,
2347 613 2504 682 φησὶ,
2529 615 2806 683 συμμάχω
2834 612 3145 683 χρήσασθαι
3169 613 3246 684 τῷ
3271 612 3522 685 διαϐόλῳ,
3553 617 3634 671 ὅτι

1976 701 2068 752 καί⁵
2086 698 2308 770 πολεμῶ
2327 702 2420 753 καὶ
2435 699 2642 769 δεσμῶ·
2662 701 2758 753 καί⁸
2772 699 2965 753 τούτου
2981 700 3372 770 τεκμήριον,τδ
3386 704 3454 756 τά
3467 705 3638 774 σκεύη

1980 783 2144 836 αὐτοῦ
2167 781 2485 853 διαρπάσαι.
2509 781 2650 853 Ὅρα
2667 781 2783 845 πῶς
2801 782 3126 848 τούναντίον,
3147 781 3317 855 οὗπερ
3338 786 3654 858 ἐπεχείρουν

1982 871 2176 924 ἐκεῖνοι
2223 868 2648 933 κατασκεύασαι,
2681 869 3084 925 ἀποδείκνυται.
3127 871 3356 924 Ἐκεῖνοι
3405 873 3503 943 μὲν
3546 875 3655 946 γάρ

1984 958 2269 1012 ἐϐούλοντο
2319 956 2515 1021 δεῖξαι,
2549 956 2626 1010 ὅτι
2667 957 2766 1009 ούκ
2797 955 2902 1028 ίδίᾳ
2930 957 3157 1028 δυνάμει
3187 959 3435 1014 ἐκϐάλλει
3464 961 3655 1033 δαίμο-

1981 1062 2107 1109 νας*
2159 1042 2321 1107 αὐτὸς
2376 1044 2432 1096 66
2472 1042 2768 1107 δείκνυσιν,
2806 1045 2886 1096 ὅτι
2916 1046 2978 1097 οὐ
3011 1044 3172 1114 μόνον
3202 1047 3328 1109 τοὺς
3370 1047 3652 1118 δαίμονας,

1981 1133 2118 1186 ἀλλὰ
2148 1133 2239 1186 καὶ
2269 1131 2433 1185 αὐτὸν
2452 1131 2544 1184 τὸν
2569 1131 2881 1202 ἀρχηγέτην
2911 1131 3047 1202 μετὰ
3063 1132 3260 1203 πολλῆς
3284 1134 3384 1204 τῆς
3405 1133 3656 1199 ἐξουσίας

1979 1220 2257 1290 δεδεμένον
2287 1218 2418 1290 ἔχει,
2451 1219 2546 1273 καὶ
2569 1219 2778 1271 ἐκείνου
2811 1219 2918 1290 πρὸ
2950 1219 3156 1273 τούτων
3207 1221 3508 1290 ἐκράτησεν
3549 1223 3655 1294 ἰδίᾳ

1980 1308 2206 1378 δυνάμει
2226 1323 2239 1337 ο
2271 1309 2366 1360 καὶ
2387 1305 2544 1377 δῆλον
2592 1306 2700 1360 ἀπὸ
2747 1306 2854 1359 τῶν
2894 1307 3209 1378 γινομένων.
3243 1309 3306 1362 EI
3341 1308 3448 1379 γὰρ
3495 1310 3524 1362 6
3558 1310 3656 1380 μὲν

1981 1395 2163 1466 ἄρχων
2218 1394 2383 1460 ἐστὶν,
2433 1395 2481 1446 οἱ
2523 1394 2579 1446 δὲ
2633 1393 2977 1448 ὑπόκεινταιο
3012 1394 3130 1458 πῶς
3181 1394 3267 1458 ἂν,
3323 1396 3532 1449 ἐκείνου
3581 1396 3656 1468 μὴ

1981 1482 2322 1554 ἡττηθέντος,
2385 1481 2519 1554 μηδέ
2568 1481 2980 1551 ὑποκύψαντος,
3045 1478 3188 1536 οὗτοι
3240 1483 3655 1554 διηρπάγησανς

1999 1555 2259 1624 Ἐνταῦθα
2285 1571 2340 1624 δέ
2375 1587 2463 1640 μοι
2490 1569 2585 1623 καὶ¹
2608 1570 2911 1640 προφητεία
2940 1569 3086 1623 δοκεῖ
3107 1571 3166 1623 τὸ
3185 1571 3470 1640 λεγόμενον
3495 1567 3654 1625 εἶναι.

1987 1662 2062 1715 Ού
2100 1661 2210 1732 γάρ
2255 1661 2319 1730 δὴ
2353 1660 2515 1730 μόνον
2539 1660 2588 1712 οί
2613 1659 2863 1730 δαίμονες
2901 1658 3068 1730 σκεύη
3094 1659 3187 1712 τοῦ
3221 1659 3488 1724 διαϐόλου,
3523 1659 3659 1713 ἀλλά

1986 1750 2079 1804 καὶ
2111 1751 2159 1802 οἰ
2183 1748 2253 1801 τά
2283 1748 2492 1801 ἐκείνου
2534 1747 2866 1817 πράττοντες
2914 1746 3208 1818 ἄνθρωποι.
3246 1745 3433 1816 Δηλῶν
3477 1747 3658 1800 τοίνυν

1985 1837 2066 1890 ὅτι
2087 1836 2147 1889 οὐ
2181 1834 2440 1904 δαίμονας
2470 1833 2720 1886 ἐκϐάλλει
2767 1834 2949 1904 μόνον,
2992 1832 3130 1887 ἀλλά
3173 1834 3266 1887 καὶ
3303 1832 3402 1905 τὴν
3449 1833 3658 1902 πλάνην

1984 1924 2083 1990 τῆς
2108 1921 2430 1992 οἰκουμένης
2459 1921 2677 1974 ἃπασαν
2710 1920 3007 1986 ἀπελάσει,
3047 1921 3141 1975 καὶ
3189 1921 3288 1984 τὰς
3323 1921 3659 1992 μαγγανείας

1985 2009 2149 2064 αὐτοῦ
2178 2011 2225 2041 ⁸⁵
2257 2007 2586 2068 καταλύσει,
2642 2007 2737 2060 καὶ
2801 2008 2978 2060 πάντα
3034 2007 3280 2078 ἄχρηστα
3339 2008 3554 2079 ποιήσει
3590 2010 3660 2062 τὰ

1987 2096 2215 2156 ἐκείνου,
2250 2095 2421 2148 ταῦτα
2461 2096 2668 2165 εἴρηκε.
2698 2094 2809 2148 Καὶ
2837 2095 2936 2146 οὐκ
2966 2087 3140 2158 εἶπεν,
3179 2095 3462 2164 ’Λρπάσει,
3500 2093 3657 2161 ἀλλά,

1987 2183 2337 2253 Διαρπὰσειο
2372 2183 2432 2236 τὸ
2465 2185 2578 2253 μετ’
2605 2181 2853 2246 ἐξουσίας
2878 2181 3161 2252 γινόμενον
3179 2169 3374 2252 δηλῶν.

2059 2323 2128 2393 γ’.
2181 2323 2417 2395 ’ἰσχυρὸν
2477 2322 2535 2375 δέ
2584 2322 2746 2375 αὐτὸν
2788 2320 2963 2386 καλεῖ,
3029 2322 3129 2376 οὐκ
3178 2323 3363 2394 ἐπειδὴ
3404 2326 3469 2395 τῇ
3501 2324 3659 2393 φύσει

1987 2412 2226 2475 τοιοῦτός
2249 2413 2364 2464 ἐστι
2388 2426 2401 2439 °
2443 2409 2517 2480 μὴ
2555 2409 2765 2476 γένοιτο
2785 2425 2799 2440 ο
2829 2408 2969 2462 ἀλλά
3006 2408 3105 2480 τὴν
3146 2409 3453 2482 ἔμπροσθεν
3482 2412 3657 2482 δηλῶν

1987 2498 2297 2570 τυραννίδα,
2333 2496 2430 2566 τὴν
2461 2498 2524 2548 ἐκ
2547 2498 2643 2566 τῆς
2670 2494 2945 2566 ῥᾳθυμίας
2974 2497 3068 2567 τῆς
3111 2497 3384 2569 ἡμετέρας
3431 2515 3657 2570 γεγενη-

1993 2586 2179 2658 μένην.
2198 2585 2252 2636 ’0
2268 2578 2353 2652 μὴ
2381 2583 2465 2636 ὢν
2483 2581 2634 2654 [448]
2661 2583 2790 2650 μετ’
2811 2583 2975 2650 ἐμοῦ,
3000 2585 3126 2636 κατ’
3156 2585 3302 2652 ἐμοῦ
3330 2586 3480 2638 ἐστι·
3505 2584 3602 2640 καί
3627 2589 3659 2640 ὁ

1983 2673 2068 2742 μὴ
2101 2671 2382 2740 συνάγων
2397 2669 2525 2738 μετ’
2555 2669 2699 2738 ἐμοῦ
2718 2710 2732 2731 ,
2775 2670 3101 2737 σκορπίζει.
3143 2671 3271 2723 Ἰδοὺ
3304 2673 3396 2725 καὶ
3423 2673 3658 2744 τετάρτη

1988 2760 2159 2822 λύσις.
2193 2758 2258 2810 Τί
2291 2757 2398 2828 γὰρ
2429 2755 2537 2824 ἐγὼ
2560 2755 2855 2826 βούλομαι;
2889 2758 3042 2826 φησί.
3077 2755 3166 2826 Τῷ
3189 2757 3305 2828 Θεῷ
3344 2759 3658 2829 προσάγειν,

1990 2846 2188 2918 ἀρετὴν
2218 2846 2508 2908 διδάσκειν,
2545 2844 2820 2914 βασιλείαν
2869 2844 3275 2913 καταγγέλλειν.
3310 2846 3374 2899 Τί
3398 2847 3452 2899 δὲ
3486 2849 3513 2900 6
3551 2847 3656 2902 διά-

1991 2935 2144 2998 ϐολος
2164 2934 2256 2987 καὶ
2288 2935 2336 2986 οἰ
2363 2933 2646 3003 δαίμονες;
2679 2933 2948 2986 Τάναντία
2983 2932 3212 2998 τούτοις.
3254 2933 3378 2998 Πῶς
3400 2929 3491 2988 οῦν
3516 2936 3543 2986 6
3587 2939 3659 3009 μή

1993 3025 2110 3097 μετ’
2141 3022 2276 3093 ἐμοῦ
2313 3023 2589 3090 συνάγων,
2614 3021 2748 3090 μηδέ
2784 3022 3057 3092 μετ’ἐμοῦ
3093 3023 3186 3086 ὢν,
3222 3025 3346 3092 ἐμοὶ
3387 3027 3671 3096 συμπράτ-

1989 3129 2101 3163 τειν
2133 3109 2352 3178 ἔμελλες
2386 3109 2496 3161 Καὶ
2522 3107 2572 3160 τί
2619 3107 2762 3176 λέγω
2793 3109 3197 3177 συμπράττειν;
3232 3112 3549 3166 Τούναντίον
3583 3113 3671 3177 δὲ,

1991 3199 2085 3251 καὶ
2109 3195 2420 3267 σκορπίζειν
2445 3193 2592 3263 αὐτῷ
2623 3193 2885 3263 ἐπιθυμία
2919 3194 2985 3247 τά
3011 3196 3139 3266 ἐμά.
3168 3197 3224 3248 ’0
3257 3198 3433 3250 τοίνυν
3459 3201 3533 3270 μὴ
3568 3201 3663 3270 μό-

1990 3301 2079 3337 νον
2133 3281 2210 3352 μὴ
2232 3282 2278 3312 ⁸⁵
2315 3279 2702 3350 συμπράττων,
2749 3278 2884 3333 ἀλλὰ
2928 3280 3020 3332 καὶ
3069 3282 3397 3352 σκορπίζων,
3452 3285 3568 3347 πῶς
3597 3285 3663 3346 ἂν

1991 3368 2262 3437 τοσαύτην
2291 3367 2426 3437 πρὸς
2453 3368 2551 3435 ἐμὲ
2570 3365 2822 3435 ὁμόνοιαν
2849 3367 3178 3433 ἐπεδείξατο,
3205 3367 3346 3422 ῶστε
3379 3371 3495 3440 μετ’
3529 3373 3666 3442 ἐμοῦ

1990 3456 2115 3518 τοὺς
2129 3454 2390 3523 δαίμονας
2416 3452 2734 3518 ἐκϐάλλειν;
2766 3452 2937 3507 Τοῦτο
2965 3453 3021 3506 δέ
3053 3455 3114 3508 ού
3145 3456 3272 3525 περὶ
3305 3456 3399 3508 τοῦ
3420 3458 3666 3516 διαϐόλου

1996 3539 2174 3611 μόνον,
2217 3538 2352 3592 ἀλλά
2396 3539 2490 3591 καὶ
2519 3538 2680 3591 αὑτὸν
2731 3540 2860 3609 περὶ
2903 3539 3096 3593 ἐαυτοῦ
3147 3542 3295 3605 εἰκὸς
3337 3543 3669 3602 ὑποπτεύειν

1993 3626 2292 3698 εἰρηκέναι,
2334 3624 2408 3687 ὡς
2433 3624 2528 3676 καὶ
2543 3624 2589 3655 ⁸⁶
2613 3623 2754 3677 κατὰ
2781 3624 2873 3677 τοῦ
2897 3624 3142 3679 διαϐόλου
3173 3625 3344 3690 ὄντος.
3378 3628 3471 3680 καὶ
3500 3645 3653 3700 6x09-

1993 3714 2241 3778 πίζοντος
2288 3712 2356 3766 τά
2388 3711 2614 3764 ἐκείνου.
2663 3712 2773 3764 Καὶ
2818 3711 2962 3776 πῶς,
3006 3713 3190 3783 φησὶν,
3242 3715 3270 3765 6
3321 3714 3394 3786 μὴ
3428 3714 3502 3770 ὢν
3549 3721 3664 3787 μετ’

1992 3802 2148 3872 ἐμοῦ,
2183 3801 2303 3854 κατ’
2329 3798 2463 3869 ἐμοῦ
2493 3801 2644 3852 ἐστιν
2677 3799 2752 3863 ⁸⁷;
2785 3799 2945 3869 Αὐτῷ
2968 3799 3144 3871 τούτῳ
3171 3800 3250 3871 τῷ
3284 3803 3356 3872 μὴ
3390 3804 3654 3872 συνάγειν.

1991 3889 2055 3942 EI
2083 3888 2140 3941 66
2182 3886 2341 3940 τοῦτο
2370 3887 2586 3957 ἀληθὲς,
2613 3885 2793 3954 πολλῷ
2834 3886 3034 3955 μᾶλλον
3067 3887 3095 3937 6
3135 3889 3252 3939 κατ’
3275 3889 3438 3941 αὑτοῦ
3472 3889 3568 3944 ὢν.
3599 3892 3663 3946 ΕΞ

1990 3977 2096 4047 γὰρ
2119 3977 2148 4028 ὁ
2169 3975 2245 4044 μὴ
2276 3973 2662 4044 συμπράττων,
2685 3971 2896 4042 ἐχθρὸς,
2922 3971 3100 4041 πολλῷ
3123 3974 3322 4041 μᾶλλον
3343 3976 3370 4027 ὁ
3391 3975 3656 4046 πολεμῶν.

1991 4058 2176 4114 Ταῦτα
2207 4060 2264 4112 δέ
2313 4059 2489 4112 πάντα
2544 4057 2714 4126 λέγει,
2749 4057 2836 4111 ἵνα
2872 4057 3021 4130 δείξῃ
3059 4057 3257 4129 πολλὴν
3302 4060 3466 4114 αὑτοῦ
3525 4062 3664 4133 πρὸς

1989 4149 2081 4202 τὸν
2117 4146 2360 4201 διάϐολον
2397 4145 2495 4216 τὴν
2525 4145 2721 4216 ἔχθραν
2751 4144 2845 4197 καὶ
2892 4146 3097 4214 ἄφατον
3137 4141 3322 4202 οὖσαν.
3369 4148 3504 4202 Εἰπὲ
3555 4150 3660 4222 γάρ

1993 4251 2101 4305 μοι,
2142 4234 2190 4286 εἰ
2227 4232 2334 4285 δέοι
2357 4231 2464 4284 τινὶ
2493 4231 2819 4302 πολεμῆσαι,
2837 4233 2866 4285 6
2889 4231 2963 4302 μὴ
2986 4232 3304 4304 βουλόμενός
3332 4251 3412 4287 σοι
3443 4253 3652 4306 συμμα-

1989 4322 2175 4392 χῆσαι,
2219 4318 2368 4389 αὐτῷ
2397 4318 2572 4390 τούτῳ
2597 4319 2697 4371 ούκ
2723 4319 2837 4372 ἐστι
2889 4318 3026 4372 κατά
3058 4321 3186 4383 σοῦ;
3234 4321 3297 4373 Εἰ
3330 4321 3386 4374 δέ
3427 4322 3664 4394 ἀλλαχοῦ

1991 4425 2175 4479 φησιν,
2212 4407 2264 4459 '0
2293 4405 2378 4476 μὴ
2422 4403 2506 4459 ὢν
2533 4407 2664 4461 καθ’
2710 4405 2896 4476 ὑμῶν,
2928 4407 3079 4474 ὑπὲρ
3123 4407 3291 4476 ὑμῶν
3328 4409 3518 4473 ἐστιν,
3562 4414 3664 4464 οὐκ

1988 4496 2132 4550 ἐστιν
2177 4495 2416 4548 ἐναντίον
2441 4494 2632 4565 τούτῳ.
2677 4494 2946 4549 Ἐνταῦθα
2986 4494 3095 4566 γὰρ
3131 4495 3297 4562 ἔδειξε
3333 4499 3450 4549 κατ’
3484 4498 3660 4550 αὐτῶν

1988 4579 2137 4642 ὄντα.
2169 4579 2285 4632 ἐκεῖ
2310 4577 2366 4631 δὲ
2410 4578 2681 4632 δείκνυσιν
2724 4581 2782 4630 ἐν
2817 4580 2970 4649 μέρει
2999 4582 3116 4646 μετ’
3150 4578 3327 4630 αὐτῶν
3358 4579 3516 4631 ὄντα⁸
3567 4580 3653 4634 Ἐν

1989 4662 2097 4734 γάρ
2123 4661 2202 4726 τῷ
2233 4660 2479 4730 ὀνόματί
2509 4677 2644 4725 σου,
2668 4661 2852 4732 φησὶν.
2872 4659 3240 4714 ἐκϐάλλουσι
3267 4660 3340 4714 τὰ
3365 4659 3654 4729 δαιμόνια.

2003 4747 2156 4817 Ἐμοὶ
2176 4745 2233 4798 66
2260 4745 2409 4798 δοκεῖ
2431 4744 2663 4798 ἐνταῦθα
2698 4745 2791 4796 καὶ
2826 4742 3109 4806 Ἰουδαίους
3143 4742 3493 4805 αἰνίττεσθαι,
3525 4747 3663 4814 μετά

1988 4828 2081 4883 τοῦ
2127 4827 2370 4882 διαϐόλου
2427 4829 2626 4897 στήσας
2663 4826 2878 4890 αὐτούς.
2930 4827 3038 4879 Καὶ
3089 4826 3198 4896 γὰρ
3226 4825 3320 4878 καὶ
3352 4827 3505 4880 αὐτοὶ
3539 4827 3659 4881 κατ’

1988 4910 2154 4965 αὑτοῦ
2190 4906 2352 4980 ἦσαν,
2389 4908 2482 4962 καὶ
2513 4907 2836 4978 ἐσκόρπιζον
2866 4909 2902 4962 ἀ
2932 4908 3239 4977 συνήγαγεν
3267 4909 3337 4966 ⁸⁸.
3387 4909 3508 4964 Ὀτι
3553 4911 3662 4981 γὰρ

1989 4996 2084 5047 καὶ
2122 4993 2318 5056 αὐτοὺς
2340 4993 2604 5062 ᾐνίττετο,
2645 4991 2911 5062 ἐδήλωσεν
2940 4990 3113 5055 οὕτως
3136 4991 3326 5046 εἰπών’
3363 4993 3466 5046 Διὰ
3486 4993 3662 5046 τοῦτο

1987 5075 2144 5144 λέγω
2170 5073 2335 5144 ὑμῖν,
2371 5073 2461 5126 ὅτι
2493 5073 2663 5128 πᾶσα
2698 5075 2956 5144 ἁμαρτία
2986 5075 3085 5129 καὶ
3126 5075 3493 5144 ,βλασφημία
3546 5077 3659 5142 ἀρ-

1989 5159 2268 5227 εθήσεται
2295 5156 2420 5222 τοῖς
2448 5155 2798 5224 ἀνθρώποις.
2840 5156 3060 5229 Ἐπειδὴ
3110 5158 3218 5230 γάρ
3264 5159 3659 5228 ἀπελογήσατο,

1990 5243 2085 5297 καὶ
2112 5241 2207 5313 τὴν
2238 5239 2506 5295 ἀντίθεσιν
2541 5241 2719 5308 ἐλυσε,
2742 5242 2839 5312 καὶ
2867 5242 3146 5309 ἀπέδειξεν
3176 5241 3662 5312 ἀναισχυντοῦντας

1995 5325 2190 5397 μάτην,
2234 5323 2388 5393 φοϐεῖ
2411 5323 2614 5379 λοιπόν.
2642 5325 2752 5379 Καὶ
2777 5324 2885 5396 γάρ
2943 5325 3037 5378 καὶ
3066 5323 3223 5377 τοῦτο
3252 5321 3564 5392 συμϐουλῆς
3601 5325 3660 5376 ού

289 5429 332 5517 έδ
369 5431 476 5517 μρι]
501 5432 622 5501 ἐμοί
743 5429 1050 5517 ﬂuviali“.
1082 5431 1362 5517 batvﬁcod.
1397 5430 1780 5517 Sav.?rorsys
1799 5449 1888 5517 on!

2032 5435 2078 5467 ⁵⁸
2095 5435 2187 5489 καὶ
2216 5432 2627 5517 κατεακριινοῦσι]
2654 5435 2898 5517 κρινοῦσι
3022 5431 3114 5517 καί
3143 5431 3575 5517 dgestAeligmrIn

369 5496 440 5532 ’π
462 5496 828 5572 ⁴παραγέγονά
881 5496 1159 5572 Εάιίηιιεήὶ
1195 5500 1290 5556 Ge.
1326 5520 1400 5554 πα

227 5500 320 5568 Ep.
373 5500 828 5572 ’“7‘na9ayéyov'a
881 5501 1012 5555 Edd.
1046 5503 1159 5555 veni
1195 5500 1290 5556 Ge.
1326 5503 1667 5624 παραγέγονε
1701 5505 1832 5572 (om.
1869 5506 2231 5590 δωρούμενος)
2275 5503 2374 5574 Ep.
2398 5500 2538 5560 'Mox
2595 5500 2752 5576 ἡμῶν
2779 5506 2844 5558 Α.
2918 5505 2963 5534 ⁸⁸
2989 5500 3104 5572 οὖν]
3146 5503 3254 5573 γάρ
3287 5501 3351 5553 Α.
3378 5501 3451 5584 .C.
3475 5501 3558 5584 .D.

226 5567 393 5624 1’3qu
425 5583 549 5624 ante
573 5578 668 5624 τάς
695 5575 794 5624 οὐκ
819 5572 984 5624 οῦσας
1011 5571 1136 5624 Sav.
1176 5583 1366 5624 contra
1425 5574 1533 5624 ‘on.
1575 5581 1628 5624 et
1652 5576 1812 5624 codd.
1884 5577 1928 5607 δ’
1958 5576 2158 5624 ὡσανεὶ
2197 5575 2381 5624 ελεγεν
2404 5576 2602 5624 desunt
2644 5578 2694 5624 in
2744 5573 2902 5624 codd.
2939 5584 3138 5624 m'azler
3177 5572 3236 5624 E.
3273 5573 3435 5624 vobis.
3469 5585 3658 5624 mauu.

271 5572 393 5624 :mIo
425 5571 668 5635 οιιιείτάς
695 5575 794 5642 ούκ
819 5572 984 5636 οῦσας
1011 5571 1136 5626 Sav.
1176 5583 1366 5626 contra
1401 5571 1533 5642 Epp.
1575 5581 1628 5627 et
1652 5571 1812 5628 codd.
1884 5579 1888 5601 ‘

1995 5571 2158 5629 ισανεὶ
2197 5571 2381 5642 ἔλεγεν
2404 5571 2694 5631 desunt'In
2744 5573 2902 5628 codd.

2935 5584 3138 5642 praeter
3177 5572 3236 5625 E.
3273 5573 3435 5630 vobis.
3469 5574 3658 5640 inquit.

227 5637 508 5717 Qe._A_rm.
541 5641 789 5717 _IIlox_06v
822 5644 1174 5717 lpelqrjdely
1207 5643 1376 5698 codex
1404 5637 1657 5717 ςιίιὶιιῧῡ1
1691 5646 1756 5717 Ill
1785 5655 1888 5717 crept

1995 5681 1998 5695 ι
2027 5648 2195 5717 deest.
2274 5637 2320 5678 δῖ’
2348 5647 2499 5717 ὑμῶν
2527 5637 3007 5717 αύτῶνὶὺμετέρα
3034 5642 3095 5699 F.
3126 5643 3267 5717 Ep._
3301 5644 3344 5674 ⁵³
3379 5637 3661 5717 διδομένης

229 5707 284 5788 τ
317 5711 646 5788 δηλουμένης
677 5713 737 5788 Di
775 5713 970 5788 ταῦτα]
1001 5712 1224 5788 Si_c_Ge.
1265 5714 1500 5768 τοσαῦτα
1529 5716 1592 5767 Α.
1719 5715 1785 5788 F.
1806 5716 1870 5788 τό

1995 5740 2035 5788 ι.
2069 5715 2128 5771 F.
2282 5707 2607 5788 τὴνίτρίτην-
2633 5718 2695 5767 Α.
2717 5707 3077 5788 ’.ξ’ξκαίὸιη.
3117 5707 3298 5788 ῃιὶ-Ι).
3341 5714 3434 5788 __"
3460 5707 3660 5788 ἄλλως]

231 5775 500 5857 ξίρέίινιιιί
535 5775 670 5857 ὅλως
701 5784 757 5836 Ε.
789 5775 1065 5857 ᾅλλῳίτινί
1100 5784 1195 5854 Ep.
1229 5801 1376 5839 nemo
1406 5795 1576 5857 potest
1605 5784 1703 5839 Gc.
1761 5786 1822 5857 7“
1846 5804 1888 5838 a‘

1995 5785 2038 5857 3]
2080 5788 2171 5841 Sic
2202 5787 2297 5856 Ep.
2326 5775 2416 5840 τοῦ
2444 5775 2690 5857 διαϐόλῳ
2723 5785 2780 5838 Ε,
2818 5856 2826 5857 7
2856 5784 2902 5816 ιι

2947 5785 3020 5855 μή
3047 5799 3153 5839 om.
3197 5783 3257 5838 F.
3338 5785 3384 5816 ⁸⁸
3415 5785 3509 5837 καί
3542 5783 3654 5840 om.

235 5848 293 5901 Α.
328 5849 382 5903 υ.
422 5852 480 5905 ι’.
562 5854 602 5884 ιτ
646 5839 816 5922 ἐςτινι
845 5839 966 5909 ad‘d.
1001 5839 1244 5910 ἀντὶ¹τοῦ
1281 5857 1339 5911 Ε.
1375 5839 1624 5913 ιίκσνν.
1667 5873 1696 5910 ει
1739 5856 1885 5911 Savil

1995 5839 2444 5913 \c’letva‘reérticéivil
2483 5855 2708 5910 Montef.
2787 5856 2832 5888 "
2873 5839 3103 5922 συνῆγεν
3137 5855 3195 5909 Ε.
3231 5855 3290 5910 F.
3319 5855 3481 5911 Eulh.
